timestamp,elapsed_sec,up_bid,up_ask,down_bid,down_ask,up_spread,down_spread,btc_price,btc_oracle_ts
1776177900.683,0.683,0.49,0.5,0.5,0.51,0.01,0.01,75437.28,1776177899000
1776177901.1,1.1,0.5,0.51,0.49,0.51,0.01,0.02,75437.28,1776177899000
1776177901.484,1.484,0.51,0.52,0.48,0.49,0.01,0.01,75437.28,1776177899000
1776177901.876,1.876,0.51,0.52,0.48,0.49,0.01,0.01,75438.98,1776177900000
1776177902.225,2.225,0.51,0.52,0.48,0.49,0.01,0.01,75438.98,1776177900000
1776177902.815,2.815,0.51,0.52,0.48,0.49,0.01,0.01,75433.17,1776177901000
1776177903.15,3.15,0.51,0.53,0.48,0.49,0.02,0.01,75433.17,1776177901000
1776177903.55,3.55,0.52,0.53,0.47,0.48,0.01,0.01,75433.17,1776177901000
1776177903.89,3.89,0.53,0.54,0.46,0.47,0.01,0.01,75437.54,1776177902000
1776177904.253,4.253,0.53,0.55,0.46,0.47,0.02,0.01,75437.54,1776177902000
1776177904.587,4.587,0.59,0.6,0.4,0.41,0.01,0.01,75436.27,1776177903000
1776177904.924,4.924,0.59,0.6,0.4,0.41,0.01,0.01,75436.27,1776177903000
1776177905.291,5.291,0.59,0.6,0.4,0.41,0.01,0.01,75436.27,1776177903000
1776177905.742,5.742,0.56,0.58,0.41,0.44,0.02,0.03,75447.22,1776177904000
1776177906.13,6.13,0.57,0.58,0.42,0.43,0.01,0.01,75447.22,1776177904000
1776177906.493,6.493,0.57,0.58,0.42,0.43,0.01,0.01,75447.22,1776177904000
1776177906.886,6.886,0.57,0.58,0.42,0.43,0.01,0.01,75447.22,1776177904000
1776177907.226,7.226,0.57,0.58,0.42,0.43,0.01,0.01,75456.32,1776177905000
1776177907.591,7.591,0.56,0.57,0.43,0.44,0.01,0.01,75456.32,1776177905000
1776177907.932,7.932,0.56,0.57,0.43,0.44,0.01,0.01,75453.06,1776177906000
1776177908.312,8.312,0.56,0.57,0.43,0.44,0.01,0.01,75453.06,1776177906000
1776177908.667,8.667,0.56,0.57,0.43,0.44,0.01,0.01,75452.68,1776177907000
1776177909.11,9.11,0.56,0.57,0.43,0.44,0.01,0.01,75452.68,1776177907000
1776177909.451,9.451,0.56,0.57,0.43,0.44,0.01,0.01,75452.68,1776177907000
1776177909.791,9.791,0.54,0.55,0.45,0.46,0.01,0.01,75451.67,1776177908000
1776177910.155,10.155,0.52,0.54,0.46,0.48,0.02,0.02,75451.67,1776177908000
1776177910.553,10.553,0.52,0.53,0.47,0.48,0.01,0.01,75450.57,1776177909000
1776177911.215,11.215,0.51,0.53,0.47,0.49,0.02,0.02,75450.27,1776177910000
1776177911.72,11.72,0.51,0.53,0.47,0.49,0.02,0.02,75450.27,1776177910000
1776177912.054,12.054,0.49,0.5,0.48,0.51,0.01,0.03,75450.27,1776177910000
1776177912.398,12.398,0.46,0.48,0.52,0.54,0.02,0.02,75450.27,1776177910000
1776177912.745,12.745,0.46,0.48,0.52,0.54,0.02,0.02,75428.21,1776177911000
1776177913.113,13.113,0.46,0.47,0.53,0.54,0.01,0.01,75428.21,1776177911000
1776177913.456,13.456,0.46,0.47,0.53,0.54,0.01,0.01,75422.78,1776177912000
1776177913.912,13.912,0.46,0.47,0.53,0.54,0.01,0.01,75422.78,1776177912000
1776177914.26,14.26,0.46,0.47,0.53,0.54,0.01,0.01,75422.78,1776177912000
1776177914.718,14.718,0.42,0.44,0.56,0.6,0.02,0.04,75422.78,1776177912000
1776177915.096,15.096,0.41,0.42,0.57,0.59,0.01,0.02,75422.78,1776177912000
1776177915.54,15.54,0.41,0.42,0.58,0.6,0.01,0.02,75403.55,1776177914000
1776177915.939,15.939,0.41,0.42,0.58,0.59,0.01,0.01,75403.55,1776177914000
1776177917.168,17.168,0.41,0.42,0.58,0.59,0.01,0.01,75403.55,1776177914000
1776177917.574,17.574,0.39,0.41,0.59,0.61,0.02,0.02,75391.6,1776177915000
1776177917.955,17.955,0.37,0.4,0.59,0.62,0.03,0.03,75391.6,1776177915000
1776177918.357,18.357,0.33,0.34,0.66,0.67,0.01,0.01,75386.98,1776177916000
1776177918.708,18.708,0.33,0.34,0.66,0.67,0.01,0.01,75386.98,1776177916000
1776177919.077,19.077,0.33,0.34,0.66,0.67,0.01,0.01,75386.98,1776177916000
1776177919.424,19.424,0.33,0.34,0.66,0.67,0.01,0.01,75375.64,1776177917000
1776177919.891,19.891,0.33,0.34,0.66,0.67,0.01,0.01,75375.64,1776177917000
1776177920.378,20.378,0.33,0.34,0.66,0.67,0.01,0.01,75368.43,1776177918000
1776177920.711,20.711,0.33,0.34,0.66,0.67,0.01,0.01,75368.43,1776177918000
1776177921.095,21.095,0.32,0.34,0.66,0.68,0.02,0.02,75361.32,1776177920000
1776177921.531,21.531,0.32,0.33,0.67,0.68,0.01,0.01,75361.32,1776177920000
1776177921.908,21.908,0.32,0.33,0.67,0.68,0.01,0.01,75361.32,1776177920000
1776177922.276,22.276,0.32,0.33,0.67,0.68,0.01,0.01,75360.75,1776177921000
1776177922.74,22.74,0.32,0.33,0.67,0.68,0.01,0.01,75360.75,1776177921000
1776177923.14,23.14,0.32,0.33,0.66,0.68,0.01,0.02,75360.75,1776177921000
1776177923.546,23.546,0.33,0.34,0.66,0.67,0.01,0.01,75356.65,1776177922000
1776177923.895,23.895,0.33,0.34,0.66,0.67,0.01,0.01,75356.65,1776177922000
1776177924.238,24.238,0.33,0.34,0.66,0.67,0.01,0.01,75358.14,1776177923000
1776177924.765,24.765,0.33,0.34,0.66,0.67,0.01,0.01,75358.14,1776177923000
1776177925.099,25.099,0.29,0.3,0.7,0.71,0.01,0.01,75358.14,1776177923000
1776177925.495,25.495,0.29,0.3,0.7,0.71,0.01,0.01,75360.24,1776177924000
1776177925.896,25.896,0.3,0.31,0.69,0.7,0.01,0.01,75360.24,1776177924000
1776177926.259,26.259,0.3,0.31,0.69,0.7,0.01,0.01,75355.27,1776177925000
1776177926.898,26.898,0.3,0.31,0.69,0.7,0.01,0.01,75355.27,1776177925000
1776177927.246,27.246,0.3,0.31,0.69,0.7,0.01,0.01,75356.06,1776177926000
1776177927.592,27.592,0.3,0.31,0.69,0.7,0.01,0.01,75356.06,1776177926000
1776177928.007,28.007,0.3,0.31,0.69,0.7,0.01,0.01,75356.06,1776177926000
1776177928.367,28.367,0.3,0.31,0.69,0.7,0.01,0.01,75353.76,1776177927000
1776177929.161,29.161,0.31,0.32,0.68,0.69,0.01,0.01,75353.76,1776177927000
1776177929.507,29.507,0.33,0.35,0.65,0.67,0.02,0.02,75350.51,1776177928000
1776177929.88,29.88,0.33,0.34,0.66,0.67,0.01,0.01,75350.51,1776177928000
1776177930.215,30.215,0.32,0.34,0.66,0.68,0.02,0.02,75349.16,1776177929000
1776177930.562,30.562,0.32,0.33,0.66,0.68,0.01,0.02,75349.16,1776177929000
1776177930.897,30.897,0.3,0.31,0.69,0.7,0.01,0.01,75349.16,1776177929000
1776177932.19,32.19,0.3,0.31,0.69,0.7,0.01,0.01,75346.8,1776177931000
1776177932.579,32.579,0.3,0.31,0.69,0.7,0.01,0.01,75346.8,1776177931000
1776177932.928,32.928,0.3,0.31,0.69,0.7,0.01,0.01,75346.8,1776177931000
1776177933.486,33.486,0.26,0.27,0.69,0.75,0.01,0.06,75343.62,1776177932000
1776177933.826,33.826,0.26,0.27,0.73,0.74,0.01,0.01,75343.62,1776177932000
1776177934.189,34.189,0.26,0.27,0.73,0.74,0.01,0.01,75333.35,1776177933000
1776177934.538,34.538,0.26,0.27,0.73,0.74,0.01,0.01,75333.35,1776177933000
1776177934.879,34.879,0.26,0.27,0.73,0.74,0.01,0.01,75333.35,1776177933000
1776177935.238,35.238,0.26,0.27,0.73,0.74,0.01,0.01,75327.43,1776177934000
1776177935.578,35.578,0.26,0.27,0.73,0.74,0.01,0.01,75327.43,1776177934000
1776177935.982,35.982,0.26,0.27,0.73,0.74,0.01,0.01,75327.43,1776177934000
1776177936.735,36.735,0.26,0.27,0.73,0.74,0.01,0.01,75323.97,1776177935000
1776177937.215,37.215,0.26,0.27,0.73,0.74,0.01,0.01,75322.19,1776177936000
1776177937.553,37.553,0.26,0.27,0.73,0.74,0.01,0.01,75322.19,1776177936000
1776177938.162,38.162,0.26,0.27,0.73,0.74,0.01,0.01,75323.98,1776177937000
1776177938.581,38.581,0.26,0.27,0.72,0.74,0.01,0.02,75323.98,1776177937000
1776177938.92,38.92,0.27,0.28,0.71,0.73,0.01,0.02,75323.98,1776177937000
1776177939.352,39.352,0.28,0.29,0.71,0.72,0.01,0.01,75325.56,1776177938000
1776177939.751,39.751,0.28,0.31,0.7,0.72,0.03,0.02,75325.56,1776177938000
1776177940.121,40.121,0.29,0.31,0.69,0.71,0.02,0.02,75335.47,1776177939000
1776177940.473,40.473,0.3,0.31,0.69,0.7,0.01,0.01,75335.47,1776177939000
1776177940.816,40.816,0.3,0.31,0.69,0.7,0.01,0.01,75335.47,1776177939000
1776177941.191,41.191,0.28,0.31,0.69,0.72,0.03,0.03,75342.29,1776177940000
1776177942.065,42.065,0.28,0.29,0.71,0.72,0.01,0.01,75342.29,1776177940000
1776177942.42,42.42,0.27,0.28,0.72,0.73,0.01,0.01,75348.36,1776177941000
1776177942.755,42.755,0.26,0.29,0.73,0.74,0.03,0.01,75348.36,1776177941000
1776177943.142,43.142,0.26,0.28,0.72,0.74,0.02,0.02,75333.12,1776177942000
1776177943.486,43.486,0.26,0.28,0.72,0.74,0.02,0.02,75333.12,1776177942000
1776177943.832,43.832,0.26,0.27,0.73,0.74,0.01,0.01,75333.12,1776177942000
1776177944.306,44.306,0.28,0.29,0.71,0.72,0.01,0.01,75327.84,1776177943000
1776177944.653,44.653,0.28,0.29,0.71,0.72,0.01,0.01,75327.84,1776177943000
1776177944.994,44.994,0.28,0.29,0.71,0.72,0.01,0.01,75327.84,1776177943000
1776177945.335,45.335,0.28,0.29,0.71,0.72,0.01,0.01,75328.3,1776177944000
1776177945.668,45.668,0.28,0.29,0.71,0.72,0.01,0.01,75328.3,1776177944000
1776177946.094,46.094,0.28,0.29,0.71,0.72,0.01,0.01,75329.09,1776177945000
1776177946.661,46.661,0.28,0.29,0.71,0.72,0.01,0.01,75329.09,1776177945000
1776177947.101,47.101,0.28,0.29,0.71,0.72,0.01,0.01,75329.09,1776177945000
1776177947.437,47.437,0.28,0.29,0.71,0.72,0.01,0.01,75329.09,1776177945000
1776177947.812,47.812,0.28,0.29,0.71,0.72,0.01,0.01,75326.93,1776177946000
1776177948.186,48.186,0.28,0.29,0.71,0.72,0.01,0.01,75326.93,1776177946000
1776177948.552,48.552,0.28,0.29,0.71,0.72,0.01,0.01,75327.62,1776177947000
1776177948.889,48.889,0.28,0.29,0.71,0.72,0.01,0.01,75327.62,1776177947000
1776177949.264,49.264,0.28,0.29,0.71,0.72,0.01,0.01,75327.62,1776177947000
1776177949.616,49.616,0.28,0.29,0.71,0.72,0.01,0.01,75328.52,1776177948000
1776177949.953,49.953,0.28,0.29,0.71,0.72,0.01,0.01,75328.52,1776177948000
1776177950.357,50.357,0.28,0.29,0.71,0.73,0.01,0.02,75327.24,1776177949000
1776177950.729,50.729,0.28,0.29,0.71,0.72,0.01,0.01,75327.24,1776177949000
1776177951.229,51.229,0.28,0.29,0.71,0.72,0.01,0.01,75327.24,1776177949000
1776177951.571,51.571,0.28,0.29,0.71,0.72,0.01,0.01,75326.6,1776177950000
1776177951.907,51.907,0.28,0.29,0.71,0.72,0.01,0.01,75326.6,1776177950000
1776177952.266,52.266,0.28,0.29,0.71,0.72,0.01,0.01,75326.6,1776177950000
1776177952.622,52.622,0.28,0.29,0.71,0.72,0.01,0.01,75330.09,1776177951000
1776177953.011,53.011,0.28,0.29,0.71,0.72,0.01,0.01,75332.91,1776177952000
1776177953.344,53.344,0.28,0.29,0.71,0.72,0.01,0.01,75332.91,1776177952000
1776177953.697,53.697,0.28,0.29,0.71,0.72,0.01,0.01,75332.91,1776177952000
1776177954.037,54.037,0.28,0.29,0.71,0.72,0.01,0.01,75332.91,1776177952000
1776177954.395,54.395,0.28,0.29,0.71,0.72,0.01,0.01,75332.77,1776177953000
1776177954.774,54.774,0.28,0.29,0.71,0.72,0.01,0.01,75332.77,1776177953000
1776177955.119,55.119,0.28,0.29,0.71,0.72,0.01,0.01,75320.1,1776177954000
1776177955.553,55.553,0.28,0.29,0.71,0.72,0.01,0.01,75320.1,1776177954000
1776177955.97,55.97,0.28,0.29,0.71,0.72,0.01,0.01,75320.1,1776177954000
1776177956.398,56.398,0.28,0.29,0.71,0.72,0.01,0.01,75320.19,1776177955000
1776177956.778,56.778,0.25,0.26,0.73,0.75,0.01,0.02,75320.19,1776177955000
1776177957.315,57.315,0.25,0.26,0.74,0.75,0.01,0.01,75322.8,1776177956000
1776177957.656,57.656,0.25,0.26,0.74,0.75,0.01,0.01,75322.8,1776177956000
1776177957.99,57.99,0.25,0.26,0.74,0.75,0.01,0.01,75322.8,1776177956000
1776177958.348,58.348,0.25,0.26,0.74,0.75,0.01,0.01,75322.8,1776177956000
1776177958.686,58.686,0.25,0.26,0.74,0.75,0.01,0.01,75317.65,1776177957000
1776177959.191,59.191,0.25,0.26,0.74,0.75,0.01,0.01,75313.38,1776177958000
1776177959.636,59.636,0.25,0.26,0.74,0.75,0.01,0.01,75313.38,1776177958000
1776177959.994,59.994,0.25,0.26,0.74,0.75,0.01,0.01,75320.49,1776177959000
1776177960.339,60.339,0.25,0.26,0.74,0.75,0.01,0.01,75320.49,1776177959000
1776177960.698,60.698,0.25,0.26,0.74,0.75,0.01,0.01,75320.49,1776177959000
1776177961.049,61.049,0.25,0.26,0.74,0.75,0.01,0.01,75320.49,1776177959000
1776177961.391,61.391,0.25,0.26,0.74,0.75,0.01,0.01,75319.64,1776177960000
1776177961.745,61.745,0.25,0.26,0.74,0.75,0.01,0.01,75319.64,1776177960000
1776177962.115,62.115,0.25,0.26,0.74,0.75,0.01,0.01,75319.64,1776177960000
1776177962.474,62.474,0.25,0.26,0.74,0.75,0.01,0.01,75319.64,1776177960000
1776177962.902,62.902,0.25,0.26,0.74,0.75,0.01,0.01,75319.64,1776177960000
1776177963.245,63.245,0.25,0.26,0.74,0.75,0.01,0.01,75325.69,1776177961000
1776177963.579,63.579,0.28,0.29,0.71,0.72,0.01,0.01,75326.75,1776177962000
1776177963.919,63.919,0.28,0.29,0.71,0.72,0.01,0.01,75326.75,1776177962000
1776177964.26,64.26,0.28,0.29,0.71,0.72,0.01,0.01,75337.99,1776177963000
1776177964.596,64.596,0.28,0.29,0.71,0.72,0.01,0.01,75337.99,1776177963000
1776177964.936,64.936,0.28,0.3,0.71,0.72,0.02,0.01,75337.99,1776177963000
1776177965.311,65.311,0.28,0.29,0.71,0.72,0.01,0.01,75337.99,1776177963000
1776177965.656,65.656,0.28,0.29,0.71,0.72,0.01,0.01,75355.68,1776177964000
1776177966.095,66.095,0.28,0.29,0.71,0.72,0.01,0.01,75355.68,1776177964000
1776177966.44,66.44,0.28,0.29,0.71,0.72,0.01,0.01,75349.99,1776177965000
1776177966.776,66.776,0.27,0.29,0.71,0.73,0.02,0.02,75349.99,1776177965000
1776177967.179,67.179,0.27,0.29,0.71,0.73,0.02,0.02,75349.99,1776177965000
1776177967.531,67.531,0.27,0.28,0.72,0.73,0.01,0.01,75340.0,1776177966000
1776177967.946,67.946,0.27,0.28,0.72,0.73,0.01,0.01,75340.0,1776177966000
1776177968.28,68.28,0.27,0.28,0.72,0.73,0.01,0.01,75330.91,1776177967000
1776177968.654,68.654,0.27,0.28,0.72,0.73,0.01,0.01,75330.91,1776177967000
1776177969.13,69.13,0.27,0.28,0.72,0.73,0.01,0.01,75330.91,1776177967000
1776177969.476,69.476,0.27,0.28,0.72,0.73,0.01,0.01,75330.91,1776177967000
1776177969.861,69.861,0.27,0.28,0.72,0.73,0.01,0.01,75325.83,1776177968000
1776177970.211,70.211,0.27,0.28,0.72,0.73,0.01,0.01,75325.83,1776177968000
1776177970.578,70.578,0.26,0.27,0.73,0.74,0.01,0.01,75325.99,1776177969000
1776177970.921,70.921,0.26,0.27,0.73,0.74,0.01,0.01,75325.99,1776177969000
1776177971.305,71.305,0.26,0.27,0.73,0.74,0.01,0.01,75325.99,1776177969000
1776177971.965,71.965,0.26,0.27,0.73,0.74,0.01,0.01,75326.32,1776177970000
1776177972.317,72.317,0.26,0.27,0.73,0.74,0.01,0.01,75325.1,1776177971000
1776177972.66,72.66,0.26,0.27,0.73,0.74,0.01,0.01,75325.1,1776177971000
1776177973.557,73.557,0.26,0.27,0.73,0.74,0.01,0.01,75325.1,1776177971000
1776177973.891,73.891,0.24,0.25,0.75,0.76,0.01,0.01,75322.8,1776177972000
1776177974.253,74.253,0.25,0.26,0.74,0.75,0.01,0.01,75322.8,1776177972000
1776177974.844,74.844,0.25,0.26,0.74,0.75,0.01,0.01,75323.64,1776177973000
1776177975.209,75.209,0.25,0.26,0.74,0.75,0.01,0.01,75323.64,1776177973000
1776177975.571,75.571,0.24,0.25,0.74,0.76,0.01,0.02,75323.64,1776177973000
1776177975.933,75.933,0.24,0.25,0.75,0.76,0.01,0.01,75315.57,1776177974000
1776177976.269,76.269,0.22,0.24,0.76,0.78,0.02,0.02,75315.57,1776177974000
1776177976.63,76.63,0.22,0.23,0.77,0.78,0.01,0.01,75312.01,1776177975000
1776177977.033,77.033,0.22,0.23,0.77,0.78,0.01,0.01,75312.01,1776177975000
1776177977.69,77.69,0.22,0.23,0.77,0.78,0.01,0.01,75310.42,1776177976000
1776177978.027,78.027,0.22,0.23,0.77,0.78,0.01,0.01,75310.42,1776177976000
1776177978.396,78.396,0.22,0.23,0.77,0.78,0.01,0.01,75298.87,1776177977000
1776177978.783,78.783,0.22,0.23,0.77,0.78,0.01,0.01,75298.87,1776177977000
1776177979.147,79.147,0.22,0.23,0.77,0.78,0.01,0.01,75298.87,1776177977000
1776177979.51,79.51,0.22,0.23,0.77,0.78,0.01,0.01,75298.87,1776177977000
1776177979.859,79.859,0.22,0.23,0.77,0.78,0.01,0.01,75290.59,1776177978000
1776177980.212,80.212,0.22,0.23,0.77,0.78,0.01,0.01,75290.59,1776177978000
1776177980.554,80.554,0.22,0.23,0.77,0.78,0.01,0.01,75291.84,1776177979000
1776177980.906,80.906,0.22,0.23,0.77,0.78,0.01,0.01,75291.84,1776177979000
1776177981.292,81.292,0.22,0.23,0.77,0.78,0.01,0.01,75291.86,1776177980000
1776177982.116,82.116,0.22,0.23,0.77,0.78,0.01,0.01,75291.86,1776177980000
1776177982.874,82.874,0.22,0.25,0.75,0.78,0.03,0.03,75292.37,1776177981000
1776177983.488,83.488,0.24,0.25,0.75,0.78,0.01,0.03,75295.12,1776177982000
1776177983.895,83.895,0.23,0.24,0.76,0.77,0.01,0.01,75295.12,1776177982000
1776177984.324,84.324,0.23,0.24,0.76,0.77,0.01,0.01,75314.87,1776177983000
1776177984.744,84.744,0.22,0.23,0.77,0.78,0.01,0.01,75314.87,1776177983000
1776177985.084,85.084,0.22,0.23,0.77,0.78,0.01,0.01,75314.87,1776177983000
1776177985.434,85.434,0.22,0.23,0.77,0.78,0.01,0.01,75312.0,1776177984000
1776177985.902,85.902,0.22,0.23,0.77,0.78,0.01,0.01,75312.0,1776177984000
1776177986.255,86.255,0.22,0.23,0.77,0.78,0.01,0.01,75312.0,1776177984000
1776177986.696,86.696,0.22,0.23,0.77,0.78,0.01,0.01,75305.93,1776177985000
1776177987.078,87.078,0.22,0.23,0.77,0.78,0.01,0.01,75303.96,1776177986000
1776177987.761,87.761,0.22,0.23,0.77,0.78,0.01,0.01,75303.96,1776177986000
1776177988.149,88.149,0.22,0.23,0.77,0.78,0.01,0.01,75299.09,1776177987000
1776177988.54,88.54,0.22,0.23,0.77,0.78,0.01,0.01,75299.09,1776177987000
1776177989.097,89.097,0.21,0.22,0.77,0.79,0.01,0.02,75299.09,1776177987000
1776177989.442,89.442,0.21,0.22,0.78,0.79,0.01,0.01,75293.25,1776177988000
1776177989.792,89.792,0.21,0.22,0.78,0.79,0.01,0.01,75293.25,1776177988000
1776177990.219,90.219,0.21,0.22,0.78,0.79,0.01,0.01,75293.25,1776177988000
1776177990.636,90.636,0.21,0.22,0.78,0.79,0.01,0.01,75293.25,1776177988000
1776177991.004,91.004,0.21,0.22,0.78,0.79,0.01,0.01,75284.2,1776177989000
1776177991.43,91.43,0.21,0.22,0.78,0.79,0.01,0.01,75281.76,1776177990000
1776177991.809,91.809,0.21,0.22,0.78,0.79,0.01,0.01,75281.76,1776177990000
1776177992.22,92.22,0.21,0.22,0.78,0.79,0.01,0.01,75284.01,1776177991000
1776177992.556,92.556,0.21,0.22,0.78,0.79,0.01,0.01,75284.01,1776177991000
1776177992.893,92.893,0.21,0.22,0.78,0.79,0.01,0.01,75284.01,1776177991000
1776177993.23,93.23,0.21,0.22,0.78,0.79,0.01,0.01,75284.01,1776177991000
1776177993.718,93.718,0.21,0.22,0.78,0.79,0.01,0.01,75289.28,1776177992000
1776177994.174,94.174,0.21,0.22,0.78,0.79,0.01,0.01,75289.28,1776177992000
1776177994.532,94.532,0.21,0.22,0.78,0.79,0.01,0.01,75289.28,1776177992000
1776177994.877,94.877,0.21,0.22,0.78,0.79,0.01,0.01,75287.48,1776177993000
1776177995.213,95.213,0.21,0.22,0.78,0.79,0.01,0.01,75287.48,1776177993000
1776177995.624,95.624,0.21,0.22,0.78,0.79,0.01,0.01,75286.46,1776177994000
1776177996.125,96.125,0.21,0.22,0.78,0.79,0.01,0.01,75286.46,1776177994000
1776177996.469,96.469,0.2,0.21,0.79,0.8,0.01,0.01,75286.51,1776177995000
1776177996.903,96.903,0.2,0.21,0.79,0.8,0.01,0.01,75286.51,1776177995000
1776177997.238,97.238,0.2,0.21,0.79,0.8,0.01,0.01,75285.93,1776177996000
1776177997.58,97.58,0.2,0.21,0.79,0.8,0.01,0.01,75285.93,1776177996000
1776177997.92,97.92,0.19,0.2,0.8,0.81,0.01,0.01,75285.93,1776177996000
1776177998.297,98.297,0.19,0.2,0.8,0.81,0.01,0.01,75285.58,1776177997000
1776177998.639,98.639,0.19,0.2,0.8,0.81,0.01,0.01,75285.58,1776177997000
1776177999.048,99.048,0.19,0.2,0.8,0.81,0.01,0.01,75285.58,1776177997000
1776177999.715,99.715,0.19,0.2,0.8,0.81,0.01,0.01,75285.27,1776177998000
1776178000.229,100.229,0.19,0.2,0.8,0.81,0.01,0.01,75285.27,1776177998000
1776178000.601,100.601,0.19,0.2,0.8,0.81,0.01,0.01,75282.17,1776177999000
1776178000.983,100.983,0.19,0.2,0.8,0.81,0.01,0.01,75282.17,1776177999000
1776178001.39,101.39,0.19,0.2,0.8,0.81,0.01,0.01,75282.17,1776177999000
1776178001.753,101.753,0.19,0.2,0.8,0.81,0.01,0.01,75280.97,1776178000000
1776178002.193,102.193,0.19,0.2,0.8,0.81,0.01,0.01,75284.61,1776178001000
1776178003.07,103.07,0.19,0.2,0.8,0.81,0.01,0.01,75284.61,1776178001000
1776178003.455,103.455,0.19,0.2,0.8,0.81,0.01,0.01,75286.93,1776178002000
1776178003.797,103.797,0.22,0.23,0.77,0.78,0.01,0.01,75286.93,1776178002000
1776178004.131,104.131,0.2,0.24,0.76,0.77,0.04,0.01,75286.93,1776178002000
1776178004.491,104.491,0.23,0.24,0.76,0.77,0.01,0.01,75303.07,1776178003000
1776178004.829,104.829,0.22,0.24,0.76,0.79,0.02,0.03,75303.07,1776178003000
1776178005.191,105.191,0.22,0.23,0.76,0.79,0.01,0.03,75303.07,1776178003000
1776178005.621,105.621,0.22,0.23,0.77,0.78,0.01,0.01,75308.8,1776178004000
1776178006.041,106.041,0.22,0.23,0.77,0.79,0.01,0.02,75308.8,1776178004000
1776178006.519,106.519,0.2,0.22,0.77,0.8,0.02,0.03,75308.8,1776178004000
1776178006.937,106.937,0.19,0.21,0.79,0.8,0.02,0.01,75309.12,1776178005000
1776178007.483,107.483,0.19,0.2,0.8,0.81,0.01,0.01,75308.57,1776178006000
1776178008.173,108.173,0.2,0.21,0.79,0.8,0.01,0.01,75303.72,1776178007000
1776178008.718,108.718,0.2,0.21,0.79,0.8,0.01,0.01,75303.72,1776178007000
1776178009.056,109.056,0.2,0.21,0.79,0.8,0.01,0.01,75303.72,1776178007000
1776178009.411,109.411,0.19,0.2,0.8,0.81,0.01,0.01,75303.72,1776178007000
1776178009.775,109.775,0.2,0.21,0.79,0.8,0.01,0.01,75303.72,1776178007000
1776178010.185,110.185,0.2,0.21,0.79,0.8,0.01,0.01,75303.72,1776178007000
1776178010.519,110.519,0.2,0.21,0.79,0.8,0.01,0.01,75305.2,1776178009000
1776178010.873,110.873,0.2,0.21,0.79,0.8,0.01,0.01,75305.2,1776178009000
1776178011.219,111.219,0.2,0.21,0.79,0.8,0.01,0.01,75305.2,1776178009000
1776178011.722,111.722,0.24,0.25,0.75,0.76,0.01,0.01,75303.05,1776178010000
1776178012.075,112.075,0.24,0.25,0.75,0.76,0.01,0.01,75309.09,1776178011000
1776178012.444,112.444,0.24,0.25,0.75,0.76,0.01,0.01,75309.09,1776178011000
1776178012.825,112.825,0.24,0.25,0.75,0.76,0.01,0.01,75309.09,1776178011000
1776178013.619,113.619,0.24,0.25,0.75,0.76,0.01,0.01,75341.02,1776178012000
1776178013.961,113.961,0.24,0.25,0.75,0.76,0.01,0.01,75343.83,1776178013000
1776178014.348,114.348,0.24,0.25,0.75,0.76,0.01,0.01,75343.83,1776178013000
1776178014.755,114.755,0.24,0.25,0.75,0.76,0.01,0.01,75343.83,1776178013000
1776178015.117,115.117,0.24,0.25,0.75,0.76,0.01,0.01,75343.83,1776178013000
1776178015.601,115.601,0.24,0.25,0.75,0.76,0.01,0.01,75342.4,1776178014000
1776178015.965,115.965,0.24,0.25,0.75,0.76,0.01,0.01,75342.4,1776178014000
1776178016.321,116.321,0.24,0.25,0.75,0.76,0.01,0.01,75349.27,1776178015000
1776178016.673,116.673,0.24,0.25,0.75,0.76,0.01,0.01,75349.27,1776178015000
1776178017.045,117.045,0.24,0.25,0.75,0.76,0.01,0.01,75349.27,1776178015000
1776178017.965,117.965,0.24,0.25,0.75,0.76,0.01,0.01,75342.11,1776178016000
1776178018.307,118.307,0.24,0.25,0.75,0.76,0.01,0.01,75338.73,1776178017000
1776178018.81,118.81,0.24,0.25,0.75,0.76,0.01,0.01,75338.73,1776178017000
1776178019.176,119.176,0.24,0.25,0.75,0.76,0.01,0.01,75341.33,1776178018000
1776178019.517,119.517,0.25,0.26,0.74,0.75,0.01,0.01,75341.33,1776178018000
1776178019.905,119.905,0.25,0.26,0.74,0.75,0.01,0.01,75341.33,1776178018000
1776178020.24,120.24,0.25,0.26,0.74,0.75,0.01,0.01,75352.4,1776178019000
1776178020.574,120.574,0.24,0.26,0.74,0.76,0.02,0.02,75352.4,1776178019000
1776178021.0,121.0,0.24,0.25,0.75,0.76,0.01,0.01,75352.4,1776178019000
1776178021.334,121.334,0.24,0.25,0.75,0.76,0.01,0.01,75360.47,1776178020000
1776178021.673,121.673,0.24,0.25,0.75,0.76,0.01,0.01,75360.47,1776178020000
1776178022.009,122.009,0.24,0.25,0.75,0.76,0.01,0.01,75360.47,1776178020000
1776178022.582,122.582,0.24,0.25,0.75,0.76,0.01,0.01,75359.29,1776178021000
1776178022.918,122.918,0.24,0.25,0.75,0.76,0.01,0.01,75359.29,1776178021000
1776178023.287,123.287,0.25,0.27,0.73,0.75,0.02,0.02,75359.29,1776178021000
1776178023.745,123.745,0.28,0.29,0.71,0.72,0.01,0.01,75359.29,1776178021000
1776178024.122,124.122,0.28,0.29,0.7,0.72,0.01,0.02,75360.63,1776178022000
1776178024.456,124.456,0.29,0.31,0.69,0.7,0.02,0.01,75360.63,1776178022000
1776178024.854,124.854,0.29,0.3,0.7,0.71,0.01,0.01,75360.63,1776178022000
1776178025.211,125.211,0.29,0.3,0.7,0.71,0.01,0.01,75364.58,1776178023000
1776178025.561,125.561,0.29,0.3,0.7,0.71,0.01,0.01,75364.58,1776178023000
1776178026.016,126.016,0.29,0.3,0.7,0.71,0.01,0.01,75377.2,1776178024000
1776178026.392,126.392,0.28,0.3,0.7,0.71,0.02,0.01,75377.2,1776178024000
1776178026.746,126.746,0.28,0.29,0.71,0.72,0.01,0.01,75375.97,1776178025000
1776178027.131,127.131,0.27,0.28,0.71,0.73,0.01,0.02,75375.97,1776178025000
1776178027.638,127.638,0.27,0.28,0.72,0.73,0.01,0.01,75371.45,1776178026000
1776178028.224,128.224,0.27,0.28,0.72,0.73,0.01,0.01,75371.45,1776178026000
1776178028.564,128.564,0.27,0.28,0.72,0.73,0.01,0.01,75371.45,1776178026000
1776178028.931,128.931,0.28,0.29,0.71,0.72,0.01,0.01,75362.84,1776178027000
1776178029.297,129.297,0.28,0.29,0.71,0.72,0.01,0.01,75362.84,1776178027000
1776178029.681,129.681,0.28,0.29,0.71,0.72,0.01,0.01,75362.0,1776178028000
1776178030.152,130.152,0.28,0.29,0.71,0.72,0.01,0.01,75362.0,1776178028000
1776178030.531,130.531,0.28,0.29,0.71,0.72,0.01,0.01,75362.0,1776178028000
1776178030.915,130.915,0.28,0.29,0.71,0.72,0.01,0.01,75362.0,1776178028000
1776178031.445,131.445,0.28,0.29,0.71,0.72,0.01,0.01,75373.02,1776178029000
1776178031.812,131.812,0.28,0.29,0.71,0.72,0.01,0.01,75374.3,1776178030000
1776178032.189,132.189,0.28,0.29,0.71,0.72,0.01,0.01,75374.3,1776178030000
1776178032.647,132.647,0.28,0.29,0.71,0.72,0.01,0.01,75378.21,1776178031000
1776178033.144,133.144,0.28,0.29,0.71,0.72,0.01,0.01,75381.97,1776178032000
1776178034.504,134.504,0.28,0.29,0.71,0.72,0.01,0.01,75381.97,1776178033000
1776178034.976,134.976,0.28,0.29,0.71,0.72,0.01,0.01,75381.97,1776178033000
1776178035.95,135.95,0.28,0.3,0.71,0.72,0.02,0.01,75381.6,1776178034000
1776178036.285,136.285,0.29,0.32,0.68,0.71,0.03,0.03,75381.6,1776178034000
1776178036.657,136.657,0.3,0.31,0.69,0.7,0.01,0.01,75386.68,1776178035000
1776178037.023,137.023,0.3,0.31,0.69,0.7,0.01,0.01,75386.68,1776178035000
1776178037.41,137.41,0.3,0.31,0.69,0.7,0.01,0.01,75388.01,1776178036000
1776178037.762,137.762,0.31,0.32,0.68,0.69,0.01,0.01,75388.01,1776178036000
1776178038.229,138.229,0.31,0.32,0.68,0.69,0.01,0.01,75388.01,1776178036000
1776178038.566,138.566,0.31,0.32,0.68,0.69,0.01,0.01,75388.01,1776178036000
1776178039.441,139.441,0.31,0.33,0.67,0.69,0.02,0.02,75384.06,1776178038000
1776178039.779,139.779,0.3,0.33,0.67,0.7,0.03,0.03,75384.06,1776178038000
1776178040.122,140.122,0.3,0.31,0.69,0.7,0.01,0.01,75383.86,1776178039000
1776178040.67,140.67,0.3,0.31,0.69,0.7,0.01,0.01,75383.86,1776178039000
1776178041.008,141.008,0.29,0.3,0.7,0.71,0.01,0.01,75383.86,1776178039000
1776178041.388,141.388,0.27,0.3,0.7,0.73,0.03,0.03,75383.65,1776178040000
1776178041.757,141.757,0.27,0.28,0.72,0.73,0.01,0.01,75383.65,1776178040000
1776178042.15,142.15,0.27,0.28,0.72,0.73,0.01,0.01,75383.65,1776178040000
1776178042.514,142.514,0.26,0.27,0.72,0.74,0.01,0.02,75383.65,1776178040000
1776178043.052,143.052,0.26,0.27,0.73,0.74,0.01,0.01,75372.72,1776178041000
1776178043.386,143.386,0.26,0.28,0.72,0.73,0.02,0.01,75372.72,1776178041000
1776178043.744,143.744,0.27,0.28,0.72,0.73,0.01,0.01,75372.72,1776178041000
1776178044.118,144.118,0.27,0.28,0.72,0.73,0.01,0.01,75364.22,1776178042000
1776178044.538,144.538,0.27,0.28,0.72,0.73,0.01,0.01,75361.37,1776178043000
1776178044.942,144.942,0.26,0.27,0.72,0.74,0.01,0.02,75361.37,1776178043000
1776178045.347,145.347,0.26,0.27,0.73,0.74,0.01,0.01,75361.37,1776178043000
1776178045.68,145.68,0.26,0.27,0.73,0.74,0.01,0.01,75364.26,1776178044000
1776178046.026,146.026,0.26,0.27,0.73,0.74,0.01,0.01,75364.26,1776178044000
1776178046.407,146.407,0.26,0.27,0.73,0.74,0.01,0.01,75365.66,1776178045000
1776178046.749,146.749,0.25,0.26,0.73,0.75,0.01,0.02,75365.66,1776178045000
1776178047.143,147.143,0.25,0.26,0.74,0.75,0.01,0.01,75365.66,1776178045000
1776178047.604,147.604,0.25,0.26,0.74,0.75,0.01,0.01,75361.48,1776178046000
1776178047.947,147.947,0.25,0.26,0.74,0.75,0.01,0.01,75361.48,1776178046000
1776178048.317,148.317,0.26,0.28,0.72,0.74,0.02,0.02,75358.88,1776178047000
1776178048.707,148.707,0.28,0.29,0.71,0.72,0.01,0.01,75358.88,1776178047000
1776178049.046,149.046,0.28,0.29,0.71,0.72,0.01,0.01,75358.88,1776178047000
1776178049.448,149.448,0.28,0.29,0.71,0.72,0.01,0.01,75354.96,1776178048000
1776178049.832,149.832,0.28,0.29,0.71,0.72,0.01,0.01,75354.96,1776178048000
1776178050.186,150.186,0.28,0.29,0.71,0.72,0.01,0.01,75354.96,1776178048000
1776178050.541,150.541,0.27,0.28,0.71,0.73,0.01,0.02,75367.49,1776178049000
1776178051.117,151.117,0.26,0.28,0.72,0.74,0.02,0.02,75365.21,1776178050000
1776178051.457,151.457,0.26,0.27,0.73,0.74,0.01,0.01,75365.21,1776178050000
1776178051.849,151.849,0.24,0.25,0.75,0.76,0.01,0.01,75365.21,1776178050000
1776178052.192,152.192,0.24,0.25,0.75,0.76,0.01,0.01,75365.21,1776178050000
1776178052.558,152.558,0.24,0.25,0.75,0.76,0.01,0.01,75357.11,1776178051000
1776178052.904,152.904,0.24,0.25,0.75,0.76,0.01,0.01,75357.11,1776178051000
1776178053.277,153.277,0.24,0.25,0.75,0.76,0.01,0.01,75352.23,1776178052000
1776178053.702,153.702,0.24,0.25,0.75,0.76,0.01,0.01,75352.23,1776178052000
1776178054.439,154.439,0.24,0.25,0.75,0.76,0.01,0.01,75352.23,1776178052000
1776178054.818,154.818,0.25,0.26,0.73,0.75,0.01,0.02,75354.14,1776178053000
1776178055.172,155.172,0.25,0.26,0.74,0.75,0.01,0.01,75354.45,1776178054000
1776178055.537,155.537,0.27,0.29,0.72,0.73,0.02,0.01,75354.45,1776178054000
1776178056.472,156.472,0.27,0.29,0.71,0.73,0.02,0.02,75361.29,1776178055000
1776178056.849,156.849,0.29,0.3,0.7,0.71,0.01,0.01,75361.29,1776178055000
1776178057.684,157.684,0.29,0.3,0.7,0.71,0.01,0.01,75364.33,1776178056000
1776178058.046,158.046,0.29,0.3,0.7,0.71,0.01,0.01,75364.33,1776178056000
1776178058.435,158.435,0.29,0.3,0.7,0.71,0.01,0.01,75373.71,1776178057000
1776178059.106,159.106,0.29,0.3,0.7,0.71,0.01,0.01,75374.45,1776178058000
1776178060.165,160.165,0.29,0.3,0.7,0.71,0.01,0.01,75374.45,1776178058000
1776178060.804,160.804,0.31,0.32,0.68,0.69,0.01,0.01,75374.45,1776178058000
1776178061.151,161.151,0.32,0.33,0.67,0.68,0.01,0.01,75397.46,1776178059000
1776178061.54,161.54,0.32,0.33,0.67,0.68,0.01,0.01,75404.26,1776178060000
1776178061.879,161.879,0.32,0.33,0.67,0.68,0.01,0.01,75404.26,1776178060000
1776178062.241,162.241,0.33,0.34,0.66,0.67,0.01,0.01,75404.26,1776178060000
1776178062.613,162.613,0.33,0.34,0.66,0.67,0.01,0.01,75404.07,1776178061000
1776178062.995,162.995,0.33,0.34,0.66,0.67,0.01,0.01,75402.94,1776178062000
1776178063.422,163.422,0.33,0.34,0.66,0.67,0.01,0.01,75402.94,1776178062000
1776178063.895,163.895,0.33,0.34,0.66,0.67,0.01,0.01,75402.94,1776178062000
1776178064.239,164.239,0.33,0.34,0.66,0.67,0.01,0.01,75402.94,1776178062000
1776178064.669,164.669,0.33,0.34,0.66,0.67,0.01,0.01,75402.36,1776178063000
1776178065.006,165.006,0.33,0.34,0.66,0.67,0.01,0.01,75402.36,1776178063000
1776178065.462,165.462,0.34,0.35,0.66,0.67,0.01,0.01,75402.36,1776178064000
1776178065.958,165.958,0.34,0.35,0.65,0.66,0.01,0.01,75402.36,1776178064000
1776178066.395,166.395,0.34,0.35,0.65,0.66,0.01,0.01,75402.36,1776178064000
1776178066.754,166.754,0.35,0.36,0.64,0.65,0.01,0.01,75403.96,1776178065000
1776178067.167,167.167,0.36,0.38,0.62,0.64,0.02,0.02,75406.53,1776178066000
1776178067.555,167.555,0.39,0.4,0.6,0.61,0.01,0.01,75406.53,1776178066000
1776178068.004,168.004,0.41,0.42,0.58,0.61,0.01,0.03,75406.53,1776178066000
1776178068.36,168.36,0.42,0.43,0.57,0.58,0.01,0.01,75417.46,1776178067000
1776178068.695,168.695,0.42,0.43,0.57,0.58,0.01,0.01,75417.46,1776178067000
1776178069.065,169.065,0.42,0.43,0.57,0.58,0.01,0.01,75417.46,1776178067000
1776178069.557,169.557,0.42,0.43,0.57,0.58,0.01,0.01,75419.67,1776178068000
1776178069.925,169.925,0.44,0.46,0.52,0.58,0.02,0.06,75419.67,1776178068000
1776178070.261,170.261,0.45,0.47,0.54,0.56,0.02,0.02,75419.67,1776178068000
1776178070.627,170.627,0.45,0.48,0.52,0.55,0.03,0.03,75420.43,1776178069000
1776178071.059,171.059,0.51,0.54,0.47,0.49,0.03,0.02,75420.43,1776178069000
1776178071.407,171.407,0.54,0.57,0.44,0.46,0.03,0.02,75420.43,1776178069000
1776178071.761,171.761,0.54,0.55,0.44,0.46,0.01,0.02,75420.43,1776178069000
1776178072.104,172.104,0.54,0.56,0.45,0.46,0.02,0.01,75423.06,1776178070000
1776178072.443,172.443,0.54,0.55,0.45,0.46,0.01,0.01,75423.06,1776178070000
1776178072.776,172.776,0.54,0.55,0.45,0.46,0.01,0.01,75447.29,1776178071000
1776178073.199,173.199,0.54,0.55,0.45,0.46,0.01,0.01,75447.29,1776178071000
1776178073.608,173.608,0.51,0.55,0.45,0.49,0.04,0.04,75446.89,1776178072000
1776178074.013,174.013,0.51,0.52,0.46,0.49,0.01,0.03,75446.89,1776178072000
1776178074.424,174.424,0.51,0.52,0.48,0.49,0.01,0.01,75442.19,1776178073000
1776178074.793,174.793,0.51,0.52,0.48,0.49,0.01,0.01,75442.19,1776178073000
1776178075.161,175.161,0.51,0.52,0.48,0.49,0.01,0.01,75436.3,1776178074000
1776178075.567,175.567,0.51,0.52,0.48,0.49,0.01,0.01,75436.3,1776178074000
1776178076.001,176.001,0.51,0.52,0.48,0.49,0.01,0.01,75436.3,1776178074000
1776178076.39,176.39,0.5,0.51,0.48,0.49,0.01,0.01,75436.3,1776178074000
1776178076.732,176.732,0.49,0.51,0.49,0.51,0.02,0.02,75435.53,1776178075000
1776178077.101,177.101,0.46,0.49,0.5,0.54,0.03,0.04,75435.53,1776178075000
1776178077.434,177.434,0.46,0.47,0.53,0.54,0.01,0.01,75432.54,1776178076000
1776178077.828,177.828,0.44,0.46,0.54,0.56,0.02,0.02,75432.54,1776178076000
1776178078.186,178.186,0.42,0.43,0.57,0.58,0.01,0.01,75432.54,1776178076000
1776178078.753,178.753,0.44,0.45,0.55,0.58,0.01,0.03,75426.56,1776178077000
1776178079.27,179.27,0.41,0.46,0.54,0.59,0.05,0.05,75412.75,1776178078000
1776178079.763,179.763,0.44,0.45,0.55,0.57,0.01,0.02,75412.75,1776178078000
1776178080.099,180.099,0.42,0.44,0.56,0.57,0.02,0.01,75412.75,1776178078000
1776178080.455,180.455,0.43,0.44,0.56,0.58,0.01,0.02,75415.24,1776178079000
1776178080.86,180.86,0.44,0.45,0.55,0.56,0.01,0.01,75415.24,1776178079000
1776178081.207,181.207,0.44,0.45,0.55,0.56,0.01,0.01,75415.24,1776178079000
1776178081.609,181.609,0.44,0.45,0.55,0.56,0.01,0.01,75415.24,1776178079000
1776178081.953,181.953,0.44,0.45,0.55,0.56,0.01,0.01,75415.24,1776178079000
1776178082.295,182.295,0.42,0.43,0.57,0.62,0.01,0.05,75415.24,1776178079000
1776178082.648,182.648,0.36,0.38,0.62,0.63,0.02,0.01,75415.24,1776178079000
1776178083.016,183.016,0.37,0.38,0.62,0.63,0.01,0.01,75415.24,1776178079000
1776178083.361,183.361,0.37,0.38,0.62,0.63,0.01,0.01,75415.24,1776178079000
1776178083.707,183.707,0.37,0.38,0.62,0.63,0.01,0.01,75415.24,1776178079000
1776178084.04,184.04,0.37,0.38,0.62,0.64,0.01,0.02,75415.24,1776178079000
1776178084.376,184.376,0.35,0.37,0.63,0.65,0.02,0.02,75415.24,1776178079000
1776178084.785,184.785,0.35,0.36,0.64,0.66,0.01,0.02,75415.24,1776178079000
1776178085.15,185.15,0.34,0.36,0.64,0.65,0.02,0.01,75415.24,1776178079000
1776178085.543,185.543,0.32,0.33,0.66,0.68,0.01,0.02,75415.24,1776178079000
1776178085.961,185.961,0.31,0.32,0.68,0.69,0.01,0.01,75415.24,1776178079000
1776178086.487,186.487,0.3,0.31,0.68,0.69,0.01,0.01,75415.24,1776178079000
1776178086.845,186.845,0.3,0.31,0.68,0.7,0.01,0.02,75415.24,1776178079000
1776178087.227,187.227,0.3,0.31,0.69,0.7,0.01,0.01,75415.24,1776178079000
1776178087.652,187.652,0.3,0.31,0.69,0.7,0.01,0.01,75415.24,1776178079000
1776178088.264,188.264,0.28,0.31,0.69,0.7,0.03,0.01,75415.24,1776178079000
1776178088.802,188.802,0.29,0.3,0.69,0.72,0.01,0.03,75384.13,1776178087000
1776178089.146,189.146,0.29,0.3,0.7,0.71,0.01,0.01,75384.13,1776178087000
1776178089.504,189.504,0.29,0.3,0.7,0.71,0.01,0.01,75383.45,1776178088000
1776178090.119,190.119,0.29,0.3,0.7,0.71,0.01,0.01,75383.45,1776178088000
1776178090.602,190.602,0.29,0.3,0.7,0.71,0.01,0.01,75376.94,1776178089000
1776178090.983,190.983,0.29,0.3,0.68,0.71,0.01,0.03,75376.94,1776178089000
1776178091.475,191.475,0.29,0.3,0.7,0.71,0.01,0.01,75376.94,1776178089000
1776178092.001,192.001,0.29,0.3,0.7,0.71,0.01,0.01,75384.76,1776178090000
1776178092.431,192.431,0.29,0.3,0.7,0.71,0.01,0.01,75384.97,1776178091000
1776178093.427,193.427,0.29,0.3,0.7,0.71,0.01,0.01,75382.22,1776178092000
1776178093.883,193.883,0.29,0.3,0.7,0.71,0.01,0.01,75382.22,1776178092000
1776178094.265,194.265,0.31,0.32,0.68,0.69,0.01,0.01,75382.62,1776178093000
1776178094.729,194.729,0.33,0.34,0.67,0.68,0.01,0.01,75382.62,1776178093000
1776178095.363,195.363,0.33,0.34,0.66,0.67,0.01,0.01,75382.62,1776178093000
1776178095.699,195.699,0.33,0.34,0.66,0.67,0.01,0.01,75396.3,1776178094000
1776178096.047,196.047,0.33,0.34,0.66,0.67,0.01,0.01,75398.97,1776178095000
1776178096.74,196.74,0.34,0.35,0.65,0.67,0.01,0.02,75398.97,1776178095000
1776178097.318,197.318,0.34,0.35,0.65,0.66,0.01,0.01,75402.39,1776178096000
1776178097.667,197.667,0.34,0.35,0.65,0.66,0.01,0.01,75402.39,1776178096000
1776178098.087,198.087,0.34,0.35,0.65,0.66,0.01,0.01,75410.85,1776178097000
1776178098.941,198.941,0.34,0.35,0.65,0.66,0.01,0.01,75410.85,1776178097000
1776178099.412,199.412,0.34,0.35,0.65,0.66,0.01,0.01,75413.32,1776178098000
1776178099.781,199.781,0.34,0.35,0.65,0.66,0.01,0.01,75413.32,1776178098000
1776178100.414,200.414,0.33,0.34,0.66,0.67,0.01,0.01,75410.53,1776178099000
1776178100.783,200.783,0.33,0.34,0.66,0.67,0.01,0.01,75410.53,1776178099000
1776178101.244,201.244,0.33,0.34,0.66,0.67,0.01,0.01,75403.72,1776178100000
1776178101.662,201.662,0.32,0.33,0.67,0.68,0.01,0.01,75403.72,1776178100000
1776178102.124,202.124,0.32,0.33,0.67,0.68,0.01,0.01,75403.72,1776178100000
1776178102.476,202.476,0.31,0.32,0.68,0.69,0.01,0.01,75394.11,1776178101000
1776178102.896,202.896,0.31,0.32,0.68,0.69,0.01,0.01,75394.11,1776178101000
1776178103.393,203.393,0.31,0.32,0.68,0.69,0.01,0.01,75393.89,1776178102000
1776178103.982,203.982,0.31,0.32,0.68,0.69,0.01,0.01,75393.89,1776178102000
1776178104.331,204.331,0.31,0.32,0.68,0.69,0.01,0.01,75392.92,1776178103000
1776178104.785,204.785,0.31,0.32,0.68,0.69,0.01,0.01,75392.92,1776178103000
1776178105.147,205.147,0.31,0.32,0.68,0.69,0.01,0.01,75392.92,1776178103000
1776178105.481,205.481,0.31,0.32,0.68,0.69,0.01,0.01,75392.02,1776178104000
1776178105.881,205.881,0.31,0.32,0.68,0.69,0.01,0.01,75392.02,1776178104000
1776178106.236,206.236,0.31,0.32,0.68,0.69,0.01,0.01,75392.02,1776178104000
1776178106.647,206.647,0.27,0.29,0.69,0.72,0.02,0.03,75390.78,1776178105000
1776178106.996,206.996,0.26,0.29,0.71,0.74,0.03,0.03,75387.53,1776178106000
1776178107.332,207.332,0.27,0.28,0.72,0.74,0.01,0.02,75387.53,1776178106000
1776178107.722,207.722,0.25,0.26,0.74,0.75,0.01,0.01,75387.53,1776178106000
1776178108.087,208.087,0.24,0.25,0.75,0.76,0.01,0.01,75383.93,1776178107000
1776178108.497,208.497,0.24,0.25,0.75,0.76,0.01,0.01,75383.93,1776178107000
1776178108.936,208.936,0.24,0.25,0.75,0.76,0.01,0.01,75383.93,1776178107000
1776178109.326,209.326,0.24,0.25,0.75,0.76,0.01,0.01,75369.88,1776178108000
1776178109.671,209.671,0.24,0.25,0.75,0.76,0.01,0.01,75369.88,1776178108000
1776178110.044,210.044,0.24,0.25,0.75,0.76,0.01,0.01,75369.88,1776178108000
1776178110.425,210.425,0.24,0.25,0.75,0.76,0.01,0.01,75364.45,1776178109000
1776178110.761,210.761,0.24,0.25,0.75,0.76,0.01,0.01,75364.45,1776178109000
1776178111.132,211.132,0.24,0.25,0.75,0.76,0.01,0.01,75364.45,1776178109000
1776178111.483,211.483,0.24,0.25,0.75,0.76,0.01,0.01,75364.45,1776178109000
1776178111.82,211.82,0.24,0.26,0.75,0.76,0.02,0.01,75371.92,1776178110000
1776178112.186,212.186,0.24,0.25,0.75,0.76,0.01,0.01,75372.06,1776178111000
1776178112.55,212.55,0.24,0.25,0.75,0.76,0.01,0.01,75372.06,1776178111000
1776178112.917,212.917,0.24,0.25,0.75,0.76,0.01,0.01,75372.06,1776178111000
1776178113.268,213.268,0.24,0.25,0.75,0.76,0.01,0.01,75373.34,1776178112000
1776178113.854,213.854,0.24,0.25,0.75,0.76,0.01,0.01,75373.34,1776178112000
1776178114.219,214.219,0.24,0.25,0.75,0.76,0.01,0.01,75374.13,1776178113000
1776178114.659,214.659,0.24,0.25,0.74,0.76,0.01,0.02,75374.13,1776178113000
1776178115.001,215.001,0.24,0.25,0.75,0.76,0.01,0.01,75374.13,1776178113000
1776178115.371,215.371,0.24,0.25,0.75,0.76,0.01,0.01,75373.93,1776178114000
1776178115.71,215.71,0.23,0.24,0.76,0.77,0.01,0.01,75373.93,1776178114000
1776178116.1,216.1,0.22,0.23,0.77,0.78,0.01,0.01,75373.93,1776178114000
1776178116.468,216.468,0.22,0.23,0.77,0.78,0.01,0.01,75373.02,1776178115000
1776178116.883,216.883,0.21,0.22,0.78,0.79,0.01,0.01,75373.02,1776178115000
1776178117.276,217.276,0.21,0.22,0.78,0.79,0.01,0.01,75373.02,1776178115000
1776178117.77,217.77,0.21,0.22,0.78,0.79,0.01,0.01,75371.08,1776178116000
1776178118.104,218.104,0.21,0.22,0.78,0.79,0.01,0.01,75371.08,1776178116000
1776178119.201,219.201,0.21,0.22,0.78,0.79,0.01,0.01,75366.82,1776178117000
1776178119.564,219.564,0.21,0.22,0.78,0.79,0.01,0.01,75369.24,1776178118000
1776178119.926,219.926,0.2,0.21,0.79,0.8,0.01,0.01,75369.24,1776178118000
1776178120.345,220.345,0.19,0.2,0.79,0.81,0.01,0.02,75369.24,1776178118000
1776178120.722,220.722,0.19,0.2,0.8,0.81,0.01,0.01,75368.34,1776178119000
1776178121.067,221.067,0.18,0.19,0.8,0.81,0.01,0.01,75368.34,1776178119000
1776178121.576,221.576,0.18,0.19,0.81,0.82,0.01,0.01,75364.53,1776178120000
1776178121.961,221.961,0.18,0.19,0.81,0.82,0.01,0.01,75364.53,1776178120000
1776178122.329,222.329,0.18,0.19,0.81,0.82,0.01,0.01,75363.99,1776178121000
1776178122.686,222.686,0.18,0.19,0.81,0.82,0.01,0.01,75363.99,1776178121000
1776178123.03,223.03,0.18,0.19,0.81,0.82,0.01,0.01,75363.99,1776178121000
1776178123.449,223.449,0.18,0.19,0.81,0.82,0.01,0.01,75363.72,1776178122000
1776178123.971,223.971,0.18,0.19,0.81,0.82,0.01,0.01,75363.72,1776178122000
1776178124.704,224.704,0.18,0.19,0.81,0.82,0.01,0.01,75360.96,1776178123000
1776178125.041,225.041,0.18,0.19,0.81,0.82,0.01,0.01,75360.96,1776178123000
1776178125.396,225.396,0.18,0.19,0.81,0.82,0.01,0.01,75364.41,1776178124000
1776178125.76,225.76,0.18,0.19,0.81,0.82,0.01,0.01,75364.41,1776178124000
1776178126.124,226.124,0.18,0.19,0.81,0.82,0.01,0.01,75364.41,1776178124000
1776178126.47,226.47,0.18,0.19,0.81,0.82,0.01,0.01,75365.08,1776178125000
1776178126.84,226.84,0.19,0.21,0.78,0.82,0.02,0.04,75365.08,1776178125000
1776178127.196,227.196,0.21,0.22,0.78,0.79,0.01,0.01,75366.83,1776178126000
1776178127.629,227.629,0.2,0.22,0.78,0.79,0.02,0.01,75366.83,1776178126000
1776178127.985,227.985,0.21,0.22,0.78,0.79,0.01,0.01,75366.83,1776178126000
1776178128.365,228.365,0.21,0.22,0.78,0.79,0.01,0.01,75370.98,1776178127000
1776178128.791,228.791,0.2,0.21,0.79,0.8,0.01,0.01,75370.98,1776178127000
1776178129.239,229.239,0.2,0.21,0.79,0.8,0.01,0.01,75375.07,1776178128000
1776178129.608,229.608,0.18,0.2,0.8,0.82,0.02,0.02,75375.07,1776178128000
1776178130.036,230.036,0.18,0.19,0.81,0.83,0.01,0.02,75375.07,1776178128000
1776178130.41,230.41,0.17,0.18,0.82,0.83,0.01,0.01,75375.07,1776178128000
1776178130.745,230.745,0.16,0.18,0.82,0.84,0.02,0.02,75373.92,1776178129000
1776178131.149,231.149,0.16,0.17,0.83,0.84,0.01,0.01,75373.92,1776178129000
1776178131.502,231.502,0.16,0.17,0.83,0.84,0.01,0.01,75363.66,1776178130000
1776178131.896,231.896,0.16,0.17,0.83,0.84,0.01,0.01,75363.66,1776178130000
1776178132.311,232.311,0.14,0.16,0.84,0.85,0.02,0.01,75362.88,1776178131000
1776178132.649,232.649,0.14,0.15,0.85,0.86,0.01,0.01,75362.88,1776178131000
1776178133.128,233.128,0.13,0.14,0.86,0.87,0.01,0.01,75362.88,1776178131000
1776178133.521,233.521,0.13,0.14,0.86,0.87,0.01,0.01,75362.88,1776178131000
1776178134.103,234.103,0.12,0.13,0.87,0.88,0.01,0.01,75359.36,1776178132000
1776178134.556,234.556,0.12,0.13,0.87,0.88,0.01,0.01,75351.93,1776178133000
1776178134.943,234.943,0.11,0.12,0.88,0.89,0.01,0.01,75351.93,1776178133000
1776178135.329,235.329,0.11,0.12,0.88,0.89,0.01,0.01,75347.61,1776178134000
1776178135.667,235.667,0.11,0.12,0.88,0.89,0.01,0.01,75347.61,1776178134000
1776178136.028,236.028,0.11,0.12,0.88,0.89,0.01,0.01,75347.61,1776178134000
1776178136.363,236.363,0.11,0.12,0.88,0.89,0.01,0.01,75347.61,1776178134000
1776178136.72,236.72,0.1,0.11,0.89,0.9,0.01,0.01,75347.64,1776178135000
1776178137.179,237.179,0.1,0.11,0.89,0.9,0.01,0.01,75347.64,1776178135000
1776178137.513,237.513,0.1,0.11,0.89,0.9,0.01,0.01,75347.16,1776178136000
1776178137.849,237.849,0.09,0.1,0.9,0.91,0.01,0.01,75347.16,1776178136000
1776178138.198,238.198,0.09,0.1,0.9,0.91,0.01,0.01,75346.43,1776178137000
1776178138.659,238.659,0.09,0.1,0.9,0.92,0.01,0.02,75346.43,1776178137000
1776178138.997,238.997,0.08,0.1,0.9,0.92,0.02,0.02,75346.44,1776178138000
1776178139.369,239.369,0.08,0.09,0.91,0.92,0.01,0.01,75346.44,1776178138000
1776178139.706,239.706,0.08,0.09,0.91,0.92,0.01,0.01,75346.44,1776178138000
1776178140.488,240.488,0.07,0.08,0.92,0.93,0.01,0.01,75345.77,1776178139000
1776178140.861,240.861,0.07,0.08,0.92,0.93,0.01,0.01,75345.77,1776178139000
1776178141.224,241.224,0.06,0.07,0.92,0.94,0.01,0.02,75345.04,1776178140000
1776178141.644,241.644,0.06,0.07,0.93,0.94,0.01,0.01,75345.04,1776178140000
1776178141.979,241.979,0.06,0.07,0.93,0.94,0.01,0.01,75345.04,1776178140000
1776178142.319,242.319,0.05,0.07,0.93,0.95,0.02,0.02,75340.36,1776178141000
1776178142.69,242.69,0.05,0.06,0.94,0.95,0.01,0.01,75340.36,1776178141000
1776178143.049,243.049,0.05,0.06,0.94,0.95,0.01,0.01,75340.36,1776178141000
1776178143.4,243.4,0.03,0.05,0.94,0.96,0.02,0.02,75334.95,1776178142000
1776178143.772,243.772,0.03,0.05,0.95,0.97,0.02,0.02,75334.95,1776178142000
1776178144.209,244.209,0.03,0.04,0.96,0.97,0.01,0.01,75334.95,1776178142000
1776178144.623,244.623,0.03,0.04,0.96,0.97,0.01,0.01,75296.33,1776178143000
1776178145.015,245.015,0.03,0.04,0.96,0.97,0.01,0.01,75296.33,1776178143000
1776178145.372,245.372,0.03,0.04,0.96,0.97,0.01,0.01,75279.0,1776178144000
1776178145.706,245.706,0.03,0.04,0.96,0.97,0.01,0.01,75279.0,1776178144000
1776178146.077,246.077,0.02,0.03,0.97,0.98,0.01,0.01,75279.0,1776178144000
1776178146.418,246.418,0.02,0.03,0.97,0.98,0.01,0.01,75282.9,1776178145000
1776178146.814,246.814,0.02,0.03,0.97,0.98,0.01,0.01,75282.9,1776178145000
1776178147.186,247.186,0.02,0.03,0.97,0.98,0.01,0.01,75282.9,1776178145000
1776178147.555,247.555,0.02,0.03,0.97,0.98,0.01,0.01,75283.98,1776178146000
1776178147.96,247.96,0.02,0.03,0.97,0.98,0.01,0.01,75283.98,1776178146000
1776178148.316,248.316,0.02,0.03,0.97,0.98,0.01,0.01,75283.98,1776178146000
1776178148.671,248.671,0.03,0.04,0.96,0.97,0.01,0.01,75283.98,1776178146000
1776178149.033,249.033,0.03,0.05,0.95,0.97,0.02,0.02,75283.76,1776178147000
1776178149.388,249.388,0.02,0.05,0.95,0.98,0.03,0.03,75296.84,1776178148000
1776178149.734,249.734,0.02,0.03,0.97,0.98,0.01,0.01,75296.84,1776178148000
1776178150.069,250.069,0.01,0.04,0.96,0.99,0.03,0.03,75296.84,1776178148000
1776178150.445,250.445,0.02,0.03,0.95,0.98,0.01,0.03,75296.84,1776178148000
1776178150.782,250.782,0.02,0.03,0.97,0.98,0.01,0.01,75296.84,1776178148000
1776178151.115,251.115,0.02,0.04,0.97,0.98,0.02,0.01,75320.77,1776178149000
1776178151.553,251.553,0.02,0.03,0.97,0.98,0.01,0.01,75310.79,1776178150000
1776178151.943,251.943,0.01,0.02,0.98,0.99,0.01,0.01,75310.79,1776178150000
1776178152.313,252.313,0.01,0.02,0.95,0.99,0.01,0.04,75300.38,1776178151000
1776178152.651,252.651,0.01,0.02,0.98,0.99,0.01,0.01,75300.38,1776178151000
1776178153.093,253.093,0.01,0.02,0.98,0.99,0.01,0.01,75291.72,1776178152000
1776178153.461,253.461,0.01,0.02,0.98,0.99,0.01,0.01,75291.72,1776178152000
1776178153.81,253.81,0.02,0.03,0.97,0.98,0.01,0.01,75291.72,1776178152000
1776178154.264,254.264,0.03,0.04,0.96,0.97,0.01,0.01,75282.64,1776178153000
1776178154.598,254.598,0.03,0.04,0.96,0.97,0.01,0.01,75282.64,1776178153000
1776178154.939,254.939,0.02,0.03,0.97,0.99,0.01,0.02,75282.64,1776178153000
1776178155.318,255.318,0.01,0.02,0.98,0.99,0.01,0.01,75282.64,1776178153000
1776178155.652,255.652,0.01,0.02,0.98,0.99,0.01,0.01,75282.64,1776178153000
1776178156.014,256.014,0.01,0.02,0.98,0.99,0.01,0.01,75278.26,1776178154000
1776178156.386,256.386,0.01,0.02,0.98,0.99,0.01,0.01,75277.56,1776178155000
1776178156.75,256.75,0.01,0.02,0.98,0.99,0.01,0.01,75277.56,1776178155000
1776178157.086,257.086,0.01,0.02,0.98,0.99,0.01,0.01,75276.07,1776178156000
1776178157.591,257.591,0.01,0.02,0.98,0.99,0.01,0.01,75276.07,1776178156000
1776178157.979,257.979,0.01,0.02,0.98,0.99,0.01,0.01,75276.07,1776178156000
1776178158.42,258.42,0.01,0.02,0.98,0.99,0.01,0.01,75272.09,1776178157000
1776178158.889,258.889,0.01,0.02,0.98,0.99,0.01,0.01,75272.09,1776178157000
1776178159.559,259.559,0.01,0.02,0.98,0.99,0.01,0.01,75269.34,1776178158000
1776178160.19,260.19,0.01,0.02,0.98,0.99,0.01,0.01,75269.34,1776178158000
1776178160.623,260.623,0.01,0.02,0.98,0.99,0.01,0.01,75261.05,1776178159000
1776178160.988,260.988,0.01,0.02,0.98,0.99,0.01,0.01,75261.05,1776178159000
1776178161.357,261.357,0.01,0.02,0.98,0.99,0.01,0.01,75261.05,1776178160000
1776178161.855,261.855,0.01,0.05,0.98,0.99,0.04,0.01,75261.05,1776178160000
1776178162.226,262.226,0.01,0.02,0.98,0.99,0.01,0.01,75252.89,1776178161000
1776178162.59,262.59,0.01,0.02,0.98,0.99,0.01,0.01,75252.89,1776178161000
1776178163.123,263.123,0.01,0.01,0.99,0.99,0.0,0.0,75252.89,1776178161000
1776178163.479,263.479,0.01,0.01,0.99,0.99,0.0,0.0,75252.89,1776178161000
1776178163.892,263.892,0.01,0.01,0.99,0.99,0.0,0.0,75251.65,1776178162000
1776178164.28,264.28,0.01,0.01,0.99,0.99,0.0,0.0,75250.22,1776178163000
1776178164.749,264.749,0.01,0.01,0.99,0.99,0.0,0.0,75250.22,1776178163000
1776178165.493,265.493,0.01,0.01,0.99,0.99,0.0,0.0,75250.22,1776178163000
1776178165.935,265.935,0.01,0.01,0.99,0.99,0.0,0.0,75237.35,1776178164000
1776178166.329,266.329,0.01,0.01,0.99,0.99,0.0,0.0,75237.35,1776178165000
1776178166.694,266.694,0.01,0.01,0.99,0.99,0.0,0.0,75237.35,1776178165000
1776178167.051,267.051,0.01,0.01,0.99,0.99,0.0,0.0,75237.35,1776178165000
1776178167.406,267.406,0.01,0.01,0.99,0.99,0.0,0.0,75247.12,1776178166000
1776178167.987,267.987,0.01,0.01,0.99,0.99,0.0,0.0,75247.12,1776178166000
1776178168.597,268.597,0.01,0.01,0.99,0.99,0.0,0.0,75244.17,1776178167000
1776178169.11,269.11,0.01,0.01,0.99,0.99,0.0,0.0,75244.17,1776178167000
1776178169.443,269.443,0.01,0.01,0.99,0.99,0.0,0.0,75234.42,1776178168000
1776178169.873,269.873,0.01,0.01,0.99,0.99,0.0,0.0,75234.42,1776178168000
1776178170.295,270.295,0.01,0.01,0.99,0.99,0.0,0.0,75237.82,1776178169000
1776178170.941,270.941,0.01,0.01,0.99,0.99,0.0,0.0,75237.82,1776178169000
1776178171.285,271.285,0.01,0.01,0.99,0.99,0.0,0.0,75237.82,1776178169000
1776178172.326,272.326,0.01,0.01,0.99,0.99,0.0,0.0,75251.65,1776178170000
1776178172.88,272.88,0.01,0.01,0.99,0.99,0.0,0.0,75260.58,1776178172000
1776178173.235,273.235,0.01,0.01,0.99,0.99,0.0,0.0,75260.58,1776178172000
1776178173.861,273.861,0.01,0.01,0.99,0.99,0.0,0.0,75260.58,1776178172000
1776178174.225,274.225,0.01,0.01,0.99,0.99,0.0,0.0,75256.26,1776178173000
1776178174.592,274.592,0.01,0.01,0.99,0.99,0.0,0.0,75256.26,1776178173000
1776178175.069,275.069,0.01,0.01,0.99,0.99,0.0,0.0,75256.26,1776178173000
1776178175.474,275.474,0.01,0.01,0.99,0.99,0.0,0.0,75247.26,1776178174000
1776178175.986,275.986,0.01,0.01,0.99,0.99,0.0,0.0,75247.26,1776178174000
1776178177.216,277.216,0.01,0.01,0.99,0.99,0.0,0.0,75236.82,1776178176000
1776178177.809,277.809,0.01,0.01,0.99,0.99,0.0,0.0,75236.82,1776178176000
1776178178.548,278.548,0.01,0.01,0.99,0.99,0.0,0.0,75232.16,1776178177000
1776178179.065,279.065,0.01,0.01,0.99,0.99,0.0,0.0,75234.67,1776178178000
1776178179.905,279.905,0.01,0.01,0.99,0.99,0.0,0.0,75234.67,1776178178000
1776178180.321,280.321,0.01,0.01,0.99,0.99,0.0,0.0,75239.24,1776178179000
1776178180.778,280.778,0.01,0.01,0.99,0.99,0.0,0.0,75241.22,1776178180000
1776178181.141,281.141,0.01,0.01,0.99,0.99,0.0,0.0,75241.22,1776178180000
1776178181.516,281.516,0.01,0.01,0.99,0.99,0.0,0.0,75241.22,1776178180000
1776178182.211,282.211,0.01,0.01,0.99,0.99,0.0,0.0,75236.63,1776178181000
1776178183.158,283.158,0.01,0.01,0.99,0.99,0.0,0.0,75229.77,1776178182000
1776178183.619,283.619,0.01,0.01,0.99,0.99,0.0,0.0,75229.77,1776178182000
1776178184.115,284.115,0.01,0.01,0.99,0.99,0.0,0.0,75222.23,1776178183000
1776178185.121,285.121,0.01,0.01,0.99,0.99,0.0,0.0,75228.61,1776178184000
1776178185.7,285.7,0.01,0.01,0.99,0.99,0.0,0.0,75228.61,1776178184000
1776178186.055,286.055,0.01,0.01,0.99,0.99,0.0,0.0,75228.61,1776178184000
1776178186.984,286.984,0.01,0.01,0.99,0.99,0.0,0.0,75246.2,1776178186000
1776178187.899,287.899,0.01,0.01,0.99,0.99,0.0,0.0,75252.54,1776178187000
1776178188.264,288.264,0.01,0.01,0.99,0.99,0.0,0.0,75252.54,1776178187000
1776178188.96,288.96,0.01,0.01,0.99,0.99,0.0,0.0,75258.45,1776178188000
1776178189.551,289.551,0.01,0.01,0.99,0.99,0.0,0.0,75258.45,1776178188000
1776178191.069,291.069,0.01,0.01,0.99,0.99,0.0,0.0,75258.45,1776178188000
1776178192.852,292.852,0.01,0.01,0.99,0.99,0.0,0.0,75235.85,1776178191000
1776178193.466,293.466,0.01,0.01,0.99,0.99,0.0,0.0,75237.16,1776178192000
1776178194.252,294.252,0.01,0.01,0.99,0.99,0.0,0.0,75241.83,1776178193000
1776178194.751,294.751,0.01,0.01,0.99,0.99,0.0,0.0,75241.83,1776178193000
1776178195.492,295.492,0.01,0.01,0.99,0.99,0.0,0.0,75241.83,1776178193000
1776178195.916,295.916,0.01,0.01,0.99,0.99,0.0,0.0,75238.41,1776178194000
1776178196.895,296.895,0.01,0.01,0.99,0.99,0.0,0.0,75235.96,1776178195000
1776178197.869,297.869,0.01,0.01,0.99,0.99,0.0,0.0,75236.78,1776178196000
1776178198.512,298.512,0.01,0.01,0.99,0.99,0.0,0.0,75237.85,1776178197000
1776178199.349,299.349,0.01,0.01,0.99,0.99,0.0,0.0,75237.41,1776178198000
1776178199.983,299.983,0.01,0.01,0.99,0.99,0.0,0.0,75237.41,1776178198000
1776178200.419,300.419,0.01,0.01,0.99,0.99,0.0,0.0,75228.95,1776178199000
1776178200.756,300.756,0.01,0.01,0.99,0.99,0.0,0.0,75228.95,1776178199000
1776178201.813,301.813,0.01,0.01,0.99,0.99,0.0,0.0,75232.78,1776178200000
1776178202.677,302.677,0.01,0.01,0.99,0.99,0.0,0.0,75229.01,1776178201000

# RESULT,winner=Down,slug=btc-updown-5m-1776177900,ticks=699
