timestamp,elapsed_sec,up_bid,up_ask,down_bid,down_ask,up_spread,down_spread,btc_price,btc_oracle_ts
1777258200.521,0.521,0.51,0.52,0.48,0.49,0.01,0.01,79112.68,1777258199000
1777258200.87,0.87,0.51,0.52,0.48,0.49,0.01,0.01,79112.68,1777258199000
1777258201.486,1.486,0.5,0.51,0.49,0.5,0.01,0.01,79112.68,1777258199000
1777258201.867,1.867,0.5,0.51,0.49,0.5,0.01,0.01,79112.87,1777258200000
1777258202.275,2.275,0.45,0.47,0.53,0.55,0.02,0.02,79113.04,1777258201000
1777258202.648,2.648,0.45,0.46,0.54,0.55,0.01,0.01,79113.04,1777258201000
1777258202.987,2.987,0.45,0.46,0.54,0.55,0.01,0.01,79113.04,1777258201000
1777258203.419,3.419,0.45,0.46,0.54,0.55,0.01,0.01,79109.02,1777258202000
1777258203.787,3.787,0.44,0.46,0.54,0.55,0.02,0.01,79109.02,1777258202000
1777258204.43,4.43,0.44,0.46,0.54,0.56,0.02,0.02,79103.97,1777258203000
1777258205.057,5.057,0.43,0.44,0.55,0.57,0.01,0.02,79103.97,1777258203000
1777258205.444,5.444,0.43,0.44,0.56,0.57,0.01,0.01,79103.97,1777258203000
1777258205.858,5.858,0.43,0.44,0.56,0.57,0.01,0.01,79103.65,1777258204000
1777258206.488,6.488,0.43,0.44,0.56,0.57,0.01,0.01,79103.91,1777258205000
1777258207.014,7.014,0.43,0.44,0.56,0.58,0.01,0.02,79103.91,1777258205000
1777258207.353,7.353,0.43,0.44,0.56,0.57,0.01,0.01,79101.76,1777258206000
1777258208.19,8.19,0.42,0.45,0.56,0.58,0.03,0.02,79101.76,1777258206000
1777258208.539,8.539,0.42,0.43,0.57,0.58,0.01,0.01,79101.76,1777258207000
1777258208.969,8.969,0.42,0.43,0.57,0.58,0.01,0.01,79101.76,1777258207000
1777258209.572,9.572,0.42,0.43,0.57,0.58,0.01,0.01,79101.19,1777258208000
1777258210.011,10.011,0.42,0.43,0.57,0.58,0.01,0.01,79101.19,1777258208000
1777258210.441,10.441,0.41,0.42,0.58,0.59,0.01,0.01,79100.69,1777258209000
1777258210.975,10.975,0.41,0.42,0.58,0.59,0.01,0.01,79100.69,1777258209000
1777258211.458,11.458,0.41,0.42,0.58,0.59,0.01,0.01,79100.68,1777258210000
1777258212.052,12.052,0.41,0.42,0.58,0.59,0.01,0.01,79100.53,1777258211000
1777258212.415,12.415,0.41,0.42,0.58,0.59,0.01,0.01,79100.53,1777258211000
1777258212.92,12.92,0.41,0.42,0.58,0.59,0.01,0.01,79100.53,1777258211000
1777258213.416,13.416,0.41,0.42,0.58,0.59,0.01,0.01,79100.53,1777258211000
1777258213.856,13.856,0.41,0.42,0.58,0.59,0.01,0.01,79099.27,1777258212000
1777258214.5,14.5,0.41,0.42,0.58,0.59,0.01,0.01,79099.09,1777258213000
1777258215.046,15.046,0.41,0.42,0.58,0.59,0.01,0.01,79099.55,1777258214000
1777258215.443,15.443,0.41,0.42,0.58,0.59,0.01,0.01,79099.55,1777258214000
1777258215.914,15.914,0.41,0.42,0.58,0.59,0.01,0.01,79099.55,1777258214000
1777258216.309,16.309,0.41,0.42,0.58,0.59,0.01,0.01,79099.55,1777258214000
1777258216.661,16.661,0.41,0.42,0.58,0.59,0.01,0.01,79099.63,1777258215000
1777258217.163,17.163,0.41,0.43,0.58,0.59,0.02,0.01,79099.63,1777258215000
1777258218.033,18.033,0.41,0.42,0.57,0.59,0.01,0.02,79099.56,1777258216000
1777258218.978,18.978,0.42,0.43,0.57,0.58,0.01,0.01,79100.77,1777258217000
1777258219.423,19.423,0.42,0.43,0.57,0.58,0.01,0.01,79100.72,1777258218000
1777258219.756,19.756,0.39,0.42,0.58,0.6,0.03,0.02,79100.72,1777258218000
1777258220.232,20.232,0.37,0.39,0.61,0.63,0.02,0.02,79100.67,1777258219000
1777258221.179,21.179,0.37,0.38,0.62,0.63,0.01,0.01,79099.11,1777258220000
1777258221.692,21.692,0.36,0.37,0.62,0.63,0.01,0.01,79099.11,1777258220000
1777258222.314,22.314,0.36,0.37,0.63,0.64,0.01,0.01,79099.11,1777258220000
1777258222.673,22.673,0.36,0.37,0.63,0.64,0.01,0.01,79097.24,1777258221000
1777258223.091,23.091,0.36,0.37,0.63,0.64,0.01,0.01,79097.24,1777258221000
1777258223.451,23.451,0.36,0.37,0.63,0.64,0.01,0.01,79096.9,1777258222000
1777258223.963,23.963,0.35,0.36,0.63,0.64,0.01,0.01,79096.9,1777258222000
1777258224.362,24.362,0.35,0.36,0.64,0.65,0.01,0.01,79096.92,1777258223000
1777258225.267,25.267,0.35,0.36,0.64,0.65,0.01,0.01,79096.59,1777258224000
1777258225.864,25.864,0.35,0.36,0.64,0.65,0.01,0.01,79096.59,1777258224000
1777258226.322,26.322,0.34,0.36,0.65,0.66,0.02,0.01,79096.59,1777258224000
1777258226.669,26.669,0.35,0.36,0.64,0.66,0.01,0.02,79095.49,1777258225000
1777258227.009,27.009,0.35,0.36,0.64,0.65,0.01,0.01,79095.49,1777258225000
1777258227.595,27.595,0.35,0.36,0.64,0.65,0.01,0.01,79095.49,1777258226000
1777258228.015,28.015,0.35,0.36,0.64,0.65,0.01,0.01,79095.49,1777258226000
1777258228.363,28.363,0.35,0.36,0.64,0.65,0.01,0.01,79095.61,1777258227000
1777258229.009,29.009,0.35,0.36,0.64,0.65,0.01,0.01,79095.61,1777258227000
1777258229.401,29.401,0.35,0.36,0.64,0.65,0.01,0.01,79095.55,1777258228000
1777258229.746,29.746,0.35,0.42,0.58,0.65,0.07,0.07,79095.55,1777258228000
1777258230.187,30.187,0.44,0.45,0.53,0.57,0.01,0.04,79095.58,1777258229000
1777258230.641,30.641,0.48,0.49,0.52,0.54,0.01,0.02,79095.58,1777258229000
1777258231.008,31.008,0.48,0.49,0.51,0.52,0.01,0.01,79095.58,1777258229000
1777258231.377,31.377,0.48,0.49,0.51,0.52,0.01,0.01,79095.78,1777258230000
1777258231.737,31.737,0.49,0.5,0.5,0.51,0.01,0.01,79095.78,1777258230000
1777258232.15,32.15,0.49,0.5,0.5,0.51,0.01,0.01,79099.42,1777258231000
1777258232.624,32.624,0.48,0.49,0.5,0.52,0.01,0.02,79099.42,1777258231000
1777258232.964,32.964,0.47,0.48,0.52,0.53,0.01,0.01,79099.42,1777258231000
1777258233.353,33.353,0.47,0.48,0.52,0.53,0.01,0.01,79102.85,1777258232000
1777258233.73,33.73,0.47,0.48,0.52,0.53,0.01,0.01,79102.85,1777258232000
1777258234.127,34.127,0.47,0.48,0.52,0.53,0.01,0.01,79102.85,1777258232000
1777258234.541,34.541,0.47,0.48,0.52,0.53,0.01,0.01,79102.85,1777258233000
1777258235.204,35.204,0.45,0.47,0.52,0.53,0.02,0.01,79102.85,1777258233000
1777258235.549,35.549,0.46,0.47,0.53,0.55,0.01,0.02,79102.87,1777258234000
1777258235.93,35.93,0.45,0.47,0.53,0.55,0.02,0.02,79102.87,1777258235000
1777258236.985,36.985,0.45,0.46,0.54,0.55,0.01,0.01,79102.87,1777258236000
1777258237.52,37.52,0.45,0.46,0.54,0.55,0.01,0.01,79102.87,1777258236000
1777258238.071,38.071,0.45,0.46,0.54,0.55,0.01,0.01,79102.55,1777258237000
1777258238.406,38.406,0.45,0.46,0.54,0.55,0.01,0.01,79102.55,1777258237000
1777258238.935,38.935,0.45,0.46,0.54,0.55,0.01,0.01,79102.55,1777258237000
1777258239.298,39.298,0.45,0.46,0.54,0.55,0.01,0.01,79102.68,1777258238000
1777258239.638,39.638,0.45,0.46,0.54,0.55,0.01,0.01,79102.68,1777258238000
1777258240.182,40.182,0.45,0.46,0.54,0.55,0.01,0.01,79102.72,1777258239000
1777258240.774,40.774,0.45,0.46,0.54,0.55,0.01,0.01,79102.72,1777258239000
1777258241.14,41.14,0.45,0.47,0.53,0.55,0.02,0.02,79102.52,1777258240000
1777258241.482,41.482,0.45,0.47,0.53,0.54,0.02,0.01,79102.52,1777258240000
1777258241.882,41.882,0.46,0.47,0.54,0.55,0.01,0.01,79102.52,1777258240000
1777258242.235,42.235,0.46,0.47,0.53,0.54,0.01,0.01,79102.52,1777258240000
1777258242.913,42.913,0.46,0.47,0.53,0.54,0.01,0.01,79101.95,1777258241000
1777258243.316,43.316,0.46,0.47,0.53,0.54,0.01,0.01,79101.85,1777258242000
1777258243.801,43.801,0.46,0.47,0.53,0.54,0.01,0.01,79101.85,1777258242000
1777258244.352,44.352,0.46,0.47,0.53,0.54,0.01,0.01,79101.48,1777258243000
1777258244.784,44.784,0.46,0.47,0.53,0.54,0.01,0.01,79101.48,1777258243000
1777258245.28,45.28,0.46,0.47,0.53,0.54,0.01,0.01,79101.99,1777258244000
1777258245.725,45.725,0.46,0.47,0.53,0.54,0.01,0.01,79101.99,1777258244000
1777258246.058,46.058,0.48,0.49,0.51,0.52,0.01,0.01,79101.99,1777258244000
1777258246.646,46.646,0.48,0.49,0.51,0.52,0.01,0.01,79101.36,1777258245000
1777258246.988,46.988,0.44,0.45,0.55,0.56,0.01,0.01,79101.36,1777258245000
1777258248.049,48.049,0.41,0.43,0.57,0.59,0.02,0.02,79101.98,1777258247000
1777258249.084,49.084,0.41,0.43,0.57,0.59,0.02,0.02,79101.43,1777258248000
1777258250.106,50.106,0.41,0.42,0.58,0.59,0.01,0.01,79100.75,1777258249000
1777258250.496,50.496,0.41,0.42,0.58,0.59,0.01,0.01,79100.75,1777258249000
1777258250.995,50.995,0.41,0.42,0.58,0.59,0.01,0.01,79100.75,1777258249000
1777258251.343,51.343,0.41,0.42,0.58,0.59,0.01,0.01,79100.76,1777258250000
1777258251.736,51.736,0.41,0.42,0.58,0.59,0.01,0.01,79100.76,1777258250000
1777258252.078,52.078,0.41,0.42,0.58,0.59,0.01,0.01,79100.76,1777258250000
1777258252.455,52.455,0.42,0.43,0.57,0.59,0.01,0.02,79100.32,1777258251000
1777258252.957,52.957,0.42,0.43,0.57,0.59,0.01,0.02,79100.32,1777258251000
1777258253.335,53.335,0.42,0.43,0.57,0.58,0.01,0.01,79100.24,1777258252000
1777258253.855,53.855,0.42,0.44,0.57,0.58,0.02,0.01,79100.24,1777258252000
1777258254.223,54.223,0.42,0.44,0.56,0.58,0.02,0.02,79100.24,1777258252000
1777258254.812,54.812,0.42,0.44,0.57,0.58,0.02,0.01,79100.14,1777258253000
1777258255.244,55.244,0.41,0.42,0.58,0.59,0.01,0.01,79100.14,1777258253000
1777258255.608,55.608,0.39,0.4,0.58,0.59,0.01,0.01,79099.96,1777258254000
1777258255.951,55.951,0.39,0.4,0.6,0.61,0.01,0.01,79099.96,1777258254000
1777258256.336,56.336,0.39,0.4,0.6,0.61,0.01,0.01,79099.83,1777258255000
1777258256.679,56.679,0.39,0.41,0.6,0.61,0.02,0.01,79099.83,1777258255000
1777258257.115,57.115,0.39,0.4,0.59,0.6,0.01,0.01,79099.83,1777258255000
1777258257.495,57.495,0.39,0.41,0.6,0.61,0.02,0.01,79099.83,1777258255000
1777258257.868,57.868,0.39,0.4,0.6,0.61,0.01,0.01,79099.83,1777258255000
1777258258.22,58.22,0.41,0.42,0.58,0.59,0.01,0.01,79098.82,1777258256000
1777258258.627,58.627,0.4,0.41,0.58,0.61,0.01,0.03,79097.72,1777258257000
1777258259.01,59.01,0.4,0.41,0.58,0.61,0.01,0.03,79097.72,1777258257000
1777258259.361,59.361,0.4,0.43,0.56,0.6,0.03,0.04,79098.37,1777258258000
1777258259.844,59.844,0.41,0.42,0.58,0.61,0.01,0.03,79098.37,1777258258000
1777258260.264,60.264,0.39,0.43,0.57,0.58,0.04,0.01,79098.37,1777258258000
1777258260.598,60.598,0.39,0.4,0.6,0.61,0.01,0.01,79096.53,1777258259000
1777258260.951,60.951,0.39,0.4,0.6,0.61,0.01,0.01,79096.53,1777258259000
1777258261.313,61.313,0.39,0.4,0.6,0.61,0.01,0.01,79096.53,1777258259000
1777258261.669,61.669,0.39,0.4,0.6,0.61,0.01,0.01,79096.21,1777258260000
1777258262.15,62.15,0.41,0.42,0.58,0.61,0.01,0.03,79096.21,1777258260000
1777258263.173,63.173,0.4,0.41,0.58,0.6,0.01,0.02,79095.99,1777258261000
1777258263.562,63.562,0.45,0.46,0.54,0.55,0.01,0.01,79094.29,1777258262000
1777258263.897,63.897,0.45,0.47,0.53,0.55,0.02,0.02,79094.29,1777258262000
1777258264.24,64.24,0.46,0.47,0.53,0.54,0.01,0.01,79094.29,1777258262000
1777258264.588,64.588,0.47,0.48,0.52,0.53,0.01,0.01,79094.26,1777258263000
1777258264.955,64.955,0.47,0.48,0.52,0.53,0.01,0.01,79094.26,1777258263000
1777258265.403,65.403,0.47,0.48,0.52,0.53,0.01,0.01,79094.48,1777258264000
1777258265.768,65.768,0.47,0.48,0.52,0.53,0.01,0.01,79094.48,1777258264000
1777258266.166,66.166,0.45,0.47,0.53,0.55,0.02,0.02,79097.01,1777258265000
1777258266.689,66.689,0.43,0.45,0.53,0.56,0.02,0.03,79097.01,1777258265000
1777258267.18,67.18,0.43,0.44,0.55,0.57,0.01,0.02,79097.01,1777258265000
1777258267.521,67.521,0.41,0.44,0.56,0.59,0.03,0.03,79097.9,1777258266000
1777258268.041,68.041,0.42,0.43,0.56,0.59,0.01,0.03,79097.9,1777258266000
1777258268.463,68.463,0.42,0.43,0.57,0.58,0.01,0.01,79097.19,1777258267000
1777258268.858,68.858,0.41,0.42,0.58,0.59,0.01,0.01,79097.19,1777258267000
1777258269.231,69.231,0.4,0.41,0.59,0.6,0.01,0.01,79097.19,1777258267000
1777258269.598,69.598,0.39,0.4,0.6,0.61,0.01,0.01,79097.14,1777258268000
1777258270.031,70.031,0.39,0.4,0.6,0.61,0.01,0.01,79097.14,1777258268000
1777258270.388,70.388,0.39,0.4,0.6,0.61,0.01,0.01,79097.14,1777258269000
1777258270.785,70.785,0.39,0.4,0.6,0.61,0.01,0.01,79097.14,1777258269000
1777258271.234,71.234,0.39,0.41,0.6,0.61,0.02,0.01,79097.14,1777258269000
1777258271.634,71.634,0.4,0.41,0.59,0.6,0.01,0.01,79097.14,1777258270000
1777258272.202,72.202,0.4,0.41,0.59,0.6,0.01,0.01,79097.14,1777258270000
1777258273.18,73.18,0.41,0.43,0.58,0.59,0.02,0.01,79097.28,1777258271000
1777258273.566,73.566,0.42,0.43,0.57,0.59,0.01,0.02,79097.28,1777258272000
1777258273.91,73.91,0.42,0.43,0.57,0.58,0.01,0.01,79097.49,1777258273000
1777258274.856,74.856,0.43,0.44,0.56,0.57,0.01,0.01,79097.68,1777258274000
1777258275.362,75.362,0.44,0.45,0.55,0.57,0.01,0.02,79097.68,1777258274000
1777258275.959,75.959,0.44,0.47,0.55,0.56,0.03,0.01,79097.68,1777258274000
1777258276.312,76.312,0.46,0.47,0.53,0.54,0.01,0.01,79097.67,1777258275000
1777258276.734,76.734,0.46,0.47,0.53,0.54,0.01,0.01,79097.67,1777258275000
1777258277.076,77.076,0.43,0.44,0.55,0.57,0.01,0.02,79097.68,1777258276000
1777258277.446,77.446,0.43,0.44,0.56,0.57,0.01,0.01,79097.68,1777258276000
1777258278.029,78.029,0.42,0.43,0.56,0.58,0.01,0.02,79097.68,1777258276000
1777258278.487,78.487,0.41,0.42,0.58,0.59,0.01,0.01,79097.66,1777258277000
1777258279.004,79.004,0.41,0.42,0.58,0.59,0.01,0.01,79097.66,1777258277000
1777258279.626,79.626,0.41,0.42,0.58,0.59,0.01,0.01,79097.29,1777258278000
1777258280.081,80.081,0.41,0.42,0.58,0.59,0.01,0.01,79096.31,1777258279000
1777258280.536,80.536,0.39,0.4,0.58,0.6,0.01,0.02,79096.31,1777258279000
1777258280.98,80.98,0.39,0.4,0.6,0.61,0.01,0.01,79096.31,1777258279000
1777258281.321,81.321,0.37,0.38,0.61,0.63,0.01,0.02,79096.32,1777258280000
1777258281.662,81.662,0.37,0.38,0.62,0.63,0.01,0.01,79096.32,1777258280000
1777258281.998,81.998,0.37,0.38,0.62,0.63,0.01,0.01,79096.32,1777258280000
1777258282.376,82.376,0.38,0.39,0.61,0.63,0.01,0.02,79096.32,1777258281000
1777258283.005,83.005,0.38,0.39,0.61,0.62,0.01,0.01,79096.32,1777258281000
1777258283.566,83.566,0.37,0.38,0.62,0.63,0.01,0.01,79096.16,1777258282000
1777258283.923,83.923,0.37,0.4,0.62,0.63,0.03,0.01,79096.16,1777258282000
1777258284.365,84.365,0.38,0.39,0.6,0.63,0.01,0.03,79095.87,1777258283000
1777258284.804,84.804,0.39,0.42,0.6,0.62,0.03,0.02,79095.87,1777258283000
1777258285.533,85.533,0.41,0.43,0.58,0.61,0.02,0.03,79095.87,1777258283000
1777258285.985,85.985,0.42,0.43,0.57,0.58,0.01,0.01,79095.37,1777258284000
1777258286.605,86.605,0.37,0.43,0.57,0.63,0.06,0.06,79095.19,1777258285000
1777258286.986,86.986,0.39,0.4,0.6,0.61,0.01,0.01,79095.19,1777258285000
1777258287.819,87.819,0.39,0.4,0.6,0.61,0.01,0.01,79095.06,1777258286000
1777258288.236,88.236,0.42,0.43,0.57,0.58,0.01,0.01,79095.39,1777258287000
1777258288.586,88.586,0.48,0.5,0.51,0.52,0.02,0.01,79095.39,1777258287000
1777258289.526,89.526,0.5,0.51,0.49,0.5,0.01,0.01,79095.39,1777258287000
1777258289.88,89.88,0.5,0.51,0.49,0.5,0.01,0.01,79098.07,1777258288000
1777258290.237,90.237,0.5,0.51,0.49,0.5,0.01,0.01,79098.07,1777258288000
1777258290.661,90.661,0.5,0.51,0.49,0.5,0.01,0.01,79103.4,1777258289000
1777258291.016,91.016,0.52,0.53,0.47,0.48,0.01,0.01,79103.4,1777258290000
1777258291.379,91.379,0.59,0.6,0.4,0.43,0.01,0.03,79103.4,1777258290000
1777258291.74,91.74,0.6,0.61,0.39,0.4,0.01,0.01,79103.4,1777258290000
1777258292.113,92.113,0.61,0.62,0.38,0.39,0.01,0.01,79103.4,1777258290000
1777258292.498,92.498,0.61,0.62,0.38,0.39,0.01,0.01,79105.18,1777258291000
1777258292.886,92.886,0.61,0.62,0.38,0.39,0.01,0.01,79105.18,1777258291000
1777258293.287,93.287,0.59,0.6,0.4,0.41,0.01,0.01,79109.4,1777258292000
1777258293.68,93.68,0.59,0.6,0.4,0.41,0.01,0.01,79109.4,1777258292000
1777258294.131,94.131,0.59,0.6,0.4,0.41,0.01,0.01,79109.4,1777258292000
1777258294.473,94.473,0.58,0.6,0.4,0.41,0.02,0.01,79109.4,1777258292000
1777258294.829,94.829,0.58,0.59,0.41,0.42,0.01,0.01,79111.74,1777258293000
1777258295.202,95.202,0.53,0.57,0.43,0.45,0.04,0.02,79111.74,1777258293000
1777258295.536,95.536,0.52,0.55,0.45,0.48,0.03,0.03,79111.72,1777258294000
1777258295.893,95.893,0.52,0.53,0.47,0.48,0.01,0.01,79111.72,1777258294000
1777258296.245,96.245,0.52,0.53,0.47,0.48,0.01,0.01,79111.72,1777258294000
1777258296.586,96.586,0.52,0.53,0.47,0.48,0.01,0.01,79111.78,1777258295000
1777258296.948,96.948,0.51,0.53,0.47,0.48,0.02,0.01,79111.78,1777258295000
1777258297.37,97.37,0.51,0.52,0.48,0.49,0.01,0.01,79111.69,1777258296000
1777258297.814,97.814,0.51,0.52,0.48,0.49,0.01,0.01,79111.69,1777258296000
1777258298.188,98.188,0.51,0.52,0.48,0.49,0.01,0.01,79111.34,1777258297000
1777258298.837,98.837,0.51,0.52,0.48,0.49,0.01,0.01,79111.34,1777258297000
1777258299.353,99.353,0.52,0.53,0.47,0.48,0.01,0.01,79111.34,1777258297000
1777258300.154,100.154,0.55,0.56,0.44,0.45,0.01,0.01,79111.37,1777258299000
1777258300.664,100.664,0.54,0.55,0.44,0.47,0.01,0.03,79111.37,1777258299000
1777258301.409,101.409,0.56,0.57,0.43,0.46,0.01,0.03,79111.37,1777258299000
1777258301.932,101.932,0.56,0.57,0.43,0.44,0.01,0.01,79112.34,1777258300000
1777258302.442,102.442,0.55,0.56,0.43,0.45,0.01,0.02,79113.01,1777258301000
1777258302.882,102.882,0.53,0.54,0.44,0.45,0.01,0.01,79113.01,1777258301000
1777258303.235,103.235,0.51,0.52,0.48,0.49,0.01,0.01,79113.01,1777258301000
1777258303.603,103.603,0.51,0.52,0.48,0.49,0.01,0.01,79112.67,1777258302000
1777258304.15,104.15,0.56,0.57,0.43,0.44,0.01,0.01,79112.67,1777258303000
1777258304.53,104.53,0.57,0.58,0.42,0.44,0.01,0.02,79112.67,1777258303000
1777258304.879,104.879,0.57,0.58,0.42,0.43,0.01,0.01,79112.67,1777258303000
1777258305.264,105.264,0.57,0.58,0.42,0.43,0.01,0.01,79113.09,1777258304000
1777258305.628,105.628,0.58,0.59,0.41,0.42,0.01,0.01,79113.09,1777258304000
1777258305.968,105.968,0.56,0.58,0.42,0.44,0.02,0.02,79113.09,1777258304000
1777258306.313,106.313,0.55,0.57,0.43,0.44,0.02,0.01,79113.09,1777258304000
1777258306.714,106.714,0.55,0.56,0.44,0.45,0.01,0.01,79114.18,1777258305000
1777258307.065,107.065,0.55,0.56,0.44,0.45,0.01,0.01,79117.38,1777258306000
1777258307.485,107.485,0.55,0.56,0.44,0.45,0.01,0.01,79117.38,1777258306000
1777258307.879,107.879,0.55,0.56,0.44,0.45,0.01,0.01,79117.38,1777258306000
1777258308.233,108.233,0.55,0.56,0.44,0.45,0.01,0.01,79118.46,1777258307000
1777258309.034,109.034,0.55,0.56,0.44,0.45,0.01,0.01,79118.46,1777258307000
1777258309.372,109.372,0.56,0.57,0.43,0.45,0.01,0.02,79119.3,1777258308000
1777258309.902,109.902,0.56,0.57,0.43,0.44,0.01,0.01,79119.3,1777258308000
1777258310.333,110.333,0.56,0.57,0.43,0.44,0.01,0.01,79119.3,1777258308000
1777258310.719,110.719,0.56,0.57,0.43,0.44,0.01,0.01,79119.05,1777258309000
1777258311.138,111.138,0.55,0.56,0.44,0.45,0.01,0.01,79119.05,1777258309000
1777258311.751,111.751,0.55,0.56,0.44,0.45,0.01,0.01,79119.05,1777258310000
1777258312.226,112.226,0.55,0.56,0.44,0.45,0.01,0.01,79119.05,1777258310000
1777258312.906,112.906,0.55,0.56,0.44,0.45,0.01,0.01,79119.51,1777258311000
1777258313.367,113.367,0.55,0.56,0.44,0.45,0.01,0.01,79119.53,1777258312000
1777258314.099,114.099,0.55,0.56,0.44,0.45,0.01,0.01,79119.74,1777258313000
1777258314.604,114.604,0.55,0.56,0.44,0.45,0.01,0.01,79119.74,1777258313000
1777258315.043,115.043,0.55,0.56,0.44,0.45,0.01,0.01,79119.74,1777258313000
1777258315.42,115.42,0.55,0.56,0.44,0.45,0.01,0.01,79119.75,1777258314000
1777258315.825,115.825,0.55,0.56,0.44,0.45,0.01,0.01,79119.75,1777258314000
1777258316.352,116.352,0.55,0.58,0.44,0.45,0.03,0.01,79119.75,1777258314000
1777258316.734,116.734,0.57,0.58,0.42,0.43,0.01,0.01,79119.55,1777258315000
1777258317.15,117.15,0.57,0.58,0.42,0.43,0.01,0.01,79119.55,1777258315000
1777258317.521,117.521,0.57,0.58,0.42,0.43,0.01,0.01,79119.52,1777258316000
1777258318.029,118.029,0.57,0.58,0.43,0.44,0.01,0.01,79119.52,1777258316000
1777258318.647,118.647,0.57,0.58,0.42,0.43,0.01,0.01,79119.52,1777258316000
1777258319.04,119.04,0.57,0.58,0.42,0.43,0.01,0.01,79119.78,1777258317000
1777258320.348,120.348,0.57,0.58,0.42,0.43,0.01,0.01,79119.49,1777258319000
1777258320.692,120.692,0.57,0.58,0.42,0.43,0.01,0.01,79119.49,1777258319000
1777258321.12,121.12,0.57,0.58,0.42,0.43,0.01,0.01,79119.49,1777258320000
1777258321.724,121.724,0.57,0.59,0.42,0.43,0.02,0.01,79119.49,1777258320000
1777258322.208,122.208,0.58,0.59,0.41,0.42,0.01,0.01,79119.38,1777258321000
1777258322.6,122.6,0.58,0.59,0.41,0.42,0.01,0.01,79119.38,1777258321000
1777258323.006,123.006,0.58,0.59,0.41,0.42,0.01,0.01,79119.38,1777258321000
1777258323.478,123.478,0.58,0.59,0.41,0.42,0.01,0.01,79119.38,1777258321000
1777258324.051,124.051,0.58,0.59,0.41,0.42,0.01,0.01,79119.93,1777258323000
1777258324.556,124.556,0.58,0.59,0.41,0.42,0.01,0.01,79119.93,1777258323000
1777258324.892,124.892,0.58,0.59,0.41,0.42,0.01,0.01,79119.93,1777258323000
1777258325.253,125.253,0.58,0.59,0.41,0.42,0.01,0.01,79119.93,1777258323000
1777258325.817,125.817,0.57,0.58,0.41,0.43,0.01,0.02,79120.67,1777258324000
1777258326.245,126.245,0.63,0.64,0.37,0.39,0.01,0.02,79120.67,1777258324000
1777258326.641,126.641,0.63,0.64,0.36,0.37,0.01,0.01,79120.73,1777258325000
1777258326.994,126.994,0.63,0.64,0.36,0.37,0.01,0.01,79120.73,1777258326000
1777258327.385,127.385,0.63,0.64,0.36,0.37,0.01,0.01,79120.73,1777258326000
1777258327.732,127.732,0.63,0.64,0.36,0.37,0.01,0.01,79120.73,1777258326000
1777258328.187,128.187,0.62,0.63,0.36,0.38,0.01,0.02,79120.73,1777258326000
1777258328.846,128.846,0.63,0.64,0.36,0.37,0.01,0.01,79122.01,1777258327000
1777258329.259,129.259,0.63,0.64,0.36,0.37,0.01,0.01,79122.01,1777258327000
1777258329.598,129.598,0.63,0.64,0.36,0.37,0.01,0.01,79124.41,1777258328000
1777258329.982,129.982,0.63,0.64,0.36,0.37,0.01,0.01,79125.67,1777258329000
1777258330.447,130.447,0.62,0.64,0.36,0.37,0.02,0.01,79125.67,1777258329000
1777258330.782,130.782,0.62,0.63,0.37,0.38,0.01,0.01,79125.67,1777258329000
1777258331.21,131.21,0.61,0.62,0.38,0.39,0.01,0.01,79126.69,1777258330000
1777258331.689,131.689,0.61,0.62,0.38,0.39,0.01,0.01,79126.69,1777258330000
1777258332.116,132.116,0.63,0.64,0.36,0.37,0.01,0.01,79127.98,1777258331000
1777258332.634,132.634,0.63,0.64,0.36,0.37,0.01,0.01,79127.98,1777258331000
1777258333.267,133.267,0.63,0.64,0.36,0.37,0.01,0.01,79127.98,1777258331000
1777258333.637,133.637,0.61,0.62,0.38,0.39,0.01,0.01,79127.98,1777258331000
1777258334.011,134.011,0.61,0.62,0.38,0.39,0.01,0.01,79128.11,1777258332000
1777258334.364,134.364,0.61,0.62,0.38,0.39,0.01,0.01,79128.11,1777258332000
1777258334.707,134.707,0.62,0.63,0.37,0.39,0.01,0.02,79128.04,1777258333000
1777258335.046,135.046,0.62,0.63,0.37,0.38,0.01,0.01,79128.04,1777258333000
1777258335.63,135.63,0.63,0.64,0.36,0.37,0.01,0.01,79128.04,1777258333000
1777258335.979,135.979,0.63,0.64,0.36,0.37,0.01,0.01,79128.32,1777258334000
1777258336.598,136.598,0.63,0.64,0.36,0.37,0.01,0.01,79128.55,1777258335000
1777258337.544,137.544,0.63,0.64,0.36,0.37,0.01,0.01,79128.55,1777258335000
1777258338.326,138.326,0.63,0.64,0.36,0.37,0.01,0.01,79129.33,1777258337000
1777258338.67,138.67,0.64,0.65,0.35,0.36,0.01,0.01,79129.33,1777258337000
1777258339.015,139.015,0.67,0.68,0.32,0.33,0.01,0.01,79129.33,1777258337000
1777258339.373,139.373,0.69,0.7,0.3,0.31,0.01,0.01,79129.33,1777258337000
1777258339.729,139.729,0.69,0.7,0.3,0.31,0.01,0.01,79129.33,1777258337000
1777258340.094,140.094,0.69,0.7,0.3,0.31,0.01,0.01,79129.37,1777258338000
1777258340.428,140.428,0.69,0.7,0.3,0.31,0.01,0.01,79132.4,1777258339000
1777258340.846,140.846,0.73,0.75,0.25,0.29,0.02,0.04,79132.4,1777258339000
1777258341.297,141.297,0.74,0.75,0.25,0.26,0.01,0.01,79132.4,1777258339000
1777258341.643,141.643,0.74,0.75,0.25,0.26,0.01,0.01,79144.41,1777258340000
1777258342.064,142.064,0.74,0.75,0.25,0.26,0.01,0.01,79148.18,1777258341000
1777258342.59,142.59,0.74,0.75,0.25,0.26,0.01,0.01,79148.18,1777258341000
1777258342.936,142.936,0.74,0.75,0.25,0.26,0.01,0.01,79148.18,1777258341000
1777258343.343,143.343,0.75,0.76,0.24,0.25,0.01,0.01,79148.18,1777258341000
1777258343.723,143.723,0.76,0.77,0.23,0.24,0.01,0.01,79152.27,1777258342000
1777258344.206,144.206,0.76,0.77,0.23,0.24,0.01,0.01,79152.89,1777258343000
1777258344.676,144.676,0.76,0.77,0.23,0.24,0.01,0.01,79152.89,1777258343000
1777258345.036,145.036,0.76,0.77,0.23,0.24,0.01,0.01,79152.89,1777258343000
1777258345.454,145.454,0.77,0.78,0.22,0.23,0.01,0.01,79155.34,1777258344000
1777258345.813,145.813,0.8,0.81,0.19,0.2,0.01,0.01,79155.34,1777258344000
1777258346.318,146.318,0.81,0.82,0.18,0.19,0.01,0.01,79155.34,1777258344000
1777258346.698,146.698,0.81,0.82,0.18,0.19,0.01,0.01,79155.34,1777258344000
1777258347.092,147.092,0.81,0.82,0.18,0.19,0.01,0.01,79155.35,1777258345000
1777258347.593,147.593,0.83,0.84,0.16,0.18,0.01,0.02,79155.35,1777258345000
1777258347.957,147.957,0.84,0.85,0.15,0.16,0.01,0.01,79156.25,1777258346000
1777258348.298,148.298,0.84,0.85,0.15,0.16,0.01,0.01,79156.25,1777258346000
1777258348.681,148.681,0.84,0.85,0.15,0.16,0.01,0.01,79156.25,1777258346000
1777258349.039,149.039,0.83,0.85,0.15,0.16,0.02,0.01,79157.41,1777258347000
1777258349.408,149.408,0.83,0.84,0.15,0.17,0.01,0.02,79157.41,1777258347000
1777258349.758,149.758,0.84,0.85,0.15,0.16,0.01,0.01,79159.58,1777258348000
1777258350.112,150.112,0.83,0.84,0.16,0.18,0.01,0.02,79159.58,1777258348000
1777258350.486,150.486,0.82,0.83,0.17,0.18,0.01,0.01,79163.84,1777258349000
1777258350.986,150.986,0.82,0.83,0.17,0.18,0.01,0.01,79163.84,1777258349000
1777258351.396,151.396,0.83,0.84,0.16,0.18,0.01,0.02,79163.84,1777258349000
1777258351.743,151.743,0.83,0.84,0.16,0.17,0.01,0.01,79163.84,1777258349000
1777258352.082,152.082,0.83,0.84,0.16,0.17,0.01,0.01,79163.84,1777258349000
1777258352.459,152.459,0.83,0.85,0.16,0.17,0.02,0.01,79166.8,1777258351000
1777258352.908,152.908,0.84,0.85,0.16,0.17,0.01,0.01,79166.8,1777258351000
1777258353.265,153.265,0.84,0.85,0.15,0.16,0.01,0.01,79167.68,1777258352000
1777258353.6,153.6,0.84,0.85,0.15,0.16,0.01,0.01,79167.68,1777258352000
1777258354.063,154.063,0.83,0.85,0.15,0.17,0.02,0.02,79167.96,1777258353000
1777258354.401,154.401,0.84,0.85,0.15,0.16,0.01,0.01,79167.96,1777258353000
1777258354.794,154.794,0.84,0.85,0.15,0.16,0.01,0.01,79167.96,1777258353000
1777258355.134,155.134,0.84,0.85,0.15,0.16,0.01,0.01,79168.15,1777258354000
1777258355.506,155.506,0.84,0.85,0.15,0.16,0.01,0.01,79168.15,1777258354000
1777258355.967,155.967,0.8,0.85,0.15,0.16,0.05,0.01,79168.15,1777258354000
1777258356.308,156.308,0.82,0.83,0.17,0.18,0.01,0.01,79171.7,1777258355000
1777258356.794,156.794,0.82,0.83,0.17,0.18,0.01,0.01,79171.7,1777258355000
1777258357.13,157.13,0.82,0.83,0.17,0.18,0.01,0.01,79172.87,1777258356000
1777258357.492,157.492,0.82,0.83,0.17,0.18,0.01,0.01,79172.87,1777258356000
1777258357.828,157.828,0.82,0.83,0.17,0.18,0.01,0.01,79172.87,1777258356000
1777258358.202,158.202,0.82,0.83,0.17,0.18,0.01,0.01,79172.75,1777258357000
1777258358.922,158.922,0.82,0.83,0.16,0.18,0.01,0.02,79172.75,1777258357000
1777258359.335,159.335,0.82,0.83,0.17,0.18,0.01,0.01,79173.23,1777258358000
1777258359.814,159.814,0.82,0.83,0.17,0.18,0.01,0.01,79173.23,1777258358000
1777258360.19,160.19,0.82,0.83,0.17,0.18,0.01,0.01,79173.23,1777258358000
1777258360.536,160.536,0.82,0.83,0.17,0.18,0.01,0.01,79173.11,1777258359000
1777258361.097,161.097,0.82,0.83,0.17,0.18,0.01,0.01,79173.11,1777258359000
1777258361.508,161.508,0.82,0.83,0.17,0.18,0.01,0.01,79173.89,1777258360000
1777258361.88,161.88,0.82,0.83,0.17,0.18,0.01,0.01,79173.89,1777258360000
1777258362.228,162.228,0.82,0.83,0.17,0.18,0.01,0.01,79174.22,1777258361000
1777258362.612,162.612,0.84,0.85,0.15,0.16,0.01,0.01,79174.22,1777258361000
1777258362.959,162.959,0.85,0.86,0.14,0.16,0.01,0.02,79174.22,1777258361000
1777258363.534,163.534,0.86,0.87,0.14,0.15,0.01,0.01,79173.89,1777258362000
1777258363.947,163.947,0.86,0.87,0.13,0.14,0.01,0.01,79173.89,1777258362000
1777258364.314,164.314,0.86,0.87,0.13,0.14,0.01,0.01,79178.46,1777258363000
1777258364.694,164.694,0.86,0.88,0.13,0.14,0.02,0.01,79178.46,1777258363000
1777258365.041,165.041,0.87,0.88,0.12,0.14,0.01,0.02,79178.46,1777258363000
1777258365.499,165.499,0.87,0.88,0.12,0.13,0.01,0.01,79181.37,1777258364000
1777258365.849,165.849,0.87,0.88,0.12,0.13,0.01,0.01,79181.37,1777258364000
1777258366.242,166.242,0.87,0.88,0.12,0.13,0.01,0.01,79185.56,1777258365000
1777258366.654,166.654,0.88,0.89,0.11,0.12,0.01,0.01,79185.56,1777258365000
1777258367.037,167.037,0.88,0.89,0.11,0.12,0.01,0.01,79185.56,1777258365000
1777258367.428,167.428,0.88,0.89,0.11,0.12,0.01,0.01,79185.97,1777258366000
1777258367.778,167.778,0.89,0.9,0.1,0.11,0.01,0.01,79185.97,1777258366000
1777258368.224,168.224,0.89,0.9,0.1,0.11,0.01,0.01,79185.97,1777258366000
1777258368.657,168.657,0.9,0.91,0.09,0.1,0.01,0.01,79191.71,1777258367000
1777258369.003,169.003,0.9,0.91,0.09,0.1,0.01,0.01,79191.71,1777258367000
1777258369.384,169.384,0.91,0.92,0.08,0.09,0.01,0.01,79194.76,1777258368000
1777258369.847,169.847,0.92,0.93,0.07,0.08,0.01,0.01,79194.76,1777258368000
1777258370.268,170.268,0.92,0.94,0.07,0.08,0.02,0.01,79194.76,1777258368000
1777258370.646,170.646,0.94,0.95,0.05,0.06,0.01,0.01,79200.19,1777258369000
1777258371.008,171.008,0.94,0.95,0.05,0.06,0.01,0.01,79200.19,1777258369000
1777258371.348,171.348,0.94,0.95,0.05,0.06,0.01,0.01,79200.19,1777258369000
1777258371.908,171.908,0.94,0.95,0.05,0.06,0.01,0.01,79202.19,1777258370000
1777258372.296,172.296,0.94,0.95,0.05,0.06,0.01,0.01,79202.77,1777258371000
1777258372.973,172.973,0.94,0.95,0.05,0.06,0.01,0.01,79202.77,1777258371000
1777258373.403,173.403,0.94,0.95,0.05,0.06,0.01,0.01,79204.11,1777258372000
1777258373.856,173.856,0.94,0.95,0.05,0.06,0.01,0.01,79204.11,1777258372000
1777258374.22,174.22,0.94,0.95,0.05,0.06,0.01,0.01,79205.88,1777258373000
1777258374.578,174.578,0.94,0.95,0.05,0.06,0.01,0.01,79205.88,1777258373000
1777258374.937,174.937,0.94,0.95,0.05,0.06,0.01,0.01,79205.88,1777258373000
1777258375.425,175.425,0.94,0.95,0.05,0.06,0.01,0.01,79206.58,1777258374000
1777258375.782,175.782,0.94,0.95,0.05,0.06,0.01,0.01,79206.58,1777258374000
1777258376.116,176.116,0.94,0.95,0.05,0.06,0.01,0.01,79206.6,1777258375000
1777258376.601,176.601,0.94,0.95,0.05,0.06,0.01,0.01,79206.6,1777258375000
1777258376.944,176.944,0.94,0.95,0.05,0.06,0.01,0.01,79206.6,1777258375000
1777258377.437,177.437,0.93,0.95,0.05,0.06,0.02,0.01,79205.24,1777258376000
1777258377.783,177.783,0.93,0.94,0.06,0.07,0.01,0.01,79205.24,1777258376000
1777258378.178,178.178,0.93,0.94,0.06,0.07,0.01,0.01,79205.24,1777258376000
1777258378.542,178.542,0.93,0.94,0.06,0.07,0.01,0.01,79199.48,1777258377000
1777258379.021,179.021,0.92,0.94,0.06,0.07,0.02,0.01,79199.48,1777258377000
1777258379.451,179.451,0.9,0.91,0.09,0.1,0.01,0.01,79199.48,1777258377000
1777258379.893,179.893,0.9,0.91,0.09,0.1,0.01,0.01,79195.4,1777258378000
1777258380.259,180.259,0.9,0.91,0.09,0.1,0.01,0.01,79192.61,1777258379000
1777258380.598,180.598,0.9,0.91,0.08,0.1,0.01,0.02,79192.61,1777258379000
1777258380.934,180.934,0.91,0.92,0.08,0.09,0.01,0.01,79192.61,1777258379000
1777258381.336,181.336,0.92,0.93,0.07,0.09,0.01,0.02,79189.16,1777258380000
1777258381.68,181.68,0.92,0.93,0.07,0.08,0.01,0.01,79189.16,1777258380000
1777258382.184,182.184,0.92,0.93,0.07,0.08,0.01,0.01,79189.16,1777258380000
1777258382.806,182.806,0.9,0.93,0.07,0.08,0.03,0.01,79189.18,1777258381000
1777258383.3,183.3,0.92,0.93,0.07,0.08,0.01,0.01,79189.18,1777258381000
1777258383.7,183.7,0.93,0.94,0.06,0.07,0.01,0.01,79188.51,1777258382000
1777258384.063,184.063,0.93,0.94,0.06,0.07,0.01,0.01,79188.51,1777258382000
1777258384.425,184.425,0.94,0.95,0.05,0.07,0.01,0.02,79189.29,1777258383000
1777258384.821,184.821,0.94,0.95,0.05,0.06,0.01,0.01,79189.29,1777258383000
1777258385.248,185.248,0.94,0.95,0.05,0.06,0.01,0.01,79193.77,1777258384000
1777258385.715,185.715,0.94,0.95,0.05,0.06,0.01,0.01,79193.77,1777258384000
1777258386.389,186.389,0.94,0.95,0.05,0.06,0.01,0.01,79195.47,1777258385000
1777258386.869,186.869,0.91,0.92,0.07,0.1,0.01,0.03,79195.47,1777258385000
1777258387.219,187.219,0.89,0.9,0.09,0.11,0.01,0.02,79195.47,1777258385000
1777258387.607,187.607,0.89,0.9,0.1,0.11,0.01,0.01,79197.76,1777258386000
1777258387.953,187.953,0.89,0.9,0.1,0.11,0.01,0.01,79197.76,1777258386000
1777258388.427,188.427,0.89,0.9,0.1,0.11,0.01,0.01,79197.47,1777258387000
1777258388.819,188.819,0.89,0.9,0.1,0.11,0.01,0.01,79197.47,1777258387000
1777258389.206,189.206,0.89,0.9,0.1,0.11,0.01,0.01,79196.36,1777258388000
1777258389.584,189.584,0.89,0.9,0.1,0.11,0.01,0.01,79196.36,1777258388000
1777258389.956,189.956,0.89,0.9,0.1,0.11,0.01,0.01,79196.36,1777258388000
1777258390.348,190.348,0.89,0.9,0.1,0.11,0.01,0.01,79195.03,1777258389000
1777258391.031,191.031,0.89,0.9,0.1,0.11,0.01,0.01,79195.03,1777258389000
1777258391.388,191.388,0.91,0.92,0.06,0.11,0.01,0.05,79195.03,1777258389000
1777258391.865,191.865,0.92,0.93,0.07,0.08,0.01,0.01,79195.4,1777258390000
1777258392.466,192.466,0.92,0.94,0.07,0.08,0.02,0.01,79195.4,1777258390000
1777258393.21,193.21,0.93,0.94,0.06,0.07,0.01,0.01,79195.9,1777258391000
1777258393.676,193.676,0.92,0.93,0.06,0.15,0.01,0.09,79195.9,1777258392000
1777258394.071,194.071,0.92,0.93,0.07,0.08,0.01,0.01,79195.9,1777258392000
1777258395.142,195.142,0.92,0.93,0.07,0.08,0.01,0.01,79196.0,1777258393000
1777258395.521,195.521,0.91,0.92,0.08,0.09,0.01,0.01,79196.0,1777258393000
1777258395.886,195.886,0.91,0.92,0.08,0.09,0.01,0.01,79196.0,1777258393000
1777258396.226,196.226,0.91,0.92,0.08,0.09,0.01,0.01,79196.04,1777258394000
1777258396.577,196.577,0.91,0.92,0.08,0.09,0.01,0.01,79195.92,1777258395000
1777258396.998,196.998,0.91,0.92,0.08,0.09,0.01,0.01,79195.92,1777258395000
1777258397.626,197.626,0.91,0.92,0.08,0.09,0.01,0.01,79195.55,1777258396000
1777258397.992,197.992,0.9,0.92,0.08,0.1,0.02,0.02,79195.73,1777258397000
1777258398.333,198.333,0.9,0.91,0.09,0.1,0.01,0.01,79195.73,1777258397000
1777258398.678,198.678,0.85,0.86,0.14,0.15,0.01,0.01,79195.73,1777258397000
1777258399.103,199.103,0.87,0.88,0.12,0.14,0.01,0.02,79196.04,1777258398000
1777258399.49,199.49,0.87,0.88,0.12,0.13,0.01,0.01,79196.04,1777258398000
1777258399.833,199.833,0.87,0.88,0.12,0.13,0.01,0.01,79194.83,1777258399000
1777258400.387,200.387,0.87,0.88,0.12,0.13,0.01,0.01,79194.83,1777258399000
1777258400.751,200.751,0.87,0.88,0.12,0.13,0.01,0.01,79194.83,1777258399000
1777258401.27,201.27,0.87,0.88,0.12,0.13,0.01,0.01,79187.58,1777258400000
1777258401.685,201.685,0.87,0.88,0.12,0.13,0.01,0.01,79187.58,1777258400000
1777258402.298,202.298,0.87,0.88,0.12,0.13,0.01,0.01,79187.58,1777258400000
1777258403.172,203.172,0.87,0.88,0.12,0.13,0.01,0.01,79186.67,1777258402000
1777258403.756,203.756,0.87,0.88,0.12,0.13,0.01,0.01,79186.67,1777258402000
1777258404.09,204.09,0.87,0.88,0.12,0.13,0.01,0.01,79186.67,1777258402000
1777258404.457,204.457,0.87,0.88,0.12,0.13,0.01,0.01,79186.14,1777258403000
1777258405.11,205.11,0.86,0.87,0.13,0.14,0.01,0.01,79186.14,1777258403000
1777258405.501,205.501,0.82,0.86,0.13,0.15,0.04,0.02,79183.35,1777258404000
1777258405.904,205.904,0.84,0.85,0.15,0.16,0.01,0.01,79183.35,1777258404000
1777258406.302,206.302,0.84,0.86,0.14,0.15,0.02,0.01,79182.66,1777258405000
1777258406.733,206.733,0.85,0.86,0.14,0.15,0.01,0.01,79182.66,1777258405000
1777258407.098,207.098,0.79,0.83,0.15,0.19,0.04,0.04,79182.66,1777258405000
1777258407.491,207.491,0.76,0.77,0.23,0.24,0.01,0.01,79184.71,1777258406000
1777258407.831,207.831,0.78,0.79,0.21,0.23,0.01,0.02,79184.71,1777258406000
1777258408.222,208.222,0.78,0.79,0.2,0.23,0.01,0.03,79184.71,1777258406000
1777258408.629,208.629,0.77,0.79,0.21,0.22,0.02,0.01,79184.71,1777258406000
1777258409.121,209.121,0.77,0.78,0.22,0.23,0.01,0.01,79185.57,1777258407000
1777258409.472,209.472,0.76,0.77,0.23,0.24,0.01,0.01,79185.89,1777258408000
1777258410.098,210.098,0.76,0.77,0.23,0.24,0.01,0.01,79185.89,1777258408000
1777258410.438,210.438,0.77,0.78,0.22,0.24,0.01,0.02,79186.78,1777258409000
1777258410.852,210.852,0.78,0.8,0.2,0.22,0.02,0.02,79186.78,1777258409000
1777258411.263,211.263,0.8,0.81,0.19,0.2,0.01,0.01,79186.78,1777258409000
1777258411.632,211.632,0.82,0.83,0.13,0.19,0.01,0.06,79187.15,1777258410000
1777258412.015,212.015,0.85,0.86,0.14,0.15,0.01,0.01,79187.15,1777258410000
1777258412.358,212.358,0.85,0.86,0.14,0.15,0.01,0.01,79187.12,1777258411000
1777258412.725,212.725,0.84,0.85,0.14,0.16,0.01,0.02,79187.12,1777258411000
1777258413.102,213.102,0.84,0.85,0.15,0.16,0.01,0.01,79187.12,1777258411000
1777258413.501,213.501,0.84,0.85,0.15,0.16,0.01,0.01,79187.7,1777258412000
1777258414.045,214.045,0.84,0.85,0.15,0.16,0.01,0.01,79187.7,1777258412000
1777258414.42,214.42,0.84,0.85,0.15,0.16,0.01,0.01,79189.5,1777258413000
1777258414.85,214.85,0.84,0.85,0.15,0.16,0.01,0.01,79189.5,1777258413000
1777258415.192,215.192,0.84,0.85,0.15,0.16,0.01,0.01,79189.5,1777258413000
1777258415.568,215.568,0.84,0.85,0.15,0.16,0.01,0.01,79186.88,1777258414000
1777258416.019,216.019,0.9,0.91,0.09,0.1,0.01,0.01,79186.88,1777258414000
1777258416.389,216.389,0.89,0.9,0.1,0.11,0.01,0.01,79186.61,1777258415000
1777258416.754,216.754,0.89,0.9,0.1,0.11,0.01,0.01,79186.61,1777258415000
1777258417.129,217.129,0.89,0.9,0.1,0.11,0.01,0.01,79186.61,1777258415000
1777258417.615,217.615,0.89,0.9,0.1,0.12,0.01,0.02,79187.62,1777258416000
1777258418.006,218.006,0.89,0.9,0.1,0.11,0.01,0.01,79187.62,1777258416000
1777258418.419,218.419,0.9,0.92,0.09,0.1,0.02,0.01,79187.62,1777258416000
1777258418.758,218.758,0.84,0.92,0.08,0.09,0.08,0.01,79187.62,1777258417000
1777258419.102,219.102,0.89,0.9,0.08,0.09,0.01,0.01,79187.62,1777258417000
1777258419.45,219.45,0.86,0.87,0.1,0.14,0.01,0.04,79187.63,1777258418000
1777258419.792,219.792,0.86,0.87,0.13,0.14,0.01,0.01,79187.63,1777258418000
1777258420.125,220.125,0.83,0.84,0.16,0.17,0.01,0.01,79187.63,1777258418000
1777258420.473,220.473,0.82,0.83,0.17,0.18,0.01,0.01,79189.39,1777258419000
1777258420.813,220.813,0.82,0.83,0.17,0.18,0.01,0.01,79189.39,1777258419000
1777258421.158,221.158,0.82,0.83,0.17,0.18,0.01,0.01,79189.39,1777258419000
1777258421.511,221.511,0.83,0.84,0.17,0.19,0.01,0.02,79189.39,1777258419000
1777258421.857,221.857,0.83,0.85,0.15,0.16,0.02,0.01,79189.39,1777258419000
1777258422.226,222.226,0.85,0.86,0.14,0.15,0.01,0.01,79189.81,1777258420000
1777258422.559,222.559,0.84,0.86,0.14,0.16,0.02,0.02,79189.81,1777258421000
1777258422.965,222.965,0.85,0.86,0.14,0.15,0.01,0.01,79189.81,1777258421000
1777258423.316,223.316,0.85,0.86,0.14,0.15,0.01,0.01,79189.82,1777258422000
1777258423.692,223.692,0.85,0.87,0.13,0.15,0.02,0.02,79189.82,1777258422000
1777258424.093,224.093,0.87,0.88,0.12,0.13,0.01,0.01,79189.82,1777258422000
1777258424.455,224.455,0.87,0.88,0.12,0.13,0.01,0.01,79189.85,1777258423000
1777258424.837,224.837,0.86,0.87,0.13,0.14,0.01,0.01,79189.85,1777258423000
1777258425.177,225.177,0.86,0.87,0.13,0.14,0.01,0.01,79189.85,1777258424000
1777258425.515,225.515,0.86,0.87,0.13,0.14,0.01,0.01,79189.85,1777258424000
1777258425.885,225.885,0.88,0.89,0.11,0.12,0.01,0.01,79189.85,1777258424000
1777258426.237,226.237,0.88,0.89,0.11,0.12,0.01,0.01,79189.85,1777258424000
1777258426.596,226.596,0.88,0.89,0.11,0.12,0.01,0.01,79190.2,1777258425000
1777258426.967,226.967,0.84,0.85,0.13,0.17,0.01,0.04,79189.86,1777258426000
1777258427.306,227.306,0.82,0.83,0.17,0.18,0.01,0.01,79189.86,1777258426000
1777258427.674,227.674,0.82,0.83,0.17,0.18,0.01,0.01,79189.86,1777258426000
1777258428.039,228.039,0.8,0.81,0.19,0.2,0.01,0.01,79189.86,1777258426000
1777258428.373,228.373,0.8,0.81,0.19,0.2,0.01,0.01,79189.98,1777258427000
1777258428.755,228.755,0.8,0.81,0.19,0.2,0.01,0.01,79189.98,1777258427000
1777258429.144,229.144,0.81,0.82,0.18,0.19,0.01,0.01,79189.98,1777258427000
1777258429.735,229.735,0.81,0.82,0.18,0.19,0.01,0.01,79190.03,1777258428000
1777258430.071,230.071,0.82,0.83,0.17,0.18,0.01,0.01,79190.03,1777258428000
1777258430.439,230.439,0.82,0.83,0.17,0.18,0.01,0.01,79190.03,1777258428000
1777258430.793,230.793,0.84,0.87,0.1,0.17,0.03,0.07,79190.01,1777258429000
1777258431.129,231.129,0.87,0.88,0.12,0.13,0.01,0.01,79189.94,1777258430000
1777258431.465,231.465,0.87,0.88,0.12,0.13,0.01,0.01,79189.94,1777258430000
1777258431.806,231.806,0.89,0.9,0.1,0.11,0.01,0.01,79189.94,1777258430000
1777258432.153,232.153,0.89,0.9,0.1,0.11,0.01,0.01,79189.94,1777258430000
1777258432.808,232.808,0.9,0.91,0.09,0.1,0.01,0.01,79190.03,1777258431000
1777258433.147,233.147,0.9,0.91,0.09,0.1,0.01,0.01,79190.03,1777258431000
1777258433.734,233.734,0.9,0.91,0.09,0.1,0.01,0.01,79190.09,1777258432000
1777258434.091,234.091,0.9,0.91,0.09,0.1,0.01,0.01,79190.5,1777258433000
1777258434.451,234.451,0.9,0.91,0.09,0.1,0.01,0.01,79190.5,1777258433000
1777258435.078,235.078,0.9,0.91,0.09,0.1,0.01,0.01,79190.5,1777258433000
1777258435.44,235.44,0.87,0.9,0.1,0.13,0.03,0.03,79190.79,1777258434000
1777258435.91,235.91,0.89,0.9,0.1,0.11,0.01,0.01,79190.79,1777258434000
1777258436.296,236.296,0.89,0.9,0.1,0.11,0.01,0.01,79195.68,1777258435000
1777258436.75,236.75,0.89,0.9,0.1,0.11,0.01,0.01,79195.68,1777258435000
1777258437.158,237.158,0.89,0.9,0.1,0.11,0.01,0.01,79195.68,1777258435000
1777258437.587,237.587,0.89,0.9,0.1,0.11,0.01,0.01,79195.68,1777258435000
1777258438.005,238.005,0.89,0.9,0.1,0.11,0.01,0.01,79198.98,1777258436000
1777258438.395,238.395,0.89,0.9,0.1,0.11,0.01,0.01,79197.78,1777258437000
1777258438.731,238.731,0.9,0.91,0.09,0.1,0.01,0.01,79197.78,1777258437000
1777258439.106,239.106,0.87,0.9,0.1,0.11,0.03,0.01,79197.78,1777258437000
1777258439.449,239.449,0.89,0.9,0.1,0.11,0.01,0.01,79197.86,1777258438000
1777258439.801,239.801,0.89,0.9,0.1,0.11,0.01,0.01,79197.86,1777258438000
1777258440.273,240.273,0.89,0.91,0.1,0.11,0.02,0.01,79197.86,1777258438000
1777258440.609,240.609,0.9,0.93,0.07,0.08,0.03,0.01,79197.94,1777258439000
1777258440.969,240.969,0.92,0.95,0.05,0.08,0.03,0.03,79197.94,1777258440000
1777258441.363,241.363,0.94,0.95,0.05,0.06,0.01,0.01,79197.94,1777258440000
1777258441.699,241.699,0.94,0.95,0.05,0.06,0.01,0.01,79197.94,1777258440000
1777258442.039,242.039,0.94,0.95,0.05,0.06,0.01,0.01,79198.01,1777258441000
1777258442.385,242.385,0.95,0.96,0.04,0.05,0.01,0.01,79198.01,1777258441000
1777258442.725,242.725,0.93,0.97,0.05,0.07,0.04,0.02,79198.01,1777258441000
1777258443.084,243.084,0.96,0.98,0.03,0.04,0.02,0.01,79198.01,1777258441000
1777258443.439,243.439,0.97,0.98,0.02,0.03,0.01,0.01,79207.89,1777258442000
1777258443.788,243.788,0.97,0.98,0.02,0.03,0.01,0.01,79207.89,1777258442000
1777258444.176,244.176,0.97,0.98,0.02,0.03,0.01,0.01,79207.89,1777258442000
1777258444.511,244.511,0.97,0.98,0.02,0.03,0.01,0.01,79212.36,1777258443000
1777258444.866,244.866,0.97,0.98,0.02,0.03,0.01,0.01,79212.36,1777258443000
1777258445.224,245.224,0.97,0.98,0.02,0.03,0.01,0.01,79213.04,1777258444000
1777258445.572,245.572,0.97,0.98,0.02,0.03,0.01,0.01,79213.04,1777258444000
1777258446.087,246.087,0.96,0.97,0.03,0.04,0.01,0.01,79213.04,1777258444000
1777258446.445,246.445,0.96,0.97,0.03,0.05,0.01,0.02,79212.63,1777258445000
1777258446.793,246.793,0.91,0.93,0.07,0.09,0.02,0.02,79212.63,1777258445000
1777258447.153,247.153,0.9,0.93,0.07,0.09,0.03,0.02,79212.63,1777258445000
1777258447.491,247.491,0.9,0.91,0.09,0.1,0.01,0.01,79214.25,1777258446000
1777258447.826,247.826,0.91,0.92,0.08,0.09,0.01,0.01,79214.25,1777258446000
1777258448.179,248.179,0.91,0.92,0.08,0.09,0.01,0.01,79214.25,1777258446000
1777258448.567,248.567,0.91,0.92,0.08,0.09,0.01,0.01,79212.77,1777258447000
1777258448.933,248.933,0.91,0.92,0.08,0.09,0.01,0.01,79212.77,1777258447000
1777258449.337,249.337,0.91,0.92,0.08,0.09,0.01,0.01,79212.77,1777258448000
1777258449.699,249.699,0.91,0.92,0.08,0.1,0.01,0.02,79212.77,1777258448000
1777258450.097,250.097,0.9,0.91,0.08,0.1,0.01,0.02,79212.77,1777258448000
1777258450.465,250.465,0.9,0.91,0.09,0.1,0.01,0.01,79212.77,1777258449000
1777258450.803,250.803,0.9,0.91,0.09,0.1,0.01,0.01,79212.77,1777258449000
1777258451.242,251.242,0.89,0.91,0.09,0.1,0.02,0.01,79212.77,1777258449000
1777258451.594,251.594,0.89,0.91,0.09,0.1,0.02,0.01,79212.15,1777258450000
1777258451.946,251.946,0.89,0.9,0.1,0.11,0.01,0.01,79212.15,1777258450000
1777258452.286,252.286,0.89,0.92,0.08,0.11,0.03,0.03,79212.15,1777258450000
1777258452.624,252.624,0.91,0.92,0.08,0.09,0.01,0.01,79212.15,1777258451000
1777258453.012,253.012,0.91,0.92,0.09,0.1,0.01,0.01,79212.15,1777258451000
1777258453.39,253.39,0.91,0.92,0.08,0.09,0.01,0.01,79213.13,1777258452000
1777258453.797,253.797,0.91,0.92,0.08,0.09,0.01,0.01,79213.13,1777258452000
1777258454.176,254.176,0.91,0.92,0.08,0.09,0.01,0.01,79213.13,1777258452000
1777258454.519,254.519,0.95,0.96,0.04,0.06,0.01,0.02,79213.13,1777258452000
1777258454.901,254.901,0.96,0.97,0.04,0.05,0.01,0.01,79211.95,1777258453000
1777258455.235,255.235,0.96,0.97,0.03,0.04,0.01,0.01,79211.95,1777258453000
1777258455.568,255.568,0.96,0.97,0.03,0.07,0.01,0.04,79212.03,1777258454000
1777258455.903,255.903,0.96,0.97,0.03,0.04,0.01,0.01,79212.03,1777258454000
1777258456.26,256.26,0.97,0.98,0.02,0.03,0.01,0.01,79212.35,1777258455000
1777258456.64,256.64,0.97,0.98,0.02,0.03,0.01,0.01,79212.35,1777258455000
1777258456.982,256.982,0.98,0.99,0.02,0.03,0.01,0.01,79212.35,1777258455000
1777258457.343,257.343,0.98,0.99,0.01,0.02,0.01,0.01,79212.35,1777258455000
1777258457.738,257.738,0.98,0.99,0.01,0.02,0.01,0.01,79212.94,1777258456000
1777258458.075,258.075,0.98,0.99,0.01,0.02,0.01,0.01,79212.94,1777258456000
1777258458.408,258.408,0.98,0.99,0.01,0.02,0.01,0.01,79212.94,1777258457000
1777258458.895,258.895,0.98,0.99,0.01,0.02,0.01,0.01,79212.94,1777258457000
1777258459.239,259.239,0.98,0.99,0.01,0.02,0.01,0.01,79212.94,1777258458000
1777258459.576,259.576,0.98,0.99,0.01,0.02,0.01,0.01,79212.94,1777258458000
1777258459.973,259.973,0.98,0.99,0.01,0.02,0.01,0.01,79212.94,1777258458000
1777258460.313,260.313,0.96,0.99,0.01,0.04,0.03,0.03,79212.94,1777258458000
1777258460.678,260.678,0.97,0.98,0.01,0.05,0.01,0.04,79212.85,1777258459000
1777258461.09,261.09,0.98,0.99,0.01,0.02,0.01,0.01,79212.85,1777258459000
1777258461.461,261.461,0.98,0.99,0.01,0.02,0.01,0.01,79212.79,1777258460000
1777258461.992,261.992,0.98,0.99,0.01,0.02,0.01,0.01,79212.79,1777258460000
1777258462.636,262.636,0.98,0.99,0.01,0.02,0.01,0.01,79210.42,1777258461000
1777258462.983,262.983,0.98,0.99,0.01,0.02,0.01,0.01,79210.42,1777258461000
1777258463.449,263.449,0.94,0.95,0.01,0.07,0.01,0.06,79210.42,1777258461000
1777258463.834,263.834,0.98,0.99,0.02,0.03,0.01,0.01,79210.34,1777258462000
1777258464.277,264.277,0.98,0.99,0.01,0.02,0.01,0.01,79210.37,1777258463000
1777258464.863,264.863,0.98,0.99,0.01,0.02,0.01,0.01,79210.37,1777258463000
1777258465.468,265.468,0.98,0.99,0.01,0.02,0.01,0.01,79210.37,1777258463000
1777258465.894,265.894,0.98,0.99,0.01,0.02,0.01,0.01,79210.55,1777258464000
1777258466.29,266.29,0.98,0.99,0.01,0.02,0.01,0.01,79210.67,1777258465000
1777258466.695,266.695,0.95,0.99,0.01,0.02,0.04,0.01,79210.67,1777258465000
1777258467.402,267.402,0.98,0.99,0.01,0.05,0.01,0.04,79210.67,1777258465000
1777258467.764,267.764,0.98,0.99,0.01,0.02,0.01,0.01,79210.87,1777258466000
1777258468.304,268.304,0.98,0.99,0.01,0.02,0.01,0.01,79210.88,1777258467000
1777258468.645,268.645,0.99,0.99,0.01,0.02,0.0,0.01,79210.88,1777258467000
1777258468.985,268.985,0.99,0.99,0.01,0.01,0.0,0.0,79210.88,1777258467000
1777258469.325,269.325,0.99,0.99,0.01,0.01,0.0,0.0,79210.88,1777258467000
1777258469.694,269.694,0.99,0.99,0.01,0.01,0.0,0.0,79210.88,1777258467000
1777258470.038,270.038,0.99,0.99,0.01,0.01,0.0,0.0,79211.16,1777258468000
1777258470.428,270.428,0.99,0.99,0.01,0.01,0.0,0.0,79211.16,1777258468000
1777258470.906,270.906,0.99,0.99,0.01,0.01,0.0,0.0,79210.24,1777258469000
1777258471.428,271.428,0.99,0.99,0.01,0.01,0.0,0.0,79210.82,1777258470000
1777258471.892,271.892,0.99,0.99,0.01,0.01,0.0,0.0,79211.41,1777258471000
1777258472.983,272.983,0.99,0.99,0.01,0.01,0.0,0.0,79212.4,1777258472000
1777258473.357,273.357,0.99,0.99,0.01,0.01,0.0,0.0,79212.4,1777258472000
1777258473.939,273.939,0.99,0.99,0.01,0.01,0.0,0.0,79212.4,1777258472000
1777258474.392,274.392,0.99,0.99,0.01,0.01,0.0,0.0,79212.03,1777258473000
1777258475.024,275.024,0.99,0.99,0.01,0.01,0.0,0.0,79212.22,1777258474000
1777258476.032,276.032,0.99,0.99,0.01,0.01,0.0,0.0,79212.22,1777258474000
1777258477.048,277.048,0.99,0.99,0.01,0.01,0.0,0.0,79214.44,1777258475000
1777258478.497,278.497,0.99,0.99,0.01,0.01,0.0,0.0,79215.23,1777258477000
1777258479.016,279.016,0.99,0.99,0.01,0.01,0.0,0.0,79215.23,1777258478000
1777258480.208,280.208,0.99,0.99,0.01,0.01,0.0,0.0,79215.29,1777258479000
1777258480.763,280.763,0.99,0.99,0.01,0.01,0.0,0.0,79215.29,1777258479000
1777258481.476,281.476,0.99,0.99,0.01,0.01,0.0,0.0,79215.52,1777258480000
1777258481.929,281.929,0.99,0.99,0.01,0.01,0.0,0.0,79215.77,1777258481000
1777258483.156,283.156,0.99,0.99,0.01,0.01,0.0,0.0,79216.15,1777258482000
1777258483.76,283.76,0.99,0.99,0.01,0.01,0.0,0.0,79216.15,1777258482000
1777258484.344,284.344,0.99,0.99,0.01,0.01,0.0,0.0,79215.86,1777258483000
1777258485.233,285.233,0.99,0.99,0.01,0.01,0.0,0.0,79215.86,1777258483000
1777258486.105,286.105,0.99,0.99,0.01,0.01,0.0,0.0,79215.84,1777258485000
1777258486.557,286.557,0.99,0.99,0.01,0.01,0.0,0.0,79215.84,1777258485000
1777258486.896,286.896,0.99,0.99,0.01,0.01,0.0,0.0,79215.83,1777258486000
1777258488.045,288.045,0.99,0.99,0.01,0.01,0.0,0.0,79215.73,1777258487000
1777258489.177,289.177,0.99,0.99,0.01,0.01,0.0,0.0,79215.73,1777258487000
1777258489.619,289.619,0.99,0.99,0.01,0.01,0.0,0.0,79216.04,1777258488000
1777258490.205,290.205,0.99,0.99,0.01,0.01,0.0,0.0,79216.04,1777258488000
1777258490.805,290.805,0.99,0.99,0.01,0.01,0.0,0.0,79215.74,1777258489000
1777258492.064,292.064,0.99,0.99,0.01,0.01,0.0,0.0,79214.94,1777258490000
1777258492.919,292.919,0.99,0.99,0.01,0.01,0.0,0.0,79214.46,1777258491000
1777258493.276,293.276,0.99,0.99,0.01,0.01,0.0,0.0,79214.11,1777258492000
1777258494.36,294.36,0.99,0.99,0.01,0.01,0.0,0.0,79214.31,1777258493000
1777258494.855,294.855,0.99,0.99,0.01,0.01,0.0,0.0,79214.31,1777258493000
1777258495.434,295.434,0.99,0.99,0.01,0.01,0.0,0.0,79213.56,1777258494000
1777258496.058,296.058,0.99,0.99,0.01,0.01,0.0,0.0,79213.03,1777258495000
1777258496.559,296.559,0.99,0.99,0.01,0.01,0.0,0.0,79213.03,1777258495000
1777258497.261,297.261,0.99,0.99,0.01,0.01,0.0,0.0,79213.01,1777258496000
1777258498.347,298.347,0.99,0.99,0.01,0.01,0.0,0.0,79213.01,1777258496000
1777258499.139,299.139,0.99,0.99,0.01,0.01,0.0,0.0,79212.71,1777258498000
1777258500.262,300.262,0.99,0.99,0.01,0.01,0.0,0.0,79212.58,1777258499000
1777258500.742,300.742,0.99,0.99,0.01,0.01,0.0,0.0,79212.58,1777258499000
1777258501.248,301.248,0.99,0.99,0.01,0.01,0.0,0.0,79212.58,1777258500000
1777258502.319,302.319,0.99,0.99,0.01,0.01,0.0,0.0,79212.71,1777258501000

# RESULT,winner=Up,slug=btc-updown-5m-1777258200,ticks=664
