timestamp,elapsed_sec,up_bid,up_ask,down_bid,down_ask,up_spread,down_spread,btc_price,btc_oracle_ts
1776921300.637,0.637,0.49,0.5,0.51,0.52,0.01,0.01,78008.93,1776921299000
1776921301.249,1.249,0.48,0.49,0.5,0.51,0.01,0.01,78008.93,1776921299000
1776921301.708,1.708,0.48,0.49,0.51,0.52,0.01,0.01,78009.55,1776921300000
1776921302.092,2.092,0.48,0.49,0.51,0.52,0.01,0.01,78010.5,1776921301000
1776921302.478,2.478,0.48,0.49,0.51,0.52,0.01,0.01,78010.5,1776921301000
1776921302.868,2.868,0.48,0.49,0.51,0.52,0.01,0.01,78010.5,1776921301000
1776921303.217,3.217,0.48,0.49,0.51,0.52,0.01,0.01,78009.56,1776921302000
1776921303.702,3.702,0.48,0.5,0.51,0.52,0.02,0.01,78009.56,1776921302000
1776921304.213,4.213,0.49,0.5,0.5,0.52,0.01,0.02,78009.56,1776921302000
1776921304.597,4.597,0.49,0.5,0.5,0.51,0.01,0.01,78009.58,1776921303000
1776921305.008,5.008,0.48,0.5,0.5,0.52,0.02,0.02,78010.93,1776921304000
1776921305.592,5.592,0.48,0.49,0.51,0.52,0.01,0.01,78010.93,1776921304000
1776921305.99,5.99,0.48,0.49,0.51,0.52,0.01,0.01,78011.23,1776921305000
1776921306.434,6.434,0.49,0.5,0.5,0.51,0.01,0.01,78011.23,1776921305000
1776921306.836,6.836,0.48,0.49,0.5,0.51,0.01,0.01,78011.23,1776921305000
1776921307.365,7.365,0.48,0.49,0.51,0.52,0.01,0.01,78011.49,1776921306000
1776921307.845,7.845,0.47,0.49,0.51,0.53,0.02,0.02,78011.51,1776921307000
1776921308.57,8.57,0.48,0.49,0.51,0.52,0.01,0.01,78011.51,1776921307000
1776921309.273,9.273,0.48,0.49,0.51,0.52,0.01,0.01,78011.46,1776921308000
1776921309.805,9.805,0.47,0.49,0.51,0.52,0.02,0.01,78011.46,1776921308000
1776921310.166,10.166,0.48,0.49,0.51,0.52,0.01,0.01,78011.46,1776921308000
1776921310.754,10.754,0.48,0.49,0.51,0.52,0.01,0.01,78011.47,1776921309000
1776921311.274,11.274,0.48,0.49,0.51,0.52,0.01,0.01,78011.47,1776921309000
1776921312.139,12.139,0.47,0.49,0.51,0.53,0.02,0.02,78011.37,1776921311000
1776921312.569,12.569,0.48,0.49,0.52,0.53,0.01,0.01,78011.37,1776921311000
1776921312.917,12.917,0.48,0.49,0.51,0.52,0.01,0.01,78011.37,1776921311000
1776921313.259,13.259,0.48,0.49,0.51,0.52,0.01,0.01,78011.17,1776921312000
1776921314.052,14.052,0.48,0.49,0.51,0.52,0.01,0.01,78011.16,1776921313000
1776921314.471,14.471,0.48,0.49,0.51,0.52,0.01,0.01,78011.16,1776921313000
1776921314.965,14.965,0.48,0.49,0.51,0.52,0.01,0.01,78011.16,1776921313000
1776921315.916,15.916,0.48,0.49,0.51,0.52,0.01,0.01,78011.48,1776921314000
1776921316.29,16.29,0.48,0.49,0.51,0.52,0.01,0.01,78011.48,1776921315000
1776921316.786,16.786,0.47,0.48,0.51,0.52,0.01,0.01,78011.48,1776921315000
1776921317.171,17.171,0.47,0.48,0.52,0.53,0.01,0.01,78011.48,1776921316000
1776921317.587,17.587,0.47,0.48,0.52,0.53,0.01,0.01,78011.48,1776921316000
1776921318.065,18.065,0.47,0.48,0.52,0.53,0.01,0.01,78011.54,1776921317000
1776921318.619,18.619,0.47,0.48,0.52,0.53,0.01,0.01,78011.54,1776921317000
1776921319.065,19.065,0.47,0.49,0.51,0.53,0.02,0.02,78011.54,1776921318000
1776921319.519,19.519,0.47,0.49,0.52,0.53,0.02,0.01,78011.54,1776921318000
1776921320.143,20.143,0.47,0.49,0.51,0.53,0.02,0.02,78011.2,1776921319000
1776921320.682,20.682,0.48,0.49,0.51,0.53,0.01,0.02,78011.2,1776921319000
1776921321.134,21.134,0.48,0.49,0.51,0.52,0.01,0.01,78011.2,1776921319000
1776921321.67,21.67,0.48,0.49,0.51,0.52,0.01,0.01,78011.21,1776921320000
1776921322.108,22.108,0.48,0.49,0.51,0.52,0.01,0.01,78011.21,1776921321000
1776921322.74,22.74,0.48,0.49,0.51,0.52,0.01,0.01,78011.21,1776921321000
1776921323.097,23.097,0.48,0.49,0.51,0.52,0.01,0.01,78011.44,1776921322000
1776921324.104,24.104,0.48,0.49,0.51,0.52,0.01,0.01,78011.38,1776921323000
1776921324.456,24.456,0.48,0.49,0.51,0.52,0.01,0.01,78011.38,1776921323000
1776921325.017,25.017,0.48,0.49,0.51,0.52,0.01,0.01,78011.38,1776921323000
1776921325.833,25.833,0.48,0.49,0.51,0.52,0.01,0.01,78011.38,1776921324000
1776921327.15,27.15,0.48,0.49,0.51,0.52,0.01,0.01,78011.38,1776921326000
1776921328.201,28.201,0.48,0.49,0.51,0.52,0.01,0.01,78011.51,1776921327000
1776921328.626,28.626,0.48,0.49,0.51,0.52,0.01,0.01,78011.51,1776921327000
1776921329.181,29.181,0.48,0.49,0.51,0.52,0.01,0.01,78011.44,1776921328000
1776921329.869,29.869,0.48,0.49,0.51,0.52,0.01,0.01,78011.44,1776921328000
1776921330.719,30.719,0.48,0.5,0.51,0.52,0.02,0.01,78011.19,1776921329000
1776921331.079,31.079,0.49,0.5,0.5,0.51,0.01,0.01,78011.19,1776921330000
1776921331.533,31.533,0.49,0.5,0.5,0.51,0.01,0.01,78011.19,1776921330000
1776921332.052,32.052,0.49,0.5,0.5,0.51,0.01,0.01,78011.19,1776921330000
1776921332.568,32.568,0.49,0.5,0.5,0.51,0.01,0.01,78011.19,1776921331000
1776921333.119,33.119,0.49,0.5,0.5,0.51,0.01,0.01,78011.23,1776921332000
1776921334.161,34.161,0.49,0.5,0.49,0.51,0.01,0.02,78011.23,1776921332000
1776921334.663,34.663,0.49,0.5,0.5,0.51,0.01,0.01,78011.23,1776921333000
1776921335.187,35.187,0.49,0.5,0.5,0.51,0.01,0.01,78011.23,1776921334000
1776921336.165,36.165,0.49,0.5,0.5,0.51,0.01,0.01,78011.12,1776921335000
1776921337.284,37.284,0.49,0.5,0.5,0.51,0.01,0.01,78011.14,1776921336000
1776921337.628,37.628,0.49,0.5,0.5,0.51,0.01,0.01,78011.14,1776921336000
1776921337.978,37.978,0.49,0.5,0.5,0.51,0.01,0.01,78011.14,1776921336000
1776921338.749,38.749,0.49,0.5,0.5,0.51,0.01,0.01,78011.14,1776921337000
1776921339.264,39.264,0.49,0.5,0.5,0.51,0.01,0.01,78011.28,1776921338000
1776921340.024,40.024,0.49,0.5,0.5,0.51,0.01,0.01,78011.28,1776921338000
1776921340.68,40.68,0.49,0.5,0.5,0.51,0.01,0.01,78011.43,1776921339000
1776921341.259,41.259,0.49,0.5,0.5,0.51,0.01,0.01,78011.57,1776921340000
1776921341.594,41.594,0.49,0.51,0.49,0.51,0.02,0.02,78011.57,1776921340000
1776921342.054,42.054,0.5,0.52,0.49,0.5,0.02,0.01,78011.57,1776921340000
1776921342.61,42.61,0.51,0.52,0.48,0.5,0.01,0.02,78011.57,1776921341000
1776921343.246,43.246,0.51,0.52,0.48,0.49,0.01,0.01,78011.57,1776921341000
1776921343.771,43.771,0.51,0.52,0.48,0.49,0.01,0.01,78011.57,1776921342000
1776921344.387,44.387,0.51,0.52,0.48,0.49,0.01,0.01,78012.52,1776921343000
1776921344.933,44.933,0.51,0.52,0.48,0.49,0.01,0.01,78012.85,1776921344000
1776921346.042,46.042,0.51,0.52,0.48,0.49,0.01,0.01,78013,1776921345000
1776921346.482,46.482,0.51,0.52,0.48,0.49,0.01,0.01,78013,1776921345000
1776921346.931,46.931,0.51,0.52,0.48,0.49,0.01,0.01,78013,1776921345000
1776921347.658,47.658,0.5,0.52,0.48,0.49,0.02,0.01,78013.06,1776921346000
1776921348.076,48.076,0.5,0.51,0.49,0.5,0.01,0.01,78013.06,1776921346000
1776921348.752,48.752,0.5,0.51,0.49,0.5,0.01,0.01,78013.1,1776921347000
1776921349.16,49.16,0.49,0.51,0.49,0.5,0.02,0.01,78013.1,1776921347000
1776921349.663,49.663,0.49,0.5,0.49,0.51,0.01,0.02,78012.97,1776921348000
1776921350.043,50.043,0.49,0.5,0.5,0.51,0.01,0.01,78012.97,1776921348000
1776921350.553,50.553,0.49,0.5,0.5,0.51,0.01,0.01,78012.71,1776921349000
1776921350.974,50.974,0.49,0.5,0.5,0.51,0.01,0.01,78012.71,1776921349000
1776921352.285,52.285,0.49,0.5,0.5,0.51,0.01,0.01,78012.26,1776921351000
1776921353.139,53.139,0.49,0.5,0.5,0.51,0.01,0.01,78012.26,1776921351000
1776921354.359,54.359,0.49,0.5,0.5,0.51,0.01,0.01,78011.2,1776921353000
1776921355.064,55.064,0.49,0.5,0.5,0.51,0.01,0.01,78011.27,1776921354000
1776921355.976,55.976,0.49,0.51,0.5,0.51,0.02,0.01,78011.27,1776921354000
1776921357.088,57.088,0.49,0.51,0.49,0.51,0.02,0.02,78011.27,1776921356000
1776921357.977,57.977,0.5,0.51,0.49,0.51,0.01,0.02,78011.27,1776921356000
1776921358.339,58.339,0.5,0.51,0.49,0.5,0.01,0.01,78011.15,1776921357000
1776921358.772,58.772,0.5,0.51,0.49,0.5,0.01,0.01,78011.15,1776921357000
1776921359.398,59.398,0.5,0.51,0.49,0.5,0.01,0.01,78011.76,1776921358000
1776921359.787,59.787,0.5,0.51,0.49,0.5,0.01,0.01,78011.76,1776921358000
1776921360.24,60.24,0.48,0.49,0.51,0.52,0.01,0.01,78011.76,1776921359000
1776921360.739,60.739,0.48,0.49,0.51,0.53,0.01,0.02,78011.76,1776921359000
1776921361.119,61.119,0.48,0.49,0.51,0.52,0.01,0.01,78010.89,1776921360000
1776921361.456,61.456,0.45,0.46,0.54,0.55,0.01,0.01,78010.89,1776921360000
1776921361.832,61.832,0.4,0.41,0.59,0.6,0.01,0.01,78010.89,1776921360000
1776921362.168,62.168,0.4,0.41,0.59,0.6,0.01,0.01,78010.89,1776921360000
1776921362.502,62.502,0.39,0.4,0.6,0.61,0.01,0.01,78010.74,1776921361000
1776921362.877,62.877,0.38,0.4,0.6,0.64,0.02,0.04,78010.74,1776921361000
1776921363.236,63.236,0.38,0.39,0.61,0.62,0.01,0.01,78010.74,1776921361000
1776921363.583,63.583,0.37,0.39,0.61,0.63,0.02,0.02,77996.03,1776921362000
1776921364.105,64.105,0.37,0.39,0.61,0.63,0.02,0.02,77994.52,1776921363000
1776921364.7,64.7,0.37,0.38,0.61,0.63,0.01,0.02,77994.52,1776921363000
1776921365.211,65.211,0.37,0.38,0.62,0.63,0.01,0.01,77993.63,1776921364000
1776921365.777,65.777,0.36,0.38,0.62,0.64,0.02,0.02,77993.63,1776921364000
1776921366.152,66.152,0.36,0.38,0.62,0.64,0.02,0.02,77993.63,1776921364000
1776921366.695,66.695,0.37,0.38,0.62,0.64,0.01,0.02,77992.14,1776921365000
1776921367.402,67.402,0.36,0.38,0.62,0.64,0.02,0.02,77988.65,1776921366000
1776921367.782,67.782,0.33,0.36,0.64,0.67,0.03,0.03,77988.65,1776921366000
1776921368.12,68.12,0.32,0.37,0.63,0.68,0.05,0.05,77987.11,1776921367000
1776921368.458,68.458,0.33,0.34,0.66,0.67,0.01,0.01,77987.11,1776921367000
1776921368.816,68.816,0.33,0.34,0.66,0.67,0.01,0.01,77987.11,1776921367000
1776921369.266,69.266,0.33,0.34,0.66,0.67,0.01,0.01,77987.15,1776921368000
1776921369.721,69.721,0.32,0.33,0.67,0.68,0.01,0.01,77987.15,1776921368000
1776921370.153,70.153,0.32,0.33,0.67,0.68,0.01,0.01,77987.15,1776921368000
1776921370.492,70.492,0.32,0.33,0.67,0.68,0.01,0.01,77987.14,1776921369000
1776921370.829,70.829,0.32,0.33,0.67,0.68,0.01,0.01,77987.14,1776921369000
1776921371.251,71.251,0.32,0.33,0.67,0.68,0.01,0.01,77987.14,1776921370000
1776921371.617,71.617,0.31,0.32,0.68,0.69,0.01,0.01,77987.14,1776921370000
1776921371.97,71.97,0.31,0.32,0.68,0.69,0.01,0.01,77987.14,1776921370000
1776921372.415,72.415,0.31,0.32,0.68,0.69,0.01,0.01,77987.14,1776921370000
1776921372.794,72.794,0.31,0.32,0.68,0.69,0.01,0.01,77986.7,1776921371000
1776921373.372,73.372,0.31,0.32,0.68,0.69,0.01,0.01,77987.17,1776921372000
1776921374.447,74.447,0.31,0.32,0.68,0.69,0.01,0.01,77987.17,1776921372000
1776921375.198,75.198,0.31,0.32,0.68,0.69,0.01,0.01,77987.16,1776921373000
1776921375.561,75.561,0.31,0.32,0.68,0.69,0.01,0.01,77987.16,1776921373000
1776921376.137,76.137,0.31,0.32,0.68,0.69,0.01,0.01,77986.69,1776921374000
1776921376.536,76.536,0.31,0.32,0.68,0.69,0.01,0.01,77987.11,1776921375000
1776921376.871,76.871,0.31,0.33,0.67,0.69,0.02,0.02,77987.11,1776921375000
1776921377.474,77.474,0.3,0.34,0.66,0.7,0.04,0.04,77987.11,1776921375000
1776921377.835,77.835,0.31,0.32,0.66,0.7,0.01,0.04,77987.37,1776921376000
1776921378.205,78.205,0.31,0.32,0.66,0.69,0.01,0.03,77987.11,1776921377000
1776921378.607,78.607,0.33,0.34,0.66,0.67,0.01,0.01,77987.11,1776921377000
1776921378.963,78.963,0.33,0.34,0.66,0.67,0.01,0.01,77987.11,1776921377000
1776921379.315,79.315,0.33,0.34,0.66,0.67,0.01,0.01,77987.11,1776921377000
1776921379.737,79.737,0.33,0.34,0.66,0.67,0.01,0.01,77987.47,1776921378000
1776921380.11,80.11,0.33,0.34,0.66,0.67,0.01,0.01,77987.47,1776921379000
1776921380.45,80.45,0.33,0.34,0.66,0.67,0.01,0.01,77987.47,1776921379000
1776921380.797,80.797,0.34,0.35,0.65,0.66,0.01,0.01,77987.47,1776921379000
1776921381.188,81.188,0.34,0.35,0.65,0.66,0.01,0.01,77987.47,1776921379000
1776921381.565,81.565,0.33,0.34,0.65,0.67,0.01,0.02,77987.47,1776921380000
1776921381.957,81.957,0.33,0.34,0.66,0.67,0.01,0.01,77987.47,1776921380000
1776921382.29,82.29,0.33,0.34,0.66,0.67,0.01,0.01,77987.47,1776921380000
1776921382.624,82.624,0.33,0.34,0.66,0.67,0.01,0.01,77987.47,1776921380000
1776921383.002,83.002,0.35,0.36,0.64,0.67,0.01,0.03,77987.47,1776921381000
1776921383.415,83.415,0.35,0.36,0.64,0.65,0.01,0.01,77987.47,1776921381000
1776921383.824,83.824,0.35,0.36,0.64,0.65,0.01,0.01,77987.33,1776921382000
1776921384.843,84.843,0.35,0.36,0.64,0.65,0.01,0.01,77986.98,1776921383000
1776921385.349,85.349,0.35,0.36,0.64,0.65,0.01,0.01,77986.9,1776921384000
1776921385.742,85.742,0.35,0.36,0.64,0.65,0.01,0.01,77986.9,1776921384000
1776921386.119,86.119,0.35,0.36,0.64,0.65,0.01,0.01,77986.67,1776921385000
1776921386.81,86.81,0.35,0.36,0.64,0.65,0.01,0.01,77986.67,1776921385000
1776921387.187,87.187,0.35,0.36,0.64,0.65,0.01,0.01,77986.67,1776921385000
1776921388.31,88.31,0.34,0.36,0.64,0.65,0.02,0.01,77986.58,1776921386000
1776921388.663,88.663,0.35,0.36,0.64,0.65,0.01,0.01,77986.56,1776921387000
1776921389.002,89.002,0.35,0.36,0.64,0.65,0.01,0.01,77987.11,1776921388000
1776921389.452,89.452,0.35,0.36,0.64,0.65,0.01,0.01,77987.11,1776921388000
1776921389.989,89.989,0.35,0.36,0.64,0.65,0.01,0.01,77986.78,1776921389000
1776921390.468,90.468,0.35,0.36,0.64,0.65,0.01,0.01,77986.78,1776921389000
1776921390.814,90.814,0.34,0.35,0.65,0.66,0.01,0.01,77986.78,1776921389000
1776921391.228,91.228,0.33,0.34,0.66,0.67,0.01,0.01,77987.05,1776921390000
1776921391.646,91.646,0.33,0.34,0.66,0.67,0.01,0.01,77987.05,1776921390000
1776921392.015,92.015,0.29,0.3,0.7,0.71,0.01,0.01,77987.05,1776921390000
1776921392.351,92.351,0.29,0.3,0.7,0.71,0.01,0.01,77986.93,1776921391000
1776921392.774,92.774,0.29,0.3,0.7,0.71,0.01,0.01,77986.93,1776921391000
1776921393.177,93.177,0.29,0.3,0.7,0.71,0.01,0.01,77983.25,1776921392000
1776921393.523,93.523,0.29,0.3,0.7,0.71,0.01,0.01,77983.25,1776921392000
1776921393.914,93.914,0.29,0.31,0.69,0.71,0.02,0.02,77983.25,1776921392000
1776921394.382,94.382,0.29,0.31,0.69,0.71,0.02,0.02,77979.77,1776921393000
1776921395.157,95.157,0.29,0.32,0.69,0.71,0.03,0.02,77979.77,1776921393000
1776921395.66,95.66,0.29,0.3,0.7,0.71,0.01,0.01,77977.6,1776921394000
1776921396.036,96.036,0.3,0.31,0.69,0.7,0.01,0.01,77977.6,1776921394000
1776921396.903,96.903,0.3,0.31,0.69,0.7,0.01,0.01,77977.6,1776921395000
1776921397.255,97.255,0.3,0.31,0.69,0.7,0.01,0.01,77978.24,1776921396000
1776921397.606,97.606,0.3,0.31,0.69,0.7,0.01,0.01,77978.24,1776921396000
1776921398.185,98.185,0.31,0.32,0.68,0.69,0.01,0.01,77976.27,1776921397000
1776921398.531,98.531,0.3,0.32,0.68,0.69,0.02,0.01,77976.27,1776921397000
1776921399.097,99.097,0.3,0.31,0.67,0.7,0.01,0.03,77976.27,1776921397000
1776921399.651,99.651,0.3,0.31,0.69,0.7,0.01,0.01,77977.8,1776921398000
1776921399.989,99.989,0.3,0.31,0.69,0.7,0.01,0.01,77977.8,1776921398000
1776921400.706,100.706,0.3,0.31,0.69,0.7,0.01,0.01,77977.8,1776921399000
1776921401.056,101.056,0.31,0.33,0.67,0.7,0.02,0.03,77977.8,1776921399000
1776921401.432,101.432,0.33,0.34,0.66,0.69,0.01,0.03,77977.82,1776921400000
1776921401.785,101.785,0.33,0.34,0.66,0.67,0.01,0.01,77977.82,1776921400000
1776921402.26,102.26,0.33,0.34,0.66,0.67,0.01,0.01,77978.73,1776921401000
1776921402.753,102.753,0.33,0.34,0.66,0.67,0.01,0.01,77978.73,1776921401000
1776921403.245,103.245,0.33,0.34,0.66,0.67,0.01,0.01,77981.42,1776921402000
1776921403.666,103.666,0.33,0.34,0.66,0.67,0.01,0.01,77981.42,1776921402000
1776921404.08,104.08,0.33,0.34,0.66,0.67,0.01,0.01,77981.42,1776921402000
1776921404.459,104.459,0.34,0.35,0.65,0.66,0.01,0.01,77981.42,1776921403000
1776921404.89,104.89,0.34,0.35,0.65,0.66,0.01,0.01,77981.42,1776921403000
1776921405.261,105.261,0.34,0.35,0.65,0.66,0.01,0.01,77978.91,1776921404000
1776921406.028,106.028,0.34,0.35,0.65,0.66,0.01,0.01,77980.38,1776921405000
1776921406.805,106.805,0.33,0.35,0.65,0.66,0.02,0.01,77980.38,1776921405000
1776921407.237,107.237,0.31,0.35,0.65,0.69,0.04,0.04,77980.38,1776921406000
1776921407.696,107.696,0.31,0.32,0.67,0.69,0.01,0.02,77980.38,1776921406000
1776921408.125,108.125,0.31,0.32,0.66,0.69,0.01,0.03,77980.38,1776921407000
1776921408.466,108.466,0.3,0.32,0.68,0.7,0.02,0.02,77980.38,1776921407000
1776921408.858,108.858,0.3,0.31,0.69,0.7,0.01,0.01,77980.38,1776921407000
1776921409.233,109.233,0.3,0.31,0.69,0.7,0.01,0.01,77980.29,1776921408000
1776921409.692,109.692,0.3,0.31,0.69,0.7,0.01,0.01,77980.29,1776921408000
1776921410.058,110.058,0.3,0.31,0.69,0.7,0.01,0.01,77977.78,1776921409000
1776921410.49,110.49,0.3,0.31,0.69,0.7,0.01,0.01,77977.78,1776921409000
1776921410.825,110.825,0.3,0.31,0.69,0.7,0.01,0.01,77977.78,1776921409000
1776921411.174,111.174,0.26,0.28,0.72,0.74,0.02,0.02,77977.38,1776921410000
1776921411.538,111.538,0.26,0.27,0.72,0.74,0.01,0.02,77977.38,1776921410000
1776921411.879,111.879,0.25,0.26,0.74,0.75,0.01,0.01,77977.38,1776921410000
1776921412.231,112.231,0.25,0.26,0.74,0.75,0.01,0.01,77976.21,1776921411000
1776921412.569,112.569,0.25,0.26,0.74,0.75,0.01,0.01,77976.21,1776921411000
1776921412.949,112.949,0.23,0.24,0.76,0.77,0.01,0.01,77967.82,1776921412000
1776921413.351,113.351,0.22,0.23,0.76,0.78,0.01,0.02,77967.82,1776921412000
1776921413.759,113.759,0.22,0.23,0.77,0.78,0.01,0.01,77967.82,1776921412000
1776921414.121,114.121,0.21,0.22,0.78,0.79,0.01,0.01,77967.82,1776921412000
1776921414.542,114.542,0.21,0.22,0.78,0.79,0.01,0.01,77967.82,1776921412000
1776921414.93,114.93,0.21,0.22,0.78,0.79,0.01,0.01,77967.82,1776921412000
1776921415.414,115.414,0.21,0.22,0.78,0.79,0.01,0.01,77962.73,1776921413000
1776921415.85,115.85,0.21,0.22,0.78,0.79,0.01,0.01,77956.98,1776921414000
1776921416.278,116.278,0.21,0.22,0.78,0.79,0.01,0.01,77956.98,1776921414000
1776921416.676,116.676,0.21,0.22,0.78,0.79,0.01,0.01,77956.78,1776921415000
1776921417.172,117.172,0.21,0.22,0.78,0.79,0.01,0.01,77956.78,1776921415000
1776921417.666,117.666,0.22,0.23,0.77,0.79,0.01,0.02,77956.78,1776921416000
1776921418.05,118.05,0.22,0.23,0.77,0.78,0.01,0.01,77956.78,1776921416000
1776921419.164,119.164,0.22,0.23,0.77,0.78,0.01,0.01,77956.78,1776921417000
1776921420.209,120.209,0.21,0.22,0.78,0.79,0.01,0.01,77958.97,1776921418000
1776921420.545,120.545,0.21,0.22,0.78,0.79,0.01,0.01,77958.97,1776921419000
1776921421.016,121.016,0.21,0.22,0.78,0.79,0.01,0.01,77958.97,1776921419000
1776921421.391,121.391,0.21,0.22,0.78,0.79,0.01,0.01,77958.87,1776921420000
1776921421.743,121.743,0.2,0.21,0.79,0.8,0.01,0.01,77958.87,1776921420000
1776921422.086,122.086,0.2,0.21,0.79,0.8,0.01,0.01,77956.77,1776921421000
1776921422.448,122.448,0.2,0.21,0.79,0.8,0.01,0.01,77956.77,1776921421000
1776921422.825,122.825,0.2,0.21,0.79,0.8,0.01,0.01,77956.77,1776921421000
1776921423.176,123.176,0.2,0.21,0.79,0.8,0.01,0.01,77956.77,1776921421000
1776921423.588,123.588,0.2,0.21,0.79,0.8,0.01,0.01,77957.43,1776921422000
1776921423.976,123.976,0.2,0.21,0.79,0.8,0.01,0.01,77957.43,1776921422000
1776921424.336,124.336,0.2,0.21,0.79,0.8,0.01,0.01,77957.38,1776921423000
1776921424.915,124.915,0.18,0.19,0.79,0.81,0.01,0.02,77957.38,1776921423000
1776921425.371,125.371,0.18,0.19,0.81,0.82,0.01,0.01,77957.41,1776921424000
1776921425.981,125.981,0.18,0.19,0.81,0.82,0.01,0.01,77956.74,1776921425000
1776921426.372,126.372,0.18,0.19,0.81,0.82,0.01,0.01,77956.74,1776921425000
1776921426.919,126.919,0.18,0.19,0.81,0.82,0.01,0.01,77956.74,1776921425000
1776921427.273,127.273,0.18,0.19,0.81,0.82,0.01,0.01,77956.52,1776921426000
1776921427.614,127.614,0.18,0.19,0.81,0.82,0.01,0.01,77956.52,1776921426000
1776921428.211,128.211,0.18,0.19,0.81,0.82,0.01,0.01,77955.63,1776921427000
1776921428.644,128.644,0.18,0.19,0.81,0.82,0.01,0.01,77955.63,1776921427000
1776921428.981,128.981,0.22,0.23,0.77,0.78,0.01,0.01,77955.63,1776921427000
1776921429.531,129.531,0.21,0.22,0.77,0.79,0.01,0.02,77955.63,1776921427000
1776921429.865,129.865,0.18,0.2,0.8,0.82,0.02,0.02,77955.59,1776921428000
1776921430.222,130.222,0.18,0.19,0.81,0.82,0.01,0.01,77955.59,1776921428000
1776921430.731,130.731,0.17,0.19,0.81,0.83,0.02,0.02,77954.6,1776921429000
1776921431.149,131.149,0.17,0.18,0.82,0.83,0.01,0.01,77954.6,1776921429000
1776921431.632,131.632,0.17,0.18,0.82,0.83,0.01,0.01,77954.6,1776921429000
1776921432.07,132.07,0.17,0.18,0.82,0.83,0.01,0.01,77954.06,1776921430000
1776921432.434,132.434,0.17,0.18,0.82,0.83,0.01,0.01,77953.68,1776921431000
1776921433.29,133.29,0.17,0.18,0.82,0.83,0.01,0.01,77953.34,1776921432000
1776921433.66,133.66,0.17,0.18,0.82,0.83,0.01,0.01,77953.34,1776921432000
1776921434.296,134.296,0.17,0.18,0.82,0.83,0.01,0.01,77953.34,1776921432000
1776921434.643,134.643,0.17,0.18,0.82,0.83,0.01,0.01,77953.34,1776921432000
1776921435.051,135.051,0.17,0.18,0.82,0.83,0.01,0.01,77953.33,1776921433000
1776921435.719,135.719,0.17,0.18,0.82,0.83,0.01,0.01,77953.55,1776921434000
1776921436.251,136.251,0.19,0.2,0.8,0.81,0.01,0.01,77953.55,1776921434000
1776921436.616,136.616,0.19,0.21,0.79,0.81,0.02,0.02,77953.37,1776921435000
1776921437.116,137.116,0.2,0.21,0.79,0.81,0.01,0.02,77953.37,1776921435000
1776921437.697,137.697,0.2,0.21,0.79,0.8,0.01,0.01,77953.37,1776921435000
1776921438.38,138.38,0.2,0.21,0.79,0.8,0.01,0.01,77953.95,1776921436000
1776921439.044,139.044,0.2,0.21,0.79,0.8,0.01,0.01,77958.65,1776921437000
1776921439.415,139.415,0.2,0.21,0.79,0.8,0.01,0.01,77958.74,1776921438000
1776921439.774,139.774,0.2,0.21,0.79,0.8,0.01,0.01,77958.74,1776921438000
1776921440.461,140.461,0.2,0.21,0.79,0.8,0.01,0.01,77958.74,1776921438000
1776921440.932,140.932,0.2,0.21,0.79,0.8,0.01,0.01,77959.14,1776921439000
1776921441.283,141.283,0.2,0.21,0.79,0.8,0.01,0.01,77959.14,1776921439000
1776921441.682,141.682,0.2,0.21,0.79,0.8,0.01,0.01,77959.14,1776921440000
1776921442.034,142.034,0.2,0.21,0.79,0.8,0.01,0.01,77960.09,1776921441000
1776921442.374,142.374,0.19,0.2,0.8,0.81,0.01,0.01,77960.09,1776921441000
1776921443.073,143.073,0.19,0.2,0.8,0.81,0.01,0.01,77960.09,1776921441000
1776921443.556,143.556,0.19,0.2,0.8,0.81,0.01,0.01,77958.95,1776921442000
1776921444.109,144.109,0.19,0.2,0.8,0.81,0.01,0.01,77957.61,1776921443000
1776921445.336,145.336,0.19,0.2,0.8,0.81,0.01,0.01,77955.81,1776921444000
1776921445.68,145.68,0.19,0.2,0.8,0.81,0.01,0.01,77955.81,1776921444000
1776921446.268,146.268,0.17,0.19,0.81,0.83,0.02,0.02,77955.81,1776921444000
1776921446.644,146.644,0.17,0.18,0.81,0.83,0.01,0.02,77955.41,1776921445000
1776921447.279,147.279,0.17,0.18,0.82,0.83,0.01,0.01,77955.41,1776921445000
1776921448.139,148.139,0.17,0.18,0.82,0.83,0.01,0.01,77955.64,1776921447000
1776921448.628,148.628,0.17,0.18,0.82,0.83,0.01,0.01,77955.64,1776921447000
1776921449.017,149.017,0.17,0.19,0.82,0.83,0.02,0.01,77955.64,1776921447000
1776921449.358,149.358,0.17,0.18,0.82,0.83,0.01,0.01,77954.49,1776921448000
1776921449.896,149.896,0.17,0.18,0.82,0.83,0.01,0.01,77954.49,1776921448000
1776921450.667,150.667,0.18,0.19,0.81,0.83,0.01,0.02,77954.74,1776921449000
1776921451.004,151.004,0.18,0.19,0.81,0.82,0.01,0.01,77954.74,1776921450000
1776921451.34,151.34,0.18,0.19,0.81,0.82,0.01,0.01,77954.74,1776921450000
1776921451.944,151.944,0.18,0.19,0.81,0.82,0.01,0.01,77955.11,1776921451000
1776921452.421,152.421,0.17,0.18,0.81,0.82,0.01,0.01,77955.11,1776921451000
1776921452.929,152.929,0.17,0.18,0.82,0.83,0.01,0.01,77955.11,1776921451000
1776921453.417,153.417,0.17,0.18,0.82,0.83,0.01,0.01,77955.33,1776921452000
1776921453.923,153.923,0.17,0.18,0.82,0.83,0.01,0.01,77955.33,1776921452000
1776921454.378,154.378,0.16,0.18,0.82,0.83,0.02,0.01,77955.05,1776921453000
1776921454.721,154.721,0.16,0.18,0.83,0.84,0.02,0.01,77955.05,1776921453000
1776921455.187,155.187,0.17,0.18,0.82,0.83,0.01,0.01,77955.05,1776921453000
1776921456.301,156.301,0.16,0.17,0.83,0.84,0.01,0.01,77954.99,1776921455000
1776921457.185,157.185,0.16,0.17,0.83,0.84,0.01,0.01,77954.14,1776921456000
1776921457.531,157.531,0.15,0.17,0.83,0.85,0.02,0.02,77954.14,1776921456000
1776921457.882,157.882,0.15,0.16,0.84,0.85,0.01,0.01,77954.14,1776921456000
1776921458.261,158.261,0.15,0.16,0.84,0.85,0.01,0.01,77950.55,1776921457000
1776921458.596,158.596,0.15,0.16,0.84,0.85,0.01,0.01,77950.55,1776921457000
1776921458.985,158.985,0.15,0.16,0.84,0.85,0.01,0.01,77950.55,1776921457000
1776921459.319,159.319,0.14,0.15,0.84,0.85,0.01,0.01,77948.36,1776921458000
1776921459.682,159.682,0.14,0.15,0.85,0.86,0.01,0.01,77948.36,1776921458000
1776921460.283,160.283,0.14,0.15,0.85,0.86,0.01,0.01,77948.36,1776921458000
1776921460.678,160.678,0.14,0.15,0.85,0.86,0.01,0.01,77946.81,1776921459000
1776921461.051,161.051,0.14,0.15,0.85,0.86,0.01,0.01,77946.81,1776921460000
1776921462.029,162.029,0.14,0.15,0.85,0.86,0.01,0.01,77946.81,1776921460000
1776921462.535,162.535,0.14,0.15,0.85,0.86,0.01,0.01,77946.81,1776921461000
1776921463.49,163.49,0.14,0.15,0.85,0.86,0.01,0.01,77946.81,1776921461000
1776921464.083,164.083,0.14,0.15,0.85,0.86,0.01,0.01,77948.85,1776921463000
1776921464.535,164.535,0.14,0.15,0.85,0.86,0.01,0.01,77948.85,1776921463000
1776921464.942,164.942,0.14,0.15,0.85,0.86,0.01,0.01,77948.85,1776921463000
1776921465.363,165.363,0.14,0.15,0.85,0.86,0.01,0.01,77948.84,1776921464000
1776921465.77,165.77,0.13,0.14,0.85,0.87,0.01,0.02,77948.84,1776921464000
1776921466.16,166.16,0.13,0.14,0.86,0.87,0.01,0.01,77948.84,1776921464000
1776921466.505,166.505,0.12,0.14,0.86,0.88,0.02,0.02,77946.86,1776921465000
1776921466.892,166.892,0.12,0.13,0.87,0.88,0.01,0.01,77946.86,1776921465000
1776921467.363,167.363,0.12,0.13,0.87,0.88,0.01,0.01,77948.22,1776921466000
1776921467.768,167.768,0.12,0.13,0.87,0.88,0.01,0.01,77948.22,1776921466000
1776921468.285,168.285,0.12,0.13,0.87,0.88,0.01,0.01,77946.81,1776921467000
1776921468.733,168.733,0.12,0.13,0.87,0.88,0.01,0.01,77946.81,1776921467000
1776921469.161,169.161,0.12,0.13,0.87,0.88,0.01,0.01,77946.81,1776921467000
1776921469.582,169.582,0.11,0.12,0.88,0.89,0.01,0.01,77946.59,1776921468000
1776921470.113,170.113,0.11,0.12,0.88,0.89,0.01,0.01,77946.47,1776921469000
1776921470.989,170.989,0.11,0.12,0.88,0.89,0.01,0.01,77946.47,1776921469000
1776921471.459,171.459,0.11,0.12,0.88,0.89,0.01,0.01,77943.04,1776921470000
1776921472.253,172.253,0.11,0.12,0.88,0.89,0.01,0.01,77943.04,1776921470000
1776921472.589,172.589,0.11,0.12,0.88,0.89,0.01,0.01,77942.49,1776921471000
1776921472.992,172.992,0.11,0.12,0.88,0.89,0.01,0.01,77942.5,1776921472000
1776921473.567,173.567,0.1,0.12,0.88,0.89,0.02,0.01,77942.5,1776921472000
1776921473.945,173.945,0.11,0.12,0.88,0.9,0.01,0.02,77942.5,1776921472000
1776921474.411,174.411,0.1,0.11,0.89,0.9,0.01,0.01,77942.5,1776921473000
1776921474.902,174.902,0.1,0.11,0.89,0.9,0.01,0.01,77942.5,1776921473000
1776921475.266,175.266,0.1,0.11,0.89,0.9,0.01,0.01,77942.5,1776921473000
1776921475.612,175.612,0.1,0.11,0.89,0.9,0.01,0.01,77942.5,1776921473000
1776921475.954,175.954,0.1,0.11,0.89,0.9,0.01,0.01,77942.51,1776921474000
1776921476.321,176.321,0.1,0.11,0.89,0.9,0.01,0.01,77942.51,1776921474000
1776921477.49,177.49,0.1,0.11,0.89,0.9,0.01,0.01,77942.73,1776921476000
1776921478.019,178.019,0.1,0.11,0.89,0.9,0.01,0.01,77942.73,1776921477000
1776921478.408,178.408,0.1,0.11,0.89,0.9,0.01,0.01,77942.73,1776921477000
1776921479.189,179.189,0.1,0.11,0.89,0.9,0.01,0.01,77942.73,1776921477000
1776921479.646,179.646,0.1,0.11,0.89,0.9,0.01,0.01,77942.74,1776921478000
1776921480.061,180.061,0.1,0.11,0.89,0.9,0.01,0.01,77942.74,1776921478000
1776921480.464,180.464,0.1,0.11,0.89,0.9,0.01,0.01,77943.23,1776921479000
1776921480.835,180.835,0.1,0.11,0.89,0.9,0.01,0.01,77943.23,1776921479000
1776921481.323,181.323,0.09,0.11,0.89,0.91,0.02,0.02,77943.22,1776921480000
1776921482.426,182.426,0.09,0.11,0.89,0.91,0.02,0.02,77943.42,1776921481000
1776921482.767,182.767,0.09,0.1,0.9,0.91,0.01,0.01,77943.42,1776921481000
1776921483.176,183.176,0.09,0.1,0.9,0.91,0.01,0.01,77945.43,1776921482000
1776921483.554,183.554,0.09,0.1,0.9,0.91,0.01,0.01,77945.43,1776921482000
1776921484.06,184.06,0.09,0.1,0.9,0.91,0.01,0.01,77945.78,1776921483000
1776921485.09,185.09,0.09,0.1,0.9,0.91,0.01,0.01,77945.77,1776921484000
1776921485.626,185.626,0.09,0.1,0.9,0.91,0.01,0.01,77945.77,1776921484000
1776921488.026,188.026,0.09,0.1,0.9,0.91,0.01,0.01,77945.77,1776921484000
1776921488.526,188.526,0.09,0.1,0.9,0.91,0.01,0.01,77945.77,1776921484000
1776921489.731,189.731,0.09,0.1,0.9,0.91,0.01,0.01,77945.77,1776921484000
1776921492.53,192.53,0.09,0.1,0.9,0.91,0.01,0.01,77945.77,1776921484000
1776921493.025,193.025,0.09,0.1,0.9,0.91,0.01,0.01,77945.77,1776921484000
1776921493.547,193.547,0.09,0.1,0.9,0.91,0.01,0.01,77946.01,1776921492000
1776921494.153,194.153,0.09,0.1,0.9,0.91,0.01,0.01,77946.01,1776921492000
1776921494.896,194.896,0.09,0.1,0.9,0.91,0.01,0.01,77945.96,1776921493000
1776921495.434,195.434,0.09,0.1,0.9,0.91,0.01,0.01,77945.96,1776921493000
1776921496.024,196.024,0.09,0.1,0.9,0.91,0.01,0.01,77945.93,1776921494000
1776921496.409,196.409,0.09,0.1,0.9,0.91,0.01,0.01,77945.93,1776921495000
1776921497.106,197.106,0.09,0.1,0.9,0.91,0.01,0.01,77945.97,1776921496000
1776921498.059,198.059,0.09,0.1,0.9,0.91,0.01,0.01,77945.97,1776921496000
1776921498.571,198.571,0.11,0.12,0.88,0.91,0.01,0.03,77945.97,1776921496000
1776921498.904,198.904,0.11,0.12,0.88,0.89,0.01,0.01,77946.03,1776921497000
1776921499.246,199.246,0.16,0.17,0.83,0.86,0.01,0.03,77946.03,1776921497000
1776921499.599,199.599,0.18,0.19,0.81,0.82,0.01,0.01,77946.03,1776921498000
1776921500.008,200.008,0.18,0.19,0.81,0.82,0.01,0.01,77946.03,1776921498000
1776921500.444,200.444,0.18,0.19,0.81,0.82,0.01,0.01,77952.75,1776921499000
1776921500.838,200.838,0.2,0.21,0.79,0.81,0.01,0.02,77952.75,1776921499000
1776921501.221,201.221,0.2,0.21,0.79,0.8,0.01,0.01,77952.75,1776921499000
1776921501.598,201.598,0.2,0.21,0.79,0.8,0.01,0.01,77952.75,1776921499000
1776921502.33,202.33,0.2,0.21,0.79,0.8,0.01,0.01,77968.49,1776921501000
1776921502.695,202.695,0.2,0.21,0.79,0.8,0.01,0.01,77968.49,1776921501000
1776921503.115,203.115,0.19,0.2,0.8,0.81,0.01,0.01,77968.5,1776921502000
1776921503.47,203.47,0.19,0.2,0.8,0.81,0.01,0.01,77968.5,1776921502000
1776921503.891,203.891,0.19,0.2,0.8,0.81,0.01,0.01,77968.5,1776921502000
1776921504.326,204.326,0.19,0.2,0.8,0.81,0.01,0.01,77968.5,1776921502000
1776921504.975,204.975,0.19,0.2,0.8,0.81,0.01,0.01,77968.51,1776921503000
1776921505.322,205.322,0.19,0.2,0.8,0.81,0.01,0.01,77968.51,1776921504000
1776921505.82,205.82,0.18,0.2,0.8,0.82,0.02,0.02,77968.51,1776921504000
1776921506.302,206.302,0.19,0.2,0.8,0.81,0.01,0.01,77968.51,1776921504000
1776921506.886,206.886,0.19,0.2,0.8,0.81,0.01,0.01,77968.58,1776921505000
1776921507.227,207.227,0.19,0.2,0.8,0.81,0.01,0.01,77968.58,1776921505000
1776921507.608,207.608,0.19,0.2,0.8,0.81,0.01,0.01,77968.58,1776921506000
1776921508.08,208.08,0.19,0.2,0.8,0.81,0.01,0.01,77968.58,1776921506000
1776921508.423,208.423,0.19,0.2,0.8,0.81,0.01,0.01,77968.58,1776921506000
1776921509.152,209.152,0.19,0.2,0.8,0.81,0.01,0.01,77968.25,1776921507000
1776921509.725,209.725,0.19,0.2,0.8,0.81,0.01,0.01,77967.97,1776921508000
1776921510.182,210.182,0.19,0.2,0.8,0.81,0.01,0.01,77967.97,1776921508000
1776921510.639,210.639,0.19,0.2,0.8,0.81,0.01,0.01,77967.97,1776921509000
1776921510.99,210.99,0.19,0.2,0.8,0.81,0.01,0.01,77967.97,1776921509000
1776921511.342,211.342,0.19,0.2,0.8,0.81,0.01,0.01,77967.97,1776921509000
1776921511.881,211.881,0.19,0.2,0.8,0.81,0.01,0.01,77968.27,1776921510000
1776921512.243,212.243,0.19,0.2,0.8,0.81,0.01,0.01,77968.27,1776921510000
1776921512.589,212.589,0.19,0.2,0.8,0.81,0.01,0.01,77968.27,1776921511000
1776921512.963,212.963,0.19,0.2,0.8,0.81,0.01,0.01,77968.42,1776921512000
1776921513.53,213.53,0.19,0.2,0.8,0.81,0.01,0.01,77968.42,1776921512000
1776921514.027,214.027,0.19,0.2,0.8,0.81,0.01,0.01,77969.06,1776921513000
1776921515.054,215.054,0.19,0.2,0.8,0.81,0.01,0.01,77969.06,1776921513000
1776921515.46,215.46,0.19,0.2,0.8,0.81,0.01,0.01,77969.1,1776921514000
1776921515.976,215.976,0.18,0.19,0.8,0.81,0.01,0.01,77969.1,1776921514000
1776921516.368,216.368,0.16,0.17,0.81,0.85,0.01,0.04,77969.1,1776921514000
1776921516.707,216.707,0.16,0.17,0.83,0.84,0.01,0.01,77968.31,1776921515000
1776921517.05,217.05,0.16,0.17,0.83,0.84,0.01,0.01,77968.31,1776921515000
1776921517.49,217.49,0.15,0.16,0.84,0.85,0.01,0.01,77968.38,1776921516000
1776921517.841,217.841,0.15,0.16,0.84,0.85,0.01,0.01,77968.38,1776921516000
1776921518.272,218.272,0.15,0.16,0.84,0.85,0.01,0.01,77967.12,1776921517000
1776921519.178,219.178,0.15,0.16,0.84,0.85,0.01,0.01,77965.3,1776921518000
1776921519.908,219.908,0.15,0.16,0.84,0.85,0.01,0.01,77965.3,1776921518000
1776921520.534,220.534,0.15,0.16,0.84,0.85,0.01,0.01,77965.7,1776921519000
1776921520.944,220.944,0.15,0.16,0.84,0.85,0.01,0.01,77965.7,1776921519000
1776921521.399,221.399,0.15,0.16,0.84,0.85,0.01,0.01,77966.13,1776921520000
1776921522.201,222.201,0.15,0.16,0.84,0.85,0.01,0.01,77966.13,1776921520000
1776921522.732,222.732,0.15,0.16,0.84,0.85,0.01,0.01,77966.13,1776921521000
1776921523.929,223.929,0.15,0.16,0.84,0.85,0.01,0.01,77966.13,1776921522000
1776921524.276,224.276,0.14,0.16,0.84,0.85,0.02,0.01,77966.13,1776921522000
1776921524.699,224.699,0.14,0.15,0.85,0.86,0.01,0.01,77965.88,1776921523000
1776921525.271,225.271,0.14,0.15,0.85,0.86,0.01,0.01,77965.88,1776921523000
1776921525.611,225.611,0.14,0.15,0.85,0.86,0.01,0.01,77965.88,1776921524000
1776921526.121,226.121,0.14,0.15,0.85,0.86,0.01,0.01,77965.88,1776921524000
1776921527.134,227.134,0.13,0.15,0.85,0.86,0.02,0.01,77965.77,1776921525000
1776921527.477,227.477,0.13,0.14,0.85,0.87,0.01,0.02,77965.6,1776921526000
1776921528.312,228.312,0.13,0.14,0.86,0.87,0.01,0.01,77965.6,1776921526000
1776921528.668,228.668,0.12,0.14,0.86,0.87,0.02,0.01,77966.21,1776921527000
1776921529.036,229.036,0.12,0.13,0.87,0.88,0.01,0.01,77966.21,1776921527000
1776921529.41,229.41,0.09,0.1,0.9,0.91,0.01,0.01,77966.21,1776921527000
1776921529.761,229.761,0.09,0.1,0.9,0.91,0.01,0.01,77966.28,1776921528000
1776921530.277,230.277,0.09,0.1,0.9,0.91,0.01,0.01,77966.31,1776921529000
1776921530.678,230.678,0.09,0.1,0.9,0.91,0.01,0.01,77966.31,1776921529000
1776921531.019,231.019,0.09,0.1,0.9,0.91,0.01,0.01,77966.31,1776921529000
1776921531.369,231.369,0.09,0.1,0.9,0.91,0.01,0.01,77961.91,1776921530000
1776921531.829,231.829,0.09,0.12,0.88,0.91,0.03,0.03,77961.91,1776921530000
1776921532.289,232.289,0.11,0.12,0.88,0.89,0.01,0.01,77959.84,1776921531000
1776921532.709,232.709,0.11,0.12,0.88,0.89,0.01,0.01,77959.84,1776921531000
1776921533.246,233.246,0.12,0.13,0.87,0.88,0.01,0.01,77957.94,1776921532000
1776921533.616,233.616,0.11,0.12,0.88,0.89,0.01,0.01,77957.94,1776921532000
1776921534.182,234.182,0.11,0.12,0.88,0.89,0.01,0.01,77957.53,1776921533000
1776921534.688,234.688,0.11,0.12,0.88,0.89,0.01,0.01,77957.53,1776921533000
1776921535.178,235.178,0.1,0.11,0.89,0.9,0.01,0.01,77957.53,1776921533000
1776921535.644,235.644,0.1,0.11,0.89,0.9,0.01,0.01,77958.43,1776921534000
1776921536.243,236.243,0.1,0.11,0.89,0.9,0.01,0.01,77958.43,1776921534000
1776921536.594,236.594,0.1,0.11,0.89,0.9,0.01,0.01,77958.6,1776921535000
1776921537.311,237.311,0.1,0.11,0.89,0.9,0.01,0.01,77958.15,1776921536000
1776921537.764,237.764,0.1,0.11,0.89,0.9,0.01,0.01,77958.15,1776921536000
1776921538.192,238.192,0.1,0.14,0.89,0.9,0.04,0.01,77958.15,1776921536000
1776921538.63,238.63,0.13,0.14,0.86,0.87,0.01,0.01,77958.16,1776921537000
1776921538.968,238.968,0.13,0.14,0.86,0.87,0.01,0.01,77958.16,1776921537000
1776921539.716,239.716,0.13,0.14,0.86,0.87,0.01,0.01,77958.16,1776921538000
1776921540.31,240.31,0.13,0.14,0.86,0.87,0.01,0.01,77958.16,1776921539000
1776921540.708,240.708,0.13,0.14,0.86,0.87,0.01,0.01,77958.16,1776921539000
1776921541.059,241.059,0.12,0.13,0.86,0.88,0.01,0.02,77958.16,1776921540000
1776921541.447,241.447,0.12,0.13,0.87,0.88,0.01,0.01,77958.16,1776921540000
1776921541.833,241.833,0.12,0.13,0.87,0.88,0.01,0.01,77958.16,1776921540000
1776921542.416,242.416,0.11,0.12,0.87,0.89,0.01,0.02,77958.16,1776921541000
1776921543.093,243.093,0.11,0.12,0.88,0.89,0.01,0.01,77958.16,1776921541000
1776921543.465,243.465,0.11,0.12,0.88,0.89,0.01,0.01,77958.16,1776921541000
1776921543.844,243.844,0.11,0.12,0.88,0.89,0.01,0.01,77960.09,1776921542000
1776921544.25,244.25,0.11,0.12,0.88,0.89,0.01,0.01,77960.09,1776921542000
1776921544.787,244.787,0.11,0.12,0.88,0.89,0.01,0.01,77958.16,1776921543000
1776921545.149,245.149,0.11,0.12,0.88,0.89,0.01,0.01,77958.16,1776921543000
1776921545.5,245.5,0.1,0.11,0.89,0.9,0.01,0.01,77958.83,1776921544000
1776921545.947,245.947,0.1,0.11,0.89,0.9,0.01,0.01,77958.83,1776921544000
1776921546.347,246.347,0.1,0.11,0.89,0.9,0.01,0.01,77959,1776921545000
1776921546.778,246.778,0.09,0.1,0.9,0.91,0.01,0.01,77959,1776921545000
1776921547.136,247.136,0.09,0.1,0.9,0.91,0.01,0.01,77959,1776921545000
1776921547.484,247.484,0.09,0.1,0.9,0.91,0.01,0.01,77959,1776921546000
1776921547.913,247.913,0.09,0.11,0.9,0.91,0.02,0.01,77959,1776921546000
1776921548.33,248.33,0.1,0.11,0.89,0.9,0.01,0.01,77959.91,1776921547000
1776921548.672,248.672,0.09,0.1,0.9,0.91,0.01,0.01,77959.91,1776921547000
1776921549.296,249.296,0.09,0.1,0.9,0.91,0.01,0.01,77958.17,1776921548000
1776921549.687,249.687,0.09,0.1,0.9,0.91,0.01,0.01,77958.17,1776921548000
1776921550.044,250.044,0.08,0.09,0.91,0.92,0.01,0.01,77958.17,1776921548000
1776921550.392,250.392,0.08,0.09,0.91,0.92,0.01,0.01,77958.17,1776921549000
1776921550.871,250.871,0.08,0.09,0.91,0.92,0.01,0.01,77958.17,1776921549000
1776921551.322,251.322,0.08,0.09,0.91,0.92,0.01,0.01,77958.17,1776921550000
1776921551.695,251.695,0.08,0.09,0.91,0.92,0.01,0.01,77958.17,1776921550000
1776921552.071,252.071,0.08,0.09,0.91,0.92,0.01,0.01,77958.17,1776921551000
1776921552.489,252.489,0.09,0.1,0.9,0.91,0.01,0.01,77958.17,1776921551000
1776921552.938,252.938,0.09,0.1,0.9,0.91,0.01,0.01,77958.17,1776921551000
1776921553.274,253.274,0.09,0.1,0.9,0.91,0.01,0.01,77958.18,1776921552000
1776921553.997,253.997,0.08,0.09,0.9,0.91,0.01,0.01,77958.18,1776921552000
1776921554.358,254.358,0.08,0.09,0.91,0.92,0.01,0.01,77960.16,1776921553000
1776921554.834,254.834,0.07,0.08,0.91,0.93,0.01,0.02,77960.16,1776921553000
1776921555.295,255.295,0.07,0.08,0.92,0.93,0.01,0.01,77958.18,1776921554000
1776921555.656,255.656,0.07,0.08,0.92,0.93,0.01,0.01,77958.18,1776921554000
1776921556.0,256.0,0.06,0.07,0.93,0.94,0.01,0.01,77958.18,1776921554000
1776921556.386,256.386,0.06,0.07,0.93,0.94,0.01,0.01,77960.09,1776921555000
1776921556.769,256.769,0.06,0.07,0.93,0.94,0.01,0.01,77960.09,1776921555000
1776921557.204,257.204,0.06,0.07,0.93,0.94,0.01,0.01,77960.09,1776921555000
1776921557.714,257.714,0.06,0.07,0.93,0.94,0.01,0.01,77960.09,1776921556000
1776921558.232,258.232,0.06,0.07,0.93,0.94,0.01,0.01,77960.13,1776921557000
1776921558.627,258.627,0.06,0.07,0.93,0.94,0.01,0.01,77960.13,1776921557000
1776921559.014,259.014,0.06,0.07,0.93,0.94,0.01,0.01,77960.13,1776921557000
1776921559.453,259.453,0.06,0.07,0.93,0.94,0.01,0.01,77963.1,1776921558000
1776921560.227,260.227,0.06,0.07,0.93,0.94,0.01,0.01,77963.42,1776921559000
1776921560.571,260.571,0.05,0.06,0.93,0.94,0.01,0.01,77963.42,1776921559000
1776921560.934,260.934,0.05,0.06,0.94,0.95,0.01,0.01,77963.42,1776921559000
1776921561.298,261.298,0.05,0.07,0.93,0.94,0.02,0.01,77963.42,1776921559000
1776921561.773,261.773,0.05,0.07,0.93,0.95,0.02,0.02,77963.76,1776921560000
1776921562.21,262.21,0.05,0.06,0.94,0.95,0.01,0.01,77963.76,1776921560000
1776921562.775,262.775,0.04,0.05,0.95,0.96,0.01,0.01,77963.57,1776921561000
1776921563.18,263.18,0.04,0.05,0.95,0.96,0.01,0.01,77963.57,1776921561000
1776921563.593,263.593,0.04,0.05,0.95,0.96,0.01,0.01,77964.61,1776921562000
1776921563.962,263.962,0.04,0.05,0.95,0.96,0.01,0.01,77964.61,1776921562000
1776921564.328,264.328,0.03,0.04,0.95,0.96,0.01,0.01,77963.92,1776921563000
1776921565.003,265.003,0.03,0.04,0.96,0.97,0.01,0.01,77963.92,1776921563000
1776921565.373,265.373,0.03,0.04,0.96,0.97,0.01,0.01,77963.92,1776921563000
1776921565.797,265.797,0.03,0.04,0.96,0.97,0.01,0.01,77964.82,1776921564000
1776921566.35,266.35,0.03,0.04,0.96,0.97,0.01,0.01,77965.39,1776921565000
1776921566.84,266.84,0.03,0.04,0.96,0.97,0.01,0.01,77965.39,1776921565000
1776921567.33,267.33,0.02,0.04,0.96,0.97,0.02,0.01,77965.39,1776921565000
1776921567.694,267.694,0.02,0.03,0.97,0.98,0.01,0.01,77964.77,1776921566000
1776921568.058,268.058,0.02,0.06,0.94,0.98,0.04,0.04,77964.1,1776921567000
1776921568.396,268.396,0.05,0.06,0.94,0.95,0.01,0.01,77964.1,1776921567000
1776921568.775,268.775,0.07,0.08,0.92,0.93,0.01,0.01,77964.1,1776921567000
1776921569.293,269.293,0.07,0.08,0.92,0.93,0.01,0.01,77963.32,1776921568000
1776921569.627,269.627,0.07,0.08,0.92,0.93,0.01,0.01,77963.32,1776921568000
1776921569.978,269.978,0.07,0.08,0.92,0.93,0.01,0.01,77963.03,1776921569000
1776921570.415,270.415,0.07,0.08,0.92,0.93,0.01,0.01,77963.03,1776921569000
1776921570.847,270.847,0.07,0.08,0.92,0.93,0.01,0.01,77963.03,1776921569000
1776921571.226,271.226,0.07,0.08,0.92,0.93,0.01,0.01,77962.27,1776921570000
1776921571.563,271.563,0.07,0.08,0.92,0.93,0.01,0.01,77962.27,1776921570000
1776921571.905,271.905,0.07,0.08,0.92,0.93,0.01,0.01,77962.27,1776921570000
1776921572.329,272.329,0.07,0.08,0.92,0.93,0.01,0.01,77962.27,1776921571000
1776921572.662,272.662,0.07,0.08,0.92,0.93,0.01,0.01,77962.27,1776921571000
1776921573.299,273.299,0.07,0.08,0.92,0.93,0.01,0.01,77962.27,1776921572000
1776921573.649,273.649,0.07,0.08,0.92,0.93,0.01,0.01,77962.27,1776921572000
1776921574.027,274.027,0.07,0.08,0.92,0.93,0.01,0.01,77962.27,1776921573000
1776921574.47,274.47,0.07,0.08,0.92,0.93,0.01,0.01,77962.27,1776921573000
1776921574.862,274.862,0.07,0.08,0.92,0.93,0.01,0.01,77962.27,1776921573000
1776921575.215,275.215,0.07,0.08,0.92,0.93,0.01,0.01,77962.58,1776921574000
1776921575.657,275.657,0.03,0.04,0.95,0.97,0.01,0.02,77962.58,1776921574000
1776921576.024,276.024,0.02,0.03,0.96,0.97,0.01,0.01,77962.58,1776921574000
1776921576.565,276.565,0.02,0.03,0.97,0.98,0.01,0.01,77962.54,1776921575000
1776921576.952,276.952,0.02,0.03,0.97,0.98,0.01,0.01,77962.52,1776921576000
1776921577.371,277.371,0.02,0.03,0.97,0.98,0.01,0.01,77962.52,1776921576000
1776921577.843,277.843,0.02,0.03,0.97,0.98,0.01,0.01,77962.52,1776921576000
1776921578.182,278.182,0.02,0.03,0.97,0.98,0.01,0.01,77962.91,1776921577000
1776921578.532,278.532,0.02,0.03,0.97,0.98,0.01,0.01,77962.91,1776921577000
1776921578.962,278.962,0.02,0.03,0.97,0.98,0.01,0.01,77962.91,1776921577000
1776921579.357,279.357,0.02,0.03,0.97,0.98,0.01,0.01,77962.29,1776921578000
1776921579.725,279.725,0.01,0.02,0.98,0.99,0.01,0.01,77962.29,1776921578000
1776921580.08,280.08,0.01,0.02,0.98,0.99,0.01,0.01,77962.29,1776921578000
1776921580.505,280.505,0.01,0.02,0.98,0.99,0.01,0.01,77962.27,1776921579000
1776921581.115,281.115,0.01,0.01,0.98,0.99,0.0,0.01,77962.27,1776921579000
1776921581.448,281.448,0.01,0.01,0.99,0.99,0.0,0.0,77962.27,1776921579000
1776921581.792,281.792,0.01,0.01,0.99,0.99,0.0,0.0,77953.99,1776921580000
1776921582.156,282.156,0.01,0.01,0.99,0.99,0.0,0.0,77953.99,1776921580000
1776921582.515,282.515,0.01,0.01,0.99,0.99,0.0,0.0,77953.99,1776921580000
1776921582.956,282.956,0.01,0.01,0.99,0.99,0.0,0.0,77952.08,1776921581000
1776921583.601,283.601,0.01,0.01,0.99,0.99,0.0,0.0,77947.24,1776921582000
1776921584.099,284.099,0.01,0.01,0.99,0.99,0.0,0.0,77947.24,1776921582000
1776921584.435,284.435,0.01,0.01,0.99,0.99,0.0,0.0,77946.99,1776921583000
1776921584.96,284.96,0.01,0.01,0.99,0.99,0.0,0.0,77946.99,1776921583000
1776921585.485,285.485,0.01,0.01,0.99,0.99,0.0,0.0,77946.99,1776921584000
1776921586.287,286.287,0.01,0.01,0.99,0.99,0.0,0.0,77946.13,1776921585000
1776921587.265,287.265,0.01,0.01,0.99,0.99,0.0,0.0,77946.13,1776921585000
1776921588.137,288.137,0.01,0.01,0.99,0.99,0.0,0.0,77946.55,1776921586000
1776921588.486,288.486,0.01,0.01,0.99,0.99,0.0,0.0,77946.55,1776921587000
1776921588.986,288.986,0.01,0.01,0.99,0.99,0.0,0.0,77946.55,1776921587000
1776921589.523,289.523,0.01,0.01,0.99,0.99,0.0,0.0,77946.45,1776921588000
1776921589.859,289.859,0.01,0.01,0.99,0.99,0.0,0.0,77946.45,1776921588000
1776921590.345,290.345,0.01,0.01,0.99,0.99,0.0,0.0,77946.45,1776921589000
1776921591.519,291.519,0.01,0.01,0.99,0.99,0.0,0.0,77946.13,1776921590000
1776921591.861,291.861,0.01,0.01,0.99,0.99,0.0,0.0,77946.13,1776921590000
1776921592.215,292.215,0.01,0.01,0.99,0.99,0.0,0.0,77946.12,1776921591000
1776921593.365,293.365,0.01,0.02,0.99,0.99,0.01,0.0,77946.12,1776921591000
1776921593.741,293.741,0.01,0.02,0.98,0.99,0.01,0.01,77946.13,1776921592000
1776921594.08,294.08,0.01,0.02,0.98,0.99,0.01,0.01,77946.13,1776921592000
1776921594.438,294.438,0.02,0.03,0.97,0.98,0.01,0.01,77946.14,1776921593000
1776921594.791,294.791,0.03,0.04,0.94,0.97,0.01,0.03,77946.14,1776921593000
1776921595.128,295.128,0.02,0.1,0.97,0.98,0.08,0.01,77946.14,1776921593000
1776921595.464,295.464,0.02,0.05,0.95,0.96,0.03,0.01,77946.14,1776921593000
1776921595.803,295.803,0.04,0.05,0.95,0.98,0.01,0.03,77942.34,1776921594000
1776921596.148,296.148,0.06,0.08,0.92,0.94,0.02,0.02,77942.34,1776921594000
1776921596.512,296.512,0.08,0.09,0.91,0.92,0.01,0.01,77941.78,1776921595000
1776921596.854,296.854,0.25,0.53,0.53,0.75,0.28,0.22,77941.78,1776921595000
1776921597.189,297.189,0.77,0.85,0.15,0.23,0.08,0.08,77941.78,1776921595000
1776921597.523,297.523,0.73,0.9,0.1,0.19,0.17,0.09,77941.78,1776921595000
1776921597.93,297.93,0.45,0.56,0.53,0.55,0.11,0.02,77941.78,1776921595000
1776921598.264,298.264,0.7,0.92,0.08,0.28,0.22,0.2,77940.61,1776921596000
1776921598.6,298.6,0.88,0.96,0.04,0.12,0.08,0.08,77943.36,1776921597000
1776921598.938,298.938,0.66,0.88,0.12,0.47,0.22,0.35,77943.36,1776921597000
1776921599.281,299.281,0.6,0.73,0.27,0.7,0.13,0.43,77994.95,1776921598000
1776921599.625,299.625,0.46,0.97,0.02,0.44,0.51,0.42,77994.95,1776921598000
1776921599.958,299.958,0.99,0.5,0.5,0.01,-0.49,-0.49,78008.73,1776921599000
1776921600.294,300.294,0.99,0.5,0.5,0.01,-0.49,-0.49,78008.73,1776921599000
1776921600.635,300.635,0.99,0.5,0.5,0.01,-0.49,-0.49,78008.73,1776921599000

# RESULT,winner=Down,slug=btc-updown-5m-1776921300,ticks=606
