timestamp,elapsed_sec,up_bid,up_ask,down_bid,down_ask,up_spread,down_spread,btc_price,btc_oracle_ts
1777207200.543,0.543,0.48,0.49,0.49,0.5,0.01,0.01,77995.95,1777207199000
1777207200.921,0.921,0.5,0.51,0.49,0.5,0.01,0.01,77995.95,1777207199000
1777207201.287,1.287,0.5,0.56,0.49,0.5,0.06,0.01,77996.06,1777207200000
1777207201.65,1.65,0.52,0.53,0.46,0.48,0.01,0.02,77996.06,1777207200000
1777207202.004,2.004,0.51,0.52,0.48,0.49,0.01,0.01,77996.06,1777207200000
1777207202.53,2.53,0.52,0.53,0.47,0.49,0.01,0.02,77996.01,1777207201000
1777207202.923,2.923,0.46,0.53,0.47,0.48,0.07,0.01,77996.01,1777207201000
1777207203.375,3.375,0.49,0.5,0.5,0.51,0.01,0.01,77996.01,1777207202000
1777207203.98,3.98,0.49,0.5,0.5,0.51,0.01,0.01,77996.01,1777207202000
1777207204.335,4.335,0.49,0.5,0.5,0.51,0.01,0.01,77996.01,1777207202000
1777207205.086,5.086,0.49,0.5,0.5,0.51,0.01,0.01,77995.99,1777207204000
1777207205.642,5.642,0.49,0.51,0.5,0.51,0.02,0.01,77995.99,1777207204000
1777207206.047,6.047,0.49,0.5,0.49,0.51,0.01,0.02,77995.99,1777207204000
1777207206.418,6.418,0.49,0.5,0.5,0.51,0.01,0.01,77996.03,1777207205000
1777207206.82,6.82,0.49,0.5,0.5,0.51,0.01,0.01,77996.03,1777207205000
1777207207.569,7.569,0.49,0.5,0.5,0.51,0.01,0.01,77996.03,1777207205000
1777207208.0,8.0,0.44,0.5,0.5,0.51,0.06,0.01,77996.03,1777207206000
1777207208.596,8.596,0.49,0.5,0.5,0.51,0.01,0.01,77996.07,1777207207000
1777207209.306,9.306,0.49,0.5,0.5,0.51,0.01,0.01,77996.07,1777207207000
1777207209.676,9.676,0.49,0.5,0.5,0.51,0.01,0.01,77996.07,1777207208000
1777207210.345,10.345,0.49,0.5,0.5,0.51,0.01,0.01,77996.07,1777207208000
1777207210.786,10.786,0.49,0.5,0.5,0.51,0.01,0.01,77996.07,1777207209000
1777207211.155,11.155,0.49,0.5,0.5,0.51,0.01,0.01,77996.07,1777207209000
1777207211.523,11.523,0.49,0.5,0.5,0.51,0.01,0.01,77996.07,1777207210000
1777207211.872,11.872,0.49,0.5,0.5,0.51,0.01,0.01,77996.07,1777207210000
1777207212.343,12.343,0.49,0.5,0.5,0.51,0.01,0.01,77996.07,1777207210000
1777207212.993,12.993,0.49,0.5,0.5,0.51,0.01,0.01,77996.02,1777207211000
1777207213.383,13.383,0.49,0.5,0.5,0.51,0.01,0.01,77996.0,1777207212000
1777207213.753,13.753,0.49,0.5,0.5,0.51,0.01,0.01,77996.0,1777207212000
1777207214.269,14.269,0.49,0.5,0.5,0.51,0.01,0.01,77996.0,1777207212000
1777207214.606,14.606,0.49,0.5,0.5,0.51,0.01,0.01,77996.01,1777207213000
1777207214.96,14.96,0.44,0.5,0.5,0.51,0.06,0.01,77996.01,1777207213000
1777207215.303,15.303,0.27,0.32,0.68,0.71,0.05,0.03,77996.05,1777207214000
1777207215.651,15.651,0.28,0.29,0.7,0.72,0.01,0.02,77996.05,1777207214000
1777207216.011,16.011,0.28,0.29,0.71,0.72,0.01,0.01,77996.05,1777207214000
1777207216.391,16.391,0.26,0.28,0.72,0.74,0.02,0.02,77996.06,1777207215000
1777207216.949,16.949,0.26,0.28,0.72,0.74,0.02,0.02,77996.06,1777207215000
1777207217.304,17.304,0.26,0.27,0.73,0.74,0.01,0.01,77990.29,1777207216000
1777207217.683,17.683,0.26,0.27,0.73,0.74,0.01,0.01,77990.29,1777207216000
1777207218.036,18.036,0.26,0.28,0.73,0.74,0.02,0.01,77990.29,1777207216000
1777207218.375,18.375,0.26,0.27,0.73,0.74,0.01,0.01,77990.29,1777207216000
1777207218.836,18.836,0.26,0.27,0.72,0.74,0.01,0.02,77987.69,1777207217000
1777207219.215,19.215,0.26,0.27,0.73,0.74,0.01,0.01,77987.2,1777207218000
1777207219.565,19.565,0.26,0.27,0.72,0.74,0.01,0.02,77987.2,1777207218000
1777207220.008,20.008,0.27,0.28,0.72,0.73,0.01,0.01,77987.26,1777207219000
1777207220.359,20.359,0.28,0.29,0.71,0.72,0.01,0.01,77987.26,1777207219000
1777207220.707,20.707,0.28,0.29,0.71,0.72,0.01,0.01,77987.26,1777207219000
1777207221.093,21.093,0.28,0.29,0.71,0.72,0.01,0.01,77987.26,1777207219000
1777207221.857,21.857,0.28,0.29,0.71,0.72,0.01,0.01,77987.27,1777207220000
1777207222.298,22.298,0.28,0.29,0.71,0.72,0.01,0.01,77987.27,1777207220000
1777207222.686,22.686,0.28,0.29,0.71,0.72,0.01,0.01,77987.27,1777207220000
1777207223.143,23.143,0.28,0.29,0.71,0.72,0.01,0.01,77987.32,1777207221000
1777207224.096,24.096,0.29,0.3,0.7,0.72,0.01,0.02,77987.31,1777207222000
1777207224.516,24.516,0.29,0.3,0.7,0.71,0.01,0.01,77987.37,1777207223000
1777207224.9,24.9,0.29,0.3,0.7,0.71,0.01,0.01,77987.37,1777207223000
1777207225.438,25.438,0.29,0.3,0.7,0.71,0.01,0.01,77987.37,1777207224000
1777207225.961,25.961,0.29,0.3,0.7,0.71,0.01,0.01,77987.37,1777207224000
1777207226.699,26.699,0.29,0.3,0.7,0.71,0.01,0.01,77987.36,1777207225000
1777207227.034,27.034,0.29,0.3,0.7,0.71,0.01,0.01,77987.31,1777207226000
1777207227.789,27.789,0.3,0.31,0.69,0.7,0.01,0.01,77987.31,1777207226000
1777207228.132,28.132,0.3,0.31,0.69,0.7,0.01,0.01,77987.31,1777207227000
1777207228.593,28.593,0.3,0.31,0.69,0.7,0.01,0.01,77987.31,1777207227000
1777207228.95,28.95,0.3,0.31,0.69,0.7,0.01,0.01,77987.31,1777207227000
1777207229.319,29.319,0.3,0.31,0.69,0.7,0.01,0.01,77987.32,1777207228000
1777207229.683,29.683,0.3,0.31,0.69,0.7,0.01,0.01,77987.32,1777207228000
1777207230.06,30.06,0.3,0.31,0.69,0.7,0.01,0.01,77987.32,1777207228000
1777207230.405,30.405,0.3,0.31,0.69,0.7,0.01,0.01,77987.32,1777207228000
1777207230.771,30.771,0.3,0.31,0.69,0.7,0.01,0.01,77986.85,1777207229000
1777207231.132,31.132,0.3,0.31,0.69,0.7,0.01,0.01,77986.85,1777207229000
1777207231.502,31.502,0.3,0.31,0.69,0.7,0.01,0.01,77986.74,1777207230000
1777207231.923,31.923,0.3,0.31,0.69,0.7,0.01,0.01,77986.74,1777207230000
1777207232.34,32.34,0.29,0.3,0.69,0.7,0.01,0.01,77986.51,1777207231000
1777207232.689,32.689,0.29,0.3,0.7,0.71,0.01,0.01,77986.51,1777207231000
1777207233.208,33.208,0.29,0.31,0.69,0.71,0.02,0.02,77986.53,1777207232000
1777207233.871,33.871,0.3,0.31,0.69,0.7,0.01,0.01,77986.53,1777207232000
1777207234.297,34.297,0.3,0.31,0.69,0.7,0.01,0.01,77986.53,1777207232000
1777207234.792,34.792,0.3,0.31,0.69,0.7,0.01,0.01,77986.61,1777207233000
1777207235.336,35.336,0.3,0.31,0.69,0.7,0.01,0.01,77986.61,1777207234000
1777207235.879,35.879,0.29,0.3,0.69,0.71,0.01,0.02,77986.61,1777207234000
1777207236.528,36.528,0.29,0.3,0.7,0.71,0.01,0.01,77986.62,1777207235000
1777207237.051,37.051,0.29,0.3,0.7,0.71,0.01,0.01,77986.62,1777207235000
1777207237.651,37.651,0.28,0.29,0.7,0.72,0.01,0.02,77986.6,1777207236000
1777207238.056,38.056,0.28,0.29,0.71,0.72,0.01,0.01,77986.6,1777207236000
1777207238.495,38.495,0.28,0.29,0.71,0.72,0.01,0.01,77986.6,1777207236000
1777207239.011,39.011,0.28,0.29,0.71,0.72,0.01,0.01,77986.64,1777207237000
1777207239.579,39.579,0.28,0.29,0.71,0.72,0.01,0.01,77986.63,1777207238000
1777207239.976,39.976,0.28,0.3,0.71,0.72,0.02,0.01,77986.63,1777207238000
1777207240.328,40.328,0.29,0.3,0.7,0.71,0.01,0.01,77986.63,1777207238000
1777207240.767,40.767,0.29,0.3,0.7,0.71,0.01,0.01,77986.64,1777207239000
1777207241.216,41.216,0.29,0.3,0.7,0.71,0.01,0.01,77986.64,1777207240000
1777207241.568,41.568,0.29,0.3,0.7,0.71,0.01,0.01,77986.64,1777207240000
1777207241.994,41.994,0.29,0.3,0.7,0.71,0.01,0.01,77986.64,1777207240000
1777207242.37,42.37,0.29,0.3,0.7,0.71,0.01,0.01,77986.64,1777207240000
1777207242.752,42.752,0.29,0.3,0.7,0.71,0.01,0.01,77986.6,1777207241000
1777207243.1,43.1,0.28,0.3,0.7,0.72,0.02,0.02,77986.6,1777207241000
1777207243.6,43.6,0.28,0.29,0.7,0.72,0.01,0.02,77986.6,1777207242000
1777207244.096,44.096,0.28,0.29,0.71,0.72,0.01,0.01,77986.6,1777207242000
1777207244.465,44.465,0.28,0.29,0.71,0.72,0.01,0.01,77986.6,1777207243000
1777207245.079,45.079,0.29,0.3,0.7,0.71,0.01,0.01,77986.6,1777207244000
1777207245.425,45.425,0.29,0.3,0.7,0.71,0.01,0.01,77986.6,1777207244000
1777207246.127,46.127,0.28,0.29,0.71,0.72,0.01,0.01,77986.6,1777207244000
1777207246.638,46.638,0.28,0.29,0.71,0.72,0.01,0.01,77986.59,1777207245000
1777207246.997,46.997,0.28,0.29,0.71,0.72,0.01,0.01,77986.59,1777207246000
1777207247.893,47.893,0.28,0.29,0.71,0.72,0.01,0.01,77986.59,1777207246000
1777207248.285,48.285,0.28,0.29,0.71,0.72,0.01,0.01,77986.26,1777207247000
1777207248.668,48.668,0.28,0.29,0.71,0.72,0.01,0.01,77986.26,1777207247000
1777207249.527,49.527,0.28,0.29,0.71,0.72,0.01,0.01,77986.27,1777207248000
1777207249.995,49.995,0.27,0.28,0.72,0.73,0.01,0.01,77986.27,1777207248000
1777207250.534,50.534,0.27,0.28,0.72,0.73,0.01,0.01,77986.29,1777207249000
1777207251.029,51.029,0.28,0.29,0.72,0.73,0.01,0.01,77986.29,1777207249000
1777207251.403,51.403,0.28,0.29,0.71,0.73,0.01,0.02,77986.32,1777207250000
1777207251.947,51.947,0.28,0.29,0.71,0.72,0.01,0.01,77986.25,1777207251000
1777207252.55,52.55,0.28,0.29,0.71,0.72,0.01,0.01,77986.25,1777207251000
1777207253.198,53.198,0.27,0.29,0.71,0.72,0.02,0.01,77986.25,1777207251000
1777207253.737,53.737,0.27,0.28,0.72,0.73,0.01,0.01,77986.28,1777207252000
1777207254.351,54.351,0.27,0.28,0.72,0.73,0.01,0.01,77986.28,1777207252000
1777207254.689,54.689,0.27,0.28,0.72,0.73,0.01,0.01,77986.26,1777207253000
1777207255.056,55.056,0.27,0.28,0.72,0.73,0.01,0.01,77986.26,1777207253000
1777207255.94,55.94,0.27,0.28,0.72,0.73,0.01,0.01,77986.27,1777207254000
1777207256.457,56.457,0.26,0.27,0.72,0.74,0.01,0.02,77986.25,1777207255000
1777207257.388,57.388,0.26,0.27,0.73,0.74,0.01,0.01,77986.21,1777207256000
1777207257.818,57.818,0.26,0.27,0.73,0.74,0.01,0.01,77986.21,1777207256000
1777207258.211,58.211,0.26,0.27,0.73,0.74,0.01,0.01,77986.04,1777207257000
1777207258.946,58.946,0.26,0.27,0.73,0.74,0.01,0.01,77986.04,1777207257000
1777207259.322,59.322,0.26,0.27,0.73,0.74,0.01,0.01,77985.48,1777207258000
1777207259.808,59.808,0.25,0.26,0.74,0.75,0.01,0.01,77985.48,1777207258000
1777207260.236,60.236,0.25,0.26,0.74,0.75,0.01,0.01,77985.45,1777207259000
1777207260.623,60.623,0.25,0.26,0.74,0.75,0.01,0.01,77985.45,1777207259000
1777207260.959,60.959,0.25,0.26,0.74,0.75,0.01,0.01,77985.45,1777207259000
1777207261.304,61.304,0.25,0.29,0.74,0.75,0.04,0.01,77985.45,1777207260000
1777207261.784,61.784,0.27,0.28,0.72,0.73,0.01,0.01,77985.45,1777207260000
1777207262.14,62.14,0.27,0.28,0.72,0.73,0.01,0.01,77985.45,1777207260000
1777207262.547,62.547,0.27,0.28,0.72,0.73,0.01,0.01,77985.52,1777207261000
1777207263.01,63.01,0.28,0.29,0.71,0.72,0.01,0.01,77985.52,1777207262000
1777207263.379,63.379,0.28,0.29,0.71,0.72,0.01,0.01,77985.52,1777207262000
1777207264.194,64.194,0.28,0.29,0.71,0.72,0.01,0.01,77985.52,1777207263000
1777207265.082,65.082,0.28,0.29,0.71,0.72,0.01,0.01,77985.52,1777207263000
1777207265.567,65.567,0.27,0.29,0.71,0.72,0.02,0.01,77985.55,1777207264000
1777207265.903,65.903,0.27,0.29,0.71,0.73,0.02,0.02,77985.55,1777207264000
1777207266.396,66.396,0.23,0.27,0.73,0.77,0.04,0.04,77985.55,1777207264000
1777207266.769,66.769,0.22,0.24,0.76,0.78,0.02,0.02,77983.22,1777207265000
1777207267.111,67.111,0.21,0.22,0.78,0.79,0.01,0.01,77982.99,1777207266000
1777207267.473,67.473,0.21,0.22,0.78,0.79,0.01,0.01,77982.99,1777207266000
1777207267.806,67.806,0.21,0.22,0.78,0.79,0.01,0.01,77982.99,1777207266000
1777207268.237,68.237,0.21,0.22,0.78,0.79,0.01,0.01,77982.43,1777207267000
1777207268.657,68.657,0.21,0.22,0.78,0.79,0.01,0.01,77982.43,1777207267000
1777207269.114,69.114,0.21,0.22,0.78,0.79,0.01,0.01,77982.43,1777207267000
1777207269.48,69.48,0.21,0.22,0.78,0.79,0.01,0.01,77982.51,1777207268000
1777207269.821,69.821,0.2,0.21,0.79,0.8,0.01,0.01,77982.51,1777207268000
1777207270.482,70.482,0.2,0.21,0.79,0.8,0.01,0.01,77982.48,1777207269000
1777207270.825,70.825,0.2,0.21,0.79,0.8,0.01,0.01,77982.48,1777207269000
1777207271.352,71.352,0.2,0.22,0.78,0.8,0.02,0.02,77982.48,1777207270000
1777207271.776,71.776,0.21,0.22,0.78,0.8,0.01,0.02,77982.48,1777207270000
1777207272.44,72.44,0.21,0.22,0.78,0.79,0.01,0.01,77982.5,1777207271000
1777207272.804,72.804,0.21,0.22,0.78,0.79,0.01,0.01,77982.5,1777207271000
1777207273.573,73.573,0.21,0.22,0.78,0.79,0.01,0.01,77982.52,1777207272000
1777207273.928,73.928,0.21,0.22,0.78,0.79,0.01,0.01,77982.52,1777207272000
1777207274.311,74.311,0.21,0.22,0.78,0.79,0.01,0.01,77982.52,1777207273000
1777207274.868,74.868,0.21,0.22,0.78,0.79,0.01,0.01,77982.53,1777207274000
1777207275.86,75.86,0.21,0.22,0.78,0.79,0.01,0.01,77982.53,1777207275000
1777207276.645,76.645,0.21,0.22,0.78,0.79,0.01,0.01,77982.53,1777207275000
1777207276.992,76.992,0.21,0.22,0.78,0.79,0.01,0.01,77982.52,1777207276000
1777207277.389,77.389,0.21,0.22,0.78,0.79,0.01,0.01,77982.52,1777207276000
1777207278.109,78.109,0.21,0.22,0.78,0.79,0.01,0.01,77982.52,1777207276000
1777207279.003,79.003,0.21,0.22,0.78,0.79,0.01,0.01,77982.5,1777207277000
1777207279.368,79.368,0.21,0.22,0.78,0.79,0.01,0.01,77982.5,1777207278000
1777207279.888,79.888,0.21,0.22,0.78,0.79,0.01,0.01,77982.5,1777207278000
1777207280.389,80.389,0.21,0.22,0.78,0.79,0.01,0.01,77982.5,1777207279000
1777207280.866,80.866,0.2,0.22,0.78,0.79,0.02,0.01,77982.5,1777207279000
1777207281.339,81.339,0.2,0.22,0.78,0.8,0.02,0.02,77982.48,1777207280000
1777207282.204,82.204,0.2,0.22,0.78,0.8,0.02,0.02,77982.48,1777207281000
1777207282.545,82.545,0.2,0.21,0.79,0.8,0.01,0.01,77982.48,1777207281000
1777207282.905,82.905,0.2,0.21,0.79,0.8,0.01,0.01,77982.48,1777207281000
1777207283.426,83.426,0.2,0.21,0.79,0.8,0.01,0.01,77982.5,1777207282000
1777207284.093,84.093,0.2,0.21,0.79,0.8,0.01,0.01,77982.5,1777207283000
1777207284.503,84.503,0.2,0.21,0.79,0.8,0.01,0.01,77982.5,1777207283000
1777207285.071,85.071,0.2,0.21,0.79,0.8,0.01,0.01,77982.6,1777207284000
1777207286.062,86.062,0.2,0.21,0.79,0.8,0.01,0.01,77982.6,1777207284000
1777207286.438,86.438,0.19,0.21,0.79,0.81,0.02,0.02,77983.62,1777207285000
1777207286.857,86.857,0.2,0.21,0.79,0.81,0.01,0.02,77983.62,1777207285000
1777207287.289,87.289,0.19,0.21,0.79,0.81,0.02,0.02,77982.43,1777207286000
1777207287.799,87.799,0.19,0.2,0.8,0.81,0.01,0.01,77982.43,1777207286000
1777207288.408,88.408,0.19,0.2,0.8,0.81,0.01,0.01,77982.24,1777207287000
1777207288.86,88.86,0.19,0.2,0.8,0.81,0.01,0.01,77982.24,1777207287000
1777207289.426,89.426,0.19,0.2,0.8,0.81,0.01,0.01,77982.04,1777207288000
1777207290.087,90.087,0.19,0.2,0.8,0.81,0.01,0.01,77982.02,1777207289000
1777207290.522,90.522,0.19,0.2,0.8,0.81,0.01,0.01,77982.02,1777207289000
1777207291.079,91.079,0.19,0.2,0.8,0.81,0.01,0.01,77982.02,1777207289000
1777207291.456,91.456,0.19,0.21,0.8,0.81,0.02,0.01,77982.17,1777207290000
1777207291.837,91.837,0.2,0.21,0.79,0.8,0.01,0.01,77982.17,1777207290000
1777207292.56,92.56,0.2,0.21,0.79,0.8,0.01,0.01,77982.16,1777207291000
1777207292.957,92.957,0.2,0.21,0.79,0.8,0.01,0.01,77982.16,1777207291000
1777207293.325,93.325,0.19,0.2,0.8,0.81,0.01,0.01,77982.17,1777207292000
1777207293.712,93.712,0.19,0.2,0.8,0.81,0.01,0.01,77982.17,1777207292000
1777207294.069,94.069,0.19,0.2,0.8,0.81,0.01,0.01,77982.17,1777207292000
1777207294.5,94.5,0.19,0.2,0.8,0.82,0.01,0.02,77982.17,1777207293000
1777207294.903,94.903,0.19,0.2,0.8,0.81,0.01,0.01,77982.15,1777207294000
1777207295.501,95.501,0.19,0.2,0.8,0.81,0.01,0.01,77982.15,1777207294000
1777207295.931,95.931,0.19,0.2,0.8,0.81,0.01,0.01,77982.15,1777207294000
1777207296.402,96.402,0.19,0.2,0.8,0.81,0.01,0.01,77982.08,1777207295000
1777207297.026,97.026,0.18,0.19,0.81,0.82,0.01,0.01,77982.15,1777207296000
1777207297.563,97.563,0.18,0.19,0.81,0.82,0.01,0.01,77982.15,1777207296000
1777207297.92,97.92,0.18,0.19,0.81,0.82,0.01,0.01,77982.15,1777207296000
1777207298.282,98.282,0.18,0.19,0.81,0.82,0.01,0.01,77982.16,1777207297000
1777207298.766,98.766,0.18,0.19,0.81,0.82,0.01,0.01,77982.16,1777207297000
1777207299.151,99.151,0.18,0.19,0.81,0.82,0.01,0.01,77982.13,1777207298000
1777207300.261,100.261,0.18,0.19,0.81,0.82,0.01,0.01,77982.08,1777207299000
1777207300.598,100.598,0.18,0.19,0.81,0.82,0.01,0.01,77982.08,1777207299000
1777207301.24,101.24,0.18,0.19,0.81,0.82,0.01,0.01,77982.02,1777207300000
1777207301.887,101.887,0.18,0.19,0.81,0.82,0.01,0.01,77982.02,1777207300000
1777207302.308,102.308,0.18,0.19,0.81,0.82,0.01,0.01,77982.02,1777207300000
1777207302.997,102.997,0.18,0.19,0.81,0.82,0.01,0.01,77982.03,1777207301000
1777207303.656,103.656,0.18,0.19,0.81,0.82,0.01,0.01,77982.1,1777207302000
1777207304.402,104.402,0.18,0.19,0.81,0.82,0.01,0.01,77982.14,1777207303000
1777207304.874,104.874,0.18,0.19,0.81,0.82,0.01,0.01,77982.02,1777207304000
1777207305.391,105.391,0.18,0.19,0.81,0.82,0.01,0.01,77982.02,1777207304000
1777207305.777,105.777,0.18,0.19,0.81,0.82,0.01,0.01,77982.02,1777207304000
1777207306.514,106.514,0.18,0.19,0.81,0.82,0.01,0.01,77982.02,1777207305000
1777207306.851,106.851,0.18,0.19,0.81,0.82,0.01,0.01,77982.02,1777207305000
1777207307.425,107.425,0.18,0.19,0.81,0.82,0.01,0.01,77981.9,1777207306000
1777207307.929,107.929,0.18,0.19,0.81,0.82,0.01,0.01,77981.9,1777207306000
1777207308.471,108.471,0.19,0.2,0.8,0.81,0.01,0.01,77981.9,1777207306000
1777207308.824,108.824,0.19,0.2,0.8,0.81,0.01,0.01,77981.91,1777207307000
1777207309.208,109.208,0.18,0.2,0.8,0.81,0.02,0.01,77981.91,1777207307000
1777207309.874,109.874,0.18,0.19,0.81,0.82,0.01,0.01,77981.85,1777207308000
1777207310.558,110.558,0.18,0.19,0.81,0.82,0.01,0.01,77981.85,1777207309000
1777207311.078,111.078,0.18,0.19,0.81,0.82,0.01,0.01,77981.85,1777207309000
1777207311.588,111.588,0.18,0.2,0.81,0.82,0.02,0.01,77981.85,1777207309000
1777207311.992,111.992,0.19,0.2,0.8,0.81,0.01,0.01,77981.84,1777207310000
1777207312.353,112.353,0.19,0.2,0.8,0.81,0.01,0.01,77981.76,1777207311000
1777207313.023,113.023,0.19,0.2,0.8,0.81,0.01,0.01,77981.61,1777207312000
1777207313.368,113.368,0.19,0.2,0.8,0.81,0.01,0.01,77981.61,1777207312000
1777207314.276,114.276,0.19,0.21,0.8,0.81,0.02,0.01,77981.61,1777207312000
1777207315.128,115.128,0.19,0.21,0.79,0.81,0.02,0.02,77981.61,1777207314000
1777207315.531,115.531,0.2,0.21,0.79,0.8,0.01,0.01,77981.61,1777207314000
1777207316.005,116.005,0.2,0.21,0.79,0.8,0.01,0.01,77981.61,1777207314000
1777207316.533,116.533,0.2,0.21,0.79,0.8,0.01,0.01,77981.61,1777207314000
1777207316.974,116.974,0.18,0.2,0.79,0.81,0.02,0.02,77981.54,1777207315000
1777207317.613,117.613,0.19,0.2,0.8,0.82,0.01,0.02,77981.55,1777207316000
1777207317.953,117.953,0.19,0.2,0.8,0.81,0.01,0.01,77981.55,1777207316000
1777207318.509,118.509,0.19,0.2,0.8,0.81,0.01,0.01,77981.55,1777207316000
1777207318.972,118.972,0.19,0.21,0.8,0.81,0.02,0.01,77978.73,1777207317000
1777207319.314,119.314,0.2,0.21,0.79,0.8,0.01,0.01,77978.73,1777207317000
1777207319.785,119.785,0.2,0.21,0.79,0.8,0.01,0.01,77981.55,1777207318000
1777207320.203,120.203,0.2,0.21,0.79,0.8,0.01,0.01,77981.53,1777207319000
1777207320.777,120.777,0.2,0.21,0.79,0.8,0.01,0.01,77981.53,1777207319000
1777207321.112,121.112,0.2,0.21,0.79,0.8,0.01,0.01,77981.53,1777207319000
1777207321.47,121.47,0.2,0.21,0.79,0.8,0.01,0.01,77981.53,1777207319000
1777207321.932,121.932,0.2,0.21,0.79,0.8,0.01,0.01,77981.53,1777207320000
1777207322.291,122.291,0.2,0.21,0.79,0.8,0.01,0.01,77981.53,1777207320000
1777207322.768,122.768,0.2,0.21,0.79,0.8,0.01,0.01,77981.51,1777207321000
1777207323.165,123.165,0.2,0.21,0.79,0.8,0.01,0.01,77981.51,1777207321000
1777207323.53,123.53,0.2,0.21,0.79,0.8,0.01,0.01,77981.51,1777207321000
1777207324.361,124.361,0.17,0.21,0.79,0.83,0.04,0.04,77981.5,1777207323000
1777207324.732,124.732,0.18,0.19,0.81,0.82,0.01,0.01,77981.5,1777207323000
1777207325.07,125.07,0.16,0.17,0.81,0.82,0.01,0.01,77981.5,1777207323000
1777207325.421,125.421,0.16,0.17,0.83,0.84,0.01,0.01,77981.5,1777207324000
1777207325.864,125.864,0.16,0.17,0.83,0.84,0.01,0.01,77981.5,1777207324000
1777207326.602,126.602,0.16,0.17,0.83,0.84,0.01,0.01,77981.5,1777207324000
1777207326.997,126.997,0.16,0.17,0.83,0.84,0.01,0.01,77981.5,1777207324000
1777207327.703,127.703,0.16,0.17,0.83,0.84,0.01,0.01,77981.47,1777207326000
1777207328.117,128.117,0.16,0.17,0.83,0.84,0.01,0.01,77981.47,1777207327000
1777207328.46,128.46,0.12,0.15,0.85,0.9,0.03,0.05,77981.47,1777207327000
1777207328.839,128.839,0.11,0.12,0.88,0.89,0.01,0.01,77981.47,1777207327000
1777207329.22,129.22,0.11,0.12,0.88,0.89,0.01,0.01,77981.47,1777207328000
1777207329.577,129.577,0.11,0.12,0.88,0.89,0.01,0.01,77981.47,1777207328000
1777207330.021,130.021,0.11,0.12,0.88,0.89,0.01,0.01,77981.47,1777207328000
1777207330.394,130.394,0.11,0.12,0.88,0.89,0.01,0.01,77978.32,1777207329000
1777207331.388,131.388,0.11,0.12,0.88,0.89,0.01,0.01,77976.96,1777207330000
1777207332.035,132.035,0.15,0.16,0.84,0.85,0.01,0.01,77976.96,1777207330000
1777207332.378,132.378,0.15,0.16,0.84,0.85,0.01,0.01,77976.96,1777207330000
1777207332.814,132.814,0.15,0.16,0.84,0.85,0.01,0.01,77977.11,1777207331000
1777207333.217,133.217,0.15,0.16,0.84,0.85,0.01,0.01,77977.11,1777207332000
1777207333.66,133.66,0.15,0.16,0.84,0.85,0.01,0.01,77977.11,1777207332000
1777207334.287,134.287,0.15,0.16,0.84,0.85,0.01,0.01,77977.49,1777207333000
1777207334.82,134.82,0.15,0.16,0.84,0.85,0.01,0.01,77977.49,1777207333000
1777207335.39,135.39,0.15,0.16,0.84,0.85,0.01,0.01,77977.51,1777207334000
1777207335.943,135.943,0.15,0.16,0.84,0.85,0.01,0.01,77977.51,1777207334000
1777207336.355,136.355,0.14,0.16,0.84,0.85,0.02,0.01,77977.51,1777207335000
1777207336.841,136.841,0.13,0.14,0.86,0.87,0.01,0.01,77977.51,1777207335000
1777207337.217,137.217,0.13,0.14,0.86,0.87,0.01,0.01,77977.52,1777207336000
1777207338.368,138.368,0.14,0.15,0.85,0.86,0.01,0.01,77975.38,1777207337000
1777207338.782,138.782,0.14,0.15,0.85,0.86,0.01,0.01,77975.38,1777207337000
1777207339.302,139.302,0.14,0.15,0.85,0.86,0.01,0.01,77975.36,1777207338000
1777207339.64,139.64,0.14,0.15,0.85,0.86,0.01,0.01,77975.36,1777207338000
1777207339.985,139.985,0.14,0.15,0.85,0.86,0.01,0.01,77975.36,1777207338000
1777207340.444,140.444,0.14,0.15,0.85,0.86,0.01,0.01,77976.59,1777207339000
1777207340.854,140.854,0.13,0.15,0.85,0.86,0.02,0.01,77976.59,1777207339000
1777207341.419,141.419,0.13,0.14,0.85,0.87,0.01,0.02,77976.59,1777207339000
1777207342.176,142.176,0.13,0.14,0.86,0.87,0.01,0.01,77977.1,1777207340000
1777207342.71,142.71,0.13,0.14,0.86,0.87,0.01,0.01,77977.06,1777207341000
1777207343.143,143.143,0.13,0.14,0.86,0.87,0.01,0.01,77977.06,1777207341000
1777207343.931,143.931,0.05,0.14,0.86,0.87,0.09,0.01,77977.06,1777207342000
1777207344.288,144.288,0.12,0.13,0.86,0.87,0.01,0.01,77977.06,1777207342000
1777207344.642,144.642,0.11,0.12,0.88,0.89,0.01,0.01,77977.06,1777207343000
1777207345.024,145.024,0.11,0.12,0.88,0.89,0.01,0.01,77977.07,1777207344000
1777207345.417,145.417,0.11,0.12,0.88,0.89,0.01,0.01,77977.07,1777207344000
1777207345.769,145.769,0.11,0.12,0.88,0.89,0.01,0.01,77977.07,1777207344000
1777207346.186,146.186,0.11,0.12,0.88,0.89,0.01,0.01,77977.09,1777207345000
1777207346.529,146.529,0.11,0.12,0.88,0.89,0.01,0.01,77977.09,1777207345000
1777207347.239,147.239,0.11,0.12,0.88,0.89,0.01,0.01,77977.09,1777207345000
1777207347.618,147.618,0.11,0.12,0.88,0.89,0.01,0.01,77977.09,1777207346000
1777207348.179,148.179,0.11,0.12,0.88,0.89,0.01,0.01,77977.09,1777207346000
1777207348.846,148.846,0.11,0.12,0.88,0.89,0.01,0.01,77977.09,1777207347000
1777207349.308,149.308,0.11,0.12,0.88,0.89,0.01,0.01,77977.09,1777207348000
1777207350.219,150.219,0.1,0.11,0.88,0.89,0.01,0.01,77977.09,1777207348000
1777207350.56,150.56,0.1,0.11,0.89,0.9,0.01,0.01,77977.02,1777207349000
1777207351.018,151.018,0.1,0.11,0.89,0.9,0.01,0.01,77977.02,1777207349000
1777207351.39,151.39,0.1,0.11,0.89,0.9,0.01,0.01,77977.02,1777207349000
1777207351.955,151.955,0.09,0.11,0.89,0.91,0.02,0.02,77977.04,1777207351000
1777207352.289,152.289,0.09,0.1,0.9,0.91,0.01,0.01,77977.04,1777207351000
1777207352.639,152.639,0.08,0.09,0.91,0.92,0.01,0.01,77977.04,1777207351000
1777207353.069,153.069,0.08,0.09,0.91,0.92,0.01,0.01,77977.01,1777207352000
1777207353.564,153.564,0.08,0.09,0.91,0.92,0.01,0.01,77977.01,1777207352000
1777207353.994,153.994,0.08,0.09,0.91,0.92,0.01,0.01,77977.01,1777207352000
1777207354.632,154.632,0.08,0.09,0.91,0.92,0.01,0.01,77977.03,1777207353000
1777207355.239,155.239,0.08,0.09,0.91,0.92,0.01,0.01,77977.03,1777207353000
1777207355.621,155.621,0.08,0.09,0.91,0.92,0.01,0.01,77977.09,1777207354000
1777207356.314,156.314,0.08,0.09,0.91,0.92,0.01,0.01,77977.04,1777207355000
1777207356.791,156.791,0.08,0.09,0.91,0.92,0.01,0.01,77977.04,1777207355000
1777207357.188,157.188,0.08,0.09,0.91,0.92,0.01,0.01,77977.02,1777207356000
1777207357.69,157.69,0.08,0.09,0.91,0.92,0.01,0.01,77977.02,1777207356000
1777207358.252,158.252,0.08,0.09,0.91,0.92,0.01,0.01,77977.02,1777207356000
1777207358.708,158.708,0.08,0.09,0.91,0.92,0.01,0.01,77977.03,1777207357000
1777207359.142,159.142,0.08,0.09,0.91,0.92,0.01,0.01,77976.94,1777207358000
1777207360.29,160.29,0.08,0.09,0.91,0.92,0.01,0.01,77977.04,1777207359000
1777207361.145,161.145,0.08,0.09,0.91,0.92,0.01,0.01,77976.84,1777207360000
1777207361.599,161.599,0.08,0.09,0.91,0.92,0.01,0.01,77976.84,1777207360000
1777207362.211,162.211,0.08,0.09,0.91,0.92,0.01,0.01,77976.79,1777207361000
1777207362.649,162.649,0.08,0.09,0.91,0.92,0.01,0.01,77976.79,1777207361000
1777207363.239,163.239,0.08,0.09,0.91,0.92,0.01,0.01,77976.85,1777207362000
1777207363.746,163.746,0.08,0.09,0.91,0.92,0.01,0.01,77976.85,1777207362000
1777207364.398,164.398,0.08,0.09,0.91,0.92,0.01,0.01,77976.71,1777207363000
1777207364.793,164.793,0.08,0.09,0.91,0.92,0.01,0.01,77976.71,1777207363000
1777207365.308,165.308,0.08,0.09,0.91,0.92,0.01,0.01,77976.71,1777207363000
1777207365.791,165.791,0.08,0.09,0.91,0.92,0.01,0.01,77976.75,1777207364000
1777207366.341,166.341,0.08,0.09,0.91,0.92,0.01,0.01,77976.82,1777207365000
1777207367.103,167.103,0.08,0.09,0.91,0.92,0.01,0.01,77976.82,1777207365000
1777207367.55,167.55,0.08,0.09,0.91,0.92,0.01,0.01,77976.88,1777207366000
1777207368.38,168.38,0.08,0.09,0.91,0.92,0.01,0.01,77976.98,1777207367000
1777207368.915,168.915,0.08,0.09,0.91,0.92,0.01,0.01,77976.98,1777207367000
1777207369.592,169.592,0.08,0.09,0.91,0.92,0.01,0.01,77976.98,1777207367000
1777207370.198,170.198,0.08,0.09,0.91,0.92,0.01,0.01,77976.98,1777207369000
1777207370.693,170.693,0.08,0.09,0.91,0.92,0.01,0.01,77976.98,1777207369000
1777207371.369,171.369,0.08,0.09,0.91,0.92,0.01,0.01,77976.93,1777207370000
1777207371.945,171.945,0.08,0.09,0.91,0.92,0.01,0.01,77976.93,1777207370000
1777207372.602,172.602,0.08,0.09,0.91,0.92,0.01,0.01,77976.91,1777207371000
1777207373.1,173.1,0.08,0.09,0.91,0.92,0.01,0.01,77976.91,1777207371000
1777207373.99,173.99,0.08,0.09,0.91,0.92,0.01,0.01,77976.9,1777207372000
1777207374.386,174.386,0.08,0.09,0.91,0.92,0.01,0.01,77976.9,1777207373000
1777207374.944,174.944,0.08,0.09,0.91,0.92,0.01,0.01,77976.9,1777207374000
1777207375.877,175.877,0.08,0.09,0.91,0.92,0.01,0.01,77976.9,1777207374000
1777207376.221,176.221,0.06,0.08,0.92,0.94,0.02,0.02,77976.55,1777207375000
1777207376.565,176.565,0.06,0.09,0.91,0.94,0.03,0.03,77976.55,1777207375000
1777207376.951,176.951,0.06,0.07,0.93,0.94,0.01,0.01,77976.55,1777207375000
1777207377.307,177.307,0.05,0.06,0.94,0.95,0.01,0.01,77976.55,1777207375000
1777207377.725,177.725,0.05,0.06,0.94,0.95,0.01,0.01,77971.45,1777207376000
1777207378.107,178.107,0.05,0.06,0.94,0.95,0.01,0.01,77971.45,1777207376000
1777207378.461,178.461,0.05,0.06,0.94,0.95,0.01,0.01,77970.2,1777207377000
1777207378.804,178.804,0.05,0.06,0.94,0.95,0.01,0.01,77970.2,1777207377000
1777207379.142,179.142,0.05,0.06,0.94,0.95,0.01,0.01,77970.2,1777207378000
1777207379.787,179.787,0.05,0.06,0.94,0.95,0.01,0.01,77970.2,1777207378000
1777207380.164,180.164,0.05,0.06,0.94,0.95,0.01,0.01,77970.2,1777207378000
1777207380.652,180.652,0.05,0.06,0.94,0.95,0.01,0.01,77969.44,1777207379000
1777207381.277,181.277,0.04,0.06,0.94,0.95,0.02,0.01,77969.44,1777207379000
1777207382.033,182.033,0.04,0.06,0.94,0.96,0.02,0.02,77969.44,1777207381000
1777207382.411,182.411,0.04,0.05,0.95,0.96,0.01,0.01,77969.44,1777207381000
1777207382.871,182.871,0.04,0.05,0.95,0.96,0.01,0.01,77969.44,1777207381000
1777207383.219,183.219,0.04,0.05,0.95,0.96,0.01,0.01,77967.33,1777207382000
1777207383.628,183.628,0.04,0.05,0.95,0.96,0.01,0.01,77967.33,1777207382000
1777207384.01,184.01,0.04,0.05,0.95,0.96,0.01,0.01,77967.33,1777207382000
1777207384.453,184.453,0.04,0.05,0.95,0.96,0.01,0.01,77967.33,1777207382000
1777207384.85,184.85,0.04,0.05,0.95,0.96,0.01,0.01,77967.33,1777207382000
1777207385.248,185.248,0.04,0.05,0.95,0.96,0.01,0.01,77966.78,1777207383000
1777207385.73,185.73,0.03,0.04,0.95,0.97,0.01,0.02,77966.37,1777207384000
1777207386.126,186.126,0.03,0.04,0.96,0.97,0.01,0.01,77966.32,1777207385000
1777207386.535,186.535,0.03,0.04,0.96,0.97,0.01,0.01,77966.32,1777207385000
1777207386.926,186.926,0.03,0.04,0.96,0.97,0.01,0.01,77966.32,1777207385000
1777207387.27,187.27,0.03,0.04,0.96,0.97,0.01,0.01,77966.32,1777207385000
1777207387.642,187.642,0.03,0.04,0.96,0.97,0.01,0.01,77966.33,1777207386000
1777207388.325,188.325,0.03,0.04,0.96,0.97,0.01,0.01,77966.43,1777207387000
1777207388.661,188.661,0.03,0.04,0.96,0.97,0.01,0.01,77966.43,1777207387000
1777207389.04,189.04,0.03,0.04,0.96,0.97,0.01,0.01,77966.43,1777207387000
1777207389.394,189.394,0.03,0.04,0.96,0.97,0.01,0.01,77966.43,1777207387000
1777207390.058,190.058,0.03,0.04,0.96,0.97,0.01,0.01,77967.37,1777207388000
1777207390.395,190.395,0.03,0.04,0.96,0.97,0.01,0.01,77967.38,1777207389000
1777207390.999,190.999,0.03,0.04,0.96,0.97,0.01,0.01,77967.38,1777207389000
1777207391.56,191.56,0.04,0.05,0.95,0.97,0.01,0.02,77967.38,1777207389000
1777207391.905,191.905,0.04,0.05,0.95,0.96,0.01,0.01,77967.41,1777207390000
1777207392.32,192.32,0.04,0.05,0.95,0.96,0.01,0.01,77967.41,1777207390000
1777207392.778,192.778,0.04,0.05,0.95,0.96,0.01,0.01,77967.42,1777207391000
1777207393.222,193.222,0.04,0.05,0.95,0.96,0.01,0.01,77967.42,1777207392000
1777207393.64,193.64,0.04,0.05,0.95,0.96,0.01,0.01,77967.42,1777207392000
1777207394.17,194.17,0.04,0.05,0.95,0.96,0.01,0.01,77967.42,1777207392000
1777207394.511,194.511,0.04,0.05,0.95,0.96,0.01,0.01,77967.42,1777207392000
1777207394.857,194.857,0.04,0.05,0.95,0.96,0.01,0.01,77967.44,1777207393000
1777207395.303,195.303,0.04,0.05,0.95,0.96,0.01,0.01,77967.57,1777207394000
1777207396.039,196.039,0.04,0.05,0.95,0.96,0.01,0.01,77967.57,1777207394000
1777207396.491,196.491,0.04,0.05,0.95,0.96,0.01,0.01,77967.52,1777207395000
1777207397.191,197.191,0.04,0.05,0.95,0.96,0.01,0.01,77967.52,1777207395000
1777207397.53,197.53,0.04,0.05,0.95,0.96,0.01,0.01,77967.51,1777207396000
1777207397.906,197.906,0.04,0.05,0.95,0.96,0.01,0.01,77967.51,1777207396000
1777207398.383,198.383,0.04,0.05,0.95,0.96,0.01,0.01,77967.51,1777207396000
1777207398.845,198.845,0.04,0.05,0.95,0.96,0.01,0.01,77967.49,1777207397000
1777207399.235,199.235,0.04,0.05,0.95,0.96,0.01,0.01,77967.49,1777207398000
1777207400.569,200.569,0.04,0.05,0.95,0.96,0.01,0.01,77967.56,1777207399000
1777207400.912,200.912,0.04,0.05,0.95,0.96,0.01,0.01,77967.56,1777207399000
1777207401.252,201.252,0.04,0.05,0.95,0.96,0.01,0.01,77967.56,1777207399000
1777207401.654,201.654,0.04,0.05,0.95,0.96,0.01,0.01,77967.65,1777207400000
1777207402.272,202.272,0.03,0.04,0.95,0.97,0.01,0.02,77967.65,1777207400000
1777207403.564,203.564,0.03,0.05,0.95,0.97,0.02,0.02,77967.65,1777207402000
1777207403.954,203.954,0.03,0.04,0.96,0.97,0.01,0.01,77967.65,1777207402000
1777207405.115,205.115,0.03,0.04,0.96,0.97,0.01,0.01,77969.01,1777207403000
1777207405.459,205.459,0.03,0.04,0.96,0.97,0.01,0.01,77969.1,1777207404000
1777207406.016,206.016,0.03,0.04,0.96,0.97,0.01,0.01,77969.1,1777207404000
1777207406.749,206.749,0.03,0.04,0.96,0.97,0.01,0.01,77969.1,1777207405000
1777207407.307,207.307,0.03,0.04,0.96,0.97,0.01,0.01,77969.1,1777207406000
1777207407.89,207.89,0.03,0.05,0.95,0.97,0.02,0.02,77969.11,1777207407000
1777207408.594,208.594,0.04,0.05,0.95,0.96,0.01,0.01,77969.11,1777207407000
1777207409.07,209.07,0.04,0.05,0.95,0.96,0.01,0.01,77969.11,1777207408000
1777207409.932,209.932,0.03,0.04,0.95,0.96,0.01,0.01,77969.11,1777207408000
1777207410.363,210.363,0.03,0.04,0.96,0.98,0.01,0.02,77969.14,1777207409000
1777207410.984,210.984,0.03,0.04,0.96,0.97,0.01,0.01,77969.14,1777207409000
1777207411.355,211.355,0.03,0.04,0.96,0.97,0.01,0.01,77969.0,1777207410000
1777207411.692,211.692,0.03,0.04,0.96,0.97,0.01,0.01,77969.0,1777207410000
1777207412.067,212.067,0.03,0.04,0.96,0.97,0.01,0.01,77968.96,1777207411000
1777207412.4,212.4,0.03,0.04,0.96,0.97,0.01,0.01,77968.96,1777207411000
1777207412.918,212.918,0.03,0.04,0.96,0.97,0.01,0.01,77968.96,1777207411000
1777207413.464,213.464,0.03,0.04,0.96,0.97,0.01,0.01,77968.93,1777207412000
1777207413.925,213.925,0.03,0.04,0.96,0.97,0.01,0.01,77968.93,1777207412000
1777207414.264,214.264,0.03,0.04,0.96,0.97,0.01,0.01,77968.91,1777207413000
1777207414.733,214.733,0.02,0.04,0.96,0.97,0.02,0.01,77968.91,1777207413000
1777207415.312,215.312,0.02,0.03,0.97,0.98,0.01,0.01,77968.91,1777207413000
1777207415.933,215.933,0.02,0.03,0.97,0.98,0.01,0.01,77968.9,1777207415000
1777207416.292,216.292,0.02,0.03,0.97,0.98,0.01,0.01,77968.9,1777207415000
1777207416.984,216.984,0.02,0.03,0.97,0.98,0.01,0.01,77968.9,1777207415000
1777207417.374,217.374,0.02,0.03,0.97,0.98,0.01,0.01,77968.9,1777207416000
1777207417.905,217.905,0.02,0.03,0.97,0.98,0.01,0.01,77968.9,1777207416000
1777207418.773,218.773,0.02,0.03,0.97,0.98,0.01,0.01,77968.9,1777207417000
1777207419.114,219.114,0.02,0.03,0.97,0.98,0.01,0.01,77968.9,1777207417000
1777207419.476,219.476,0.02,0.03,0.97,0.98,0.01,0.01,77968.91,1777207418000
1777207419.836,219.836,0.02,0.03,0.97,0.98,0.01,0.01,77968.91,1777207418000
1777207420.26,220.26,0.02,0.03,0.97,0.98,0.01,0.01,77968.91,1777207418000
1777207420.692,220.692,0.02,0.03,0.97,0.98,0.01,0.01,77968.92,1777207419000
1777207421.125,221.125,0.02,0.03,0.97,0.98,0.01,0.01,77968.92,1777207419000
1777207421.988,221.988,0.02,0.03,0.97,0.98,0.01,0.01,77968.92,1777207420000
1777207422.816,222.816,0.02,0.03,0.97,0.98,0.01,0.01,77968.97,1777207421000
1777207423.209,223.209,0.02,0.03,0.96,0.98,0.01,0.02,77968.83,1777207422000
1777207423.974,223.974,0.02,0.03,0.97,0.98,0.01,0.01,77968.83,1777207422000
1777207425.063,225.063,0.02,0.03,0.97,0.98,0.01,0.01,77968.59,1777207423000
1777207425.444,225.444,0.02,0.03,0.97,0.98,0.01,0.01,77968.56,1777207424000
1777207425.793,225.793,0.02,0.03,0.97,0.98,0.01,0.01,77968.56,1777207424000
1777207426.296,226.296,0.02,0.03,0.97,0.98,0.01,0.01,77968.56,1777207424000
1777207426.675,226.675,0.02,0.03,0.97,0.98,0.01,0.01,77968.58,1777207425000
1777207428.097,228.097,0.02,0.03,0.97,0.98,0.01,0.01,77968.63,1777207427000
1777207428.486,228.486,0.02,0.03,0.97,0.98,0.01,0.01,77968.63,1777207427000
1777207429.218,229.218,0.02,0.03,0.97,0.98,0.01,0.01,77968.67,1777207428000
1777207430.201,230.201,0.02,0.03,0.97,0.98,0.01,0.01,77968.68,1777207429000
1777207430.83,230.83,0.02,0.03,0.97,0.98,0.01,0.01,77968.68,1777207429000
1777207431.26,231.26,0.02,0.03,0.97,0.98,0.01,0.01,77968.61,1777207430000
1777207431.611,231.611,0.02,0.03,0.97,0.98,0.01,0.01,77968.61,1777207430000
1777207432.131,232.131,0.02,0.03,0.97,0.98,0.01,0.01,77968.61,1777207430000
1777207432.848,232.848,0.02,0.03,0.97,0.98,0.01,0.01,77968.4,1777207431000
1777207433.194,233.194,0.02,0.03,0.97,0.98,0.01,0.01,77968.4,1777207431000
1777207433.915,233.915,0.02,0.03,0.97,0.98,0.01,0.01,77968.4,1777207432000
1777207434.324,234.324,0.02,0.03,0.97,0.98,0.01,0.01,77968.39,1777207433000
1777207435.126,235.126,0.02,0.03,0.97,0.98,0.01,0.01,77968.39,1777207433000
1777207435.493,235.493,0.02,0.03,0.97,0.98,0.01,0.01,77968.37,1777207434000
1777207436.198,236.198,0.02,0.03,0.97,0.98,0.01,0.01,77968.37,1777207434000
1777207436.723,236.723,0.02,0.03,0.97,0.98,0.01,0.01,77968.32,1777207435000
1777207437.073,237.073,0.02,0.03,0.97,0.98,0.01,0.01,77968.32,1777207435000
1777207437.476,237.476,0.02,0.03,0.97,0.98,0.01,0.01,77968.52,1777207436000
1777207437.966,237.966,0.02,0.03,0.97,0.98,0.01,0.01,77968.52,1777207437000
1777207438.32,238.32,0.02,0.03,0.97,0.98,0.01,0.01,77968.52,1777207437000
1777207438.933,238.933,0.01,0.03,0.97,0.99,0.02,0.02,77968.52,1777207438000
1777207439.617,239.617,0.02,0.03,0.97,0.98,0.01,0.01,77968.52,1777207438000
1777207440.055,240.055,0.01,0.03,0.97,0.99,0.02,0.02,77968.51,1777207439000
1777207440.53,240.53,0.01,0.02,0.98,0.99,0.01,0.01,77968.51,1777207439000
1777207441.101,241.101,0.01,0.02,0.98,0.99,0.01,0.01,77968.3,1777207440000
1777207441.625,241.625,0.01,0.02,0.98,0.99,0.01,0.01,77968.3,1777207440000
1777207442.105,242.105,0.01,0.02,0.98,0.99,0.01,0.01,77968.3,1777207441000
1777207442.464,242.464,0.01,0.02,0.98,0.99,0.01,0.01,77968.3,1777207441000
1777207442.901,242.901,0.01,0.02,0.98,0.99,0.01,0.01,77968.3,1777207441000
1777207443.316,243.316,0.01,0.02,0.98,0.99,0.01,0.01,77968.31,1777207442000
1777207443.75,243.75,0.01,0.02,0.98,0.99,0.01,0.01,77968.31,1777207442000
1777207444.117,244.117,0.01,0.02,0.98,0.99,0.01,0.01,77968.31,1777207442000
1777207445.219,245.219,0.01,0.02,0.98,0.99,0.01,0.01,77968.3,1777207443000
1777207445.67,245.67,0.01,0.02,0.98,0.99,0.01,0.01,77968.3,1777207444000
1777207446.013,246.013,0.01,0.02,0.98,0.99,0.01,0.01,77968.3,1777207444000
1777207446.443,246.443,0.01,0.02,0.98,0.99,0.01,0.01,77968.34,1777207445000
1777207446.791,246.791,0.01,0.02,0.98,0.99,0.01,0.01,77968.34,1777207445000
1777207447.383,247.383,0.01,0.02,0.98,0.99,0.01,0.01,77968.34,1777207445000
1777207448.027,248.027,0.01,0.02,0.98,0.99,0.01,0.01,77968.28,1777207447000
1777207448.41,248.41,0.01,0.02,0.98,0.99,0.01,0.01,77968.28,1777207447000
1777207449.27,249.27,0.01,0.02,0.98,0.99,0.01,0.01,77967.62,1777207448000
1777207449.707,249.707,0.01,0.02,0.98,0.99,0.01,0.01,77967.62,1777207448000
1777207450.306,250.306,0.01,0.02,0.98,0.99,0.01,0.01,77967.62,1777207448000
1777207450.672,250.672,0.01,0.02,0.98,0.99,0.01,0.01,77967.58,1777207449000
1777207451.321,251.321,0.01,0.02,0.98,0.99,0.01,0.01,77967.58,1777207450000
1777207451.684,251.684,0.01,0.02,0.98,0.99,0.01,0.01,77967.58,1777207450000
1777207452.028,252.028,0.01,0.02,0.98,0.99,0.01,0.01,77967.7,1777207451000
1777207452.578,252.578,0.01,0.02,0.98,0.99,0.01,0.01,77967.7,1777207451000
1777207453.072,253.072,0.01,0.02,0.98,0.99,0.01,0.01,77967.63,1777207452000
1777207453.591,253.591,0.01,0.02,0.98,0.99,0.01,0.01,77967.63,1777207452000
1777207454.156,254.156,0.01,0.02,0.98,0.99,0.01,0.01,77967.63,1777207452000
1777207454.536,254.536,0.01,0.02,0.98,0.99,0.01,0.01,77967.63,1777207453000
1777207454.938,254.938,0.01,0.02,0.98,0.99,0.01,0.01,77967.63,1777207453000
1777207455.295,255.295,0.01,0.02,0.98,0.99,0.01,0.01,77967.63,1777207453000
1777207455.649,255.649,0.01,0.02,0.98,0.99,0.01,0.01,77967.67,1777207454000
1777207456.081,256.081,0.01,0.02,0.98,0.99,0.01,0.01,77967.67,1777207454000
1777207456.993,256.993,0.01,0.02,0.98,0.99,0.01,0.01,77967.68,1777207456000
1777207457.718,257.718,0.01,0.02,0.98,0.99,0.01,0.01,77967.68,1777207456000
1777207458.181,258.181,0.01,0.02,0.98,0.99,0.01,0.01,77968.52,1777207457000
1777207458.942,258.942,0.01,0.02,0.98,0.99,0.01,0.01,77968.52,1777207457000
1777207459.279,259.279,0.01,0.02,0.98,0.99,0.01,0.01,77968.54,1777207458000
1777207459.746,259.746,0.01,0.02,0.98,0.99,0.01,0.01,77968.54,1777207458000
1777207460.243,260.243,0.01,0.02,0.98,0.99,0.01,0.01,77968.54,1777207458000
1777207460.63,260.63,0.01,0.02,0.98,0.99,0.01,0.01,77968.55,1777207459000
1777207461.037,261.037,0.01,0.02,0.98,0.99,0.01,0.01,77968.55,1777207459000
1777207461.451,261.451,0.01,0.02,0.98,0.99,0.01,0.01,77968.55,1777207460000
1777207462.011,262.011,0.01,0.02,0.98,0.99,0.01,0.01,77968.55,1777207460000
1777207462.365,262.365,0.01,0.02,0.98,0.99,0.01,0.01,77968.34,1777207461000
1777207462.827,262.827,0.01,0.01,0.99,0.99,0.0,0.0,77968.34,1777207461000
1777207463.345,263.345,0.01,0.01,0.99,0.99,0.0,0.0,77968.34,1777207461000
1777207463.933,263.933,0.01,0.01,0.99,0.99,0.0,0.0,77968.39,1777207463000
1777207465.1,265.1,0.01,0.01,0.99,0.99,0.0,0.0,77968.28,1777207464000
1777207466.235,266.235,0.01,0.01,0.99,0.99,0.0,0.0,77968.28,1777207465000
1777207466.948,266.948,0.01,0.01,0.99,0.99,0.0,0.0,77968.28,1777207465000
1777207467.36,267.36,0.01,0.01,0.99,0.99,0.0,0.0,77968.29,1777207466000
1777207467.945,267.945,0.01,0.01,0.99,0.99,0.0,0.0,77968.29,1777207467000
1777207469.098,269.098,0.01,0.01,0.99,0.99,0.0,0.0,77968.24,1777207468000
1777207469.566,269.566,0.01,0.01,0.99,0.99,0.0,0.0,77968.24,1777207468000
1777207470.25,270.25,0.01,0.01,0.99,0.99,0.0,0.0,77968.24,1777207469000
1777207470.748,270.748,0.01,0.01,0.99,0.99,0.0,0.0,77968.24,1777207469000
1777207471.376,271.376,0.01,0.01,0.99,0.99,0.0,0.0,77968.29,1777207470000
1777207472.088,272.088,0.01,0.01,0.99,0.99,0.0,0.0,77968.29,1777207470000
1777207472.492,272.492,0.01,0.01,0.99,0.99,0.0,0.0,77968.29,1777207470000
1777207473.107,273.107,0.01,0.01,0.99,0.99,0.0,0.0,77962.31,1777207472000
1777207474.233,274.233,0.01,0.01,0.99,0.99,0.0,0.0,77962.28,1777207473000
1777207474.752,274.752,0.01,0.01,0.99,0.99,0.0,0.0,77962.28,1777207473000
1777207475.168,275.168,0.01,0.01,0.99,0.99,0.0,0.0,77962.13,1777207474000
1777207476.2,276.2,0.01,0.01,0.99,0.99,0.0,0.0,77962.13,1777207475000
1777207477.162,277.162,0.01,0.01,0.99,0.99,0.0,0.0,77962.13,1777207476000
1777207478.204,278.204,0.01,0.01,0.99,0.99,0.0,0.0,77962.14,1777207477000
1777207479.23,279.23,0.01,0.01,0.99,0.99,0.0,0.0,77962.13,1777207478000
1777207480.302,280.302,0.01,0.01,0.99,0.99,0.0,0.0,77962.14,1777207479000
1777207480.663,280.663,0.01,0.01,0.99,0.99,0.0,0.0,77962.14,1777207479000
1777207481.365,281.365,0.01,0.01,0.99,0.99,0.0,0.0,77962.13,1777207480000
1777207481.908,281.908,0.01,0.01,0.99,0.99,0.0,0.0,77962.13,1777207481000
1777207482.964,282.964,0.01,0.01,0.99,0.99,0.0,0.0,77962.13,1777207482000
1777207484.184,284.184,0.01,0.01,0.99,0.99,0.0,0.0,77962.16,1777207483000
1777207485.136,285.136,0.01,0.01,0.99,0.99,0.0,0.0,77962.13,1777207484000
1777207485.766,285.766,0.01,0.01,0.99,0.99,0.0,0.0,77962.13,1777207484000
1777207486.245,286.245,0.01,0.01,0.99,0.99,0.0,0.0,77962.13,1777207484000
1777207486.967,286.967,0.01,0.01,0.99,0.99,0.0,0.0,77962.16,1777207485000
1777207487.301,287.301,0.01,0.01,0.99,0.99,0.0,0.0,77962.21,1777207486000
1777207488.021,288.021,0.01,0.01,0.99,0.99,0.0,0.0,77962.21,1777207486000
1777207488.835,288.835,0.01,0.01,0.99,0.99,0.0,0.0,77962.07,1777207487000
1777207489.548,289.548,0.01,0.01,0.99,0.99,0.0,0.0,77962.13,1777207488000
1777207490.213,290.213,0.01,0.01,0.99,0.99,0.0,0.0,77961.83,1777207489000
1777207490.769,290.769,0.01,0.01,0.99,0.99,0.0,0.0,77961.83,1777207489000
1777207491.484,291.484,0.01,0.01,0.99,0.99,0.0,0.0,77962.18,1777207490000
1777207491.992,291.992,0.01,0.01,0.99,0.99,0.0,0.0,77962.19,1777207491000
1777207493.167,293.167,0.01,0.01,0.99,0.99,0.0,0.0,77962.16,1777207492000
1777207494.304,294.304,0.01,0.01,0.99,0.99,0.0,0.0,77962.16,1777207493000
1777207495.5,295.5,0.01,0.01,0.99,0.99,0.0,0.0,77961.49,1777207494000
1777207495.988,295.988,0.01,0.01,0.99,0.99,0.0,0.0,77961.18,1777207495000
1777207496.586,296.586,0.01,0.01,0.99,0.99,0.0,0.0,77961.18,1777207495000
1777207497.259,297.259,0.01,0.01,0.99,0.99,0.0,0.0,77961.18,1777207495000
1777207498.311,298.311,0.01,0.01,0.99,0.99,0.0,0.0,77961.33,1777207497000
1777207498.72,298.72,0.01,0.01,0.99,0.99,0.0,0.0,77961.33,1777207497000
1777207499.087,299.087,0.01,0.01,0.99,0.99,0.0,0.0,77961.33,1777207497000
1777207500.139,300.139,0.01,0.01,0.99,0.99,0.0,0.0,77961.31,1777207498000
1777207500.532,300.532,0.01,0.01,0.99,0.99,0.0,0.0,77960.37,1777207499000
1777207501.022,301.022,0.01,0.01,0.99,0.99,0.0,0.0,77960.37,1777207500000
1777207502.172,302.172,0.01,0.01,0.99,0.99,0.0,0.0,77959.87,1777207501000

# RESULT,winner=Down,slug=btc-updown-5m-1777207200,ticks=576
