timestamp,elapsed_sec,up_bid,up_ask,down_bid,down_ask,up_spread,down_spread,btc_price,btc_oracle_ts
1776330000.568,0.568,0.53,0.54,0.46,0.47,0.01,0.01,74685.08,1776329999000
1776330000.903,0.903,0.51,0.52,0.48,0.49,0.01,0.01,74685.08,1776329999000
1776330001.246,1.246,0.51,0.53,0.48,0.49,0.02,0.01,74685.08,1776330000000
1776330001.584,1.584,0.51,0.52,0.48,0.49,0.01,0.01,74685.08,1776330000000
1776330001.945,1.945,0.51,0.52,0.48,0.49,0.01,0.01,74685.08,1776330000000
1776330002.344,2.344,0.5,0.52,0.48,0.49,0.02,0.01,74685.08,1776330001000
1776330002.691,2.691,0.48,0.5,0.49,0.52,0.02,0.03,74685.08,1776330001000
1776330003.19,3.19,0.48,0.49,0.5,0.53,0.01,0.03,74685.08,1776330001000
1776330003.573,3.573,0.45,0.47,0.53,0.55,0.02,0.02,74685.08,1776330001000
1776330003.917,3.917,0.35,0.37,0.62,0.67,0.02,0.05,74685.08,1776330001000
1776330004.272,4.272,0.31,0.33,0.67,0.69,0.02,0.02,74683.39,1776330003000
1776330004.67,4.67,0.31,0.33,0.67,0.68,0.02,0.01,74683.39,1776330003000
1776330005.007,5.007,0.31,0.32,0.68,0.69,0.01,0.01,74683.39,1776330003000
1776330005.342,5.342,0.31,0.32,0.68,0.69,0.01,0.01,74659.83,1776330004000
1776330005.708,5.708,0.31,0.32,0.68,0.69,0.01,0.01,74659.83,1776330004000
1776330006.082,6.082,0.37,0.38,0.62,0.63,0.01,0.01,74659.83,1776330004000
1776330006.442,6.442,0.37,0.38,0.62,0.63,0.01,0.01,74659.83,1776330004000
1776330006.788,6.788,0.37,0.38,0.62,0.63,0.01,0.01,74654.94,1776330005000
1776330007.218,7.218,0.37,0.38,0.62,0.63,0.01,0.01,74654.94,1776330006000
1776330007.653,7.653,0.37,0.38,0.62,0.63,0.01,0.01,74654.94,1776330006000
1776330008.035,8.035,0.37,0.38,0.62,0.63,0.01,0.01,74654.94,1776330006000
1776330008.368,8.368,0.37,0.38,0.62,0.63,0.01,0.01,74659.55,1776330007000
1776330008.702,8.702,0.36,0.37,0.63,0.64,0.01,0.01,74659.55,1776330007000
1776330009.077,9.077,0.34,0.35,0.65,0.68,0.01,0.03,74659.55,1776330007000
1776330009.432,9.432,0.34,0.35,0.65,0.66,0.01,0.01,74662.31,1776330008000
1776330009.799,9.799,0.34,0.35,0.65,0.66,0.01,0.01,74662.31,1776330008000
1776330010.217,10.217,0.32,0.34,0.66,0.68,0.02,0.02,74662.37,1776330009000
1776330010.605,10.605,0.32,0.33,0.67,0.68,0.01,0.01,74662.37,1776330009000
1776330010.955,10.955,0.32,0.33,0.67,0.68,0.01,0.01,74662.37,1776330009000
1776330011.404,11.404,0.32,0.33,0.67,0.68,0.01,0.01,74661.43,1776330010000
1776330011.743,11.743,0.32,0.33,0.67,0.68,0.01,0.01,74661.43,1776330010000
1776330012.173,12.173,0.33,0.34,0.66,0.67,0.01,0.01,74661.43,1776330010000
1776330012.577,12.577,0.33,0.34,0.66,0.67,0.01,0.01,74658.16,1776330011000
1776330012.94,12.94,0.33,0.34,0.66,0.67,0.01,0.01,74658.16,1776330011000
1776330013.358,13.358,0.33,0.34,0.66,0.67,0.01,0.01,74659.14,1776330012000
1776330013.737,13.737,0.33,0.34,0.66,0.67,0.01,0.01,74659.14,1776330012000
1776330014.147,14.147,0.33,0.34,0.66,0.67,0.01,0.01,74659.14,1776330012000
1776330014.526,14.526,0.36,0.37,0.63,0.65,0.01,0.02,74661.15,1776330013000
1776330014.923,14.923,0.36,0.37,0.63,0.64,0.01,0.01,74661.15,1776330013000
1776330015.384,15.384,0.36,0.37,0.63,0.64,0.01,0.01,74660.87,1776330014000
1776330015.957,15.957,0.37,0.38,0.62,0.63,0.01,0.01,74660.87,1776330014000
1776330016.359,16.359,0.37,0.38,0.62,0.63,0.01,0.01,74662.24,1776330015000
1776330016.717,16.717,0.37,0.38,0.62,0.63,0.01,0.01,74662.24,1776330015000
1776330017.069,17.069,0.37,0.38,0.62,0.63,0.01,0.01,74664.75,1776330016000
1776330017.428,17.428,0.37,0.38,0.62,0.63,0.01,0.01,74664.75,1776330016000
1776330017.899,17.899,0.37,0.38,0.62,0.63,0.01,0.01,74664.75,1776330016000
1776330018.256,18.256,0.37,0.38,0.62,0.63,0.01,0.01,74664.76,1776330017000
1776330018.756,18.756,0.37,0.38,0.62,0.63,0.01,0.01,74664.76,1776330017000
1776330019.193,19.193,0.37,0.39,0.62,0.63,0.02,0.01,74665.83,1776330018000
1776330019.62,19.62,0.38,0.39,0.61,0.62,0.01,0.01,74665.83,1776330018000
1776330020.006,20.006,0.38,0.39,0.61,0.62,0.01,0.01,74665.84,1776330019000
1776330020.341,20.341,0.38,0.39,0.61,0.62,0.01,0.01,74665.84,1776330019000
1776330020.961,20.961,0.38,0.39,0.61,0.62,0.01,0.01,74665.84,1776330020000
1776330021.436,21.436,0.38,0.39,0.61,0.62,0.01,0.01,74665.84,1776330020000
1776330021.859,21.859,0.38,0.39,0.61,0.62,0.01,0.01,74665.84,1776330020000
1776330022.314,22.314,0.38,0.39,0.61,0.62,0.01,0.01,74665.82,1776330021000
1776330022.706,22.706,0.38,0.39,0.61,0.62,0.01,0.01,74665.82,1776330021000
1776330023.076,23.076,0.38,0.39,0.61,0.62,0.01,0.01,74665.82,1776330021000
1776330023.472,23.472,0.38,0.39,0.61,0.62,0.01,0.01,74665.82,1776330022000
1776330024.131,24.131,0.37,0.38,0.61,0.62,0.01,0.01,74665.82,1776330022000
1776330024.468,24.468,0.37,0.38,0.62,0.63,0.01,0.01,74666.05,1776330023000
1776330024.842,24.842,0.37,0.38,0.62,0.63,0.01,0.01,74666.05,1776330023000
1776330025.203,25.203,0.36,0.37,0.63,0.64,0.01,0.01,74666.04,1776330024000
1776330025.582,25.582,0.36,0.37,0.63,0.64,0.01,0.01,74666.04,1776330024000
1776330025.916,25.916,0.34,0.35,0.65,0.66,0.01,0.01,74666.04,1776330024000
1776330026.262,26.262,0.34,0.35,0.65,0.66,0.01,0.01,74666.24,1776330025000
1776330026.603,26.603,0.3,0.32,0.68,0.7,0.02,0.02,74666.24,1776330025000
1776330026.99,26.99,0.3,0.31,0.69,0.7,0.01,0.01,74666.24,1776330025000
1776330027.354,27.354,0.3,0.31,0.69,0.7,0.01,0.01,74665.39,1776330026000
1776330027.703,27.703,0.3,0.31,0.69,0.7,0.01,0.01,74665.39,1776330026000
1776330028.043,28.043,0.3,0.31,0.69,0.7,0.01,0.01,74665.39,1776330026000
1776330028.417,28.417,0.29,0.3,0.69,0.71,0.01,0.02,74661.36,1776330027000
1776330028.79,28.79,0.29,0.3,0.7,0.71,0.01,0.01,74661.36,1776330027000
1776330029.19,29.19,0.29,0.3,0.7,0.71,0.01,0.01,74661.36,1776330027000
1776330029.663,29.663,0.29,0.3,0.7,0.71,0.01,0.01,74656.69,1776330028000
1776330030.011,30.011,0.29,0.3,0.7,0.71,0.01,0.01,74656.69,1776330028000
1776330030.423,30.423,0.29,0.3,0.7,0.71,0.01,0.01,74655.47,1776330029000
1776330030.883,30.883,0.29,0.3,0.7,0.71,0.01,0.01,74655.47,1776330029000
1776330031.255,31.255,0.29,0.3,0.7,0.71,0.01,0.01,74655.47,1776330029000
1776330031.685,31.685,0.29,0.3,0.7,0.71,0.01,0.01,74655.59,1776330030000
1776330032.04,32.04,0.29,0.3,0.7,0.71,0.01,0.01,74655.59,1776330031000
1776330032.437,32.437,0.29,0.3,0.7,0.71,0.01,0.01,74655.59,1776330031000
1776330032.885,32.885,0.29,0.3,0.7,0.71,0.01,0.01,74655.59,1776330031000
1776330033.267,33.267,0.29,0.3,0.7,0.71,0.01,0.01,74656.73,1776330032000
1776330033.853,33.853,0.3,0.31,0.69,0.7,0.01,0.01,74656.73,1776330032000
1776330034.202,34.202,0.31,0.32,0.68,0.69,0.01,0.01,74657.42,1776330033000
1776330034.551,34.551,0.31,0.32,0.68,0.69,0.01,0.01,74657.42,1776330033000
1776330034.955,34.955,0.31,0.32,0.68,0.69,0.01,0.01,74657.42,1776330033000
1776330035.373,35.373,0.31,0.32,0.68,0.69,0.01,0.01,74657.51,1776330034000
1776330035.726,35.726,0.31,0.32,0.68,0.69,0.01,0.01,74657.51,1776330034000
1776330036.096,36.096,0.31,0.32,0.68,0.69,0.01,0.01,74657.51,1776330034000
1776330036.469,36.469,0.31,0.32,0.68,0.69,0.01,0.01,74656.77,1776330035000
1776330036.836,36.836,0.31,0.32,0.68,0.69,0.01,0.01,74656.77,1776330035000
1776330037.692,37.692,0.31,0.32,0.68,0.69,0.01,0.01,74658.29,1776330036000
1776330038.064,38.064,0.31,0.32,0.68,0.69,0.01,0.01,74658.5,1776330037000
1776330038.412,38.412,0.31,0.32,0.68,0.69,0.01,0.01,74658.5,1776330037000
1776330038.757,38.757,0.31,0.32,0.68,0.69,0.01,0.01,74658.5,1776330037000
1776330039.172,39.172,0.31,0.32,0.68,0.69,0.01,0.01,74658.5,1776330038000
1776330039.544,39.544,0.31,0.32,0.68,0.69,0.01,0.01,74658.5,1776330038000
1776330040.019,40.019,0.31,0.32,0.68,0.69,0.01,0.01,74658.24,1776330039000
1776330040.355,40.355,0.31,0.32,0.68,0.69,0.01,0.01,74658.24,1776330039000
1776330041.0,41.0,0.31,0.32,0.68,0.69,0.01,0.01,74658.24,1776330039000
1776330041.421,41.421,0.31,0.32,0.68,0.69,0.01,0.01,74658.53,1776330040000
1776330041.913,41.913,0.31,0.32,0.68,0.69,0.01,0.01,74658.53,1776330040000
1776330042.258,42.258,0.33,0.34,0.66,0.67,0.01,0.01,74658.45,1776330041000
1776330042.677,42.677,0.33,0.34,0.66,0.67,0.01,0.01,74658.45,1776330041000
1776330043.02,43.02,0.33,0.34,0.66,0.67,0.01,0.01,74658.45,1776330041000
1776330043.359,43.359,0.33,0.34,0.66,0.67,0.01,0.01,74658.45,1776330042000
1776330043.941,43.941,0.33,0.34,0.66,0.67,0.01,0.01,74658.45,1776330042000
1776330044.33,44.33,0.32,0.33,0.66,0.67,0.01,0.01,74660.04,1776330043000
1776330044.674,44.674,0.32,0.33,0.67,0.68,0.01,0.01,74660.04,1776330043000
1776330045.026,45.026,0.32,0.33,0.67,0.68,0.01,0.01,74660.04,1776330043000
1776330045.372,45.372,0.32,0.33,0.67,0.68,0.01,0.01,74659.96,1776330044000
1776330045.718,45.718,0.32,0.33,0.67,0.68,0.01,0.01,74659.96,1776330044000
1776330046.123,46.123,0.32,0.33,0.67,0.68,0.01,0.01,74659.96,1776330044000
1776330046.847,46.847,0.32,0.33,0.67,0.68,0.01,0.01,74659.64,1776330045000
1776330047.246,47.246,0.32,0.33,0.67,0.68,0.01,0.01,74659.3,1776330046000
1776330047.981,47.981,0.32,0.33,0.67,0.68,0.01,0.01,74659.3,1776330046000
1776330048.344,48.344,0.32,0.33,0.67,0.68,0.01,0.01,74657.41,1776330047000
1776330048.704,48.704,0.32,0.33,0.67,0.68,0.01,0.01,74657.41,1776330047000
1776330049.077,49.077,0.32,0.33,0.67,0.68,0.01,0.01,74657.41,1776330047000
1776330049.543,49.543,0.32,0.34,0.67,0.68,0.02,0.01,74657.15,1776330048000
1776330049.932,49.932,0.33,0.34,0.66,0.67,0.01,0.01,74657.15,1776330048000
1776330050.287,50.287,0.33,0.34,0.66,0.67,0.01,0.01,74657.15,1776330048000
1776330050.768,50.768,0.33,0.34,0.66,0.67,0.01,0.01,74657.15,1776330048000
1776330051.271,51.271,0.32,0.34,0.66,0.67,0.02,0.01,74657.15,1776330049000
1776330052.119,52.119,0.32,0.33,0.67,0.68,0.01,0.01,74657.99,1776330050000
1776330052.529,52.529,0.32,0.34,0.67,0.68,0.02,0.01,74657.99,1776330050000
1776330052.991,52.991,0.33,0.34,0.67,0.68,0.01,0.01,74657.99,1776330050000
1776330053.612,53.612,0.33,0.34,0.66,0.67,0.01,0.01,74658.0,1776330051000
1776330054.211,54.211,0.33,0.34,0.66,0.67,0.01,0.01,74658.17,1776330052000
1776330054.834,54.834,0.33,0.34,0.66,0.67,0.01,0.01,74658.17,1776330052000
1776330055.259,55.259,0.33,0.34,0.66,0.67,0.01,0.01,74657.32,1776330053000
1776330055.748,55.748,0.33,0.34,0.66,0.67,0.01,0.01,74657.32,1776330054000
1776330056.194,56.194,0.33,0.34,0.66,0.67,0.01,0.01,74657.32,1776330054000
1776330056.667,56.667,0.33,0.34,0.66,0.67,0.01,0.01,74657.78,1776330055000
1776330057.14,57.14,0.33,0.34,0.66,0.67,0.01,0.01,74657.78,1776330056000
1776330057.628,57.628,0.33,0.34,0.66,0.67,0.01,0.01,74657.78,1776330056000
1776330058.011,58.011,0.33,0.34,0.66,0.67,0.01,0.01,74657.78,1776330056000
1776330058.392,58.392,0.33,0.34,0.66,0.67,0.01,0.01,74657.78,1776330056000
1776330058.73,58.73,0.31,0.32,0.68,0.69,0.01,0.01,74657.11,1776330057000
1776330059.073,59.073,0.31,0.32,0.68,0.69,0.01,0.01,74657.11,1776330057000
1776330059.428,59.428,0.31,0.32,0.68,0.69,0.01,0.01,74655.65,1776330058000
1776330059.812,59.812,0.31,0.32,0.68,0.69,0.01,0.01,74655.65,1776330058000
1776330060.25,60.25,0.31,0.32,0.68,0.69,0.01,0.01,74655.65,1776330058000
1776330060.597,60.597,0.31,0.32,0.68,0.69,0.01,0.01,74656.16,1776330059000
1776330060.942,60.942,0.31,0.32,0.68,0.69,0.01,0.01,74656.16,1776330059000
1776330061.391,61.391,0.31,0.32,0.68,0.69,0.01,0.01,74656.16,1776330059000
1776330061.837,61.837,0.31,0.32,0.68,0.69,0.01,0.01,74656.16,1776330059000
1776330062.221,62.221,0.31,0.32,0.68,0.69,0.01,0.01,74654.44,1776330060000
1776330062.679,62.679,0.31,0.32,0.68,0.69,0.01,0.01,74654.44,1776330060000
1776330063.042,63.042,0.31,0.32,0.68,0.69,0.01,0.01,74654.44,1776330061000
1776330063.683,63.683,0.31,0.32,0.68,0.69,0.01,0.01,74654.58,1776330062000
1776330064.161,64.161,0.31,0.32,0.68,0.69,0.01,0.01,74654.58,1776330062000
1776330064.506,64.506,0.29,0.31,0.69,0.71,0.02,0.02,74654.59,1776330063000
1776330064.845,64.845,0.29,0.3,0.7,0.71,0.01,0.01,74654.59,1776330063000
1776330065.292,65.292,0.28,0.29,0.7,0.72,0.01,0.02,74654.65,1776330064000
1776330065.976,65.976,0.28,0.29,0.71,0.72,0.01,0.01,74654.65,1776330064000
1776330066.619,66.619,0.28,0.29,0.71,0.72,0.01,0.01,74654.63,1776330065000
1776330067.054,67.054,0.28,0.29,0.71,0.72,0.01,0.01,74654.63,1776330065000
1776330068.025,68.025,0.28,0.29,0.71,0.72,0.01,0.01,74653.06,1776330066000
1776330068.446,68.446,0.28,0.29,0.71,0.72,0.01,0.01,74653.06,1776330066000
1776330068.949,68.949,0.28,0.29,0.71,0.72,0.01,0.01,74652.42,1776330067000
1776330069.285,69.285,0.28,0.29,0.71,0.72,0.01,0.01,74652.42,1776330067000
1776330069.671,69.671,0.28,0.29,0.71,0.72,0.01,0.01,74652.42,1776330068000
1776330070.089,70.089,0.28,0.29,0.71,0.72,0.01,0.01,74652.42,1776330068000
1776330070.576,70.576,0.28,0.29,0.71,0.72,0.01,0.01,74652.42,1776330069000
1776330070.931,70.931,0.28,0.29,0.71,0.72,0.01,0.01,74652.42,1776330069000
1776330071.399,71.399,0.28,0.29,0.71,0.72,0.01,0.01,74653.78,1776330070000
1776330071.803,71.803,0.28,0.29,0.71,0.72,0.01,0.01,74653.78,1776330070000
1776330072.192,72.192,0.28,0.29,0.71,0.72,0.01,0.01,74654,1776330071000
1776330072.931,72.931,0.28,0.29,0.71,0.72,0.01,0.01,74654,1776330071000
1776330073.638,73.638,0.28,0.29,0.71,0.72,0.01,0.01,74654.22,1776330072000
1776330074.202,74.202,0.28,0.29,0.71,0.72,0.01,0.01,74654.24,1776330073000
1776330074.708,74.708,0.28,0.29,0.71,0.72,0.01,0.01,74654.24,1776330073000
1776330075.142,75.142,0.28,0.29,0.71,0.72,0.01,0.01,74654.24,1776330073000
1776330075.641,75.641,0.28,0.29,0.71,0.72,0.01,0.01,74654.22,1776330074000
1776330076.057,76.057,0.28,0.29,0.71,0.72,0.01,0.01,74654.22,1776330075000
1776330076.518,76.518,0.27,0.28,0.71,0.73,0.01,0.02,74654.22,1776330075000
1776330077.056,77.056,0.27,0.28,0.72,0.73,0.01,0.01,74651.12,1776330076000
1776330077.978,77.978,0.27,0.28,0.72,0.73,0.01,0.01,74651.12,1776330076000
1776330078.363,78.363,0.27,0.28,0.72,0.73,0.01,0.01,74650.84,1776330077000
1776330078.752,78.752,0.27,0.28,0.72,0.73,0.01,0.01,74650.84,1776330077000
1776330079.088,79.088,0.26,0.27,0.73,0.74,0.01,0.01,74652.11,1776330078000
1776330079.444,79.444,0.25,0.26,0.73,0.75,0.01,0.02,74652.11,1776330078000
1776330079.798,79.798,0.25,0.26,0.74,0.75,0.01,0.01,74652.11,1776330078000
1776330080.229,80.229,0.25,0.26,0.74,0.75,0.01,0.01,74653.04,1776330079000
1776330080.825,80.825,0.25,0.26,0.74,0.75,0.01,0.01,74653.04,1776330079000
1776330081.565,81.565,0.25,0.26,0.74,0.75,0.01,0.01,74648.94,1776330080000
1776330082.002,82.002,0.25,0.26,0.74,0.75,0.01,0.01,74647.93,1776330081000
1776330082.382,82.382,0.23,0.24,0.75,0.77,0.01,0.02,74647.93,1776330081000
1776330082.717,82.717,0.23,0.24,0.76,0.77,0.01,0.01,74647.93,1776330081000
1776330083.087,83.087,0.23,0.24,0.76,0.77,0.01,0.01,74647.66,1776330082000
1776330083.467,83.467,0.23,0.24,0.76,0.77,0.01,0.01,74647.66,1776330082000
1776330083.908,83.908,0.25,0.26,0.75,0.76,0.01,0.01,74647.66,1776330082000
1776330084.271,84.271,0.25,0.26,0.74,0.75,0.01,0.01,74643.95,1776330083000
1776330084.694,84.694,0.25,0.26,0.74,0.75,0.01,0.01,74643.95,1776330083000
1776330085.064,85.064,0.25,0.26,0.72,0.75,0.01,0.03,74642.8,1776330084000
1776330085.428,85.428,0.3,0.34,0.69,0.7,0.04,0.01,74642.8,1776330084000
1776330085.843,85.843,0.33,0.34,0.66,0.67,0.01,0.01,74642.8,1776330084000
1776330086.239,86.239,0.33,0.34,0.66,0.67,0.01,0.01,74647.55,1776330085000
1776330086.659,86.659,0.33,0.34,0.66,0.67,0.01,0.01,74647.55,1776330085000
1776330087.006,87.006,0.33,0.34,0.66,0.67,0.01,0.01,74653.08,1776330086000
1776330087.349,87.349,0.33,0.34,0.66,0.67,0.01,0.01,74653.08,1776330086000
1776330087.742,87.742,0.34,0.35,0.65,0.66,0.01,0.01,74653.08,1776330086000
1776330088.188,88.188,0.34,0.35,0.65,0.66,0.01,0.01,74657.07,1776330087000
1776330088.684,88.684,0.31,0.34,0.66,0.67,0.03,0.01,74657.07,1776330087000
1776330089.037,89.037,0.32,0.33,0.67,0.68,0.01,0.01,74657.07,1776330087000
1776330089.398,89.398,0.32,0.33,0.67,0.68,0.01,0.01,74657.14,1776330088000
1776330089.881,89.881,0.32,0.33,0.67,0.68,0.01,0.01,74657.14,1776330088000
1776330090.223,90.223,0.3,0.33,0.67,0.68,0.03,0.01,74657.81,1776330089000
1776330090.571,90.571,0.3,0.31,0.69,0.7,0.01,0.01,74657.81,1776330089000
1776330091.039,91.039,0.3,0.31,0.69,0.7,0.01,0.01,74657.55,1776330090000
1776330091.383,91.383,0.3,0.31,0.69,0.7,0.01,0.01,74657.55,1776330090000
1776330091.827,91.827,0.3,0.31,0.69,0.7,0.01,0.01,74657.55,1776330090000
1776330092.17,92.17,0.3,0.31,0.69,0.7,0.01,0.01,74657.77,1776330091000
1776330093.099,93.099,0.3,0.31,0.69,0.7,0.01,0.01,74657.72,1776330092000
1776330093.494,93.494,0.3,0.31,0.69,0.7,0.01,0.01,74657.72,1776330092000
1776330093.972,93.972,0.3,0.31,0.69,0.7,0.01,0.01,74657.72,1776330092000
1776330094.868,94.868,0.3,0.31,0.69,0.7,0.01,0.01,74657.72,1776330093000
1776330095.202,95.202,0.3,0.31,0.69,0.7,0.01,0.01,74657.7,1776330094000
1776330095.794,95.794,0.3,0.31,0.69,0.7,0.01,0.01,74657.7,1776330094000
1776330096.222,96.222,0.29,0.3,0.7,0.71,0.01,0.01,74657.7,1776330095000
1776330096.941,96.941,0.29,0.3,0.7,0.71,0.01,0.01,74657.7,1776330095000
1776330097.347,97.347,0.29,0.3,0.7,0.71,0.01,0.01,74657.7,1776330096000
1776330097.764,97.764,0.29,0.3,0.7,0.71,0.01,0.01,74657.7,1776330096000
1776330098.121,98.121,0.29,0.3,0.7,0.71,0.01,0.01,74657.7,1776330096000
1776330099.069,99.069,0.29,0.3,0.7,0.71,0.01,0.01,74657.7,1776330097000
1776330099.813,99.813,0.29,0.3,0.7,0.71,0.01,0.01,74657.7,1776330097000
1776330100.258,100.258,0.29,0.3,0.7,0.71,0.01,0.01,74655.75,1776330099000
1776330100.614,100.614,0.29,0.3,0.7,0.71,0.01,0.01,74655.75,1776330099000
1776330100.951,100.951,0.29,0.31,0.7,0.71,0.02,0.01,74655.75,1776330099000
1776330101.32,101.32,0.3,0.31,0.69,0.7,0.01,0.01,74656.92,1776330100000
1776330101.757,101.757,0.29,0.3,0.69,0.7,0.01,0.01,74656.92,1776330100000
1776330102.388,102.388,0.28,0.29,0.71,0.72,0.01,0.01,74656.92,1776330100000
1776330102.867,102.867,0.28,0.29,0.71,0.72,0.01,0.01,74656.94,1776330101000
1776330103.269,103.269,0.28,0.29,0.71,0.72,0.01,0.01,74656.96,1776330102000
1776330103.688,103.688,0.28,0.29,0.71,0.72,0.01,0.01,74656.96,1776330102000
1776330104.206,104.206,0.28,0.29,0.71,0.72,0.01,0.01,74655.05,1776330103000
1776330104.66,104.66,0.28,0.29,0.71,0.72,0.01,0.01,74655.05,1776330103000
1776330105.407,105.407,0.28,0.29,0.71,0.72,0.01,0.01,74655.01,1776330104000
1776330105.749,105.749,0.28,0.29,0.71,0.72,0.01,0.01,74655.01,1776330104000
1776330106.16,106.16,0.27,0.29,0.71,0.72,0.02,0.01,74657.38,1776330105000
1776330106.854,106.854,0.27,0.28,0.72,0.73,0.01,0.01,74657.38,1776330105000
1776330107.257,107.257,0.27,0.29,0.72,0.73,0.02,0.01,74657.37,1776330106000
1776330107.601,107.601,0.28,0.29,0.71,0.73,0.01,0.02,74657.37,1776330106000
1776330107.974,107.974,0.28,0.29,0.71,0.72,0.01,0.01,74657.37,1776330106000
1776330108.346,108.346,0.28,0.29,0.71,0.72,0.01,0.01,74654.85,1776330107000
1776330108.973,108.973,0.28,0.29,0.71,0.72,0.01,0.01,74654.85,1776330107000
1776330109.343,109.343,0.28,0.29,0.71,0.72,0.01,0.01,74653.44,1776330108000
1776330109.879,109.879,0.28,0.29,0.71,0.72,0.01,0.01,74653.44,1776330108000
1776330110.459,110.459,0.28,0.29,0.71,0.72,0.01,0.01,74653.44,1776330108000
1776330110.847,110.847,0.28,0.29,0.71,0.72,0.01,0.01,74655.42,1776330109000
1776330111.19,111.19,0.28,0.29,0.71,0.72,0.01,0.01,74655.92,1776330110000
1776330111.918,111.918,0.28,0.29,0.71,0.72,0.01,0.01,74655.92,1776330110000
1776330112.83,112.83,0.28,0.29,0.71,0.72,0.01,0.01,74657.34,1776330111000
1776330113.712,113.712,0.28,0.29,0.71,0.72,0.01,0.01,74657.34,1776330112000
1776330114.262,114.262,0.28,0.29,0.71,0.72,0.01,0.01,74657.34,1776330112000
1776330114.683,114.683,0.28,0.29,0.71,0.72,0.01,0.01,74657.34,1776330112000
1776330115.307,115.307,0.28,0.29,0.71,0.72,0.01,0.01,74657.34,1776330113000
1776330116.166,116.166,0.28,0.29,0.71,0.72,0.01,0.01,74657.34,1776330115000
1776330116.784,116.784,0.28,0.29,0.71,0.72,0.01,0.01,74657.34,1776330115000
1776330117.655,117.655,0.28,0.29,0.71,0.72,0.01,0.01,74657.34,1776330115000
1776330118.413,118.413,0.28,0.29,0.71,0.72,0.01,0.01,74657.34,1776330117000
1776330119.397,119.397,0.28,0.29,0.71,0.72,0.01,0.01,74657.34,1776330118000
1776330120.253,120.253,0.28,0.29,0.71,0.72,0.01,0.01,74657.34,1776330118000
1776330120.635,120.635,0.28,0.29,0.71,0.72,0.01,0.01,74657.34,1776330118000
1776330120.981,120.981,0.28,0.29,0.71,0.72,0.01,0.01,74656.03,1776330119000
1776330121.457,121.457,0.26,0.27,0.72,0.74,0.01,0.02,74656.03,1776330119000
1776330121.877,121.877,0.26,0.27,0.73,0.74,0.01,0.01,74656.34,1776330120000
1776330122.256,122.256,0.2,0.23,0.77,0.8,0.03,0.03,74656.34,1776330120000
1776330122.592,122.592,0.2,0.21,0.79,0.8,0.01,0.01,74657.31,1776330121000
1776330122.957,122.957,0.16,0.17,0.81,0.84,0.01,0.03,74657.31,1776330121000
1776330123.29,123.29,0.16,0.17,0.83,0.84,0.01,0.01,74657.31,1776330122000
1776330123.628,123.628,0.16,0.17,0.83,0.84,0.01,0.01,74657.31,1776330122000
1776330124.122,124.122,0.16,0.17,0.83,0.84,0.01,0.01,74657.31,1776330122000
1776330124.517,124.517,0.16,0.17,0.83,0.84,0.01,0.01,74644.21,1776330123000
1776330125.138,125.138,0.16,0.17,0.83,0.84,0.01,0.01,74644.21,1776330123000
1776330125.606,125.606,0.16,0.17,0.83,0.84,0.01,0.01,74643.04,1776330124000
1776330126.005,126.005,0.16,0.17,0.83,0.84,0.01,0.01,74643.04,1776330124000
1776330126.502,126.502,0.16,0.17,0.83,0.84,0.01,0.01,74643.04,1776330124000
1776330127.0,127.0,0.17,0.18,0.82,0.83,0.01,0.01,74643.17,1776330125000
1776330127.345,127.345,0.18,0.19,0.81,0.82,0.01,0.01,74643.17,1776330125000
1776330127.774,127.774,0.18,0.19,0.81,0.82,0.01,0.01,74643.17,1776330126000
1776330128.154,128.154,0.18,0.19,0.81,0.82,0.01,0.01,74643.18,1776330127000
1776330128.766,128.766,0.18,0.19,0.81,0.82,0.01,0.01,74643.18,1776330127000
1776330129.26,129.26,0.18,0.19,0.81,0.82,0.01,0.01,74643.18,1776330127000
1776330129.682,129.682,0.18,0.19,0.81,0.82,0.01,0.01,74645.19,1776330128000
1776330130.139,130.139,0.18,0.19,0.81,0.82,0.01,0.01,74645.19,1776330129000
1776330130.498,130.498,0.18,0.19,0.81,0.82,0.01,0.01,74645.19,1776330129000
1776330130.859,130.859,0.17,0.18,0.81,0.83,0.01,0.02,74645.19,1776330129000
1776330131.817,131.817,0.17,0.19,0.82,0.83,0.02,0.01,74645.19,1776330129000
1776330132.366,132.366,0.18,0.19,0.81,0.82,0.01,0.01,74645.16,1776330130000
1776330132.792,132.792,0.18,0.19,0.81,0.82,0.01,0.01,74645.16,1776330131000
1776330133.323,133.323,0.18,0.19,0.81,0.82,0.01,0.01,74645.13,1776330132000
1776330134.174,134.174,0.18,0.19,0.81,0.82,0.01,0.01,74644.86,1776330133000
1776330135.14,135.14,0.18,0.19,0.81,0.82,0.01,0.01,74644.86,1776330133000
1776330135.517,135.517,0.18,0.19,0.81,0.82,0.01,0.01,74645.21,1776330134000
1776330135.917,135.917,0.18,0.19,0.81,0.82,0.01,0.01,74645.21,1776330134000
1776330136.268,136.268,0.18,0.19,0.81,0.82,0.01,0.01,74645.21,1776330134000
1776330136.705,136.705,0.18,0.19,0.81,0.82,0.01,0.01,74644.81,1776330135000
1776330137.205,137.205,0.16,0.18,0.81,0.83,0.02,0.02,74644.75,1776330136000
1776330137.606,137.606,0.16,0.17,0.82,0.84,0.01,0.02,74644.75,1776330136000
1776330137.945,137.945,0.16,0.17,0.83,0.84,0.01,0.01,74644.75,1776330136000
1776330138.315,138.315,0.15,0.16,0.84,0.85,0.01,0.01,74644.8,1776330137000
1776330138.687,138.687,0.15,0.16,0.84,0.85,0.01,0.01,74644.8,1776330137000
1776330139.302,139.302,0.15,0.16,0.84,0.85,0.01,0.01,74644.28,1776330138000
1776330139.734,139.734,0.16,0.17,0.83,0.85,0.01,0.02,74644.28,1776330138000
1776330140.255,140.255,0.16,0.17,0.83,0.84,0.01,0.01,74642.69,1776330139000
1776330140.64,140.64,0.16,0.17,0.83,0.84,0.01,0.01,74642.69,1776330139000
1776330141.028,141.028,0.16,0.17,0.83,0.84,0.01,0.01,74642.69,1776330139000
1776330141.369,141.369,0.16,0.17,0.83,0.84,0.01,0.01,74642.7,1776330140000
1776330142.405,142.405,0.16,0.17,0.83,0.84,0.01,0.01,74644.04,1776330141000
1776330142.88,142.88,0.2,0.21,0.79,0.8,0.01,0.01,74644.04,1776330141000
1776330143.631,143.631,0.21,0.22,0.78,0.79,0.01,0.01,74644.04,1776330142000
1776330143.999,143.999,0.25,0.27,0.73,0.75,0.02,0.02,74641.82,1776330143000
1776330144.361,144.361,0.26,0.27,0.73,0.74,0.01,0.01,74641.82,1776330143000
1776330144.699,144.699,0.29,0.32,0.68,0.71,0.03,0.03,74641.82,1776330143000
1776330145.077,145.077,0.3,0.31,0.69,0.7,0.01,0.01,74641.82,1776330143000
1776330145.436,145.436,0.31,0.32,0.68,0.69,0.01,0.01,74647.16,1776330144000
1776330145.786,145.786,0.31,0.32,0.68,0.69,0.01,0.01,74647.16,1776330144000
1776330146.129,146.129,0.32,0.33,0.68,0.69,0.01,0.01,74647.16,1776330144000
1776330146.468,146.468,0.39,0.42,0.58,0.61,0.03,0.03,74647.16,1776330144000
1776330146.826,146.826,0.47,0.48,0.52,0.54,0.01,0.02,74647.16,1776330144000
1776330147.161,147.161,0.47,0.52,0.48,0.53,0.05,0.05,74647.16,1776330144000
1776330147.512,147.512,0.51,0.53,0.48,0.53,0.02,0.05,74647.16,1776330144000
1776330147.846,147.846,0.51,0.52,0.48,0.49,0.01,0.01,74662.71,1776330146000
1776330148.195,148.195,0.51,0.52,0.48,0.49,0.01,0.01,74662.71,1776330146000
1776330148.536,148.536,0.51,0.53,0.48,0.49,0.02,0.01,74687.09,1776330147000
1776330148.874,148.874,0.51,0.52,0.48,0.49,0.01,0.01,74687.09,1776330147000
1776330149.227,149.227,0.51,0.52,0.48,0.49,0.01,0.01,74687.09,1776330147000
1776330149.569,149.569,0.51,0.52,0.48,0.49,0.01,0.01,74689.62,1776330148000
1776330149.91,149.91,0.51,0.52,0.48,0.49,0.01,0.01,74689.62,1776330148000
1776330150.244,150.244,0.52,0.54,0.47,0.48,0.02,0.01,74689.47,1776330149000
1776330150.578,150.578,0.54,0.55,0.45,0.46,0.01,0.01,74689.47,1776330149000
1776330150.915,150.915,0.54,0.56,0.44,0.46,0.02,0.02,74689.47,1776330149000
1776330151.276,151.276,0.55,0.56,0.44,0.45,0.01,0.01,74689.26,1776330150000
1776330151.624,151.624,0.55,0.56,0.44,0.45,0.01,0.01,74689.26,1776330150000
1776330152.03,152.03,0.51,0.52,0.48,0.49,0.01,0.01,74689.26,1776330150000
1776330152.436,152.436,0.48,0.49,0.51,0.53,0.01,0.02,74689.26,1776330150000
1776330152.788,152.788,0.48,0.49,0.51,0.52,0.01,0.01,74688.96,1776330151000
1776330153.182,153.182,0.49,0.5,0.5,0.51,0.01,0.01,74688.39,1776330152000
1776330153.517,153.517,0.5,0.54,0.46,0.5,0.04,0.04,74688.39,1776330152000
1776330153.894,153.894,0.54,0.55,0.45,0.46,0.01,0.01,74688.39,1776330152000
1776330154.315,154.315,0.54,0.55,0.45,0.46,0.01,0.01,74682.36,1776330153000
1776330154.703,154.703,0.54,0.56,0.45,0.46,0.02,0.01,74682.36,1776330153000
1776330155.114,155.114,0.56,0.57,0.42,0.44,0.01,0.02,74682.36,1776330153000
1776330155.536,155.536,0.57,0.58,0.42,0.43,0.01,0.01,74686.66,1776330154000
1776330155.898,155.898,0.57,0.58,0.42,0.43,0.01,0.01,74686.66,1776330154000
1776330156.328,156.328,0.58,0.59,0.41,0.43,0.01,0.02,74687.6,1776330155000
1776330156.664,156.664,0.58,0.59,0.41,0.42,0.01,0.01,74687.6,1776330155000
1776330157.037,157.037,0.59,0.6,0.4,0.41,0.01,0.01,74687.6,1776330155000
1776330157.429,157.429,0.59,0.6,0.4,0.41,0.01,0.01,74689.08,1776330156000
1776330157.838,157.838,0.59,0.6,0.4,0.41,0.01,0.01,74689.08,1776330156000
1776330158.321,158.321,0.59,0.6,0.4,0.41,0.01,0.01,74689.08,1776330156000
1776330158.661,158.661,0.59,0.6,0.4,0.41,0.01,0.01,74688.73,1776330157000
1776330159.048,159.048,0.59,0.6,0.4,0.41,0.01,0.01,74688.73,1776330158000
1776330159.43,159.43,0.59,0.6,0.4,0.41,0.01,0.01,74688.73,1776330158000
1776330159.77,159.77,0.59,0.6,0.4,0.41,0.01,0.01,74688.73,1776330158000
1776330160.147,160.147,0.59,0.6,0.4,0.41,0.01,0.01,74688.73,1776330158000
1776330160.496,160.496,0.59,0.6,0.4,0.41,0.01,0.01,74689.11,1776330159000
1776330160.953,160.953,0.59,0.6,0.4,0.41,0.01,0.01,74689.11,1776330159000
1776330161.314,161.314,0.59,0.6,0.4,0.41,0.01,0.01,74689.29,1776330160000
1776330161.708,161.708,0.59,0.6,0.4,0.41,0.01,0.01,74689.29,1776330160000
1776330162.147,162.147,0.59,0.6,0.4,0.41,0.01,0.01,74689.29,1776330161000
1776330162.613,162.613,0.59,0.6,0.4,0.41,0.01,0.01,74689.29,1776330161000
1776330163.01,163.01,0.59,0.6,0.4,0.41,0.01,0.01,74689.29,1776330161000
1776330163.394,163.394,0.59,0.6,0.4,0.41,0.01,0.01,74689.29,1776330161000
1776330163.853,163.853,0.59,0.6,0.4,0.41,0.01,0.01,74689.29,1776330161000
1776330164.296,164.296,0.59,0.6,0.4,0.41,0.01,0.01,74689.29,1776330161000
1776330164.664,164.664,0.59,0.6,0.4,0.41,0.01,0.01,74689.29,1776330161000
1776330165.287,165.287,0.6,0.61,0.39,0.4,0.01,0.01,74689.0,1776330163000
1776330165.675,165.675,0.62,0.63,0.37,0.38,0.01,0.01,74688.72,1776330164000
1776330166.037,166.037,0.62,0.64,0.37,0.38,0.02,0.01,74688.72,1776330164000
1776330166.395,166.395,0.63,0.64,0.36,0.37,0.01,0.01,74688.72,1776330164000
1776330166.768,166.768,0.63,0.64,0.36,0.37,0.01,0.01,74688.78,1776330165000
1776330167.129,167.129,0.63,0.64,0.36,0.37,0.01,0.01,74688.78,1776330165000
1776330167.466,167.466,0.63,0.64,0.36,0.37,0.01,0.01,74690.2,1776330166000
1776330167.866,167.866,0.63,0.64,0.36,0.37,0.01,0.01,74690.2,1776330166000
1776330168.275,168.275,0.63,0.65,0.36,0.37,0.02,0.01,74690.2,1776330166000
1776330168.867,168.867,0.64,0.65,0.35,0.36,0.01,0.01,74692.1,1776330167000
1776330169.332,169.332,0.67,0.68,0.32,0.34,0.01,0.02,74692.44,1776330168000
1776330169.711,169.711,0.69,0.7,0.31,0.33,0.01,0.02,74692.44,1776330168000
1776330170.081,170.081,0.69,0.7,0.3,0.31,0.01,0.01,74692.44,1776330168000
1776330170.491,170.491,0.7,0.72,0.28,0.31,0.02,0.03,74693.74,1776330169000
1776330170.846,170.846,0.72,0.73,0.25,0.28,0.01,0.03,74693.74,1776330169000
1776330171.196,171.196,0.73,0.75,0.25,0.27,0.02,0.02,74694.7,1776330170000
1776330171.57,171.57,0.75,0.76,0.24,0.26,0.01,0.02,74694.7,1776330170000
1776330171.927,171.927,0.75,0.76,0.24,0.25,0.01,0.01,74694.7,1776330170000
1776330172.26,172.26,0.75,0.76,0.24,0.25,0.01,0.01,74694.7,1776330170000
1776330172.638,172.638,0.75,0.76,0.24,0.25,0.01,0.01,74699.95,1776330171000
1776330173.01,173.01,0.75,0.76,0.24,0.25,0.01,0.01,74699.95,1776330171000
1776330173.344,173.344,0.75,0.76,0.24,0.25,0.01,0.01,74702.06,1776330172000
1776330173.686,173.686,0.75,0.76,0.24,0.25,0.01,0.01,74702.06,1776330172000
1776330174.065,174.065,0.75,0.76,0.24,0.25,0.01,0.01,74702.06,1776330172000
1776330174.442,174.442,0.75,0.76,0.24,0.25,0.01,0.01,74702.32,1776330173000
1776330174.778,174.778,0.73,0.74,0.25,0.27,0.01,0.02,74702.32,1776330173000
1776330175.123,175.123,0.72,0.73,0.27,0.28,0.01,0.01,74702.32,1776330173000
1776330175.6,175.6,0.72,0.73,0.27,0.28,0.01,0.01,74702.44,1776330174000
1776330175.945,175.945,0.72,0.73,0.27,0.28,0.01,0.01,74702.5,1776330175000
1776330176.287,176.287,0.73,0.74,0.26,0.27,0.01,0.01,74702.5,1776330175000
1776330176.711,176.711,0.73,0.74,0.26,0.27,0.01,0.01,74702.5,1776330175000
1776330177.047,177.047,0.73,0.74,0.26,0.27,0.01,0.01,74702.5,1776330175000
1776330177.436,177.436,0.73,0.74,0.26,0.27,0.01,0.01,74702.66,1776330176000
1776330177.984,177.984,0.73,0.74,0.26,0.27,0.01,0.01,74702.66,1776330176000
1776330178.437,178.437,0.74,0.75,0.25,0.27,0.01,0.02,74702.66,1776330176000
1776330178.809,178.809,0.74,0.75,0.25,0.26,0.01,0.01,74702.54,1776330177000
1776330179.256,179.256,0.75,0.76,0.24,0.26,0.01,0.02,74702.54,1776330178000
1776330179.995,179.995,0.75,0.76,0.24,0.25,0.01,0.01,74702.54,1776330178000
1776330180.372,180.372,0.75,0.76,0.24,0.25,0.01,0.01,74702.54,1776330178000
1776330180.766,180.766,0.75,0.76,0.24,0.25,0.01,0.01,74703.46,1776330179000
1776330181.11,181.11,0.78,0.8,0.2,0.22,0.02,0.02,74703.53,1776330180000
1776330181.449,181.449,0.79,0.8,0.2,0.21,0.01,0.01,74703.53,1776330180000
1776330181.859,181.859,0.81,0.82,0.18,0.2,0.01,0.02,74703.53,1776330180000
1776330182.229,182.229,0.81,0.82,0.18,0.19,0.01,0.01,74703.53,1776330180000
1776330182.593,182.593,0.81,0.82,0.18,0.19,0.01,0.01,74706.04,1776330181000
1776330183.004,183.004,0.81,0.82,0.18,0.19,0.01,0.01,74706.04,1776330181000
1776330183.461,183.461,0.81,0.82,0.18,0.19,0.01,0.01,74711.18,1776330182000
1776330183.905,183.905,0.81,0.82,0.18,0.19,0.01,0.01,74711.18,1776330182000
1776330184.527,184.527,0.81,0.82,0.18,0.19,0.01,0.01,74711.97,1776330183000
1776330185.005,185.005,0.81,0.82,0.18,0.19,0.01,0.01,74710.11,1776330184000
1776330185.765,185.765,0.81,0.82,0.18,0.19,0.01,0.01,74710.11,1776330184000
1776330186.101,186.101,0.81,0.82,0.18,0.19,0.01,0.01,74710.1,1776330185000
1776330186.449,186.449,0.81,0.82,0.18,0.19,0.01,0.01,74710.1,1776330185000
1776330187.037,187.037,0.82,0.83,0.18,0.19,0.01,0.01,74710.1,1776330185000
1776330187.461,187.461,0.82,0.83,0.17,0.18,0.01,0.01,74710.11,1776330186000
1776330188.156,188.156,0.83,0.84,0.17,0.18,0.01,0.01,74710.11,1776330186000
1776330188.532,188.532,0.87,0.88,0.1,0.14,0.01,0.04,74710.1,1776330187000
1776330188.914,188.914,0.89,0.9,0.1,0.11,0.01,0.01,74710.1,1776330187000
1776330189.295,189.295,0.89,0.9,0.1,0.11,0.01,0.01,74710.1,1776330187000
1776330189.633,189.633,0.89,0.9,0.1,0.11,0.01,0.01,74710.96,1776330188000
1776330190.002,190.002,0.89,0.9,0.1,0.11,0.01,0.01,74720.36,1776330189000
1776330190.341,190.341,0.86,0.89,0.11,0.14,0.03,0.03,74720.36,1776330189000
1776330190.677,190.677,0.86,0.87,0.13,0.14,0.01,0.01,74720.36,1776330189000
1776330191.032,191.032,0.85,0.86,0.14,0.15,0.01,0.01,74725.07,1776330190000
1776330191.366,191.366,0.84,0.85,0.15,0.16,0.01,0.01,74725.07,1776330190000
1776330191.756,191.756,0.83,0.84,0.15,0.17,0.01,0.02,74725.07,1776330190000
1776330192.14,192.14,0.83,0.84,0.16,0.17,0.01,0.01,74722.86,1776330191000
1776330192.535,192.535,0.83,0.84,0.16,0.17,0.01,0.01,74722.86,1776330191000
1776330192.888,192.888,0.83,0.84,0.16,0.17,0.01,0.01,74722.86,1776330191000
1776330193.351,193.351,0.84,0.85,0.15,0.16,0.01,0.01,74720.66,1776330192000
1776330193.73,193.73,0.84,0.85,0.15,0.16,0.01,0.01,74720.66,1776330192000
1776330194.138,194.138,0.84,0.85,0.15,0.16,0.01,0.01,74720.66,1776330192000
1776330194.476,194.476,0.84,0.85,0.15,0.16,0.01,0.01,74720.66,1776330192000
1776330194.864,194.864,0.84,0.86,0.14,0.16,0.02,0.02,74719.52,1776330193000
1776330195.29,195.29,0.89,0.9,0.1,0.11,0.01,0.01,74719.52,1776330193000
1776330195.635,195.635,0.89,0.9,0.1,0.11,0.01,0.01,74720.04,1776330194000
1776330196.033,196.033,0.9,0.91,0.1,0.11,0.01,0.01,74720.58,1776330195000
1776330196.584,196.584,0.91,0.92,0.08,0.1,0.01,0.02,74720.58,1776330195000
1776330196.946,196.946,0.92,0.93,0.07,0.08,0.01,0.01,74720.58,1776330195000
1776330197.303,197.303,0.92,0.93,0.07,0.08,0.01,0.01,74720.58,1776330196000
1776330197.682,197.682,0.92,0.93,0.07,0.08,0.01,0.01,74720.58,1776330196000
1776330198.084,198.084,0.92,0.93,0.07,0.08,0.01,0.01,74722.64,1776330197000
1776330198.467,198.467,0.93,0.94,0.07,0.08,0.01,0.01,74722.64,1776330197000
1776330198.902,198.902,0.93,0.94,0.06,0.07,0.01,0.01,74722.64,1776330197000
1776330199.247,199.247,0.93,0.94,0.06,0.07,0.01,0.01,74729.86,1776330198000
1776330199.588,199.588,0.93,0.94,0.06,0.07,0.01,0.01,74729.86,1776330198000
1776330199.929,199.929,0.93,0.94,0.06,0.07,0.01,0.01,74729.86,1776330198000
1776330200.326,200.326,0.93,0.95,0.06,0.07,0.02,0.01,74729.88,1776330199000
1776330200.715,200.715,0.94,0.95,0.05,0.06,0.01,0.01,74729.88,1776330199000
1776330201.187,201.187,0.94,0.95,0.05,0.06,0.01,0.01,74730.91,1776330200000
1776330201.7,201.7,0.94,0.95,0.05,0.06,0.01,0.01,74730.91,1776330200000
1776330202.133,202.133,0.94,0.95,0.05,0.06,0.01,0.01,74730.89,1776330201000
1776330202.507,202.507,0.94,0.95,0.05,0.06,0.01,0.01,74730.89,1776330201000
1776330202.859,202.859,0.94,0.95,0.05,0.06,0.01,0.01,74730.89,1776330201000
1776330203.251,203.251,0.94,0.95,0.05,0.06,0.01,0.01,74731.58,1776330202000
1776330203.733,203.733,0.91,0.92,0.08,0.09,0.01,0.01,74731.58,1776330202000
1776330204.095,204.095,0.9,0.91,0.09,0.1,0.01,0.01,74731.66,1776330203000
1776330204.462,204.462,0.9,0.91,0.09,0.1,0.01,0.01,74731.66,1776330203000
1776330204.973,204.973,0.9,0.91,0.09,0.1,0.01,0.01,74731.66,1776330203000
1776330205.421,205.421,0.9,0.91,0.09,0.1,0.01,0.01,74731.66,1776330204000
1776330205.812,205.812,0.92,0.93,0.08,0.09,0.01,0.01,74731.66,1776330204000
1776330206.212,206.212,0.91,0.92,0.08,0.09,0.01,0.01,74730.54,1776330205000
1776330206.657,206.657,0.91,0.92,0.08,0.09,0.01,0.01,74730.54,1776330205000
1776330207.137,207.137,0.91,0.92,0.08,0.09,0.01,0.01,74730.54,1776330205000
1776330207.807,207.807,0.91,0.92,0.08,0.09,0.01,0.01,74729.42,1776330206000
1776330208.329,208.329,0.91,0.92,0.08,0.09,0.01,0.01,74730.16,1776330207000
1776330208.699,208.699,0.91,0.92,0.08,0.09,0.01,0.01,74730.16,1776330207000
1776330209.032,209.032,0.91,0.92,0.08,0.09,0.01,0.01,74730.16,1776330207000
1776330209.449,209.449,0.91,0.92,0.08,0.09,0.01,0.01,74730.13,1776330208000
1776330210.245,210.245,0.91,0.92,0.08,0.09,0.01,0.01,74730.13,1776330208000
1776330210.579,210.579,0.91,0.92,0.08,0.09,0.01,0.01,74730.11,1776330209000
1776330211.0,211.0,0.91,0.92,0.08,0.09,0.01,0.01,74730.11,1776330209000
1776330211.529,211.529,0.91,0.92,0.08,0.09,0.01,0.01,74730.15,1776330210000
1776330212.125,212.125,0.91,0.92,0.08,0.09,0.01,0.01,74730.15,1776330211000
1776330212.542,212.542,0.91,0.92,0.08,0.09,0.01,0.01,74730.15,1776330211000
1776330212.994,212.994,0.91,0.92,0.08,0.09,0.01,0.01,74730.15,1776330211000
1776330213.373,213.373,0.92,0.93,0.08,0.09,0.01,0.01,74730.13,1776330212000
1776330213.809,213.809,0.92,0.93,0.07,0.08,0.01,0.01,74730.13,1776330212000
1776330214.153,214.153,0.92,0.93,0.07,0.08,0.01,0.01,74730.13,1776330212000
1776330214.646,214.646,0.92,0.93,0.07,0.08,0.01,0.01,74730.13,1776330213000
1776330215.031,215.031,0.94,0.95,0.05,0.06,0.01,0.01,74730.13,1776330213000
1776330215.392,215.392,0.94,0.95,0.05,0.06,0.01,0.01,74730.14,1776330214000
1776330215.907,215.907,0.94,0.95,0.05,0.06,0.01,0.01,74730.24,1776330215000
1776330216.375,216.375,0.94,0.95,0.05,0.06,0.01,0.01,74730.24,1776330215000
1776330216.945,216.945,0.94,0.95,0.05,0.06,0.01,0.01,74730.24,1776330215000
1776330217.493,217.493,0.94,0.95,0.05,0.06,0.01,0.01,74731.1,1776330216000
1776330217.866,217.866,0.94,0.95,0.05,0.06,0.01,0.01,74731.1,1776330216000
1776330218.353,218.353,0.94,0.95,0.05,0.06,0.01,0.01,74732.35,1776330217000
1776330218.752,218.752,0.94,0.95,0.05,0.06,0.01,0.01,74732.35,1776330217000
1776330219.087,219.087,0.94,0.95,0.05,0.06,0.01,0.01,74732.35,1776330217000
1776330219.624,219.624,0.93,0.95,0.05,0.06,0.02,0.01,74732.35,1776330218000
1776330220.023,220.023,0.94,0.95,0.05,0.06,0.01,0.01,74732.35,1776330218000
1776330220.363,220.363,0.93,0.94,0.06,0.07,0.01,0.01,74732.35,1776330218000
1776330220.77,220.77,0.93,0.94,0.06,0.07,0.01,0.01,74732.97,1776330219000
1776330221.267,221.267,0.93,0.94,0.06,0.07,0.01,0.01,74732.97,1776330219000
1776330221.662,221.662,0.93,0.94,0.06,0.07,0.01,0.01,74733.18,1776330220000
1776330222.026,222.026,0.93,0.94,0.06,0.07,0.01,0.01,74733.18,1776330220000
1776330222.444,222.444,0.94,0.95,0.05,0.06,0.01,0.01,74733.2,1776330221000
1776330222.811,222.811,0.95,0.96,0.04,0.06,0.01,0.02,74733.2,1776330221000
1776330223.182,223.182,0.95,0.96,0.04,0.05,0.01,0.01,74733.21,1776330222000
1776330223.66,223.66,0.95,0.96,0.04,0.05,0.01,0.01,74733.21,1776330222000
1776330224.25,224.25,0.95,0.96,0.04,0.06,0.01,0.02,74733.21,1776330222000
1776330224.8,224.8,0.95,0.96,0.04,0.05,0.01,0.01,74735.11,1776330223000
1776330225.339,225.339,0.95,0.96,0.04,0.05,0.01,0.01,74735.09,1776330224000
1776330225.845,225.845,0.95,0.96,0.04,0.05,0.01,0.01,74735.09,1776330224000
1776330226.278,226.278,0.95,0.96,0.04,0.05,0.01,0.01,74735.09,1776330224000
1776330226.62,226.62,0.95,0.96,0.04,0.05,0.01,0.01,74735.13,1776330225000
1776330227.568,227.568,0.95,0.96,0.04,0.05,0.01,0.01,74735.0,1776330226000
1776330227.921,227.921,0.95,0.96,0.04,0.05,0.01,0.01,74735.0,1776330226000
1776330228.46,228.46,0.94,0.96,0.04,0.05,0.02,0.01,74735.13,1776330227000
1776330229.102,229.102,0.93,0.94,0.06,0.07,0.01,0.01,74735.13,1776330227000
1776330229.721,229.721,0.93,0.94,0.06,0.07,0.01,0.01,74735.13,1776330228000
1776330230.282,230.282,0.93,0.94,0.06,0.07,0.01,0.01,74737.05,1776330229000
1776330230.705,230.705,0.93,0.94,0.06,0.07,0.01,0.01,74737.05,1776330229000
1776330231.266,231.266,0.93,0.94,0.06,0.07,0.01,0.01,74735.12,1776330230000
1776330231.632,231.632,0.93,0.94,0.06,0.07,0.01,0.01,74735.12,1776330230000
1776330232.304,232.304,0.93,0.94,0.06,0.07,0.01,0.01,74735.12,1776330230000
1776330232.696,232.696,0.93,0.94,0.06,0.07,0.01,0.01,74735.12,1776330231000
1776330233.116,233.116,0.93,0.94,0.06,0.07,0.01,0.01,74734.98,1776330232000
1776330234.167,234.167,0.93,0.95,0.06,0.07,0.02,0.01,74734.98,1776330232000
1776330234.688,234.688,0.94,0.95,0.05,0.07,0.01,0.02,74734.29,1776330233000
1776330235.385,235.385,0.94,0.95,0.05,0.06,0.01,0.01,74734.29,1776330233000
1776330235.761,235.761,0.94,0.96,0.05,0.06,0.02,0.01,74734.31,1776330234000
1776330236.216,236.216,0.96,0.97,0.03,0.05,0.01,0.02,74734.33,1776330235000
1776330236.879,236.879,0.96,0.97,0.03,0.04,0.01,0.01,74734.33,1776330235000
1776330237.375,237.375,0.96,0.97,0.03,0.04,0.01,0.01,74734.33,1776330236000
1776330238.086,238.086,0.96,0.97,0.03,0.04,0.01,0.01,74734.33,1776330236000
1776330238.443,238.443,0.96,0.97,0.03,0.04,0.01,0.01,74734.4,1776330237000
1776330239.03,239.03,0.96,0.97,0.03,0.04,0.01,0.01,74734.39,1776330238000
1776330239.404,239.404,0.96,0.97,0.03,0.04,0.01,0.01,74734.39,1776330238000
1776330239.846,239.846,0.96,0.97,0.03,0.04,0.01,0.01,74734.39,1776330238000
1776330240.557,240.557,0.96,0.97,0.03,0.04,0.01,0.01,74734.39,1776330238000
1776330241.578,241.578,0.96,0.97,0.03,0.04,0.01,0.01,74734.35,1776330239000
1776330242.256,242.256,0.96,0.97,0.03,0.04,0.01,0.01,74734.35,1776330241000
1776330242.589,242.589,0.96,0.97,0.03,0.04,0.01,0.01,74734.35,1776330241000
1776330242.989,242.989,0.96,0.97,0.03,0.04,0.01,0.01,74734.35,1776330241000
1776330243.46,243.46,0.96,0.97,0.03,0.04,0.01,0.01,74734.35,1776330241000
1776330243.905,243.905,0.96,0.97,0.03,0.04,0.01,0.01,74734.36,1776330242000
1776330244.567,244.567,0.96,0.97,0.03,0.04,0.01,0.01,74734.34,1776330243000
1776330245.147,245.147,0.96,0.97,0.03,0.04,0.01,0.01,74734.34,1776330243000
1776330245.737,245.737,0.96,0.97,0.03,0.04,0.01,0.01,74734.37,1776330244000
1776330246.778,246.778,0.96,0.97,0.03,0.04,0.01,0.01,74734.68,1776330245000
1776330247.202,247.202,0.96,0.97,0.03,0.04,0.01,0.01,74734.68,1776330245000
1776330247.698,247.698,0.96,0.97,0.03,0.04,0.01,0.01,74734.68,1776330245000
1776330248.042,248.042,0.96,0.97,0.03,0.04,0.01,0.01,74734.68,1776330246000
1776330248.478,248.478,0.96,0.97,0.03,0.04,0.01,0.01,74734.71,1776330247000
1776330248.841,248.841,0.96,0.97,0.03,0.04,0.01,0.01,74734.71,1776330247000
1776330249.429,249.429,0.96,0.97,0.03,0.04,0.01,0.01,74734.71,1776330248000
1776330250.264,250.264,0.96,0.97,0.03,0.04,0.01,0.01,74734.71,1776330248000
1776330250.617,250.617,0.96,0.97,0.03,0.04,0.01,0.01,74734.3,1776330249000
1776330251.431,251.431,0.96,0.97,0.03,0.04,0.01,0.01,74734.53,1776330250000
1776330252.05,252.05,0.96,0.97,0.03,0.04,0.01,0.01,74734.53,1776330250000
1776330253.539,253.539,0.96,0.97,0.03,0.04,0.01,0.01,74734.51,1776330251000
1776330253.874,253.874,0.96,0.97,0.03,0.04,0.01,0.01,74734.8,1776330252000
1776330254.682,254.682,0.96,0.97,0.03,0.04,0.01,0.01,74734.65,1776330253000
1776330255.426,255.426,0.96,0.97,0.03,0.04,0.01,0.01,74734.65,1776330253000
1776330255.759,255.759,0.96,0.97,0.03,0.04,0.01,0.01,74734.67,1776330254000
1776330256.152,256.152,0.96,0.97,0.03,0.04,0.01,0.01,74734.82,1776330255000
1776330256.534,256.534,0.96,0.97,0.03,0.04,0.01,0.01,74734.82,1776330255000
1776330256.981,256.981,0.96,0.97,0.03,0.04,0.01,0.01,74734.82,1776330255000
1776330257.412,257.412,0.96,0.97,0.03,0.04,0.01,0.01,74734.82,1776330255000
1776330257.766,257.766,0.96,0.97,0.03,0.04,0.01,0.01,74734.82,1776330255000
1776330258.307,258.307,0.97,0.98,0.03,0.04,0.01,0.01,74734.82,1776330255000
1776330258.908,258.908,0.96,0.97,0.02,0.04,0.01,0.02,74734.84,1776330257000
1776330259.475,259.475,0.96,0.97,0.03,0.04,0.01,0.01,74734.84,1776330257000
1776330259.846,259.846,0.96,0.97,0.03,0.04,0.01,0.01,74734.84,1776330258000
1776330260.435,260.435,0.97,0.98,0.02,0.03,0.01,0.01,74734.84,1776330258000
1776330260.912,260.912,0.97,0.98,0.02,0.03,0.01,0.01,74734.83,1776330259000
1776330261.375,261.375,0.97,0.98,0.02,0.03,0.01,0.01,74734.83,1776330259000
1776330261.752,261.752,0.97,0.98,0.02,0.03,0.01,0.01,74734.83,1776330260000
1776330262.102,262.102,0.97,0.98,0.02,0.03,0.01,0.01,74734.83,1776330261000
1776330262.458,262.458,0.97,0.98,0.02,0.03,0.01,0.01,74734.83,1776330261000
1776330262.902,262.902,0.97,0.98,0.02,0.03,0.01,0.01,74734.83,1776330261000
1776330263.296,263.296,0.97,0.98,0.02,0.03,0.01,0.01,74734.48,1776330262000
1776330263.637,263.637,0.97,0.98,0.02,0.03,0.01,0.01,74734.48,1776330262000
1776330264.097,264.097,0.97,0.98,0.02,0.03,0.01,0.01,74734.48,1776330262000
1776330264.484,264.484,0.97,0.98,0.02,0.03,0.01,0.01,74734.84,1776330263000
1776330265.017,265.017,0.97,0.98,0.02,0.03,0.01,0.01,74734.84,1776330264000
1776330265.428,265.428,0.98,0.99,0.01,0.03,0.01,0.02,74734.84,1776330264000
1776330265.841,265.841,0.98,0.99,0.01,0.02,0.01,0.01,74734.84,1776330264000
1776330266.34,266.34,0.98,0.99,0.01,0.02,0.01,0.01,74734.84,1776330264000
1776330266.676,266.676,0.98,0.99,0.01,0.02,0.01,0.01,74734.89,1776330265000
1776330267.022,267.022,0.98,0.99,0.01,0.02,0.01,0.01,74734.89,1776330265000
1776330267.393,267.393,0.98,0.99,0.01,0.02,0.01,0.01,74734.9,1776330266000
1776330267.876,267.876,0.98,0.99,0.01,0.02,0.01,0.01,74734.9,1776330266000
1776330268.358,268.358,0.98,0.99,0.01,0.02,0.01,0.01,74734.9,1776330266000
1776330268.821,268.821,0.98,0.99,0.01,0.02,0.01,0.01,74734.9,1776330266000
1776330269.215,269.215,0.98,0.99,0.01,0.02,0.01,0.01,74734.89,1776330267000
1776330269.561,269.561,0.98,0.99,0.01,0.02,0.01,0.01,74735.0,1776330268000
1776330270.012,270.012,0.98,0.99,0.01,0.02,0.01,0.01,74735.0,1776330268000
1776330270.463,270.463,0.99,0.99,0.01,0.01,0.0,0.0,74735.03,1776330269000
1776330270.944,270.944,0.99,0.99,0.01,0.01,0.0,0.0,74735.03,1776330269000
1776330271.39,271.39,0.99,0.99,0.01,0.01,0.0,0.0,74735.03,1776330269000
1776330272.378,272.378,0.99,0.99,0.01,0.01,0.0,0.0,74738.61,1776330271000
1776330272.787,272.787,0.99,0.99,0.01,0.01,0.0,0.0,74738.61,1776330271000
1776330273.275,273.275,0.99,0.99,0.01,0.01,0.0,0.0,74742.95,1776330272000
1776330274.138,274.138,0.99,0.99,0.01,0.01,0.0,0.0,74742.95,1776330272000
1776330274.676,274.676,0.99,0.99,0.01,0.01,0.0,0.0,74750.12,1776330273000
1776330275.069,275.069,0.99,0.99,0.01,0.01,0.0,0.0,74750.12,1776330273000
1776330276.499,276.499,0.99,0.99,0.01,0.01,0.0,0.0,74750.59,1776330275000
1776330276.984,276.984,0.99,0.99,0.01,0.01,0.0,0.0,74751.16,1776330276000
1776330277.973,277.973,0.99,0.99,0.01,0.01,0.0,0.0,74752.65,1776330277000
1776330278.939,278.939,0.99,0.99,0.01,0.01,0.0,0.0,74751.21,1776330278000
1776330279.335,279.335,0.99,0.99,0.01,0.01,0.0,0.0,74751.21,1776330278000
1776330279.978,279.978,0.99,0.99,0.01,0.01,0.0,0.0,74750.08,1776330279000
1776330280.963,280.963,0.99,0.99,0.01,0.01,0.0,0.0,74752.85,1776330280000
1776330281.936,281.936,0.99,0.99,0.01,0.01,0.0,0.0,74750.52,1776330281000
1776330282.74,282.74,0.99,0.99,0.01,0.01,0.0,0.0,74750.52,1776330281000
1776330283.851,283.851,0.99,0.99,0.01,0.01,0.0,0.0,74750.52,1776330283000
1776330285.268,285.268,0.99,0.99,0.01,0.01,0.0,0.0,74750.52,1776330284000
1776330286.302,286.302,0.99,0.99,0.01,0.01,0.0,0.0,74750.53,1776330285000
1776330287.261,287.261,0.99,0.99,0.01,0.01,0.0,0.0,74750.83,1776330286000
1776330288.573,288.573,0.99,0.99,0.01,0.01,0.0,0.0,74750.88,1776330287000
1776330288.951,288.951,0.99,0.99,0.01,0.01,0.0,0.0,74750.88,1776330287000
1776330289.63,289.63,0.99,0.99,0.01,0.01,0.0,0.0,74750.9,1776330288000
1776330290.421,290.421,0.99,0.99,0.01,0.01,0.0,0.0,74750.77,1776330289000
1776330291.404,291.404,0.99,0.99,0.01,0.01,0.0,0.0,74750.77,1776330289000
1776330291.848,291.848,0.99,0.99,0.01,0.01,0.0,0.0,74750.77,1776330289000
1776330292.483,292.483,0.99,0.99,0.01,0.01,0.0,0.0,74747.79,1776330291000
1776330293.178,293.178,0.99,0.99,0.01,0.01,0.0,0.0,74747.79,1776330291000
1776330293.774,293.774,0.99,0.99,0.01,0.01,0.0,0.0,74747.77,1776330292000
1776330294.626,294.626,0.99,0.99,0.01,0.01,0.0,0.0,74747.79,1776330293000
1776330295.192,295.192,0.99,0.99,0.01,0.01,0.0,0.0,74747.77,1776330294000
1776330295.608,295.608,0.99,0.99,0.01,0.01,0.0,0.0,74747.77,1776330294000
1776330296.718,296.718,0.99,0.99,0.01,0.01,0.0,0.0,74747.79,1776330295000
1776330297.371,297.371,0.99,0.99,0.01,0.01,0.0,0.0,74747.79,1776330295000
1776330298.222,298.222,0.99,0.99,0.01,0.01,0.0,0.0,74747.76,1776330297000
1776330299.631,299.631,0.99,0.99,0.01,0.01,0.0,0.0,74746.98,1776330298000
1776330300.107,300.107,0.99,0.99,0.01,0.01,0.0,0.0,74746.98,1776330298000
1776330301.048,301.048,0.99,0.99,0.01,0.01,0.0,0.0,74747.78,1776330300000
1776330302.464,302.464,0.99,0.99,0.01,0.01,0.0,0.0,74747.78,1776330301000

# RESULT,winner=Up,slug=btc-updown-5m-1776330000,ticks=642
