timestamp,elapsed_sec,up_bid,up_ask,down_bid,down_ask,up_spread,down_spread,btc_price,btc_oracle_ts
1777162500.539,0.539,0.39,0.4,0.6,0.61,0.01,0.01,77571.46,1777162499000
1777162500.876,0.876,0.37,0.38,0.6,0.63,0.01,0.03,77571.46,1777162499000
1777162501.268,1.268,0.37,0.4,0.6,0.63,0.03,0.03,77573.99,1777162500000
1777162501.637,1.637,0.38,0.39,0.61,0.62,0.01,0.01,77573.99,1777162500000
1777162502.031,2.031,0.35,0.39,0.61,0.62,0.04,0.01,77573.99,1777162500000
1777162502.369,2.369,0.38,0.39,0.61,0.62,0.01,0.01,77573.99,1777162500000
1777162502.939,2.939,0.35,0.37,0.63,0.64,0.02,0.01,77566.1,1777162501000
1777162503.514,3.514,0.35,0.36,0.64,0.65,0.01,0.01,77562.41,1777162502000
1777162503.912,3.912,0.35,0.36,0.64,0.65,0.01,0.01,77562.41,1777162502000
1777162504.31,4.31,0.35,0.36,0.64,0.65,0.01,0.01,77562.3,1777162503000
1777162504.66,4.66,0.32,0.35,0.65,0.68,0.03,0.03,77562.3,1777162503000
1777162505.078,5.078,0.31,0.32,0.68,0.69,0.01,0.01,77562.3,1777162503000
1777162505.457,5.457,0.32,0.33,0.67,0.68,0.01,0.01,77561.12,1777162504000
1777162505.818,5.818,0.32,0.33,0.67,0.68,0.01,0.01,77561.12,1777162504000
1777162506.258,6.258,0.32,0.33,0.67,0.68,0.01,0.01,77560.52,1777162505000
1777162506.689,6.689,0.32,0.33,0.67,0.68,0.01,0.01,77560.52,1777162505000
1777162507.037,7.037,0.32,0.33,0.67,0.68,0.01,0.01,77560.52,1777162505000
1777162507.407,7.407,0.32,0.33,0.67,0.68,0.01,0.01,77555.84,1777162506000
1777162507.911,7.911,0.32,0.33,0.67,0.68,0.01,0.01,77555.84,1777162506000
1777162508.298,8.298,0.32,0.33,0.67,0.68,0.01,0.01,77555.4,1777162507000
1777162508.65,8.65,0.31,0.32,0.68,0.69,0.01,0.01,77555.4,1777162507000
1777162509.052,9.052,0.3,0.31,0.68,0.7,0.01,0.02,77555.4,1777162507000
1777162509.388,9.388,0.3,0.31,0.69,0.7,0.01,0.01,77555.38,1777162508000
1777162509.757,9.757,0.3,0.31,0.69,0.7,0.01,0.01,77555.38,1777162508000
1777162510.145,10.145,0.3,0.31,0.69,0.7,0.01,0.01,77555.38,1777162508000
1777162510.494,10.494,0.3,0.31,0.69,0.7,0.01,0.01,77555.38,1777162509000
1777162510.879,10.879,0.3,0.31,0.69,0.7,0.01,0.01,77555.38,1777162510000
1777162511.315,11.315,0.3,0.31,0.69,0.7,0.01,0.01,77555.38,1777162510000
1777162511.763,11.763,0.3,0.31,0.69,0.7,0.01,0.01,77555.38,1777162510000
1777162512.549,12.549,0.3,0.31,0.69,0.7,0.01,0.01,77555.26,1777162511000
1777162513.086,13.086,0.26,0.31,0.69,0.74,0.05,0.05,77554.59,1777162512000
1777162513.525,13.525,0.27,0.29,0.69,0.74,0.02,0.05,77554.59,1777162512000
1777162513.874,13.874,0.28,0.29,0.71,0.72,0.01,0.01,77554.59,1777162512000
1777162514.317,14.317,0.28,0.29,0.71,0.72,0.01,0.01,77552.56,1777162513000
1777162514.664,14.664,0.25,0.26,0.74,0.75,0.01,0.01,77552.56,1777162513000
1777162515.035,15.035,0.25,0.27,0.74,0.75,0.02,0.01,77550.9,1777162514000
1777162515.463,15.463,0.26,0.3,0.73,0.74,0.04,0.01,77550.9,1777162514000
1777162515.8,15.8,0.26,0.27,0.73,0.74,0.01,0.01,77550.9,1777162514000
1777162516.352,16.352,0.28,0.29,0.71,0.73,0.01,0.02,77549.64,1777162515000
1777162516.717,16.717,0.27,0.28,0.72,0.73,0.01,0.01,77549.64,1777162515000
1777162517.17,17.17,0.29,0.3,0.7,0.71,0.01,0.01,77549.64,1777162515000
1777162517.6,17.6,0.29,0.3,0.7,0.71,0.01,0.01,77549.56,1777162516000
1777162518.399,18.399,0.28,0.29,0.71,0.72,0.01,0.01,77549.56,1777162517000
1777162518.751,18.751,0.26,0.29,0.71,0.76,0.03,0.05,77549.56,1777162517000
1777162519.244,19.244,0.22,0.28,0.72,0.78,0.06,0.06,77549.4,1777162518000
1777162519.65,19.65,0.22,0.26,0.72,0.78,0.04,0.06,77549.4,1777162518000
1777162520.147,20.147,0.23,0.24,0.76,0.77,0.01,0.01,77546.67,1777162519000
1777162520.491,20.491,0.21,0.23,0.76,0.79,0.02,0.03,77546.67,1777162519000
1777162520.827,20.827,0.21,0.23,0.77,0.79,0.02,0.02,77546.67,1777162519000
1777162521.275,21.275,0.21,0.22,0.78,0.79,0.01,0.01,77546.67,1777162519000
1777162521.653,21.653,0.21,0.22,0.78,0.79,0.01,0.01,77545.37,1777162520000
1777162521.994,21.994,0.22,0.23,0.77,0.78,0.01,0.01,77545.37,1777162520000
1777162522.337,22.337,0.22,0.23,0.77,0.78,0.01,0.01,77544.15,1777162521000
1777162522.682,22.682,0.22,0.23,0.77,0.78,0.01,0.01,77544.15,1777162521000
1777162523.126,23.126,0.22,0.23,0.77,0.78,0.01,0.01,77541.81,1777162522000
1777162523.798,23.798,0.21,0.22,0.78,0.79,0.01,0.01,77541.81,1777162522000
1777162524.145,24.145,0.21,0.22,0.78,0.79,0.01,0.01,77541.43,1777162523000
1777162524.687,24.687,0.2,0.22,0.78,0.79,0.02,0.01,77541.43,1777162523000
1777162525.121,25.121,0.2,0.21,0.79,0.8,0.01,0.01,77541.54,1777162524000
1777162525.516,25.516,0.2,0.21,0.79,0.8,0.01,0.01,77541.54,1777162524000
1777162525.916,25.916,0.2,0.22,0.78,0.8,0.02,0.02,77541.54,1777162524000
1777162526.393,26.393,0.2,0.21,0.78,0.8,0.01,0.02,77541.71,1777162525000
1777162526.853,26.853,0.21,0.22,0.78,0.79,0.01,0.01,77541.71,1777162525000
1777162527.195,27.195,0.21,0.22,0.78,0.79,0.01,0.01,77541.51,1777162526000
1777162527.58,27.58,0.2,0.21,0.78,0.8,0.01,0.02,77541.51,1777162526000
1777162528.02,28.02,0.2,0.22,0.79,0.8,0.02,0.01,77541.51,1777162526000
1777162528.396,28.396,0.21,0.22,0.78,0.79,0.01,0.01,77541.51,1777162527000
1777162528.818,28.818,0.21,0.22,0.78,0.79,0.01,0.01,77541.51,1777162527000
1777162529.175,29.175,0.21,0.22,0.78,0.79,0.01,0.01,77541.51,1777162527000
1777162529.545,29.545,0.24,0.25,0.75,0.77,0.01,0.02,77541.36,1777162528000
1777162530.516,30.516,0.24,0.25,0.75,0.76,0.01,0.01,77541.36,1777162528000
1777162530.885,30.885,0.23,0.24,0.75,0.77,0.01,0.02,77541.41,1777162529000
1777162531.273,31.273,0.23,0.24,0.76,0.77,0.01,0.01,77541.41,1777162530000
1777162531.679,31.679,0.23,0.24,0.76,0.77,0.01,0.01,77541.41,1777162530000
1777162532.029,32.029,0.22,0.23,0.77,0.78,0.01,0.01,77541.41,1777162530000
1777162532.413,32.413,0.22,0.23,0.77,0.78,0.01,0.01,77543.31,1777162531000
1777162532.898,32.898,0.22,0.23,0.77,0.78,0.01,0.01,77543.31,1777162531000
1777162533.261,33.261,0.22,0.23,0.77,0.78,0.01,0.01,77543.31,1777162532000
1777162533.746,33.746,0.22,0.23,0.77,0.78,0.01,0.01,77543.31,1777162532000
1777162534.095,34.095,0.21,0.23,0.77,0.79,0.02,0.02,77543.31,1777162532000
1777162534.462,34.462,0.21,0.22,0.78,0.79,0.01,0.01,77543.31,1777162533000
1777162534.865,34.865,0.21,0.22,0.78,0.79,0.01,0.01,77543.31,1777162533000
1777162535.202,35.202,0.21,0.22,0.78,0.79,0.01,0.01,77542.94,1777162534000
1777162535.539,35.539,0.21,0.22,0.78,0.79,0.01,0.01,77542.94,1777162534000
1777162535.886,35.886,0.21,0.24,0.78,0.79,0.03,0.01,77542.94,1777162534000
1777162536.237,36.237,0.2,0.22,0.78,0.79,0.02,0.01,77542.94,1777162534000
1777162536.591,36.591,0.2,0.21,0.79,0.8,0.01,0.01,77541.69,1777162535000
1777162536.925,36.925,0.17,0.18,0.82,0.83,0.01,0.01,77541.69,1777162535000
1777162537.291,37.291,0.16,0.18,0.82,0.84,0.02,0.02,77541.69,1777162535000
1777162537.624,37.624,0.15,0.18,0.82,0.83,0.03,0.01,77541.34,1777162536000
1777162537.999,37.999,0.17,0.18,0.82,0.83,0.01,0.01,77538.78,1777162537000
1777162538.373,38.373,0.17,0.18,0.8,0.84,0.01,0.04,77538.78,1777162537000
1777162538.737,38.737,0.17,0.18,0.82,0.83,0.01,0.01,77538.78,1777162537000
1777162539.079,39.079,0.15,0.19,0.81,0.82,0.04,0.01,77538.78,1777162537000
1777162539.494,39.494,0.15,0.21,0.79,0.85,0.06,0.06,77535.64,1777162538000
1777162539.92,39.92,0.17,0.18,0.8,0.85,0.01,0.05,77535.64,1777162538000
1777162540.292,40.292,0.17,0.21,0.82,0.83,0.04,0.01,77535.64,1777162538000
1777162540.689,40.689,0.18,0.23,0.79,0.86,0.05,0.07,77532.23,1777162539000
1777162541.048,41.048,0.22,0.24,0.76,0.78,0.02,0.02,77533.11,1777162540000
1777162541.439,41.439,0.22,0.24,0.74,0.77,0.02,0.03,77533.11,1777162540000
1777162541.891,41.891,0.23,0.24,0.76,0.77,0.01,0.01,77533.11,1777162540000
1777162542.501,42.501,0.23,0.24,0.76,0.77,0.01,0.01,77540.06,1777162541000
1777162542.842,42.842,0.22,0.24,0.76,0.77,0.02,0.01,77540.06,1777162541000
1777162543.345,43.345,0.22,0.24,0.76,0.78,0.02,0.02,77542.25,1777162542000
1777162543.689,43.689,0.22,0.23,0.77,0.78,0.01,0.01,77542.25,1777162542000
1777162544.075,44.075,0.21,0.23,0.77,0.78,0.02,0.01,77542.25,1777162542000
1777162544.446,44.446,0.21,0.22,0.78,0.79,0.01,0.01,77542.25,1777162542000
1777162544.839,44.839,0.19,0.25,0.78,0.81,0.06,0.03,77542.33,1777162543000
1777162545.221,45.221,0.23,0.24,0.75,0.81,0.01,0.06,77542.33,1777162543000
1777162545.579,45.579,0.23,0.24,0.76,0.77,0.01,0.01,77542.33,1777162543000
1777162546.02,46.02,0.22,0.23,0.77,0.78,0.01,0.01,77542.34,1777162544000
1777162546.837,46.837,0.21,0.22,0.78,0.79,0.01,0.01,77542.34,1777162545000
1777162547.421,47.421,0.21,0.22,0.78,0.79,0.01,0.01,77542.22,1777162546000
1777162547.814,47.814,0.21,0.22,0.78,0.79,0.01,0.01,77542.22,1777162546000
1777162548.157,48.157,0.2,0.22,0.78,0.79,0.02,0.01,77542.15,1777162547000
1777162548.623,48.623,0.18,0.19,0.8,0.82,0.01,0.02,77542.15,1777162547000
1777162549.093,49.093,0.17,0.18,0.81,0.82,0.01,0.01,77542.15,1777162547000
1777162549.68,49.68,0.17,0.18,0.82,0.83,0.01,0.01,77542.15,1777162548000
1777162550.323,50.323,0.17,0.18,0.82,0.83,0.01,0.01,77538.87,1777162549000
1777162550.939,50.939,0.2,0.21,0.8,0.83,0.01,0.03,77538.87,1777162549000
1777162551.527,51.527,0.2,0.21,0.79,0.8,0.01,0.01,77537.58,1777162550000
1777162552.011,52.011,0.22,0.23,0.77,0.8,0.01,0.03,77537.58,1777162550000
1777162552.466,52.466,0.2,0.23,0.77,0.78,0.03,0.01,77537.49,1777162551000
1777162552.824,52.824,0.2,0.21,0.79,0.8,0.01,0.01,77537.49,1777162551000
1777162553.867,53.867,0.2,0.21,0.79,0.8,0.01,0.01,77537.74,1777162552000
1777162554.27,54.27,0.2,0.21,0.79,0.8,0.01,0.01,77537.74,1777162552000
1777162554.724,54.724,0.2,0.21,0.79,0.8,0.01,0.01,77538.04,1777162553000
1777162555.458,55.458,0.2,0.21,0.79,0.81,0.01,0.02,77538.04,1777162553000
1777162555.809,55.809,0.2,0.21,0.79,0.8,0.01,0.01,77537.85,1777162554000
1777162556.183,56.183,0.2,0.21,0.79,0.8,0.01,0.01,77537.85,1777162555000
1777162556.579,56.579,0.2,0.21,0.79,0.8,0.01,0.01,77537.85,1777162555000
1777162557.094,57.094,0.2,0.21,0.79,0.8,0.01,0.01,77537.86,1777162556000
1777162557.458,57.458,0.2,0.21,0.79,0.8,0.01,0.01,77537.86,1777162556000
1777162557.804,57.804,0.21,0.22,0.78,0.79,0.01,0.01,77537.86,1777162556000
1777162558.251,58.251,0.21,0.22,0.78,0.79,0.01,0.01,77537.74,1777162557000
1777162558.642,58.642,0.21,0.22,0.78,0.79,0.01,0.01,77537.74,1777162557000
1777162559.0,59.0,0.21,0.22,0.78,0.79,0.01,0.01,77537.74,1777162557000
1777162559.43,59.43,0.21,0.24,0.78,0.79,0.03,0.01,77537.72,1777162558000
1777162559.825,59.825,0.23,0.24,0.76,0.79,0.01,0.03,77537.72,1777162558000
1777162560.333,60.333,0.23,0.24,0.76,0.77,0.01,0.01,77537.72,1777162559000
1777162560.68,60.68,0.23,0.24,0.76,0.77,0.01,0.01,77537.72,1777162559000
1777162561.024,61.024,0.23,0.24,0.76,0.77,0.01,0.01,77537.72,1777162559000
1777162561.453,61.453,0.23,0.24,0.76,0.77,0.01,0.01,77537.71,1777162560000
1777162561.884,61.884,0.23,0.24,0.76,0.77,0.01,0.01,77537.71,1777162560000
1777162562.328,62.328,0.23,0.24,0.76,0.77,0.01,0.01,77537.71,1777162560000
1777162562.835,62.835,0.23,0.24,0.76,0.77,0.01,0.01,77537.91,1777162561000
1777162563.262,63.262,0.23,0.24,0.76,0.77,0.01,0.01,77537.26,1777162562000
1777162563.715,63.715,0.23,0.24,0.76,0.77,0.01,0.01,77537.26,1777162562000
1777162564.152,64.152,0.22,0.23,0.76,0.78,0.01,0.02,77537.26,1777162563000
1777162564.577,64.577,0.21,0.22,0.78,0.79,0.01,0.01,77537.26,1777162563000
1777162564.947,64.947,0.21,0.22,0.78,0.79,0.01,0.01,77537.27,1777162564000
1777162565.305,65.305,0.21,0.22,0.78,0.79,0.01,0.01,77537.27,1777162564000
1777162565.773,65.773,0.17,0.18,0.79,0.84,0.01,0.05,77537.27,1777162564000
1777162566.208,66.208,0.16,0.17,0.83,0.84,0.01,0.01,77537.56,1777162565000
1777162566.583,66.583,0.16,0.17,0.83,0.84,0.01,0.01,77537.56,1777162565000
1777162567.024,67.024,0.16,0.17,0.83,0.84,0.01,0.01,77535.21,1777162566000
1777162567.371,67.371,0.16,0.17,0.83,0.84,0.01,0.01,77535.21,1777162566000
1777162567.713,67.713,0.16,0.17,0.83,0.84,0.01,0.01,77535.21,1777162566000
1777162568.166,68.166,0.16,0.17,0.83,0.84,0.01,0.01,77535.21,1777162566000
1777162568.785,68.785,0.15,0.19,0.83,0.84,0.04,0.01,77533.01,1777162567000
1777162569.123,69.123,0.15,0.16,0.84,0.85,0.01,0.01,77530.17,1777162568000
1777162569.517,69.517,0.14,0.15,0.84,0.86,0.01,0.02,77530.17,1777162568000
1777162569.911,69.911,0.12,0.13,0.87,0.88,0.01,0.01,77530.17,1777162568000
1777162570.291,70.291,0.15,0.16,0.84,0.87,0.01,0.03,77530.17,1777162569000
1777162570.703,70.703,0.16,0.17,0.84,0.85,0.01,0.01,77530.17,1777162569000
1777162571.334,71.334,0.12,0.13,0.87,0.88,0.01,0.01,77523.76,1777162570000
1777162571.79,71.79,0.13,0.14,0.86,0.87,0.01,0.01,77523.76,1777162570000
1777162572.171,72.171,0.11,0.12,0.88,0.89,0.01,0.01,77520.35,1777162571000
1777162572.511,72.511,0.11,0.12,0.88,0.89,0.01,0.01,77520.35,1777162571000
1777162572.874,72.874,0.11,0.12,0.88,0.89,0.01,0.01,77520.35,1777162571000
1777162573.492,73.492,0.11,0.13,0.87,0.89,0.02,0.02,77519.59,1777162572000
1777162573.984,73.984,0.12,0.14,0.87,0.89,0.02,0.02,77519.59,1777162572000
1777162574.323,74.323,0.12,0.15,0.85,0.88,0.03,0.03,77517.77,1777162573000
1777162574.666,74.666,0.12,0.13,0.87,0.88,0.01,0.01,77517.77,1777162573000
1777162575.044,75.044,0.13,0.14,0.86,0.87,0.01,0.01,77517.38,1777162574000
1777162575.59,75.59,0.12,0.14,0.86,0.87,0.02,0.01,77517.38,1777162574000
1777162575.937,75.937,0.12,0.14,0.87,0.88,0.02,0.01,77517.38,1777162574000
1777162576.274,76.274,0.11,0.12,0.88,0.89,0.01,0.01,77517.38,1777162574000
1777162576.668,76.668,0.12,0.13,0.87,0.89,0.01,0.02,77517.38,1777162574000
1777162577.28,77.28,0.11,0.13,0.86,0.88,0.02,0.02,77517.38,1777162575000
1777162577.704,77.704,0.1,0.11,0.87,0.9,0.01,0.03,77516.68,1777162576000
1777162578.268,78.268,0.09,0.1,0.9,0.91,0.01,0.01,77516.68,1777162576000
1777162578.912,78.912,0.08,0.09,0.9,0.92,0.01,0.02,77517,1777162577000
1777162579.324,79.324,0.06,0.07,0.93,0.94,0.01,0.01,77517,1777162578000
1777162579.894,79.894,0.06,0.07,0.93,0.94,0.01,0.01,77517,1777162578000
1777162580.298,80.298,0.06,0.07,0.93,0.94,0.01,0.01,77517,1777162578000
1777162580.638,80.638,0.06,0.07,0.93,0.94,0.01,0.01,77513.96,1777162579000
1777162581.16,81.16,0.06,0.07,0.93,0.94,0.01,0.01,77513.96,1777162579000
1777162581.511,81.511,0.06,0.07,0.93,0.94,0.01,0.01,77513.96,1777162579000
1777162581.978,81.978,0.06,0.07,0.93,0.94,0.01,0.01,77513.41,1777162580000
1777162582.577,82.577,0.06,0.07,0.93,0.94,0.01,0.01,77513.41,1777162580000
1777162583.052,83.052,0.08,0.09,0.91,0.92,0.01,0.01,77513.26,1777162581000
1777162583.525,83.525,0.08,0.09,0.91,0.92,0.01,0.01,77513.26,1777162581000
1777162583.917,83.917,0.08,0.09,0.91,0.92,0.01,0.01,77513.01,1777162582000
1777162584.35,84.35,0.08,0.09,0.91,0.92,0.01,0.01,77513.01,1777162582000
1777162584.707,84.707,0.08,0.1,0.91,0.92,0.02,0.01,77513.08,1777162583000
1777162585.111,85.111,0.09,0.1,0.9,0.91,0.01,0.01,77513.08,1777162583000
1777162585.553,85.553,0.09,0.1,0.9,0.91,0.01,0.01,77513.08,1777162583000
1777162586.033,86.033,0.09,0.1,0.9,0.91,0.01,0.01,77512.12,1777162584000
1777162587.095,87.095,0.08,0.09,0.9,0.91,0.01,0.01,77512.57,1777162585000
1777162587.835,87.835,0.08,0.09,0.91,0.92,0.01,0.01,77512.72,1777162586000
1777162588.224,88.224,0.08,0.09,0.91,0.92,0.01,0.01,77512.72,1777162586000
1777162588.568,88.568,0.08,0.09,0.91,0.92,0.01,0.01,77512.86,1777162587000
1777162588.928,88.928,0.08,0.09,0.91,0.92,0.01,0.01,77512.86,1777162587000
1777162589.312,89.312,0.08,0.09,0.91,0.92,0.01,0.01,77512.86,1777162587000
1777162589.714,89.714,0.09,0.1,0.9,0.92,0.01,0.02,77512.86,1777162588000
1777162590.442,90.442,0.07,0.08,0.9,0.93,0.01,0.03,77512.75,1777162589000
1777162590.808,90.808,0.1,0.11,0.89,0.9,0.01,0.01,77512.75,1777162589000
1777162591.23,91.23,0.1,0.11,0.89,0.9,0.01,0.01,77512.71,1777162590000
1777162591.824,91.824,0.1,0.11,0.89,0.9,0.01,0.01,77512.71,1777162590000
1777162592.201,92.201,0.1,0.11,0.89,0.9,0.01,0.01,77512.71,1777162590000
1777162592.678,92.678,0.1,0.11,0.89,0.9,0.01,0.01,77512.94,1777162591000
1777162593.035,93.035,0.1,0.11,0.89,0.9,0.01,0.01,77512.94,1777162591000
1777162594.25,94.25,0.1,0.11,0.89,0.9,0.01,0.01,77512.94,1777162592000
1777162594.729,94.729,0.1,0.11,0.89,0.9,0.01,0.01,77512.88,1777162593000
1777162595.137,95.137,0.1,0.11,0.89,0.9,0.01,0.01,77510.85,1777162594000
1777162595.56,95.56,0.1,0.11,0.89,0.9,0.01,0.01,77510.85,1777162594000
1777162596.408,96.408,0.1,0.11,0.89,0.9,0.01,0.01,77510.82,1777162595000
1777162597.006,97.006,0.1,0.11,0.89,0.9,0.01,0.01,77511.99,1777162596000
1777162597.522,97.522,0.1,0.11,0.89,0.9,0.01,0.01,77511.99,1777162596000
1777162598.204,98.204,0.1,0.11,0.89,0.9,0.01,0.01,77511.01,1777162597000
1777162598.539,98.539,0.1,0.11,0.89,0.9,0.01,0.01,77511.01,1777162597000
1777162598.873,98.873,0.1,0.11,0.89,0.9,0.01,0.01,77511.01,1777162597000
1777162599.236,99.236,0.1,0.11,0.89,0.9,0.01,0.01,77511.01,1777162597000
1777162599.674,99.674,0.09,0.1,0.9,0.91,0.01,0.01,77510.99,1777162598000
1777162600.572,100.572,0.1,0.11,0.89,0.9,0.01,0.01,77512.89,1777162599000
1777162600.906,100.906,0.09,0.1,0.9,0.91,0.01,0.01,77512.89,1777162599000
1777162601.552,101.552,0.09,0.1,0.9,0.91,0.01,0.01,77515.46,1777162600000
1777162601.921,101.921,0.09,0.11,0.89,0.9,0.02,0.01,77515.46,1777162600000
1777162602.434,102.434,0.09,0.1,0.9,0.91,0.01,0.01,77514.79,1777162601000
1777162602.798,102.798,0.09,0.1,0.9,0.91,0.01,0.01,77514.79,1777162601000
1777162603.246,103.246,0.09,0.11,0.9,0.91,0.02,0.01,77514.79,1777162601000
1777162603.675,103.675,0.1,0.11,0.89,0.9,0.01,0.01,77514.79,1777162602000
1777162604.008,104.008,0.1,0.11,0.89,0.9,0.01,0.01,77514.79,1777162602000
1777162604.722,104.722,0.09,0.1,0.89,0.91,0.01,0.02,77514.79,1777162603000
1777162605.085,105.085,0.09,0.1,0.9,0.91,0.01,0.01,77514.79,1777162603000
1777162605.615,105.615,0.09,0.1,0.9,0.91,0.01,0.01,77514.79,1777162604000
1777162606.166,106.166,0.1,0.12,0.89,0.9,0.02,0.01,77514.79,1777162604000
1777162606.499,106.499,0.11,0.12,0.88,0.89,0.01,0.01,77514.79,1777162605000
1777162607.174,107.174,0.09,0.1,0.9,0.91,0.01,0.01,77514.79,1777162605000
1777162607.616,107.616,0.1,0.11,0.9,0.91,0.01,0.01,77514.79,1777162605000
1777162607.983,107.983,0.1,0.12,0.88,0.89,0.02,0.01,77514.33,1777162606000
1777162608.366,108.366,0.11,0.12,0.88,0.89,0.01,0.01,77514.33,1777162606000
1777162608.771,108.771,0.11,0.12,0.88,0.89,0.01,0.01,77513.96,1777162607000
1777162609.317,109.317,0.1,0.11,0.89,0.9,0.01,0.01,77513.96,1777162607000
1777162609.827,109.827,0.1,0.11,0.89,0.9,0.01,0.01,77513.57,1777162608000
1777162610.359,110.359,0.1,0.11,0.89,0.9,0.01,0.01,77513.57,1777162609000
1777162610.72,110.72,0.1,0.11,0.89,0.9,0.01,0.01,77513.57,1777162609000
1777162611.213,111.213,0.1,0.11,0.89,0.9,0.01,0.01,77513.19,1777162610000
1777162611.557,111.557,0.1,0.11,0.89,0.9,0.01,0.01,77513.19,1777162610000
1777162612.289,112.289,0.1,0.11,0.89,0.9,0.01,0.01,77513.19,1777162610000
1777162612.785,112.785,0.1,0.11,0.89,0.9,0.01,0.01,77513.0,1777162611000
1777162613.351,113.351,0.1,0.11,0.89,0.9,0.01,0.01,77513.0,1777162612000
1777162613.786,113.786,0.1,0.11,0.89,0.9,0.01,0.01,77513.0,1777162612000
1777162614.127,114.127,0.11,0.12,0.88,0.89,0.01,0.01,77513.0,1777162612000
1777162614.838,114.838,0.11,0.12,0.88,0.89,0.01,0.01,77513.0,1777162613000
1777162615.36,115.36,0.11,0.12,0.88,0.89,0.01,0.01,77514.48,1777162614000
1777162615.698,115.698,0.11,0.13,0.88,0.89,0.02,0.01,77514.48,1777162614000
1777162616.073,116.073,0.12,0.13,0.87,0.89,0.01,0.02,77514.61,1777162615000
1777162616.453,116.453,0.12,0.13,0.87,0.88,0.01,0.01,77514.61,1777162615000
1777162616.832,116.832,0.12,0.13,0.87,0.88,0.01,0.01,77514.61,1777162615000
1777162617.275,117.275,0.12,0.13,0.87,0.88,0.01,0.01,77514.76,1777162616000
1777162618.156,118.156,0.12,0.13,0.87,0.88,0.01,0.01,77514.76,1777162616000
1777162618.565,118.565,0.12,0.13,0.87,0.88,0.01,0.01,77514.76,1777162617000
1777162619.094,119.094,0.12,0.13,0.87,0.88,0.01,0.01,77514.76,1777162617000
1777162619.456,119.456,0.12,0.13,0.87,0.88,0.01,0.01,77514.76,1777162617000
1777162619.824,119.824,0.12,0.13,0.87,0.88,0.01,0.01,77514.7,1777162618000
1777162620.194,120.194,0.12,0.13,0.87,0.88,0.01,0.01,77514.66,1777162619000
1777162620.541,120.541,0.12,0.13,0.87,0.88,0.01,0.01,77514.66,1777162619000
1777162620.901,120.901,0.12,0.13,0.87,0.88,0.01,0.01,77514.66,1777162619000
1777162621.45,121.45,0.12,0.13,0.87,0.88,0.01,0.01,77514.66,1777162620000
1777162621.867,121.867,0.12,0.13,0.87,0.88,0.01,0.01,77514.66,1777162620000
1777162622.213,122.213,0.12,0.15,0.85,0.88,0.03,0.03,77514.66,1777162620000
1777162622.596,122.596,0.13,0.16,0.84,0.87,0.03,0.03,77514.65,1777162621000
1777162623.276,123.276,0.13,0.14,0.86,0.87,0.01,0.01,77520.44,1777162622000
1777162623.631,123.631,0.13,0.14,0.86,0.87,0.01,0.01,77520.44,1777162622000
1777162624.09,124.09,0.13,0.16,0.86,0.87,0.03,0.01,77520.44,1777162622000
1777162624.56,124.56,0.14,0.15,0.85,0.86,0.01,0.01,77524.63,1777162623000
1777162624.983,124.983,0.15,0.16,0.84,0.85,0.01,0.01,77524.63,1777162623000
1777162625.75,125.75,0.15,0.16,0.84,0.85,0.01,0.01,77524.67,1777162624000
1777162626.226,126.226,0.15,0.16,0.84,0.85,0.01,0.01,77524.93,1777162625000
1777162626.585,126.585,0.14,0.15,0.84,0.85,0.01,0.01,77524.93,1777162625000
1777162627.267,127.267,0.12,0.13,0.87,0.88,0.01,0.01,77524.93,1777162625000
1777162627.814,127.814,0.12,0.13,0.87,0.88,0.01,0.01,77525.02,1777162626000
1777162628.16,128.16,0.13,0.14,0.86,0.87,0.01,0.01,77525.02,1777162626000
1777162628.798,128.798,0.12,0.14,0.86,0.87,0.02,0.01,77525.12,1777162627000
1777162629.199,129.199,0.12,0.13,0.87,0.88,0.01,0.01,77525.12,1777162628000
1777162629.762,129.762,0.11,0.12,0.88,0.89,0.01,0.01,77525.12,1777162628000
1777162630.469,130.469,0.11,0.12,0.88,0.89,0.01,0.01,77525.11,1777162629000
1777162630.806,130.806,0.11,0.13,0.87,0.89,0.02,0.02,77525.11,1777162629000
1777162631.439,131.439,0.12,0.2,0.87,0.88,0.08,0.01,77525.11,1777162629000
1777162631.876,131.876,0.14,0.15,0.84,0.88,0.01,0.04,77525.11,1777162630000
1777162632.22,132.22,0.14,0.15,0.85,0.86,0.01,0.01,77525.12,1777162631000
1777162632.793,132.793,0.14,0.15,0.85,0.86,0.01,0.01,77525.12,1777162631000
1777162633.227,133.227,0.14,0.15,0.85,0.86,0.01,0.01,77525.12,1777162632000
1777162633.658,133.658,0.14,0.15,0.85,0.86,0.01,0.01,77525.12,1777162632000
1777162633.997,133.997,0.13,0.14,0.86,0.87,0.01,0.01,77525.12,1777162632000
1777162634.629,134.629,0.12,0.13,0.87,0.88,0.01,0.01,77525.12,1777162633000
1777162635.175,135.175,0.12,0.13,0.87,0.88,0.01,0.01,77525.54,1777162634000
1777162635.518,135.518,0.12,0.13,0.87,0.88,0.01,0.01,77525.54,1777162634000
1777162636.063,136.063,0.14,0.15,0.86,0.87,0.01,0.01,77525.54,1777162634000
1777162636.433,136.433,0.14,0.15,0.85,0.86,0.01,0.01,77524.45,1777162635000
1777162636.812,136.812,0.14,0.15,0.85,0.86,0.01,0.01,77524.45,1777162635000
1777162637.515,137.515,0.14,0.15,0.85,0.86,0.01,0.01,77524.22,1777162636000
1777162637.964,137.964,0.13,0.17,0.85,0.87,0.04,0.02,77524.22,1777162636000
1777162638.419,138.419,0.15,0.16,0.84,0.85,0.01,0.01,77524.22,1777162637000
1777162638.826,138.826,0.15,0.16,0.84,0.85,0.01,0.01,77524.22,1777162637000
1777162639.174,139.174,0.15,0.16,0.84,0.85,0.01,0.01,77524.12,1777162638000
1777162639.928,139.928,0.15,0.16,0.84,0.85,0.01,0.01,77524.12,1777162638000
1777162640.262,140.262,0.15,0.16,0.84,0.85,0.01,0.01,77524.12,1777162638000
1777162640.805,140.805,0.15,0.16,0.84,0.85,0.01,0.01,77524.08,1777162639000
1777162641.342,141.342,0.13,0.16,0.84,0.87,0.03,0.03,77524.18,1777162640000
1777162641.707,141.707,0.13,0.14,0.86,0.87,0.01,0.01,77524.18,1777162640000
1777162642.043,142.043,0.13,0.14,0.86,0.87,0.01,0.01,77524.22,1777162641000
1777162642.593,142.593,0.13,0.14,0.86,0.87,0.01,0.01,77524.22,1777162641000
1777162642.927,142.927,0.13,0.14,0.86,0.87,0.01,0.01,77524.22,1777162641000
1777162643.455,143.455,0.12,0.13,0.86,0.87,0.01,0.01,77525.13,1777162642000
1777162643.852,143.852,0.12,0.13,0.87,0.88,0.01,0.01,77525.13,1777162642000
1777162644.472,144.472,0.12,0.13,0.87,0.88,0.01,0.01,77525.13,1777162643000
1777162644.937,144.937,0.12,0.13,0.87,0.88,0.01,0.01,77525.13,1777162643000
1777162645.334,145.334,0.12,0.13,0.87,0.88,0.01,0.01,77525.13,1777162644000
1777162645.849,145.849,0.12,0.13,0.87,0.88,0.01,0.01,77525.13,1777162644000
1777162646.262,146.262,0.12,0.13,0.87,0.88,0.01,0.01,77525.13,1777162645000
1777162646.611,146.611,0.12,0.13,0.87,0.88,0.01,0.01,77525.13,1777162645000
1777162647.343,147.343,0.1,0.13,0.87,0.88,0.03,0.01,77525.13,1777162645000
1777162647.914,147.914,0.1,0.11,0.89,0.9,0.01,0.01,77525.14,1777162646000
1777162648.324,148.324,0.1,0.12,0.89,0.9,0.02,0.01,77525.12,1777162647000
1777162648.747,148.747,0.11,0.12,0.88,0.89,0.01,0.01,77525.12,1777162647000
1777162649.343,149.343,0.11,0.12,0.88,0.89,0.01,0.01,77525.12,1777162648000
1777162649.92,149.92,0.11,0.12,0.88,0.89,0.01,0.01,77525.12,1777162648000
1777162650.309,150.309,0.11,0.12,0.88,0.89,0.01,0.01,77525.12,1777162649000
1777162650.662,150.662,0.11,0.13,0.87,0.89,0.02,0.02,77525.12,1777162649000
1777162651.088,151.088,0.14,0.15,0.85,0.86,0.01,0.01,77525.12,1777162649000
1777162651.9,151.9,0.11,0.12,0.88,0.89,0.01,0.01,77525.12,1777162650000
1777162652.296,152.296,0.11,0.13,0.87,0.89,0.02,0.02,77525.12,1777162651000
1777162652.658,152.658,0.14,0.15,0.85,0.86,0.01,0.01,77525.12,1777162651000
1777162652.999,152.999,0.14,0.15,0.85,0.86,0.01,0.01,77525.12,1777162651000
1777162653.352,153.352,0.14,0.15,0.85,0.86,0.01,0.01,77525.12,1777162651000
1777162653.917,153.917,0.14,0.15,0.85,0.86,0.01,0.01,77525.73,1777162653000
1777162654.529,154.529,0.14,0.15,0.85,0.86,0.01,0.01,77525.73,1777162653000
1777162655.027,155.027,0.14,0.15,0.85,0.86,0.01,0.01,77525.73,1777162653000
1777162655.532,155.532,0.14,0.15,0.85,0.86,0.01,0.01,77525.73,1777162654000
1777162656.1,156.1,0.14,0.15,0.85,0.86,0.01,0.01,77525.73,1777162654000
1777162656.737,156.737,0.14,0.15,0.85,0.86,0.01,0.01,77525.73,1777162654000
1777162657.297,157.297,0.13,0.14,0.85,0.87,0.01,0.02,77525.29,1777162655000
1777162657.673,157.673,0.13,0.14,0.86,0.87,0.01,0.01,77525.27,1777162656000
1777162658.134,158.134,0.11,0.13,0.87,0.88,0.02,0.01,77525.27,1777162656000
1777162658.586,158.586,0.11,0.13,0.87,0.89,0.02,0.02,77525.34,1777162657000
1777162658.939,158.939,0.11,0.12,0.88,0.89,0.01,0.01,77525.34,1777162657000
1777162659.322,159.322,0.11,0.12,0.88,0.89,0.01,0.01,77524.34,1777162658000
1777162659.727,159.727,0.13,0.14,0.86,0.88,0.01,0.02,77524.34,1777162658000
1777162660.152,160.152,0.12,0.14,0.86,0.88,0.02,0.02,77524.34,1777162658000
1777162660.631,160.631,0.11,0.12,0.87,0.89,0.01,0.02,77524.34,1777162658000
1777162661.059,161.059,0.11,0.13,0.88,0.89,0.02,0.01,77525.33,1777162659000
1777162661.429,161.429,0.12,0.13,0.87,0.88,0.01,0.01,77525.31,1777162660000
1777162661.947,161.947,0.14,0.15,0.85,0.86,0.01,0.01,77525.31,1777162660000
1777162662.324,162.324,0.14,0.15,0.85,0.86,0.01,0.01,77525.31,1777162661000
1777162662.663,162.663,0.14,0.15,0.85,0.86,0.01,0.01,77525.31,1777162661000
1777162663.23,163.23,0.14,0.15,0.85,0.86,0.01,0.01,77525.31,1777162661000
1777162663.716,163.716,0.11,0.12,0.85,0.86,0.01,0.01,77525.76,1777162662000
1777162664.167,164.167,0.11,0.12,0.88,0.89,0.01,0.01,77525.69,1777162663000
1777162664.898,164.898,0.11,0.12,0.88,0.89,0.01,0.01,77525.69,1777162663000
1777162665.275,165.275,0.11,0.12,0.88,0.89,0.01,0.01,77525.68,1777162664000
1777162665.651,165.651,0.11,0.15,0.88,0.89,0.04,0.01,77525.68,1777162664000
1777162666.477,166.477,0.13,0.14,0.85,0.88,0.01,0.03,77525.68,1777162664000
1777162667.262,167.262,0.13,0.14,0.86,0.87,0.01,0.01,77526.05,1777162666000
1777162668.371,168.371,0.13,0.14,0.86,0.87,0.01,0.01,77528.78,1777162667000
1777162669.065,169.065,0.13,0.14,0.86,0.87,0.01,0.01,77529.35,1777162668000
1777162669.502,169.502,0.13,0.14,0.86,0.87,0.01,0.01,77529.35,1777162668000
1777162670.037,170.037,0.13,0.14,0.86,0.87,0.01,0.01,77529.35,1777162668000
1777162670.424,170.424,0.13,0.14,0.86,0.87,0.01,0.01,77529.48,1777162669000
1777162670.913,170.913,0.13,0.14,0.86,0.87,0.01,0.01,77529.48,1777162669000
1777162671.402,171.402,0.13,0.14,0.86,0.87,0.01,0.01,77529.48,1777162669000
1777162671.861,171.861,0.13,0.14,0.86,0.87,0.01,0.01,77529.48,1777162669000
1777162672.868,172.868,0.12,0.13,0.86,0.87,0.01,0.01,77529.44,1777162671000
1777162673.497,173.497,0.12,0.13,0.87,0.88,0.01,0.01,77529.43,1777162672000
1777162674.092,174.092,0.12,0.13,0.87,0.88,0.01,0.01,77528.75,1777162673000
1777162674.788,174.788,0.12,0.13,0.87,0.88,0.01,0.01,77528.75,1777162673000
1777162675.297,175.297,0.12,0.13,0.87,0.88,0.01,0.01,77528.75,1777162673000
1777162675.947,175.947,0.12,0.13,0.87,0.88,0.01,0.01,77528.76,1777162675000
1777162677.085,177.085,0.12,0.13,0.87,0.88,0.01,0.01,77528.79,1777162676000
1777162677.536,177.536,0.12,0.13,0.87,0.88,0.01,0.01,77528.79,1777162676000
1777162678.235,178.235,0.12,0.13,0.87,0.88,0.01,0.01,77528.83,1777162677000
1777162678.913,178.913,0.12,0.13,0.87,0.88,0.01,0.01,77528.83,1777162677000
1777162679.34,179.34,0.12,0.13,0.87,0.88,0.01,0.01,77528.24,1777162678000
1777162679.85,179.85,0.12,0.13,0.87,0.88,0.01,0.01,77528.24,1777162678000
1777162680.496,180.496,0.12,0.13,0.87,0.88,0.01,0.01,77528.83,1777162679000
1777162680.865,180.865,0.12,0.13,0.87,0.88,0.01,0.01,77528.83,1777162679000
1777162681.199,181.199,0.11,0.12,0.88,0.89,0.01,0.01,77528.83,1777162680000
1777162681.87,181.87,0.11,0.12,0.88,0.89,0.01,0.01,77528.83,1777162680000
1777162682.331,182.331,0.11,0.12,0.88,0.89,0.01,0.01,77528.83,1777162680000
1777162682.71,182.71,0.08,0.11,0.88,0.9,0.03,0.02,77528.91,1777162681000
1777162683.08,183.08,0.1,0.11,0.89,0.9,0.01,0.01,77528.91,1777162681000
1777162683.594,183.594,0.1,0.12,0.89,0.9,0.02,0.01,77528.91,1777162682000
1777162684.192,184.192,0.1,0.11,0.88,0.9,0.01,0.02,77528.91,1777162682000
1777162685.315,185.315,0.08,0.11,0.89,0.9,0.03,0.01,77528.92,1777162683000
1777162685.741,185.741,0.08,0.09,0.91,0.92,0.01,0.01,77528.91,1777162684000
1777162686.091,186.091,0.07,0.08,0.92,0.93,0.01,0.01,77528.91,1777162684000
1777162686.459,186.459,0.07,0.08,0.92,0.93,0.01,0.01,77528.92,1777162685000
1777162686.993,186.993,0.07,0.08,0.92,0.93,0.01,0.01,77528.92,1777162685000
1777162687.462,187.462,0.07,0.08,0.92,0.93,0.01,0.01,77528.92,1777162686000
1777162687.866,187.866,0.07,0.08,0.92,0.93,0.01,0.01,77528.96,1777162687000
1777162688.507,188.507,0.07,0.08,0.92,0.93,0.01,0.01,77528.96,1777162687000
1777162689.483,189.483,0.07,0.08,0.92,0.93,0.01,0.01,77529.04,1777162688000
1777162689.861,189.861,0.07,0.08,0.92,0.93,0.01,0.01,77529.04,1777162688000
1777162690.459,190.459,0.07,0.08,0.92,0.93,0.01,0.01,77529.08,1777162689000
1777162690.83,190.83,0.06,0.07,0.93,0.94,0.01,0.01,77529.08,1777162689000
1777162691.545,191.545,0.06,0.07,0.93,0.94,0.01,0.01,77529.11,1777162690000
1777162692.173,192.173,0.06,0.07,0.93,0.94,0.01,0.01,77529.11,1777162691000
1777162692.903,192.903,0.06,0.07,0.93,0.94,0.01,0.01,77529.11,1777162691000
1777162693.432,193.432,0.06,0.07,0.93,0.94,0.01,0.01,77529.09,1777162692000
1777162693.865,193.865,0.06,0.07,0.93,0.94,0.01,0.01,77529.09,1777162692000
1777162694.739,194.739,0.08,0.09,0.91,0.92,0.01,0.01,77529.05,1777162693000
1777162695.194,195.194,0.08,0.09,0.91,0.92,0.01,0.01,77529.07,1777162694000
1777162695.899,195.899,0.09,0.1,0.9,0.91,0.01,0.01,77529.07,1777162694000
1777162696.259,196.259,0.09,0.1,0.9,0.91,0.01,0.01,77529.11,1777162695000
1777162696.624,196.624,0.09,0.1,0.9,0.91,0.01,0.01,77529.11,1777162695000
1777162697.223,197.223,0.1,0.11,0.89,0.9,0.01,0.01,77529.12,1777162696000
1777162697.871,197.871,0.1,0.11,0.89,0.9,0.01,0.01,77529.12,1777162696000
1777162699.207,199.207,0.1,0.11,0.89,0.9,0.01,0.01,77529.75,1777162698000
1777162699.567,199.567,0.1,0.11,0.89,0.9,0.01,0.01,77529.75,1777162698000
1777162700.026,200.026,0.1,0.11,0.89,0.9,0.01,0.01,77529.75,1777162698000
1777162701.139,201.139,0.1,0.11,0.89,0.9,0.01,0.01,77529.77,1777162700000
1777162701.565,201.565,0.1,0.11,0.89,0.9,0.01,0.01,77529.77,1777162700000
1777162701.962,201.962,0.1,0.11,0.89,0.9,0.01,0.01,77529.77,1777162701000
1777162702.369,202.369,0.1,0.11,0.89,0.9,0.01,0.01,77529.77,1777162701000
1777162703.018,203.018,0.1,0.11,0.89,0.9,0.01,0.01,77529.77,1777162701000
1777162703.78,203.78,0.1,0.11,0.89,0.9,0.01,0.01,77529.78,1777162702000
1777162704.867,204.867,0.1,0.11,0.89,0.9,0.01,0.01,77529.79,1777162703000
1777162705.707,205.707,0.1,0.11,0.89,0.9,0.01,0.01,77529.79,1777162704000
1777162706.111,206.111,0.1,0.11,0.89,0.9,0.01,0.01,77529.84,1777162705000
1777162706.914,206.914,0.1,0.11,0.89,0.9,0.01,0.01,77529.84,1777162705000
1777162707.273,207.273,0.1,0.11,0.89,0.9,0.01,0.01,77529.84,1777162706000
1777162708.26,208.26,0.09,0.11,0.89,0.9,0.02,0.01,77529.84,1777162706000
1777162709.255,209.255,0.09,0.1,0.9,0.91,0.01,0.01,77529.82,1777162707000
1777162709.621,209.621,0.09,0.1,0.9,0.91,0.01,0.01,77529.82,1777162708000
1777162710.355,210.355,0.09,0.1,0.9,0.91,0.01,0.01,77529.84,1777162709000
1777162710.787,210.787,0.09,0.1,0.9,0.91,0.01,0.01,77529.84,1777162709000
1777162711.287,211.287,0.07,0.08,0.92,0.93,0.01,0.01,77529.84,1777162710000
1777162711.773,211.773,0.07,0.08,0.92,0.93,0.01,0.01,77529.84,1777162710000
1777162712.388,212.388,0.06,0.07,0.93,0.94,0.01,0.01,77529.87,1777162711000
1777162712.827,212.827,0.06,0.07,0.93,0.94,0.01,0.01,77529.87,1777162711000
1777162713.207,213.207,0.06,0.07,0.93,0.94,0.01,0.01,77529.87,1777162711000
1777162713.547,213.547,0.05,0.06,0.93,0.94,0.01,0.01,77529.84,1777162712000
1777162713.89,213.89,0.05,0.06,0.94,0.95,0.01,0.01,77529.84,1777162712000
1777162714.347,214.347,0.05,0.06,0.94,0.95,0.01,0.01,77529.84,1777162712000
1777162714.862,214.862,0.05,0.06,0.94,0.95,0.01,0.01,77529.78,1777162713000
1777162715.418,215.418,0.05,0.06,0.94,0.95,0.01,0.01,77529.78,1777162713000
1777162716.232,216.232,0.05,0.06,0.94,0.95,0.01,0.01,77529.77,1777162714000
1777162717.087,217.087,0.05,0.06,0.94,0.95,0.01,0.01,77529.77,1777162716000
1777162717.487,217.487,0.05,0.06,0.94,0.95,0.01,0.01,77529.77,1777162716000
1777162717.94,217.94,0.06,0.07,0.94,0.95,0.01,0.01,77529.77,1777162716000
1777162718.583,218.583,0.06,0.07,0.93,0.94,0.01,0.01,77529.77,1777162717000
1777162719.451,219.451,0.06,0.07,0.93,0.94,0.01,0.01,77529.77,1777162717000
1777162720.227,220.227,0.06,0.07,0.93,0.94,0.01,0.01,77529.77,1777162719000
1777162720.77,220.77,0.06,0.07,0.93,0.94,0.01,0.01,77529.77,1777162719000
1777162721.195,221.195,0.06,0.07,0.93,0.94,0.01,0.01,77529.77,1777162719000
1777162721.673,221.673,0.06,0.07,0.93,0.94,0.01,0.01,77529.78,1777162720000
1777162723.036,223.036,0.06,0.07,0.93,0.94,0.01,0.01,77529.78,1777162721000
1777162723.514,223.514,0.06,0.07,0.93,0.94,0.01,0.01,77529.35,1777162722000
1777162724.115,224.115,0.06,0.07,0.93,0.94,0.01,0.01,77529.35,1777162722000
1777162725.371,225.371,0.06,0.07,0.93,0.94,0.01,0.01,77529.18,1777162723000
1777162725.956,225.956,0.06,0.07,0.93,0.94,0.01,0.01,77529.18,1777162724000
1777162726.733,226.733,0.06,0.07,0.93,0.94,0.01,0.01,77528.52,1777162725000
1777162727.243,227.243,0.06,0.07,0.93,0.94,0.01,0.01,77528.55,1777162726000
1777162727.912,227.912,0.06,0.07,0.93,0.94,0.01,0.01,77528.55,1777162726000
1777162728.482,228.482,0.06,0.07,0.93,0.94,0.01,0.01,77528.55,1777162726000
1777162729.007,229.007,0.06,0.07,0.93,0.94,0.01,0.01,77528.78,1777162728000
1777162729.458,229.458,0.06,0.07,0.93,0.94,0.01,0.01,77528.78,1777162728000
1777162730.018,230.018,0.06,0.07,0.93,0.94,0.01,0.01,77528.78,1777162728000
1777162730.463,230.463,0.06,0.07,0.93,0.94,0.01,0.01,77528.78,1777162728000
1777162730.937,230.937,0.06,0.07,0.93,0.94,0.01,0.01,77528.7,1777162729000
1777162731.552,231.552,0.06,0.07,0.93,0.94,0.01,0.01,77528.66,1777162730000
1777162732.153,232.153,0.06,0.07,0.93,0.94,0.01,0.01,77529.03,1777162731000
1777162732.743,232.743,0.06,0.07,0.93,0.94,0.01,0.01,77529.03,1777162731000
1777162733.084,233.084,0.06,0.07,0.93,0.94,0.01,0.01,77529.03,1777162731000
1777162734.518,234.518,0.06,0.07,0.93,0.94,0.01,0.01,77529.01,1777162733000
1777162734.893,234.893,0.06,0.07,0.93,0.94,0.01,0.01,77529.01,1777162733000
1777162735.415,235.415,0.06,0.07,0.93,0.94,0.01,0.01,77529.08,1777162734000
1777162736.119,236.119,0.06,0.07,0.93,0.94,0.01,0.01,77529.08,1777162734000
1777162736.847,236.847,0.06,0.07,0.93,0.94,0.01,0.01,77529.08,1777162735000
1777162737.511,237.511,0.06,0.07,0.93,0.94,0.01,0.01,77528.95,1777162736000
1777162738.224,238.224,0.06,0.07,0.93,0.94,0.01,0.01,77528.82,1777162737000
1777162738.597,238.597,0.06,0.07,0.93,0.94,0.01,0.01,77528.82,1777162737000
1777162738.943,238.943,0.06,0.07,0.93,0.94,0.01,0.01,77528.82,1777162738000
1777162739.36,239.36,0.06,0.07,0.93,0.94,0.01,0.01,77528.82,1777162738000
1777162739.983,239.983,0.06,0.07,0.93,0.94,0.01,0.01,77528.82,1777162738000
1777162740.339,240.339,0.06,0.07,0.93,0.94,0.01,0.01,77528.82,1777162738000
1777162740.695,240.695,0.06,0.07,0.93,0.94,0.01,0.01,77528.82,1777162739000
1777162741.031,241.031,0.06,0.07,0.93,0.94,0.01,0.01,77528.9,1777162740000
1777162741.37,241.37,0.06,0.07,0.93,0.94,0.01,0.01,77528.9,1777162740000
1777162741.774,241.774,0.06,0.07,0.93,0.94,0.01,0.01,77528.9,1777162740000
1777162742.236,242.236,0.06,0.07,0.93,0.94,0.01,0.01,77528.9,1777162740000
1777162742.789,242.789,0.06,0.07,0.93,0.94,0.01,0.01,77528.84,1777162741000
1777162743.134,243.134,0.06,0.07,0.93,0.94,0.01,0.01,77528.53,1777162742000
1777162743.745,243.745,0.06,0.07,0.93,0.94,0.01,0.01,77528.53,1777162742000
1777162744.158,244.158,0.06,0.07,0.93,0.94,0.01,0.01,77528.53,1777162742000
1777162744.517,244.517,0.06,0.07,0.93,0.94,0.01,0.01,77528.65,1777162743000
1777162744.882,244.882,0.06,0.07,0.93,0.94,0.01,0.01,77528.65,1777162743000
1777162745.293,245.293,0.06,0.07,0.93,0.94,0.01,0.01,77528.65,1777162743000
1777162745.653,245.653,0.05,0.06,0.94,0.95,0.01,0.01,77526.02,1777162744000
1777162746.027,246.027,0.04,0.05,0.95,0.96,0.01,0.01,77526.02,1777162744000
1777162746.391,246.391,0.04,0.05,0.95,0.96,0.01,0.01,77521.63,1777162745000
1777162746.74,246.74,0.04,0.05,0.95,0.96,0.01,0.01,77521.63,1777162745000
1777162747.165,247.165,0.04,0.05,0.95,0.96,0.01,0.01,77521.63,1777162745000
1777162747.586,247.586,0.04,0.05,0.95,0.96,0.01,0.01,77519.58,1777162746000
1777162748.033,248.033,0.04,0.05,0.95,0.96,0.01,0.01,77519.58,1777162746000
1777162748.404,248.404,0.04,0.05,0.95,0.96,0.01,0.01,77519.58,1777162746000
1777162748.738,248.738,0.04,0.05,0.95,0.96,0.01,0.01,77519.58,1777162746000
1777162749.176,249.176,0.04,0.05,0.95,0.96,0.01,0.01,77518.94,1777162747000
1777162749.527,249.527,0.04,0.05,0.95,0.96,0.01,0.01,77518.94,1777162747000
1777162749.902,249.902,0.04,0.05,0.95,0.96,0.01,0.01,77518.94,1777162747000
1777162750.246,250.246,0.04,0.05,0.95,0.96,0.01,0.01,77518.94,1777162748000
1777162750.64,250.64,0.04,0.05,0.95,0.96,0.01,0.01,77519.35,1777162749000
1777162751.06,251.06,0.04,0.05,0.95,0.96,0.01,0.01,77519.35,1777162749000
1777162751.57,251.57,0.04,0.05,0.95,0.96,0.01,0.01,77519.35,1777162750000
1777162751.978,251.978,0.03,0.05,0.95,0.96,0.02,0.01,77519.35,1777162750000
1777162752.311,252.311,0.03,0.04,0.96,0.97,0.01,0.01,77519.35,1777162750000
1777162752.961,252.961,0.03,0.04,0.96,0.97,0.01,0.01,77519.35,1777162751000
1777162753.734,253.734,0.03,0.04,0.96,0.97,0.01,0.01,77519.35,1777162752000
1777162754.129,254.129,0.03,0.04,0.96,0.97,0.01,0.01,77519.35,1777162752000
1777162754.475,254.475,0.03,0.04,0.96,0.97,0.01,0.01,77518.49,1777162753000
1777162754.859,254.859,0.03,0.04,0.96,0.97,0.01,0.01,77518.49,1777162753000
1777162755.222,255.222,0.03,0.04,0.96,0.97,0.01,0.01,77518.49,1777162753000
1777162755.607,255.607,0.03,0.04,0.96,0.97,0.01,0.01,77518.0,1777162754000
1777162755.968,255.968,0.03,0.04,0.96,0.97,0.01,0.01,77518.0,1777162754000
1777162756.417,256.417,0.03,0.04,0.96,0.97,0.01,0.01,77516.1,1777162755000
1777162756.954,256.954,0.02,0.04,0.96,0.97,0.02,0.01,77516.1,1777162755000
1777162757.448,257.448,0.02,0.03,0.97,0.98,0.01,0.01,77516.1,1777162755000
1777162757.788,257.788,0.02,0.03,0.97,0.98,0.01,0.01,77516.04,1777162756000
1777162758.152,258.152,0.02,0.03,0.97,0.98,0.01,0.01,77516.04,1777162756000
1777162758.758,258.758,0.02,0.03,0.97,0.98,0.01,0.01,77516.04,1777162757000
1777162759.312,259.312,0.02,0.03,0.97,0.98,0.01,0.01,77516.04,1777162757000
1777162759.672,259.672,0.02,0.03,0.97,0.98,0.01,0.01,77515.64,1777162758000
1777162760.011,260.011,0.02,0.03,0.97,0.98,0.01,0.01,77515.64,1777162758000
1777162760.381,260.381,0.02,0.03,0.97,0.98,0.01,0.01,77514.59,1777162759000
1777162760.778,260.778,0.02,0.03,0.97,0.98,0.01,0.01,77514.59,1777162759000
1777162761.122,261.122,0.02,0.03,0.97,0.98,0.01,0.01,77514.59,1777162759000
1777162761.576,261.576,0.02,0.03,0.97,0.98,0.01,0.01,77514.59,1777162759000
1777162761.916,261.916,0.02,0.03,0.97,0.98,0.01,0.01,77512.72,1777162760000
1777162762.267,262.267,0.02,0.03,0.97,0.98,0.01,0.01,77512.72,1777162760000
1777162762.931,262.931,0.01,0.02,0.98,0.99,0.01,0.01,77512.02,1777162761000
1777162763.427,263.427,0.01,0.02,0.98,0.99,0.01,0.01,77511.97,1777162762000
1777162763.861,263.861,0.01,0.02,0.98,0.99,0.01,0.01,77511.97,1777162762000
1777162764.23,264.23,0.01,0.02,0.98,0.99,0.01,0.01,77511.97,1777162762000
1777162764.601,264.601,0.01,0.02,0.98,0.99,0.01,0.01,77512.2,1777162763000
1777162765.03,265.03,0.01,0.02,0.98,0.99,0.01,0.01,77512.2,1777162763000
1777162765.493,265.493,0.01,0.02,0.98,0.99,0.01,0.01,77512.19,1777162764000
1777162765.935,265.935,0.01,0.02,0.98,0.99,0.01,0.01,77512.19,1777162764000
1777162766.323,266.323,0.01,0.02,0.98,0.99,0.01,0.01,77512.19,1777162764000
1777162766.688,266.688,0.01,0.02,0.98,0.99,0.01,0.01,77512.19,1777162764000
1777162767.035,267.035,0.01,0.02,0.98,0.99,0.01,0.01,77512.01,1777162765000
1777162767.412,267.412,0.01,0.02,0.98,0.99,0.01,0.01,77512.01,1777162765000
1777162767.958,267.958,0.01,0.02,0.98,0.99,0.01,0.01,77512.01,1777162765000
1777162768.353,268.353,0.01,0.02,0.98,0.99,0.01,0.01,77512.01,1777162766000
1777162769.057,269.057,0.01,0.02,0.98,0.99,0.01,0.01,77512.01,1777162767000
1777162769.5,269.5,0.01,0.02,0.98,0.99,0.01,0.01,77511.67,1777162768000
1777162770.047,270.047,0.01,0.02,0.98,0.99,0.01,0.01,77511.67,1777162768000
1777162770.391,270.391,0.01,0.02,0.98,0.99,0.01,0.01,77511.63,1777162769000
1777162770.727,270.727,0.01,0.02,0.98,0.99,0.01,0.01,77511.63,1777162769000
1777162771.096,271.096,0.01,0.02,0.98,0.99,0.01,0.01,77511.63,1777162769000
1777162771.449,271.449,0.01,0.02,0.98,0.99,0.01,0.01,77511.63,1777162769000
1777162771.961,271.961,0.01,0.02,0.95,0.99,0.01,0.04,77511.64,1777162770000
1777162772.427,272.427,0.01,0.02,0.98,0.99,0.01,0.01,77511.11,1777162771000
1777162772.88,272.88,0.01,0.02,0.98,0.99,0.01,0.01,77511.11,1777162771000
1777162773.266,273.266,0.01,0.02,0.98,0.99,0.01,0.01,77510.06,1777162772000
1777162773.735,273.735,0.01,0.02,0.98,0.99,0.01,0.01,77510.06,1777162772000
1777162774.084,274.084,0.01,0.02,0.98,0.99,0.01,0.01,77510.06,1777162772000
1777162774.522,274.522,0.01,0.02,0.98,0.99,0.01,0.01,77509.76,1777162773000
1777162775.23,275.23,0.01,0.02,0.98,0.99,0.01,0.01,77509.76,1777162773000
1777162775.667,275.667,0.01,0.02,0.98,0.99,0.01,0.01,77509.92,1777162774000
1777162776.007,276.007,0.01,0.02,0.98,0.99,0.01,0.01,77509.92,1777162775000
1777162776.504,276.504,0.01,0.02,0.98,0.99,0.01,0.01,77509.92,1777162775000
1777162777.096,277.096,0.01,0.02,0.98,0.99,0.01,0.01,77509.86,1777162776000
1777162777.589,277.589,0.01,0.02,0.98,0.99,0.01,0.01,77509.86,1777162776000
1777162777.922,277.922,0.01,0.02,0.98,0.99,0.01,0.01,77509.86,1777162776000
1777162778.281,278.281,0.01,0.02,0.98,0.99,0.01,0.01,77509.88,1777162777000
1777162778.881,278.881,0.01,0.02,0.98,0.99,0.01,0.01,77509.88,1777162777000
1777162779.432,279.432,0.01,0.02,0.98,0.99,0.01,0.01,77510.41,1777162778000
1777162779.833,279.833,0.01,0.02,0.98,0.99,0.01,0.01,77510.41,1777162778000
1777162780.269,280.269,0.01,0.02,0.98,0.99,0.01,0.01,77510.41,1777162779000
1777162780.64,280.64,0.01,0.02,0.98,0.99,0.01,0.01,77510.41,1777162779000
1777162781.132,281.132,0.01,0.02,0.98,0.99,0.01,0.01,77510.39,1777162780000
1777162781.471,281.471,0.01,0.02,0.98,0.99,0.01,0.01,77510.39,1777162780000
1777162781.927,281.927,0.01,0.02,0.98,0.99,0.01,0.01,77510.39,1777162780000
1777162782.659,282.659,0.01,0.02,0.98,0.99,0.01,0.01,77510.19,1777162781000
1777162783.071,283.071,0.01,0.02,0.98,0.99,0.01,0.01,77510.19,1777162781000
1777162783.955,283.955,0.01,0.02,0.98,0.99,0.01,0.01,77510.3,1777162782000
1777162784.347,284.347,0.01,0.02,0.98,0.99,0.01,0.01,77510.23,1777162783000
1777162784.698,284.698,0.01,0.03,0.97,0.99,0.02,0.02,77510.23,1777162783000
1777162785.047,285.047,0.01,0.02,0.98,0.99,0.01,0.01,77510.23,1777162783000
1777162785.405,285.405,0.01,0.02,0.98,0.99,0.01,0.01,77510.23,1777162783000
1777162785.74,285.74,0.01,0.02,0.98,0.99,0.01,0.01,77510.33,1777162784000
1777162786.171,286.171,0.01,0.02,0.98,0.99,0.01,0.01,77510.33,1777162785000
1777162786.517,286.517,0.01,0.02,0.98,0.99,0.01,0.01,77510.33,1777162785000
1777162786.9,286.9,0.01,0.02,0.98,0.99,0.01,0.01,77510.33,1777162785000
1777162787.473,287.473,0.01,0.02,0.98,0.99,0.01,0.01,77510.51,1777162786000
1777162787.827,287.827,0.01,0.02,0.98,0.99,0.01,0.01,77510.51,1777162786000
1777162788.24,288.24,0.01,0.02,0.98,0.99,0.01,0.01,77510.51,1777162787000
1777162788.765,288.765,0.01,0.02,0.98,0.99,0.01,0.01,77510.51,1777162787000
1777162789.15,289.15,0.01,0.02,0.98,0.99,0.01,0.01,77510.51,1777162787000
1777162789.586,289.586,0.01,0.02,0.98,0.99,0.01,0.01,77510.16,1777162788000
1777162789.931,289.931,0.01,0.02,0.98,0.99,0.01,0.01,77510.16,1777162788000
1777162790.293,290.293,0.01,0.02,0.98,0.99,0.01,0.01,77510.2,1777162789000
1777162790.746,290.746,0.01,0.02,0.98,0.99,0.01,0.01,77510.2,1777162789000
1777162791.178,291.178,0.01,0.02,0.98,0.99,0.01,0.01,77510.2,1777162789000
1777162791.827,291.827,0.01,0.01,0.99,0.99,0.0,0.0,77510.2,1777162790000
1777162792.18,292.18,0.01,0.01,0.99,0.99,0.0,0.0,77510.2,1777162790000
1777162792.867,292.867,0.01,0.01,0.99,0.99,0.0,0.0,77509.98,1777162791000
1777162794.392,294.392,0.01,0.01,0.99,0.99,0.0,0.0,77510.01,1777162793000
1777162794.964,294.964,0.01,0.01,0.99,0.99,0.0,0.0,77510.01,1777162793000
1777162796.308,296.308,0.01,0.01,0.99,0.99,0.0,0.0,77509.63,1777162795000
1777162797.622,297.622,0.01,0.01,0.99,0.99,0.0,0.0,77509.74,1777162796000
1777162798.363,298.363,0.01,0.01,0.99,0.99,0.0,0.0,77509.74,1777162796000
1777162799.216,299.216,0.01,0.01,0.99,0.99,0.0,0.0,77510.01,1777162798000
1777162799.751,299.751,0.01,0.01,0.99,0.99,0.0,0.0,77510.01,1777162798000
1777162800.255,300.255,0.01,0.01,0.99,0.99,0.0,0.0,77510.01,1777162799000
1777162800.903,300.903,0.01,0.01,0.99,0.99,0.0,0.0,77510.01,1777162799000

# RESULT,winner=Down,slug=btc-updown-5m-1777162500,ticks=618
