timestamp,elapsed_sec,up_bid,up_ask,down_bid,down_ask,up_spread,down_spread,btc_price,btc_oracle_ts
1776306000.539,0.539,0.5,0.51,0.49,0.5,0.01,0.01,74651.17,1776305999000
1776306001.051,1.051,0.5,0.51,0.49,0.5,0.01,0.01,74651.17,1776305999000
1776306001.461,1.461,0.5,0.51,0.49,0.5,0.01,0.01,74650.61,1776306000000
1776306001.835,1.835,0.5,0.51,0.49,0.5,0.01,0.01,74650.61,1776306000000
1776306002.201,2.201,0.5,0.51,0.49,0.5,0.01,0.01,74651.05,1776306001000
1776306002.838,2.838,0.5,0.51,0.49,0.5,0.01,0.01,74651.05,1776306001000
1776306003.187,3.187,0.5,0.51,0.49,0.5,0.01,0.01,74651.05,1776306001000
1776306003.648,3.648,0.49,0.5,0.5,0.51,0.01,0.01,74651.8,1776306002000
1776306004.189,4.189,0.49,0.5,0.5,0.51,0.01,0.01,74651.83,1776306003000
1776306004.54,4.54,0.48,0.49,0.5,0.52,0.01,0.02,74651.83,1776306003000
1776306005.014,5.014,0.48,0.49,0.51,0.52,0.01,0.01,74651.83,1776306003000
1776306005.434,5.434,0.48,0.49,0.51,0.52,0.01,0.01,74651.83,1776306003000
1776306005.849,5.849,0.48,0.49,0.51,0.52,0.01,0.01,74650.94,1776306004000
1776306006.339,6.339,0.48,0.49,0.51,0.52,0.01,0.01,74650.94,1776306005000
1776306006.91,6.91,0.48,0.49,0.51,0.52,0.01,0.01,74650.94,1776306005000
1776306007.246,7.246,0.48,0.49,0.51,0.52,0.01,0.01,74650.94,1776306005000
1776306007.697,7.697,0.48,0.49,0.51,0.52,0.01,0.01,74650.74,1776306006000
1776306008.088,8.088,0.49,0.52,0.5,0.52,0.03,0.02,74650.74,1776306006000
1776306008.431,8.431,0.51,0.53,0.48,0.49,0.02,0.01,74650.71,1776306007000
1776306009.006,9.006,0.52,0.53,0.47,0.48,0.01,0.01,74650.71,1776306007000
1776306009.368,9.368,0.52,0.53,0.47,0.48,0.01,0.01,74650.71,1776306007000
1776306009.712,9.712,0.54,0.55,0.45,0.46,0.01,0.01,74650.28,1776306008000
1776306010.223,10.223,0.54,0.55,0.45,0.46,0.01,0.01,74650.28,1776306009000
1776306010.751,10.751,0.54,0.55,0.45,0.48,0.01,0.03,74650.28,1776306009000
1776306011.086,11.086,0.58,0.59,0.41,0.42,0.01,0.01,74650.28,1776306009000
1776306011.421,11.421,0.58,0.59,0.41,0.42,0.01,0.01,74652.14,1776306010000
1776306011.817,11.817,0.58,0.59,0.41,0.42,0.01,0.01,74652.14,1776306010000
1776306012.162,12.162,0.58,0.59,0.41,0.42,0.01,0.01,74652.14,1776306010000
1776306012.499,12.499,0.58,0.59,0.41,0.42,0.01,0.01,74652.41,1776306011000
1776306012.848,12.848,0.59,0.6,0.4,0.41,0.01,0.01,74652.41,1776306011000
1776306013.192,13.192,0.59,0.6,0.4,0.41,0.01,0.01,74657.1,1776306012000
1776306013.737,13.737,0.59,0.6,0.4,0.41,0.01,0.01,74657.1,1776306012000
1776306014.116,14.116,0.59,0.6,0.4,0.41,0.01,0.01,74657.1,1776306012000
1776306014.487,14.487,0.59,0.6,0.4,0.41,0.01,0.01,74659.18,1776306013000
1776306014.909,14.909,0.59,0.6,0.4,0.41,0.01,0.01,74659.18,1776306013000
1776306015.316,15.316,0.59,0.6,0.4,0.41,0.01,0.01,74659.18,1776306013000
1776306015.665,15.665,0.62,0.63,0.37,0.38,0.01,0.01,74659.54,1776306014000
1776306016.125,16.125,0.64,0.65,0.35,0.36,0.01,0.01,74660.0,1776306015000
1776306016.498,16.498,0.66,0.67,0.33,0.35,0.01,0.02,74660.0,1776306015000
1776306016.835,16.835,0.66,0.67,0.32,0.34,0.01,0.02,74660.0,1776306015000
1776306017.278,17.278,0.66,0.67,0.33,0.34,0.01,0.01,74662.27,1776306016000
1776306017.612,17.612,0.67,0.68,0.32,0.33,0.01,0.01,74662.27,1776306016000
1776306018.067,18.067,0.67,0.68,0.32,0.33,0.01,0.01,74662.27,1776306016000
1776306018.509,18.509,0.68,0.69,0.31,0.33,0.01,0.02,74662.27,1776306016000
1776306018.919,18.919,0.68,0.69,0.31,0.32,0.01,0.01,74674.47,1776306017000
1776306019.304,19.304,0.68,0.69,0.31,0.32,0.01,0.01,74674.61,1776306018000
1776306019.758,19.758,0.69,0.7,0.3,0.32,0.01,0.02,74674.61,1776306018000
1776306020.171,20.171,0.69,0.7,0.3,0.31,0.01,0.01,74674.61,1776306018000
1776306020.611,20.611,0.7,0.71,0.29,0.3,0.01,0.01,74674.85,1776306019000
1776306021.084,21.084,0.7,0.71,0.29,0.3,0.01,0.01,74674.85,1776306019000
1776306021.45,21.45,0.7,0.71,0.29,0.3,0.01,0.01,74674.85,1776306019000
1776306021.803,21.803,0.7,0.71,0.29,0.3,0.01,0.01,74674.84,1776306020000
1776306022.196,22.196,0.7,0.71,0.29,0.3,0.01,0.01,74678.66,1776306021000
1776306022.728,22.728,0.7,0.71,0.29,0.3,0.01,0.01,74678.66,1776306021000
1776306023.109,23.109,0.7,0.71,0.29,0.3,0.01,0.01,74678.66,1776306021000
1776306023.776,23.776,0.7,0.71,0.29,0.3,0.01,0.01,74678.66,1776306021000
1776306024.109,24.109,0.7,0.73,0.28,0.3,0.03,0.02,74678.66,1776306021000
1776306024.447,24.447,0.73,0.75,0.26,0.27,0.02,0.01,74679.78,1776306023000
1776306024.869,24.869,0.77,0.78,0.22,0.24,0.01,0.02,74679.78,1776306023000
1776306025.316,25.316,0.78,0.79,0.21,0.22,0.01,0.01,74679.78,1776306023000
1776306025.687,25.687,0.78,0.79,0.21,0.22,0.01,0.01,74679.78,1776306023000
1776306026.156,26.156,0.78,0.79,0.21,0.22,0.01,0.01,74691.03,1776306024000
1776306026.693,26.693,0.78,0.79,0.21,0.22,0.01,0.01,74691.03,1776306024000
1776306027.298,27.298,0.78,0.79,0.21,0.22,0.01,0.01,74700.25,1776306025000
1776306027.76,27.76,0.77,0.78,0.22,0.23,0.01,0.01,74700.61,1776306026000
1776306028.095,28.095,0.77,0.78,0.22,0.23,0.01,0.01,74700.61,1776306026000
1776306028.435,28.435,0.76,0.77,0.23,0.24,0.01,0.01,74700.61,1776306026000
1776306029.208,29.208,0.76,0.77,0.23,0.24,0.01,0.01,74701.0,1776306028000
1776306029.608,29.608,0.76,0.77,0.23,0.24,0.01,0.01,74701.0,1776306028000
1776306030.179,30.179,0.76,0.77,0.23,0.24,0.01,0.01,74701.0,1776306028000
1776306030.677,30.677,0.76,0.77,0.23,0.24,0.01,0.01,74701.0,1776306028000
1776306031.54,31.54,0.76,0.77,0.23,0.24,0.01,0.01,74698.25,1776306030000
1776306032.367,32.367,0.76,0.77,0.23,0.24,0.01,0.01,74698.3,1776306031000
1776306033.089,33.089,0.76,0.77,0.23,0.24,0.01,0.01,74698.21,1776306032000
1776306033.424,33.424,0.76,0.77,0.23,0.24,0.01,0.01,74698.21,1776306032000
1776306033.765,33.765,0.76,0.77,0.23,0.24,0.01,0.01,74698.21,1776306032000
1776306034.129,34.129,0.76,0.77,0.23,0.24,0.01,0.01,74698.21,1776306032000
1776306034.499,34.499,0.76,0.77,0.23,0.24,0.01,0.01,74698.24,1776306033000
1776306035.149,35.149,0.76,0.77,0.23,0.24,0.01,0.01,74698.24,1776306033000
1776306035.521,35.521,0.76,0.78,0.23,0.24,0.02,0.01,74698.27,1776306034000
1776306035.874,35.874,0.77,0.82,0.18,0.23,0.05,0.05,74698.27,1776306034000
1776306036.278,36.278,0.81,0.82,0.18,0.19,0.01,0.01,74699.34,1776306035000
1776306036.732,36.732,0.81,0.83,0.18,0.19,0.02,0.01,74699.34,1776306035000
1776306037.199,37.199,0.82,0.83,0.17,0.18,0.01,0.01,74699.34,1776306035000
1776306037.579,37.579,0.82,0.83,0.17,0.18,0.01,0.01,74710.17,1776306036000
1776306037.98,37.98,0.82,0.83,0.17,0.18,0.01,0.01,74710.17,1776306036000
1776306038.339,38.339,0.82,0.83,0.17,0.18,0.01,0.01,74712.24,1776306037000
1776306038.676,38.676,0.82,0.83,0.17,0.18,0.01,0.01,74712.24,1776306037000
1776306039.041,39.041,0.83,0.84,0.16,0.17,0.01,0.01,74712.24,1776306037000
1776306039.43,39.43,0.83,0.84,0.16,0.17,0.01,0.01,74712.24,1776306037000
1776306039.78,39.78,0.83,0.86,0.16,0.17,0.03,0.01,74712.24,1776306037000
1776306040.176,40.176,0.85,0.86,0.14,0.15,0.01,0.01,74716.62,1776306038000
1776306040.51,40.51,0.85,0.86,0.14,0.15,0.01,0.01,74716.62,1776306038000
1776306040.895,40.895,0.83,0.85,0.14,0.16,0.02,0.02,74718.06,1776306039000
1776306041.681,41.681,0.83,0.85,0.15,0.17,0.02,0.02,74718.15,1776306040000
1776306042.418,42.418,0.83,0.85,0.15,0.17,0.02,0.02,74718.16,1776306041000
1776306043.73,43.73,0.83,0.85,0.15,0.17,0.02,0.02,74718.15,1776306042000
1776306044.383,44.383,0.84,0.85,0.15,0.16,0.01,0.01,74719.92,1776306043000
1776306044.747,44.747,0.84,0.85,0.15,0.16,0.01,0.01,74719.92,1776306043000
1776306045.088,45.088,0.84,0.86,0.14,0.16,0.02,0.02,74721.02,1776306044000
1776306046.228,46.228,0.84,0.86,0.14,0.16,0.02,0.02,74721.62,1776306045000
1776306047.592,47.592,0.85,0.86,0.14,0.16,0.01,0.02,74721.62,1776306045000
1776306047.934,47.934,0.85,0.86,0.14,0.15,0.01,0.01,74721.91,1776306046000
1776306048.312,48.312,0.85,0.86,0.14,0.15,0.01,0.01,74721.91,1776306046000
1776306048.646,48.646,0.85,0.86,0.14,0.15,0.01,0.01,74722.92,1776306047000
1776306049.019,49.019,0.85,0.86,0.14,0.15,0.01,0.01,74722.92,1776306047000
1776306050.444,50.444,0.85,0.86,0.14,0.15,0.01,0.01,74722.76,1776306049000
1776306051.146,51.146,0.85,0.86,0.14,0.15,0.01,0.01,74722.4,1776306050000
1776306051.863,51.863,0.85,0.86,0.14,0.15,0.01,0.01,74722.4,1776306050000
1776306052.409,52.409,0.85,0.86,0.14,0.15,0.01,0.01,74722.5,1776306051000
1776306052.761,52.761,0.85,0.86,0.14,0.15,0.01,0.01,74722.5,1776306051000
1776306053.516,53.516,0.85,0.86,0.14,0.15,0.01,0.01,74722.5,1776306051000
1776306054.527,54.527,0.85,0.86,0.14,0.15,0.01,0.01,74725.26,1776306053000
1776306054.982,54.982,0.85,0.86,0.14,0.15,0.01,0.01,74725.26,1776306053000
1776306055.893,55.893,0.85,0.86,0.14,0.15,0.01,0.01,74724.32,1776306054000
1776306056.424,56.424,0.85,0.86,0.14,0.15,0.01,0.01,74723.85,1776306055000
1776306057.096,57.096,0.85,0.86,0.14,0.15,0.01,0.01,74723.85,1776306056000
1776306057.878,57.878,0.85,0.86,0.14,0.15,0.01,0.01,74723.85,1776306056000
1776306058.359,58.359,0.85,0.86,0.14,0.15,0.01,0.01,74723.85,1776306056000
1776306058.833,58.833,0.85,0.86,0.14,0.15,0.01,0.01,74723.93,1776306057000
1776306059.193,59.193,0.85,0.86,0.14,0.15,0.01,0.01,74723.93,1776306057000
1776306059.526,59.526,0.85,0.86,0.14,0.15,0.01,0.01,74725.1,1776306058000
1776306059.895,59.895,0.85,0.86,0.14,0.15,0.01,0.01,74725.1,1776306058000
1776306060.243,60.243,0.85,0.86,0.14,0.15,0.01,0.01,74725.54,1776306059000
1776306060.714,60.714,0.85,0.86,0.14,0.15,0.01,0.01,74725.54,1776306059000
1776306061.225,61.225,0.85,0.87,0.13,0.15,0.02,0.02,74726.02,1776306060000
1776306061.59,61.59,0.86,0.88,0.12,0.14,0.02,0.02,74726.02,1776306060000
1776306061.946,61.946,0.87,0.89,0.11,0.13,0.02,0.02,74726.02,1776306060000
1776306062.298,62.298,0.88,0.9,0.11,0.12,0.02,0.01,74726.17,1776306061000
1776306062.648,62.648,0.88,0.89,0.11,0.12,0.01,0.01,74726.17,1776306061000
1776306063.08,63.08,0.89,0.9,0.1,0.11,0.01,0.01,74726.17,1776306061000
1776306063.455,63.455,0.89,0.9,0.1,0.11,0.01,0.01,74733.08,1776306062000
1776306063.874,63.874,0.89,0.9,0.1,0.11,0.01,0.01,74733.08,1776306062000
1776306064.247,64.247,0.88,0.89,0.11,0.12,0.01,0.01,74735.24,1776306063000
1776306064.58,64.58,0.88,0.89,0.11,0.12,0.01,0.01,74735.24,1776306063000
1776306065.038,65.038,0.88,0.89,0.11,0.12,0.01,0.01,74735.24,1776306063000
1776306065.404,65.404,0.88,0.89,0.11,0.12,0.01,0.01,74733.47,1776306064000
1776306065.908,65.908,0.88,0.89,0.11,0.12,0.01,0.01,74733.47,1776306064000
1776306066.253,66.253,0.88,0.89,0.11,0.12,0.01,0.01,74733.47,1776306064000
1776306066.63,66.63,0.88,0.9,0.1,0.11,0.02,0.01,74730.4,1776306065000
1776306067.142,67.142,0.88,0.89,0.11,0.12,0.01,0.01,74730.4,1776306065000
1776306067.479,67.479,0.88,0.89,0.11,0.12,0.01,0.01,74730.49,1776306066000
1776306068.22,68.22,0.88,0.89,0.11,0.12,0.01,0.01,74730.49,1776306066000
1776306068.796,68.796,0.88,0.89,0.11,0.12,0.01,0.01,74730.48,1776306067000
1776306069.272,69.272,0.88,0.89,0.11,0.12,0.01,0.01,74730.36,1776306068000
1776306069.717,69.717,0.88,0.89,0.11,0.12,0.01,0.01,74730.36,1776306068000
1776306070.33,70.33,0.88,0.89,0.11,0.12,0.01,0.01,74730.36,1776306068000
1776306070.761,70.761,0.89,0.9,0.11,0.12,0.01,0.01,74730.37,1776306069000
1776306071.165,71.165,0.88,0.89,0.1,0.12,0.01,0.02,74730.37,1776306069000
1776306071.535,71.535,0.88,0.89,0.11,0.12,0.01,0.01,74730.74,1776306070000
1776306071.873,71.873,0.88,0.89,0.11,0.12,0.01,0.01,74730.74,1776306070000
1776306072.332,72.332,0.88,0.89,0.11,0.12,0.01,0.01,74730.74,1776306070000
1776306072.783,72.783,0.89,0.9,0.1,0.11,0.01,0.01,74730.37,1776306071000
1776306073.166,73.166,0.89,0.9,0.1,0.11,0.01,0.01,74730.37,1776306071000
1776306073.781,73.781,0.9,0.91,0.09,0.1,0.01,0.01,74729.82,1776306072000
1776306074.255,74.255,0.9,0.92,0.09,0.1,0.02,0.01,74728.96,1776306073000
1776306074.601,74.601,0.91,0.92,0.08,0.09,0.01,0.01,74728.96,1776306073000
1776306074.934,74.934,0.91,0.92,0.08,0.09,0.01,0.01,74728.96,1776306073000
1776306075.324,75.324,0.92,0.93,0.07,0.08,0.01,0.01,74731.23,1776306074000
1776306075.684,75.684,0.92,0.93,0.07,0.08,0.01,0.01,74731.23,1776306074000
1776306076.246,76.246,0.92,0.93,0.07,0.08,0.01,0.01,74731.23,1776306074000
1776306076.609,76.609,0.92,0.93,0.07,0.08,0.01,0.01,74734.93,1776306075000
1776306076.967,76.967,0.92,0.93,0.07,0.08,0.01,0.01,74734.93,1776306075000
1776306077.315,77.315,0.92,0.93,0.07,0.08,0.01,0.01,74738.41,1776306076000
1776306077.789,77.789,0.92,0.93,0.07,0.08,0.01,0.01,74738.41,1776306076000
1776306078.255,78.255,0.92,0.93,0.07,0.08,0.01,0.01,74739.85,1776306077000
1776306079.103,79.103,0.92,0.93,0.07,0.08,0.01,0.01,74739.85,1776306077000
1776306079.598,79.598,0.92,0.93,0.07,0.08,0.01,0.01,74740.51,1776306078000
1776306079.998,79.998,0.92,0.93,0.07,0.08,0.01,0.01,74740.51,1776306078000
1776306080.424,80.424,0.93,0.95,0.05,0.08,0.02,0.03,74740.57,1776306079000
1776306080.765,80.765,0.93,0.94,0.06,0.07,0.01,0.01,74740.57,1776306079000
1776306081.191,81.191,0.93,0.94,0.06,0.07,0.01,0.01,74740.57,1776306079000
1776306081.827,81.827,0.93,0.94,0.06,0.07,0.01,0.01,74740.57,1776306079000
1776306082.214,82.214,0.93,0.94,0.06,0.07,0.01,0.01,74744.53,1776306080000
1776306082.591,82.591,0.93,0.94,0.06,0.07,0.01,0.01,74748.1,1776306081000
1776306083.014,83.014,0.91,0.92,0.08,0.09,0.01,0.01,74748.1,1776306081000
1776306083.462,83.462,0.91,0.92,0.08,0.09,0.01,0.01,74748.1,1776306081000
1776306083.954,83.954,0.9,0.91,0.09,0.1,0.01,0.01,74745.08,1776306082000
1776306084.379,84.379,0.9,0.91,0.09,0.1,0.01,0.01,74744.78,1776306083000
1776306084.985,84.985,0.9,0.91,0.09,0.1,0.01,0.01,74744.78,1776306083000
1776306085.536,85.536,0.9,0.91,0.09,0.1,0.01,0.01,74738.24,1776306084000
1776306085.904,85.904,0.9,0.91,0.09,0.1,0.01,0.01,74738.24,1776306084000
1776306086.318,86.318,0.9,0.91,0.09,0.1,0.01,0.01,74738.24,1776306084000
1776306086.763,86.763,0.9,0.91,0.09,0.1,0.01,0.01,74736.68,1776306085000
1776306087.397,87.397,0.9,0.91,0.09,0.1,0.01,0.01,74736.68,1776306085000
1776306087.739,87.739,0.9,0.91,0.09,0.1,0.01,0.01,74734.67,1776306086000
1776306088.075,88.075,0.9,0.91,0.09,0.1,0.01,0.01,74734.67,1776306086000
1776306088.697,88.697,0.89,0.9,0.09,0.11,0.01,0.02,74734.67,1776306087000
1776306089.075,89.075,0.88,0.9,0.1,0.12,0.02,0.02,74735.17,1776306088000
1776306089.437,89.437,0.88,0.89,0.11,0.12,0.01,0.01,74735.17,1776306088000
1776306089.798,89.798,0.88,0.89,0.11,0.12,0.01,0.01,74735.17,1776306088000
1776306090.378,90.378,0.88,0.89,0.11,0.12,0.01,0.01,74728.96,1776306089000
1776306090.726,90.726,0.88,0.89,0.11,0.12,0.01,0.01,74728.96,1776306089000
1776306091.133,91.133,0.88,0.89,0.11,0.12,0.01,0.01,74728.96,1776306090000
1776306091.759,91.759,0.88,0.89,0.11,0.12,0.01,0.01,74728.96,1776306090000
1776306092.143,92.143,0.88,0.89,0.11,0.12,0.01,0.01,74728.96,1776306090000
1776306092.685,92.685,0.88,0.89,0.11,0.12,0.01,0.01,74729.03,1776306091000
1776306093.103,93.103,0.88,0.89,0.11,0.12,0.01,0.01,74729.03,1776306091000
1776306093.618,93.618,0.88,0.89,0.11,0.12,0.01,0.01,74728.4,1776306092000
1776306094.101,94.101,0.88,0.9,0.11,0.12,0.02,0.01,74728.4,1776306092000
1776306094.447,94.447,0.89,0.9,0.09,0.11,0.01,0.02,74728.4,1776306092000
1776306094.858,94.858,0.9,0.91,0.09,0.1,0.01,0.01,74728.38,1776306093000
1776306095.303,95.303,0.9,0.91,0.09,0.1,0.01,0.01,74728.38,1776306093000
1776306095.672,95.672,0.91,0.92,0.08,0.09,0.01,0.01,74728.4,1776306094000
1776306096.036,96.036,0.92,0.93,0.07,0.08,0.01,0.01,74728.78,1776306095000
1776306096.448,96.448,0.92,0.93,0.07,0.08,0.01,0.01,74728.78,1776306095000
1776306096.799,96.799,0.93,0.94,0.06,0.07,0.01,0.01,74728.78,1776306095000
1776306097.254,97.254,0.93,0.94,0.06,0.07,0.01,0.01,74728.78,1776306095000
1776306097.639,97.639,0.93,0.94,0.06,0.07,0.01,0.01,74729.98,1776306096000
1776306097.987,97.987,0.92,0.93,0.06,0.1,0.01,0.04,74729.98,1776306096000
1776306098.397,98.397,0.9,0.92,0.07,0.09,0.02,0.02,74732.41,1776306097000
1776306098.952,98.952,0.9,0.91,0.09,0.1,0.01,0.01,74732.41,1776306097000
1776306099.419,99.419,0.91,0.92,0.09,0.1,0.01,0.01,74732.41,1776306097000
1776306099.799,99.799,0.91,0.92,0.08,0.09,0.01,0.01,74735.24,1776306098000
1776306100.447,100.447,0.91,0.92,0.08,0.09,0.01,0.01,74735.24,1776306098000
1776306100.89,100.89,0.9,0.92,0.08,0.09,0.02,0.01,74735.26,1776306099000
1776306101.226,101.226,0.9,0.91,0.09,0.1,0.01,0.01,74735.26,1776306099000
1776306101.777,101.777,0.9,0.91,0.09,0.1,0.01,0.01,74735.35,1776306100000
1776306102.65,102.65,0.9,0.91,0.09,0.1,0.01,0.01,74735.35,1776306100000
1776306103.022,103.022,0.9,0.91,0.09,0.1,0.01,0.01,74733.84,1776306101000
1776306103.478,103.478,0.9,0.91,0.09,0.1,0.01,0.01,74733.84,1776306101000
1776306104.015,104.015,0.9,0.91,0.09,0.1,0.01,0.01,74733.61,1776306102000
1776306104.449,104.449,0.9,0.91,0.09,0.1,0.01,0.01,74733.61,1776306103000
1776306105.078,105.078,0.9,0.91,0.09,0.1,0.01,0.01,74733.61,1776306103000
1776306105.69,105.69,0.9,0.91,0.09,0.1,0.01,0.01,74733.61,1776306103000
1776306106.096,106.096,0.9,0.91,0.09,0.1,0.01,0.01,74733.61,1776306104000
1776306106.513,106.513,0.9,0.91,0.09,0.1,0.01,0.01,74733.61,1776306105000
1776306107.35,107.35,0.9,0.91,0.09,0.1,0.01,0.01,74733.61,1776306105000
1776306107.776,107.776,0.9,0.91,0.09,0.1,0.01,0.01,74733.71,1776306106000
1776306108.613,108.613,0.9,0.91,0.09,0.1,0.01,0.01,74733.64,1776306107000
1776306109.458,109.458,0.9,0.91,0.09,0.1,0.01,0.01,74733.78,1776306108000
1776306110.059,110.059,0.9,0.91,0.09,0.1,0.01,0.01,74733.78,1776306109000
1776306110.432,110.432,0.9,0.91,0.09,0.1,0.01,0.01,74733.78,1776306109000
1776306111.017,111.017,0.9,0.91,0.09,0.1,0.01,0.01,74733.78,1776306109000
1776306111.569,111.569,0.9,0.91,0.09,0.1,0.01,0.01,74733.8,1776306110000
1776306112.364,112.364,0.91,0.92,0.09,0.1,0.01,0.01,74733.8,1776306111000
1776306112.861,112.861,0.91,0.92,0.08,0.09,0.01,0.01,74733.8,1776306111000
1776306113.327,113.327,0.91,0.92,0.08,0.09,0.01,0.01,74733.99,1776306112000
1776306113.735,113.735,0.91,0.93,0.08,0.09,0.02,0.01,74733.99,1776306112000
1776306114.089,114.089,0.92,0.93,0.07,0.09,0.01,0.02,74733.99,1776306112000
1776306114.441,114.441,0.92,0.93,0.07,0.08,0.01,0.01,74735.84,1776306113000
1776306114.788,114.788,0.92,0.93,0.07,0.08,0.01,0.01,74735.84,1776306113000
1776306115.233,115.233,0.92,0.93,0.07,0.08,0.01,0.01,74741.0,1776306114000
1776306115.985,115.985,0.92,0.93,0.07,0.08,0.01,0.01,74741.0,1776306114000
1776306116.488,116.488,0.93,0.94,0.06,0.07,0.01,0.01,74741.9,1776306115000
1776306116.885,116.885,0.93,0.94,0.06,0.07,0.01,0.01,74741.9,1776306115000
1776306117.254,117.254,0.93,0.94,0.06,0.07,0.01,0.01,74741.9,1776306115000
1776306117.827,117.827,0.93,0.94,0.06,0.07,0.01,0.01,74741.9,1776306116000
1776306118.242,118.242,0.93,0.94,0.06,0.07,0.01,0.01,74741.9,1776306117000
1776306118.775,118.775,0.94,0.95,0.05,0.06,0.01,0.01,74741.9,1776306117000
1776306119.109,119.109,0.94,0.95,0.05,0.06,0.01,0.01,74742.45,1776306118000
1776306119.513,119.513,0.94,0.96,0.05,0.06,0.02,0.01,74742.45,1776306118000
1776306119.892,119.892,0.95,0.96,0.04,0.05,0.01,0.01,74742.45,1776306118000
1776306120.254,120.254,0.95,0.96,0.04,0.05,0.01,0.01,74742.45,1776306118000
1776306120.587,120.587,0.95,0.96,0.04,0.05,0.01,0.01,74742.94,1776306119000
1776306120.946,120.946,0.95,0.96,0.04,0.05,0.01,0.01,74742.94,1776306119000
1776306121.298,121.298,0.95,0.96,0.04,0.05,0.01,0.01,74742.94,1776306119000
1776306121.747,121.747,0.96,0.97,0.03,0.04,0.01,0.01,74742.94,1776306119000
1776306122.129,122.129,0.96,0.97,0.03,0.04,0.01,0.01,74748.88,1776306121000
1776306122.48,122.48,0.96,0.97,0.03,0.04,0.01,0.01,74748.88,1776306121000
1776306122.822,122.822,0.96,0.97,0.03,0.04,0.01,0.01,74748.88,1776306121000
1776306123.239,123.239,0.96,0.97,0.03,0.04,0.01,0.01,74748.88,1776306121000
1776306123.59,123.59,0.96,0.97,0.03,0.04,0.01,0.01,74748.88,1776306121000
1776306123.924,123.924,0.96,0.97,0.03,0.04,0.01,0.01,74766.02,1776306122000
1776306124.736,124.736,0.96,0.97,0.03,0.04,0.01,0.01,74766.02,1776306122000
1776306125.135,125.135,0.96,0.97,0.03,0.04,0.01,0.01,74770.44,1776306123000
1776306125.605,125.605,0.96,0.97,0.03,0.04,0.01,0.01,74770.44,1776306123000
1776306126.191,126.191,0.96,0.97,0.03,0.04,0.01,0.01,74772.92,1776306124000
1776306126.705,126.705,0.96,0.97,0.03,0.04,0.01,0.01,74772.92,1776306124000
1776306127.081,127.081,0.96,0.97,0.03,0.04,0.01,0.01,74772.85,1776306125000
1776306127.7,127.7,0.96,0.97,0.03,0.04,0.01,0.01,74772.85,1776306126000
1776306128.153,128.153,0.96,0.97,0.03,0.04,0.01,0.01,74773.15,1776306127000
1776306128.553,128.553,0.96,0.97,0.03,0.04,0.01,0.01,74773.15,1776306127000
1776306129.226,129.226,0.96,0.97,0.03,0.04,0.01,0.01,74773.15,1776306127000
1776306129.667,129.667,0.96,0.97,0.03,0.04,0.01,0.01,74767.27,1776306128000
1776306130.188,130.188,0.96,0.97,0.03,0.04,0.01,0.01,74767.27,1776306128000
1776306130.667,130.667,0.96,0.97,0.03,0.04,0.01,0.01,74767.21,1776306129000
1776306131.237,131.237,0.96,0.97,0.03,0.04,0.01,0.01,74767.76,1776306130000
1776306131.925,131.925,0.96,0.97,0.03,0.04,0.01,0.01,74767.76,1776306130000
1776306132.448,132.448,0.96,0.97,0.03,0.04,0.01,0.01,74767.76,1776306130000
1776306132.842,132.842,0.96,0.97,0.03,0.04,0.01,0.01,74767.34,1776306131000
1776306133.334,133.334,0.97,0.98,0.02,0.03,0.01,0.01,74767.34,1776306131000
1776306133.767,133.767,0.97,0.98,0.02,0.03,0.01,0.01,74767.37,1776306132000
1776306134.368,134.368,0.97,0.98,0.02,0.03,0.01,0.01,74767.77,1776306133000
1776306134.968,134.968,0.97,0.98,0.02,0.03,0.01,0.01,74767.77,1776306133000
1776306136.6,136.6,0.97,0.98,0.02,0.03,0.01,0.01,74768.32,1776306135000
1776306137.022,137.022,0.97,0.98,0.02,0.03,0.01,0.01,74768.32,1776306135000
1776306137.487,137.487,0.97,0.98,0.02,0.03,0.01,0.01,74768.44,1776306136000
1776306138.221,138.221,0.97,0.98,0.02,0.03,0.01,0.01,74767.75,1776306137000
1776306139.435,139.435,0.97,0.98,0.02,0.03,0.01,0.01,74767.75,1776306137000
1776306139.875,139.875,0.97,0.98,0.02,0.03,0.01,0.01,74767.73,1776306138000
1776306140.496,140.496,0.97,0.98,0.02,0.03,0.01,0.01,74767.74,1776306139000
1776306141.062,141.062,0.97,0.98,0.02,0.03,0.01,0.01,74767.74,1776306139000
1776306141.404,141.404,0.97,0.98,0.02,0.03,0.01,0.01,74767.01,1776306140000
1776306141.751,141.751,0.96,0.98,0.02,0.03,0.02,0.01,74767.01,1776306140000
1776306142.283,142.283,0.96,0.98,0.02,0.04,0.02,0.02,74766.99,1776306141000
1776306142.922,142.922,0.96,0.98,0.02,0.04,0.02,0.02,74766.99,1776306142000
1776306143.268,143.268,0.97,0.98,0.02,0.03,0.01,0.01,74766.99,1776306142000
1776306143.65,143.65,0.97,0.98,0.02,0.03,0.01,0.01,74766.99,1776306142000
1776306144.001,144.001,0.97,0.98,0.02,0.03,0.01,0.01,74767.11,1776306143000
1776306144.424,144.424,0.97,0.98,0.02,0.03,0.01,0.01,74767.11,1776306143000
1776306144.852,144.852,0.96,0.97,0.02,0.04,0.01,0.02,74767.11,1776306143000
1776306145.333,145.333,0.96,0.97,0.03,0.04,0.01,0.01,74767.47,1776306144000
1776306145.796,145.796,0.96,0.97,0.03,0.04,0.01,0.01,74767.47,1776306144000
1776306146.181,146.181,0.96,0.97,0.03,0.04,0.01,0.01,74766.57,1776306145000
1776306146.562,146.562,0.96,0.97,0.03,0.04,0.01,0.01,74766.57,1776306145000
1776306146.904,146.904,0.96,0.97,0.03,0.04,0.01,0.01,74766.57,1776306145000
1776306147.252,147.252,0.96,0.97,0.03,0.04,0.01,0.01,74766.21,1776306146000
1776306147.825,147.825,0.96,0.97,0.03,0.04,0.01,0.01,74766.21,1776306146000
1776306148.258,148.258,0.96,0.97,0.03,0.04,0.01,0.01,74765.18,1776306147000
1776306149.082,149.082,0.96,0.97,0.03,0.04,0.01,0.01,74753.9,1776306148000
1776306149.415,149.415,0.96,0.97,0.03,0.04,0.01,0.01,74753.9,1776306148000
1776306149.925,149.925,0.96,0.97,0.03,0.04,0.01,0.01,74753.9,1776306148000
1776306150.514,150.514,0.96,0.97,0.03,0.04,0.01,0.01,74753.39,1776306149000
1776306150.997,150.997,0.96,0.97,0.03,0.04,0.01,0.01,74753.95,1776306150000
1776306151.545,151.545,0.96,0.97,0.03,0.04,0.01,0.01,74753.95,1776306150000
1776306151.954,151.954,0.96,0.97,0.03,0.04,0.01,0.01,74754.85,1776306151000
1776306152.541,152.541,0.96,0.97,0.03,0.04,0.01,0.01,74754.85,1776306151000
1776306152.881,152.881,0.96,0.97,0.03,0.04,0.01,0.01,74754.85,1776306151000
1776306153.258,153.258,0.96,0.97,0.03,0.04,0.01,0.01,74757.66,1776306152000
1776306153.749,153.749,0.96,0.97,0.03,0.04,0.01,0.01,74757.66,1776306152000
1776306154.218,154.218,0.96,0.97,0.03,0.04,0.01,0.01,74761.84,1776306153000
1776306154.839,154.839,0.96,0.97,0.03,0.04,0.01,0.01,74761.84,1776306153000
1776306155.398,155.398,0.96,0.97,0.03,0.04,0.01,0.01,74761.84,1776306153000
1776306156.034,156.034,0.96,0.97,0.03,0.04,0.01,0.01,74764.03,1776306154000
1776306156.58,156.58,0.96,0.97,0.03,0.04,0.01,0.01,74764.18,1776306155000
1776306157.139,157.139,0.96,0.97,0.03,0.04,0.01,0.01,74764.18,1776306155000
1776306157.479,157.479,0.96,0.97,0.03,0.04,0.01,0.01,74763.35,1776306156000
1776306158.418,158.418,0.96,0.97,0.03,0.04,0.01,0.01,74762.35,1776306157000
1776306158.803,158.803,0.96,0.97,0.03,0.04,0.01,0.01,74762.35,1776306157000
1776306159.472,159.472,0.96,0.97,0.03,0.04,0.01,0.01,74762.88,1776306158000
1776306160.115,160.115,0.96,0.97,0.03,0.04,0.01,0.01,74762.68,1776306159000
1776306161.226,161.226,0.96,0.97,0.03,0.04,0.01,0.01,74762.87,1776306160000
1776306161.582,161.582,0.96,0.97,0.03,0.04,0.01,0.01,74762.87,1776306160000
1776306162.223,162.223,0.96,0.97,0.03,0.04,0.01,0.01,74762.87,1776306160000
1776306162.906,162.906,0.97,0.98,0.03,0.04,0.01,0.01,74762.48,1776306161000
1776306163.652,163.652,0.97,0.98,0.02,0.03,0.01,0.01,74762.48,1776306162000
1776306164.696,164.696,0.97,0.98,0.02,0.03,0.01,0.01,74761.36,1776306163000
1776306165.035,165.035,0.97,0.98,0.02,0.03,0.01,0.01,74761.36,1776306163000
1776306165.43,165.43,0.97,0.98,0.02,0.03,0.01,0.01,74761.23,1776306164000
1776306166.207,166.207,0.97,0.98,0.02,0.03,0.01,0.01,74757.12,1776306165000
1776306166.687,166.687,0.97,0.98,0.02,0.03,0.01,0.01,74757.12,1776306165000
1776306167.183,167.183,0.97,0.98,0.02,0.03,0.01,0.01,74757.12,1776306165000
1776306168.397,168.397,0.97,0.98,0.02,0.03,0.01,0.01,74757.61,1776306167000
1776306169.166,169.166,0.97,0.98,0.02,0.03,0.01,0.01,74757.61,1776306167000
1776306170.198,170.198,0.97,0.98,0.02,0.03,0.01,0.01,74759.05,1776306169000
1776306171.498,171.498,0.97,0.98,0.02,0.03,0.01,0.01,74757.56,1776306170000
1776306171.974,171.974,0.97,0.98,0.02,0.03,0.01,0.01,74757.56,1776306170000
1776306172.678,172.678,0.97,0.98,0.02,0.03,0.01,0.01,74757.12,1776306171000
1776306173.067,173.067,0.97,0.98,0.02,0.03,0.01,0.01,74756.53,1776306172000
1776306174.048,174.048,0.97,0.98,0.02,0.03,0.01,0.01,74756.53,1776306172000
1776306174.604,174.604,0.97,0.98,0.02,0.03,0.01,0.01,74756.23,1776306173000
1776306174.961,174.961,0.97,0.98,0.02,0.03,0.01,0.01,74756.23,1776306173000
1776306175.421,175.421,0.97,0.98,0.02,0.03,0.01,0.01,74756.13,1776306174000
1776306176.126,176.126,0.97,0.98,0.02,0.03,0.01,0.01,74754.71,1776306175000
1776306176.487,176.487,0.97,0.98,0.02,0.03,0.01,0.01,74754.71,1776306175000
1776306177.09,177.09,0.97,0.98,0.02,0.03,0.01,0.01,74743.76,1776306176000
1776306177.535,177.535,0.97,0.98,0.02,0.03,0.01,0.01,74743.76,1776306176000
1776306178.212,178.212,0.97,0.98,0.02,0.03,0.01,0.01,74742.97,1776306177000
1776306178.6,178.6,0.97,0.98,0.02,0.03,0.01,0.01,74742.97,1776306177000
1776306178.954,178.954,0.97,0.98,0.02,0.03,0.01,0.01,74742.97,1776306177000
1776306179.412,179.412,0.97,0.98,0.02,0.03,0.01,0.01,74741.08,1776306178000
1776306179.759,179.759,0.97,0.98,0.02,0.03,0.01,0.01,74741.08,1776306178000
1776306180.274,180.274,0.97,0.98,0.02,0.03,0.01,0.01,74741.04,1776306179000
1776306180.669,180.669,0.97,0.98,0.02,0.03,0.01,0.01,74741.04,1776306179000
1776306181.01,181.01,0.97,0.98,0.02,0.03,0.01,0.01,74741.04,1776306179000
1776306181.368,181.368,0.97,0.98,0.02,0.03,0.01,0.01,74735.39,1776306180000
1776306182.148,182.148,0.97,0.98,0.02,0.03,0.01,0.01,74747.09,1776306181000
1776306183.02,183.02,0.97,0.98,0.02,0.03,0.01,0.01,74747.09,1776306181000
1776306183.39,183.39,0.97,0.98,0.02,0.03,0.01,0.01,74747.09,1776306181000
1776306183.831,183.831,0.97,0.98,0.02,0.03,0.01,0.01,74745.77,1776306182000
1776306184.19,184.19,0.97,0.98,0.02,0.03,0.01,0.01,74744.03,1776306183000
1776306184.535,184.535,0.97,0.98,0.02,0.03,0.01,0.01,74744.03,1776306183000
1776306184.871,184.871,0.97,0.98,0.02,0.03,0.01,0.01,74744.03,1776306183000
1776306185.376,185.376,0.97,0.98,0.02,0.03,0.01,0.01,74743.17,1776306184000
1776306185.842,185.842,0.97,0.98,0.02,0.03,0.01,0.01,74743.17,1776306184000
1776306186.24,186.24,0.97,0.98,0.02,0.03,0.01,0.01,74744.46,1776306185000
1776306186.625,186.625,0.97,0.98,0.02,0.03,0.01,0.01,74744.46,1776306185000
1776306187.457,187.457,0.97,0.98,0.02,0.03,0.01,0.01,74745.55,1776306186000
1776306187.799,187.799,0.97,0.98,0.02,0.03,0.01,0.01,74745.55,1776306186000
1776306188.138,188.138,0.97,0.98,0.02,0.03,0.01,0.01,74746.03,1776306187000
1776306189.135,189.135,0.97,0.98,0.02,0.03,0.01,0.01,74745.7,1776306188000
1776306189.981,189.981,0.97,0.98,0.02,0.03,0.01,0.01,74745.7,1776306188000
1776306190.76,190.76,0.97,0.98,0.02,0.03,0.01,0.01,74745.98,1776306189000
1776306191.344,191.344,0.97,0.98,0.02,0.03,0.01,0.01,74748.56,1776306190000
1776306191.824,191.824,0.97,0.98,0.02,0.03,0.01,0.01,74748.56,1776306190000
1776306192.572,192.572,0.97,0.98,0.02,0.03,0.01,0.01,74752.57,1776306191000
1776306193.059,193.059,0.97,0.98,0.02,0.03,0.01,0.01,74752.57,1776306191000
1776306193.436,193.436,0.97,0.98,0.02,0.03,0.01,0.01,74753.68,1776306192000
1776306193.793,193.793,0.97,0.98,0.02,0.03,0.01,0.01,74753.68,1776306192000
1776306194.258,194.258,0.97,0.98,0.02,0.03,0.01,0.01,74753.64,1776306193000
1776306194.639,194.639,0.97,0.98,0.02,0.03,0.01,0.01,74753.64,1776306193000
1776306195.36,195.36,0.97,0.98,0.02,0.03,0.01,0.01,74752.98,1776306194000
1776306196.058,196.058,0.97,0.98,0.02,0.03,0.01,0.01,74752.98,1776306195000
1776306196.459,196.459,0.97,0.98,0.02,0.03,0.01,0.01,74752.98,1776306195000
1776306196.939,196.939,0.97,0.98,0.02,0.03,0.01,0.01,74752.98,1776306195000
1776306197.723,197.723,0.97,0.98,0.02,0.03,0.01,0.01,74753.22,1776306196000
1776306198.164,198.164,0.97,0.98,0.02,0.03,0.01,0.01,74753.22,1776306196000
1776306198.842,198.842,0.97,0.99,0.01,0.03,0.02,0.02,74747.57,1776306197000
1776306199.325,199.325,0.97,0.98,0.02,0.03,0.01,0.01,74747.45,1776306198000
1776306199.713,199.713,0.97,0.98,0.02,0.03,0.01,0.01,74747.45,1776306198000
1776306200.069,200.069,0.97,0.98,0.02,0.03,0.01,0.01,74747.45,1776306198000
1776306200.983,200.983,0.97,0.98,0.02,0.03,0.01,0.01,74746.86,1776306199000
1776306201.353,201.353,0.97,0.98,0.02,0.03,0.01,0.01,74746.5,1776306200000
1776306202.137,202.137,0.97,0.98,0.02,0.03,0.01,0.01,74746.51,1776306201000
1776306202.828,202.828,0.97,0.98,0.02,0.03,0.01,0.01,74746.51,1776306201000
1776306203.234,203.234,0.97,0.98,0.02,0.03,0.01,0.01,74746.25,1776306202000
1776306203.7,203.7,0.97,0.98,0.02,0.03,0.01,0.01,74746.25,1776306202000
1776306204.257,204.257,0.97,0.98,0.02,0.03,0.01,0.01,74746.08,1776306203000
1776306205.325,205.325,0.97,0.98,0.02,0.03,0.01,0.01,74745.93,1776306204000
1776306205.838,205.838,0.97,0.98,0.02,0.03,0.01,0.01,74745.93,1776306204000
1776306206.277,206.277,0.97,0.98,0.02,0.03,0.01,0.01,74746.0,1776306205000
1776306207.299,207.299,0.97,0.98,0.02,0.03,0.01,0.01,74746.04,1776306206000
1776306207.953,207.953,0.97,0.98,0.02,0.03,0.01,0.01,74746.04,1776306206000
1776306208.295,208.295,0.97,0.98,0.02,0.03,0.01,0.01,74746.04,1776306207000
1776306209.088,209.088,0.97,0.98,0.02,0.03,0.01,0.01,74746.04,1776306207000
1776306209.425,209.425,0.98,0.99,0.01,0.02,0.01,0.01,74746.04,1776306208000
1776306210.122,210.122,0.98,0.99,0.01,0.02,0.01,0.01,74746.04,1776306208000
1776306210.462,210.462,0.98,0.99,0.01,0.02,0.01,0.01,74746.06,1776306209000
1776306210.82,210.82,0.98,0.99,0.01,0.02,0.01,0.01,74746.06,1776306209000
1776306211.16,211.16,0.98,0.99,0.01,0.02,0.01,0.01,74746.06,1776306209000
1776306211.495,211.495,0.98,0.99,0.01,0.02,0.01,0.01,74746.06,1776306210000
1776306211.942,211.942,0.98,0.99,0.01,0.02,0.01,0.01,74746.06,1776306210000
1776306212.346,212.346,0.98,0.99,0.01,0.02,0.01,0.01,74744.43,1776306211000
1776306212.834,212.834,0.98,0.99,0.01,0.02,0.01,0.01,74744.43,1776306211000
1776306213.434,213.434,0.98,0.99,0.01,0.02,0.01,0.01,74741.97,1776306212000
1776306213.861,213.861,0.98,0.99,0.01,0.02,0.01,0.01,74741.97,1776306212000
1776306214.233,214.233,0.98,0.99,0.01,0.02,0.01,0.01,74741.97,1776306213000
1776306214.652,214.652,0.98,0.99,0.01,0.02,0.01,0.01,74741.97,1776306213000
1776306215.249,215.249,0.98,0.99,0.01,0.02,0.01,0.01,74741.97,1776306213000
1776306215.827,215.827,0.98,0.99,0.01,0.02,0.01,0.01,74742.17,1776306214000
1776306216.215,216.215,0.98,0.99,0.01,0.02,0.01,0.01,74742.17,1776306214000
1776306217.127,217.127,0.98,0.99,0.01,0.02,0.01,0.01,74743.19,1776306216000
1776306217.584,217.584,0.98,0.99,0.01,0.02,0.01,0.01,74743.19,1776306216000
1776306217.942,217.942,0.98,0.99,0.01,0.02,0.01,0.01,74743.19,1776306216000
1776306218.348,218.348,0.98,0.99,0.01,0.02,0.01,0.01,74744.07,1776306217000
1776306218.787,218.787,0.98,0.99,0.01,0.02,0.01,0.01,74744.07,1776306217000
1776306219.131,219.131,0.98,0.99,0.01,0.02,0.01,0.01,74744.07,1776306217000
1776306219.567,219.567,0.98,0.99,0.01,0.02,0.01,0.01,74751.78,1776306218000
1776306219.921,219.921,0.98,0.99,0.01,0.02,0.01,0.01,74751.78,1776306218000
1776306220.88,220.88,0.98,0.99,0.01,0.02,0.01,0.01,74754.42,1776306219000
1776306221.697,221.697,0.98,0.99,0.01,0.02,0.01,0.01,74755.16,1776306220000
1776306222.319,222.319,0.98,0.99,0.01,0.02,0.01,0.01,74755.04,1776306221000
1776306222.816,222.816,0.98,0.99,0.01,0.02,0.01,0.01,74755.04,1776306221000
1776306223.352,223.352,0.98,0.99,0.01,0.02,0.01,0.01,74755.04,1776306221000
1776306223.976,223.976,0.98,0.99,0.01,0.02,0.01,0.01,74754.4,1776306222000
1776306224.814,224.814,0.98,0.99,0.01,0.02,0.01,0.01,74754.61,1776306223000
1776306225.174,225.174,0.98,0.99,0.01,0.02,0.01,0.01,74754.91,1776306224000
1776306225.594,225.594,0.98,0.99,0.01,0.02,0.01,0.01,74754.91,1776306224000
1776306225.948,225.948,0.98,0.99,0.01,0.02,0.01,0.01,74754.91,1776306224000
1776306226.365,226.365,0.98,0.99,0.01,0.02,0.01,0.01,74755.1,1776306225000
1776306226.987,226.987,0.98,0.99,0.01,0.02,0.01,0.01,74755.1,1776306225000
1776306227.413,227.413,0.98,0.99,0.01,0.02,0.01,0.01,74754.91,1776306226000
1776306228.592,228.592,0.98,0.99,0.01,0.02,0.01,0.01,74754.91,1776306226000
1776306228.975,228.975,0.98,0.99,0.01,0.02,0.01,0.01,74754.91,1776306226000
1776306229.594,229.594,0.98,0.99,0.01,0.02,0.01,0.01,74746.33,1776306228000
1776306230.285,230.285,0.98,0.99,0.01,0.02,0.01,0.01,74744.83,1776306229000
1776306230.751,230.751,0.98,0.99,0.01,0.02,0.01,0.01,74744.83,1776306229000
1776306231.194,231.194,0.98,0.99,0.01,0.02,0.01,0.01,74744.83,1776306229000
1776306231.54,231.54,0.98,0.99,0.01,0.02,0.01,0.01,74742.83,1776306230000
1776306232.027,232.027,0.98,0.99,0.01,0.02,0.01,0.01,74742.54,1776306231000
1776306232.688,232.688,0.98,0.99,0.01,0.02,0.01,0.01,74742.54,1776306231000
1776306233.134,233.134,0.98,0.99,0.01,0.02,0.01,0.01,74742.54,1776306231000
1776306233.548,233.548,0.98,0.99,0.01,0.02,0.01,0.01,74741.17,1776306232000
1776306234.41,234.41,0.98,0.99,0.01,0.02,0.01,0.01,74740.9,1776306233000
1776306234.748,234.748,0.98,0.99,0.01,0.02,0.01,0.01,74740.9,1776306233000
1776306235.219,235.219,0.98,0.99,0.01,0.02,0.01,0.01,74740.88,1776306234000
1776306235.971,235.971,0.98,0.99,0.01,0.02,0.01,0.01,74740.88,1776306234000
1776306236.814,236.814,0.98,0.99,0.01,0.02,0.01,0.01,74740.76,1776306235000
1776306237.254,237.254,0.98,0.99,0.01,0.02,0.01,0.01,74741,1776306236000
1776306238.078,238.078,0.98,0.99,0.01,0.02,0.01,0.01,74741,1776306236000
1776306238.952,238.952,0.98,0.99,0.01,0.02,0.01,0.01,74741.44,1776306238000
1776306239.462,239.462,0.98,0.99,0.01,0.02,0.01,0.01,74741.44,1776306238000
1776306239.83,239.83,0.98,0.99,0.01,0.02,0.01,0.01,74741.44,1776306238000
1776306240.387,240.387,0.98,0.99,0.01,0.02,0.01,0.01,74741.44,1776306239000
1776306240.881,240.881,0.98,0.99,0.01,0.02,0.01,0.01,74741.44,1776306239000
1776306241.231,241.231,0.98,0.99,0.01,0.02,0.01,0.01,74741.4,1776306240000
1776306241.579,241.579,0.98,0.99,0.01,0.02,0.01,0.01,74741.4,1776306240000
1776306242.154,242.154,0.98,0.99,0.01,0.02,0.01,0.01,74741.4,1776306240000
1776306242.566,242.566,0.98,0.99,0.01,0.02,0.01,0.01,74741.33,1776306241000
1776306242.953,242.953,0.98,0.99,0.01,0.02,0.01,0.01,74741.3,1776306242000
1776306243.543,243.543,0.98,0.99,0.01,0.02,0.01,0.01,74741.3,1776306242000
1776306243.946,243.946,0.98,0.99,0.01,0.02,0.01,0.01,74741.3,1776306242000
1776306244.3,244.3,0.98,0.99,0.01,0.02,0.01,0.01,74736.52,1776306243000
1776306244.985,244.985,0.98,0.99,0.01,0.02,0.01,0.01,74736.52,1776306243000
1776306245.454,245.454,0.98,0.99,0.01,0.02,0.01,0.01,74737.58,1776306244000
1776306246.076,246.076,0.98,0.99,0.01,0.02,0.01,0.01,74737.58,1776306244000
1776306246.755,246.755,0.98,0.99,0.01,0.02,0.01,0.01,74738.38,1776306245000
1776306247.285,247.285,0.98,0.99,0.01,0.02,0.01,0.01,74738.38,1776306245000
1776306247.868,247.868,0.98,0.99,0.01,0.02,0.01,0.01,74738.4,1776306246000
1776306248.328,248.328,0.98,0.99,0.01,0.02,0.01,0.01,74738.59,1776306247000
1776306248.715,248.715,0.98,0.99,0.01,0.02,0.01,0.01,74738.59,1776306247000
1776306249.169,249.169,0.98,0.99,0.01,0.02,0.01,0.01,74738.59,1776306247000
1776306249.741,249.741,0.98,0.99,0.01,0.02,0.01,0.01,74738.33,1776306248000
1776306250.375,250.375,0.98,0.99,0.01,0.02,0.01,0.01,74738.33,1776306249000
1776306250.826,250.826,0.98,0.99,0.01,0.02,0.01,0.01,74738.33,1776306249000
1776306251.384,251.384,0.98,0.99,0.01,0.02,0.01,0.01,74737.69,1776306250000
1776306252.137,252.137,0.98,0.99,0.01,0.02,0.01,0.01,74738.34,1776306251000
1776306252.49,252.49,0.98,0.99,0.01,0.02,0.01,0.01,74738.34,1776306251000
1776306252.849,252.849,0.98,0.99,0.01,0.02,0.01,0.01,74738.34,1776306251000
1776306253.605,253.605,0.98,0.99,0.01,0.02,0.01,0.01,74738.38,1776306252000
1776306253.95,253.95,0.98,0.99,0.01,0.02,0.01,0.01,74738.38,1776306252000
1776306254.301,254.301,0.98,0.99,0.01,0.02,0.01,0.01,74738.38,1776306253000
1776306255.331,255.331,0.98,0.99,0.01,0.02,0.01,0.01,74738.38,1776306253000
1776306255.717,255.717,0.98,0.99,0.01,0.02,0.01,0.01,74738.39,1776306254000
1776306256.203,256.203,0.98,0.99,0.01,0.02,0.01,0.01,74738.39,1776306254000
1776306256.791,256.791,0.98,0.99,0.01,0.02,0.01,0.01,74737.84,1776306255000
1776306257.197,257.197,0.98,0.99,0.01,0.02,0.01,0.01,74736.98,1776306256000
1776306257.536,257.536,0.98,0.99,0.01,0.02,0.01,0.01,74736.98,1776306256000
1776306258.425,258.425,0.98,0.99,0.01,0.02,0.01,0.01,74737.32,1776306257000
1776306258.882,258.882,0.98,0.99,0.01,0.02,0.01,0.01,74737.32,1776306257000
1776306259.513,259.513,0.98,0.99,0.01,0.02,0.01,0.01,74737.38,1776306258000
1776306259.951,259.951,0.98,0.99,0.01,0.02,0.01,0.01,74737.38,1776306258000
1776306260.796,260.796,0.98,0.99,0.01,0.02,0.01,0.01,74737.89,1776306259000
1776306261.236,261.236,0.98,0.99,0.01,0.02,0.01,0.01,74738.17,1776306260000
1776306261.618,261.618,0.98,0.99,0.01,0.02,0.01,0.01,74738.17,1776306260000
1776306261.983,261.983,0.98,0.99,0.01,0.02,0.01,0.01,74738.18,1776306261000
1776306262.395,262.395,0.98,0.99,0.01,0.02,0.01,0.01,74738.18,1776306261000
1776306262.8,262.8,0.98,0.99,0.01,0.02,0.01,0.01,74738.18,1776306261000
1776306263.153,263.153,0.98,0.99,0.01,0.02,0.01,0.01,74738.18,1776306262000
1776306263.633,263.633,0.98,0.99,0.01,0.02,0.01,0.01,74738.18,1776306262000
1776306264.142,264.142,0.98,0.99,0.01,0.02,0.01,0.01,74738.19,1776306263000
1776306264.64,264.64,0.98,0.99,0.01,0.02,0.01,0.01,74738.19,1776306263000
1776306265.081,265.081,0.98,0.99,0.01,0.02,0.01,0.01,74736.48,1776306264000
1776306265.586,265.586,0.98,0.99,0.01,0.03,0.01,0.02,74736.48,1776306264000
1776306265.923,265.923,0.97,0.99,0.01,0.02,0.02,0.01,74736.79,1776306265000
1776306266.391,266.391,0.98,0.99,0.01,0.03,0.01,0.02,74736.79,1776306265000
1776306266.808,266.808,0.97,0.99,0.01,0.02,0.02,0.01,74736.79,1776306265000
1776306267.166,267.166,0.98,0.99,0.01,0.02,0.01,0.01,74739.69,1776306266000
1776306267.584,267.584,0.97,0.98,0.02,0.03,0.01,0.01,74739.69,1776306266000
1776306267.917,267.917,0.97,0.98,0.02,0.03,0.01,0.01,74739.69,1776306266000
1776306268.266,268.266,0.97,0.98,0.02,0.03,0.01,0.01,74740.1,1776306267000
1776306268.681,268.681,0.97,0.98,0.02,0.03,0.01,0.01,74740.1,1776306267000
1776306269.033,269.033,0.97,0.98,0.02,0.03,0.01,0.01,74741.57,1776306268000
1776306269.433,269.433,0.97,0.98,0.02,0.03,0.01,0.01,74741.57,1776306268000
1776306269.82,269.82,0.97,0.98,0.01,0.02,0.01,0.01,74741.57,1776306268000
1776306270.212,270.212,0.97,0.98,0.02,0.03,0.01,0.01,74744.58,1776306269000
1776306270.641,270.641,0.99,0.98,0.02,0.01,-0.01,-0.01,74744.58,1776306269000
1776306270.998,270.998,0.99,0.98,0.02,0.01,-0.01,-0.01,74746.9,1776306270000
1776306271.679,271.679,0.99,0.98,0.02,0.01,-0.01,-0.01,74746.9,1776306270000
1776306272.062,272.062,0.99,0.98,0.02,0.01,-0.01,-0.01,74751.69,1776306271000
1776306272.492,272.492,0.99,0.98,0.02,0.01,-0.01,-0.01,74751.69,1776306271000
1776306272.879,272.879,0.99,0.98,0.02,0.01,-0.01,-0.01,74755.32,1776306272000
1776306273.526,273.526,0.99,0.98,0.02,0.01,-0.01,-0.01,74755.32,1776306272000
1776306274.122,274.122,0.99,0.98,0.02,0.01,-0.01,-0.01,74750.16,1776306273000
1776306274.585,274.585,0.99,0.98,0.02,0.01,-0.01,-0.01,74750.16,1776306273000
1776306275.334,275.334,0.99,0.98,0.02,0.01,-0.01,-0.01,74746.38,1776306274000
1776306275.986,275.986,0.99,0.98,0.02,0.01,-0.01,-0.01,74746.38,1776306274000
1776306276.596,276.596,0.99,0.98,0.02,0.01,-0.01,-0.01,74742.03,1776306275000
1776306277.121,277.121,0.99,0.98,0.02,0.01,-0.01,-0.01,74742.32,1776306276000
1776306277.892,277.892,0.99,0.98,0.02,0.01,-0.01,-0.01,74742.32,1776306276000
1776306278.615,278.615,0.99,0.98,0.02,0.01,-0.01,-0.01,74741.79,1776306277000
1776306279.148,279.148,0.99,0.98,0.02,0.01,-0.01,-0.01,74742.4,1776306278000
1776306280.135,280.135,0.99,0.98,0.02,0.01,-0.01,-0.01,74741.47,1776306279000
1776306280.989,280.989,0.99,0.98,0.02,0.01,-0.01,-0.01,74741.47,1776306279000
1776306282.097,282.097,0.99,0.98,0.02,0.01,-0.01,-0.01,74743.01,1776306281000
1776306282.431,282.431,0.99,0.98,0.02,0.01,-0.01,-0.01,74743.01,1776306281000
1776306283.582,283.582,0.99,0.98,0.02,0.01,-0.01,-0.01,74743.01,1776306282000
1776306284.205,284.205,0.99,0.98,0.02,0.01,-0.01,-0.01,74742.64,1776306283000
1776306284.926,284.926,0.99,0.98,0.02,0.01,-0.01,-0.01,74742.64,1776306283000
1776306285.741,285.741,0.99,0.98,0.02,0.01,-0.01,-0.01,74742.14,1776306284000
1776306286.357,286.357,0.99,0.98,0.02,0.01,-0.01,-0.01,74742.68,1776306285000
1776306287.172,287.172,0.99,0.98,0.02,0.01,-0.01,-0.01,74742.14,1776306286000
1776306287.559,287.559,0.99,0.98,0.02,0.01,-0.01,-0.01,74742.14,1776306286000
1776306288.214,288.214,0.99,0.98,0.02,0.01,-0.01,-0.01,74742.14,1776306286000
1776306289.08,289.08,0.99,0.98,0.02,0.01,-0.01,-0.01,74743.09,1776306288000
1776306290.282,290.282,0.99,0.98,0.02,0.01,-0.01,-0.01,74743.71,1776306289000
1776306291.435,291.435,0.99,0.98,0.02,0.01,-0.01,-0.01,74743.68,1776306290000
1776306292.064,292.064,0.99,0.98,0.02,0.01,-0.01,-0.01,74743.68,1776306291000
1776306293.199,293.199,0.99,0.98,0.02,0.01,-0.01,-0.01,74743.69,1776306292000
1776306294.194,294.194,0.99,0.98,0.02,0.01,-0.01,-0.01,74743.69,1776306292000
1776306294.554,294.554,0.99,0.98,0.02,0.01,-0.01,-0.01,74743.67,1776306293000
1776306295.059,295.059,0.99,0.98,0.02,0.01,-0.01,-0.01,74743.7,1776306294000
1776306296.299,296.299,0.99,0.98,0.02,0.01,-0.01,-0.01,74744.02,1776306295000
1776306296.702,296.702,0.99,0.98,0.02,0.01,-0.01,-0.01,74744.02,1776306295000
1776306297.143,297.143,0.99,0.98,0.02,0.01,-0.01,-0.01,74744.02,1776306296000
1776306298.416,298.416,0.99,0.98,0.02,0.01,-0.01,-0.01,74745.18,1776306297000
1776306299.185,299.185,0.99,0.98,0.02,0.01,-0.01,-0.01,74746.69,1776306298000
1776306300.236,300.236,0.99,0.98,0.02,0.01,-0.01,-0.01,74752.55,1776306299000

# RESULT,winner=Up,slug=btc-updown-5m-1776306000,ticks=579
