timestamp,elapsed_sec,up_bid,up_ask,down_bid,down_ask,up_spread,down_spread,btc_price,btc_oracle_ts
1776477000.564,0.564,0.5,0.51,0.49,0.5,0.01,0.01,77202.81,1776476999000
1776477001.079,1.079,0.5,0.51,0.49,0.5,0.01,0.01,77202.81,1776476999000
1776477001.417,1.417,0.5,0.51,0.49,0.5,0.01,0.01,77203.17,1776477000000
1776477001.819,1.819,0.51,0.52,0.48,0.49,0.01,0.01,77203.17,1776477000000
1776477002.164,2.164,0.53,0.54,0.46,0.47,0.01,0.01,77203.17,1776477000000
1776477002.579,2.579,0.53,0.54,0.46,0.47,0.01,0.01,77202.84,1776477001000
1776477003.032,3.032,0.55,0.56,0.44,0.45,0.01,0.01,77202.84,1776477001000
1776477003.477,3.477,0.55,0.58,0.42,0.45,0.03,0.03,77202.81,1776477002000
1776477003.817,3.817,0.58,0.59,0.4,0.44,0.01,0.04,77202.81,1776477002000
1776477004.157,4.157,0.58,0.59,0.41,0.42,0.01,0.01,77202.81,1776477003000
1776477004.577,4.577,0.59,0.6,0.41,0.42,0.01,0.01,77202.81,1776477003000
1776477004.971,4.971,0.59,0.6,0.4,0.41,0.01,0.01,77202.81,1776477003000
1776477005.305,5.305,0.59,0.6,0.4,0.41,0.01,0.01,77203.21,1776477004000
1776477005.646,5.646,0.59,0.6,0.4,0.41,0.01,0.01,77203.21,1776477004000
1776477006.012,6.012,0.59,0.6,0.4,0.41,0.01,0.01,77203.21,1776477004000
1776477006.372,6.372,0.59,0.6,0.4,0.41,0.01,0.01,77207.97,1776477005000
1776477006.808,6.808,0.59,0.6,0.4,0.41,0.01,0.01,77207.97,1776477005000
1776477007.344,7.344,0.59,0.6,0.4,0.41,0.01,0.01,77207.97,1776477005000
1776477007.812,7.812,0.59,0.6,0.4,0.41,0.01,0.01,77208.49,1776477006000
1776477008.493,8.493,0.59,0.6,0.4,0.41,0.01,0.01,77208.49,1776477007000
1776477008.95,8.95,0.59,0.6,0.4,0.41,0.01,0.01,77208.49,1776477007000
1776477009.363,9.363,0.59,0.6,0.4,0.41,0.01,0.01,77208.52,1776477008000
1776477009.712,9.712,0.59,0.6,0.4,0.41,0.01,0.01,77208.52,1776477008000
1776477010.408,10.408,0.59,0.6,0.4,0.41,0.01,0.01,77208.52,1776477008000
1776477010.861,10.861,0.59,0.6,0.4,0.41,0.01,0.01,77208.53,1776477009000
1776477011.213,11.213,0.59,0.6,0.4,0.41,0.01,0.01,77208.49,1776477010000
1776477012.11,12.11,0.59,0.6,0.4,0.41,0.01,0.01,77208.49,1776477010000
1776477012.626,12.626,0.59,0.6,0.4,0.41,0.01,0.01,77208.45,1776477011000
1776477013.039,13.039,0.59,0.6,0.4,0.41,0.01,0.01,77208.45,1776477011000
1776477013.429,13.429,0.59,0.6,0.4,0.41,0.01,0.01,77208.45,1776477011000
1776477013.767,13.767,0.58,0.59,0.41,0.42,0.01,0.01,77208.45,1776477012000
1776477014.698,14.698,0.58,0.59,0.41,0.42,0.01,0.01,77208.45,1776477012000
1776477015.209,15.209,0.58,0.59,0.41,0.42,0.01,0.01,77208.48,1776477013000
1776477015.657,15.657,0.58,0.59,0.41,0.42,0.01,0.01,77208.27,1776477014000
1776477016.263,16.263,0.58,0.59,0.41,0.42,0.01,0.01,77208.27,1776477014000
1776477016.676,16.676,0.62,0.63,0.37,0.38,0.01,0.01,77208.41,1776477015000
1776477017.032,17.032,0.63,0.64,0.36,0.37,0.01,0.01,77208.41,1776477015000
1776477017.467,17.467,0.63,0.64,0.36,0.37,0.01,0.01,77208.53,1776477016000
1776477017.804,17.804,0.64,0.65,0.35,0.36,0.01,0.01,77208.53,1776477016000
1776477018.143,18.143,0.64,0.65,0.35,0.36,0.01,0.01,77208.53,1776477016000
1776477018.521,18.521,0.64,0.65,0.35,0.36,0.01,0.01,77208.53,1776477016000
1776477019.011,19.011,0.64,0.65,0.35,0.36,0.01,0.01,77211.95,1776477017000
1776477019.379,19.379,0.64,0.65,0.35,0.36,0.01,0.01,77215.35,1776477018000
1776477019.803,19.803,0.64,0.65,0.35,0.36,0.01,0.01,77215.35,1776477018000
1776477020.157,20.157,0.66,0.67,0.33,0.34,0.01,0.01,77215.35,1776477018000
1776477020.559,20.559,0.66,0.67,0.33,0.34,0.01,0.01,77215.35,1776477018000
1776477020.906,20.906,0.66,0.67,0.33,0.34,0.01,0.01,77215.35,1776477018000
1776477021.298,21.298,0.66,0.67,0.33,0.35,0.01,0.02,77216.11,1776477019000
1776477022.198,22.198,0.66,0.67,0.33,0.34,0.01,0.01,77216.88,1776477020000
1776477022.776,22.776,0.66,0.67,0.33,0.34,0.01,0.01,77218.46,1776477021000
1776477023.236,23.236,0.65,0.66,0.34,0.35,0.01,0.01,77219.78,1776477022000
1776477023.598,23.598,0.65,0.66,0.34,0.35,0.01,0.01,77219.78,1776477022000
1776477023.947,23.947,0.66,0.67,0.33,0.35,0.01,0.02,77219.78,1776477022000
1776477024.291,24.291,0.68,0.72,0.28,0.32,0.04,0.04,77219.78,1776477022000
1776477024.804,24.804,0.71,0.72,0.28,0.3,0.01,0.02,77219.8,1776477023000
1776477025.175,25.175,0.72,0.73,0.26,0.29,0.01,0.03,77219.94,1776477024000
1776477025.628,25.628,0.73,0.75,0.26,0.27,0.02,0.01,77219.94,1776477024000
1776477025.97,25.97,0.75,0.77,0.23,0.25,0.02,0.02,77219.94,1776477024000
1776477026.313,26.313,0.75,0.76,0.24,0.25,0.01,0.01,77230.19,1776477025000
1776477026.726,26.726,0.75,0.76,0.23,0.25,0.01,0.02,77230.19,1776477025000
1776477027.138,27.138,0.75,0.78,0.23,0.25,0.03,0.02,77230.19,1776477025000
1776477027.478,27.478,0.76,0.79,0.21,0.24,0.03,0.03,77230.19,1776477025000
1776477027.84,27.84,0.77,0.79,0.21,0.23,0.02,0.02,77237.06,1776477026000
1776477028.195,28.195,0.78,0.79,0.21,0.22,0.01,0.01,77241.25,1776477027000
1776477028.528,28.528,0.78,0.79,0.21,0.22,0.01,0.01,77241.25,1776477027000
1776477028.874,28.874,0.78,0.81,0.19,0.21,0.03,0.02,77241.25,1776477027000
1776477029.225,29.225,0.81,0.83,0.18,0.2,0.02,0.02,77241.25,1776477027000
1776477029.566,29.566,0.81,0.82,0.18,0.19,0.01,0.01,77253.33,1776477028000
1776477029.959,29.959,0.81,0.82,0.18,0.19,0.01,0.01,77253.33,1776477028000
1776477030.324,30.324,0.81,0.82,0.18,0.19,0.01,0.01,77253.33,1776477028000
1776477030.687,30.687,0.79,0.8,0.2,0.23,0.01,0.03,77253.33,1776477028000
1776477031.166,31.166,0.78,0.79,0.21,0.22,0.01,0.01,77260.01,1776477030000
1776477031.499,31.499,0.78,0.79,0.21,0.22,0.01,0.01,77260.01,1776477030000
1776477031.953,31.953,0.77,0.78,0.21,0.23,0.01,0.02,77260.01,1776477030000
1776477032.291,32.291,0.77,0.78,0.22,0.23,0.01,0.01,77260.01,1776477030000
1776477032.714,32.714,0.77,0.78,0.22,0.23,0.01,0.01,77257.39,1776477031000
1776477033.124,33.124,0.77,0.78,0.22,0.23,0.01,0.01,77256.43,1776477032000
1776477033.492,33.492,0.77,0.78,0.19,0.23,0.01,0.04,77256.43,1776477032000
1776477034.329,34.329,0.77,0.78,0.22,0.23,0.01,0.01,77253.31,1776477033000
1776477034.747,34.747,0.77,0.78,0.22,0.23,0.01,0.01,77253.31,1776477033000
1776477035.238,35.238,0.77,0.78,0.22,0.23,0.01,0.01,77253.31,1776477033000
1776477035.95,35.95,0.77,0.78,0.22,0.23,0.01,0.01,77252.8,1776477034000
1776477036.378,36.378,0.77,0.78,0.22,0.23,0.01,0.01,77252.83,1776477035000
1776477036.752,36.752,0.76,0.77,0.23,0.24,0.01,0.01,77252.83,1776477035000
1776477037.333,37.333,0.76,0.77,0.23,0.24,0.01,0.01,77252.83,1776477035000
1776477037.826,37.826,0.76,0.77,0.23,0.24,0.01,0.01,77253.81,1776477036000
1776477038.18,38.18,0.76,0.77,0.23,0.24,0.01,0.01,77253.81,1776477036000
1776477038.576,38.576,0.76,0.77,0.23,0.24,0.01,0.01,77253.86,1776477037000
1776477039.014,39.014,0.76,0.77,0.23,0.24,0.01,0.01,77253.86,1776477038000
1776477039.421,39.421,0.75,0.77,0.23,0.24,0.02,0.01,77253.86,1776477038000
1776477039.83,39.83,0.76,0.77,0.23,0.25,0.01,0.02,77253.86,1776477038000
1776477040.249,40.249,0.76,0.77,0.23,0.24,0.01,0.01,77253.86,1776477038000
1776477040.648,40.648,0.76,0.77,0.23,0.24,0.01,0.01,77251.85,1776477039000
1776477041.311,41.311,0.76,0.77,0.23,0.24,0.01,0.01,77251.81,1776477040000
1776477041.774,41.774,0.75,0.76,0.24,0.25,0.01,0.01,77251.81,1776477040000
1776477042.592,42.592,0.75,0.76,0.24,0.25,0.01,0.01,77251.93,1776477041000
1776477042.974,42.974,0.75,0.76,0.24,0.25,0.01,0.01,77251.93,1776477041000
1776477043.377,43.377,0.75,0.76,0.24,0.25,0.01,0.01,77251.93,1776477042000
1776477044.005,44.005,0.75,0.76,0.24,0.25,0.01,0.01,77251.93,1776477042000
1776477044.394,44.394,0.75,0.76,0.24,0.25,0.01,0.01,77251.93,1776477042000
1776477044.888,44.888,0.75,0.83,0.24,0.25,0.08,0.01,77251.93,1776477043000
1776477045.27,45.27,0.77,0.79,0.17,0.25,0.02,0.08,77251.93,1776477044000
1776477045.643,45.643,0.77,0.78,0.22,0.25,0.01,0.03,77251.93,1776477044000
1776477046.251,46.251,0.77,0.78,0.22,0.23,0.01,0.01,77251.93,1776477044000
1776477046.648,46.648,0.77,0.78,0.22,0.23,0.01,0.01,77251.94,1776477045000
1776477047.111,47.111,0.77,0.78,0.22,0.23,0.01,0.01,77251.93,1776477046000
1776477047.771,47.771,0.77,0.78,0.22,0.23,0.01,0.01,77251.93,1776477046000
1776477048.13,48.13,0.77,0.78,0.21,0.23,0.01,0.02,77251.93,1776477046000
1776477048.959,48.959,0.77,0.78,0.22,0.23,0.01,0.01,77251.7,1776477047000
1776477049.546,49.546,0.77,0.78,0.22,0.23,0.01,0.01,77251.7,1776477048000
1776477050.188,50.188,0.77,0.78,0.22,0.23,0.01,0.01,77251.7,1776477049000
1776477050.689,50.689,0.77,0.78,0.22,0.23,0.01,0.01,77251.7,1776477049000
1776477051.326,51.326,0.77,0.78,0.22,0.23,0.01,0.01,77251.43,1776477050000
1776477051.894,51.894,0.77,0.78,0.22,0.23,0.01,0.01,77251.43,1776477050000
1776477052.333,52.333,0.77,0.78,0.22,0.23,0.01,0.01,77251.43,1776477050000
1776477052.676,52.676,0.77,0.78,0.22,0.23,0.01,0.01,77251.12,1776477051000
1776477053.144,53.144,0.77,0.78,0.22,0.23,0.01,0.01,77251.0,1776477052000
1776477054.336,54.336,0.77,0.78,0.22,0.23,0.01,0.01,77251.0,1776477053000
1776477055.316,55.316,0.77,0.78,0.22,0.23,0.01,0.01,77251.0,1776477053000
1776477055.79,55.79,0.77,0.78,0.22,0.23,0.01,0.01,77251.0,1776477053000
1776477056.357,56.357,0.77,0.78,0.22,0.23,0.01,0.01,77251.0,1776477055000
1776477056.924,56.924,0.77,0.78,0.22,0.23,0.01,0.01,77251.0,1776477056000
1776477057.359,57.359,0.77,0.78,0.22,0.23,0.01,0.01,77251.0,1776477056000
1776477057.937,57.937,0.77,0.78,0.22,0.23,0.01,0.01,77251.0,1776477056000
1776477058.337,58.337,0.77,0.78,0.22,0.23,0.01,0.01,77250.92,1776477057000
1776477058.69,58.69,0.77,0.78,0.22,0.23,0.01,0.01,77250.92,1776477057000
1776477059.16,59.16,0.77,0.78,0.22,0.23,0.01,0.01,77250.92,1776477058000
1776477059.585,59.585,0.76,0.77,0.23,0.24,0.01,0.01,77250.92,1776477058000
1776477060.064,60.064,0.76,0.77,0.23,0.24,0.01,0.01,77250.67,1776477059000
1776477060.409,60.409,0.76,0.77,0.23,0.24,0.01,0.01,77250.67,1776477059000
1776477060.799,60.799,0.76,0.77,0.23,0.24,0.01,0.01,77250.67,1776477059000
1776477061.136,61.136,0.76,0.77,0.23,0.24,0.01,0.01,77250.67,1776477059000
1776477061.698,61.698,0.76,0.77,0.23,0.24,0.01,0.01,77249.46,1776477060000
1776477062.112,62.112,0.76,0.77,0.23,0.24,0.01,0.01,77249.46,1776477060000
1776477062.543,62.543,0.76,0.77,0.23,0.24,0.01,0.01,77249.21,1776477061000
1776477063.045,63.045,0.76,0.77,0.23,0.24,0.01,0.01,77249.21,1776477061000
1776477063.443,63.443,0.76,0.77,0.23,0.24,0.01,0.01,77248.85,1776477062000
1776477063.908,63.908,0.76,0.78,0.23,0.24,0.02,0.01,77248.85,1776477062000
1776477064.577,64.577,0.77,0.78,0.22,0.24,0.01,0.02,77248.78,1776477063000
1776477064.954,64.954,0.77,0.78,0.22,0.23,0.01,0.01,77248.78,1776477063000
1776477065.47,65.47,0.77,0.78,0.22,0.23,0.01,0.01,77248.63,1776477064000
1776477066.084,66.084,0.77,0.78,0.22,0.23,0.01,0.01,77248.43,1776477065000
1776477066.947,66.947,0.77,0.78,0.22,0.23,0.01,0.01,77248.43,1776477065000
1776477067.285,67.285,0.77,0.78,0.22,0.23,0.01,0.01,77246.41,1776477066000
1776477067.784,67.784,0.76,0.77,0.22,0.24,0.01,0.02,77246.41,1776477066000
1776477068.359,68.359,0.76,0.77,0.23,0.24,0.01,0.01,77246.41,1776477066000
1776477068.828,68.828,0.76,0.77,0.23,0.24,0.01,0.01,77247.08,1776477067000
1776477069.365,69.365,0.76,0.77,0.23,0.24,0.01,0.01,77247.08,1776477068000
1776477070.141,70.141,0.75,0.76,0.24,0.25,0.01,0.01,77246.88,1776477069000
1776477070.616,70.616,0.75,0.76,0.24,0.25,0.01,0.01,77246.88,1776477069000
1776477071.214,71.214,0.75,0.76,0.24,0.25,0.01,0.01,77246.87,1776477070000
1776477071.68,71.68,0.75,0.76,0.24,0.25,0.01,0.01,77246.87,1776477070000
1776477072.161,72.161,0.75,0.76,0.24,0.25,0.01,0.01,77246.87,1776477070000
1776477073.155,73.155,0.75,0.76,0.24,0.25,0.01,0.01,77246.95,1776477071000
1776477073.807,73.807,0.75,0.76,0.24,0.25,0.01,0.01,77246.87,1776477072000
1776477074.168,74.168,0.75,0.76,0.24,0.25,0.01,0.01,77246.87,1776477072000
1776477074.687,74.687,0.75,0.76,0.24,0.25,0.01,0.01,77247.3,1776477073000
1776477075.032,75.032,0.75,0.76,0.24,0.25,0.01,0.01,77247.3,1776477073000
1776477075.467,75.467,0.75,0.76,0.24,0.25,0.01,0.01,77246.12,1776477074000
1776477075.853,75.853,0.75,0.76,0.24,0.25,0.01,0.01,77246.12,1776477074000
1776477076.265,76.265,0.75,0.76,0.24,0.25,0.01,0.01,77246.12,1776477074000
1776477076.602,76.602,0.74,0.75,0.24,0.26,0.01,0.02,77244.74,1776477075000
1776477076.987,76.987,0.74,0.75,0.25,0.26,0.01,0.01,77244.38,1776477076000
1776477077.66,77.66,0.74,0.75,0.25,0.26,0.01,0.01,77244.38,1776477076000
1776477078.148,78.148,0.74,0.75,0.25,0.26,0.01,0.01,77244.36,1776477077000
1776477078.999,78.999,0.74,0.75,0.25,0.26,0.01,0.01,77244.36,1776477077000
1776477079.463,79.463,0.74,0.75,0.25,0.26,0.01,0.01,77245.31,1776477078000
1776477080.315,80.315,0.74,0.75,0.25,0.26,0.01,0.01,77244.22,1776477079000
1776477081.048,81.048,0.74,0.75,0.25,0.26,0.01,0.01,77244.22,1776477079000
1776477081.384,81.384,0.74,0.75,0.25,0.26,0.01,0.01,77244.22,1776477080000
1776477081.802,81.802,0.74,0.75,0.25,0.26,0.01,0.01,77244.22,1776477080000
1776477082.323,82.323,0.74,0.75,0.25,0.26,0.01,0.01,77245.07,1776477081000
1776477083.322,83.322,0.74,0.75,0.25,0.26,0.01,0.01,77245.4,1776477082000
1776477083.848,83.848,0.74,0.75,0.25,0.26,0.01,0.01,77244.22,1776477083000
1776477084.435,84.435,0.74,0.75,0.25,0.26,0.01,0.01,77244.22,1776477083000
1776477085.007,85.007,0.74,0.75,0.25,0.26,0.01,0.01,77244.22,1776477083000
1776477085.36,85.36,0.74,0.75,0.25,0.26,0.01,0.01,77244.22,1776477084000
1776477085.988,85.988,0.74,0.75,0.25,0.26,0.01,0.01,77244.22,1776477084000
1776477086.955,86.955,0.74,0.75,0.25,0.26,0.01,0.01,77244.61,1776477086000
1776477087.293,87.293,0.74,0.75,0.25,0.26,0.01,0.01,77244.61,1776477086000
1776477087.67,87.67,0.74,0.75,0.25,0.26,0.01,0.01,77244.61,1776477086000
1776477089.005,89.005,0.74,0.75,0.25,0.26,0.01,0.01,77245.37,1776477087000
1776477089.365,89.365,0.74,0.75,0.25,0.26,0.01,0.01,77244.24,1776477088000
1776477089.974,89.974,0.74,0.75,0.25,0.26,0.01,0.01,77244.73,1776477089000
1776477090.437,90.437,0.74,0.75,0.25,0.26,0.01,0.01,77244.73,1776477089000
1776477090.993,90.993,0.74,0.75,0.25,0.26,0.01,0.01,77244.28,1776477090000
1776477091.347,91.347,0.74,0.75,0.25,0.26,0.01,0.01,77244.28,1776477090000
1776477091.779,91.779,0.74,0.75,0.25,0.26,0.01,0.01,77244.28,1776477090000
1776477092.366,92.366,0.75,0.76,0.25,0.26,0.01,0.01,77244.72,1776477091000
1776477092.99,92.99,0.75,0.76,0.24,0.25,0.01,0.01,77244.72,1776477091000
1776477093.352,93.352,0.75,0.76,0.24,0.25,0.01,0.01,77244.59,1776477092000
1776477093.97,93.97,0.75,0.76,0.24,0.25,0.01,0.01,77244.59,1776477092000
1776477094.486,94.486,0.75,0.76,0.24,0.25,0.01,0.01,77245.47,1776477093000
1776477095.231,95.231,0.75,0.76,0.24,0.25,0.01,0.01,77245.47,1776477093000
1776477095.853,95.853,0.74,0.76,0.24,0.26,0.02,0.02,77245.54,1776477094000
1776477096.483,96.483,0.75,0.76,0.24,0.27,0.01,0.03,77245.54,1776477094000
1776477097.016,97.016,0.75,0.76,0.24,0.25,0.01,0.01,77245.52,1776477096000
1776477098.101,98.101,0.75,0.76,0.24,0.25,0.01,0.01,77245.52,1776477096000
1776477099.144,99.144,0.75,0.76,0.24,0.25,0.01,0.01,77245.58,1776477097000
1776477099.639,99.639,0.75,0.76,0.24,0.25,0.01,0.01,77245.58,1776477098000
1776477100.109,100.109,0.75,0.76,0.24,0.25,0.01,0.01,77245.58,1776477098000
1776477100.456,100.456,0.75,0.76,0.24,0.25,0.01,0.01,77245.64,1776477099000
1776477101.44,101.44,0.75,0.76,0.24,0.25,0.01,0.01,77244.32,1776477100000
1776477101.91,101.91,0.75,0.76,0.24,0.25,0.01,0.01,77244.06,1776477101000
1776477102.96,102.96,0.75,0.76,0.24,0.25,0.01,0.01,77244.06,1776477101000
1776477103.519,103.519,0.75,0.76,0.24,0.25,0.01,0.01,77243.38,1776477102000
1776477103.892,103.892,0.75,0.76,0.24,0.25,0.01,0.01,77243.38,1776477102000
1776477104.242,104.242,0.74,0.75,0.25,0.26,0.01,0.01,77243.1,1776477103000
1776477104.641,104.641,0.72,0.73,0.27,0.28,0.01,0.01,77243.1,1776477103000
1776477105.11,105.11,0.72,0.73,0.27,0.28,0.01,0.01,77243.1,1776477103000
1776477105.693,105.693,0.72,0.73,0.27,0.28,0.01,0.01,77243.88,1776477104000
1776477106.122,106.122,0.72,0.73,0.27,0.28,0.01,0.01,77243.88,1776477104000
1776477106.556,106.556,0.72,0.73,0.27,0.28,0.01,0.01,77241.34,1776477105000
1776477107.079,107.079,0.72,0.73,0.27,0.28,0.01,0.01,77241.34,1776477105000
1776477107.535,107.535,0.72,0.73,0.27,0.28,0.01,0.01,77241.11,1776477106000
1776477107.877,107.877,0.72,0.73,0.27,0.28,0.01,0.01,77241.11,1776477106000
1776477108.216,108.216,0.72,0.73,0.27,0.28,0.01,0.01,77241.11,1776477106000
1776477109.091,109.091,0.72,0.73,0.27,0.28,0.01,0.01,77239.94,1776477107000
1776477110.615,110.615,0.72,0.73,0.27,0.28,0.01,0.01,77239.91,1776477109000
1776477111.437,111.437,0.72,0.73,0.27,0.28,0.01,0.01,77240.05,1776477110000
1776477111.95,111.95,0.72,0.73,0.27,0.28,0.01,0.01,77240.05,1776477110000
1776477112.664,112.664,0.72,0.73,0.27,0.28,0.01,0.01,77240.64,1776477111000
1776477113.227,113.227,0.72,0.73,0.27,0.28,0.01,0.01,77240.43,1776477112000
1776477113.622,113.622,0.73,0.74,0.25,0.28,0.01,0.03,77240.43,1776477112000
1776477114.186,114.186,0.73,0.74,0.26,0.27,0.01,0.01,77240.43,1776477112000
1776477114.763,114.763,0.74,0.75,0.24,0.27,0.01,0.03,77240.43,1776477112000
1776477115.442,115.442,0.74,0.75,0.25,0.26,0.01,0.01,77241.18,1776477114000
1776477115.986,115.986,0.74,0.75,0.25,0.26,0.01,0.01,77241.18,1776477114000
1776477116.38,116.38,0.74,0.75,0.25,0.26,0.01,0.01,77241.07,1776477115000
1776477117.556,117.556,0.74,0.75,0.25,0.26,0.01,0.01,77240.06,1776477116000
1776477118.256,118.256,0.74,0.75,0.25,0.26,0.01,0.01,77240.27,1776477117000
1776477118.637,118.637,0.74,0.75,0.25,0.26,0.01,0.01,77240.27,1776477117000
1776477119.26,119.26,0.74,0.75,0.25,0.26,0.01,0.01,77240.27,1776477117000
1776477119.634,119.634,0.74,0.75,0.25,0.26,0.01,0.01,77240.08,1776477118000
1776477120.189,120.189,0.74,0.75,0.25,0.26,0.01,0.01,77240.08,1776477118000
1776477120.588,120.588,0.74,0.75,0.25,0.26,0.01,0.01,77240.31,1776477119000
1776477121.128,121.128,0.74,0.75,0.25,0.26,0.01,0.01,77240.31,1776477119000
1776477121.477,121.477,0.74,0.75,0.25,0.26,0.01,0.01,77240.31,1776477119000
1776477121.87,121.87,0.74,0.77,0.25,0.26,0.03,0.01,77240.17,1776477120000
1776477122.454,122.454,0.75,0.77,0.23,0.25,0.02,0.02,77240.15,1776477121000
1776477122.811,122.811,0.76,0.77,0.23,0.24,0.01,0.01,77240.15,1776477121000
1776477123.225,123.225,0.76,0.77,0.23,0.24,0.01,0.01,77240.15,1776477121000
1776477123.846,123.846,0.76,0.77,0.23,0.24,0.01,0.01,77240.5,1776477122000
1776477124.619,124.619,0.76,0.77,0.23,0.24,0.01,0.01,77240.5,1776477122000
1776477124.992,124.992,0.76,0.77,0.23,0.24,0.01,0.01,77240.56,1776477123000
1776477125.391,125.391,0.76,0.77,0.23,0.24,0.01,0.01,77240.26,1776477124000
1776477125.971,125.971,0.76,0.77,0.23,0.24,0.01,0.01,77240.26,1776477124000
1776477126.696,126.696,0.75,0.76,0.24,0.25,0.01,0.01,77240.26,1776477124000
1776477127.311,127.311,0.75,0.76,0.24,0.25,0.01,0.01,77240.75,1776477126000
1776477128.359,128.359,0.75,0.76,0.24,0.25,0.01,0.01,77240.21,1776477127000
1776477128.961,128.961,0.75,0.76,0.24,0.25,0.01,0.01,77240.21,1776477127000
1776477129.548,129.548,0.75,0.76,0.24,0.25,0.01,0.01,77240.23,1776477128000
1776477129.916,129.916,0.75,0.76,0.24,0.25,0.01,0.01,77240.23,1776477129000
1776477130.251,130.251,0.75,0.76,0.24,0.25,0.01,0.01,77240.23,1776477129000
1776477130.598,130.598,0.75,0.76,0.24,0.25,0.01,0.01,77240.23,1776477129000
1776477131.753,131.753,0.75,0.76,0.24,0.25,0.01,0.01,77241.43,1776477130000
1776477132.681,132.681,0.75,0.76,0.24,0.25,0.01,0.01,77241.17,1776477131000
1776477133.145,133.145,0.75,0.76,0.24,0.25,0.01,0.01,77241.07,1776477132000
1776477133.98,133.98,0.75,0.76,0.24,0.25,0.01,0.01,77241.05,1776477133000
1776477134.409,134.409,0.75,0.76,0.24,0.25,0.01,0.01,77241.05,1776477133000
1776477135.038,135.038,0.75,0.76,0.24,0.25,0.01,0.01,77241.77,1776477134000
1776477135.465,135.465,0.75,0.76,0.24,0.25,0.01,0.01,77241.77,1776477134000
1776477136.039,136.039,0.75,0.76,0.24,0.25,0.01,0.01,77241.69,1776477135000
1776477136.54,136.54,0.75,0.76,0.24,0.25,0.01,0.01,77241.69,1776477135000
1776477137.073,137.073,0.75,0.76,0.24,0.25,0.01,0.01,77241.71,1776477136000
1776477137.614,137.614,0.75,0.76,0.24,0.25,0.01,0.01,77241.71,1776477136000
1776477138.049,138.049,0.75,0.76,0.24,0.25,0.01,0.01,77241.71,1776477137000
1776477138.453,138.453,0.75,0.76,0.24,0.25,0.01,0.01,77241.71,1776477137000
1776477138.949,138.949,0.75,0.76,0.24,0.25,0.01,0.01,77241.71,1776477137000
1776477139.442,139.442,0.75,0.76,0.24,0.25,0.01,0.01,77241.57,1776477138000
1776477139.905,139.905,0.75,0.76,0.24,0.25,0.01,0.01,77241.57,1776477138000
1776477140.902,140.902,0.75,0.76,0.24,0.25,0.01,0.01,77241.93,1776477139000
1776477141.531,141.531,0.75,0.76,0.24,0.25,0.01,0.01,77241.93,1776477139000
1776477141.866,141.866,0.76,0.77,0.24,0.25,0.01,0.01,77241.93,1776477139000
1776477142.233,142.233,0.77,0.78,0.22,0.23,0.01,0.01,77241.93,1776477140000
1776477142.57,142.57,0.78,0.8,0.21,0.23,0.02,0.02,77241.93,1776477140000
1776477142.913,142.913,0.79,0.8,0.2,0.21,0.01,0.01,77241.94,1776477141000
1776477143.248,143.248,0.79,0.8,0.2,0.21,0.01,0.01,77241.94,1776477141000
1776477143.632,143.632,0.79,0.8,0.2,0.21,0.01,0.01,77242.58,1776477142000
1776477144.123,144.123,0.79,0.8,0.2,0.21,0.01,0.01,77242.58,1776477142000
1776477144.923,144.923,0.79,0.8,0.2,0.21,0.01,0.01,77245.8,1776477143000
1776477145.313,145.313,0.79,0.8,0.2,0.21,0.01,0.01,77245.8,1776477143000
1776477145.696,145.696,0.79,0.8,0.2,0.21,0.01,0.01,77247.72,1776477144000
1776477146.246,146.246,0.79,0.8,0.2,0.21,0.01,0.01,77247.72,1776477144000
1776477146.791,146.791,0.8,0.81,0.2,0.21,0.01,0.01,77247.72,1776477145000
1776477147.158,147.158,0.8,0.81,0.19,0.2,0.01,0.01,77247.65,1776477146000
1776477148.25,148.25,0.8,0.81,0.19,0.2,0.01,0.01,77247.65,1776477146000
1776477149.342,149.342,0.8,0.81,0.19,0.2,0.01,0.01,77247.69,1776477147000
1776477149.958,149.958,0.8,0.81,0.19,0.2,0.01,0.01,77247.62,1776477148000
1776477150.352,150.352,0.8,0.81,0.19,0.2,0.01,0.01,77247.62,1776477149000
1776477150.723,150.723,0.8,0.81,0.19,0.2,0.01,0.01,77247.62,1776477149000
1776477151.286,151.286,0.8,0.81,0.19,0.2,0.01,0.01,77247.62,1776477149000
1776477151.709,151.709,0.8,0.81,0.19,0.2,0.01,0.01,77247.7,1776477150000
1776477152.116,152.116,0.8,0.81,0.19,0.2,0.01,0.01,77247.7,1776477150000
1776477152.538,152.538,0.8,0.81,0.19,0.2,0.01,0.01,77247.7,1776477150000
1776477152.94,152.94,0.8,0.81,0.19,0.2,0.01,0.01,77247.71,1776477151000
1776477153.515,153.515,0.8,0.81,0.19,0.2,0.01,0.01,77247.63,1776477152000
1776477154.027,154.027,0.8,0.81,0.19,0.2,0.01,0.01,77247.63,1776477152000
1776477154.413,154.413,0.8,0.81,0.19,0.2,0.01,0.01,77247.62,1776477153000
1776477155.022,155.022,0.8,0.81,0.19,0.2,0.01,0.01,77247.59,1776477154000
1776477155.499,155.499,0.8,0.81,0.19,0.2,0.01,0.01,77247.59,1776477154000
1776477155.991,155.991,0.8,0.81,0.19,0.2,0.01,0.01,77247.59,1776477154000
1776477156.466,156.466,0.8,0.81,0.19,0.2,0.01,0.01,77247.59,1776477155000
1776477156.821,156.821,0.8,0.81,0.19,0.2,0.01,0.01,77247.59,1776477155000
1776477157.19,157.19,0.8,0.81,0.19,0.2,0.01,0.01,77247.59,1776477155000
1776477157.542,157.542,0.8,0.82,0.18,0.2,0.02,0.02,77247.64,1776477156000
1776477158.012,158.012,0.81,0.82,0.18,0.2,0.01,0.02,77247.64,1776477156000
1776477158.531,158.531,0.81,0.82,0.18,0.19,0.01,0.01,77247.27,1776477157000
1776477158.889,158.889,0.81,0.82,0.18,0.19,0.01,0.01,77247.27,1776477157000
1776477159.295,159.295,0.81,0.82,0.18,0.19,0.01,0.01,77247.27,1776477158000
1776477159.898,159.898,0.81,0.82,0.18,0.19,0.01,0.01,77247.27,1776477158000
1776477160.464,160.464,0.81,0.82,0.18,0.19,0.01,0.01,77247.72,1776477159000
1776477160.94,160.94,0.79,0.8,0.18,0.21,0.01,0.03,77247.72,1776477159000
1776477161.434,161.434,0.79,0.8,0.2,0.22,0.01,0.02,77247.72,1776477159000
1776477161.804,161.804,0.77,0.8,0.2,0.23,0.03,0.03,77247.58,1776477160000
1776477162.172,162.172,0.77,0.78,0.21,0.24,0.01,0.03,77247.58,1776477160000
1776477162.562,162.562,0.77,0.78,0.22,0.23,0.01,0.01,77246.63,1776477161000
1776477162.953,162.953,0.77,0.78,0.22,0.23,0.01,0.01,77246.63,1776477161000
1776477163.364,163.364,0.77,0.78,0.22,0.23,0.01,0.01,77246.63,1776477161000
1776477163.798,163.798,0.77,0.78,0.22,0.23,0.01,0.01,77244.45,1776477162000
1776477164.903,164.903,0.77,0.78,0.22,0.23,0.01,0.01,77241.38,1776477163000
1776477165.311,165.311,0.77,0.78,0.22,0.23,0.01,0.01,77241.38,1776477163000
1776477165.786,165.786,0.77,0.78,0.22,0.23,0.01,0.01,77240.54,1776477164000
1776477166.344,166.344,0.77,0.78,0.22,0.23,0.01,0.01,77240.49,1776477165000
1776477166.759,166.759,0.77,0.78,0.22,0.23,0.01,0.01,77240.49,1776477165000
1776477167.11,167.11,0.77,0.78,0.22,0.23,0.01,0.01,77240.48,1776477166000
1776477167.464,167.464,0.77,0.78,0.22,0.23,0.01,0.01,77240.48,1776477166000
1776477167.829,167.829,0.77,0.78,0.22,0.23,0.01,0.01,77240.48,1776477166000
1776477168.246,168.246,0.77,0.78,0.22,0.23,0.01,0.01,77240.48,1776477166000
1776477168.786,168.786,0.77,0.78,0.22,0.23,0.01,0.01,77240.45,1776477167000
1776477169.148,169.148,0.77,0.78,0.22,0.23,0.01,0.01,77240.45,1776477167000
1776477169.676,169.676,0.77,0.78,0.22,0.23,0.01,0.01,77240.38,1776477168000
1776477170.04,170.04,0.76,0.77,0.23,0.25,0.01,0.02,77240.38,1776477168000
1776477170.415,170.415,0.73,0.74,0.26,0.28,0.01,0.02,77240.38,1776477169000
1776477170.766,170.766,0.73,0.74,0.28,0.29,0.01,0.01,77240.38,1776477169000
1776477171.163,171.163,0.71,0.72,0.28,0.29,0.01,0.01,77240.38,1776477169000
1776477171.497,171.497,0.7,0.71,0.28,0.3,0.01,0.02,77239.38,1776477170000
1776477171.846,171.846,0.7,0.71,0.29,0.3,0.01,0.01,77239.38,1776477170000
1776477172.268,172.268,0.69,0.7,0.3,0.31,0.01,0.01,77231.67,1776477171000
1776477172.621,172.621,0.69,0.7,0.3,0.31,0.01,0.01,77231.67,1776477171000
1776477173.089,173.089,0.69,0.7,0.3,0.31,0.01,0.01,77231.67,1776477171000
1776477173.426,173.426,0.69,0.7,0.3,0.31,0.01,0.01,77228.11,1776477172000
1776477174.043,174.043,0.69,0.7,0.3,0.31,0.01,0.01,77225.48,1776477173000
1776477174.896,174.896,0.68,0.69,0.3,0.31,0.01,0.01,77225.48,1776477173000
1776477175.317,175.317,0.67,0.68,0.32,0.33,0.01,0.01,77225.53,1776477174000
1776477175.941,175.941,0.67,0.68,0.32,0.33,0.01,0.01,77225.53,1776477174000
1776477176.575,176.575,0.67,0.68,0.32,0.33,0.01,0.01,77225.53,1776477174000
1776477176.959,176.959,0.66,0.67,0.33,0.34,0.01,0.01,77224.45,1776477175000
1776477177.555,177.555,0.65,0.66,0.34,0.35,0.01,0.01,77224.45,1776477175000
1776477177.909,177.909,0.64,0.65,0.34,0.36,0.01,0.02,77223.71,1776477176000
1776477178.326,178.326,0.64,0.65,0.35,0.36,0.01,0.01,77223.71,1776477176000
1776477178.688,178.688,0.64,0.65,0.35,0.36,0.01,0.01,77223.71,1776477176000
1776477179.151,179.151,0.64,0.65,0.35,0.36,0.01,0.01,77222.4,1776477177000
1776477179.558,179.558,0.62,0.63,0.37,0.38,0.01,0.01,77221.07,1776477178000
1776477179.903,179.903,0.62,0.63,0.37,0.38,0.01,0.01,77221.07,1776477178000
1776477180.413,180.413,0.61,0.63,0.37,0.38,0.02,0.01,77220.4,1776477179000
1776477181.095,181.095,0.6,0.61,0.39,0.4,0.01,0.01,77220.4,1776477179000
1776477181.476,181.476,0.6,0.61,0.39,0.41,0.01,0.02,77220.4,1776477179000
1776477181.966,181.966,0.59,0.6,0.39,0.41,0.01,0.02,77215.7,1776477180000
1776477182.537,182.537,0.59,0.6,0.4,0.41,0.01,0.01,77214.48,1776477181000
1776477183.188,183.188,0.59,0.6,0.4,0.41,0.01,0.01,77214.48,1776477181000
1776477183.561,183.561,0.59,0.6,0.4,0.41,0.01,0.01,77213.86,1776477182000
1776477183.895,183.895,0.62,0.66,0.33,0.39,0.04,0.06,77213.86,1776477182000
1776477184.281,184.281,0.62,0.63,0.37,0.38,0.01,0.01,77213.39,1776477183000
1776477184.656,184.656,0.63,0.64,0.36,0.37,0.01,0.01,77213.39,1776477183000
1776477185.055,185.055,0.63,0.64,0.36,0.37,0.01,0.01,77213.39,1776477183000
1776477185.394,185.394,0.63,0.64,0.36,0.37,0.01,0.01,77213.39,1776477183000
1776477185.747,185.747,0.63,0.64,0.36,0.37,0.01,0.01,77215.91,1776477184000
1776477186.255,186.255,0.63,0.64,0.36,0.37,0.01,0.01,77215.91,1776477184000
1776477186.597,186.597,0.63,0.64,0.36,0.37,0.01,0.01,77215.91,1776477185000
1776477187.006,187.006,0.63,0.64,0.36,0.37,0.01,0.01,77215.91,1776477185000
1776477187.444,187.444,0.63,0.64,0.36,0.37,0.01,0.01,77215.72,1776477186000
1776477188.747,188.747,0.63,0.64,0.36,0.37,0.01,0.01,77215.71,1776477187000
1776477189.197,189.197,0.63,0.64,0.36,0.37,0.01,0.01,77215.71,1776477187000
1776477189.535,189.535,0.63,0.64,0.36,0.37,0.01,0.01,77215.71,1776477188000
1776477189.874,189.874,0.63,0.64,0.36,0.37,0.01,0.01,77215.71,1776477188000
1776477190.272,190.272,0.63,0.64,0.36,0.37,0.01,0.01,77215.84,1776477189000
1776477190.668,190.668,0.63,0.65,0.36,0.37,0.02,0.01,77215.84,1776477189000
1776477191.271,191.271,0.63,0.65,0.35,0.37,0.02,0.02,77215.84,1776477189000
1776477191.628,191.628,0.63,0.65,0.36,0.37,0.02,0.01,77215.84,1776477189000
1776477191.985,191.985,0.63,0.64,0.36,0.37,0.01,0.01,77215.69,1776477190000
1776477192.419,192.419,0.63,0.64,0.36,0.37,0.01,0.01,77215.69,1776477190000
1776477192.764,192.764,0.63,0.64,0.36,0.37,0.01,0.01,77215.71,1776477191000
1776477193.382,193.382,0.63,0.67,0.33,0.37,0.04,0.04,77215.71,1776477192000
1776477193.746,193.746,0.63,0.64,0.33,0.37,0.01,0.04,77215.71,1776477192000
1776477194.205,194.205,0.63,0.66,0.36,0.37,0.03,0.01,77215.71,1776477192000
1776477195.225,195.225,0.65,0.66,0.34,0.35,0.01,0.01,77215.71,1776477193000
1776477195.595,195.595,0.65,0.66,0.34,0.35,0.01,0.01,77215.77,1776477194000
1776477196.192,196.192,0.66,0.67,0.34,0.35,0.01,0.01,77215.77,1776477194000
1776477197.176,197.176,0.66,0.67,0.33,0.34,0.01,0.01,77215.78,1776477195000
1776477197.738,197.738,0.66,0.67,0.33,0.34,0.01,0.01,77213.99,1776477196000
1776477198.985,198.985,0.66,0.67,0.33,0.34,0.01,0.01,77213.99,1776477197000
1776477199.578,199.578,0.66,0.67,0.33,0.34,0.01,0.01,77215.72,1776477198000
1776477200.129,200.129,0.66,0.67,0.33,0.34,0.01,0.01,77215.72,1776477198000
1776477200.531,200.531,0.66,0.67,0.33,0.34,0.01,0.01,77215.22,1776477199000
1776477201.314,201.314,0.68,0.69,0.33,0.34,0.01,0.01,77215.22,1776477199000
1776477201.785,201.785,0.67,0.68,0.32,0.33,0.01,0.01,77214.98,1776477200000
1776477202.128,202.128,0.67,0.68,0.32,0.33,0.01,0.01,77214.98,1776477200000
1776477202.705,202.705,0.68,0.69,0.31,0.32,0.01,0.01,77214.98,1776477201000
1776477203.228,203.228,0.68,0.69,0.31,0.32,0.01,0.01,77214.98,1776477201000
1776477203.674,203.674,0.69,0.7,0.3,0.32,0.01,0.02,77216.72,1776477202000
1776477204.087,204.087,0.69,0.7,0.3,0.31,0.01,0.01,77216.72,1776477202000
1776477204.475,204.475,0.69,0.7,0.3,0.31,0.01,0.01,77217.42,1776477203000
1776477204.815,204.815,0.69,0.7,0.3,0.31,0.01,0.01,77217.42,1776477203000
1776477205.203,205.203,0.69,0.7,0.3,0.31,0.01,0.01,77217.41,1776477204000
1776477205.787,205.787,0.69,0.7,0.3,0.31,0.01,0.01,77217.41,1776477204000
1776477206.155,206.155,0.69,0.7,0.3,0.31,0.01,0.01,77217.41,1776477204000
1776477206.526,206.526,0.69,0.7,0.3,0.31,0.01,0.01,77217.42,1776477205000
1776477206.89,206.89,0.69,0.7,0.3,0.31,0.01,0.01,77217.42,1776477205000
1776477207.251,207.251,0.69,0.7,0.3,0.31,0.01,0.01,77217.42,1776477205000
1776477207.605,207.605,0.69,0.7,0.3,0.31,0.01,0.01,77217.45,1776477206000
1776477207.987,207.987,0.69,0.7,0.3,0.31,0.01,0.01,77217.45,1776477206000
1776477208.342,208.342,0.69,0.7,0.3,0.31,0.01,0.01,77217.45,1776477207000
1776477209.247,209.247,0.69,0.7,0.3,0.31,0.01,0.01,77217.45,1776477207000
1776477210.36,210.36,0.69,0.71,0.3,0.31,0.02,0.01,77217.46,1776477208000
1776477210.8,210.8,0.7,0.71,0.29,0.31,0.01,0.02,77217.46,1776477208000
1776477211.392,211.392,0.69,0.7,0.29,0.31,0.01,0.02,77217.43,1776477210000
1776477211.956,211.956,0.68,0.7,0.3,0.32,0.02,0.02,77217.43,1776477210000
1776477212.766,212.766,0.68,0.7,0.3,0.32,0.02,0.02,77217.47,1776477211000
1776477213.42,213.42,0.68,0.7,0.3,0.32,0.02,0.02,77217.36,1776477212000
1776477214.181,214.181,0.68,0.69,0.3,0.32,0.01,0.02,77217.36,1776477212000
1776477214.623,214.623,0.68,0.69,0.31,0.32,0.01,0.01,77217.2,1776477213000
1776477215.122,215.122,0.65,0.69,0.31,0.35,0.04,0.04,77217.24,1776477214000
1776477215.555,215.555,0.68,0.69,0.31,0.35,0.01,0.04,77217.24,1776477214000
1776477215.898,215.898,0.68,0.69,0.31,0.32,0.01,0.01,77217.24,1776477214000
1776477216.377,216.377,0.68,0.69,0.31,0.32,0.01,0.01,77217.24,1776477215000
1776477216.84,216.84,0.68,0.69,0.31,0.32,0.01,0.01,77217.24,1776477215000
1776477217.177,217.177,0.65,0.69,0.31,0.32,0.04,0.01,77217.21,1776477216000
1776477217.536,217.536,0.68,0.69,0.31,0.32,0.01,0.01,77217.21,1776477216000
1776477217.887,217.887,0.71,0.72,0.28,0.29,0.01,0.01,77217.21,1776477216000
1776477218.383,218.383,0.73,0.74,0.26,0.27,0.01,0.01,77218.44,1776477217000
1776477218.749,218.749,0.73,0.74,0.26,0.27,0.01,0.01,77218.44,1776477217000
1776477219.37,219.37,0.73,0.74,0.26,0.27,0.01,0.01,77220.38,1776477218000
1776477219.893,219.893,0.73,0.74,0.26,0.27,0.01,0.01,77221.23,1776477219000
1776477220.382,220.382,0.74,0.75,0.26,0.27,0.01,0.01,77221.23,1776477219000
1776477221.023,221.023,0.74,0.75,0.25,0.26,0.01,0.01,77221.22,1776477220000
1776477221.541,221.541,0.74,0.75,0.25,0.26,0.01,0.01,77221.22,1776477220000
1776477221.889,221.889,0.74,0.75,0.25,0.26,0.01,0.01,77221.22,1776477220000
1776477223.108,223.108,0.74,0.75,0.25,0.26,0.01,0.01,77221.22,1776477221000
1776477223.452,223.452,0.74,0.75,0.25,0.26,0.01,0.01,77221.37,1776477222000
1776477223.848,223.848,0.74,0.75,0.25,0.26,0.01,0.01,77221.37,1776477222000
1776477224.327,224.327,0.74,0.75,0.25,0.26,0.01,0.01,77221.37,1776477222000
1776477224.699,224.699,0.74,0.76,0.24,0.26,0.02,0.02,77220.72,1776477223000
1776477225.098,225.098,0.74,0.75,0.25,0.26,0.01,0.01,77221.38,1776477224000
1776477225.544,225.544,0.74,0.75,0.25,0.26,0.01,0.01,77221.38,1776477224000
1776477226.002,226.002,0.74,0.75,0.25,0.26,0.01,0.01,77221.38,1776477225000
1776477226.5,226.5,0.74,0.75,0.25,0.26,0.01,0.01,77221.38,1776477225000
1776477226.947,226.947,0.74,0.75,0.25,0.26,0.01,0.01,77221.38,1776477225000
1776477227.61,227.61,0.76,0.77,0.23,0.24,0.01,0.01,77221.35,1776477226000
1776477228.013,228.013,0.76,0.77,0.23,0.24,0.01,0.01,77221.35,1776477226000
1776477228.386,228.386,0.76,0.77,0.23,0.24,0.01,0.01,77221.5,1776477227000
1776477228.725,228.725,0.76,0.77,0.23,0.24,0.01,0.01,77221.5,1776477227000
1776477229.13,229.13,0.76,0.77,0.23,0.24,0.01,0.01,77221.44,1776477228000
1776477229.574,229.574,0.76,0.77,0.23,0.24,0.01,0.01,77221.44,1776477228000
1776477230.275,230.275,0.76,0.77,0.23,0.24,0.01,0.01,77221.87,1776477229000
1776477231.023,231.023,0.76,0.77,0.23,0.24,0.01,0.01,77221.87,1776477229000
1776477231.71,231.71,0.76,0.77,0.23,0.24,0.01,0.01,77221.82,1776477230000
1776477232.058,232.058,0.74,0.77,0.23,0.26,0.03,0.03,77221.82,1776477230000
1776477232.76,232.76,0.76,0.77,0.23,0.24,0.01,0.01,77222.46,1776477231000
1776477233.106,233.106,0.76,0.77,0.23,0.24,0.01,0.01,77222.46,1776477231000
1776477233.487,233.487,0.76,0.77,0.23,0.24,0.01,0.01,77222.47,1776477232000
1776477233.932,233.932,0.76,0.77,0.23,0.24,0.01,0.01,77222.47,1776477233000
1776477234.955,234.955,0.76,0.77,0.23,0.24,0.01,0.01,77222.47,1776477233000
1776477235.899,235.899,0.76,0.77,0.23,0.24,0.01,0.01,77222.45,1776477234000
1776477236.283,236.283,0.75,0.76,0.23,0.25,0.01,0.02,77222.56,1776477235000
1776477236.621,236.621,0.75,0.76,0.24,0.27,0.01,0.03,77222.56,1776477235000
1776477237.183,237.183,0.75,0.76,0.24,0.25,0.01,0.01,77222.56,1776477236000
1776477237.547,237.547,0.75,0.76,0.24,0.25,0.01,0.01,77222.56,1776477236000
1776477237.931,237.931,0.74,0.76,0.24,0.25,0.02,0.01,77222.56,1776477236000
1776477239.225,239.225,0.75,0.76,0.24,0.27,0.01,0.03,77222.57,1776477237000
1776477239.982,239.982,0.75,0.76,0.24,0.25,0.01,0.01,77222.56,1776477238000
1776477240.332,240.332,0.73,0.76,0.24,0.25,0.03,0.01,77222.56,1776477238000
1776477240.821,240.821,0.73,0.75,0.24,0.25,0.02,0.01,77222.55,1776477239000
1776477241.16,241.16,0.64,0.72,0.27,0.36,0.08,0.09,77222.55,1776477239000
1776477241.586,241.586,0.71,0.72,0.28,0.36,0.01,0.08,77222.5,1776477240000
1776477241.923,241.923,0.66,0.7,0.3,0.34,0.04,0.04,77222.5,1776477240000
1776477242.296,242.296,0.68,0.69,0.31,0.32,0.01,0.01,77220.22,1776477241000
1776477242.776,242.776,0.68,0.69,0.31,0.32,0.01,0.01,77220.22,1776477241000
1776477243.28,243.28,0.65,0.67,0.33,0.34,0.02,0.01,77220.22,1776477241000
1776477243.629,243.629,0.66,0.67,0.33,0.34,0.01,0.01,77218.94,1776477242000
1776477244.111,244.111,0.65,0.66,0.34,0.35,0.01,0.01,77218.94,1776477242000
1776477244.471,244.471,0.63,0.64,0.36,0.37,0.01,0.01,77217.78,1776477243000
1776477245.064,245.064,0.62,0.64,0.36,0.38,0.02,0.02,77216.53,1776477244000
1776477245.464,245.464,0.61,0.62,0.37,0.39,0.01,0.02,77216.53,1776477244000
1776477245.962,245.962,0.61,0.62,0.38,0.39,0.01,0.01,77216.53,1776477244000
1776477246.297,246.297,0.61,0.62,0.38,0.39,0.01,0.01,77214.66,1776477245000
1776477246.966,246.966,0.6,0.62,0.38,0.39,0.02,0.01,77214.66,1776477245000
1776477247.508,247.508,0.6,0.61,0.39,0.4,0.01,0.01,77214.0,1776477246000
1776477247.845,247.845,0.6,0.61,0.39,0.4,0.01,0.01,77214.0,1776477246000
1776477248.287,248.287,0.58,0.61,0.39,0.4,0.03,0.01,77214.0,1776477246000
1776477248.65,248.65,0.56,0.57,0.43,0.44,0.01,0.01,77213.72,1776477247000
1776477249.034,249.034,0.55,0.56,0.44,0.45,0.01,0.01,77213.72,1776477247000
1776477249.459,249.459,0.54,0.55,0.44,0.46,0.01,0.02,77213.56,1776477248000
1776477249.802,249.802,0.54,0.55,0.45,0.46,0.01,0.01,77213.56,1776477248000
1776477250.216,250.216,0.54,0.55,0.45,0.46,0.01,0.01,77211.02,1776477249000
1776477250.885,250.885,0.53,0.54,0.45,0.46,0.01,0.01,77211.02,1776477249000
1776477251.246,251.246,0.52,0.53,0.47,0.48,0.01,0.01,77211.02,1776477249000
1776477251.615,251.615,0.51,0.53,0.47,0.48,0.02,0.01,77210.52,1776477250000
1776477251.98,251.98,0.51,0.52,0.48,0.49,0.01,0.01,77210.52,1776477250000
1776477252.397,252.397,0.51,0.52,0.48,0.49,0.01,0.01,77210.5,1776477251000
1776477252.762,252.762,0.51,0.52,0.48,0.49,0.01,0.01,77210.5,1776477251000
1776477253.198,253.198,0.5,0.52,0.48,0.5,0.02,0.02,77207.32,1776477252000
1776477253.532,253.532,0.5,0.51,0.49,0.5,0.01,0.01,77207.32,1776477252000
1776477253.986,253.986,0.5,0.51,0.49,0.5,0.01,0.01,77207.32,1776477252000
1776477254.705,254.705,0.5,0.51,0.49,0.5,0.01,0.01,77204.96,1776477253000
1776477255.091,255.091,0.5,0.51,0.49,0.5,0.01,0.01,77204.96,1776477253000
1776477255.448,255.448,0.53,0.54,0.46,0.47,0.01,0.01,77204.96,1776477254000
1776477256.037,256.037,0.53,0.54,0.46,0.47,0.01,0.01,77204.96,1776477254000
1776477256.488,256.488,0.53,0.54,0.46,0.47,0.01,0.01,77204.95,1776477255000
1776477256.879,256.879,0.64,0.65,0.35,0.36,0.01,0.01,77204.95,1776477255000
1776477257.323,257.323,0.64,0.65,0.35,0.36,0.01,0.01,77204.95,1776477255000
1776477257.701,257.701,0.64,0.65,0.35,0.36,0.01,0.01,77205.0,1776477256000
1776477258.052,258.052,0.65,0.66,0.34,0.35,0.01,0.01,77205.0,1776477257000
1776477258.558,258.558,0.76,0.77,0.22,0.24,0.01,0.02,77205.0,1776477257000
1776477258.899,258.899,0.76,0.77,0.23,0.24,0.01,0.01,77205.0,1776477257000
1776477259.359,259.359,0.72,0.77,0.23,0.24,0.05,0.01,77207.16,1776477258000
1776477259.756,259.756,0.72,0.73,0.26,0.34,0.01,0.08,77207.16,1776477258000
1776477260.089,260.089,0.7,0.71,0.29,0.3,0.01,0.01,77207.16,1776477258000
1776477260.496,260.496,0.7,0.71,0.29,0.3,0.01,0.01,77211.6,1776477259000
1776477261.064,261.064,0.7,0.71,0.29,0.3,0.01,0.01,77211.6,1776477259000
1776477261.57,261.57,0.7,0.71,0.29,0.3,0.01,0.01,77213.09,1776477260000
1776477261.954,261.954,0.69,0.7,0.29,0.3,0.01,0.01,77213.09,1776477260000
1776477262.372,262.372,0.69,0.7,0.3,0.31,0.01,0.01,77213.09,1776477260000
1776477262.844,262.844,0.69,0.7,0.3,0.31,0.01,0.01,77213.02,1776477261000
1776477263.272,263.272,0.69,0.7,0.3,0.31,0.01,0.01,77213.17,1776477262000
1776477264.058,264.058,0.69,0.7,0.3,0.31,0.01,0.01,77213.17,1776477263000
1776477264.578,264.578,0.69,0.7,0.3,0.31,0.01,0.01,77213.17,1776477263000
1776477265.083,265.083,0.69,0.7,0.3,0.31,0.01,0.01,77213.17,1776477263000
1776477265.647,265.647,0.69,0.7,0.3,0.31,0.01,0.01,77213.19,1776477264000
1776477266.13,266.13,0.69,0.7,0.3,0.31,0.01,0.01,77213.19,1776477264000
1776477267.134,267.134,0.69,0.7,0.3,0.31,0.01,0.01,77213.2,1776477265000
1776477267.623,267.623,0.69,0.7,0.3,0.31,0.01,0.01,77213.21,1776477266000
1776477268.035,268.035,0.69,0.7,0.3,0.31,0.01,0.01,77213.21,1776477266000
1776477268.464,268.464,0.69,0.7,0.3,0.31,0.01,0.01,77213.21,1776477267000
1776477268.85,268.85,0.65,0.68,0.34,0.35,0.03,0.01,77213.21,1776477267000
1776477269.225,269.225,0.58,0.59,0.41,0.44,0.01,0.03,77212.96,1776477268000
1776477269.575,269.575,0.58,0.59,0.41,0.42,0.01,0.01,77212.96,1776477268000
1776477269.913,269.913,0.6,0.61,0.38,0.42,0.01,0.04,77212.96,1776477268000
1776477270.254,270.254,0.55,0.61,0.39,0.4,0.06,0.01,77212.96,1776477268000
1776477270.588,270.588,0.57,0.62,0.38,0.39,0.05,0.01,77213.18,1776477269000
1776477270.987,270.987,0.61,0.62,0.38,0.39,0.01,0.01,77213.18,1776477269000
1776477271.333,271.333,0.61,0.62,0.38,0.39,0.01,0.01,77213.18,1776477269000
1776477271.676,271.676,0.54,0.6,0.38,0.46,0.06,0.08,77212.67,1776477270000
1776477272.015,272.015,0.57,0.58,0.41,0.43,0.01,0.02,77211.72,1776477271000
1776477272.391,272.391,0.57,0.58,0.42,0.43,0.01,0.01,77211.72,1776477271000
1776477272.944,272.944,0.56,0.57,0.42,0.44,0.01,0.02,77211.72,1776477271000
1776477273.288,273.288,0.54,0.55,0.45,0.46,0.01,0.01,77210.43,1776477272000
1776477273.625,273.625,0.5,0.51,0.48,0.52,0.01,0.04,77210.43,1776477272000
1776477273.989,273.989,0.46,0.48,0.51,0.55,0.02,0.04,77210.43,1776477272000
1776477274.328,274.328,0.45,0.46,0.54,0.55,0.01,0.01,77210.43,1776477272000
1776477274.693,274.693,0.45,0.46,0.54,0.55,0.01,0.01,77210.39,1776477273000
1776477275.162,275.162,0.45,0.46,0.54,0.55,0.01,0.01,77209.29,1776477274000
1776477275.549,275.549,0.45,0.46,0.54,0.55,0.01,0.01,77209.29,1776477274000
1776477275.906,275.906,0.45,0.46,0.54,0.55,0.01,0.01,77209.29,1776477274000
1776477276.341,276.341,0.45,0.46,0.54,0.55,0.01,0.01,77209.29,1776477274000
1776477276.687,276.687,0.5,0.51,0.49,0.5,0.01,0.01,77204.46,1776477275000
1776477277.02,277.02,0.52,0.53,0.47,0.48,0.01,0.01,77204.46,1776477275000
1776477277.423,277.423,0.52,0.53,0.47,0.48,0.01,0.01,77204.46,1776477275000
1776477277.788,277.788,0.52,0.54,0.47,0.48,0.02,0.01,77204.36,1776477276000
1776477278.273,278.273,0.53,0.54,0.46,0.48,0.01,0.02,77204.36,1776477276000
1776477278.726,278.726,0.55,0.56,0.45,0.46,0.01,0.01,77204.73,1776477277000
1776477279.11,279.11,0.56,0.57,0.43,0.44,0.01,0.01,77204.79,1776477278000
1776477279.495,279.495,0.56,0.57,0.43,0.44,0.01,0.01,77204.79,1776477278000
1776477279.933,279.933,0.57,0.58,0.42,0.43,0.01,0.01,77204.79,1776477278000
1776477280.508,280.508,0.57,0.58,0.42,0.43,0.01,0.01,77204.79,1776477278000
1776477280.855,280.855,0.58,0.59,0.42,0.43,0.01,0.01,77204.79,1776477279000
1776477281.197,281.197,0.58,0.59,0.41,0.42,0.01,0.01,77204.79,1776477279000
1776477281.77,281.77,0.57,0.58,0.41,0.43,0.01,0.02,77204.79,1776477280000
1776477282.141,282.141,0.57,0.58,0.42,0.43,0.01,0.01,77204.79,1776477280000
1776477282.588,282.588,0.57,0.58,0.42,0.43,0.01,0.01,77204.79,1776477281000
1776477283.319,283.319,0.57,0.58,0.42,0.43,0.01,0.01,77204.79,1776477281000
1776477283.68,283.68,0.57,0.58,0.42,0.43,0.01,0.01,77204.79,1776477281000
1776477284.034,284.034,0.57,0.58,0.42,0.43,0.01,0.01,77204.78,1776477282000
1776477284.5,284.5,0.57,0.58,0.42,0.43,0.01,0.01,77204.78,1776477283000
1776477284.893,284.893,0.57,0.58,0.42,0.43,0.01,0.01,77204.78,1776477283000
1776477285.228,285.228,0.59,0.62,0.38,0.41,0.03,0.03,77204.78,1776477284000
1776477285.591,285.591,0.61,0.62,0.38,0.39,0.01,0.01,77204.78,1776477284000
1776477286.138,286.138,0.61,0.62,0.38,0.39,0.01,0.01,77204.78,1776477284000
1776477287.003,287.003,0.61,0.62,0.38,0.39,0.01,0.01,77204.78,1776477284000
1776477287.337,287.337,0.61,0.62,0.38,0.39,0.01,0.01,77204.76,1776477285000
1776477287.902,287.902,0.61,0.62,0.38,0.39,0.01,0.01,77204.77,1776477286000
1776477288.328,288.328,0.62,0.63,0.36,0.39,0.01,0.03,77203.59,1776477287000
1776477288.711,288.711,0.63,0.64,0.37,0.38,0.01,0.01,77203.59,1776477287000
1776477289.265,289.265,0.63,0.64,0.36,0.37,0.01,0.01,77203.59,1776477287000
1776477289.724,289.724,0.64,0.65,0.35,0.36,0.01,0.01,77204.77,1776477288000
1776477290.339,290.339,0.65,0.66,0.34,0.35,0.01,0.01,77204.77,1776477289000
1776477290.776,290.776,0.65,0.66,0.34,0.35,0.01,0.01,77204.77,1776477289000
1776477291.122,291.122,0.67,0.68,0.32,0.33,0.01,0.01,77204.77,1776477289000
1776477291.6,291.6,0.67,0.68,0.32,0.33,0.01,0.01,77204.88,1776477290000
1776477291.954,291.954,0.78,0.8,0.22,0.23,0.02,0.01,77204.88,1776477290000
1776477292.312,292.312,0.8,0.81,0.19,0.21,0.01,0.02,77204.88,1776477291000
1776477292.688,292.688,0.81,0.82,0.18,0.19,0.01,0.01,77204.88,1776477291000
1776477293.025,293.025,0.82,0.83,0.17,0.18,0.01,0.01,77204.88,1776477291000
1776477293.411,293.411,0.82,0.83,0.17,0.18,0.01,0.01,77204.88,1776477291000
1776477293.825,293.825,0.82,0.83,0.17,0.18,0.01,0.01,77204.9,1776477292000
1776477294.252,294.252,0.82,0.84,0.17,0.18,0.02,0.01,77207.58,1776477293000
1776477294.595,294.595,0.83,0.84,0.16,0.17,0.01,0.01,77207.58,1776477293000
1776477295.212,295.212,0.83,0.84,0.16,0.17,0.01,0.01,77207.58,1776477293000
1776477295.546,295.546,0.83,0.84,0.16,0.17,0.01,0.01,77207.59,1776477294000
1776477295.955,295.955,0.83,0.84,0.16,0.17,0.01,0.01,77207.59,1776477294000
1776477296.348,296.348,0.83,0.84,0.16,0.17,0.01,0.01,77207.59,1776477294000
1776477296.681,296.681,0.85,0.86,0.14,0.16,0.01,0.02,77207.41,1776477295000
1776477297.017,297.017,0.85,0.86,0.14,0.15,0.01,0.01,77207.38,1776477296000
1776477297.422,297.422,0.86,0.87,0.13,0.14,0.01,0.01,77207.38,1776477296000
1776477297.759,297.759,0.87,0.88,0.12,0.13,0.01,0.01,77207.38,1776477296000
1776477298.139,298.139,0.87,0.88,0.12,0.13,0.01,0.01,77207.38,1776477296000
1776477298.483,298.483,0.89,0.9,0.1,0.12,0.01,0.02,77207.42,1776477297000
1776477298.838,298.838,0.95,0.96,0.04,0.05,0.01,0.01,77207.42,1776477297000
1776477299.209,299.209,0.98,0.99,0.01,0.03,0.01,0.02,77207.42,1776477298000
1776477299.665,299.665,0.99,0.99,0.01,0.01,0.0,0.0,77207.42,1776477298000
1776477300.132,300.132,0.99,0.99,0.01,0.01,0.0,0.0,77207.39,1776477299000
1776477300.53,300.53,0.99,0.99,0.01,0.01,0.0,0.0,77207.39,1776477299000

# RESULT,winner=Up,slug=btc-updown-5m-1776477000,ticks=612
