timestamp,elapsed_sec,up_bid,up_ask,down_bid,down_ask,up_spread,down_spread,btc_price,btc_oracle_ts
1775928600.52,0.52,0.49,0.5,0.5,0.51,0.01,0.01,73090.27,1775928599000
1775928600.855,0.855,0.49,0.5,0.5,0.51,0.01,0.01,73090.27,1775928599000
1775928601.197,1.197,0.49,0.5,0.5,0.51,0.01,0.01,73101.36,1775928600000
1775928601.782,1.782,0.48,0.49,0.51,0.52,0.01,0.01,73101.36,1775928600000
1775928602.285,2.285,0.48,0.5,0.5,0.52,0.02,0.02,73101.36,1775928600000
1775928602.642,2.642,0.49,0.5,0.5,0.51,0.01,0.01,73101.36,1775928600000
1775928603.205,3.205,0.49,0.5,0.5,0.51,0.01,0.01,73103.92,1775928601000
1775928603.57,3.57,0.49,0.5,0.5,0.51,0.01,0.01,73103.92,1775928601000
1775928604.052,4.052,0.49,0.5,0.5,0.51,0.01,0.01,73103.92,1775928602000
1775928604.411,4.411,0.49,0.5,0.5,0.51,0.01,0.01,73103.92,1775928602000
1775928604.798,4.798,0.49,0.5,0.5,0.51,0.01,0.01,73104.43,1775928603000
1775928605.248,5.248,0.49,0.5,0.5,0.51,0.01,0.01,73104.43,1775928603000
1775928605.691,5.691,0.49,0.5,0.5,0.51,0.01,0.01,73104.43,1775928604000
1775928606.156,6.156,0.49,0.5,0.5,0.51,0.01,0.01,73104.43,1775928604000
1775928606.518,6.518,0.49,0.5,0.5,0.51,0.01,0.01,73104.61,1775928605000
1775928606.884,6.884,0.49,0.5,0.5,0.51,0.01,0.01,73104.61,1775928605000
1775928607.266,7.266,0.49,0.5,0.5,0.51,0.01,0.01,73104.61,1775928606000
1775928607.63,7.63,0.49,0.5,0.5,0.51,0.01,0.01,73104.61,1775928606000
1775928608.294,8.294,0.49,0.5,0.5,0.51,0.01,0.01,73104.61,1775928606000
1775928608.715,8.715,0.49,0.5,0.5,0.51,0.01,0.01,73104.87,1775928607000
1775928609.329,9.329,0.49,0.5,0.5,0.51,0.01,0.01,73104.87,1775928607000
1775928609.672,9.672,0.61,0.62,0.39,0.5,0.01,0.11,73103.43,1775928608000
1775928610.012,10.012,0.61,0.64,0.36,0.39,0.03,0.03,73103.43,1775928608000
1775928610.346,10.346,0.62,0.63,0.37,0.38,0.01,0.01,73107.06,1775928609000
1775928610.689,10.689,0.62,0.63,0.37,0.38,0.01,0.01,73107.06,1775928609000
1775928611.13,11.13,0.64,0.65,0.34,0.38,0.01,0.04,73107.06,1775928609000
1775928611.487,11.487,0.64,0.65,0.35,0.36,0.01,0.01,73107.06,1775928609000
1775928611.822,11.822,0.64,0.65,0.35,0.36,0.01,0.01,73118.05,1775928610000
1775928612.455,12.455,0.64,0.65,0.34,0.36,0.01,0.02,73118.05,1775928611000
1775928612.795,12.795,0.65,0.66,0.34,0.35,0.01,0.01,73118.05,1775928611000
1775928613.149,13.149,0.65,0.66,0.34,0.35,0.01,0.01,73118.05,1775928611000
1775928613.509,13.509,0.65,0.67,0.34,0.35,0.02,0.01,73118.92,1775928612000
1775928613.847,13.847,0.66,0.67,0.33,0.35,0.01,0.02,73118.92,1775928612000
1775928614.259,14.259,0.67,0.68,0.32,0.34,0.01,0.02,73118.92,1775928612000
1775928614.596,14.596,0.68,0.69,0.31,0.32,0.01,0.01,73118.92,1775928612000
1775928614.941,14.941,0.68,0.69,0.31,0.32,0.01,0.01,73119.55,1775928613000
1775928615.451,15.451,0.69,0.7,0.3,0.31,0.01,0.01,73119.55,1775928613000
1775928615.871,15.871,0.69,0.7,0.3,0.31,0.01,0.01,73119.55,1775928614000
1775928616.238,16.238,0.69,0.7,0.3,0.31,0.01,0.01,73119.8,1775928615000
1775928616.621,16.621,0.69,0.7,0.3,0.31,0.01,0.01,73119.8,1775928615000
1775928616.991,16.991,0.69,0.7,0.3,0.31,0.01,0.01,73119.8,1775928615000
1775928617.352,17.352,0.69,0.7,0.3,0.31,0.01,0.01,73120.46,1775928616000
1775928617.744,17.744,0.69,0.7,0.3,0.31,0.01,0.01,73120.46,1775928616000
1775928618.137,18.137,0.69,0.7,0.3,0.31,0.01,0.01,73120.46,1775928616000
1775928618.768,18.768,0.7,0.71,0.29,0.3,0.01,0.01,73122.55,1775928617000
1775928619.12,19.12,0.7,0.72,0.29,0.3,0.02,0.01,73122.55,1775928617000
1775928619.462,19.462,0.77,0.82,0.18,0.23,0.05,0.05,73122.55,1775928617000
1775928619.798,19.798,0.77,0.81,0.17,0.23,0.04,0.06,73122.55,1775928617000
1775928620.2,20.2,0.77,0.79,0.21,0.23,0.02,0.02,73123.27,1775928618000
1775928620.535,20.535,0.77,0.78,0.22,0.23,0.01,0.01,73123.27,1775928618000
1775928620.882,20.882,0.79,0.8,0.21,0.23,0.01,0.02,73123.63,1775928619000
1775928621.217,21.217,0.77,0.78,0.2,0.23,0.01,0.03,73123.63,1775928619000
1775928621.557,21.557,0.76,0.77,0.23,0.24,0.01,0.01,73147.56,1775928620000
1775928621.905,21.905,0.76,0.77,0.23,0.24,0.01,0.01,73147.56,1775928620000
1775928622.265,22.265,0.73,0.77,0.23,0.27,0.04,0.04,73144.64,1775928621000
1775928622.608,22.608,0.73,0.75,0.23,0.27,0.02,0.04,73144.64,1775928621000
1775928622.987,22.987,0.7,0.71,0.29,0.3,0.01,0.01,73144.64,1775928621000
1775928623.483,23.483,0.7,0.71,0.29,0.3,0.01,0.01,73144.64,1775928621000
1775928623.824,23.824,0.7,0.71,0.29,0.3,0.01,0.01,73137.27,1775928622000
1775928624.294,24.294,0.7,0.71,0.29,0.3,0.01,0.01,73137.27,1775928622000
1775928624.649,24.649,0.7,0.71,0.29,0.3,0.01,0.01,73134.65,1775928623000
1775928624.987,24.987,0.69,0.7,0.3,0.31,0.01,0.01,73134.65,1775928623000
1775928625.325,25.325,0.68,0.69,0.31,0.32,0.01,0.01,73134.65,1775928623000
1775928625.67,25.67,0.69,0.7,0.3,0.32,0.01,0.02,73130.53,1775928624000
1775928626.025,26.025,0.69,0.71,0.3,0.31,0.02,0.01,73130.53,1775928624000
1775928626.37,26.37,0.69,0.7,0.3,0.31,0.01,0.01,73130.53,1775928624000
1775928626.752,26.752,0.69,0.7,0.3,0.31,0.01,0.01,73130.53,1775928624000
1775928627.098,27.098,0.68,0.71,0.29,0.32,0.03,0.03,73126.62,1775928625000
1775928627.448,27.448,0.69,0.7,0.3,0.31,0.01,0.01,73126.62,1775928625000
1775928627.797,27.797,0.69,0.7,0.3,0.31,0.01,0.01,73125.51,1775928626000
1775928628.181,28.181,0.69,0.7,0.3,0.31,0.01,0.01,73125.51,1775928626000
1775928628.527,28.527,0.7,0.71,0.29,0.3,0.01,0.01,73125.51,1775928626000
1775928628.89,28.89,0.69,0.7,0.3,0.31,0.01,0.01,73125.51,1775928626000
1775928629.251,29.251,0.67,0.68,0.32,0.33,0.01,0.01,73126.64,1775928627000
1775928629.585,29.585,0.67,0.68,0.32,0.33,0.01,0.01,73126.64,1775928627000
1775928629.924,29.924,0.68,0.69,0.31,0.32,0.01,0.01,73126.64,1775928627000
1775928630.269,30.269,0.68,0.69,0.31,0.32,0.01,0.01,73126.64,1775928627000
1775928630.632,30.632,0.68,0.69,0.31,0.32,0.01,0.01,73126.75,1775928628000
1775928631.043,31.043,0.67,0.68,0.32,0.33,0.01,0.01,73126.75,1775928628000
1775928631.455,31.455,0.67,0.68,0.32,0.33,0.01,0.01,73125.53,1775928629000
1775928631.804,31.804,0.67,0.68,0.32,0.33,0.01,0.01,73125.53,1775928629000
1775928632.268,32.268,0.7,0.71,0.29,0.3,0.01,0.01,73125.53,1775928629000
1775928632.633,32.633,0.71,0.72,0.28,0.29,0.01,0.01,73125.53,1775928629000
1775928632.994,32.994,0.71,0.72,0.28,0.29,0.01,0.01,73126.39,1775928631000
1775928633.339,33.339,0.7,0.72,0.28,0.29,0.02,0.01,73126.39,1775928631000
1775928633.766,33.766,0.68,0.69,0.31,0.32,0.01,0.01,73126.39,1775928631000
1775928634.177,34.177,0.68,0.69,0.31,0.32,0.01,0.01,73126.39,1775928631000
1775928634.541,34.541,0.68,0.69,0.31,0.32,0.01,0.01,73127.25,1775928632000
1775928634.917,34.917,0.68,0.69,0.31,0.32,0.01,0.01,73127.25,1775928632000
1775928635.276,35.276,0.68,0.69,0.3,0.32,0.01,0.02,73131.91,1775928634000
1775928635.611,35.611,0.68,0.69,0.31,0.32,0.01,0.01,73131.91,1775928634000
1775928636.083,36.083,0.68,0.69,0.31,0.32,0.01,0.01,73131.91,1775928634000
1775928636.463,36.463,0.68,0.69,0.31,0.32,0.01,0.01,73131.91,1775928634000
1775928636.946,36.946,0.68,0.69,0.31,0.32,0.01,0.01,73130.69,1775928635000
1775928637.522,37.522,0.68,0.69,0.31,0.32,0.01,0.01,73130.02,1775928636000
1775928637.946,37.946,0.68,0.69,0.31,0.32,0.01,0.01,73130.02,1775928636000
1775928638.29,38.29,0.68,0.7,0.31,0.32,0.02,0.01,73129.4,1775928637000
1775928638.696,38.696,0.69,0.7,0.3,0.31,0.01,0.01,73129.4,1775928637000
1775928639.037,39.037,0.69,0.7,0.3,0.31,0.01,0.01,73129.4,1775928638000
1775928639.542,39.542,0.69,0.71,0.3,0.31,0.02,0.01,73129.4,1775928638000
1775928640.012,40.012,0.69,0.7,0.3,0.31,0.01,0.01,73129.4,1775928638000
1775928640.447,40.447,0.7,0.71,0.29,0.3,0.01,0.01,73129.19,1775928639000
1775928640.857,40.857,0.7,0.72,0.29,0.3,0.02,0.01,73129.19,1775928639000
1775928641.195,41.195,0.71,0.72,0.28,0.29,0.01,0.01,73129.19,1775928639000
1775928641.622,41.622,0.71,0.72,0.28,0.29,0.01,0.01,73129.28,1775928640000
1775928641.971,41.971,0.72,0.73,0.27,0.29,0.01,0.02,73129.28,1775928640000
1775928642.316,42.316,0.72,0.73,0.27,0.29,0.01,0.02,73129.73,1775928641000
1775928642.651,42.651,0.71,0.72,0.27,0.31,0.01,0.04,73129.73,1775928641000
1775928643.25,43.25,0.71,0.72,0.28,0.29,0.01,0.01,73129.73,1775928641000
1775928643.626,43.626,0.69,0.7,0.29,0.32,0.01,0.03,73130.78,1775928642000
1775928643.976,43.976,0.7,0.71,0.3,0.31,0.01,0.01,73130.78,1775928642000
1775928644.476,44.476,0.7,0.71,0.27,0.3,0.01,0.03,73130.89,1775928643000
1775928644.965,44.965,0.7,0.71,0.29,0.3,0.01,0.01,73130.89,1775928643000
1775928645.319,45.319,0.7,0.71,0.29,0.3,0.01,0.01,73130.89,1775928643000
1775928645.7,45.7,0.71,0.72,0.28,0.29,0.01,0.01,73130.89,1775928643000
1775928646.132,46.132,0.71,0.72,0.28,0.29,0.01,0.01,73130.89,1775928643000
1775928646.468,46.468,0.71,0.72,0.28,0.29,0.01,0.01,73130.78,1775928645000
1775928646.832,46.832,0.71,0.72,0.28,0.29,0.01,0.01,73130.78,1775928645000
1775928647.34,47.34,0.71,0.72,0.28,0.29,0.01,0.01,73130.78,1775928646000
1775928647.999,47.999,0.69,0.7,0.3,0.31,0.01,0.01,73130.78,1775928646000
1775928648.354,48.354,0.69,0.7,0.29,0.31,0.01,0.02,73131.43,1775928647000
1775928648.773,48.773,0.69,0.7,0.28,0.31,0.01,0.03,73131.43,1775928647000
1775928649.188,49.188,0.7,0.71,0.29,0.3,0.01,0.01,73131.41,1775928648000
1775928649.72,49.72,0.72,0.73,0.28,0.3,0.01,0.02,73131.41,1775928648000
1775928650.114,50.114,0.73,0.74,0.26,0.27,0.01,0.01,73131.41,1775928648000
1775928650.57,50.57,0.73,0.74,0.26,0.27,0.01,0.01,73131.41,1775928649000
1775928650.924,50.924,0.73,0.74,0.26,0.27,0.01,0.01,73131.41,1775928649000
1775928651.339,51.339,0.73,0.74,0.26,0.27,0.01,0.01,73131.41,1775928649000
1775928651.702,51.702,0.72,0.73,0.27,0.28,0.01,0.01,73131.41,1775928649000
1775928652.068,52.068,0.72,0.73,0.27,0.28,0.01,0.01,73131.4,1775928650000
1775928652.478,52.478,0.72,0.73,0.27,0.28,0.01,0.01,73131.4,1775928650000
1775928653.041,53.041,0.72,0.73,0.27,0.28,0.01,0.01,73131.77,1775928651000
1775928653.407,53.407,0.72,0.73,0.27,0.28,0.01,0.01,73131.57,1775928652000
1775928653.799,53.799,0.71,0.72,0.27,0.29,0.01,0.02,73131.57,1775928652000
1775928654.24,54.24,0.7,0.71,0.29,0.3,0.01,0.01,73131.57,1775928652000
1775928654.596,54.596,0.7,0.71,0.29,0.3,0.01,0.01,73130.87,1775928653000
1775928654.929,54.929,0.7,0.71,0.29,0.3,0.01,0.01,73130.87,1775928654000
1775928655.46,55.46,0.69,0.7,0.3,0.31,0.01,0.01,73130.87,1775928654000
1775928656.048,56.048,0.69,0.7,0.3,0.31,0.01,0.01,73130.97,1775928655000
1775928656.383,56.383,0.69,0.7,0.3,0.31,0.01,0.01,73130.97,1775928655000
1775928656.724,56.724,0.69,0.7,0.3,0.31,0.01,0.01,73130.97,1775928655000
1775928657.07,57.07,0.69,0.7,0.3,0.31,0.01,0.01,73131.02,1775928656000
1775928657.438,57.438,0.68,0.69,0.31,0.32,0.01,0.01,73131.02,1775928656000
1775928657.937,57.937,0.68,0.69,0.31,0.32,0.01,0.01,73131.02,1775928656000
1775928658.387,58.387,0.68,0.69,0.31,0.32,0.01,0.01,73131.7,1775928657000
1775928658.909,58.909,0.69,0.7,0.3,0.33,0.01,0.03,73131.7,1775928657000
1775928659.418,59.418,0.71,0.73,0.28,0.31,0.02,0.03,73131.7,1775928658000
1775928660.086,60.086,0.73,0.75,0.25,0.26,0.02,0.01,73131.7,1775928658000
1775928660.832,60.832,0.73,0.75,0.25,0.26,0.02,0.01,73131.7,1775928659000
1775928661.17,61.17,0.67,0.68,0.32,0.33,0.01,0.01,73131.7,1775928659000
1775928661.509,61.509,0.66,0.68,0.32,0.34,0.02,0.02,73131.7,1775928660000
1775928661.915,61.915,0.64,0.67,0.32,0.36,0.03,0.04,73131.7,1775928660000
1775928662.277,62.277,0.63,0.67,0.33,0.35,0.04,0.02,73127.9,1775928661000
1775928662.656,62.656,0.64,0.65,0.35,0.36,0.01,0.01,73127.9,1775928661000
1775928662.995,62.995,0.64,0.65,0.35,0.36,0.01,0.01,73127.9,1775928661000
1775928663.365,63.365,0.64,0.65,0.35,0.37,0.01,0.02,73119.53,1775928662000
1775928663.715,63.715,0.64,0.65,0.35,0.36,0.01,0.01,73119.53,1775928662000
1775928664.069,64.069,0.62,0.63,0.36,0.38,0.01,0.02,73119.53,1775928662000
1775928664.56,64.56,0.61,0.62,0.38,0.39,0.01,0.01,73117.8,1775928663000
1775928664.97,64.97,0.61,0.62,0.38,0.39,0.01,0.01,73117.8,1775928663000
1775928665.362,65.362,0.61,0.62,0.38,0.39,0.01,0.01,73115.98,1775928664000
1775928665.747,65.747,0.61,0.62,0.38,0.4,0.01,0.02,73115.98,1775928664000
1775928666.25,66.25,0.6,0.61,0.39,0.4,0.01,0.01,73116.25,1775928665000
1775928666.632,66.632,0.6,0.61,0.39,0.4,0.01,0.01,73116.25,1775928665000
1775928666.996,66.996,0.59,0.6,0.4,0.41,0.01,0.01,73116.25,1775928665000
1775928667.483,67.483,0.59,0.6,0.4,0.41,0.01,0.01,73116.16,1775928666000
1775928667.854,67.854,0.59,0.6,0.4,0.41,0.01,0.01,73116.16,1775928666000
1775928668.264,68.264,0.59,0.6,0.4,0.41,0.01,0.01,73116.16,1775928666000
1775928668.639,68.639,0.59,0.6,0.4,0.41,0.01,0.01,73116.16,1775928667000
1775928669.025,69.025,0.59,0.6,0.4,0.41,0.01,0.01,73116.16,1775928667000
1775928669.42,69.42,0.59,0.6,0.4,0.41,0.01,0.01,73116.55,1775928668000
1775928669.878,69.878,0.58,0.59,0.4,0.42,0.01,0.02,73116.55,1775928668000
1775928670.219,70.219,0.6,0.61,0.39,0.4,0.01,0.01,73116.55,1775928668000
1775928670.609,70.609,0.6,0.61,0.39,0.4,0.01,0.01,73117.18,1775928669000
1775928671.184,71.184,0.6,0.61,0.39,0.4,0.01,0.01,73117.18,1775928669000
1775928671.85,71.85,0.66,0.67,0.32,0.34,0.01,0.02,73117.18,1775928670000
1775928672.219,72.219,0.66,0.67,0.33,0.34,0.01,0.01,73117.33,1775928671000
1775928672.572,72.572,0.67,0.71,0.32,0.33,0.04,0.01,73117.33,1775928671000
1775928673.033,73.033,0.67,0.68,0.32,0.33,0.01,0.01,73117.33,1775928671000
1775928673.481,73.481,0.67,0.7,0.32,0.33,0.03,0.01,73120.49,1775928672000
1775928673.837,73.837,0.68,0.69,0.31,0.32,0.01,0.01,73120.49,1775928672000
1775928674.196,74.196,0.68,0.69,0.31,0.32,0.01,0.01,73122.56,1775928673000
1775928674.578,74.578,0.68,0.69,0.31,0.32,0.01,0.01,73122.56,1775928673000
1775928674.95,74.95,0.68,0.69,0.31,0.32,0.01,0.01,73122.56,1775928673000
1775928675.299,75.299,0.68,0.7,0.3,0.32,0.02,0.02,73122.13,1775928674000
1775928675.715,75.715,0.69,0.71,0.29,0.31,0.02,0.02,73122.13,1775928674000
1775928676.222,76.222,0.7,0.71,0.29,0.3,0.01,0.01,73122.13,1775928674000
1775928676.596,76.596,0.7,0.71,0.29,0.3,0.01,0.01,73122.13,1775928674000
1775928676.957,76.957,0.7,0.71,0.29,0.3,0.01,0.01,73124.5,1775928675000
1775928677.326,77.326,0.7,0.71,0.29,0.3,0.01,0.01,73124.5,1775928676000
1775928677.726,77.726,0.7,0.71,0.29,0.3,0.01,0.01,73124.5,1775928676000
1775928678.102,78.102,0.7,0.71,0.29,0.3,0.01,0.01,73125.32,1775928677000
1775928678.441,78.441,0.7,0.71,0.29,0.3,0.01,0.01,73125.32,1775928677000
1775928678.898,78.898,0.7,0.71,0.29,0.3,0.01,0.01,73125.32,1775928677000
1775928679.292,79.292,0.7,0.71,0.29,0.3,0.01,0.01,73125.39,1775928678000
1775928679.725,79.725,0.7,0.71,0.29,0.3,0.01,0.01,73125.39,1775928678000
1775928680.148,80.148,0.71,0.72,0.29,0.3,0.01,0.01,73125.39,1775928678000
1775928680.486,80.486,0.71,0.72,0.28,0.29,0.01,0.01,73125.39,1775928678000
1775928680.967,80.967,0.71,0.72,0.28,0.29,0.01,0.01,73125.39,1775928679000
1775928681.361,81.361,0.71,0.72,0.28,0.29,0.01,0.01,73125.39,1775928680000
1775928681.717,81.717,0.71,0.72,0.28,0.3,0.01,0.02,73125.39,1775928680000
1775928682.145,82.145,0.71,0.72,0.28,0.29,0.01,0.01,73125.39,1775928680000
1775928682.497,82.497,0.71,0.72,0.28,0.29,0.01,0.01,73125.39,1775928680000
1775928682.874,82.874,0.71,0.72,0.28,0.29,0.01,0.01,73124.3,1775928681000
1775928683.432,83.432,0.71,0.72,0.28,0.29,0.01,0.01,73126.12,1775928682000
1775928683.81,83.81,0.71,0.72,0.28,0.29,0.01,0.01,73126.12,1775928682000
1775928684.149,84.149,0.71,0.74,0.27,0.29,0.03,0.02,73126.12,1775928682000
1775928684.57,84.57,0.73,0.74,0.26,0.27,0.01,0.01,73127.36,1775928683000
1775928685.142,85.142,0.75,0.76,0.25,0.27,0.01,0.02,73127.36,1775928683000
1775928685.505,85.505,0.76,0.77,0.23,0.24,0.01,0.01,73127.36,1775928683000
1775928685.958,85.958,0.76,0.77,0.23,0.24,0.01,0.01,73127.36,1775928683000
1775928686.293,86.293,0.76,0.77,0.23,0.24,0.01,0.01,73133.41,1775928685000
1775928686.679,86.679,0.76,0.77,0.23,0.24,0.01,0.01,73133.41,1775928685000
1775928687.109,87.109,0.76,0.77,0.23,0.24,0.01,0.01,73133.41,1775928685000
1775928687.45,87.45,0.76,0.77,0.23,0.24,0.01,0.01,73136.08,1775928686000
1775928687.838,87.838,0.77,0.78,0.22,0.23,0.01,0.01,73136.08,1775928686000
1775928688.184,88.184,0.77,0.78,0.22,0.23,0.01,0.01,73136.05,1775928687000
1775928688.58,88.58,0.76,0.77,0.22,0.23,0.01,0.01,73136.05,1775928687000
1775928689.141,89.141,0.77,0.78,0.22,0.23,0.01,0.01,73135.99,1775928688000
1775928689.576,89.576,0.77,0.78,0.22,0.23,0.01,0.01,73135.99,1775928688000
1775928689.978,89.978,0.78,0.79,0.21,0.23,0.01,0.02,73135.99,1775928688000
1775928690.403,90.403,0.78,0.79,0.21,0.22,0.01,0.01,73137.93,1775928689000
1775928691.022,91.022,0.77,0.78,0.21,0.22,0.01,0.01,73137.93,1775928689000
1775928691.385,91.385,0.78,0.8,0.2,0.22,0.02,0.02,73137.51,1775928690000
1775928691.738,91.738,0.79,0.8,0.19,0.21,0.01,0.02,73137.51,1775928690000
1775928692.101,92.101,0.79,0.8,0.2,0.21,0.01,0.01,73137.51,1775928690000
1775928692.434,92.434,0.79,0.8,0.2,0.21,0.01,0.01,73137.95,1775928691000
1775928692.772,92.772,0.79,0.8,0.2,0.21,0.01,0.01,73137.95,1775928691000
1775928693.211,93.211,0.79,0.81,0.19,0.21,0.02,0.02,73137.95,1775928692000
1775928693.665,93.665,0.79,0.8,0.2,0.21,0.01,0.01,73137.95,1775928692000
1775928694.174,94.174,0.79,0.8,0.2,0.21,0.01,0.01,73139.4,1775928693000
1775928694.702,94.702,0.79,0.8,0.2,0.21,0.01,0.01,73139.4,1775928693000
1775928695.16,95.16,0.78,0.79,0.2,0.22,0.01,0.02,73139.4,1775928693000
1775928695.828,95.828,0.78,0.79,0.21,0.22,0.01,0.01,73139.51,1775928694000
1775928696.324,96.324,0.78,0.79,0.21,0.22,0.01,0.01,73139.49,1775928695000
1775928696.741,96.741,0.74,0.75,0.21,0.22,0.01,0.01,73139.49,1775928695000
1775928697.096,97.096,0.72,0.75,0.25,0.28,0.03,0.03,73139.49,1775928695000
1775928697.738,97.738,0.7,0.75,0.25,0.3,0.05,0.05,73137.56,1775928696000
1775928698.086,98.086,0.7,0.72,0.22,0.3,0.02,0.08,73137.56,1775928696000
1775928698.575,98.575,0.72,0.73,0.26,0.28,0.01,0.02,73132.78,1775928697000
1775928698.988,98.988,0.72,0.73,0.27,0.28,0.01,0.01,73132.78,1775928697000
1775928699.375,99.375,0.67,0.69,0.31,0.33,0.02,0.02,73129.89,1775928698000
1775928699.723,99.723,0.67,0.7,0.28,0.33,0.03,0.05,73129.89,1775928698000
1775928700.07,100.07,0.68,0.7,0.3,0.32,0.02,0.02,73129.89,1775928698000
1775928700.499,100.499,0.68,0.69,0.31,0.32,0.01,0.01,73129.89,1775928698000
1775928700.871,100.871,0.68,0.69,0.31,0.32,0.01,0.01,73127.18,1775928699000
1775928701.237,101.237,0.69,0.7,0.3,0.31,0.01,0.01,73127.18,1775928699000
1775928701.682,101.682,0.69,0.7,0.3,0.31,0.01,0.01,73122.97,1775928700000
1775928702.108,102.108,0.69,0.7,0.3,0.31,0.01,0.01,73122.97,1775928700000
1775928702.441,102.441,0.69,0.7,0.3,0.31,0.01,0.01,73122.97,1775928700000
1775928702.824,102.824,0.69,0.7,0.3,0.31,0.01,0.01,73122.03,1775928701000
1775928703.2,103.2,0.69,0.72,0.3,0.31,0.03,0.01,73122.03,1775928701000
1775928703.939,103.939,0.71,0.73,0.28,0.31,0.02,0.03,73123.3,1775928702000
1775928704.417,104.417,0.71,0.73,0.27,0.29,0.02,0.02,73123.3,1775928702000
1775928704.815,104.815,0.75,0.76,0.24,0.25,0.01,0.01,73125.8,1775928703000
1775928705.211,105.211,0.76,0.79,0.21,0.24,0.03,0.03,73125.8,1775928703000
1775928705.583,105.583,0.76,0.77,0.23,0.24,0.01,0.01,73129.27,1775928704000
1775928705.928,105.928,0.78,0.79,0.21,0.22,0.01,0.01,73129.27,1775928704000
1775928706.298,106.298,0.78,0.79,0.21,0.22,0.01,0.01,73129.27,1775928704000
1775928706.637,106.637,0.78,0.8,0.21,0.22,0.02,0.01,73141.18,1775928705000
1775928706.999,106.999,0.78,0.79,0.21,0.22,0.01,0.01,73141.18,1775928705000
1775928707.34,107.34,0.78,0.79,0.21,0.22,0.01,0.01,73141.18,1775928706000
1775928707.676,107.676,0.78,0.84,0.17,0.22,0.06,0.05,73141.18,1775928706000
1775928708.027,108.027,0.82,0.85,0.17,0.18,0.03,0.01,73141.18,1775928706000
1775928708.364,108.364,0.83,0.85,0.14,0.17,0.02,0.03,73141.18,1775928706000
1775928708.701,108.701,0.84,0.85,0.15,0.16,0.01,0.01,73141.18,1775928706000
1775928709.083,109.083,0.85,0.86,0.14,0.15,0.01,0.01,73141.18,1775928706000
1775928709.417,109.417,0.85,0.86,0.14,0.15,0.01,0.01,73141.18,1775928706000
1775928709.782,109.782,0.85,0.86,0.14,0.15,0.01,0.01,73141.18,1775928706000
1775928710.18,110.18,0.85,0.86,0.14,0.15,0.01,0.01,73141.18,1775928706000
1775928710.53,110.53,0.85,0.86,0.14,0.15,0.01,0.01,73141.18,1775928706000
1775928710.9,110.9,0.85,0.86,0.14,0.15,0.01,0.01,73141.18,1775928706000
1775928711.239,111.239,0.85,0.86,0.14,0.15,0.01,0.01,73141.18,1775928706000
1775928711.584,111.584,0.85,0.86,0.14,0.15,0.01,0.01,73141.18,1775928706000
1775928711.983,111.983,0.86,0.87,0.12,0.15,0.01,0.03,73141.18,1775928706000
1775928712.323,112.323,0.87,0.88,0.12,0.14,0.01,0.02,73141.18,1775928706000
1775928712.76,112.76,0.87,0.88,0.12,0.13,0.01,0.01,73141.18,1775928706000
1775928713.281,113.281,0.84,0.86,0.15,0.16,0.02,0.01,73141.18,1775928706000
1775928713.622,113.622,0.85,0.86,0.14,0.15,0.01,0.01,73141.18,1775928706000
1775928714.132,114.132,0.87,0.88,0.12,0.15,0.01,0.03,73141.18,1775928706000
1775928714.475,114.475,0.85,0.87,0.13,0.15,0.02,0.02,73141.18,1775928706000
1775928714.838,114.838,0.85,0.86,0.14,0.15,0.01,0.01,73141.18,1775928706000
1775928715.272,115.272,0.85,0.86,0.14,0.15,0.01,0.01,73141.18,1775928706000
1775928715.619,115.619,0.85,0.86,0.14,0.15,0.01,0.01,73141.18,1775928706000
1775928715.979,115.979,0.87,0.88,0.12,0.13,0.01,0.01,73161.8,1775928714000
1775928716.509,116.509,0.87,0.88,0.12,0.13,0.01,0.01,73161.8,1775928714000
1775928716.849,116.849,0.88,0.89,0.11,0.12,0.01,0.01,73161.84,1775928715000
1775928717.189,117.189,0.88,0.89,0.11,0.12,0.01,0.01,73161.84,1775928715000
1775928717.55,117.55,0.88,0.89,0.11,0.12,0.01,0.01,73161.85,1775928716000
1775928717.909,117.909,0.88,0.89,0.11,0.12,0.01,0.01,73161.85,1775928716000
1775928718.438,118.438,0.88,0.89,0.11,0.12,0.01,0.01,73163.78,1775928717000
1775928718.798,118.798,0.88,0.89,0.1,0.12,0.01,0.02,73163.78,1775928717000
1775928719.154,119.154,0.88,0.89,0.11,0.12,0.01,0.01,73163.78,1775928717000
1775928719.548,119.548,0.88,0.89,0.11,0.12,0.01,0.01,73169.09,1775928718000
1775928719.938,119.938,0.89,0.9,0.1,0.11,0.01,0.01,73169.09,1775928718000
1775928720.277,120.277,0.89,0.9,0.07,0.11,0.01,0.04,73169.09,1775928718000
1775928720.632,120.632,0.89,0.9,0.1,0.11,0.01,0.01,73173.24,1775928719000
1775928721.022,121.022,0.92,0.93,0.07,0.08,0.01,0.01,73173.24,1775928720000
1775928721.377,121.377,0.92,0.93,0.07,0.08,0.01,0.01,73173.24,1775928720000
1775928721.846,121.846,0.92,0.93,0.07,0.08,0.01,0.01,73173.24,1775928720000
1775928722.179,122.179,0.93,0.94,0.06,0.07,0.01,0.01,73173.37,1775928721000
1775928722.524,122.524,0.93,0.94,0.06,0.07,0.01,0.01,73173.37,1775928721000
1775928722.872,122.872,0.93,0.94,0.06,0.07,0.01,0.01,73173.37,1775928721000
1775928723.218,123.218,0.93,0.94,0.06,0.07,0.01,0.01,73173.37,1775928722000
1775928723.571,123.571,0.93,0.94,0.06,0.07,0.01,0.01,73173.37,1775928722000
1775928723.914,123.914,0.93,0.94,0.06,0.07,0.01,0.01,73173.37,1775928722000
1775928724.252,124.252,0.91,0.92,0.06,0.07,0.01,0.01,73177.75,1775928723000
1775928724.603,124.603,0.91,0.93,0.06,0.09,0.02,0.03,73177.75,1775928723000
1775928724.943,124.943,0.92,0.94,0.07,0.08,0.02,0.01,73177.75,1775928723000
1775928725.636,125.636,0.92,0.93,0.07,0.08,0.01,0.01,73177.75,1775928723000
1775928726.013,126.013,0.93,0.94,0.06,0.07,0.01,0.01,73184.44,1775928724000
1775928726.437,126.437,0.93,0.94,0.05,0.07,0.01,0.02,73184.44,1775928724000
1775928726.795,126.795,0.94,0.95,0.05,0.06,0.01,0.01,73184.77,1775928725000
1775928727.171,127.171,0.93,0.95,0.05,0.06,0.02,0.01,73184.77,1775928725000
1775928727.504,127.504,0.94,0.95,0.05,0.06,0.01,0.01,73184.58,1775928726000
1775928727.852,127.852,0.94,0.95,0.05,0.06,0.01,0.01,73184.58,1775928726000
1775928728.192,128.192,0.94,0.95,0.05,0.06,0.01,0.01,73184.4,1775928727000
1775928728.532,128.532,0.94,0.95,0.05,0.06,0.01,0.01,73184.4,1775928727000
1775928728.928,128.928,0.94,0.95,0.05,0.06,0.01,0.01,73184.4,1775928727000
1775928729.34,129.34,0.94,0.95,0.05,0.06,0.01,0.01,73184.4,1775928727000
1775928729.71,129.71,0.94,0.95,0.05,0.06,0.01,0.01,73185.04,1775928728000
1775928730.056,130.056,0.94,0.95,0.05,0.06,0.01,0.01,73185.04,1775928728000
1775928730.694,130.694,0.94,0.95,0.05,0.06,0.01,0.01,73185.48,1775928729000
1775928731.03,131.03,0.94,0.95,0.05,0.06,0.01,0.01,73185.48,1775928729000
1775928731.363,131.363,0.94,0.95,0.05,0.06,0.01,0.01,73185.48,1775928729000
1775928731.72,131.72,0.94,0.95,0.05,0.06,0.01,0.01,73186.2,1775928730000
1775928732.068,132.068,0.94,0.95,0.05,0.06,0.01,0.01,73186.2,1775928730000
1775928732.402,132.402,0.92,0.93,0.07,0.08,0.01,0.01,73186.2,1775928730000
1775928732.876,132.876,0.92,0.93,0.07,0.08,0.01,0.01,73186.25,1775928731000
1775928733.348,133.348,0.92,0.93,0.07,0.08,0.01,0.01,73183.65,1775928732000
1775928733.893,133.893,0.92,0.93,0.07,0.08,0.01,0.01,73183.65,1775928732000
1775928734.241,134.241,0.92,0.93,0.07,0.08,0.01,0.01,73178.17,1775928733000
1775928734.579,134.579,0.92,0.93,0.07,0.08,0.01,0.01,73178.17,1775928733000
1775928735.059,135.059,0.92,0.93,0.07,0.08,0.01,0.01,73173.49,1775928734000
1775928735.436,135.436,0.92,0.93,0.07,0.08,0.01,0.01,73173.49,1775928734000
1775928735.801,135.801,0.92,0.93,0.07,0.08,0.01,0.01,73173.49,1775928734000
1775928736.182,136.182,0.92,0.93,0.07,0.08,0.01,0.01,73173.49,1775928734000
1775928736.529,136.529,0.92,0.93,0.07,0.08,0.01,0.01,73175.4,1775928735000
1775928736.964,136.964,0.92,0.93,0.07,0.08,0.01,0.01,73175.4,1775928735000
1775928737.316,137.316,0.92,0.93,0.07,0.08,0.01,0.01,73175.4,1775928735000
1775928737.659,137.659,0.92,0.93,0.07,0.08,0.01,0.01,73174.54,1775928736000
1775928738.182,138.182,0.91,0.92,0.08,0.09,0.01,0.01,73174.54,1775928736000
1775928738.668,138.668,0.91,0.92,0.08,0.09,0.01,0.01,73177.15,1775928737000
1775928739.003,139.003,0.91,0.92,0.08,0.09,0.01,0.01,73176.66,1775928738000
1775928739.402,139.402,0.91,0.94,0.08,0.09,0.03,0.01,73176.66,1775928738000
1775928740.109,140.109,0.93,0.94,0.06,0.07,0.01,0.01,73176.43,1775928739000
1775928740.46,140.46,0.91,0.92,0.08,0.09,0.01,0.01,73176.43,1775928739000
1775928741.064,141.064,0.91,0.92,0.08,0.09,0.01,0.01,73176.43,1775928739000
1775928741.463,141.463,0.91,0.92,0.08,0.09,0.01,0.01,73176.38,1775928740000
1775928741.841,141.841,0.91,0.92,0.08,0.09,0.01,0.01,73176.38,1775928740000
1775928742.25,142.25,0.91,0.92,0.08,0.09,0.01,0.01,73170.34,1775928741000
1775928742.64,142.64,0.91,0.92,0.08,0.09,0.01,0.01,73170.34,1775928741000
1775928742.977,142.977,0.91,0.92,0.08,0.09,0.01,0.01,73170.34,1775928741000
1775928743.349,143.349,0.91,0.92,0.08,0.09,0.01,0.01,73168.62,1775928742000
1775928743.727,143.727,0.91,0.92,0.08,0.09,0.01,0.01,73168.62,1775928742000
1775928744.207,144.207,0.91,0.92,0.08,0.09,0.01,0.01,73168.62,1775928742000
1775928744.546,144.546,0.91,0.92,0.08,0.09,0.01,0.01,73168.94,1775928743000
1775928744.959,144.959,0.91,0.92,0.08,0.09,0.01,0.01,73168.94,1775928743000
1775928745.408,145.408,0.91,0.92,0.08,0.09,0.01,0.01,73168.63,1775928744000
1775928746.089,146.089,0.91,0.92,0.08,0.09,0.01,0.01,73168.63,1775928744000
1775928746.761,146.761,0.91,0.92,0.08,0.09,0.01,0.01,73168.63,1775928744000
1775928747.114,147.114,0.91,0.92,0.08,0.09,0.01,0.01,73162.89,1775928745000
1775928747.479,147.479,0.87,0.89,0.11,0.13,0.02,0.02,73161.9,1775928746000
1775928747.839,147.839,0.86,0.87,0.13,0.14,0.01,0.01,73161.9,1775928746000
1775928748.265,148.265,0.86,0.87,0.13,0.14,0.01,0.01,73161.9,1775928746000
1775928748.64,148.64,0.86,0.88,0.13,0.14,0.02,0.01,73160.62,1775928747000
1775928749.026,149.026,0.86,0.87,0.13,0.14,0.01,0.01,73156.75,1775928748000
1775928749.418,149.418,0.86,0.87,0.13,0.14,0.01,0.01,73156.75,1775928748000
1775928749.797,149.797,0.86,0.87,0.13,0.14,0.01,0.01,73156.75,1775928748000
1775928750.131,150.131,0.87,0.88,0.12,0.14,0.01,0.02,73156.75,1775928748000
1775928750.473,150.473,0.87,0.88,0.12,0.13,0.01,0.01,73153.42,1775928749000
1775928750.85,150.85,0.87,0.89,0.12,0.13,0.02,0.01,73153.42,1775928749000
1775928751.207,151.207,0.88,0.89,0.11,0.13,0.01,0.02,73153.42,1775928749000
1775928751.546,151.546,0.88,0.89,0.11,0.12,0.01,0.01,73151.23,1775928750000
1775928751.974,151.974,0.88,0.89,0.11,0.12,0.01,0.01,73151.23,1775928750000
1775928752.498,152.498,0.87,0.88,0.12,0.13,0.01,0.01,73151.23,1775928751000
1775928753.016,153.016,0.88,0.89,0.11,0.13,0.01,0.02,73151.23,1775928751000
1775928753.412,153.412,0.87,0.89,0.11,0.12,0.02,0.01,73151.42,1775928752000
1775928754.066,154.066,0.87,0.88,0.12,0.13,0.01,0.01,73151.23,1775928753000
1775928754.956,154.956,0.87,0.88,0.12,0.13,0.01,0.01,73151.23,1775928753000
1775928755.395,155.395,0.84,0.85,0.15,0.16,0.01,0.01,73152.85,1775928754000
1775928755.808,155.808,0.84,0.85,0.15,0.16,0.01,0.01,73152.85,1775928754000
1775928756.282,156.282,0.84,0.85,0.15,0.16,0.01,0.01,73151.11,1775928755000
1775928756.642,156.642,0.84,0.85,0.15,0.16,0.01,0.01,73151.11,1775928755000
1775928757.19,157.19,0.83,0.84,0.16,0.17,0.01,0.01,73151,1775928756000
1775928757.54,157.54,0.82,0.83,0.17,0.18,0.01,0.01,73151,1775928756000
1775928758.002,158.002,0.82,0.83,0.17,0.18,0.01,0.01,73151,1775928756000
1775928758.458,158.458,0.81,0.83,0.17,0.19,0.02,0.02,73147.47,1775928757000
1775928758.88,158.88,0.8,0.81,0.18,0.2,0.01,0.02,73147.47,1775928757000
1775928759.239,159.239,0.8,0.81,0.19,0.2,0.01,0.01,73144.54,1775928758000
1775928759.584,159.584,0.8,0.82,0.18,0.2,0.02,0.02,73144.54,1775928758000
1775928759.95,159.95,0.81,0.82,0.18,0.19,0.01,0.01,73144.54,1775928758000
1775928760.459,160.459,0.78,0.8,0.18,0.19,0.02,0.01,73144.54,1775928758000
1775928761.128,161.128,0.77,0.78,0.22,0.23,0.01,0.01,73138.66,1775928760000
1775928761.466,161.466,0.77,0.78,0.22,0.23,0.01,0.01,73138.66,1775928760000
1775928761.913,161.913,0.77,0.78,0.22,0.23,0.01,0.01,73138.66,1775928760000
1775928762.48,162.48,0.76,0.78,0.22,0.23,0.02,0.01,73138.66,1775928760000
1775928762.927,162.927,0.77,0.78,0.22,0.23,0.01,0.01,73138.66,1775928760000
1775928763.27,163.27,0.77,0.78,0.22,0.23,0.01,0.01,73135.43,1775928761000
1775928763.756,163.756,0.77,0.78,0.22,0.23,0.01,0.01,73133.64,1775928762000
1775928764.202,164.202,0.77,0.78,0.22,0.23,0.01,0.01,73133.64,1775928763000
1775928764.553,164.553,0.77,0.78,0.22,0.23,0.01,0.01,73133.64,1775928763000
1775928765.165,165.165,0.76,0.77,0.23,0.24,0.01,0.01,73133.64,1775928763000
1775928765.537,165.537,0.76,0.77,0.23,0.24,0.01,0.01,73133.64,1775928764000
1775928765.913,165.913,0.76,0.77,0.23,0.24,0.01,0.01,73133.64,1775928764000
1775928766.31,166.31,0.78,0.79,0.21,0.24,0.01,0.03,73132.77,1775928765000
1775928766.715,166.715,0.78,0.79,0.2,0.22,0.01,0.02,73132.77,1775928765000
1775928767.077,167.077,0.78,0.79,0.21,0.22,0.01,0.01,73132.77,1775928765000
1775928767.479,167.479,0.79,0.8,0.2,0.22,0.01,0.02,73132.7,1775928766000
1775928767.859,167.859,0.79,0.8,0.2,0.21,0.01,0.01,73132.7,1775928766000
1775928768.316,168.316,0.79,0.8,0.2,0.21,0.01,0.01,73132.7,1775928766000
1775928768.673,168.673,0.79,0.8,0.2,0.21,0.01,0.01,73133.27,1775928767000
1775928769.041,169.041,0.77,0.8,0.2,0.21,0.03,0.01,73132.23,1775928768000
1775928769.389,169.389,0.77,0.78,0.2,0.23,0.01,0.03,73132.23,1775928768000
1775928770.048,170.048,0.76,0.77,0.22,0.23,0.01,0.01,73132.23,1775928768000
1775928770.414,170.414,0.76,0.77,0.21,0.24,0.01,0.03,73130.71,1775928769000
1775928770.789,170.789,0.76,0.77,0.23,0.24,0.01,0.01,73130.71,1775928769000
1775928771.15,171.15,0.76,0.78,0.22,0.24,0.02,0.02,73130.71,1775928770000
1775928771.591,171.591,0.78,0.79,0.2,0.23,0.01,0.03,73130.71,1775928770000
1775928771.956,171.956,0.78,0.79,0.21,0.22,0.01,0.01,73130.71,1775928770000
1775928772.441,172.441,0.78,0.8,0.21,0.22,0.02,0.01,73130.71,1775928770000
1775928772.833,172.833,0.79,0.8,0.2,0.22,0.01,0.02,73130.71,1775928770000
1775928773.352,173.352,0.79,0.8,0.2,0.21,0.01,0.01,73129.59,1775928771000
1775928773.718,173.718,0.79,0.81,0.19,0.21,0.02,0.02,73129.09,1775928772000
1775928774.326,174.326,0.8,0.82,0.18,0.2,0.02,0.02,73129.0,1775928773000
1775928775.277,175.277,0.8,0.83,0.19,0.2,0.03,0.01,73129.0,1775928773000
1775928775.648,175.648,0.81,0.83,0.17,0.19,0.02,0.02,73130.91,1775928774000
1775928776.008,176.008,0.86,0.9,0.13,0.14,0.04,0.01,73130.91,1775928774000
1775928776.344,176.344,0.86,0.89,0.11,0.14,0.03,0.03,73134.24,1775928775000
1775928776.683,176.683,0.87,0.88,0.12,0.13,0.01,0.01,73134.24,1775928775000
1775928777.233,177.233,0.87,0.88,0.12,0.13,0.01,0.01,73134.24,1775928775000
1775928777.638,177.638,0.87,0.88,0.12,0.13,0.01,0.01,73140.43,1775928776000
1775928777.996,177.996,0.86,0.88,0.13,0.14,0.02,0.01,73140.43,1775928776000
1775928778.356,178.356,0.87,0.88,0.11,0.14,0.01,0.03,73140.43,1775928776000
1775928778.941,178.941,0.88,0.89,0.11,0.12,0.01,0.01,73142.24,1775928777000
1775928779.321,179.321,0.88,0.89,0.11,0.12,0.01,0.01,73144.4,1775928778000
1775928779.658,179.658,0.89,0.9,0.1,0.11,0.01,0.01,73144.4,1775928778000
1775928780.023,180.023,0.89,0.9,0.1,0.11,0.01,0.01,73144.4,1775928778000
1775928780.496,180.496,0.89,0.91,0.1,0.11,0.02,0.01,73143.32,1775928779000
1775928780.923,180.923,0.9,0.91,0.09,0.1,0.01,0.01,73143.32,1775928779000
1775928781.36,181.36,0.9,0.91,0.09,0.1,0.01,0.01,73145.67,1775928780000
1775928781.728,181.728,0.9,0.91,0.09,0.1,0.01,0.01,73145.67,1775928780000
1775928782.07,182.07,0.9,0.91,0.09,0.1,0.01,0.01,73145.67,1775928780000
1775928782.44,182.44,0.9,0.91,0.09,0.1,0.01,0.01,73145.67,1775928781000
1775928782.809,182.809,0.9,0.91,0.09,0.1,0.01,0.01,73145.67,1775928781000
1775928783.417,183.417,0.9,0.91,0.09,0.1,0.01,0.01,73143.72,1775928782000
1775928783.875,183.875,0.9,0.91,0.09,0.1,0.01,0.01,73143.72,1775928782000
1775928784.824,184.824,0.9,0.91,0.09,0.1,0.01,0.01,73143.72,1775928783000
1775928785.336,185.336,0.89,0.9,0.1,0.11,0.01,0.01,73143.85,1775928784000
1775928785.761,185.761,0.89,0.9,0.1,0.11,0.01,0.01,73143.85,1775928784000
1775928786.096,186.096,0.89,0.9,0.1,0.11,0.01,0.01,73143.85,1775928785000
1775928786.543,186.543,0.89,0.9,0.1,0.11,0.01,0.01,73143.85,1775928785000
1775928786.998,186.998,0.89,0.9,0.1,0.11,0.01,0.01,73143.85,1775928785000
1775928787.553,187.553,0.89,0.9,0.1,0.11,0.01,0.01,73143.9,1775928786000
1775928787.904,187.904,0.89,0.9,0.1,0.11,0.01,0.01,73143.9,1775928786000
1775928788.303,188.303,0.89,0.9,0.1,0.11,0.01,0.01,73143.89,1775928787000
1775928788.916,188.916,0.89,0.9,0.1,0.11,0.01,0.01,73143.88,1775928788000
1775928789.269,189.269,0.89,0.9,0.1,0.11,0.01,0.01,73143.88,1775928788000
1775928789.822,189.822,0.89,0.9,0.1,0.11,0.01,0.01,73143.88,1775928788000
1775928790.377,190.377,0.89,0.9,0.1,0.11,0.01,0.01,73143.8,1775928789000
1775928790.871,190.871,0.89,0.9,0.1,0.11,0.01,0.01,73143.8,1775928789000
1775928791.33,191.33,0.89,0.9,0.1,0.11,0.01,0.01,73143.8,1775928789000
1775928791.944,191.944,0.89,0.9,0.1,0.11,0.01,0.01,73143.89,1775928790000
1775928792.365,192.365,0.89,0.9,0.1,0.11,0.01,0.01,73143.91,1775928791000
1775928792.857,192.857,0.89,0.9,0.1,0.11,0.01,0.01,73143.91,1775928791000
1775928793.238,193.238,0.89,0.91,0.09,0.11,0.02,0.02,73143.92,1775928792000
1775928793.903,193.903,0.9,0.91,0.09,0.11,0.01,0.02,73143.92,1775928792000
1775928794.314,194.314,0.9,0.91,0.09,0.1,0.01,0.01,73143.91,1775928793000
1775928794.793,194.793,0.9,0.91,0.09,0.1,0.01,0.01,73143.91,1775928793000
1775928795.239,195.239,0.9,0.91,0.09,0.1,0.01,0.01,73143.91,1775928793000
1775928795.573,195.573,0.9,0.91,0.09,0.1,0.01,0.01,73143.94,1775928794000
1775928796.306,196.306,0.9,0.91,0.09,0.1,0.01,0.01,73143.93,1775928795000
1775928797.001,197.001,0.91,0.92,0.08,0.09,0.01,0.01,73143.93,1775928795000
1775928797.455,197.455,0.91,0.92,0.08,0.09,0.01,0.01,73143.92,1775928796000
1775928798.394,198.394,0.91,0.92,0.08,0.09,0.01,0.01,73143.94,1775928797000
1775928799.293,199.293,0.91,0.92,0.08,0.09,0.01,0.01,73143.93,1775928798000
1775928799.869,199.869,0.91,0.92,0.08,0.09,0.01,0.01,73143.93,1775928798000
1775928800.234,200.234,0.91,0.93,0.07,0.09,0.02,0.02,73143.94,1775928799000
1775928800.718,200.718,0.92,0.93,0.07,0.08,0.01,0.01,73143.94,1775928799000
1775928801.062,201.062,0.92,0.93,0.07,0.08,0.01,0.01,73143.94,1775928799000
1775928801.45,201.45,0.92,0.93,0.07,0.08,0.01,0.01,73143.94,1775928800000
1775928802.193,202.193,0.92,0.93,0.07,0.08,0.01,0.01,73144.17,1775928801000
1775928802.64,202.64,0.92,0.93,0.07,0.08,0.01,0.01,73144.17,1775928801000
1775928802.982,202.982,0.92,0.93,0.07,0.08,0.01,0.01,73144.17,1775928801000
1775928803.872,203.872,0.92,0.93,0.07,0.08,0.01,0.01,73144.17,1775928802000
1775928804.319,204.319,0.92,0.93,0.07,0.08,0.01,0.01,73144.17,1775928802000
1775928804.874,204.874,0.92,0.93,0.07,0.08,0.01,0.01,73144.24,1775928803000
1775928805.208,205.208,0.92,0.93,0.07,0.08,0.01,0.01,73144.24,1775928804000
1775928805.639,205.639,0.92,0.93,0.07,0.08,0.01,0.01,73144.24,1775928804000
1775928806.336,206.336,0.92,0.93,0.07,0.08,0.01,0.01,73144.24,1775928805000
1775928806.845,206.845,0.92,0.93,0.07,0.08,0.01,0.01,73144.24,1775928805000
1775928807.26,207.26,0.92,0.93,0.07,0.08,0.01,0.01,73144.24,1775928806000
1775928807.898,207.898,0.92,0.93,0.07,0.08,0.01,0.01,73144.44,1775928807000
1775928808.317,208.317,0.92,0.93,0.07,0.08,0.01,0.01,73144.44,1775928807000
1775928808.651,208.651,0.92,0.93,0.07,0.08,0.01,0.01,73144.44,1775928807000
1775928809.443,209.443,0.92,0.93,0.07,0.08,0.01,0.01,73145.34,1775928808000
1775928809.869,209.869,0.92,0.93,0.07,0.08,0.01,0.01,73145.34,1775928808000
1775928810.408,210.408,0.92,0.93,0.07,0.08,0.01,0.01,73145.69,1775928809000
1775928811.189,211.189,0.92,0.93,0.07,0.08,0.01,0.01,73145.69,1775928809000
1775928811.857,211.857,0.92,0.93,0.07,0.08,0.01,0.01,73145.7,1775928810000
1775928812.318,212.318,0.92,0.93,0.07,0.08,0.01,0.01,73145.7,1775928811000
1775928812.948,212.948,0.93,0.94,0.06,0.08,0.01,0.02,73145.7,1775928811000
1775928813.556,213.556,0.93,0.94,0.06,0.07,0.01,0.01,73145.7,1775928812000
1775928814.123,214.123,0.93,0.94,0.06,0.07,0.01,0.01,73145.7,1775928813000
1775928814.754,214.754,0.93,0.94,0.06,0.07,0.01,0.01,73145.7,1775928813000
1775928815.166,215.166,0.93,0.94,0.06,0.07,0.01,0.01,73145.7,1775928814000
1775928815.761,215.761,0.93,0.94,0.06,0.07,0.01,0.01,73145.7,1775928814000
1775928816.11,216.11,0.93,0.94,0.06,0.07,0.01,0.01,73145.7,1775928814000
1775928816.685,216.685,0.93,0.94,0.06,0.07,0.01,0.01,73145.7,1775928815000
1775928817.054,217.054,0.93,0.94,0.06,0.07,0.01,0.01,73145.71,1775928816000
1775928818.06,218.06,0.93,0.94,0.06,0.07,0.01,0.01,73145.64,1775928817000
1775928818.529,218.529,0.93,0.94,0.06,0.07,0.01,0.01,73145.64,1775928817000
1775928819.046,219.046,0.93,0.94,0.06,0.07,0.01,0.01,73145.64,1775928817000
1775928819.422,219.422,0.93,0.94,0.06,0.07,0.01,0.01,73145.63,1775928818000
1775928820.162,220.162,0.93,0.94,0.06,0.07,0.01,0.01,73145.63,1775928818000
1775928820.741,220.741,0.93,0.94,0.06,0.07,0.01,0.01,73145.63,1775928819000
1775928821.081,221.081,0.93,0.94,0.06,0.07,0.01,0.01,73145.63,1775928819000
1775928822.268,222.268,0.93,0.94,0.06,0.07,0.01,0.01,73145.64,1775928821000
1775928822.988,222.988,0.93,0.94,0.06,0.07,0.01,0.01,73145.64,1775928821000
1775928823.609,223.609,0.93,0.94,0.06,0.07,0.01,0.01,73145.64,1775928822000
1775928824.43,224.43,0.93,0.94,0.06,0.07,0.01,0.01,73145.85,1775928823000
1775928824.942,224.942,0.93,0.94,0.06,0.07,0.01,0.01,73145.85,1775928823000
1775928825.3,225.3,0.93,0.94,0.06,0.07,0.01,0.01,73145.85,1775928823000
1775928826.075,226.075,0.93,0.94,0.06,0.07,0.01,0.01,73145.89,1775928824000
1775928826.903,226.903,0.93,0.94,0.06,0.07,0.01,0.01,73147.58,1775928826000
1775928827.256,227.256,0.93,0.94,0.06,0.07,0.01,0.01,73147.58,1775928826000
1775928827.874,227.874,0.93,0.94,0.06,0.07,0.01,0.01,73147.58,1775928826000
1775928828.804,228.804,0.93,0.94,0.06,0.07,0.01,0.01,73160.25,1775928827000
1775928829.138,229.138,0.93,0.94,0.06,0.07,0.01,0.01,73160.25,1775928827000
1775928829.489,229.489,0.93,0.94,0.06,0.07,0.01,0.01,73159.98,1775928828000
1775928829.836,229.836,0.93,0.94,0.06,0.07,0.01,0.01,73159.98,1775928828000
1775928830.181,230.181,0.93,0.94,0.06,0.07,0.01,0.01,73159.98,1775928828000
1775928830.562,230.562,0.93,0.94,0.06,0.07,0.01,0.01,73159.98,1775928828000
1775928830.908,230.908,0.93,0.94,0.06,0.07,0.01,0.01,73155.7,1775928829000
1775928831.295,231.295,0.93,0.94,0.06,0.07,0.01,0.01,73155.7,1775928829000
1775928831.773,231.773,0.93,0.94,0.06,0.07,0.01,0.01,73155.7,1775928829000
1775928832.64,232.64,0.93,0.94,0.06,0.07,0.01,0.01,73155.35,1775928831000
1775928833.025,233.025,0.93,0.94,0.06,0.07,0.01,0.01,73155.35,1775928831000
1775928833.643,233.643,0.93,0.94,0.06,0.07,0.01,0.01,73155.08,1775928832000
1775928833.986,233.986,0.93,0.94,0.06,0.07,0.01,0.01,73155.08,1775928832000
1775928834.331,234.331,0.93,0.94,0.06,0.07,0.01,0.01,73160.19,1775928833000
1775928834.72,234.72,0.93,0.94,0.06,0.07,0.01,0.01,73160.19,1775928833000
1775928835.139,235.139,0.93,0.94,0.06,0.07,0.01,0.01,73161.79,1775928834000
1775928835.477,235.477,0.93,0.94,0.06,0.07,0.01,0.01,73161.79,1775928834000
1775928835.818,235.818,0.93,0.94,0.06,0.07,0.01,0.01,73161.79,1775928834000
1775928836.163,236.163,0.93,0.94,0.06,0.07,0.01,0.01,73161.79,1775928834000
1775928836.606,236.606,0.93,0.94,0.06,0.07,0.01,0.01,73165.34,1775928835000
1775928836.964,236.964,0.93,0.94,0.06,0.07,0.01,0.01,73165.34,1775928835000
1775928837.305,237.305,0.93,0.95,0.06,0.07,0.02,0.01,73165.34,1775928836000
1775928837.639,237.639,0.94,0.96,0.05,0.06,0.02,0.01,73165.34,1775928836000
1775928838.043,238.043,0.95,0.96,0.04,0.06,0.01,0.02,73165.34,1775928836000
1775928838.437,238.437,0.95,0.96,0.04,0.05,0.01,0.01,73165.34,1775928836000
1775928839.112,239.112,0.95,0.96,0.04,0.05,0.01,0.01,73166.08,1775928838000
1775928839.656,239.656,0.95,0.96,0.04,0.05,0.01,0.01,73166.08,1775928838000
1775928840.11,240.11,0.95,0.96,0.04,0.05,0.01,0.01,73166.08,1775928838000
1775928840.458,240.458,0.95,0.96,0.04,0.05,0.01,0.01,73166.08,1775928838000
1775928840.792,240.792,0.96,0.97,0.03,0.04,0.01,0.01,73163.84,1775928839000
1775928841.258,241.258,0.96,0.97,0.03,0.04,0.01,0.01,73166.18,1775928840000
1775928841.593,241.593,0.96,0.97,0.03,0.04,0.01,0.01,73166.18,1775928840000
1775928841.938,241.938,0.96,0.97,0.03,0.04,0.01,0.01,73166.18,1775928840000
1775928842.325,242.325,0.97,0.98,0.02,0.03,0.01,0.01,73166.18,1775928840000
1775928842.804,242.804,0.97,0.98,0.02,0.03,0.01,0.01,73169.9,1775928841000
1775928843.145,243.145,0.97,0.98,0.02,0.03,0.01,0.01,73169.98,1775928842000
1775928843.5,243.5,0.97,0.98,0.02,0.03,0.01,0.01,73169.98,1775928842000
1775928843.899,243.899,0.97,0.98,0.02,0.03,0.01,0.01,73169.98,1775928842000
1775928844.245,244.245,0.97,0.98,0.02,0.03,0.01,0.01,73169.98,1775928842000
1775928844.587,244.587,0.97,0.98,0.02,0.03,0.01,0.01,73171.36,1775928843000
1775928844.951,244.951,0.98,0.99,0.02,0.03,0.01,0.01,73171.36,1775928843000
1775928845.307,245.307,0.98,0.99,0.01,0.02,0.01,0.01,73171.36,1775928843000
1775928845.686,245.686,0.98,0.99,0.01,0.02,0.01,0.01,73172.93,1775928844000
1775928846.025,246.025,0.98,0.99,0.01,0.02,0.01,0.01,73172.93,1775928844000
1775928846.408,246.408,0.98,0.99,0.01,0.02,0.01,0.01,73172.93,1775928844000
1775928846.88,246.88,0.98,0.99,0.01,0.02,0.01,0.01,73175.61,1775928845000
1775928847.226,247.226,0.97,0.99,0.01,0.02,0.02,0.01,73175.61,1775928845000
1775928847.595,247.595,0.97,0.98,0.02,0.03,0.01,0.01,73176.03,1775928846000
1775928848.166,248.166,0.98,0.99,0.01,0.02,0.01,0.01,73176.03,1775928846000
1775928848.646,248.646,0.98,0.99,0.01,0.02,0.01,0.01,73172.29,1775928847000
1775928849.208,249.208,0.98,0.99,0.01,0.02,0.01,0.01,73172.29,1775928847000
1775928849.676,249.676,0.98,0.99,0.01,0.02,0.01,0.01,73172.35,1775928848000
1775928850.098,250.098,0.97,0.98,0.02,0.03,0.01,0.01,73172.35,1775928848000
1775928850.49,250.49,0.97,0.98,0.02,0.03,0.01,0.01,73172.35,1775928848000
1775928850.828,250.828,0.97,0.98,0.02,0.03,0.01,0.01,73177.65,1775928849000
1775928851.178,251.178,0.97,0.99,0.02,0.03,0.02,0.01,73175.58,1775928850000
1775928851.535,251.535,0.98,0.99,0.01,0.02,0.01,0.01,73175.58,1775928850000
1775928852.023,252.023,0.98,0.99,0.01,0.02,0.01,0.01,73175.58,1775928850000
1775928852.631,252.631,0.98,0.99,0.01,0.02,0.01,0.01,73175.58,1775928850000
1775928853.088,253.088,0.98,0.99,0.01,0.02,0.01,0.01,73174.22,1775928851000
1775928853.575,253.575,0.98,0.99,0.01,0.02,0.01,0.01,73174.39,1775928852000
1775928854.012,254.012,0.98,0.99,0.01,0.02,0.01,0.01,73174.39,1775928852000
1775928854.427,254.427,0.98,0.99,0.01,0.02,0.01,0.01,73174.39,1775928852000
1775928854.867,254.867,0.98,0.99,0.01,0.02,0.01,0.01,73174.39,1775928852000
1775928855.302,255.302,0.97,0.98,0.01,0.03,0.01,0.02,73178.88,1775928853000
1775928855.766,255.766,0.97,0.98,0.02,0.03,0.01,0.01,73178.88,1775928853000
1775928856.362,256.362,0.97,0.98,0.02,0.03,0.01,0.01,73178.98,1775928854000
1775928856.71,256.71,0.97,0.98,0.02,0.03,0.01,0.01,73178.59,1775928855000
1775928857.071,257.071,0.97,0.99,0.02,0.03,0.02,0.01,73178.59,1775928855000
1775928857.527,257.527,0.98,0.99,0.01,0.03,0.01,0.02,73177.1,1775928856000
1775928857.92,257.92,0.98,0.99,0.01,0.02,0.01,0.01,73177.1,1775928856000
1775928858.431,258.431,0.98,0.99,0.01,0.02,0.01,0.01,73177.1,1775928856000
1775928858.942,258.942,0.98,0.99,0.01,0.02,0.01,0.01,73177.53,1775928857000
1775928859.279,259.279,0.98,0.99,0.01,0.02,0.01,0.01,73177.96,1775928858000
1775928859.649,259.649,0.98,0.99,0.01,0.02,0.01,0.01,73177.96,1775928858000
1775928860.054,260.054,0.98,0.99,0.01,0.02,0.01,0.01,73177.95,1775928859000
1775928860.478,260.478,0.98,0.99,0.01,0.02,0.01,0.01,73177.95,1775928859000
1775928860.937,260.937,0.98,0.99,0.01,0.02,0.01,0.01,73177.95,1775928859000
1775928861.28,261.28,0.98,0.99,0.01,0.02,0.01,0.01,73177.51,1775928860000
1775928861.701,261.701,0.98,0.99,0.01,0.02,0.01,0.01,73177.51,1775928860000
1775928862.034,262.034,0.98,0.99,0.01,0.02,0.01,0.01,73177.51,1775928860000
1775928862.382,262.382,0.98,0.99,0.01,0.02,0.01,0.01,73177.51,1775928860000
1775928862.754,262.754,0.99,0.99,0.01,0.01,0.0,0.0,73178.61,1775928861000
1775928863.176,263.176,0.99,0.99,0.01,0.01,0.0,0.0,73178.61,1775928861000
1775928863.512,263.512,0.99,0.99,0.01,0.01,0.0,0.0,73177.56,1775928862000
1775928863.895,263.895,0.99,0.99,0.01,0.01,0.0,0.0,73177.56,1775928862000
1775928864.446,264.446,0.99,0.99,0.01,0.01,0.0,0.0,73177.56,1775928862000
1775928864.786,264.786,0.99,0.99,0.01,0.01,0.0,0.0,73177.56,1775928862000
1775928865.14,265.14,0.99,0.99,0.01,0.01,0.0,0.0,73175.28,1775928863000
1775928865.562,265.562,0.99,0.99,0.01,0.01,0.0,0.0,73169.95,1775928864000
1775928865.898,265.898,0.99,0.99,0.01,0.01,0.0,0.0,73169.95,1775928864000
1775928866.326,266.326,0.99,0.99,0.01,0.01,0.0,0.0,73169.95,1775928864000
1775928866.86,266.86,0.99,0.99,0.01,0.01,0.0,0.0,73166.87,1775928865000
1775928867.31,267.31,0.99,0.99,0.01,0.01,0.0,0.0,73166.87,1775928866000
1775928867.659,267.659,0.99,0.99,0.01,0.01,0.0,0.0,73166.87,1775928866000
1775928868.161,268.161,0.99,0.99,0.01,0.01,0.0,0.0,73166.58,1775928867000
1775928868.605,268.605,0.99,0.99,0.01,0.01,0.0,0.0,73166.58,1775928867000
1775928869.162,269.162,0.99,0.99,0.01,0.01,0.0,0.0,73166.58,1775928867000
1775928869.766,269.766,0.99,0.99,0.01,0.01,0.0,0.0,73167.42,1775928868000
1775928870.574,270.574,0.99,0.99,0.01,0.01,0.0,0.0,73167.42,1775928868000
1775928870.99,270.99,0.99,0.99,0.01,0.01,0.0,0.0,73170.24,1775928869000
1775928871.782,271.782,0.99,0.99,0.01,0.01,0.0,0.0,73170.25,1775928870000
1775928872.162,272.162,0.99,0.99,0.01,0.01,0.0,0.0,73170.25,1775928870000
1775928872.686,272.686,0.99,0.99,0.01,0.01,0.0,0.0,73171.11,1775928871000
1775928873.029,273.029,0.99,0.99,0.01,0.01,0.0,0.0,73171.53,1775928872000
1775928873.808,273.808,0.99,0.99,0.01,0.01,0.0,0.0,73171.53,1775928872000
1775928874.19,274.19,0.99,0.99,0.01,0.01,0.0,0.0,73171.53,1775928872000
1775928875.454,275.454,0.99,0.99,0.01,0.01,0.0,0.0,73171.53,1775928874000
1775928875.889,275.889,0.99,0.99,0.01,0.01,0.0,0.0,73171.53,1775928874000
1775928876.222,276.222,0.99,0.99,0.01,0.01,0.0,0.0,73171.54,1775928875000
1775928876.642,276.642,0.99,0.99,0.01,0.01,0.0,0.0,73171.54,1775928875000
1775928877.035,277.035,0.99,0.99,0.01,0.01,0.0,0.0,73171.54,1775928875000
1775928877.417,277.417,0.99,0.99,0.01,0.01,0.0,0.0,73172.51,1775928876000
1775928877.998,277.998,0.99,0.99,0.01,0.01,0.0,0.0,73172.51,1775928877000
1775928879.133,279.133,0.99,0.99,0.01,0.01,0.0,0.0,73174.48,1775928878000
1775928880.339,280.339,0.99,0.99,0.01,0.01,0.0,0.0,73179.69,1775928879000
1775928881.066,281.066,0.99,0.99,0.01,0.01,0.0,0.0,73179.69,1775928879000
1775928881.523,281.523,0.99,0.99,0.01,0.01,0.0,0.0,73180.2,1775928880000
1775928882.067,282.067,0.99,0.99,0.01,0.01,0.0,0.0,73180.2,1775928880000
1775928882.549,282.549,0.99,0.99,0.01,0.01,0.0,0.0,73179.26,1775928881000
1775928882.92,282.92,0.99,0.99,0.01,0.01,0.0,0.0,73176.59,1775928882000
1775928883.933,283.933,0.99,0.99,0.01,0.01,0.0,0.0,73177.66,1775928883000
1775928884.356,284.356,0.99,0.99,0.01,0.01,0.0,0.0,73177.66,1775928883000
1775928884.866,284.866,0.99,0.99,0.01,0.01,0.0,0.0,73178.91,1775928884000
1775928885.959,285.959,0.99,0.99,0.01,0.01,0.0,0.0,73178.91,1775928884000
1775928886.364,286.364,0.99,0.99,0.01,0.01,0.0,0.0,73178.57,1775928885000
1775928886.765,286.765,0.99,0.99,0.01,0.01,0.0,0.0,73178.57,1775928885000
1775928887.245,287.245,0.99,0.99,0.01,0.01,0.0,0.0,73175.73,1775928886000
1775928887.803,287.803,0.99,0.99,0.01,0.01,0.0,0.0,73175.73,1775928886000
1775928888.249,288.249,0.99,0.99,0.01,0.01,0.0,0.0,73179.24,1775928887000
1775928888.943,288.943,0.99,0.99,0.01,0.01,0.0,0.0,73179.24,1775928887000
1775928889.299,289.299,0.99,0.99,0.01,0.01,0.0,0.0,73179.24,1775928887000
1775928890.285,290.285,0.99,0.99,0.01,0.01,0.0,0.0,73186.18,1775928889000
1775928891.142,291.142,0.99,0.99,0.01,0.01,0.0,0.0,73186.18,1775928889000
1775928891.557,291.557,0.99,0.99,0.01,0.01,0.0,0.0,73187.18,1775928890000
1775928891.975,291.975,0.99,0.99,0.01,0.01,0.0,0.0,73187.18,1775928890000
1775928892.586,292.586,0.99,0.99,0.01,0.01,0.0,0.0,73187.82,1775928891000
1775928893.064,293.064,0.99,0.99,0.01,0.01,0.0,0.0,73188.32,1775928892000
1775928894.056,294.056,0.99,0.99,0.01,0.01,0.0,0.0,73185.63,1775928893000
1775928895.141,295.141,0.99,0.99,0.01,0.01,0.0,0.0,73184.57,1775928894000
1775928896.03,296.03,0.99,0.99,0.01,0.01,0.0,0.0,73184.57,1775928894000
1775928896.417,296.417,0.99,0.99,0.01,0.01,0.0,0.0,73184.77,1775928895000
1775928896.833,296.833,0.99,0.99,0.01,0.01,0.0,0.0,73185.32,1775928896000
1775928897.204,297.204,0.99,0.99,0.01,0.01,0.0,0.0,73185.32,1775928896000
1775928897.937,297.937,0.99,0.99,0.01,0.01,0.0,0.0,73187.12,1775928897000
1775928898.584,298.584,0.99,0.99,0.01,0.01,0.0,0.0,73187.12,1775928897000
1775928899.056,299.056,0.99,0.99,0.01,0.01,0.0,0.0,73187.09,1775928898000
1775928900.134,300.134,0.99,0.99,0.01,0.01,0.0,0.0,73187.09,1775928899000
1775928900.503,300.503,0.99,0.99,0.01,0.01,0.0,0.0,73187.09,1775928899000
1775928901.277,301.277,0.99,0.99,0.01,0.01,0.0,0.0,73187.17,1775928900000
1775928902.533,302.533,0.99,0.99,0.01,0.01,0.0,0.0,73188.62,1775928901000
1775928902.923,302.923,0.99,0.99,0.01,0.01,0.0,0.0,73192.31,1775928902000

# RESULT,winner=Up,slug=btc-updown-5m-1775928600,ticks=679
