timestamp,elapsed_sec,up_bid,up_ask,down_bid,down_ask,up_spread,down_spread,btc_price,btc_oracle_ts
1777098000.544,0.544,0.51,0.52,0.38,0.39,0.01,0.01,77548.27,1777097999000
1777098000.892,0.892,0.51,0.52,0.48,0.49,0.01,0.01,77548.27,1777097999000
1777098001.445,1.445,0.51,0.52,0.48,0.49,0.01,0.01,77548.27,1777097999000
1777098001.834,1.834,0.49,0.51,0.48,0.49,0.02,0.01,77548.13,1777098000000
1777098002.282,2.282,0.49,0.51,0.49,0.5,0.02,0.01,77547.67,1777098001000
1777098002.779,2.779,0.49,0.5,0.5,0.51,0.01,0.01,77547.67,1777098001000
1777098003.512,3.512,0.49,0.5,0.5,0.51,0.01,0.01,77546.28,1777098002000
1777098003.868,3.868,0.48,0.49,0.5,0.52,0.01,0.02,77546.28,1777098002000
1777098004.214,4.214,0.48,0.49,0.51,0.52,0.01,0.01,77545.79,1777098003000
1777098004.566,4.566,0.48,0.49,0.51,0.52,0.01,0.01,77545.79,1777098003000
1777098005.001,5.001,0.48,0.49,0.51,0.52,0.01,0.01,77545.79,1777098003000
1777098005.341,5.341,0.48,0.49,0.51,0.52,0.01,0.01,77547.68,1777098004000
1777098005.706,5.706,0.39,0.4,0.6,0.61,0.01,0.01,77547.68,1777098004000
1777098006.091,6.091,0.36,0.37,0.63,0.64,0.01,0.01,77547.68,1777098004000
1777098006.446,6.446,0.36,0.37,0.63,0.64,0.01,0.01,77546.77,1777098005000
1777098006.799,6.799,0.36,0.37,0.63,0.64,0.01,0.01,77546.77,1777098005000
1777098007.173,7.173,0.38,0.39,0.61,0.63,0.01,0.02,77546.77,1777098005000
1777098007.526,7.526,0.38,0.39,0.61,0.62,0.01,0.01,77546.48,1777098006000
1777098007.871,7.871,0.38,0.39,0.61,0.62,0.01,0.01,77546.48,1777098006000
1777098008.207,8.207,0.38,0.39,0.61,0.62,0.01,0.01,77543.76,1777098007000
1777098008.597,8.597,0.38,0.39,0.61,0.62,0.01,0.01,77543.76,1777098007000
1777098008.947,8.947,0.38,0.39,0.61,0.62,0.01,0.01,77543.63,1777098008000
1777098009.281,9.281,0.38,0.39,0.61,0.62,0.01,0.01,77543.63,1777098008000
1777098009.631,9.631,0.38,0.39,0.61,0.62,0.01,0.01,77543.63,1777098008000
1777098010.048,10.048,0.38,0.39,0.61,0.62,0.01,0.01,77543.63,1777098008000
1777098010.469,10.469,0.31,0.33,0.62,0.68,0.02,0.06,77543.07,1777098009000
1777098010.823,10.823,0.27,0.28,0.72,0.73,0.01,0.01,77543.07,1777098009000
1777098011.164,11.164,0.26,0.27,0.73,0.74,0.01,0.01,77543.07,1777098009000
1777098011.498,11.498,0.26,0.27,0.73,0.74,0.01,0.01,77542.52,1777098010000
1777098011.939,11.939,0.26,0.27,0.73,0.74,0.01,0.01,77542.52,1777098010000
1777098012.276,12.276,0.25,0.26,0.73,0.75,0.01,0.02,77542.52,1777098010000
1777098012.704,12.704,0.22,0.24,0.77,0.79,0.02,0.02,77541.54,1777098011000
1777098013.072,13.072,0.23,0.24,0.76,0.77,0.01,0.01,77541.54,1777098011000
1777098013.421,13.421,0.23,0.24,0.76,0.77,0.01,0.01,77539.52,1777098012000
1777098013.759,13.759,0.23,0.24,0.76,0.77,0.01,0.01,77539.52,1777098012000
1777098014.094,14.094,0.23,0.24,0.76,0.77,0.01,0.01,77539.52,1777098012000
1777098014.542,14.542,0.23,0.24,0.76,0.77,0.01,0.01,77536.37,1777098013000
1777098014.969,14.969,0.24,0.25,0.75,0.76,0.01,0.01,77536.37,1777098013000
1777098015.51,15.51,0.24,0.25,0.75,0.76,0.01,0.01,77533.54,1777098014000
1777098016.086,16.086,0.24,0.25,0.75,0.76,0.01,0.01,77533.54,1777098014000
1777098016.538,16.538,0.24,0.25,0.75,0.76,0.01,0.01,77532.0,1777098015000
1777098016.894,16.894,0.24,0.25,0.75,0.76,0.01,0.01,77532.0,1777098015000
1777098017.398,17.398,0.24,0.25,0.75,0.76,0.01,0.01,77531.98,1777098016000
1777098017.86,17.86,0.24,0.25,0.75,0.76,0.01,0.01,77531.98,1777098016000
1777098018.22,18.22,0.24,0.25,0.75,0.76,0.01,0.01,77534.13,1777098017000
1777098018.651,18.651,0.24,0.25,0.75,0.76,0.01,0.01,77534.13,1777098017000
1777098018.993,18.993,0.24,0.25,0.75,0.76,0.01,0.01,77534.13,1777098017000
1777098019.379,19.379,0.24,0.25,0.75,0.76,0.01,0.01,77533.57,1777098018000
1777098019.75,19.75,0.24,0.25,0.75,0.76,0.01,0.01,77533.57,1777098018000
1777098020.122,20.122,0.24,0.25,0.75,0.76,0.01,0.01,77533.57,1777098018000
1777098020.482,20.482,0.25,0.26,0.74,0.75,0.01,0.01,77530.83,1777098019000
1777098021.277,21.277,0.26,0.27,0.73,0.74,0.01,0.01,77533.57,1777098020000
1777098021.69,21.69,0.26,0.28,0.73,0.74,0.02,0.01,77533.57,1777098020000
1777098022.127,22.127,0.27,0.28,0.72,0.73,0.01,0.01,77533.57,1777098020000
1777098022.599,22.599,0.26,0.27,0.73,0.74,0.01,0.01,77530.87,1777098021000
1777098023.126,23.126,0.26,0.27,0.73,0.74,0.01,0.01,77530.87,1777098021000
1777098023.482,23.482,0.26,0.27,0.73,0.74,0.01,0.01,77530.87,1777098021000
1777098023.853,23.853,0.28,0.29,0.71,0.72,0.01,0.01,77531.75,1777098022000
1777098024.322,24.322,0.27,0.28,0.71,0.72,0.01,0.01,77531.75,1777098023000
1777098024.99,24.99,0.25,0.27,0.73,0.75,0.02,0.02,77531.5,1777098024000
1777098025.537,25.537,0.24,0.25,0.75,0.76,0.01,0.01,77531.5,1777098024000
1777098025.907,25.907,0.24,0.25,0.75,0.76,0.01,0.01,77531.5,1777098024000
1777098026.521,26.521,0.26,0.27,0.73,0.74,0.01,0.01,77531.51,1777098025000
1777098027.042,27.042,0.26,0.27,0.73,0.74,0.01,0.01,77533.85,1777098026000
1777098027.405,27.405,0.26,0.27,0.73,0.74,0.01,0.01,77533.85,1777098026000
1777098027.9,27.9,0.29,0.3,0.66,0.71,0.01,0.05,77533.85,1777098026000
1777098028.438,28.438,0.29,0.3,0.7,0.71,0.01,0.01,77533.92,1777098027000
1777098028.927,28.927,0.29,0.3,0.7,0.71,0.01,0.01,77533.92,1777098027000
1777098029.747,29.747,0.28,0.29,0.71,0.72,0.01,0.01,77533.98,1777098028000
1777098030.697,30.697,0.27,0.28,0.72,0.73,0.01,0.01,77533.97,1777098029000
1777098031.152,31.152,0.27,0.28,0.72,0.73,0.01,0.01,77531.74,1777098030000
1777098031.642,31.642,0.28,0.29,0.71,0.72,0.01,0.01,77531.74,1777098030000
1777098032.013,32.013,0.29,0.3,0.7,0.72,0.01,0.02,77531.74,1777098030000
1777098033.204,33.204,0.29,0.3,0.7,0.71,0.01,0.01,77533.86,1777098032000
1777098033.589,33.589,0.29,0.3,0.7,0.71,0.01,0.01,77533.86,1777098032000
1777098034.013,34.013,0.29,0.3,0.7,0.71,0.01,0.01,77533.86,1777098032000
1777098034.398,34.398,0.31,0.32,0.68,0.71,0.01,0.03,77531.49,1777098033000
1777098034.795,34.795,0.31,0.32,0.68,0.69,0.01,0.01,77531.49,1777098033000
1777098035.304,35.304,0.3,0.31,0.69,0.7,0.01,0.01,77533.75,1777098034000
1777098036.219,36.219,0.3,0.31,0.69,0.7,0.01,0.01,77533.75,1777098034000
1777098036.617,36.617,0.3,0.31,0.69,0.7,0.01,0.01,77533.75,1777098035000
1777098037.338,37.338,0.31,0.32,0.68,0.69,0.01,0.01,77533.76,1777098036000
1777098037.917,37.917,0.31,0.32,0.68,0.69,0.01,0.01,77533.76,1777098036000
1777098038.417,38.417,0.31,0.32,0.68,0.69,0.01,0.01,77533.76,1777098037000
1777098038.757,38.757,0.31,0.32,0.68,0.69,0.01,0.01,77533.76,1777098037000
1777098039.194,39.194,0.31,0.32,0.68,0.69,0.01,0.01,77533.8,1777098038000
1777098039.927,39.927,0.3,0.32,0.68,0.69,0.02,0.01,77533.8,1777098038000
1777098040.299,40.299,0.3,0.31,0.68,0.7,0.01,0.02,77533.8,1777098039000
1777098040.806,40.806,0.3,0.31,0.69,0.7,0.01,0.01,77533.8,1777098039000
1777098041.424,41.424,0.29,0.3,0.69,0.71,0.01,0.02,77533.8,1777098039000
1777098041.835,41.835,0.28,0.3,0.7,0.72,0.02,0.02,77533.74,1777098040000
1777098042.23,42.23,0.28,0.3,0.7,0.72,0.02,0.02,77531.4,1777098041000
1777098042.734,42.734,0.28,0.29,0.7,0.72,0.01,0.02,77531.4,1777098041000
1777098043.301,43.301,0.28,0.29,0.71,0.72,0.01,0.01,77533.81,1777098042000
1777098043.743,43.743,0.28,0.29,0.71,0.72,0.01,0.01,77533.81,1777098042000
1777098044.247,44.247,0.28,0.29,0.71,0.72,0.01,0.01,77532.26,1777098043000
1777098044.677,44.677,0.28,0.29,0.71,0.72,0.01,0.01,77532.26,1777098043000
1777098045.143,45.143,0.28,0.29,0.71,0.72,0.01,0.01,77532.26,1777098043000
1777098045.76,45.76,0.28,0.29,0.71,0.72,0.01,0.01,77531.75,1777098044000
1777098046.21,46.21,0.28,0.29,0.71,0.72,0.01,0.01,77532.36,1777098045000
1777098046.741,46.741,0.28,0.29,0.71,0.72,0.01,0.01,77532.36,1777098045000
1777098047.129,47.129,0.26,0.29,0.71,0.74,0.03,0.03,77531.75,1777098046000
1777098047.765,47.765,0.27,0.28,0.72,0.73,0.01,0.01,77531.75,1777098046000
1777098048.124,48.124,0.27,0.28,0.72,0.73,0.01,0.01,77531.75,1777098046000
1777098048.512,48.512,0.27,0.28,0.72,0.73,0.01,0.01,77533.84,1777098047000
1777098048.925,48.925,0.29,0.3,0.7,0.73,0.01,0.03,77533.84,1777098047000
1777098049.877,49.877,0.28,0.3,0.7,0.71,0.02,0.01,77531.88,1777098048000
1777098050.837,50.837,0.26,0.29,0.71,0.72,0.03,0.01,77533.84,1777098049000
1777098051.586,51.586,0.26,0.27,0.71,0.74,0.01,0.03,77533.84,1777098050000
1777098051.931,51.931,0.26,0.27,0.73,0.74,0.01,0.01,77533.84,1777098050000
1777098052.498,52.498,0.25,0.26,0.73,0.74,0.01,0.01,77534.1,1777098051000
1777098052.84,52.84,0.22,0.23,0.74,0.78,0.01,0.04,77534.1,1777098051000
1777098053.272,53.272,0.22,0.25,0.77,0.78,0.03,0.01,77533.79,1777098052000
1777098053.733,53.733,0.22,0.23,0.77,0.78,0.01,0.01,77533.79,1777098052000
1777098054.129,54.129,0.22,0.23,0.77,0.78,0.01,0.01,77533.79,1777098052000
1777098054.548,54.548,0.21,0.22,0.78,0.79,0.01,0.01,77533.79,1777098052000
1777098054.889,54.889,0.28,0.29,0.71,0.72,0.01,0.01,77532.46,1777098053000
1777098055.322,55.322,0.27,0.28,0.72,0.73,0.01,0.01,77530.19,1777098054000
1777098055.929,55.929,0.24,0.25,0.75,0.76,0.01,0.01,77530.19,1777098054000
1777098056.368,56.368,0.24,0.25,0.75,0.76,0.01,0.01,77530.19,1777098054000
1777098056.769,56.769,0.26,0.27,0.73,0.74,0.01,0.01,77527.58,1777098055000
1777098057.344,57.344,0.23,0.34,0.74,0.77,0.11,0.03,77527.58,1777098055000
1777098057.702,57.702,0.23,0.24,0.76,0.77,0.01,0.01,77525.41,1777098056000
1777098058.315,58.315,0.23,0.24,0.76,0.77,0.01,0.01,77527.85,1777098057000
1777098058.659,58.659,0.23,0.24,0.76,0.77,0.01,0.01,77527.85,1777098057000
1777098059.062,59.062,0.23,0.24,0.76,0.77,0.01,0.01,77527.85,1777098057000
1777098059.411,59.411,0.22,0.23,0.77,0.78,0.01,0.01,77527.85,1777098057000
1777098059.775,59.775,0.22,0.23,0.77,0.78,0.01,0.01,77525.43,1777098058000
1777098060.171,60.171,0.23,0.24,0.76,0.77,0.01,0.01,77525.43,1777098058000
1777098060.706,60.706,0.23,0.24,0.76,0.77,0.01,0.01,77525.63,1777098059000
1777098061.152,61.152,0.21,0.22,0.76,0.79,0.01,0.03,77525.63,1777098059000
1777098061.719,61.719,0.22,0.23,0.77,0.78,0.01,0.01,77525.63,1777098060000
1777098062.127,62.127,0.22,0.23,0.77,0.78,0.01,0.01,77525.63,1777098060000
1777098062.469,62.469,0.22,0.23,0.77,0.78,0.01,0.01,77525.63,1777098060000
1777098062.883,62.883,0.21,0.23,0.77,0.78,0.02,0.01,77525.63,1777098060000
1777098063.244,63.244,0.21,0.22,0.78,0.79,0.01,0.01,77523.82,1777098061000
1777098063.692,63.692,0.21,0.22,0.78,0.79,0.01,0.01,77523.82,1777098061000
1777098064.236,64.236,0.21,0.22,0.78,0.79,0.01,0.01,77523.82,1777098062000
1777098064.636,64.636,0.21,0.22,0.78,0.79,0.01,0.01,77526.68,1777098063000
1777098065.056,65.056,0.21,0.22,0.78,0.79,0.01,0.01,77526.68,1777098063000
1777098065.436,65.436,0.21,0.22,0.78,0.79,0.01,0.01,77523.8,1777098064000
1777098065.838,65.838,0.2,0.21,0.78,0.8,0.01,0.02,77523.8,1777098064000
1777098066.232,66.232,0.2,0.21,0.79,0.8,0.01,0.01,77523.8,1777098065000
1777098066.61,66.61,0.2,0.21,0.79,0.8,0.01,0.01,77523.8,1777098065000
1777098067.097,67.097,0.2,0.21,0.79,0.8,0.01,0.01,77523.8,1777098065000
1777098067.461,67.461,0.2,0.21,0.79,0.8,0.01,0.01,77523.8,1777098065000
1777098067.938,67.938,0.2,0.21,0.79,0.8,0.01,0.01,77526.49,1777098066000
1777098068.384,68.384,0.18,0.21,0.79,0.82,0.03,0.03,77523.3,1777098067000
1777098068.91,68.91,0.18,0.19,0.81,0.82,0.01,0.01,77523.3,1777098067000
1777098069.287,69.287,0.16,0.19,0.81,0.84,0.03,0.03,77526.36,1777098068000
1777098069.794,69.794,0.17,0.18,0.82,0.84,0.01,0.02,77526.36,1777098068000
1777098070.198,70.198,0.16,0.17,0.83,0.84,0.01,0.01,77526.36,1777098068000
1777098070.76,70.76,0.16,0.17,0.83,0.84,0.01,0.01,77526.36,1777098068000
1777098071.176,71.176,0.16,0.17,0.83,0.84,0.01,0.01,77522.73,1777098069000
1777098071.573,71.573,0.16,0.17,0.83,0.84,0.01,0.01,77522.73,1777098069000
1777098072.163,72.163,0.17,0.18,0.82,0.83,0.01,0.01,77522.73,1777098070000
1777098072.7,72.7,0.17,0.18,0.82,0.83,0.01,0.01,77521.41,1777098071000
1777098073.05,73.05,0.17,0.18,0.82,0.83,0.01,0.01,77521.41,1777098071000
1777098073.393,73.393,0.17,0.32,0.82,0.83,0.15,0.01,77521.41,1777098071000
1777098073.831,73.831,0.21,0.22,0.78,0.79,0.01,0.01,77521.41,1777098071000
1777098074.409,74.409,0.21,0.22,0.78,0.79,0.01,0.01,77521.41,1777098071000
1777098075.421,75.421,0.21,0.22,0.78,0.79,0.01,0.01,77521.41,1777098071000
1777098076.077,76.077,0.21,0.22,0.78,0.79,0.01,0.01,77521.09,1777098075000
1777098076.414,76.414,0.21,0.22,0.78,0.79,0.01,0.01,77521.09,1777098075000
1777098076.886,76.886,0.21,0.22,0.78,0.79,0.01,0.01,77521.09,1777098075000
1777098077.224,77.224,0.21,0.22,0.78,0.79,0.01,0.01,77520.81,1777098076000
1777098077.654,77.654,0.21,0.22,0.78,0.79,0.01,0.01,77520.81,1777098076000
1777098078.139,78.139,0.21,0.22,0.78,0.79,0.01,0.01,77520.81,1777098076000
1777098078.924,78.924,0.21,0.22,0.78,0.79,0.01,0.01,77520.93,1777098077000
1777098079.321,79.321,0.21,0.22,0.78,0.79,0.01,0.01,77521.32,1777098078000
1777098080.15,80.15,0.21,0.22,0.78,0.79,0.01,0.01,77521.32,1777098078000
1777098080.61,80.61,0.21,0.22,0.78,0.79,0.01,0.01,77521.5,1777098079000
1777098080.991,80.991,0.21,0.22,0.78,0.79,0.01,0.01,77521.5,1777098079000
1777098081.379,81.379,0.21,0.22,0.78,0.79,0.01,0.01,77521.7,1777098080000
1777098081.97,81.97,0.21,0.22,0.78,0.79,0.01,0.01,77522.04,1777098081000
1777098082.745,82.745,0.2,0.22,0.78,0.79,0.02,0.01,77522.04,1777098081000
1777098083.191,83.191,0.2,0.21,0.78,0.8,0.01,0.02,77522.04,1777098081000
1777098083.547,83.547,0.17,0.21,0.79,0.8,0.04,0.01,77521.97,1777098082000
1777098083.957,83.957,0.18,0.19,0.81,0.82,0.01,0.01,77521.97,1777098083000
1777098084.816,84.816,0.18,0.19,0.81,0.82,0.01,0.01,77521.97,1777098083000
1777098085.215,85.215,0.18,0.19,0.81,0.82,0.01,0.01,77521.58,1777098084000
1777098086.377,86.377,0.2,0.21,0.81,0.82,0.01,0.01,77521.58,1777098084000
1777098086.725,86.725,0.2,0.21,0.79,0.8,0.01,0.01,77521.58,1777098085000
1777098087.12,87.12,0.2,0.21,0.79,0.8,0.01,0.01,77521.7,1777098086000
1777098087.55,87.55,0.2,0.21,0.79,0.8,0.01,0.01,77521.7,1777098086000
1777098088.359,88.359,0.2,0.21,0.79,0.8,0.01,0.01,77521.7,1777098086000
1777098089.055,89.055,0.2,0.21,0.79,0.8,0.01,0.01,77521.62,1777098088000
1777098089.858,89.858,0.2,0.21,0.79,0.8,0.01,0.01,77521.62,1777098088000
1777098090.202,90.202,0.2,0.21,0.79,0.8,0.01,0.01,77521.62,1777098089000
1777098090.702,90.702,0.2,0.21,0.79,0.8,0.01,0.01,77521.62,1777098089000
1777098091.305,91.305,0.2,0.21,0.79,0.8,0.01,0.01,77521.62,1777098089000
1777098091.777,91.777,0.2,0.21,0.79,0.8,0.01,0.01,77521.62,1777098090000
1777098092.2,92.2,0.2,0.21,0.79,0.8,0.01,0.01,77521.62,1777098090000
1777098092.552,92.552,0.2,0.21,0.79,0.8,0.01,0.01,77521.62,1777098090000
1777098092.955,92.955,0.2,0.21,0.79,0.8,0.01,0.01,77521.61,1777098091000
1777098093.329,93.329,0.2,0.21,0.79,0.8,0.01,0.01,77521.57,1777098092000
1777098093.683,93.683,0.2,0.21,0.79,0.8,0.01,0.01,77521.57,1777098092000
1777098094.263,94.263,0.18,0.21,0.79,0.8,0.03,0.01,77521.57,1777098092000
1777098094.606,94.606,0.18,0.19,0.79,0.82,0.01,0.03,77521.61,1777098093000
1777098095.25,95.25,0.18,0.19,0.81,0.82,0.01,0.01,77521.61,1777098094000
1777098095.697,95.697,0.17,0.19,0.81,0.82,0.02,0.01,77521.61,1777098094000
1777098096.069,96.069,0.2,0.21,0.78,0.82,0.01,0.04,77521.61,1777098094000
1777098096.549,96.549,0.18,0.21,0.79,0.8,0.03,0.01,77521.61,1777098094000
1777098097.057,97.057,0.18,0.19,0.81,0.82,0.01,0.01,77520.75,1777098095000
1777098097.428,97.428,0.19,0.21,0.79,0.81,0.02,0.02,77520.51,1777098096000
1777098097.949,97.949,0.19,0.2,0.79,0.81,0.01,0.02,77520.51,1777098096000
1777098098.391,98.391,0.19,0.2,0.8,0.81,0.01,0.01,77520.56,1777098097000
1777098099.035,99.035,0.2,0.21,0.79,0.8,0.01,0.01,77520.56,1777098097000
1777098099.479,99.479,0.2,0.21,0.79,0.8,0.01,0.01,77520.56,1777098098000
1777098100.083,100.083,0.2,0.21,0.79,0.8,0.01,0.01,77520.56,1777098098000
1777098100.701,100.701,0.2,0.21,0.79,0.8,0.01,0.01,77520.11,1777098099000
1777098101.27,101.27,0.2,0.21,0.79,0.8,0.01,0.01,77520.11,1777098099000
1777098101.839,101.839,0.2,0.21,0.79,0.8,0.01,0.01,77520.22,1777098100000
1777098102.279,102.279,0.2,0.21,0.79,0.8,0.01,0.01,77520.36,1777098101000
1777098102.66,102.66,0.2,0.21,0.79,0.8,0.01,0.01,77520.36,1777098101000
1777098103.154,103.154,0.2,0.21,0.79,0.8,0.01,0.01,77520.36,1777098101000
1777098103.763,103.763,0.2,0.21,0.79,0.8,0.01,0.01,77520.36,1777098102000
1777098104.147,104.147,0.2,0.21,0.79,0.8,0.01,0.01,77520.32,1777098103000
1777098104.655,104.655,0.2,0.21,0.79,0.8,0.01,0.01,77520.32,1777098103000
1777098105.208,105.208,0.2,0.21,0.79,0.8,0.01,0.01,77520.38,1777098104000
1777098105.941,105.941,0.2,0.21,0.79,0.8,0.01,0.01,77520.38,1777098104000
1777098106.534,106.534,0.2,0.21,0.79,0.8,0.01,0.01,77520.38,1777098105000
1777098107.163,107.163,0.2,0.21,0.79,0.8,0.01,0.01,77520.38,1777098105000
1777098107.62,107.62,0.2,0.21,0.79,0.8,0.01,0.01,77520.32,1777098106000
1777098107.976,107.976,0.2,0.21,0.79,0.8,0.01,0.01,77520.32,1777098107000
1777098108.56,108.56,0.19,0.2,0.79,0.81,0.01,0.02,77520.32,1777098107000
1777098109.02,109.02,0.19,0.2,0.8,0.81,0.01,0.01,77520.5,1777098108000
1777098109.659,109.659,0.18,0.19,0.8,0.81,0.01,0.01,77520.5,1777098108000
1777098110.04,110.04,0.18,0.19,0.81,0.82,0.01,0.01,77520.5,1777098109000
1777098110.39,110.39,0.18,0.19,0.81,0.82,0.01,0.01,77520.5,1777098109000
1777098110.858,110.858,0.18,0.19,0.81,0.82,0.01,0.01,77520.5,1777098109000
1777098111.211,111.211,0.18,0.19,0.81,0.82,0.01,0.01,77520.63,1777098110000
1777098111.579,111.579,0.17,0.18,0.82,0.83,0.01,0.01,77520.63,1777098110000
1777098112.06,112.06,0.17,0.18,0.82,0.83,0.01,0.01,77520.63,1777098110000
1777098112.662,112.662,0.17,0.18,0.82,0.83,0.01,0.01,77520.51,1777098111000
1777098113.261,113.261,0.17,0.18,0.82,0.83,0.01,0.01,77520.51,1777098111000
1777098113.862,113.862,0.17,0.18,0.82,0.83,0.01,0.01,77520.48,1777098112000
1777098114.24,114.24,0.16,0.17,0.82,0.83,0.01,0.01,77520.48,1777098112000
1777098114.892,114.892,0.16,0.17,0.83,0.84,0.01,0.01,77520.49,1777098113000
1777098115.24,115.24,0.16,0.17,0.83,0.84,0.01,0.01,77520.49,1777098114000
1777098115.955,115.955,0.16,0.17,0.83,0.84,0.01,0.01,77520.49,1777098114000
1777098117.308,117.308,0.16,0.17,0.83,0.84,0.01,0.01,77520.69,1777098116000
1777098117.916,117.916,0.16,0.17,0.83,0.84,0.01,0.01,77520.69,1777098116000
1777098118.267,118.267,0.16,0.17,0.83,0.84,0.01,0.01,77520.79,1777098117000
1777098118.66,118.66,0.16,0.17,0.83,0.84,0.01,0.01,77520.79,1777098117000
1777098119.372,119.372,0.16,0.17,0.83,0.84,0.01,0.01,77520.79,1777098117000
1777098119.959,119.959,0.15,0.16,0.83,0.85,0.01,0.02,77523.49,1777098118000
1777098120.667,120.667,0.15,0.16,0.84,0.85,0.01,0.01,77523.49,1777098119000
1777098121.045,121.045,0.15,0.16,0.84,0.85,0.01,0.01,77523.49,1777098119000
1777098121.438,121.438,0.16,0.17,0.83,0.85,0.01,0.02,77523.71,1777098120000
1777098121.791,121.791,0.16,0.17,0.83,0.84,0.01,0.01,77523.71,1777098120000
1777098122.143,122.143,0.16,0.17,0.83,0.84,0.01,0.01,77523.71,1777098120000
1777098122.504,122.504,0.16,0.17,0.83,0.84,0.01,0.01,77523.71,1777098120000
1777098122.874,122.874,0.15,0.17,0.83,0.85,0.02,0.02,77520.17,1777098121000
1777098123.357,123.357,0.15,0.16,0.84,0.85,0.01,0.01,77520.17,1777098121000
1777098124.001,124.001,0.15,0.16,0.84,0.85,0.01,0.01,77520.31,1777098122000
1777098124.98,124.98,0.15,0.16,0.84,0.85,0.01,0.01,77523.28,1777098123000
1777098125.351,125.351,0.15,0.16,0.84,0.85,0.01,0.01,77523.28,1777098123000
1777098125.917,125.917,0.15,0.16,0.84,0.85,0.01,0.01,77520.63,1777098124000
1777098126.255,126.255,0.15,0.16,0.84,0.85,0.01,0.01,77520.63,1777098124000
1777098126.829,126.829,0.15,0.16,0.84,0.85,0.01,0.01,77520.63,1777098125000
1777098127.35,127.35,0.15,0.17,0.84,0.85,0.02,0.01,77520.63,1777098125000
1777098128.025,128.025,0.15,0.17,0.83,0.85,0.02,0.02,77523.42,1777098127000
1777098128.914,128.914,0.19,0.2,0.8,0.81,0.01,0.01,77523.42,1777098127000
1777098129.476,129.476,0.19,0.2,0.8,0.81,0.01,0.01,77520.78,1777098128000
1777098130.068,130.068,0.18,0.19,0.8,0.82,0.01,0.02,77520.78,1777098128000
1777098130.658,130.658,0.17,0.18,0.81,0.84,0.01,0.03,77520.99,1777098129000
1777098131.721,131.721,0.17,0.18,0.82,0.83,0.01,0.01,77521.04,1777098130000
1777098132.217,132.217,0.17,0.18,0.82,0.83,0.01,0.01,77521.04,1777098130000
1777098133.316,133.316,0.17,0.18,0.82,0.83,0.01,0.01,77521.11,1777098131000
1777098133.872,133.872,0.17,0.18,0.82,0.83,0.01,0.01,77520.87,1777098132000
1777098134.25,134.25,0.17,0.18,0.82,0.83,0.01,0.01,77520.87,1777098132000
1777098134.884,134.884,0.17,0.18,0.82,0.83,0.01,0.01,77520.88,1777098133000
1777098135.223,135.223,0.17,0.18,0.82,0.83,0.01,0.01,77521,1777098134000
1777098135.626,135.626,0.17,0.18,0.82,0.83,0.01,0.01,77521,1777098134000
1777098136.127,136.127,0.17,0.18,0.82,0.83,0.01,0.01,77521,1777098134000
1777098136.582,136.582,0.17,0.18,0.82,0.83,0.01,0.01,77520.91,1777098135000
1777098137.362,137.362,0.17,0.18,0.82,0.83,0.01,0.01,77520.91,1777098136000
1777098138.3,138.3,0.17,0.18,0.82,0.83,0.01,0.01,77520.91,1777098136000
1777098138.684,138.684,0.16,0.18,0.82,0.84,0.02,0.02,77520.98,1777098137000
1777098139.77,139.77,0.16,0.18,0.82,0.84,0.02,0.02,77521.03,1777098138000
1777098140.266,140.266,0.16,0.18,0.82,0.84,0.02,0.02,77521.07,1777098139000
1777098141.324,141.324,0.16,0.18,0.82,0.84,0.02,0.02,77521.08,1777098140000
1777098141.714,141.714,0.16,0.17,0.83,0.84,0.01,0.01,77521.08,1777098140000
1777098142.374,142.374,0.16,0.17,0.83,0.84,0.01,0.01,77521,1777098141000
1777098142.891,142.891,0.16,0.17,0.83,0.84,0.01,0.01,77521.16,1777098142000
1777098143.522,143.522,0.16,0.17,0.83,0.84,0.01,0.01,77521.16,1777098142000
1777098144.049,144.049,0.16,0.17,0.83,0.84,0.01,0.01,77521.16,1777098143000
1777098144.917,144.917,0.16,0.17,0.83,0.84,0.01,0.01,77521.01,1777098144000
1777098145.38,145.38,0.15,0.16,0.83,0.84,0.01,0.01,77521.01,1777098144000
1777098145.979,145.979,0.15,0.16,0.84,0.85,0.01,0.01,77521.13,1777098145000
1777098146.471,146.471,0.15,0.16,0.84,0.85,0.01,0.01,77521.13,1777098145000
1777098146.822,146.822,0.15,0.16,0.84,0.85,0.01,0.01,77521.13,1777098145000
1777098147.329,147.329,0.15,0.16,0.84,0.85,0.01,0.01,77521.11,1777098146000
1777098147.982,147.982,0.15,0.16,0.84,0.85,0.01,0.01,77521.11,1777098147000
1777098148.757,148.757,0.15,0.16,0.84,0.85,0.01,0.01,77521.11,1777098147000
1777098149.301,149.301,0.15,0.16,0.84,0.85,0.01,0.01,77521.08,1777098148000
1777098149.722,149.722,0.19,0.21,0.8,0.81,0.02,0.01,77521.08,1777098148000
1777098150.068,150.068,0.25,0.26,0.73,0.75,0.01,0.02,77521.08,1777098148000
1777098150.409,150.409,0.24,0.25,0.75,0.76,0.01,0.01,77521.07,1777098149000
1777098150.766,150.766,0.27,0.28,0.72,0.73,0.01,0.01,77521.07,1777098149000
1777098151.142,151.142,0.27,0.28,0.72,0.73,0.01,0.01,77521.07,1777098150000
1777098151.487,151.487,0.27,0.28,0.72,0.73,0.01,0.01,77521.07,1777098150000
1777098151.828,151.828,0.27,0.28,0.72,0.73,0.01,0.01,77521.07,1777098150000
1777098152.255,152.255,0.27,0.28,0.72,0.73,0.01,0.01,77521.03,1777098151000
1777098152.727,152.727,0.27,0.28,0.72,0.73,0.01,0.01,77521.03,1777098151000
1777098153.151,153.151,0.27,0.28,0.72,0.73,0.01,0.01,77521.07,1777098152000
1777098153.566,153.566,0.27,0.28,0.72,0.73,0.01,0.01,77521.07,1777098152000
1777098154.174,154.174,0.27,0.28,0.72,0.73,0.01,0.01,77521,1777098153000
1777098154.789,154.789,0.27,0.28,0.72,0.73,0.01,0.01,77521,1777098153000
1777098155.336,155.336,0.27,0.28,0.72,0.73,0.01,0.01,77521,1777098153000
1777098155.766,155.766,0.27,0.32,0.72,0.73,0.05,0.01,77521.1,1777098154000
1777098156.249,156.249,0.27,0.28,0.72,0.74,0.01,0.02,77521.1,1777098154000
1777098156.587,156.587,0.31,0.32,0.68,0.69,0.01,0.01,77521.1,1777098155000
1777098156.957,156.957,0.28,0.29,0.71,0.72,0.01,0.01,77521.1,1777098155000
1777098157.37,157.37,0.27,0.28,0.71,0.72,0.01,0.01,77521.06,1777098156000
1777098157.747,157.747,0.28,0.29,0.71,0.72,0.01,0.01,77521.06,1777098156000
1777098158.106,158.106,0.33,0.34,0.66,0.67,0.01,0.01,77521.06,1777098156000
1777098158.462,158.462,0.33,0.34,0.66,0.67,0.01,0.01,77521.06,1777098157000
1777098158.861,158.861,0.32,0.33,0.66,0.68,0.01,0.02,77521.06,1777098157000
1777098159.245,159.245,0.32,0.33,0.67,0.68,0.01,0.01,77521.03,1777098158000
1777098159.585,159.585,0.31,0.34,0.66,0.69,0.03,0.03,77521.03,1777098158000
1777098159.988,159.988,0.31,0.32,0.68,0.69,0.01,0.01,77521.03,1777098158000
1777098160.449,160.449,0.31,0.32,0.68,0.69,0.01,0.01,77521.05,1777098159000
1777098160.789,160.789,0.29,0.32,0.68,0.71,0.03,0.03,77521.05,1777098159000
1777098161.318,161.318,0.29,0.3,0.68,0.71,0.01,0.03,77521.05,1777098159000
1777098161.888,161.888,0.29,0.3,0.7,0.71,0.01,0.01,77521,1777098160000
1777098162.691,162.691,0.29,0.3,0.7,0.71,0.01,0.01,77521.02,1777098161000
1777098163.247,163.247,0.29,0.3,0.7,0.71,0.01,0.01,77521.02,1777098161000
1777098163.602,163.602,0.29,0.3,0.7,0.71,0.01,0.01,77521.14,1777098162000
1777098164.374,164.374,0.29,0.3,0.7,0.71,0.01,0.01,77521.11,1777098163000
1777098164.747,164.747,0.29,0.3,0.7,0.71,0.01,0.01,77521.11,1777098163000
1777098165.113,165.113,0.29,0.3,0.7,0.71,0.01,0.01,77521.11,1777098163000
1777098165.532,165.532,0.28,0.29,0.7,0.71,0.01,0.01,77521.11,1777098163000
1777098165.994,165.994,0.28,0.29,0.71,0.72,0.01,0.01,77521.1,1777098164000
1777098167.022,167.022,0.28,0.29,0.71,0.72,0.01,0.01,77521.08,1777098165000
1777098167.356,167.356,0.28,0.29,0.71,0.72,0.01,0.01,77521.06,1777098166000
1777098168.189,168.189,0.27,0.29,0.71,0.72,0.02,0.01,77521.06,1777098166000
1777098168.963,168.963,0.27,0.29,0.71,0.73,0.02,0.02,77521.09,1777098168000
1777098169.632,169.632,0.28,0.29,0.71,0.73,0.01,0.02,77521.09,1777098168000
1777098169.985,169.985,0.28,0.33,0.68,0.72,0.05,0.04,77521.09,1777098168000
1777098170.388,170.388,0.28,0.33,0.67,0.72,0.05,0.05,77521.15,1777098169000
1777098170.764,170.764,0.32,0.33,0.67,0.68,0.01,0.01,77521.15,1777098169000
1777098171.148,171.148,0.36,0.37,0.63,0.64,0.01,0.01,77521.15,1777098169000
1777098171.484,171.484,0.36,0.37,0.63,0.64,0.01,0.01,77529.13,1777098170000
1777098171.939,171.939,0.37,0.4,0.6,0.64,0.03,0.04,77529.13,1777098170000
1777098172.272,172.272,0.38,0.4,0.6,0.62,0.02,0.02,77529.13,1777098170000
1777098172.609,172.609,0.39,0.4,0.6,0.61,0.01,0.01,77529.14,1777098171000
1777098172.944,172.944,0.39,0.4,0.6,0.61,0.01,0.01,77529.14,1777098171000
1777098173.31,173.31,0.37,0.38,0.62,0.63,0.01,0.01,77529.14,1777098172000
1777098173.766,173.766,0.36,0.37,0.63,0.64,0.01,0.01,77529.14,1777098172000
1777098174.173,174.173,0.31,0.32,0.63,0.67,0.01,0.04,77529.14,1777098172000
1777098174.566,174.566,0.3,0.31,0.69,0.7,0.01,0.01,77529.15,1777098173000
1777098175.01,175.01,0.29,0.3,0.7,0.71,0.01,0.01,77529.15,1777098174000
1777098175.6,175.6,0.29,0.3,0.7,0.71,0.01,0.01,77529.15,1777098174000
1777098176.268,176.268,0.29,0.3,0.7,0.71,0.01,0.01,77529.23,1777098175000
1777098176.605,176.605,0.28,0.29,0.71,0.72,0.01,0.01,77529.23,1777098175000
1777098176.994,176.994,0.28,0.29,0.71,0.72,0.01,0.01,77529.23,1777098175000
1777098177.423,177.423,0.28,0.29,0.71,0.72,0.01,0.01,77528.39,1777098176000
1777098177.88,177.88,0.27,0.28,0.71,0.72,0.01,0.01,77528.39,1777098176000
1777098178.321,178.321,0.27,0.28,0.72,0.73,0.01,0.01,77528.39,1777098176000
1777098178.679,178.679,0.3,0.31,0.69,0.7,0.01,0.01,77528.55,1777098177000
1777098179.039,179.039,0.3,0.31,0.69,0.7,0.01,0.01,77528.55,1777098177000
1777098179.594,179.594,0.29,0.3,0.67,0.7,0.01,0.03,77528.55,1777098178000
1777098180.105,180.105,0.32,0.33,0.67,0.68,0.01,0.01,77528.55,1777098178000
1777098180.454,180.454,0.32,0.33,0.67,0.68,0.01,0.01,77528.57,1777098179000
1777098180.908,180.908,0.28,0.29,0.71,0.72,0.01,0.01,77528.57,1777098179000
1777098181.766,181.766,0.28,0.29,0.71,0.72,0.01,0.01,77528.61,1777098180000
1777098182.301,182.301,0.28,0.29,0.71,0.72,0.01,0.01,77528.54,1777098181000
1777098182.674,182.674,0.28,0.29,0.71,0.72,0.01,0.01,77528.54,1777098181000
1777098183.03,183.03,0.28,0.29,0.71,0.75,0.01,0.04,77528.54,1777098181000
1777098183.648,183.648,0.24,0.29,0.71,0.75,0.05,0.04,77528.54,1777098181000
1777098184.21,184.21,0.27,0.28,0.71,0.76,0.01,0.05,77528.55,1777098182000
1777098184.652,184.652,0.27,0.28,0.72,0.73,0.01,0.01,77528.64,1777098183000
1777098185.076,185.076,0.27,0.28,0.72,0.73,0.01,0.01,77528.64,1777098184000
1777098185.457,185.457,0.27,0.28,0.72,0.73,0.01,0.01,77528.64,1777098184000
1777098185.822,185.822,0.26,0.27,0.72,0.74,0.01,0.02,77528.64,1777098184000
1777098186.193,186.193,0.26,0.27,0.73,0.74,0.01,0.01,77528.69,1777098185000
1777098186.823,186.823,0.26,0.27,0.73,0.74,0.01,0.01,77528.69,1777098185000
1777098187.293,187.293,0.28,0.29,0.71,0.74,0.01,0.03,77528.69,1777098185000
1777098187.95,187.95,0.27,0.28,0.71,0.72,0.01,0.01,77528.69,1777098186000
1777098188.478,188.478,0.27,0.28,0.72,0.73,0.01,0.01,77528.65,1777098187000
1777098189.003,189.003,0.27,0.28,0.72,0.73,0.01,0.01,77528.65,1777098187000
1777098190.375,190.375,0.27,0.28,0.72,0.73,0.01,0.01,77526.64,1777098189000
1777098190.773,190.773,0.25,0.28,0.72,0.75,0.03,0.03,77526.64,1777098189000
1777098191.199,191.199,0.25,0.28,0.65,0.75,0.03,0.1,77526.64,1777098190000
1777098191.577,191.577,0.27,0.28,0.72,0.75,0.01,0.03,77526.64,1777098190000
1777098191.946,191.946,0.26,0.28,0.72,0.73,0.02,0.01,77526.64,1777098190000
1777098192.285,192.285,0.27,0.28,0.72,0.73,0.01,0.01,77524.62,1777098191000
1777098192.88,192.88,0.35,0.36,0.64,0.65,0.01,0.01,77524.62,1777098191000
1777098193.282,193.282,0.35,0.36,0.64,0.65,0.01,0.01,77525.67,1777098192000
1777098193.966,193.966,0.35,0.36,0.64,0.65,0.01,0.01,77525.67,1777098192000
1777098194.304,194.304,0.35,0.36,0.64,0.65,0.01,0.01,77525.67,1777098192000
1777098194.659,194.659,0.35,0.36,0.64,0.65,0.01,0.01,77528.57,1777098193000
1777098195.084,195.084,0.35,0.36,0.64,0.65,0.01,0.01,77529.07,1777098194000
1777098195.446,195.446,0.35,0.36,0.64,0.65,0.01,0.01,77529.07,1777098194000
1777098195.936,195.936,0.33,0.35,0.65,0.66,0.02,0.01,77529.07,1777098194000
1777098196.633,196.633,0.33,0.35,0.65,0.67,0.02,0.02,77529.08,1777098195000
1777098197.285,197.285,0.33,0.35,0.65,0.67,0.02,0.02,77529.08,1777098196000
1777098197.659,197.659,0.32,0.34,0.66,0.68,0.02,0.02,77529.08,1777098196000
1777098197.996,197.996,0.26,0.33,0.67,0.71,0.07,0.04,77529.08,1777098196000
1777098198.397,198.397,0.32,0.33,0.67,0.68,0.01,0.01,77529.08,1777098196000
1777098198.782,198.782,0.31,0.32,0.67,0.69,0.01,0.02,77529.06,1777098197000
1777098199.159,199.159,0.28,0.29,0.69,0.72,0.01,0.03,77529.06,1777098197000
1777098199.536,199.536,0.28,0.29,0.71,0.73,0.01,0.02,77529.06,1777098197000
1777098200.129,200.129,0.28,0.29,0.71,0.72,0.01,0.01,77529.11,1777098198000
1777098200.94,200.94,0.28,0.29,0.71,0.72,0.01,0.01,77529.11,1777098199000
1777098201.336,201.336,0.28,0.29,0.71,0.72,0.01,0.01,77529.14,1777098200000
1777098201.795,201.795,0.26,0.29,0.71,0.72,0.03,0.01,77529.14,1777098200000
1777098202.33,202.33,0.25,0.26,0.71,0.74,0.01,0.03,77529.14,1777098200000
1777098202.751,202.751,0.25,0.26,0.74,0.75,0.01,0.01,77529.07,1777098201000
1777098203.967,203.967,0.25,0.26,0.74,0.75,0.01,0.01,77528.87,1777098202000
1777098204.421,204.421,0.25,0.26,0.74,0.75,0.01,0.01,77528.89,1777098203000
1777098204.854,204.854,0.25,0.26,0.74,0.75,0.01,0.01,77528.89,1777098203000
1777098205.208,205.208,0.25,0.26,0.74,0.75,0.01,0.01,77528.93,1777098204000
1777098205.57,205.57,0.25,0.26,0.74,0.75,0.01,0.01,77528.93,1777098204000
1777098205.962,205.962,0.25,0.26,0.74,0.75,0.01,0.01,77528.93,1777098204000
1777098206.357,206.357,0.25,0.26,0.74,0.75,0.01,0.01,77525.62,1777098205000
1777098206.871,206.871,0.25,0.26,0.74,0.75,0.01,0.01,77523.0,1777098206000
1777098207.289,207.289,0.21,0.22,0.74,0.8,0.01,0.06,77523.0,1777098206000
1777098207.666,207.666,0.21,0.22,0.78,0.79,0.01,0.01,77523.0,1777098206000
1777098208.17,208.17,0.21,0.22,0.78,0.79,0.01,0.01,77522.86,1777098207000
1777098208.619,208.619,0.21,0.22,0.78,0.79,0.01,0.01,77522.86,1777098207000
1777098209.044,209.044,0.2,0.21,0.79,0.8,0.01,0.01,77522.86,1777098208000
1777098209.81,209.81,0.2,0.21,0.79,0.8,0.01,0.01,77522.86,1777098208000
1777098210.794,210.794,0.2,0.21,0.79,0.8,0.01,0.01,77522.85,1777098209000
1777098211.148,211.148,0.2,0.21,0.79,0.8,0.01,0.01,77522.85,1777098210000
1777098211.526,211.526,0.2,0.21,0.79,0.8,0.01,0.01,77522.85,1777098210000
1777098211.947,211.947,0.25,0.26,0.74,0.75,0.01,0.01,77522.85,1777098210000
1777098212.463,212.463,0.25,0.26,0.74,0.75,0.01,0.01,77521.6,1777098211000
1777098213.869,213.869,0.25,0.26,0.74,0.75,0.01,0.01,77521.71,1777098212000
1777098214.289,214.289,0.25,0.26,0.74,0.75,0.01,0.01,77521.71,1777098212000
1777098214.782,214.782,0.25,0.26,0.74,0.75,0.01,0.01,77521.7,1777098213000
1777098215.194,215.194,0.25,0.26,0.74,0.75,0.01,0.01,77521.71,1777098214000
1777098215.614,215.614,0.21,0.23,0.74,0.76,0.02,0.02,77521.71,1777098214000
1777098215.956,215.956,0.21,0.22,0.77,0.79,0.01,0.02,77521.71,1777098214000
1777098216.389,216.389,0.2,0.22,0.78,0.79,0.02,0.01,77521.71,1777098214000
1777098216.797,216.797,0.2,0.21,0.79,0.8,0.01,0.01,77521.72,1777098215000
1777098217.149,217.149,0.21,0.32,0.78,0.8,0.11,0.02,77521.72,1777098215000
1777098217.542,217.542,0.21,0.32,0.68,0.79,0.11,0.11,77521.71,1777098216000
1777098217.891,217.891,0.27,0.4,0.72,0.73,0.13,0.01,77521.71,1777098216000
1777098218.273,218.273,0.29,0.36,0.6,0.72,0.07,0.12,77521.32,1777098217000
1777098218.661,218.661,0.34,0.35,0.65,0.66,0.01,0.01,77521.32,1777098217000
1777098218.998,218.998,0.28,0.31,0.69,0.7,0.03,0.01,77521.32,1777098217000
1777098219.376,219.376,0.28,0.29,0.71,0.72,0.01,0.01,77521.6,1777098218000
1777098219.765,219.765,0.28,0.29,0.71,0.72,0.01,0.01,77521.6,1777098218000
1777098220.215,220.215,0.29,0.3,0.69,0.72,0.01,0.03,77521.6,1777098218000
1777098220.681,220.681,0.3,0.31,0.69,0.7,0.01,0.01,77521.24,1777098219000
1777098221.028,221.028,0.3,0.31,0.69,0.7,0.01,0.01,77521.24,1777098220000
1777098221.574,221.574,0.3,0.31,0.7,0.71,0.01,0.01,77521.24,1777098220000
1777098221.97,221.97,0.37,0.38,0.62,0.63,0.01,0.01,77521.24,1777098220000
1777098222.425,222.425,0.33,0.34,0.66,0.67,0.01,0.01,77521.24,1777098220000
1777098222.793,222.793,0.37,0.38,0.61,0.62,0.01,0.01,77520.26,1777098221000
1777098223.18,223.18,0.36,0.37,0.63,0.64,0.01,0.01,77520.26,1777098221000
1777098223.577,223.577,0.16,0.35,0.64,0.66,0.19,0.02,77520.26,1777098221000
1777098224.062,224.062,0.23,0.29,0.71,0.77,0.06,0.06,77520.68,1777098223000
1777098224.427,224.427,0.26,0.28,0.73,0.74,0.02,0.01,77520.68,1777098223000
1777098224.794,224.794,0.28,0.29,0.72,0.74,0.01,0.02,77520.68,1777098223000
1777098225.236,225.236,0.29,0.3,0.7,0.71,0.01,0.01,77520.68,1777098223000
1777098225.661,225.661,0.29,0.3,0.7,0.71,0.01,0.01,77520.64,1777098224000
1777098226.164,226.164,0.29,0.31,0.7,0.71,0.02,0.01,77520.64,1777098224000
1777098226.526,226.526,0.3,0.31,0.69,0.7,0.01,0.01,77520.52,1777098225000
1777098226.897,226.897,0.28,0.29,0.71,0.72,0.01,0.01,77520.52,1777098225000
1777098227.465,227.465,0.3,0.31,0.69,0.7,0.01,0.01,77520.52,1777098226000
1777098227.84,227.84,0.3,0.34,0.69,0.7,0.04,0.01,77520.52,1777098226000
1777098228.258,228.258,0.29,0.3,0.68,0.69,0.01,0.01,77520.52,1777098226000
1777098228.625,228.625,0.29,0.3,0.7,0.71,0.01,0.01,77520.34,1777098227000
1777098228.968,228.968,0.24,0.3,0.7,0.71,0.06,0.01,77520.34,1777098227000
1777098229.375,229.375,0.26,0.27,0.73,0.75,0.01,0.02,77520.34,1777098227000
1777098229.709,229.709,0.26,0.29,0.73,0.74,0.03,0.01,77520.34,1777098227000
1777098230.209,230.209,0.28,0.29,0.71,0.72,0.01,0.01,77520.55,1777098228000
1777098230.553,230.553,0.29,0.3,0.7,0.71,0.01,0.01,77520.55,1777098229000
1777098230.949,230.949,0.33,0.34,0.66,0.67,0.01,0.01,77520.55,1777098229000
1777098231.293,231.293,0.33,0.34,0.66,0.67,0.01,0.01,77520.55,1777098229000
1777098231.761,231.761,0.33,0.34,0.66,0.67,0.01,0.01,77520.61,1777098230000
1777098232.266,232.266,0.31,0.33,0.66,0.67,0.02,0.01,77520.61,1777098230000
1777098232.619,232.619,0.25,0.31,0.67,0.7,0.06,0.03,77520.57,1777098231000
1777098233.128,233.128,0.25,0.31,0.74,0.75,0.06,0.01,77520.57,1777098231000
1777098233.563,233.563,0.29,0.3,0.7,0.71,0.01,0.01,77521.02,1777098232000
1777098234.038,234.038,0.29,0.3,0.7,0.71,0.01,0.01,77521.02,1777098232000
1777098234.468,234.468,0.25,0.3,0.7,0.71,0.05,0.01,77521.02,1777098232000
1777098234.82,234.82,0.25,0.26,0.74,0.75,0.01,0.01,77521.15,1777098233000
1777098235.257,235.257,0.26,0.3,0.74,0.75,0.04,0.01,77521.05,1777098234000
1777098235.716,235.716,0.29,0.3,0.7,0.71,0.01,0.01,77521.05,1777098234000
1777098236.291,236.291,0.32,0.33,0.67,0.68,0.01,0.01,77521.01,1777098235000
1777098236.635,236.635,0.26,0.27,0.67,0.68,0.01,0.01,77521.01,1777098235000
1777098236.999,236.999,0.27,0.28,0.71,0.73,0.01,0.02,77521.01,1777098235000
1777098237.345,237.345,0.27,0.28,0.73,0.74,0.01,0.01,77521.01,1777098235000
1777098237.756,237.756,0.27,0.28,0.72,0.73,0.01,0.01,77520.86,1777098236000
1777098238.249,238.249,0.27,0.28,0.72,0.73,0.01,0.01,77520.86,1777098236000
1777098238.674,238.674,0.27,0.28,0.72,0.73,0.01,0.01,77520.89,1777098237000
1777098239.055,239.055,0.26,0.28,0.72,0.74,0.02,0.02,77520.85,1777098238000
1777098239.412,239.412,0.33,0.34,0.66,0.69,0.01,0.03,77520.85,1777098238000
1777098240.032,240.032,0.33,0.34,0.66,0.67,0.01,0.01,77520.85,1777098238000
1777098240.376,240.376,0.31,0.34,0.66,0.67,0.03,0.01,77520.77,1777098239000
1777098240.815,240.815,0.3,0.32,0.66,0.69,0.02,0.03,77520.77,1777098239000
1777098241.279,241.279,0.29,0.3,0.7,0.71,0.01,0.01,77520.77,1777098239000
1777098241.668,241.668,0.29,0.3,0.71,0.72,0.01,0.01,77520.8,1777098240000
1777098242.056,242.056,0.31,0.35,0.65,0.66,0.04,0.01,77520.8,1777098240000
1777098242.54,242.54,0.26,0.31,0.69,0.74,0.05,0.05,77524.09,1777098241000
1777098242.948,242.948,0.26,0.27,0.73,0.74,0.01,0.01,77524.09,1777098241000
1777098243.41,243.41,0.26,0.28,0.73,0.74,0.02,0.01,77524.09,1777098242000
1777098243.75,243.75,0.26,0.27,0.73,0.74,0.01,0.01,77524.09,1777098242000
1777098244.117,244.117,0.26,0.27,0.73,0.74,0.01,0.01,77524.09,1777098242000
1777098244.524,244.524,0.26,0.27,0.73,0.74,0.01,0.01,77524.09,1777098242000
1777098244.915,244.915,0.27,0.28,0.73,0.74,0.01,0.01,77522.74,1777098243000
1777098245.29,245.29,0.31,0.32,0.68,0.7,0.01,0.02,77522.74,1777098243000
1777098245.763,245.763,0.31,0.32,0.68,0.69,0.01,0.01,77521.1,1777098244000
1777098246.206,246.206,0.31,0.32,0.68,0.69,0.01,0.01,77521.1,1777098244000
1777098246.791,246.791,0.31,0.32,0.68,0.69,0.01,0.01,77520.14,1777098245000
1777098247.134,247.134,0.31,0.32,0.68,0.69,0.01,0.01,77520.14,1777098245000
1777098247.845,247.845,0.31,0.32,0.68,0.69,0.01,0.01,77520.14,1777098245000
1777098248.185,248.185,0.31,0.32,0.68,0.69,0.01,0.01,77520.44,1777098246000
1777098248.522,248.522,0.31,0.32,0.68,0.69,0.01,0.01,77521.52,1777098247000
1777098249.118,249.118,0.26,0.32,0.68,0.69,0.06,0.01,77521.52,1777098247000
1777098249.585,249.585,0.26,0.27,0.73,0.74,0.01,0.01,77521.43,1777098248000
1777098250.013,250.013,0.26,0.27,0.73,0.74,0.01,0.01,77521.43,1777098248000
1777098250.384,250.384,0.26,0.27,0.73,0.74,0.01,0.01,77521.43,1777098248000
1777098250.88,250.88,0.28,0.29,0.73,0.74,0.01,0.01,77521.67,1777098249000
1777098251.362,251.362,0.26,0.28,0.71,0.75,0.02,0.04,77521.67,1777098249000
1777098251.741,251.741,0.27,0.28,0.73,0.74,0.01,0.01,77521.05,1777098250000
1777098252.074,252.074,0.25,0.27,0.72,0.73,0.02,0.01,77521.05,1777098250000
1777098253.138,253.138,0.25,0.26,0.73,0.75,0.01,0.02,77521.05,1777098251000
1777098253.508,253.508,0.22,0.26,0.74,0.75,0.04,0.01,77521.05,1777098251000
1777098253.91,253.91,0.33,0.35,0.6,0.78,0.02,0.18,77520.99,1777098252000
1777098254.297,254.297,0.36,0.38,0.6,0.69,0.02,0.09,77520.99,1777098253000
1777098254.638,254.638,0.24,0.34,0.66,0.67,0.1,0.01,77520.99,1777098253000
1777098254.978,254.978,0.24,0.27,0.71,0.72,0.03,0.01,77520.99,1777098253000
1777098255.371,255.371,0.22,0.23,0.75,0.78,0.01,0.03,77520.99,1777098253000
1777098255.809,255.809,0.22,0.23,0.77,0.78,0.01,0.01,77521.18,1777098254000
1777098256.207,256.207,0.18,0.19,0.77,0.82,0.01,0.05,77521.18,1777098254000
1777098256.57,256.57,0.13,0.14,0.81,0.87,0.01,0.06,77521.22,1777098255000
1777098256.904,256.904,0.12,0.13,0.87,0.88,0.01,0.01,77521.22,1777098255000
1777098257.301,257.301,0.12,0.13,0.87,0.88,0.01,0.01,77521.22,1777098255000
1777098257.83,257.83,0.12,0.13,0.87,0.88,0.01,0.01,77520.34,1777098256000
1777098258.272,258.272,0.12,0.13,0.87,0.88,0.01,0.01,77520.34,1777098256000
1777098258.629,258.629,0.11,0.13,0.87,0.89,0.02,0.02,77521.12,1777098257000
1777098259.098,259.098,0.11,0.12,0.88,0.89,0.01,0.01,77521.12,1777098257000
1777098259.489,259.489,0.1,0.12,0.88,0.89,0.02,0.01,77521.21,1777098258000
1777098259.834,259.834,0.1,0.11,0.89,0.9,0.01,0.01,77521.21,1777098258000
1777098260.204,260.204,0.1,0.11,0.89,0.9,0.01,0.01,77521.21,1777098258000
1777098260.557,260.557,0.1,0.11,0.89,0.9,0.01,0.01,77521.21,1777098258000
1777098261.062,261.062,0.1,0.11,0.89,0.9,0.01,0.01,77521.21,1777098259000
1777098261.561,261.561,0.1,0.11,0.89,0.9,0.01,0.01,77521.06,1777098260000
1777098261.958,261.958,0.1,0.11,0.89,0.9,0.01,0.01,77521.06,1777098260000
1777098262.585,262.585,0.17,0.18,0.82,0.83,0.01,0.01,77521.22,1777098261000
1777098263.417,263.417,0.12,0.13,0.86,0.87,0.01,0.01,77521.22,1777098261000
1777098263.774,263.774,0.12,0.13,0.87,0.88,0.01,0.01,77521.15,1777098262000
1777098264.255,264.255,0.12,0.13,0.87,0.88,0.01,0.01,77521.13,1777098263000
1777098264.602,264.602,0.12,0.13,0.87,0.88,0.01,0.01,77521.13,1777098263000
1777098264.979,264.979,0.12,0.13,0.87,0.88,0.01,0.01,77521.13,1777098263000
1777098265.354,265.354,0.12,0.13,0.87,0.88,0.01,0.01,77521.13,1777098263000
1777098265.749,265.749,0.12,0.13,0.87,0.88,0.01,0.01,77520.78,1777098264000
1777098266.244,266.244,0.12,0.13,0.87,0.88,0.01,0.01,77520.78,1777098265000
1777098266.94,266.94,0.11,0.12,0.87,0.89,0.01,0.02,77520.78,1777098265000
1777098267.285,267.285,0.1,0.12,0.88,0.89,0.02,0.01,77520.83,1777098266000
1777098267.693,267.693,0.1,0.11,0.89,0.9,0.01,0.01,77520.83,1777098266000
1777098268.353,268.353,0.1,0.11,0.89,0.9,0.01,0.01,77520.73,1777098267000
1777098268.968,268.968,0.09,0.1,0.89,0.91,0.01,0.02,77520.73,1777098267000
1777098269.356,269.356,0.11,0.12,0.88,0.92,0.01,0.04,77520.73,1777098268000
1777098269.696,269.696,0.1,0.11,0.89,0.9,0.01,0.01,77520.73,1777098268000
1777098270.112,270.112,0.07,0.09,0.89,0.9,0.02,0.01,77520.73,1777098268000
1777098270.446,270.446,0.07,0.09,0.92,0.93,0.02,0.01,77520.89,1777098269000
1777098270.779,270.779,0.07,0.11,0.89,0.93,0.04,0.04,77520.89,1777098269000
1777098271.156,271.156,0.06,0.07,0.93,0.94,0.01,0.01,77520.89,1777098269000
1777098271.536,271.536,0.04,0.05,0.95,0.96,0.01,0.01,77520.72,1777098270000
1777098271.967,271.967,0.04,0.06,0.95,0.96,0.02,0.01,77520.72,1777098270000
1777098272.344,272.344,0.03,0.04,0.95,0.97,0.01,0.02,77520.72,1777098270000
1777098272.701,272.701,0.03,0.04,0.96,0.97,0.01,0.01,77518.84,1777098271000
1777098273.045,273.045,0.03,0.04,0.96,0.97,0.01,0.01,77518.84,1777098271000
1777098273.378,273.378,0.03,0.04,0.96,0.97,0.01,0.01,77513.51,1777098272000
1777098273.942,273.942,0.03,0.04,0.96,0.97,0.01,0.01,77513.51,1777098272000
1777098274.318,274.318,0.03,0.04,0.96,0.97,0.01,0.01,77509.82,1777098273000
1777098275.055,275.055,0.03,0.04,0.96,0.97,0.01,0.01,77509.82,1777098273000
1777098275.514,275.514,0.03,0.04,0.96,0.97,0.01,0.01,77509.18,1777098274000
1777098275.878,275.878,0.03,0.04,0.96,0.97,0.01,0.01,77509.18,1777098274000
1777098276.239,276.239,0.01,0.04,0.96,0.97,0.03,0.01,77509.03,1777098275000
1777098276.651,276.651,0.01,0.02,0.97,0.98,0.01,0.01,77509.03,1777098275000
1777098277.004,277.004,0.01,0.02,0.98,0.99,0.01,0.01,77509.03,1777098275000
1777098277.339,277.339,0.01,0.02,0.98,0.99,0.01,0.01,77508.17,1777098276000
1777098277.775,277.775,0.01,0.02,0.98,0.99,0.01,0.01,77508.17,1777098276000
1777098278.188,278.188,0.01,0.02,0.98,0.99,0.01,0.01,77508.17,1777098276000
1777098278.544,278.544,0.01,0.02,0.98,0.99,0.01,0.01,77508.17,1777098276000
1777098278.899,278.899,0.01,0.02,0.98,0.99,0.01,0.01,77508.17,1777098276000
1777098279.532,279.532,0.01,0.02,0.98,0.99,0.01,0.01,77508.09,1777098277000
1777098279.869,279.869,0.01,0.02,0.98,0.99,0.01,0.01,77507.53,1777098278000
1777098280.346,280.346,0.01,0.02,0.98,0.99,0.01,0.01,77507.53,1777098278000
1777098280.747,280.747,0.01,0.02,0.98,0.99,0.01,0.01,77507.6,1777098279000
1777098281.103,281.103,0.01,0.02,0.98,0.99,0.01,0.01,77507.6,1777098279000
1777098281.446,281.446,0.01,0.01,0.99,0.99,0.0,0.0,77508.68,1777098280000
1777098281.806,281.806,0.01,0.01,0.99,0.99,0.0,0.0,77508.68,1777098280000
1777098282.329,282.329,0.01,0.01,0.99,0.99,0.0,0.0,77508.68,1777098280000
1777098282.891,282.891,0.01,0.01,0.99,0.99,0.0,0.0,77509.06,1777098281000
1777098283.814,283.814,0.01,0.01,0.99,0.99,0.0,0.0,77509.12,1777098282000
1777098284.222,284.222,0.01,0.01,0.99,0.99,0.0,0.0,77509.12,1777098282000
1777098284.831,284.831,0.01,0.01,0.99,0.99,0.0,0.0,77509.25,1777098283000
1777098285.243,285.243,0.01,0.01,0.99,0.99,0.0,0.0,77509.25,1777098283000
1777098285.663,285.663,0.01,0.01,0.99,0.99,0.0,0.0,77509.22,1777098284000
1777098286.561,286.561,0.01,0.01,0.99,0.99,0.0,0.0,77508.78,1777098285000
1777098286.916,286.916,0.01,0.01,0.99,0.99,0.0,0.0,77508.78,1777098285000
1777098287.345,287.345,0.01,0.01,0.99,0.99,0.0,0.0,77508.53,1777098286000
1777098288.021,288.021,0.01,0.01,0.99,0.99,0.0,0.0,77508.03,1777098287000
1777098288.422,288.422,0.01,0.01,0.99,0.99,0.0,0.0,77508.03,1777098287000
1777098289.343,289.343,0.01,0.01,0.99,0.99,0.0,0.0,77508.03,1777098287000
1777098289.84,289.84,0.01,0.01,0.99,0.99,0.0,0.0,77506.29,1777098288000
1777098290.328,290.328,0.01,0.01,0.99,0.99,0.0,0.0,77506.29,1777098289000
1777098291.145,291.145,0.01,0.01,0.99,0.99,0.0,0.0,77506.29,1777098289000
1777098291.638,291.638,0.01,0.01,0.99,0.99,0.0,0.0,77506.29,1777098289000
1777098292.072,292.072,0.01,0.01,0.99,0.99,0.0,0.0,77507.38,1777098290000
1777098292.416,292.416,0.01,0.01,0.99,0.99,0.0,0.0,77507.38,1777098291000
1777098293.074,293.074,0.01,0.01,0.99,0.99,0.0,0.0,77507.38,1777098292000
1777098294.152,294.152,0.01,0.01,0.99,0.99,0.0,0.0,77507.38,1777098292000
1777098294.994,294.994,0.01,0.01,0.99,0.99,0.0,0.0,77507.41,1777098293000
1777098296.639,296.639,0.01,0.01,0.99,0.99,0.0,0.0,77507.4,1777098294000
1777098297.016,297.016,0.01,0.01,0.99,0.99,0.0,0.0,77507.4,1777098294000
1777098297.451,297.451,0.01,0.01,0.99,0.99,0.0,0.0,77506.56,1777098295000
1777098297.867,297.867,0.01,0.01,0.99,0.99,0.0,0.0,77506.56,1777098295000
1777098298.36,298.36,0.01,0.01,0.99,0.99,0.0,0.0,77506.56,1777098297000
1777098299.499,299.499,0.01,0.01,0.99,0.99,0.0,0.0,77507.49,1777098298000
1777098300.008,300.008,0.01,0.01,0.99,0.99,0.0,0.0,77507.49,1777098299000
1777098300.849,300.849,0.01,0.01,0.99,0.99,0.0,0.0,77507.49,1777098299000
1777098302.704,302.704,0.01,0.01,0.99,0.99,0.0,0.0,77507.31,1777098301000

# RESULT,winner=Down,slug=btc-updown-5m-1777098000,ticks=622
