timestamp,elapsed_sec,up_bid,up_ask,down_bid,down_ask,up_spread,down_spread,btc_price,btc_oracle_ts
1775979600.554,0.554,0.48,0.49,0.51,0.52,0.01,0.01,71740.98,1775979599000
1775979600.946,0.946,0.48,0.5,0.51,0.52,0.02,0.01,71740.98,1775979599000
1775979601.409,1.409,0.48,0.49,0.52,0.53,0.01,0.01,71740.98,1775979599000
1775979601.906,1.906,0.47,0.48,0.51,0.55,0.01,0.04,71740.98,1775979599000
1775979602.334,2.334,0.47,0.48,0.52,0.53,0.01,0.01,71740.93,1775979600000
1775979602.952,2.952,0.47,0.48,0.52,0.53,0.01,0.01,71741.32,1775979602000
1775979603.485,3.485,0.48,0.49,0.51,0.52,0.01,0.01,71741.32,1775979602000
1775979603.844,3.844,0.48,0.49,0.51,0.52,0.01,0.01,71741.32,1775979602000
1775979604.195,4.195,0.48,0.49,0.51,0.52,0.01,0.01,71741.73,1775979603000
1775979604.552,4.552,0.48,0.49,0.51,0.52,0.01,0.01,71741.73,1775979603000
1775979604.959,4.959,0.48,0.49,0.51,0.52,0.01,0.01,71741.73,1775979604000
1775979605.389,5.389,0.48,0.49,0.51,0.52,0.01,0.01,71741.73,1775979604000
1775979605.726,5.726,0.48,0.49,0.51,0.52,0.01,0.01,71741.73,1775979604000
1775979606.109,6.109,0.48,0.49,0.51,0.52,0.01,0.01,71741.74,1775979605000
1775979606.727,6.727,0.46,0.47,0.53,0.54,0.01,0.01,71741.74,1775979605000
1775979607.143,7.143,0.46,0.47,0.53,0.54,0.01,0.01,71741.74,1775979605000
1775979607.529,7.529,0.46,0.47,0.53,0.54,0.01,0.01,71741.74,1775979606000
1775979607.892,7.892,0.46,0.47,0.53,0.54,0.01,0.01,71741.74,1775979606000
1775979608.363,8.363,0.45,0.46,0.53,0.54,0.01,0.01,71741.74,1775979607000
1775979608.762,8.762,0.45,0.46,0.54,0.55,0.01,0.01,71741.74,1775979607000
1775979609.2,9.2,0.45,0.46,0.54,0.55,0.01,0.01,71741.74,1775979608000
1775979609.566,9.566,0.45,0.46,0.54,0.55,0.01,0.01,71741.74,1775979608000
1775979610.091,10.091,0.45,0.46,0.54,0.55,0.01,0.01,71741.74,1775979608000
1775979610.442,10.442,0.45,0.46,0.54,0.55,0.01,0.01,71741.79,1775979609000
1775979610.812,10.812,0.46,0.47,0.53,0.55,0.01,0.02,71741.79,1775979609000
1775979611.187,11.187,0.47,0.48,0.52,0.54,0.01,0.02,71741.79,1775979610000
1775979611.57,11.57,0.48,0.49,0.51,0.52,0.01,0.01,71741.79,1775979610000
1775979611.912,11.912,0.47,0.48,0.52,0.53,0.01,0.01,71741.79,1775979610000
1775979612.508,12.508,0.47,0.48,0.51,0.53,0.01,0.02,71741.79,1775979611000
1775979613.02,13.02,0.47,0.49,0.52,0.53,0.02,0.01,71741.79,1775979611000
1775979613.581,13.581,0.47,0.48,0.52,0.53,0.01,0.01,71741.79,1775979612000
1775979613.996,13.996,0.47,0.48,0.52,0.53,0.01,0.01,71741.79,1775979612000
1775979614.412,14.412,0.46,0.47,0.51,0.55,0.01,0.04,71741.79,1775979612000
1775979614.832,14.832,0.46,0.47,0.53,0.54,0.01,0.01,71741.79,1775979612000
1775979615.282,15.282,0.48,0.49,0.51,0.52,0.01,0.01,71741.79,1775979612000
1775979615.661,15.661,0.45,0.46,0.52,0.55,0.01,0.03,71741.79,1775979612000
1775979616.04,16.04,0.46,0.47,0.53,0.54,0.01,0.01,71741.84,1775979614000
1775979616.406,16.406,0.45,0.46,0.54,0.55,0.01,0.01,71741.84,1775979614000
1775979616.86,16.86,0.45,0.46,0.54,0.55,0.01,0.01,71741.84,1775979615000
1775979617.3,17.3,0.47,0.48,0.52,0.53,0.01,0.01,71741.84,1775979615000
1775979617.692,17.692,0.45,0.46,0.54,0.55,0.01,0.01,71741.84,1775979616000
1775979618.062,18.062,0.48,0.49,0.51,0.52,0.01,0.01,71741.84,1775979616000
1775979618.507,18.507,0.45,0.46,0.54,0.55,0.01,0.01,71741.85,1775979617000
1775979618.894,18.894,0.47,0.48,0.52,0.55,0.01,0.03,71741.85,1775979617000
1775979619.229,19.229,0.48,0.49,0.51,0.52,0.01,0.01,71741.85,1775979617000
1775979619.603,19.603,0.48,0.49,0.51,0.52,0.01,0.01,71741.89,1775979618000
1775979620.043,20.043,0.48,0.49,0.51,0.52,0.01,0.01,71741.89,1775979618000
1775979620.481,20.481,0.48,0.49,0.51,0.52,0.01,0.01,71741.97,1775979619000
1775979620.903,20.903,0.48,0.49,0.51,0.52,0.01,0.01,71741.97,1775979619000
1775979621.358,21.358,0.47,0.48,0.52,0.53,0.01,0.01,71742.11,1775979620000
1775979621.732,21.732,0.49,0.5,0.5,0.51,0.01,0.01,71742.11,1775979620000
1775979622.069,22.069,0.49,0.5,0.5,0.51,0.01,0.01,71742.13,1775979621000
1775979622.433,22.433,0.49,0.5,0.5,0.51,0.01,0.01,71742.13,1775979621000
1775979622.802,22.802,0.49,0.5,0.5,0.51,0.01,0.01,71742.13,1775979621000
1775979623.135,23.135,0.51,0.52,0.48,0.49,0.01,0.01,71742.59,1775979622000
1775979623.498,23.498,0.51,0.53,0.48,0.49,0.02,0.01,71742.59,1775979622000
1775979624.098,24.098,0.58,0.63,0.43,0.44,0.05,0.01,71742.59,1775979622000
1775979624.538,24.538,0.58,0.59,0.41,0.42,0.01,0.01,71744.56,1775979623000
1775979624.992,24.992,0.56,0.58,0.41,0.42,0.02,0.01,71744.56,1775979623000
1775979625.415,25.415,0.56,0.57,0.43,0.44,0.01,0.01,71745.66,1775979624000
1775979625.801,25.801,0.56,0.58,0.41,0.47,0.02,0.06,71745.66,1775979624000
1775979626.213,26.213,0.54,0.55,0.46,0.47,0.01,0.01,71746.97,1775979625000
1775979626.701,26.701,0.55,0.56,0.44,0.45,0.01,0.01,71746.97,1775979625000
1775979627.043,27.043,0.53,0.54,0.45,0.46,0.01,0.01,71746.97,1775979625000
1775979627.383,27.383,0.54,0.6,0.4,0.46,0.06,0.06,71747.3,1775979626000
1775979627.877,27.877,0.55,0.56,0.44,0.45,0.01,0.01,71747.3,1775979626000
1775979628.247,28.247,0.54,0.55,0.36,0.47,0.01,0.11,71747.3,1775979626000
1775979628.622,28.622,0.54,0.55,0.45,0.46,0.01,0.01,71747.3,1775979627000
1775979628.972,28.972,0.58,0.59,0.41,0.42,0.01,0.01,71747.3,1775979627000
1775979629.331,29.331,0.55,0.56,0.44,0.45,0.01,0.01,71747.3,1775979628000
1775979629.728,29.728,0.55,0.57,0.44,0.45,0.02,0.01,71747.3,1775979628000
1775979630.066,30.066,0.54,0.55,0.46,0.47,0.01,0.01,71747.31,1775979629000
1775979630.419,30.419,0.51,0.54,0.45,0.46,0.03,0.01,71747.31,1775979629000
1775979630.76,30.76,0.53,0.54,0.47,0.48,0.01,0.01,71747.31,1775979629000
1775979631.13,31.13,0.62,0.66,0.33,0.39,0.04,0.06,71747.31,1775979629000
1775979631.466,31.466,0.62,0.63,0.36,0.38,0.01,0.02,71747.31,1775979629000
1775979632.076,32.076,0.62,0.63,0.37,0.38,0.01,0.01,71747.69,1775979630000
1775979632.497,32.497,0.6,0.61,0.39,0.4,0.01,0.01,71748.5,1775979631000
1775979632.872,32.872,0.59,0.6,0.4,0.41,0.01,0.01,71748.5,1775979631000
1775979633.237,33.237,0.59,0.61,0.4,0.41,0.02,0.01,71748.5,1775979631000
1775979633.579,33.579,0.63,0.64,0.36,0.37,0.01,0.01,71748.54,1775979632000
1775979633.976,33.976,0.68,0.69,0.3,0.32,0.01,0.02,71748.54,1775979632000
1775979634.391,34.391,0.66,0.67,0.32,0.36,0.01,0.04,71750.07,1775979633000
1775979634.756,34.756,0.64,0.65,0.35,0.36,0.01,0.01,71750.07,1775979633000
1775979635.199,35.199,0.64,0.65,0.35,0.36,0.01,0.01,71750.07,1775979633000
1775979635.662,35.662,0.63,0.64,0.36,0.38,0.01,0.02,71750.1,1775979634000
1775979636.007,36.007,0.61,0.62,0.38,0.39,0.01,0.01,71750.1,1775979634000
1775979636.366,36.366,0.61,0.62,0.38,0.39,0.01,0.01,71751.06,1775979635000
1775979636.732,36.732,0.6,0.62,0.38,0.39,0.02,0.01,71751.06,1775979635000
1775979637.159,37.159,0.6,0.79,0.39,0.4,0.19,0.01,71752.7,1775979636000
1775979637.548,37.548,0.61,0.62,0.38,0.39,0.01,0.01,71752.7,1775979636000
1775979637.93,37.93,0.59,0.61,0.39,0.41,0.02,0.02,71753.61,1775979637000
1775979638.287,38.287,0.6,0.61,0.39,0.4,0.01,0.01,71753.61,1775979637000
1775979638.621,38.621,0.6,0.62,0.38,0.4,0.02,0.02,71753.61,1775979637000
1775979638.958,38.958,0.68,0.73,0.23,0.39,0.05,0.16,71751.27,1775979638000
1775979639.305,39.305,0.69,0.7,0.3,0.34,0.01,0.04,71751.27,1775979638000
1775979639.695,39.695,0.64,0.65,0.34,0.36,0.01,0.02,71751.27,1775979638000
1775979640.044,40.044,0.64,0.65,0.35,0.36,0.01,0.01,71753.83,1775979639000
1775979640.553,40.553,0.61,0.62,0.37,0.38,0.01,0.01,71753.83,1775979639000
1775979640.901,40.901,0.61,0.62,0.38,0.39,0.01,0.01,71753.83,1775979639000
1775979641.237,41.237,0.6,0.61,0.39,0.4,0.01,0.01,71753.82,1775979640000
1775979641.582,41.582,0.6,0.61,0.39,0.4,0.01,0.01,71753.82,1775979640000
1775979642.113,42.113,0.6,0.61,0.39,0.4,0.01,0.01,71755.84,1775979641000
1775979642.493,42.493,0.59,0.6,0.4,0.41,0.01,0.01,71755.84,1775979641000
1775979642.9,42.9,0.59,0.6,0.4,0.41,0.01,0.01,71755.84,1775979641000
1775979643.236,43.236,0.58,0.59,0.4,0.42,0.01,0.02,71755.84,1775979641000
1775979643.616,43.616,0.59,0.6,0.4,0.42,0.01,0.02,71755.69,1775979642000
1775979644.036,44.036,0.58,0.61,0.39,0.4,0.03,0.01,71755.69,1775979642000
1775979644.518,44.518,0.59,0.6,0.4,0.41,0.01,0.01,71755.83,1775979643000
1775979644.855,44.855,0.59,0.6,0.4,0.41,0.01,0.01,71755.83,1775979643000
1775979645.208,45.208,0.59,0.6,0.4,0.41,0.01,0.01,71755.83,1775979643000
1775979645.591,45.591,0.59,0.6,0.4,0.41,0.01,0.01,71755.71,1775979644000
1775979645.969,45.969,0.6,0.61,0.39,0.4,0.01,0.01,71755.71,1775979644000
1775979646.343,46.343,0.58,0.6,0.4,0.41,0.02,0.01,71755.71,1775979644000
1775979646.711,46.711,0.59,0.6,0.4,0.43,0.01,0.03,71755.58,1775979645000
1775979647.154,47.154,0.59,0.6,0.4,0.41,0.01,0.01,71755.8,1775979646000
1775979647.495,47.495,0.57,0.6,0.4,0.42,0.03,0.02,71755.8,1775979646000
1775979648.107,48.107,0.59,0.61,0.39,0.44,0.02,0.05,71755.8,1775979646000
1775979648.542,48.542,0.59,0.6,0.4,0.41,0.01,0.01,71755.75,1775979647000
1775979648.882,48.882,0.61,0.63,0.38,0.39,0.02,0.01,71755.75,1775979647000
1775979649.27,49.27,0.62,0.64,0.35,0.37,0.02,0.02,71755.75,1775979647000
1775979649.616,49.616,0.62,0.64,0.37,0.38,0.02,0.01,71755.83,1775979648000
1775979649.954,49.954,0.63,0.64,0.36,0.38,0.01,0.02,71755.83,1775979648000
1775979650.5,50.5,0.62,0.66,0.34,0.35,0.04,0.01,71755.83,1775979649000
1775979650.885,50.885,0.59,0.62,0.37,0.39,0.03,0.02,71755.83,1775979649000
1775979651.287,51.287,0.62,0.64,0.38,0.39,0.02,0.01,71755.83,1775979649000
1775979651.854,51.854,0.63,0.64,0.36,0.37,0.01,0.01,71755.76,1775979650000
1775979652.193,52.193,0.6,0.61,0.39,0.4,0.01,0.01,71755.76,1775979650000
1775979652.631,52.631,0.61,0.62,0.39,0.4,0.01,0.01,71755.73,1775979651000
1775979653.046,53.046,0.62,0.63,0.38,0.39,0.01,0.01,71755.73,1775979651000
1775979653.978,53.978,0.63,0.65,0.35,0.37,0.02,0.02,71755.73,1775979652000
1775979654.382,54.382,0.63,0.65,0.36,0.37,0.02,0.01,71755.73,1775979652000
1775979654.773,54.773,0.61,0.64,0.36,0.37,0.03,0.01,71755.62,1775979653000
1775979655.11,55.11,0.6,0.61,0.39,0.4,0.01,0.01,71755.62,1775979653000
1775979655.57,55.57,0.6,0.61,0.39,0.4,0.01,0.01,71755.62,1775979654000
1775979655.945,55.945,0.55,0.59,0.39,0.44,0.04,0.05,71755.62,1775979654000
1775979656.307,56.307,0.55,0.56,0.44,0.45,0.01,0.01,71755.62,1775979654000
1775979656.646,56.646,0.55,0.57,0.42,0.45,0.02,0.03,71755.62,1775979654000
1775979657.061,57.061,0.57,0.58,0.42,0.43,0.01,0.01,71756.26,1775979655000
1775979657.395,57.395,0.57,0.59,0.42,0.43,0.02,0.01,71756.26,1775979655000
1775979657.762,57.762,0.6,0.63,0.4,0.42,0.03,0.02,71756.25,1775979656000
1775979658.246,58.246,0.62,0.63,0.37,0.38,0.01,0.01,71756.25,1775979656000
1775979658.622,58.622,0.55,0.56,0.44,0.45,0.01,0.01,71756.25,1775979657000
1775979659.003,59.003,0.4,0.42,0.57,0.59,0.02,0.02,71756.25,1775979657000
1775979659.346,59.346,0.39,0.4,0.6,0.61,0.01,0.01,71756.25,1775979658000
1775979659.698,59.698,0.37,0.38,0.62,0.63,0.01,0.01,71756.25,1775979658000
1775979660.052,60.052,0.37,0.38,0.62,0.63,0.01,0.01,71756.25,1775979658000
1775979660.397,60.397,0.38,0.39,0.61,0.63,0.01,0.02,71756.25,1775979658000
1775979660.737,60.737,0.42,0.43,0.57,0.58,0.01,0.01,71747.3,1775979659000
1775979661.09,61.09,0.45,0.47,0.53,0.55,0.02,0.02,71739.18,1775979660000
1775979661.427,61.427,0.43,0.44,0.56,0.57,0.01,0.01,71739.18,1775979660000
1775979661.781,61.781,0.43,0.45,0.55,0.56,0.02,0.01,71739.18,1775979660000
1775979662.154,62.154,0.43,0.44,0.56,0.57,0.01,0.01,71739.18,1775979660000
1775979662.493,62.493,0.44,0.45,0.55,0.56,0.01,0.01,71739.18,1775979660000
1775979662.829,62.829,0.44,0.45,0.55,0.56,0.01,0.01,71733.88,1775979661000
1775979663.182,63.182,0.45,0.46,0.54,0.55,0.01,0.01,71733.88,1775979661000
1775979663.653,63.653,0.44,0.45,0.53,0.56,0.01,0.03,71735.9,1775979662000
1775979664.005,64.005,0.42,0.45,0.55,0.56,0.03,0.01,71735.9,1775979662000
1775979664.377,64.377,0.44,0.45,0.54,0.56,0.01,0.02,71736.0,1775979663000
1775979664.737,64.737,0.42,0.43,0.57,0.58,0.01,0.01,71736.0,1775979663000
1775979665.073,65.073,0.45,0.46,0.54,0.55,0.01,0.01,71736.0,1775979663000
1775979665.422,65.422,0.44,0.45,0.55,0.56,0.01,0.01,71736.0,1775979664000
1775979665.763,65.763,0.44,0.45,0.55,0.56,0.01,0.01,71736.0,1775979664000
1775979666.137,66.137,0.44,0.45,0.55,0.56,0.01,0.01,71736.0,1775979664000
1775979666.473,66.473,0.44,0.46,0.55,0.56,0.02,0.01,71736.05,1775979665000
1775979666.976,66.976,0.45,0.46,0.54,0.56,0.01,0.02,71736.05,1775979665000
1775979667.545,67.545,0.44,0.45,0.55,0.56,0.01,0.01,71736.05,1775979666000
1775979667.919,67.919,0.47,0.48,0.52,0.55,0.01,0.03,71736.05,1775979666000
1775979668.406,68.406,0.47,0.48,0.52,0.53,0.01,0.01,71735.98,1775979667000
1775979668.771,68.771,0.47,0.48,0.52,0.53,0.01,0.01,71735.98,1775979667000
1775979669.23,69.23,0.47,0.48,0.52,0.53,0.01,0.01,71735.97,1775979668000
1775979669.709,69.709,0.47,0.48,0.52,0.53,0.01,0.01,71735.97,1775979668000
1775979670.178,70.178,0.4,0.43,0.61,0.62,0.03,0.01,71736.04,1775979669000
1775979670.528,70.528,0.41,0.42,0.58,0.59,0.01,0.01,71736.04,1775979669000
1775979670.89,70.89,0.42,0.43,0.57,0.58,0.01,0.01,71736.04,1775979669000
1775979671.44,71.44,0.42,0.43,0.57,0.58,0.01,0.01,71736.05,1775979670000
1775979671.783,71.783,0.42,0.43,0.57,0.58,0.01,0.01,71736.05,1775979670000
1775979672.322,72.322,0.42,0.43,0.57,0.58,0.01,0.01,71735.99,1775979671000
1775979672.694,72.694,0.42,0.43,0.57,0.58,0.01,0.01,71735.99,1775979671000
1775979673.109,73.109,0.43,0.44,0.56,0.57,0.01,0.01,71735.99,1775979672000
1775979673.542,73.542,0.44,0.45,0.55,0.57,0.01,0.02,71735.99,1775979672000
1775979673.913,73.913,0.44,0.45,0.55,0.56,0.01,0.01,71735.99,1775979673000
1775979674.299,74.299,0.35,0.45,0.55,0.56,0.1,0.01,71735.99,1775979673000
1775979674.638,74.638,0.4,0.44,0.57,0.63,0.04,0.06,71735.99,1775979673000
1775979675.072,75.072,0.43,0.44,0.55,0.57,0.01,0.02,71735.99,1775979673000
1775979675.437,75.437,0.43,0.44,0.56,0.57,0.01,0.01,71735.99,1775979673000
1775979675.792,75.792,0.45,0.46,0.54,0.55,0.01,0.01,71736.0,1775979674000
1775979676.528,76.528,0.45,0.47,0.54,0.55,0.02,0.01,71736.07,1775979675000
1775979676.91,76.91,0.46,0.47,0.53,0.54,0.01,0.01,71736.07,1775979675000
1775979677.765,77.765,0.46,0.48,0.53,0.54,0.02,0.01,71736.06,1775979676000
1775979678.1,78.1,0.48,0.49,0.51,0.52,0.01,0.01,71736.06,1775979676000
1775979678.624,78.624,0.49,0.5,0.5,0.52,0.01,0.02,71735.99,1775979677000
1775979678.98,78.98,0.49,0.5,0.5,0.51,0.01,0.01,71735.99,1775979677000
1775979679.468,79.468,0.49,0.5,0.5,0.51,0.01,0.01,71736.06,1775979678000
1775979679.818,79.818,0.45,0.5,0.49,0.51,0.05,0.02,71736.06,1775979678000
1775979680.577,80.577,0.47,0.48,0.52,0.53,0.01,0.01,71736.16,1775979679000
1775979680.972,80.972,0.47,0.48,0.52,0.53,0.01,0.01,71736.16,1775979679000
1775979681.444,81.444,0.47,0.48,0.52,0.53,0.01,0.01,71738.77,1775979680000
1775979681.808,81.808,0.48,0.49,0.51,0.52,0.01,0.01,71738.77,1775979680000
1775979682.266,82.266,0.48,0.49,0.51,0.52,0.01,0.01,71738.77,1775979680000
1775979682.813,82.813,0.48,0.49,0.51,0.52,0.01,0.01,71738.71,1775979681000
1775979683.233,83.233,0.48,0.49,0.51,0.52,0.01,0.01,71738.71,1775979681000
1775979683.799,83.799,0.47,0.49,0.51,0.52,0.02,0.01,71738.71,1775979682000
1775979684.157,84.157,0.44,0.47,0.53,0.54,0.03,0.01,71738.71,1775979682000
1775979684.52,84.52,0.44,0.45,0.55,0.56,0.01,0.01,71738.71,1775979683000
1775979684.932,84.932,0.44,0.45,0.55,0.56,0.01,0.01,71738.71,1775979683000
1775979685.301,85.301,0.44,0.45,0.55,0.56,0.01,0.01,71738.72,1775979684000
1775979685.676,85.676,0.44,0.45,0.55,0.56,0.01,0.01,71738.72,1775979684000
1775979686.14,86.14,0.46,0.47,0.53,0.54,0.01,0.01,71738.72,1775979684000
1775979686.474,86.474,0.38,0.47,0.53,0.54,0.09,0.01,71738.2,1775979685000
1775979686.816,86.816,0.44,0.45,0.55,0.56,0.01,0.01,71738.2,1775979685000
1775979687.361,87.361,0.42,0.43,0.54,0.56,0.01,0.02,71738.2,1775979686000
1775979687.737,87.737,0.43,0.49,0.56,0.57,0.06,0.01,71738.2,1775979686000
1775979688.079,88.079,0.48,0.49,0.51,0.52,0.01,0.01,71738.2,1775979686000
1775979688.632,88.632,0.49,0.5,0.5,0.52,0.01,0.02,71738.2,1775979687000
1775979689.046,89.046,0.49,0.5,0.5,0.51,0.01,0.01,71738.2,1775979687000
1775979689.384,89.384,0.49,0.5,0.5,0.51,0.01,0.01,71738.26,1775979688000
1775979689.731,89.731,0.49,0.5,0.5,0.51,0.01,0.01,71738.26,1775979688000
1775979690.095,90.095,0.48,0.49,0.51,0.52,0.01,0.01,71738.26,1775979689000
1775979690.461,90.461,0.48,0.49,0.51,0.52,0.01,0.01,71738.26,1775979689000
1775979690.819,90.819,0.49,0.5,0.5,0.51,0.01,0.01,71738.26,1775979689000
1775979691.157,91.157,0.48,0.49,0.51,0.52,0.01,0.01,71738.29,1775979690000
1775979691.863,91.863,0.47,0.48,0.52,0.53,0.01,0.01,71738.29,1775979690000
1775979692.865,92.865,0.47,0.48,0.52,0.53,0.01,0.01,71738.31,1775979691000
1775979693.37,93.37,0.45,0.46,0.54,0.55,0.01,0.01,71738.3,1775979692000
1775979693.703,93.703,0.44,0.47,0.55,0.56,0.03,0.01,71738.3,1775979692000
1775979694.208,94.208,0.46,0.47,0.53,0.54,0.01,0.01,71738.3,1775979692000
1775979694.609,94.609,0.45,0.46,0.54,0.55,0.01,0.01,71738.27,1775979693000
1775979694.951,94.951,0.46,0.47,0.53,0.54,0.01,0.01,71738.27,1775979693000
1775979695.313,95.313,0.47,0.48,0.52,0.53,0.01,0.01,71738.27,1775979694000
1775979695.653,95.653,0.47,0.48,0.52,0.53,0.01,0.01,71738.27,1775979694000
1775979696.001,96.001,0.47,0.48,0.52,0.53,0.01,0.01,71738.27,1775979694000
1775979696.337,96.337,0.47,0.48,0.52,0.53,0.01,0.01,71738.27,1775979694000
1775979696.695,96.695,0.48,0.49,0.5,0.52,0.01,0.02,71738.28,1775979695000
1775979697.072,97.072,0.48,0.49,0.51,0.52,0.01,0.01,71738.24,1775979696000
1775979697.54,97.54,0.48,0.49,0.51,0.52,0.01,0.01,71738.24,1775979696000
1775979697.891,97.891,0.48,0.49,0.51,0.52,0.01,0.01,71738.24,1775979696000
1775979698.369,98.369,0.39,0.49,0.51,0.52,0.1,0.01,71738.24,1775979697000
1775979698.705,98.705,0.44,0.45,0.51,0.61,0.01,0.1,71738.24,1775979697000
1775979699.063,99.063,0.44,0.45,0.55,0.56,0.01,0.01,71738.24,1775979697000
1775979699.399,99.399,0.45,0.46,0.54,0.55,0.01,0.01,71738.24,1775979698000
1775979699.893,99.893,0.45,0.46,0.54,0.55,0.01,0.01,71738.24,1775979698000
1775979700.245,100.245,0.45,0.46,0.54,0.55,0.01,0.01,71738.24,1775979699000
1775979700.579,100.579,0.47,0.48,0.52,0.53,0.01,0.01,71738.24,1775979699000
1775979700.916,100.916,0.48,0.49,0.51,0.52,0.01,0.01,71738.24,1775979699000
1775979701.408,101.408,0.48,0.49,0.5,0.52,0.01,0.02,71738.24,1775979699000
1775979701.819,101.819,0.49,0.5,0.5,0.52,0.01,0.02,71738.25,1775979700000
1775979702.161,102.161,0.49,0.5,0.5,0.51,0.01,0.01,71738.25,1775979701000
1775979702.552,102.552,0.49,0.5,0.5,0.51,0.01,0.01,71738.25,1775979701000
1775979703.0,103.0,0.41,0.46,0.5,0.6,0.05,0.1,71738.25,1775979701000
1775979703.346,103.346,0.45,0.46,0.54,0.55,0.01,0.01,71738.25,1775979701000
1775979703.843,103.843,0.49,0.5,0.51,0.53,0.01,0.02,71738.29,1775979702000
1775979704.35,104.35,0.49,0.5,0.49,0.51,0.01,0.02,71738.25,1775979703000
1775979704.687,104.687,0.49,0.52,0.5,0.51,0.03,0.01,71738.25,1775979703000
1775979705.02,105.02,0.52,0.53,0.47,0.49,0.01,0.02,71738.25,1775979703000
1775979705.526,105.526,0.51,0.54,0.46,0.49,0.03,0.03,71738.37,1775979704000
1775979705.869,105.869,0.5,0.53,0.47,0.48,0.03,0.01,71738.37,1775979704000
1775979706.209,106.209,0.53,0.54,0.46,0.47,0.01,0.01,71738.37,1775979704000
1775979706.619,106.619,0.51,0.52,0.48,0.49,0.01,0.01,71738.44,1775979705000
1775979706.956,106.956,0.51,0.52,0.48,0.49,0.01,0.01,71738.44,1775979705000
1775979707.291,107.291,0.52,0.53,0.47,0.48,0.01,0.01,71738.82,1775979706000
1775979707.631,107.631,0.54,0.56,0.44,0.46,0.02,0.02,71738.82,1775979706000
1775979707.977,107.977,0.57,0.58,0.42,0.43,0.01,0.01,71738.82,1775979706000
1775979708.314,108.314,0.58,0.61,0.39,0.42,0.03,0.03,71738.82,1775979706000
1775979708.653,108.653,0.61,0.62,0.38,0.39,0.01,0.01,71739.67,1775979707000
1775979708.996,108.996,0.65,0.66,0.34,0.36,0.01,0.02,71739.67,1775979707000
1775979709.332,109.332,0.65,0.66,0.34,0.35,0.01,0.01,71739.68,1775979708000
1775979709.683,109.683,0.62,0.63,0.37,0.38,0.01,0.01,71739.68,1775979708000
1775979710.021,110.021,0.59,0.6,0.39,0.42,0.01,0.03,71739.68,1775979708000
1775979710.358,110.358,0.6,0.62,0.38,0.4,0.02,0.02,71739.68,1775979708000
1775979710.707,110.707,0.57,0.59,0.41,0.43,0.02,0.02,71745.19,1775979709000
1775979711.066,111.066,0.56,0.58,0.42,0.44,0.02,0.02,71745.19,1775979709000
1775979711.558,111.558,0.56,0.57,0.43,0.44,0.01,0.01,71746.62,1775979710000
1775979711.908,111.908,0.54,0.55,0.45,0.46,0.01,0.01,71746.62,1775979710000
1775979712.315,112.315,0.54,0.55,0.45,0.46,0.01,0.01,71746.08,1775979711000
1775979712.651,112.651,0.54,0.55,0.45,0.46,0.01,0.01,71746.08,1775979711000
1775979713.208,113.208,0.56,0.57,0.38,0.46,0.01,0.08,71746.08,1775979711000
1775979713.548,113.548,0.55,0.56,0.44,0.45,0.01,0.01,71746.08,1775979711000
1775979714.04,114.04,0.52,0.53,0.47,0.48,0.01,0.01,71745.89,1775979712000
1775979714.379,114.379,0.52,0.53,0.47,0.48,0.01,0.01,71745.89,1775979712000
1775979714.714,114.714,0.52,0.53,0.47,0.48,0.01,0.01,71746.07,1775979713000
1775979715.056,115.056,0.52,0.53,0.47,0.48,0.01,0.01,71746.07,1775979713000
1775979716.052,116.052,0.5,0.52,0.48,0.49,0.02,0.01,71743.87,1775979714000
1775979716.387,116.387,0.47,0.48,0.52,0.53,0.01,0.01,71743.87,1775979714000
1775979716.737,116.737,0.44,0.47,0.53,0.55,0.03,0.02,71743.87,1775979714000
1775979717.185,117.185,0.42,0.43,0.57,0.58,0.01,0.01,71743.31,1775979715000
1775979717.523,117.523,0.42,0.43,0.57,0.58,0.01,0.01,71743.22,1775979716000
1775979717.863,117.863,0.43,0.44,0.56,0.57,0.01,0.01,71743.22,1775979716000
1775979718.203,118.203,0.47,0.48,0.52,0.53,0.01,0.01,71740.24,1775979717000
1775979718.542,118.542,0.47,0.48,0.52,0.53,0.01,0.01,71740.24,1775979717000
1775979718.877,118.877,0.46,0.47,0.53,0.54,0.01,0.01,71740.24,1775979717000
1775979719.29,119.29,0.45,0.46,0.54,0.55,0.01,0.01,71740.24,1775979717000
1775979719.672,119.672,0.45,0.46,0.54,0.55,0.01,0.01,71738.85,1775979718000
1775979720.077,120.077,0.48,0.49,0.51,0.52,0.01,0.01,71738.85,1775979718000
1775979720.453,120.453,0.48,0.49,0.51,0.52,0.01,0.01,71738.85,1775979718000
1775979720.813,120.813,0.48,0.49,0.51,0.52,0.01,0.01,71738.85,1775979719000
1775979721.146,121.146,0.47,0.48,0.52,0.53,0.01,0.01,71738.85,1775979719000
1775979721.48,121.48,0.46,0.47,0.53,0.54,0.01,0.01,71741.24,1775979720000
1775979721.83,121.83,0.47,0.48,0.47,0.55,0.01,0.08,71741.24,1775979720000
1775979722.171,122.171,0.47,0.51,0.49,0.53,0.04,0.04,71741.24,1775979720000
1775979722.518,122.518,0.47,0.48,0.52,0.53,0.01,0.01,71741.24,1775979720000
1775979722.861,122.861,0.46,0.47,0.53,0.54,0.01,0.01,71742.0,1775979721000
1775979723.355,123.355,0.48,0.5,0.51,0.52,0.02,0.01,71742.0,1775979721000
1775979723.819,123.819,0.49,0.5,0.49,0.51,0.01,0.02,71742.01,1775979722000
1775979724.16,124.16,0.5,0.51,0.49,0.5,0.01,0.01,71742.01,1775979722000
1775979724.803,124.803,0.46,0.48,0.53,0.54,0.02,0.01,71741.87,1775979723000
1775979725.184,125.184,0.47,0.49,0.51,0.53,0.02,0.02,71741.87,1775979723000
1775979725.591,125.591,0.49,0.5,0.51,0.53,0.01,0.02,71741.87,1775979723000
1775979725.927,125.927,0.5,0.52,0.49,0.5,0.02,0.01,71741.87,1775979723000
1775979726.427,126.427,0.52,0.53,0.47,0.48,0.01,0.01,71741.78,1775979725000
1775979726.771,126.771,0.5,0.51,0.49,0.5,0.01,0.01,71741.78,1775979725000
1775979727.183,127.183,0.51,0.52,0.48,0.49,0.01,0.01,71741.37,1775979726000
1775979727.519,127.519,0.5,0.52,0.48,0.5,0.02,0.02,71741.37,1775979726000
1775979727.894,127.894,0.5,0.53,0.48,0.5,0.03,0.02,71741.37,1775979726000
1775979728.263,128.263,0.52,0.53,0.47,0.48,0.01,0.01,71741.69,1775979727000
1775979728.717,128.717,0.5,0.52,0.48,0.49,0.02,0.01,71741.69,1775979727000
1775979729.146,129.146,0.5,0.51,0.49,0.5,0.01,0.01,71741.69,1775979727000
1775979729.611,129.611,0.5,0.51,0.48,0.49,0.01,0.01,71741.69,1775979728000
1775979730.366,130.366,0.49,0.52,0.48,0.51,0.03,0.03,71741.96,1775979729000
1775979730.729,130.729,0.49,0.5,0.5,0.51,0.01,0.01,71741.96,1775979729000
1775979731.074,131.074,0.48,0.49,0.5,0.52,0.01,0.02,71741.96,1775979730000
1775979731.419,131.419,0.47,0.48,0.52,0.55,0.01,0.03,71741.96,1775979730000
1775979731.782,131.782,0.47,0.5,0.52,0.53,0.03,0.01,71741.96,1775979730000
1775979732.215,132.215,0.46,0.47,0.5,0.52,0.01,0.02,71741.95,1775979731000
1775979732.89,132.89,0.45,0.48,0.53,0.55,0.03,0.02,71741.95,1775979731000
1775979733.234,133.234,0.52,0.55,0.48,0.5,0.03,0.02,71741.95,1775979731000
1775979733.572,133.572,0.56,0.57,0.43,0.44,0.01,0.01,71741.88,1775979732000
1775979733.918,133.918,0.55,0.56,0.44,0.45,0.01,0.01,71741.88,1775979732000
1775979734.449,134.449,0.55,0.58,0.45,0.46,0.03,0.01,71741.65,1775979733000
1775979734.996,134.996,0.55,0.57,0.43,0.44,0.02,0.01,71741.65,1775979733000
1775979735.335,135.335,0.54,0.55,0.45,0.46,0.01,0.01,71741.65,1775979734000
1775979735.683,135.683,0.54,0.68,0.45,0.47,0.14,0.02,71741.65,1775979734000
1775979736.024,136.024,0.56,0.57,0.43,0.44,0.01,0.01,71741.65,1775979734000
1775979736.367,136.367,0.56,0.57,0.43,0.44,0.01,0.01,71742.56,1775979735000
1775979736.78,136.78,0.56,0.57,0.42,0.43,0.01,0.01,71742.56,1775979735000
1775979737.121,137.121,0.56,0.58,0.42,0.44,0.02,0.02,71742.56,1775979735000
1775979737.455,137.455,0.63,0.64,0.36,0.37,0.01,0.01,71743.94,1775979736000
1775979737.827,137.827,0.62,0.63,0.37,0.38,0.01,0.01,71743.94,1775979736000
1775979738.182,138.182,0.59,0.6,0.4,0.41,0.01,0.01,71743.89,1775979737000
1775979738.527,138.527,0.61,0.62,0.38,0.39,0.01,0.01,71743.89,1775979737000
1775979739.025,139.025,0.59,0.62,0.38,0.39,0.03,0.01,71743.89,1775979737000
1775979739.381,139.381,0.6,0.61,0.39,0.4,0.01,0.01,71744.04,1775979738000
1775979739.78,139.78,0.64,0.65,0.35,0.38,0.01,0.03,71744.04,1775979738000
1775979740.122,140.122,0.65,0.66,0.34,0.35,0.01,0.01,71747.06,1775979739000
1775979740.459,140.459,0.6,0.61,0.39,0.4,0.01,0.01,71747.06,1775979739000
1775979740.832,140.832,0.59,0.61,0.37,0.42,0.02,0.05,71747.06,1775979739000
1775979741.169,141.169,0.58,0.6,0.4,0.42,0.02,0.02,71747.31,1775979740000
1775979741.516,141.516,0.55,0.6,0.28,0.45,0.05,0.17,71747.31,1775979740000
1775979741.852,141.852,0.55,0.56,0.44,0.45,0.01,0.01,71747.31,1775979740000
1775979742.195,142.195,0.54,0.55,0.45,0.46,0.01,0.01,71747.61,1775979741000
1775979742.534,142.534,0.54,0.55,0.45,0.46,0.01,0.01,71747.61,1775979741000
1775979742.876,142.876,0.54,0.55,0.45,0.46,0.01,0.01,71747.61,1775979741000
1775979743.241,143.241,0.53,0.54,0.45,0.47,0.01,0.02,71748.22,1775979742000
1775979743.747,143.747,0.52,0.53,0.47,0.48,0.01,0.01,71748.22,1775979742000
1775979744.085,144.085,0.52,0.53,0.47,0.48,0.01,0.01,71745.49,1775979743000
1775979744.509,144.509,0.53,0.54,0.46,0.47,0.01,0.01,71745.49,1775979743000
1775979744.894,144.894,0.54,0.56,0.44,0.47,0.02,0.03,71745.49,1775979743000
1775979745.231,145.231,0.57,0.59,0.41,0.43,0.02,0.02,71745.57,1775979744000
1775979745.577,145.577,0.6,0.61,0.39,0.41,0.01,0.02,71745.57,1775979744000
1775979745.911,145.911,0.6,0.61,0.39,0.4,0.01,0.01,71745.57,1775979744000
1775979746.379,146.379,0.58,0.59,0.41,0.42,0.01,0.01,71745.59,1775979745000
1775979746.784,146.784,0.6,0.61,0.39,0.4,0.01,0.01,71745.59,1775979745000
1775979747.283,147.283,0.57,0.58,0.41,0.44,0.01,0.03,71745.59,1775979745000
1775979747.617,147.617,0.56,0.57,0.43,0.44,0.01,0.01,71745.62,1775979746000
1775979747.961,147.961,0.56,0.57,0.43,0.44,0.01,0.01,71745.62,1775979746000
1775979748.499,148.499,0.55,0.56,0.44,0.45,0.01,0.01,71745.62,1775979746000
1775979748.837,148.837,0.54,0.55,0.45,0.46,0.01,0.01,71746.53,1775979747000
1775979749.208,149.208,0.55,0.56,0.44,0.45,0.01,0.01,71746.53,1775979748000
1775979749.662,149.662,0.55,0.56,0.44,0.45,0.01,0.01,71746.53,1775979748000
1775979750.009,150.009,0.55,0.56,0.44,0.45,0.01,0.01,71747.14,1775979749000
1775979750.704,150.704,0.55,0.56,0.45,0.46,0.01,0.01,71747.14,1775979749000
1775979751.375,151.375,0.54,0.56,0.44,0.45,0.02,0.01,71747.0,1775979750000
1775979752.03,152.03,0.53,0.55,0.44,0.46,0.02,0.02,71747.0,1775979750000
1775979752.432,152.432,0.53,0.54,0.46,0.47,0.01,0.01,71747.0,1775979750000
1775979752.812,152.812,0.53,0.54,0.46,0.47,0.01,0.01,71747.0,1775979751000
1775979753.162,153.162,0.54,0.55,0.44,0.47,0.01,0.03,71747.01,1775979752000
1775979753.746,153.746,0.54,0.55,0.45,0.46,0.01,0.01,71747.01,1775979752000
1775979754.111,154.111,0.54,0.56,0.44,0.46,0.02,0.02,71747.04,1775979753000
1775979754.547,154.547,0.55,0.56,0.44,0.45,0.01,0.01,71747.04,1775979753000
1775979754.882,154.882,0.55,0.56,0.44,0.45,0.01,0.01,71747.04,1775979753000
1775979755.448,155.448,0.55,0.56,0.44,0.45,0.01,0.01,71747.05,1775979754000
1775979755.851,155.851,0.55,0.56,0.44,0.45,0.01,0.01,71747.05,1775979754000
1775979756.369,156.369,0.59,0.6,0.4,0.41,0.01,0.01,71746.81,1775979755000
1775979756.716,156.716,0.6,0.61,0.39,0.4,0.01,0.01,71746.81,1775979755000
1775979757.326,157.326,0.57,0.61,0.4,0.41,0.04,0.01,71746.81,1775979755000
1775979757.672,157.672,0.61,0.62,0.38,0.4,0.01,0.02,71746.81,1775979756000
1775979758.12,158.12,0.59,0.6,0.38,0.41,0.01,0.03,71747.11,1775979757000
1775979758.86,158.86,0.59,0.6,0.39,0.41,0.01,0.02,71747.11,1775979757000
1775979759.387,159.387,0.58,0.59,0.4,0.41,0.01,0.01,71747.15,1775979758000
1775979759.951,159.951,0.58,0.59,0.42,0.43,0.01,0.01,71747.15,1775979758000
1775979760.342,160.342,0.58,0.59,0.41,0.42,0.01,0.01,71747.3,1775979759000
1775979760.923,160.923,0.55,0.57,0.41,0.45,0.02,0.04,71747.3,1775979759000
1775979761.26,161.26,0.55,0.56,0.44,0.45,0.01,0.01,71747.61,1775979760000
1775979761.835,161.835,0.55,0.57,0.44,0.45,0.02,0.01,71747.61,1775979760000
1775979762.311,162.311,0.56,0.57,0.43,0.44,0.01,0.01,71747.61,1775979761000
1775979762.646,162.646,0.56,0.57,0.43,0.44,0.01,0.01,71747.61,1775979761000
1775979763.302,163.302,0.57,0.59,0.41,0.43,0.02,0.02,71747.65,1775979762000
1775979763.643,163.643,0.6,0.61,0.39,0.4,0.01,0.01,71747.65,1775979762000
1775979763.985,163.985,0.6,0.61,0.39,0.4,0.01,0.01,71747.62,1775979763000
1775979764.325,164.325,0.6,0.61,0.39,0.4,0.01,0.01,71747.62,1775979763000
1775979764.716,164.716,0.58,0.59,0.4,0.42,0.01,0.02,71747.62,1775979763000
1775979765.132,165.132,0.58,0.64,0.37,0.38,0.06,0.01,71747.92,1775979764000
1775979765.477,165.477,0.61,0.62,0.38,0.39,0.01,0.01,71747.92,1775979764000
1775979765.85,165.85,0.59,0.6,0.38,0.42,0.01,0.04,71747.92,1775979764000
1775979766.193,166.193,0.59,0.6,0.4,0.41,0.01,0.01,71748.08,1775979765000
1775979766.532,166.532,0.65,0.7,0.31,0.35,0.05,0.04,71748.08,1775979765000
1775979766.87,166.87,0.66,0.67,0.32,0.34,0.01,0.02,71748.08,1775979765000
1775979767.297,167.297,0.66,0.67,0.33,0.34,0.01,0.01,71748.01,1775979766000
1775979767.631,167.631,0.64,0.65,0.35,0.36,0.01,0.01,71748.01,1775979766000
1775979767.968,167.968,0.65,0.67,0.34,0.35,0.02,0.01,71748.01,1775979766000
1775979768.307,168.307,0.62,0.63,0.37,0.38,0.01,0.01,71748.01,1775979766000
1775979768.683,168.683,0.64,0.65,0.35,0.36,0.01,0.01,71748.56,1775979767000
1775979769.041,169.041,0.62,0.65,0.35,0.36,0.03,0.01,71748.56,1775979767000
1775979769.4,169.4,0.61,0.62,0.37,0.39,0.01,0.02,71748.56,1775979767000
1775979769.736,169.736,0.62,0.63,0.37,0.38,0.01,0.01,71753.43,1775979768000
1775979770.223,170.223,0.63,0.64,0.36,0.37,0.01,0.01,71753.43,1775979768000
1775979770.57,170.57,0.63,0.65,0.35,0.37,0.02,0.02,71753.62,1775979769000
1775979770.913,170.913,0.63,0.65,0.35,0.37,0.02,0.02,71753.62,1775979769000
1775979771.267,171.267,0.62,0.63,0.37,0.38,0.01,0.01,71753.69,1775979770000
1775979771.731,171.731,0.62,0.63,0.35,0.4,0.01,0.05,71753.69,1775979770000
1775979772.068,172.068,0.64,0.65,0.35,0.36,0.01,0.01,71753.69,1775979770000
1775979772.433,172.433,0.65,0.66,0.34,0.35,0.01,0.01,71753.69,1775979770000
1775979772.862,172.862,0.65,0.67,0.33,0.35,0.02,0.02,71754.55,1775979771000
1775979773.199,173.199,0.67,0.68,0.32,0.33,0.01,0.01,71754.55,1775979771000
1775979773.674,173.674,0.67,0.68,0.32,0.33,0.01,0.01,71754.18,1775979772000
1775979774.027,174.027,0.67,0.68,0.32,0.33,0.01,0.01,71754.18,1775979773000
1775979774.366,174.366,0.68,0.69,0.31,0.32,0.01,0.01,71754.18,1775979773000
1775979774.749,174.749,0.68,0.69,0.31,0.32,0.01,0.01,71754.18,1775979773000
1775979775.085,175.085,0.65,0.66,0.34,0.35,0.01,0.01,71754.18,1775979773000
1775979775.575,175.575,0.65,0.66,0.34,0.35,0.01,0.01,71754.08,1775979774000
1775979776.011,176.011,0.65,0.66,0.34,0.35,0.01,0.01,71754.08,1775979774000
1775979776.349,176.349,0.65,0.66,0.34,0.35,0.01,0.01,71754.08,1775979775000
1775979776.69,176.69,0.65,0.67,0.34,0.35,0.02,0.01,71754.08,1775979775000
1775979777.047,177.047,0.66,0.67,0.33,0.34,0.01,0.01,71754.08,1775979775000
1775979777.39,177.39,0.64,0.65,0.35,0.36,0.01,0.01,71754.08,1775979775000
1775979777.777,177.777,0.64,0.65,0.35,0.36,0.01,0.01,71754.32,1775979776000
1775979778.114,178.114,0.64,0.65,0.35,0.36,0.01,0.01,71754.32,1775979776000
1775979778.457,178.457,0.64,0.65,0.35,0.36,0.01,0.01,71754.32,1775979777000
1775979778.801,178.801,0.64,0.69,0.31,0.36,0.05,0.05,71754.32,1775979777000
1775979779.142,179.142,0.67,0.68,0.32,0.33,0.01,0.01,71754.32,1775979777000
1775979779.477,179.477,0.67,0.68,0.32,0.33,0.01,0.01,71754.32,1775979777000
1775979779.844,179.844,0.66,0.67,0.34,0.35,0.01,0.01,71753.1,1775979778000
1775979780.189,180.189,0.68,0.69,0.31,0.32,0.01,0.01,71753.1,1775979778000
1775979780.528,180.528,0.7,0.71,0.27,0.32,0.01,0.05,71752.95,1775979779000
1775979780.873,180.873,0.69,0.71,0.29,0.3,0.02,0.01,71752.95,1775979779000
1775979781.216,181.216,0.68,0.69,0.31,0.32,0.01,0.01,71753.53,1775979780000
1775979781.551,181.551,0.68,0.69,0.31,0.32,0.01,0.01,71753.53,1775979780000
1775979781.97,181.97,0.64,0.69,0.29,0.32,0.05,0.03,71753.53,1775979780000
1775979782.335,182.335,0.67,0.68,0.31,0.33,0.01,0.02,71753.53,1775979780000
1775979782.684,182.684,0.69,0.7,0.32,0.33,0.01,0.01,71754.36,1775979781000
1775979783.048,183.048,0.66,0.7,0.29,0.31,0.04,0.02,71754.36,1775979781000
1775979783.394,183.394,0.66,0.67,0.32,0.35,0.01,0.03,71754.36,1775979781000
1775979783.835,183.835,0.63,0.65,0.35,0.37,0.02,0.02,71754.31,1775979782000
1775979784.202,184.202,0.61,0.64,0.36,0.44,0.03,0.08,71754.31,1775979782000
1775979784.556,184.556,0.62,0.66,0.35,0.38,0.04,0.03,71754.3,1775979783000
1775979784.893,184.893,0.61,0.62,0.38,0.39,0.01,0.01,71754.3,1775979783000
1775979785.242,185.242,0.65,0.68,0.34,0.35,0.03,0.01,71754.72,1775979784000
1775979785.676,185.676,0.69,0.7,0.31,0.32,0.01,0.01,71754.72,1775979784000
1775979786.051,186.051,0.69,0.7,0.3,0.31,0.01,0.01,71754.72,1775979784000
1775979786.503,186.503,0.68,0.69,0.3,0.31,0.01,0.01,71754.76,1775979785000
1775979786.972,186.972,0.67,0.69,0.32,0.33,0.02,0.01,71754.76,1775979785000
1775979787.313,187.313,0.68,0.69,0.31,0.32,0.01,0.01,71754.77,1775979786000
1775979787.965,187.965,0.67,0.68,0.32,0.33,0.01,0.01,71754.77,1775979786000
1775979788.333,188.333,0.61,0.62,0.37,0.39,0.01,0.02,71754.98,1775979787000
1775979788.802,188.802,0.55,0.56,0.43,0.44,0.01,0.01,71754.98,1775979787000
1775979789.139,189.139,0.55,0.56,0.44,0.45,0.01,0.01,71750.41,1775979788000
1775979789.553,189.553,0.56,0.57,0.43,0.44,0.01,0.01,71750.41,1775979788000
1775979790.066,190.066,0.58,0.59,0.41,0.43,0.01,0.02,71750.41,1775979788000
1775979790.4,190.4,0.59,0.61,0.39,0.41,0.02,0.02,71750.67,1775979789000
1775979790.771,190.771,0.63,0.64,0.36,0.38,0.01,0.02,71750.67,1775979789000
1775979791.11,191.11,0.63,0.64,0.36,0.37,0.01,0.01,71750.67,1775979789000
1775979791.566,191.566,0.64,0.65,0.35,0.36,0.01,0.01,71752.51,1775979790000
1775979791.94,191.94,0.65,0.66,0.34,0.36,0.01,0.02,71752.51,1775979790000
1775979792.314,192.314,0.69,0.72,0.3,0.32,0.03,0.02,71754.02,1775979791000
1775979792.65,192.65,0.72,0.73,0.27,0.28,0.01,0.01,71754.02,1775979791000
1775979793.061,193.061,0.71,0.72,0.27,0.28,0.01,0.01,71754.02,1775979791000
1775979793.439,193.439,0.72,0.73,0.27,0.29,0.01,0.02,71754.02,1775979791000
1775979793.785,193.785,0.68,0.7,0.3,0.32,0.02,0.02,71757.73,1775979792000
1775979794.131,194.131,0.67,0.68,0.32,0.34,0.01,0.02,71755.07,1775979793000
1775979794.476,194.476,0.67,0.68,0.32,0.33,0.01,0.01,71755.07,1775979793000
1775979794.945,194.945,0.65,0.68,0.32,0.35,0.03,0.03,71755.07,1775979794000
1775979795.296,195.296,0.66,0.67,0.34,0.35,0.01,0.01,71755.07,1775979794000
1775979795.693,195.693,0.66,0.67,0.33,0.34,0.01,0.01,71755.07,1775979794000
1775979796.13,196.13,0.68,0.7,0.1,0.33,0.02,0.23,71755.07,1775979795000
1775979796.468,196.468,0.68,0.69,0.31,0.32,0.01,0.01,71755.07,1775979795000
1775979796.842,196.842,0.67,0.69,0.31,0.32,0.02,0.01,71755.07,1775979795000
1775979797.344,197.344,0.66,0.67,0.32,0.34,0.01,0.02,71755.07,1775979796000
1775979797.792,197.792,0.76,0.77,0.21,0.26,0.01,0.05,71755.07,1775979796000
1775979798.164,198.164,0.75,0.76,0.22,0.25,0.01,0.03,71755.07,1775979796000
1775979798.503,198.503,0.71,0.73,0.24,0.27,0.02,0.03,71755.07,1775979796000
1775979798.844,198.844,0.72,0.75,0.25,0.28,0.03,0.03,71758.17,1775979797000
1775979799.341,199.341,0.72,0.75,0.25,0.28,0.03,0.03,71758.25,1775979798000
1775979799.69,199.69,0.72,0.74,0.26,0.27,0.02,0.01,71758.25,1775979798000
1775979800.024,200.024,0.73,0.79,0.21,0.27,0.06,0.06,71758.25,1775979798000
1775979800.365,200.365,0.75,0.78,0.22,0.25,0.03,0.03,71758.28,1775979799000
1775979800.714,200.714,0.74,0.75,0.25,0.26,0.01,0.01,71758.28,1775979799000
1775979801.056,201.056,0.74,0.76,0.24,0.26,0.02,0.02,71758.28,1775979799000
1775979801.397,201.397,0.76,0.77,0.23,0.24,0.01,0.01,71760.89,1775979800000
1775979801.776,201.776,0.78,0.79,0.21,0.22,0.01,0.01,71760.89,1775979800000
1775979802.114,202.114,0.78,0.79,0.21,0.22,0.01,0.01,71760.89,1775979801000
1775979802.519,202.519,0.74,0.76,0.25,0.26,0.02,0.01,71760.89,1775979801000
1775979802.888,202.888,0.78,0.79,0.21,0.22,0.01,0.01,71760.89,1775979801000
1775979803.246,203.246,0.78,0.79,0.21,0.22,0.01,0.01,71760.89,1775979801000
1775979803.617,203.617,0.78,0.79,0.21,0.22,0.01,0.01,71762.59,1775979802000
1775979803.954,203.954,0.77,0.78,0.22,0.23,0.01,0.01,71762.59,1775979802000
1775979804.288,204.288,0.76,0.77,0.23,0.24,0.01,0.01,71762.7,1775979803000
1775979804.637,204.637,0.76,0.77,0.23,0.24,0.01,0.01,71762.7,1775979803000
1775979804.97,204.97,0.76,0.77,0.23,0.24,0.01,0.01,71762.7,1775979803000
1775979805.317,205.317,0.75,0.77,0.23,0.25,0.02,0.02,71762.7,1775979803000
1775979805.736,205.736,0.76,0.77,0.23,0.24,0.01,0.01,71759.9,1775979804000
1775979806.073,206.073,0.76,0.77,0.23,0.24,0.01,0.01,71759.9,1775979804000
1775979806.408,206.408,0.71,0.72,0.27,0.28,0.01,0.01,71762.79,1775979805000
1775979806.744,206.744,0.74,0.93,0.07,0.26,0.19,0.19,71762.79,1775979805000
1775979807.137,207.137,0.81,0.82,0.18,0.2,0.01,0.02,71762.79,1775979806000
1775979807.568,207.568,0.87,0.88,0.13,0.18,0.01,0.05,71762.79,1775979806000
1775979807.908,207.908,0.87,0.88,0.12,0.13,0.01,0.01,71762.79,1775979806000
1775979808.244,208.244,0.85,0.86,0.14,0.15,0.01,0.01,71762.79,1775979806000
1775979808.611,208.611,0.86,0.87,0.13,0.14,0.01,0.01,71763.56,1775979807000
1775979808.984,208.984,0.85,0.86,0.14,0.15,0.01,0.01,71763.56,1775979807000
1775979809.325,209.325,0.85,0.86,0.14,0.15,0.01,0.01,71765.48,1775979808000
1775979809.71,209.71,0.85,0.86,0.14,0.15,0.01,0.01,71765.48,1775979808000
1775979810.095,210.095,0.84,0.85,0.15,0.16,0.01,0.01,71765.48,1775979808000
1775979810.448,210.448,0.84,0.85,0.15,0.16,0.01,0.01,71765.48,1775979808000
1775979810.788,210.788,0.81,0.82,0.18,0.19,0.01,0.01,71768.82,1775979809000
1775979811.224,211.224,0.81,0.82,0.18,0.19,0.01,0.01,71768.9,1775979810000
1775979811.686,211.686,0.81,0.82,0.18,0.19,0.01,0.01,71768.9,1775979810000
1775979812.211,212.211,0.79,0.82,0.18,0.19,0.03,0.01,71768.9,1775979810000
1775979812.669,212.669,0.92,0.93,0.16,0.17,0.01,0.01,71768.9,1775979811000
1775979813.012,213.012,0.92,0.93,0.07,0.08,0.01,0.01,71768.9,1775979811000
1775979813.361,213.361,0.87,0.9,0.1,0.13,0.03,0.03,71768.93,1775979812000
1775979813.698,213.698,0.84,0.85,0.14,0.16,0.01,0.02,71768.93,1775979812000
1775979814.069,214.069,0.82,0.84,0.15,0.18,0.02,0.03,71768.93,1775979812000
1775979814.471,214.471,0.84,0.85,0.15,0.16,0.01,0.01,71768.93,1775979812000
1775979814.841,214.841,0.83,0.84,0.16,0.17,0.01,0.01,71768.86,1775979813000
1775979815.206,215.206,0.81,0.82,0.17,0.19,0.01,0.02,71768.86,1775979813000
1775979815.589,215.589,0.82,0.83,0.17,0.18,0.01,0.01,71768.87,1775979814000
1775979815.925,215.925,0.82,0.83,0.17,0.18,0.01,0.01,71768.96,1775979815000
1775979816.278,216.278,0.82,0.83,0.17,0.18,0.01,0.01,71768.96,1775979815000
1775979816.642,216.642,0.8,0.81,0.19,0.2,0.01,0.01,71768.96,1775979815000
1775979816.976,216.976,0.82,0.83,0.17,0.18,0.01,0.01,71768.95,1775979816000
1775979817.324,217.324,0.82,0.83,0.17,0.19,0.01,0.02,71768.95,1775979816000
1775979817.843,217.843,0.85,0.86,0.14,0.15,0.01,0.01,71768.95,1775979816000
1775979818.283,218.283,0.87,0.88,0.12,0.13,0.01,0.01,71768.95,1775979816000
1775979818.62,218.62,0.84,0.85,0.15,0.16,0.01,0.01,71769.07,1775979817000
1775979818.962,218.962,0.78,0.79,0.2,0.22,0.01,0.02,71769.04,1775979818000
1775979819.297,219.297,0.8,0.81,0.19,0.2,0.01,0.01,71769.04,1775979818000
1775979819.632,219.632,0.8,0.81,0.19,0.2,0.01,0.01,71769.04,1775979818000
1775979819.971,219.971,0.79,0.8,0.2,0.22,0.01,0.02,71769.04,1775979819000
1775979820.466,220.466,0.77,0.78,0.21,0.23,0.01,0.02,71769.04,1775979819000
1775979820.838,220.838,0.78,0.79,0.21,0.23,0.01,0.02,71769.04,1775979819000
1775979821.217,221.217,0.77,0.78,0.21,0.22,0.01,0.01,71769.06,1775979820000
1775979821.69,221.69,0.77,0.78,0.22,0.23,0.01,0.01,71769.06,1775979820000
1775979822.071,222.071,0.77,0.78,0.22,0.23,0.01,0.01,71769.06,1775979820000
1775979822.492,222.492,0.77,0.78,0.22,0.23,0.01,0.01,71769.06,1775979821000
1775979822.924,222.924,0.77,0.78,0.22,0.23,0.01,0.01,71769.06,1775979821000
1775979823.297,223.297,0.77,0.78,0.08,0.23,0.01,0.15,71769.07,1775979822000
1775979823.648,223.648,0.78,0.79,0.21,0.22,0.01,0.01,71769.07,1775979822000
1775979824.051,224.051,0.79,0.8,0.2,0.22,0.01,0.02,71769.07,1775979822000
1775979824.544,224.544,0.79,0.8,0.2,0.21,0.01,0.01,71769.06,1775979823000
1775979824.924,224.924,0.79,0.8,0.2,0.21,0.01,0.01,71769.06,1775979823000
1775979825.259,225.259,0.79,0.8,0.2,0.21,0.01,0.01,71769.19,1775979824000
1775979825.611,225.611,0.79,0.8,0.2,0.21,0.01,0.01,71769.19,1775979824000
1775979826.084,226.084,0.79,0.8,0.2,0.21,0.01,0.01,71769.19,1775979824000
1775979826.577,226.577,0.79,0.95,0.2,0.21,0.16,0.01,71768.37,1775979825000
1775979826.937,226.937,0.81,0.82,0.09,0.2,0.01,0.11,71768.37,1775979825000
1775979827.275,227.275,0.81,0.82,0.18,0.19,0.01,0.01,71768.37,1775979825000
1775979827.632,227.632,0.77,0.79,0.21,0.22,0.02,0.01,71768.37,1775979825000
1775979828.049,228.049,0.73,0.74,0.26,0.27,0.01,0.01,71768.37,1775979825000
1775979828.445,228.445,0.71,0.72,0.27,0.3,0.01,0.03,71768.37,1775979825000
1775979828.8,228.8,0.7,0.71,0.29,0.3,0.01,0.01,71768.37,1775979825000
1775979829.254,229.254,0.72,0.73,0.28,0.3,0.01,0.02,71767.3,1775979827000
1775979829.59,229.59,0.72,0.73,0.27,0.28,0.01,0.01,71764.52,1775979828000
1775979830.119,230.119,0.7,0.71,0.27,0.3,0.01,0.03,71764.52,1775979828000
1775979830.455,230.455,0.7,0.71,0.29,0.3,0.01,0.01,71764.28,1775979829000
1775979830.825,230.825,0.7,0.71,0.29,0.3,0.01,0.01,71764.28,1775979829000
1775979831.193,231.193,0.7,0.74,0.29,0.3,0.04,0.01,71764.28,1775979829000
1775979831.616,231.616,0.71,0.72,0.28,0.29,0.01,0.01,71763.69,1775979830000
1775979832.118,232.118,0.71,0.72,0.28,0.29,0.01,0.01,71762.95,1775979831000
1775979832.676,232.676,0.71,0.73,0.28,0.29,0.02,0.01,71762.95,1775979831000
1775979833.048,233.048,0.72,0.73,0.27,0.28,0.01,0.01,71762.95,1775979831000
1775979833.547,233.547,0.72,0.73,0.27,0.28,0.01,0.01,71762.66,1775979832000
1775979834.047,234.047,0.72,0.73,0.27,0.28,0.01,0.01,71762.66,1775979832000
1775979834.457,234.457,0.72,0.73,0.27,0.28,0.01,0.01,71762.67,1775979833000
1775979834.824,234.824,0.72,0.73,0.27,0.28,0.01,0.01,71762.67,1775979833000
1775979835.164,235.164,0.72,0.73,0.27,0.28,0.01,0.01,71762.67,1775979834000
1775979835.508,235.508,0.72,0.73,0.27,0.28,0.01,0.01,71762.67,1775979834000
1775979835.952,235.952,0.73,0.74,0.26,0.27,0.01,0.01,71762.67,1775979834000
1775979836.314,236.314,0.76,0.77,0.15,0.27,0.01,0.12,71762.67,1775979834000
1775979836.654,236.654,0.74,0.75,0.24,0.25,0.01,0.01,71762.59,1775979835000
1775979836.996,236.996,0.74,0.75,0.25,0.26,0.01,0.01,71762.59,1775979835000
1775979837.429,237.429,0.72,0.75,0.25,0.28,0.03,0.03,71762.9,1775979836000
1775979837.789,237.789,0.73,0.74,0.26,0.28,0.01,0.02,71762.9,1775979836000
1775979838.65,238.65,0.73,0.74,0.21,0.27,0.01,0.06,71762.8,1775979837000
1775979839.039,239.039,0.73,0.74,0.26,0.27,0.01,0.01,71762.8,1775979837000
1775979839.381,239.381,0.74,0.78,0.22,0.27,0.04,0.05,71762.59,1775979838000
1775979839.769,239.769,0.75,0.76,0.23,0.25,0.01,0.02,71762.59,1775979838000
1775979840.38,240.38,0.77,0.78,0.22,0.23,0.01,0.01,71761.98,1775979839000
1775979840.773,240.773,0.78,0.8,0.21,0.22,0.02,0.01,71761.98,1775979839000
1775979841.125,241.125,0.78,0.79,0.21,0.22,0.01,0.01,71761.97,1775979840000
1775979841.473,241.473,0.77,0.78,0.21,0.25,0.01,0.04,71761.97,1775979840000
1775979841.912,241.912,0.78,0.79,0.2,0.22,0.01,0.02,71761.97,1775979840000
1775979842.256,242.256,0.77,0.78,0.22,0.23,0.01,0.01,71761.97,1775979841000
1775979842.831,242.831,0.77,0.78,0.22,0.24,0.01,0.02,71761.97,1775979841000
1775979843.168,243.168,0.76,0.78,0.22,0.23,0.02,0.01,71761.97,1775979841000
1775979843.509,243.509,0.76,0.77,0.23,0.24,0.01,0.01,71762,1775979842000
1775979844.005,244.005,0.75,0.77,0.23,0.24,0.02,0.01,71762,1775979842000
1775979844.643,244.643,0.76,0.77,0.23,0.24,0.01,0.01,71762.24,1775979843000
1775979845.066,245.066,0.76,0.77,0.23,0.24,0.01,0.01,71762.24,1775979843000
1775979845.401,245.401,0.76,0.77,0.23,0.24,0.01,0.01,71762.93,1775979844000
1775979845.774,245.774,0.75,0.77,0.23,0.24,0.02,0.01,71762.93,1775979844000
1775979846.117,246.117,0.75,0.76,0.24,0.25,0.01,0.01,71762.93,1775979845000
1775979846.454,246.454,0.75,0.76,0.24,0.25,0.01,0.01,71762.93,1775979845000
1775979846.91,246.91,0.76,0.77,0.23,0.24,0.01,0.01,71762.93,1775979845000
1775979847.269,247.269,0.77,0.78,0.22,0.24,0.01,0.02,71762.65,1775979846000
1775979847.705,247.705,0.77,0.78,0.22,0.23,0.01,0.01,71762.65,1775979846000
1775979848.399,248.399,0.78,0.79,0.22,0.23,0.01,0.01,71762.62,1775979847000
1775979848.775,248.775,0.78,0.79,0.21,0.22,0.01,0.01,71762.62,1775979847000
1775979849.134,249.134,0.79,0.8,0.2,0.22,0.01,0.02,71762.59,1775979848000
1775979849.796,249.796,0.77,0.79,0.2,0.22,0.02,0.02,71762.59,1775979848000
1775979850.164,250.164,0.77,0.78,0.21,0.22,0.01,0.01,71762.59,1775979849000
1775979850.598,250.598,0.77,0.79,0.22,0.24,0.02,0.02,71762.59,1775979849000
1775979850.964,250.964,0.78,0.79,0.21,0.22,0.01,0.01,71762.59,1775979849000
1775979851.363,251.363,0.77,0.78,0.22,0.23,0.01,0.01,71762.69,1775979850000
1775979851.887,251.887,0.76,0.78,0.23,0.24,0.02,0.01,71762.69,1775979850000
1775979852.243,252.243,0.77,0.78,0.22,0.23,0.01,0.01,71762.66,1775979851000
1775979852.59,252.59,0.77,0.78,0.22,0.23,0.01,0.01,71762.66,1775979851000
1775979852.966,252.966,0.77,0.78,0.22,0.23,0.01,0.01,71762.66,1775979851000
1775979853.311,253.311,0.78,0.8,0.2,0.22,0.02,0.02,71762.66,1775979852000
1775979853.817,253.817,0.78,0.79,0.2,0.21,0.01,0.01,71762.66,1775979852000
1775979854.433,254.433,0.78,0.79,0.2,0.21,0.01,0.01,71762.8,1775979853000
1775979854.928,254.928,0.78,0.79,0.21,0.22,0.01,0.01,71762.8,1775979853000
1775979855.353,255.353,0.78,0.79,0.21,0.22,0.01,0.01,71762.86,1775979854000
1775979855.79,255.79,0.79,0.8,0.2,0.22,0.01,0.02,71762.86,1775979854000
1775979856.152,256.152,0.79,0.8,0.2,0.21,0.01,0.01,71762.86,1775979854000
1775979856.486,256.486,0.79,0.81,0.2,0.21,0.02,0.01,71762.85,1775979855000
1775979856.87,256.87,0.79,0.8,0.2,0.21,0.01,0.01,71762.85,1775979855000
1775979857.206,257.206,0.79,0.8,0.2,0.21,0.01,0.01,71762.85,1775979855000
1775979858.147,258.147,0.8,0.81,0.18,0.2,0.01,0.02,71762.92,1775979856000
1775979858.492,258.492,0.78,0.81,0.19,0.2,0.03,0.01,71762.92,1775979857000
1775979858.853,258.853,0.79,0.81,0.2,0.21,0.02,0.01,71762.92,1775979857000
1775979859.228,259.228,0.78,0.81,0.19,0.2,0.03,0.01,71762.92,1775979857000
1775979859.564,259.564,0.77,0.79,0.21,0.22,0.02,0.01,71763.19,1775979858000
1775979859.938,259.938,0.79,0.8,0.21,0.22,0.01,0.01,71763.19,1775979859000
1775979860.421,260.421,0.77,0.78,0.22,0.23,0.01,0.01,71763.19,1775979859000
1775979860.911,260.911,0.79,0.8,0.2,0.21,0.01,0.01,71763.66,1775979860000
1775979861.256,261.256,0.75,0.78,0.22,0.25,0.03,0.03,71763.66,1775979860000
1775979861.589,261.589,0.78,0.79,0.21,0.22,0.01,0.01,71763.66,1775979860000
1775979861.974,261.974,0.79,0.8,0.2,0.22,0.01,0.02,71763.07,1775979861000
1775979862.384,262.384,0.79,0.8,0.2,0.21,0.01,0.01,71763.07,1775979861000
1775979862.747,262.747,0.79,0.8,0.2,0.21,0.01,0.01,71763.07,1775979861000
1775979863.113,263.113,0.76,0.77,0.2,0.21,0.01,0.01,71763.07,1775979862000
1775979863.493,263.493,0.78,0.79,0.21,0.22,0.01,0.01,71763.07,1775979862000
1775979863.874,263.874,0.78,0.79,0.21,0.22,0.01,0.01,71763.07,1775979862000
1775979864.256,264.256,0.81,0.82,0.18,0.19,0.01,0.01,71763.15,1775979863000
1775979864.668,264.668,0.78,0.79,0.21,0.22,0.01,0.01,71763.15,1775979863000
1775979865.156,265.156,0.78,0.79,0.19,0.22,0.01,0.03,71763.28,1775979864000
1775979865.592,265.592,0.8,0.81,0.19,0.2,0.01,0.01,71763.28,1775979864000
1775979865.958,265.958,0.8,0.81,0.18,0.2,0.01,0.02,71763.28,1775979864000
1775979866.304,266.304,0.78,0.79,0.21,0.22,0.01,0.01,71763.28,1775979865000
1775979866.752,266.752,0.78,0.79,0.2,0.22,0.01,0.02,71763.28,1775979865000
1775979867.168,267.168,0.8,0.81,0.19,0.22,0.01,0.03,71763.28,1775979865000
1775979867.529,267.529,0.79,0.8,0.21,0.22,0.01,0.01,71763.28,1775979865000
1775979867.863,267.863,0.78,0.79,0.21,0.22,0.01,0.01,71764.45,1775979866000
1775979868.197,268.197,0.78,0.79,0.21,0.22,0.01,0.01,71764.39,1775979867000
1775979868.536,268.536,0.78,0.79,0.21,0.22,0.01,0.01,71764.39,1775979867000
1775979868.869,268.869,0.79,0.8,0.2,0.21,0.01,0.01,71764.39,1775979867000
1775979869.212,269.212,0.8,0.82,0.18,0.21,0.02,0.03,71764.5,1775979868000
1775979869.587,269.587,0.78,0.8,0.2,0.21,0.02,0.01,71764.5,1775979868000
1775979869.922,269.922,0.81,0.82,0.18,0.19,0.01,0.01,71764.5,1775979868000
1775979870.259,270.259,0.77,0.78,0.22,0.23,0.01,0.01,71764.5,1775979868000
1775979870.609,270.609,0.77,0.78,0.22,0.23,0.01,0.01,71764.67,1775979869000
1775979870.948,270.948,0.74,0.79,0.22,0.27,0.05,0.05,71764.67,1775979869000
1775979871.315,271.315,0.75,0.77,0.24,0.25,0.02,0.01,71764.67,1775979869000
1775979871.7,271.7,0.71,0.76,0.24,0.25,0.05,0.01,71764.67,1775979869000
1775979872.034,272.034,0.71,0.72,0.28,0.29,0.01,0.01,71764.6,1775979870000
1775979872.368,272.368,0.7,0.71,0.29,0.3,0.01,0.01,71764.6,1775979870000
1775979872.705,272.705,0.72,0.77,0.23,0.28,0.05,0.05,71764.6,1775979871000
1775979873.053,273.053,0.73,0.74,0.26,0.27,0.01,0.01,71764.6,1775979871000
1775979873.501,273.501,0.72,0.74,0.27,0.28,0.02,0.01,71764.6,1775979872000
1775979873.959,273.959,0.7,0.71,0.27,0.32,0.01,0.05,71764.6,1775979872000
1775979874.293,274.293,0.67,0.72,0.27,0.29,0.05,0.02,71764.6,1775979873000
1775979874.751,274.751,0.67,0.71,0.28,0.31,0.04,0.03,71764.6,1775979873000
1775979875.126,275.126,0.69,0.7,0.31,0.33,0.01,0.02,71764.6,1775979873000
1775979875.472,275.472,0.7,0.71,0.29,0.3,0.01,0.01,71764.6,1775979873000
1775979875.896,275.896,0.69,0.7,0.3,0.31,0.01,0.01,71764.6,1775979874000
1775979876.312,276.312,0.69,0.7,0.27,0.31,0.01,0.04,71764.37,1775979875000
1775979876.663,276.663,0.69,0.7,0.3,0.32,0.01,0.02,71764.37,1775979875000
1775979877.001,277.001,0.69,0.7,0.3,0.31,0.01,0.01,71764.37,1775979875000
1775979877.349,277.349,0.74,0.76,0.23,0.33,0.02,0.1,71764.37,1775979875000
1775979877.694,277.694,0.73,0.74,0.26,0.27,0.01,0.01,71764.31,1775979876000
1775979878.047,278.047,0.75,0.76,0.24,0.25,0.01,0.01,71764.31,1775979877000
1775979878.395,278.395,0.67,0.68,0.31,0.36,0.01,0.05,71764.31,1775979877000
1775979878.733,278.733,0.65,0.67,0.32,0.36,0.02,0.04,71764.31,1775979877000
1775979879.092,279.092,0.69,0.7,0.3,0.31,0.01,0.01,71764.31,1775979877000
1775979879.443,279.443,0.73,0.74,0.24,0.29,0.01,0.05,71764.46,1775979878000
1775979879.779,279.779,0.72,0.73,0.27,0.28,0.01,0.01,71764.46,1775979878000
1775979880.147,280.147,0.71,0.74,0.26,0.29,0.03,0.03,71764.46,1775979878000
1775979880.485,280.485,0.71,0.77,0.26,0.27,0.06,0.01,71764.46,1775979879000
1775979880.888,280.888,0.72,0.75,0.25,0.26,0.03,0.01,71764.46,1775979879000
1775979881.296,281.296,0.69,0.7,0.27,0.28,0.01,0.01,71764.46,1775979879000
1775979881.671,281.671,0.74,0.75,0.27,0.28,0.01,0.01,71764.64,1775979880000
1775979882.102,282.102,0.78,0.8,0.2,0.21,0.02,0.01,71764.64,1775979880000
1775979882.568,282.568,0.78,0.8,0.21,0.22,0.02,0.01,71764.64,1775979881000
1775979882.934,282.934,0.62,0.71,0.29,0.33,0.09,0.04,71764.64,1775979881000
1775979883.269,283.269,0.62,0.67,0.33,0.38,0.05,0.05,71764.73,1775979882000
1775979883.603,283.603,0.63,0.66,0.34,0.37,0.03,0.03,71764.73,1775979882000
1775979884.068,284.068,0.62,0.63,0.36,0.37,0.01,0.01,71764.73,1775979882000
1775979884.461,284.461,0.61,0.62,0.31,0.39,0.01,0.08,71765.12,1775979883000
1775979884.805,284.805,0.65,0.66,0.34,0.35,0.01,0.01,71765.12,1775979883000
1775979885.179,285.179,0.65,0.66,0.33,0.35,0.01,0.02,71765.21,1775979884000
1775979885.554,285.554,0.68,0.69,0.31,0.32,0.01,0.01,71765.21,1775979884000
1775979885.933,285.933,0.72,0.74,0.26,0.32,0.02,0.06,71765.21,1775979884000
1775979886.358,286.358,0.71,0.72,0.27,0.29,0.01,0.02,71765.25,1775979885000
1775979886.695,286.695,0.75,0.76,0.22,0.25,0.01,0.03,71765.25,1775979885000
1775979887.085,287.085,0.74,0.76,0.24,0.25,0.02,0.01,71765.25,1775979885000
1775979887.457,287.457,0.65,0.75,0.25,0.26,0.1,0.01,71765.25,1775979886000
1775979887.825,287.825,0.65,0.67,0.32,0.34,0.02,0.02,71765.25,1775979886000
1775979888.164,288.164,0.75,0.76,0.24,0.25,0.01,0.01,71765.25,1775979886000
1775979888.501,288.501,0.58,0.69,0.31,0.42,0.11,0.11,71766.1,1775979887000
1775979888.839,288.839,0.61,0.62,0.38,0.39,0.01,0.01,71766.1,1775979887000
1775979889.173,289.173,0.62,0.63,0.37,0.38,0.01,0.01,71766.1,1775979887000
1775979889.614,289.614,0.62,0.63,0.37,0.38,0.01,0.01,71766.31,1775979888000
1775979889.969,289.969,0.62,0.63,0.37,0.38,0.01,0.01,71766.31,1775979889000
1775979890.825,290.825,0.62,0.63,0.37,0.38,0.01,0.01,71766.31,1775979889000
1775979891.241,291.241,0.68,0.69,0.31,0.32,0.01,0.01,71764,1775979890000
1775979891.622,291.622,0.68,0.69,0.31,0.32,0.01,0.01,71764,1775979890000
1775979892.004,292.004,0.67,0.68,0.31,0.33,0.01,0.02,71764,1775979890000
1775979892.366,292.366,0.66,0.67,0.33,0.34,0.01,0.01,71763.29,1775979891000
1775979892.767,292.767,0.65,0.7,0.33,0.34,0.05,0.01,71763.29,1775979891000
1775979893.129,293.129,0.69,0.7,0.3,0.31,0.01,0.01,71763.29,1775979891000
1775979893.532,293.532,0.69,0.7,0.3,0.31,0.01,0.01,71763.3,1775979892000
1775979893.917,293.917,0.63,0.78,0.24,0.25,0.15,0.01,71763.3,1775979892000
1775979894.29,294.29,0.67,0.69,0.32,0.33,0.02,0.01,71763.3,1775979892000
1775979894.652,294.652,0.69,0.76,0.22,0.33,0.07,0.11,71763.57,1775979893000
1775979895.128,295.128,0.73,0.74,0.26,0.27,0.01,0.01,71763.57,1775979893000
1775979895.481,295.481,0.76,0.77,0.23,0.24,0.01,0.01,71763.32,1775979894000
1775979895.876,295.876,0.77,0.78,0.22,0.24,0.01,0.02,71763.32,1775979894000
1775979896.393,296.393,0.78,0.79,0.2,0.23,0.01,0.03,71763.32,1775979895000
1775979896.737,296.737,0.75,0.78,0.21,0.26,0.03,0.05,71763.32,1775979895000
1775979897.145,297.145,0.8,0.81,0.19,0.2,0.01,0.01,71763.33,1775979896000
1775979897.496,297.496,0.83,0.9,0.16,0.17,0.07,0.01,71763.33,1775979896000
1775979897.84,297.84,0.89,0.91,0.1,0.11,0.02,0.01,71763.33,1775979896000
1775979898.182,298.182,0.91,0.92,0.08,0.09,0.01,0.01,71763.61,1775979897000
1775979898.551,298.551,0.98,0.99,0.01,0.03,0.01,0.02,71763.61,1775979897000
1775979898.886,298.886,0.99,0.99,0.01,0.01,0.0,0.0,71763.61,1775979897000
1775979899.274,299.274,0.99,0.99,0.01,0.01,0.0,0.0,71763.61,1775979897000
1775979899.721,299.721,0.99,0.99,0.01,0.01,0.0,0.0,71763.61,1775979898000
1775979900.195,300.195,0.99,0.99,0.01,0.01,0.0,0.0,71763.61,1775979898000
1775979900.531,300.531,0.99,0.99,0.01,0.01,0.0,0.0,71763.66,1775979899000

# RESULT,winner=Up,slug=btc-updown-5m-1775979600,ticks=749
