timestamp,elapsed_sec,up_bid,up_ask,down_bid,down_ask,up_spread,down_spread,btc_price,btc_oracle_ts
1776550200.504,0.504,0.53,0.54,0.47,0.48,0.01,0.01,75666.27,1776550199000
1776550200.902,0.902,0.53,0.54,0.46,0.47,0.01,0.01,75666.27,1776550199000
1776550201.599,1.599,0.53,0.54,0.46,0.47,0.01,0.01,75666.3,1776550200000
1776550202.092,2.092,0.53,0.54,0.46,0.47,0.01,0.01,75666.3,1776550200000
1776550202.434,2.434,0.52,0.53,0.47,0.48,0.01,0.01,75666.5,1776550201000
1776550203.024,3.024,0.52,0.53,0.47,0.48,0.01,0.01,75666.5,1776550201000
1776550203.379,3.379,0.52,0.53,0.47,0.48,0.01,0.01,75666.5,1776550201000
1776550203.726,3.726,0.51,0.53,0.47,0.48,0.02,0.01,75666.48,1776550202000
1776550204.109,4.109,0.52,0.53,0.47,0.48,0.01,0.01,75666.48,1776550203000
1776550204.443,4.443,0.52,0.53,0.47,0.48,0.01,0.01,75666.48,1776550203000
1776550204.86,4.86,0.52,0.54,0.47,0.48,0.02,0.01,75666.48,1776550203000
1776550205.229,5.229,0.54,0.55,0.45,0.46,0.01,0.01,75666.47,1776550204000
1776550205.605,5.605,0.55,0.56,0.44,0.45,0.01,0.01,75666.47,1776550204000
1776550205.996,5.996,0.55,0.56,0.44,0.45,0.01,0.01,75666.47,1776550204000
1776550206.367,6.367,0.56,0.57,0.43,0.44,0.01,0.01,75666.5,1776550205000
1776550206.721,6.721,0.56,0.57,0.43,0.44,0.01,0.01,75666.5,1776550205000
1776550207.166,7.166,0.56,0.57,0.43,0.44,0.01,0.01,75666.5,1776550205000
1776550207.61,7.61,0.56,0.57,0.43,0.44,0.01,0.01,75670.98,1776550206000
1776550208.025,8.025,0.56,0.57,0.43,0.44,0.01,0.01,75670.98,1776550206000
1776550208.392,8.392,0.56,0.57,0.43,0.44,0.01,0.01,75670.98,1776550206000
1776550208.844,8.844,0.56,0.57,0.43,0.44,0.01,0.01,75670.22,1776550207000
1776550209.511,9.511,0.56,0.57,0.43,0.44,0.01,0.01,75670.07,1776550208000
1776550209.954,9.954,0.56,0.57,0.43,0.44,0.01,0.01,75670.07,1776550209000
1776550210.446,10.446,0.56,0.57,0.43,0.44,0.01,0.01,75670.07,1776550209000
1776550210.931,10.931,0.56,0.57,0.43,0.44,0.01,0.01,75670.07,1776550209000
1776550211.525,11.525,0.56,0.57,0.43,0.44,0.01,0.01,75670.78,1776550210000
1776550211.891,11.891,0.56,0.57,0.43,0.44,0.01,0.01,75670.78,1776550210000
1776550212.28,12.28,0.56,0.57,0.43,0.44,0.01,0.01,75670.15,1776550211000
1776550212.713,12.713,0.56,0.57,0.43,0.44,0.01,0.01,75670.15,1776550211000
1776550213.107,13.107,0.56,0.57,0.43,0.44,0.01,0.01,75670.15,1776550211000
1776550213.513,13.513,0.56,0.57,0.43,0.44,0.01,0.01,75670.15,1776550211000
1776550213.999,13.999,0.56,0.57,0.43,0.44,0.01,0.01,75670.15,1776550212000
1776550214.44,14.44,0.56,0.57,0.43,0.44,0.01,0.01,75670.15,1776550212000
1776550214.862,14.862,0.56,0.57,0.43,0.44,0.01,0.01,75670.15,1776550213000
1776550215.227,15.227,0.56,0.57,0.43,0.44,0.01,0.01,75670.15,1776550213000
1776550216.211,16.211,0.56,0.57,0.43,0.44,0.01,0.01,75670.16,1776550215000
1776550216.556,16.556,0.56,0.57,0.43,0.44,0.01,0.01,75670.16,1776550215000
1776550216.965,16.965,0.56,0.57,0.43,0.44,0.01,0.01,75670.16,1776550215000
1776550217.527,17.527,0.56,0.57,0.43,0.44,0.01,0.01,75670.16,1776550216000
1776550217.862,17.862,0.56,0.57,0.43,0.44,0.01,0.01,75670.16,1776550216000
1776550218.236,18.236,0.56,0.57,0.43,0.44,0.01,0.01,75670.15,1776550217000
1776550218.569,18.569,0.56,0.57,0.43,0.44,0.01,0.01,75670.15,1776550217000
1776550219.118,19.118,0.56,0.57,0.43,0.44,0.01,0.01,75670.15,1776550217000
1776550219.56,19.56,0.56,0.57,0.43,0.44,0.01,0.01,75670.15,1776550217000
1776550219.908,19.908,0.56,0.57,0.43,0.45,0.01,0.02,75670.12,1776550218000
1776550220.337,20.337,0.56,0.57,0.43,0.44,0.01,0.01,75670.09,1776550219000
1776550220.688,20.688,0.56,0.57,0.43,0.44,0.01,0.01,75670.09,1776550219000
1776550221.144,21.144,0.55,0.56,0.44,0.45,0.01,0.01,75670.09,1776550219000
1776550221.595,21.595,0.55,0.56,0.44,0.45,0.01,0.01,75670.09,1776550219000
1776550222.006,22.006,0.55,0.56,0.44,0.45,0.01,0.01,75670.1,1776550220000
1776550222.345,22.345,0.55,0.56,0.44,0.45,0.01,0.01,75670.09,1776550221000
1776550222.786,22.786,0.55,0.56,0.44,0.45,0.01,0.01,75670.09,1776550221000
1776550223.149,23.149,0.55,0.56,0.44,0.45,0.01,0.01,75670.09,1776550222000
1776550223.596,23.596,0.55,0.56,0.44,0.45,0.01,0.01,75670.09,1776550222000
1776550224.102,24.102,0.55,0.56,0.44,0.45,0.01,0.01,75670.09,1776550222000
1776550224.452,24.452,0.55,0.56,0.44,0.45,0.01,0.01,75670.12,1776550223000
1776550225.514,25.514,0.55,0.56,0.44,0.45,0.01,0.01,75670.12,1776550223000
1776550225.849,25.849,0.55,0.56,0.44,0.45,0.01,0.01,75670.13,1776550224000
1776550226.537,26.537,0.55,0.56,0.44,0.45,0.01,0.01,75670.13,1776550225000
1776550227.183,27.183,0.55,0.56,0.44,0.45,0.01,0.01,75670.13,1776550225000
1776550227.598,27.598,0.55,0.56,0.44,0.45,0.01,0.01,75670.13,1776550226000
1776550228.027,28.027,0.55,0.56,0.44,0.45,0.01,0.01,75670.13,1776550226000
1776550228.417,28.417,0.55,0.56,0.44,0.45,0.01,0.01,75670.13,1776550227000
1776550228.776,28.776,0.56,0.57,0.43,0.44,0.01,0.01,75670.13,1776550227000
1776550229.477,29.477,0.56,0.57,0.43,0.44,0.01,0.01,75670.13,1776550227000
1776550230.014,30.014,0.56,0.57,0.43,0.44,0.01,0.01,75670.11,1776550228000
1776550230.434,30.434,0.56,0.57,0.43,0.44,0.01,0.01,75670.09,1776550229000
1776550230.904,30.904,0.56,0.57,0.43,0.44,0.01,0.01,75670.09,1776550229000
1776550231.288,31.288,0.56,0.57,0.43,0.44,0.01,0.01,75670.09,1776550229000
1776550231.65,31.65,0.56,0.57,0.43,0.44,0.01,0.01,75670.09,1776550230000
1776550232.186,32.186,0.56,0.57,0.43,0.44,0.01,0.01,75670.09,1776550230000
1776550232.587,32.587,0.56,0.57,0.43,0.44,0.01,0.01,75670.09,1776550231000
1776550233.194,33.194,0.56,0.57,0.43,0.44,0.01,0.01,75667.44,1776550232000
1776550233.726,33.726,0.56,0.57,0.43,0.44,0.01,0.01,75667.44,1776550232000
1776550234.1,34.1,0.55,0.57,0.43,0.44,0.02,0.01,75667.44,1776550232000
1776550234.491,34.491,0.55,0.56,0.43,0.45,0.01,0.02,75667.44,1776550232000
1776550235.12,35.12,0.55,0.56,0.44,0.45,0.01,0.01,75670.09,1776550233000
1776550235.55,35.55,0.55,0.56,0.44,0.45,0.01,0.01,75670.1,1776550234000
1776550236.056,36.056,0.55,0.56,0.44,0.45,0.01,0.01,75670.1,1776550234000
1776550236.528,36.528,0.55,0.56,0.44,0.45,0.01,0.01,75670.1,1776550234000
1776550237.147,37.147,0.55,0.56,0.44,0.45,0.01,0.01,75670.47,1776550235000
1776550237.65,37.65,0.55,0.56,0.44,0.45,0.01,0.01,75670.48,1776550236000
1776550238.334,38.334,0.55,0.56,0.44,0.45,0.01,0.01,75670.48,1776550236000
1776550238.862,38.862,0.55,0.56,0.44,0.45,0.01,0.01,75670.46,1776550237000
1776550239.29,39.29,0.54,0.55,0.44,0.46,0.01,0.02,75670.46,1776550237000
1776550239.705,39.705,0.54,0.55,0.45,0.46,0.01,0.01,75670.45,1776550238000
1776550240.21,40.21,0.54,0.55,0.45,0.46,0.01,0.01,75670.32,1776550239000
1776550240.678,40.678,0.54,0.55,0.45,0.46,0.01,0.01,75670.32,1776550239000
1776550241.028,41.028,0.54,0.55,0.45,0.46,0.01,0.01,75670.32,1776550239000
1776550241.509,41.509,0.54,0.55,0.45,0.46,0.01,0.01,75670.32,1776550239000
1776550242.303,42.303,0.54,0.55,0.45,0.46,0.01,0.01,75670.32,1776550240000
1776550242.903,42.903,0.54,0.55,0.45,0.46,0.01,0.01,75670.32,1776550241000
1776550243.371,43.371,0.54,0.55,0.45,0.46,0.01,0.01,75670.32,1776550241000
1776550243.831,43.831,0.54,0.55,0.45,0.46,0.01,0.01,75670.32,1776550241000
1776550244.353,44.353,0.54,0.55,0.45,0.46,0.01,0.01,75670.32,1776550242000
1776550244.753,44.753,0.54,0.55,0.45,0.46,0.01,0.01,75670.32,1776550242000
1776550245.675,45.675,0.54,0.55,0.45,0.46,0.01,0.01,75670.32,1776550244000
1776550246.385,46.385,0.54,0.55,0.45,0.46,0.01,0.01,75670.31,1776550245000
1776550247.132,47.132,0.54,0.55,0.45,0.46,0.01,0.01,75670.31,1776550245000
1776550247.591,47.591,0.55,0.56,0.44,0.46,0.01,0.02,75670.32,1776550246000
1776550247.936,47.936,0.55,0.57,0.44,0.45,0.02,0.01,75670.32,1776550246000
1776550248.281,48.281,0.56,0.57,0.43,0.44,0.01,0.01,75670.32,1776550246000
1776550248.723,48.723,0.56,0.57,0.43,0.44,0.01,0.01,75670.41,1776550247000
1776550249.118,49.118,0.56,0.57,0.43,0.44,0.01,0.01,75670.41,1776550247000
1776550249.493,49.493,0.56,0.57,0.43,0.44,0.01,0.01,75670.41,1776550248000
1776550249.853,49.853,0.56,0.57,0.43,0.44,0.01,0.01,75670.41,1776550248000
1776550250.577,50.577,0.56,0.57,0.43,0.44,0.01,0.01,75670.41,1776550248000
1776550250.938,50.938,0.56,0.57,0.43,0.44,0.01,0.01,75670.5,1776550249000
1776550251.579,51.579,0.56,0.57,0.43,0.44,0.01,0.01,75670.5,1776550250000
1776550251.917,51.917,0.56,0.57,0.43,0.44,0.01,0.01,75670.5,1776550250000
1776550252.417,52.417,0.56,0.57,0.43,0.44,0.01,0.01,75670.5,1776550250000
1776550252.921,52.921,0.56,0.57,0.43,0.44,0.01,0.01,75670.5,1776550251000
1776550253.557,53.557,0.56,0.57,0.43,0.44,0.01,0.01,75670.51,1776550252000
1776550253.907,53.907,0.56,0.57,0.43,0.44,0.01,0.01,75670.51,1776550252000
1776550254.271,54.271,0.56,0.57,0.43,0.44,0.01,0.01,75670.51,1776550252000
1776550255.303,55.303,0.56,0.58,0.43,0.44,0.02,0.01,75670.52,1776550253000
1776550255.856,55.856,0.56,0.57,0.43,0.44,0.01,0.01,75670.52,1776550254000
1776550256.542,56.542,0.56,0.58,0.43,0.44,0.02,0.01,75670.51,1776550255000
1776550257.2,57.2,0.57,0.58,0.42,0.43,0.01,0.01,75670.51,1776550256000
1776550257.609,57.609,0.57,0.58,0.42,0.43,0.01,0.01,75670.51,1776550256000
1776550258.351,58.351,0.57,0.58,0.42,0.43,0.01,0.01,75670.54,1776550257000
1776550258.885,58.885,0.57,0.58,0.42,0.43,0.01,0.01,75670.58,1776550258000
1776550259.306,59.306,0.57,0.58,0.42,0.43,0.01,0.01,75670.58,1776550258000
1776550259.817,59.817,0.57,0.58,0.42,0.43,0.01,0.01,75670.58,1776550258000
1776550260.526,60.526,0.57,0.58,0.42,0.43,0.01,0.01,75670.58,1776550259000
1776550260.913,60.913,0.57,0.58,0.42,0.43,0.01,0.01,75670.58,1776550259000
1776550261.259,61.259,0.57,0.58,0.42,0.43,0.01,0.01,75670.58,1776550259000
1776550261.609,61.609,0.57,0.58,0.42,0.43,0.01,0.01,75670.59,1776550260000
1776550261.975,61.975,0.57,0.58,0.42,0.43,0.01,0.01,75671.34,1776550261000
1776550262.315,62.315,0.57,0.58,0.42,0.43,0.01,0.01,75671.34,1776550261000
1776550263.024,63.024,0.57,0.59,0.42,0.43,0.02,0.01,75671.34,1776550261000
1776550263.57,63.57,0.58,0.59,0.41,0.43,0.01,0.02,75671.35,1776550262000
1776550264.138,64.138,0.58,0.59,0.41,0.42,0.01,0.01,75671.35,1776550262000
1776550264.545,64.545,0.58,0.59,0.41,0.42,0.01,0.01,75672.76,1776550263000
1776550264.881,64.881,0.58,0.6,0.41,0.42,0.02,0.01,75672.76,1776550263000
1776550265.231,65.231,0.59,0.6,0.4,0.41,0.01,0.01,75672.76,1776550263000
1776550265.582,65.582,0.59,0.6,0.4,0.41,0.01,0.01,75672.76,1776550263000
1776550265.928,65.928,0.59,0.6,0.4,0.41,0.01,0.01,75672.76,1776550263000
1776550266.295,66.295,0.59,0.6,0.4,0.41,0.01,0.01,75672.79,1776550264000
1776550266.632,66.632,0.59,0.6,0.4,0.41,0.01,0.01,75673.66,1776550265000
1776550266.978,66.978,0.59,0.6,0.4,0.41,0.01,0.01,75673.66,1776550265000
1776550267.502,67.502,0.59,0.6,0.4,0.41,0.01,0.01,75674.14,1776550266000
1776550268.114,68.114,0.59,0.6,0.4,0.41,0.01,0.01,75674.14,1776550266000
1776550268.654,68.654,0.59,0.6,0.4,0.41,0.01,0.01,75675.05,1776550267000
1776550269.133,69.133,0.59,0.6,0.4,0.41,0.01,0.01,75675.13,1776550268000
1776550269.845,69.845,0.6,0.61,0.39,0.41,0.01,0.02,75675.13,1776550268000
1776550270.218,70.218,0.6,0.61,0.39,0.4,0.01,0.01,75675.15,1776550269000
1776550270.706,70.706,0.6,0.61,0.39,0.4,0.01,0.01,75675.15,1776550269000
1776550271.103,71.103,0.6,0.61,0.39,0.4,0.01,0.01,75675.15,1776550269000
1776550271.454,71.454,0.6,0.61,0.39,0.4,0.01,0.01,75675.17,1776550270000
1776550271.922,71.922,0.6,0.61,0.39,0.4,0.01,0.01,75675.17,1776550271000
1776550272.624,72.624,0.6,0.61,0.39,0.4,0.01,0.01,75675.17,1776550271000
1776550273.805,73.805,0.61,0.62,0.38,0.4,0.01,0.02,75675.18,1776550272000
1776550274.145,74.145,0.61,0.62,0.38,0.39,0.01,0.01,75675.75,1776550273000
1776550274.584,74.584,0.61,0.62,0.38,0.39,0.01,0.01,75675.75,1776550273000
1776550274.928,74.928,0.61,0.62,0.38,0.39,0.01,0.01,75675.75,1776550273000
1776550275.354,75.354,0.61,0.62,0.38,0.39,0.01,0.01,75675.78,1776550274000
1776550276.439,76.439,0.61,0.62,0.38,0.39,0.01,0.01,75675.78,1776550274000
1776550277.121,77.121,0.61,0.62,0.38,0.39,0.01,0.01,75675.85,1776550275000
1776550277.49,77.49,0.61,0.62,0.38,0.39,0.01,0.01,75675.94,1776550276000
1776550277.919,77.919,0.61,0.62,0.38,0.39,0.01,0.01,75675.94,1776550276000
1776550279.084,79.084,0.61,0.62,0.38,0.39,0.01,0.01,75675.94,1776550278000
1776550279.953,79.953,0.61,0.62,0.38,0.39,0.01,0.01,75675.94,1776550278000
1776550280.293,80.293,0.61,0.62,0.38,0.39,0.01,0.01,75675.94,1776550279000
1776550280.668,80.668,0.61,0.62,0.38,0.39,0.01,0.01,75675.94,1776550279000
1776550281.08,81.08,0.53,0.55,0.45,0.46,0.02,0.01,75675.94,1776550279000
1776550281.525,81.525,0.54,0.55,0.45,0.47,0.01,0.02,75675.94,1776550280000
1776550281.902,81.902,0.54,0.55,0.45,0.46,0.01,0.01,75675.94,1776550280000
1776550282.272,82.272,0.54,0.55,0.45,0.46,0.01,0.01,75675.94,1776550280000
1776550282.779,82.779,0.54,0.55,0.45,0.46,0.01,0.01,75671.61,1776550281000
1776550283.527,83.527,0.54,0.55,0.45,0.46,0.01,0.01,75671.61,1776550281000
1776550283.952,83.952,0.54,0.55,0.45,0.46,0.01,0.01,75671.63,1776550282000
1776550284.306,84.306,0.54,0.55,0.45,0.46,0.01,0.01,75671.63,1776550282000
1776550284.975,84.975,0.54,0.55,0.45,0.46,0.01,0.01,75671.71,1776550284000
1776550285.909,85.909,0.54,0.55,0.45,0.46,0.01,0.01,75671.71,1776550284000
1776550286.254,86.254,0.54,0.55,0.45,0.46,0.01,0.01,75671.7,1776550285000
1776550286.704,86.704,0.54,0.55,0.45,0.46,0.01,0.01,75671.7,1776550285000
1776550287.147,87.147,0.54,0.55,0.45,0.46,0.01,0.01,75671.7,1776550286000
1776550287.59,87.59,0.54,0.55,0.45,0.46,0.01,0.01,75671.7,1776550286000
1776550288.045,88.045,0.54,0.55,0.45,0.46,0.01,0.01,75671.71,1776550287000
1776550289.011,89.011,0.54,0.55,0.45,0.46,0.01,0.01,75671.72,1776550288000
1776550289.44,89.44,0.54,0.55,0.45,0.46,0.01,0.01,75671.72,1776550288000
1776550289.829,89.829,0.54,0.55,0.45,0.46,0.01,0.01,75671.72,1776550288000
1776550290.221,90.221,0.54,0.55,0.45,0.46,0.01,0.01,75671.72,1776550289000
1776550290.574,90.574,0.54,0.55,0.45,0.46,0.01,0.01,75671.72,1776550289000
1776550291.012,91.012,0.55,0.56,0.44,0.45,0.01,0.01,75671.7,1776550290000
1776550291.514,91.514,0.55,0.56,0.44,0.45,0.01,0.01,75671.7,1776550290000
1776550291.966,91.966,0.55,0.56,0.44,0.45,0.01,0.01,75671.7,1776550290000
1776550292.421,92.421,0.55,0.56,0.44,0.45,0.01,0.01,75671.7,1776550291000
1776550292.858,92.858,0.55,0.56,0.44,0.45,0.01,0.01,75671.7,1776550291000
1776550293.317,93.317,0.55,0.56,0.44,0.45,0.01,0.01,75671.7,1776550291000
1776550293.725,93.725,0.55,0.56,0.44,0.45,0.01,0.01,75671.69,1776550292000
1776550294.168,94.168,0.55,0.56,0.44,0.45,0.01,0.01,75671.69,1776550292000
1776550294.803,94.803,0.55,0.56,0.44,0.45,0.01,0.01,75671.69,1776550293000
1776550295.573,95.573,0.55,0.56,0.44,0.45,0.01,0.01,75671.67,1776550294000
1776550295.929,95.929,0.55,0.56,0.44,0.45,0.01,0.01,75671.83,1776550295000
1776550296.482,96.482,0.55,0.56,0.44,0.45,0.01,0.01,75671.83,1776550295000
1776550296.941,96.941,0.55,0.56,0.44,0.45,0.01,0.01,75671.86,1776550296000
1776550297.509,97.509,0.53,0.54,0.44,0.48,0.01,0.04,75671.86,1776550296000
1776550297.844,97.844,0.52,0.54,0.46,0.47,0.02,0.01,75671.86,1776550296000
1776550298.252,98.252,0.52,0.53,0.47,0.48,0.01,0.01,75671.87,1776550297000
1776550298.667,98.667,0.52,0.53,0.47,0.48,0.01,0.01,75671.87,1776550297000
1776550299.484,99.484,0.52,0.53,0.47,0.48,0.01,0.01,75671.38,1776550298000
1776550299.927,99.927,0.52,0.53,0.47,0.48,0.01,0.01,75671.38,1776550298000
1776550300.418,100.418,0.52,0.53,0.47,0.48,0.01,0.01,75670.8,1776550299000
1776550300.778,100.778,0.52,0.53,0.47,0.48,0.01,0.01,75670.8,1776550299000
1776550301.158,101.158,0.52,0.53,0.47,0.48,0.01,0.01,75670.8,1776550299000
1776550301.528,101.528,0.52,0.53,0.47,0.48,0.01,0.01,75670.14,1776550300000
1776550302.32,102.32,0.52,0.53,0.47,0.48,0.01,0.01,75670.14,1776550301000
1776550302.833,102.833,0.52,0.53,0.47,0.48,0.01,0.01,75670.14,1776550301000
1776550303.286,103.286,0.53,0.54,0.46,0.47,0.01,0.01,75670.18,1776550302000
1776550303.664,103.664,0.53,0.54,0.46,0.47,0.01,0.01,75670.18,1776550302000
1776550304.045,104.045,0.53,0.54,0.46,0.47,0.01,0.01,75670.18,1776550302000
1776550304.97,104.97,0.53,0.54,0.46,0.47,0.01,0.01,75671.3,1776550303000
1776550305.346,105.346,0.53,0.54,0.46,0.47,0.01,0.01,75671.3,1776550303000
1776550305.965,105.965,0.53,0.54,0.46,0.47,0.01,0.01,75671.19,1776550304000
1776550306.443,106.443,0.53,0.54,0.46,0.47,0.01,0.01,75671.19,1776550305000
1776550306.924,106.924,0.53,0.54,0.46,0.47,0.01,0.01,75671.19,1776550305000
1776550307.29,107.29,0.53,0.54,0.46,0.47,0.01,0.01,75671.24,1776550306000
1776550307.709,107.709,0.53,0.54,0.46,0.47,0.01,0.01,75671.24,1776550306000
1776550308.352,108.352,0.53,0.54,0.46,0.47,0.01,0.01,75671.24,1776550306000
1776550309.097,109.097,0.53,0.54,0.46,0.47,0.01,0.01,75671.03,1776550308000
1776550309.663,109.663,0.55,0.56,0.44,0.45,0.01,0.01,75671.03,1776550308000
1776550310.017,110.017,0.55,0.56,0.44,0.45,0.01,0.01,75671.03,1776550309000
1776550310.605,110.605,0.56,0.57,0.43,0.44,0.01,0.01,75671.03,1776550309000
1776550310.989,110.989,0.56,0.57,0.43,0.44,0.01,0.01,75671.03,1776550309000
1776550311.8,111.8,0.56,0.57,0.43,0.44,0.01,0.01,75671.08,1776550310000
1776550312.333,112.333,0.56,0.57,0.43,0.44,0.01,0.01,75671.69,1776550311000
1776550312.784,112.784,0.56,0.57,0.43,0.44,0.01,0.01,75671.69,1776550311000
1776550313.574,113.574,0.56,0.57,0.43,0.44,0.01,0.01,75671.69,1776550311000
1776550313.913,113.913,0.56,0.57,0.43,0.44,0.01,0.01,75672.13,1776550312000
1776550314.661,114.661,0.56,0.57,0.43,0.44,0.01,0.01,75672.11,1776550313000
1776550315.103,115.103,0.56,0.57,0.43,0.44,0.01,0.01,75672.13,1776550314000
1776550315.5,115.5,0.56,0.57,0.43,0.44,0.01,0.01,75672.13,1776550314000
1776550316.293,116.293,0.57,0.58,0.42,0.43,0.01,0.01,75672.13,1776550315000
1776550316.876,116.876,0.57,0.58,0.42,0.43,0.01,0.01,75672.13,1776550315000
1776550317.226,117.226,0.57,0.58,0.42,0.43,0.01,0.01,75672.13,1776550315000
1776550317.903,117.903,0.57,0.58,0.42,0.43,0.01,0.01,75672.12,1776550316000
1776550318.239,118.239,0.57,0.58,0.42,0.43,0.01,0.01,75672.11,1776550317000
1776550318.699,118.699,0.57,0.58,0.42,0.43,0.01,0.01,75672.11,1776550317000
1776550319.141,119.141,0.57,0.59,0.42,0.43,0.02,0.01,75672.11,1776550317000
1776550319.488,119.488,0.58,0.59,0.41,0.42,0.01,0.01,75672.11,1776550318000
1776550319.863,119.863,0.58,0.59,0.41,0.42,0.01,0.01,75672.11,1776550318000
1776550320.198,120.198,0.58,0.59,0.41,0.42,0.01,0.01,75672.11,1776550318000
1776550320.536,120.536,0.58,0.59,0.41,0.42,0.01,0.01,75672.11,1776550319000
1776550321.025,121.025,0.58,0.59,0.41,0.42,0.01,0.01,75672.11,1776550319000
1776550321.722,121.722,0.58,0.59,0.41,0.42,0.01,0.01,75672.37,1776550320000
1776550322.389,122.389,0.58,0.59,0.41,0.42,0.01,0.01,75672.37,1776550320000
1776550322.737,122.737,0.57,0.58,0.42,0.43,0.01,0.01,75672.45,1776550321000
1776550323.148,123.148,0.56,0.57,0.43,0.44,0.01,0.01,75672.45,1776550321000
1776550323.491,123.491,0.56,0.57,0.43,0.44,0.01,0.01,75672.48,1776550322000
1776550323.836,123.836,0.55,0.57,0.43,0.44,0.02,0.01,75672.48,1776550322000
1776550324.18,124.18,0.53,0.54,0.46,0.47,0.01,0.01,75672.48,1776550322000
1776550324.52,124.52,0.52,0.53,0.47,0.48,0.01,0.01,75672.47,1776550323000
1776550325.088,125.088,0.52,0.53,0.47,0.48,0.01,0.01,75672.47,1776550323000
1776550325.974,125.974,0.52,0.53,0.47,0.48,0.01,0.01,75670.32,1776550325000
1776550326.313,126.313,0.51,0.52,0.48,0.49,0.01,0.01,75670.32,1776550325000
1776550326.717,126.717,0.5,0.51,0.49,0.5,0.01,0.01,75670.32,1776550325000
1776550327.06,127.06,0.5,0.51,0.49,0.5,0.01,0.01,75670.2,1776550326000
1776550327.535,127.535,0.5,0.51,0.49,0.5,0.01,0.01,75670.2,1776550326000
1776550327.955,127.955,0.5,0.51,0.49,0.5,0.01,0.01,75670.2,1776550326000
1776550328.53,128.53,0.5,0.51,0.49,0.5,0.01,0.01,75670.13,1776550327000
1776550329.037,129.037,0.5,0.51,0.49,0.5,0.01,0.01,75670.13,1776550327000
1776550329.4,129.4,0.5,0.51,0.49,0.5,0.01,0.01,75670.16,1776550328000
1776550329.903,129.903,0.5,0.51,0.49,0.5,0.01,0.01,75670.16,1776550328000
1776550330.293,130.293,0.5,0.51,0.49,0.5,0.01,0.01,75670.16,1776550328000
1776550330.64,130.64,0.5,0.51,0.49,0.5,0.01,0.01,75670.17,1776550329000
1776550331.304,131.304,0.5,0.51,0.49,0.5,0.01,0.01,75670.17,1776550330000
1776550331.892,131.892,0.5,0.51,0.49,0.5,0.01,0.01,75670.17,1776550330000
1776550332.372,132.372,0.5,0.51,0.49,0.5,0.01,0.01,75670.18,1776550331000
1776550333.009,133.009,0.5,0.51,0.49,0.5,0.01,0.01,75670.18,1776550331000
1776550333.401,133.401,0.5,0.51,0.49,0.5,0.01,0.01,75670.08,1776550332000
1776550333.89,133.89,0.5,0.51,0.49,0.5,0.01,0.01,75670.08,1776550332000
1776550334.77,134.77,0.5,0.51,0.49,0.5,0.01,0.01,75670.08,1776550333000
1776550335.219,135.219,0.5,0.51,0.49,0.5,0.01,0.01,75670.13,1776550334000
1776550335.979,135.979,0.5,0.51,0.49,0.5,0.01,0.01,75670.13,1776550334000
1776550336.429,136.429,0.5,0.51,0.49,0.5,0.01,0.01,75670.13,1776550335000
1776550336.78,136.78,0.5,0.51,0.49,0.5,0.01,0.01,75670.13,1776550335000
1776550337.18,137.18,0.5,0.51,0.49,0.5,0.01,0.01,75670.13,1776550335000
1776550337.788,137.788,0.5,0.51,0.49,0.5,0.01,0.01,75670.13,1776550335000
1776550338.24,138.24,0.5,0.51,0.49,0.5,0.01,0.01,75669.62,1776550336000
1776550338.824,138.824,0.5,0.51,0.49,0.5,0.01,0.01,75669.13,1776550337000
1776550339.333,139.333,0.5,0.51,0.49,0.5,0.01,0.01,75668.62,1776550338000
1776550339.899,139.899,0.5,0.51,0.49,0.5,0.01,0.01,75668.62,1776550338000
1776550340.285,140.285,0.5,0.51,0.49,0.5,0.01,0.01,75668.62,1776550339000
1776550340.645,140.645,0.5,0.51,0.49,0.5,0.01,0.01,75668.62,1776550339000
1776550341.199,141.199,0.5,0.51,0.49,0.5,0.01,0.01,75668.62,1776550339000
1776550341.645,141.645,0.5,0.51,0.49,0.5,0.01,0.01,75668.41,1776550340000
1776550341.988,141.988,0.5,0.51,0.49,0.5,0.01,0.01,75668.41,1776550340000
1776550342.527,142.527,0.5,0.51,0.49,0.5,0.01,0.01,75668.89,1776550341000
1776550342.918,142.918,0.5,0.51,0.49,0.5,0.01,0.01,75668.89,1776550341000
1776550343.425,143.425,0.51,0.53,0.48,0.5,0.02,0.02,75668.89,1776550342000
1776550343.789,143.789,0.59,0.62,0.38,0.41,0.03,0.03,75668.89,1776550342000
1776550344.124,144.124,0.62,0.65,0.34,0.38,0.03,0.04,75668.89,1776550342000
1776550344.473,144.473,0.64,0.65,0.35,0.36,0.01,0.01,75669.17,1776550343000
1776550344.844,144.844,0.65,0.66,0.34,0.35,0.01,0.01,75669.17,1776550343000
1776550345.177,145.177,0.66,0.67,0.33,0.34,0.01,0.01,75669.17,1776550343000
1776550345.605,145.605,0.68,0.69,0.31,0.33,0.01,0.02,75672.41,1776550344000
1776550346.181,146.181,0.68,0.69,0.31,0.32,0.01,0.01,75672.41,1776550344000
1776550346.714,146.714,0.68,0.69,0.31,0.32,0.01,0.01,75674.67,1776550345000
1776550347.047,147.047,0.79,0.86,0.15,0.23,0.07,0.08,75674.67,1776550345000
1776550347.381,147.381,0.8,0.81,0.14,0.22,0.01,0.08,75679.5,1776550346000
1776550347.758,147.758,0.81,0.83,0.17,0.19,0.02,0.02,75679.5,1776550346000
1776550348.13,148.13,0.83,0.84,0.16,0.18,0.01,0.02,75679.5,1776550346000
1776550348.469,148.469,0.83,0.84,0.16,0.17,0.01,0.01,75679.5,1776550346000
1776550348.836,148.836,0.83,0.84,0.16,0.17,0.01,0.01,75692.85,1776550347000
1776550349.178,149.178,0.83,0.84,0.16,0.17,0.01,0.01,75692.85,1776550347000
1776550349.518,149.518,0.83,0.84,0.16,0.17,0.01,0.01,75697.07,1776550348000
1776550349.874,149.874,0.84,0.85,0.15,0.16,0.01,0.01,75697.07,1776550348000
1776550350.288,150.288,0.84,0.85,0.15,0.16,0.01,0.01,75699.9,1776550349000
1776550350.685,150.685,0.84,0.85,0.15,0.16,0.01,0.01,75699.9,1776550349000
1776550351.115,151.115,0.84,0.85,0.15,0.16,0.01,0.01,75699.9,1776550349000
1776550351.515,151.515,0.84,0.85,0.14,0.16,0.01,0.02,75699.9,1776550349000
1776550351.948,151.948,0.85,0.86,0.13,0.15,0.01,0.02,75700.68,1776550350000
1776550352.329,152.329,0.86,0.87,0.13,0.14,0.01,0.01,75700.68,1776550350000
1776550352.73,152.73,0.86,0.87,0.13,0.14,0.01,0.01,75700.68,1776550350000
1776550353.136,153.136,0.86,0.87,0.13,0.14,0.01,0.01,75700.71,1776550351000
1776550353.562,153.562,0.86,0.87,0.13,0.14,0.01,0.01,75700.71,1776550352000
1776550353.903,153.903,0.86,0.87,0.13,0.14,0.01,0.01,75700.71,1776550352000
1776550354.237,154.237,0.86,0.87,0.13,0.14,0.01,0.01,75700.71,1776550353000
1776550354.638,154.638,0.86,0.87,0.13,0.14,0.01,0.01,75700.71,1776550353000
1776550354.995,154.995,0.86,0.87,0.13,0.14,0.01,0.01,75700.71,1776550353000
1776550355.336,155.336,0.86,0.87,0.13,0.14,0.01,0.01,75700.81,1776550354000
1776550355.721,155.721,0.86,0.87,0.13,0.14,0.01,0.01,75700.81,1776550354000
1776550356.091,156.091,0.86,0.87,0.13,0.14,0.01,0.01,75700.81,1776550354000
1776550356.54,156.54,0.86,0.87,0.13,0.14,0.01,0.01,75701.12,1776550355000
1776550356.961,156.961,0.86,0.87,0.13,0.14,0.01,0.01,75701.13,1776550356000
1776550357.304,157.304,0.86,0.87,0.13,0.14,0.01,0.01,75701.13,1776550356000
1776550357.707,157.707,0.86,0.87,0.13,0.14,0.01,0.01,75701.13,1776550356000
1776550358.464,158.464,0.85,0.87,0.13,0.14,0.02,0.01,75701.15,1776550357000
1776550359.306,159.306,0.85,0.87,0.13,0.15,0.02,0.02,75701.24,1776550358000
1776550359.653,159.653,0.85,0.86,0.13,0.15,0.01,0.02,75701.24,1776550358000
1776550360.046,160.046,0.85,0.86,0.14,0.15,0.01,0.01,75701.24,1776550358000
1776550360.63,160.63,0.85,0.86,0.14,0.15,0.01,0.01,75701.23,1776550359000
1776550360.998,160.998,0.85,0.86,0.14,0.15,0.01,0.01,75701.23,1776550359000
1776550361.334,161.334,0.85,0.86,0.14,0.15,0.01,0.01,75701.24,1776550360000
1776550361.756,161.756,0.85,0.86,0.14,0.15,0.01,0.01,75701.24,1776550360000
1776550362.552,162.552,0.85,0.86,0.14,0.15,0.01,0.01,75701.24,1776550360000
1776550362.897,162.897,0.85,0.86,0.14,0.15,0.01,0.01,75701.22,1776550361000
1776550363.268,163.268,0.85,0.86,0.14,0.15,0.01,0.01,75701.22,1776550362000
1776550363.775,163.775,0.85,0.86,0.14,0.15,0.01,0.01,75701.22,1776550362000
1776550364.213,164.213,0.85,0.86,0.14,0.15,0.01,0.01,75701.2,1776550363000
1776550364.66,164.66,0.86,0.87,0.13,0.14,0.01,0.01,75701.2,1776550363000
1776550365.007,165.007,0.86,0.87,0.13,0.14,0.01,0.01,75701.2,1776550363000
1776550365.477,165.477,0.86,0.87,0.13,0.14,0.01,0.01,75701.21,1776550364000
1776550366.438,166.438,0.86,0.87,0.13,0.14,0.01,0.01,75701.21,1776550365000
1776550367.042,167.042,0.86,0.87,0.13,0.14,0.01,0.01,75701.21,1776550365000
1776550367.424,167.424,0.86,0.87,0.13,0.14,0.01,0.01,75701.22,1776550366000
1776550367.809,167.809,0.86,0.87,0.13,0.14,0.01,0.01,75701.22,1776550366000
1776550368.144,168.144,0.86,0.87,0.13,0.14,0.01,0.01,75701.22,1776550366000
1776550368.483,168.483,0.86,0.87,0.13,0.14,0.01,0.01,75701.22,1776550366000
1776550368.903,168.903,0.86,0.87,0.13,0.14,0.01,0.01,75701.31,1776550368000
1776550369.246,169.246,0.86,0.88,0.12,0.14,0.02,0.02,75701.31,1776550368000
1776550369.828,169.828,0.86,0.88,0.13,0.14,0.02,0.01,75701.31,1776550368000
1776550370.701,170.701,0.88,0.89,0.11,0.12,0.01,0.01,75706.05,1776550369000
1776550371.049,171.049,0.88,0.89,0.11,0.12,0.01,0.01,75701.31,1776550370000
1776550371.439,171.439,0.88,0.89,0.11,0.12,0.01,0.01,75701.31,1776550370000
1776550371.843,171.843,0.88,0.89,0.11,0.12,0.01,0.01,75701.31,1776550370000
1776550372.31,172.31,0.88,0.89,0.11,0.12,0.01,0.01,75701.31,1776550371000
1776550372.784,172.784,0.89,0.9,0.1,0.12,0.01,0.02,75701.31,1776550371000
1776550373.176,173.176,0.89,0.9,0.1,0.11,0.01,0.01,75701.32,1776550372000
1776550373.538,173.538,0.89,0.9,0.1,0.11,0.01,0.01,75701.32,1776550372000
1776550373.965,173.965,0.89,0.9,0.1,0.11,0.01,0.01,75701.31,1776550373000
1776550374.538,174.538,0.89,0.9,0.1,0.11,0.01,0.01,75701.31,1776550373000
1776550375.033,175.033,0.89,0.9,0.1,0.11,0.01,0.01,75701.49,1776550374000
1776550376.042,176.042,0.89,0.9,0.1,0.11,0.01,0.01,75701.49,1776550375000
1776550376.72,176.72,0.89,0.9,0.09,0.11,0.01,0.02,75701.49,1776550375000
1776550377.285,177.285,0.89,0.91,0.1,0.11,0.02,0.01,75701.84,1776550376000
1776550378.003,178.003,0.9,0.91,0.09,0.1,0.01,0.01,75701.84,1776550377000
1776550378.383,178.383,0.9,0.91,0.09,0.1,0.01,0.01,75701.84,1776550377000
1776550378.754,178.754,0.9,0.91,0.09,0.1,0.01,0.01,75701.84,1776550377000
1776550379.308,179.308,0.9,0.91,0.09,0.1,0.01,0.01,75701.98,1776550378000
1776550379.806,179.806,0.89,0.9,0.1,0.11,0.01,0.01,75701.98,1776550378000
1776550380.396,180.396,0.89,0.9,0.1,0.11,0.01,0.01,75701.98,1776550378000
1776550380.732,180.732,0.89,0.9,0.1,0.11,0.01,0.01,75701.98,1776550378000
1776550381.105,181.105,0.89,0.9,0.1,0.11,0.01,0.01,75702.0,1776550379000
1776550381.463,181.463,0.89,0.9,0.1,0.11,0.01,0.01,75701.98,1776550380000
1776550381.895,181.895,0.89,0.9,0.1,0.11,0.01,0.01,75701.98,1776550380000
1776550383.282,183.282,0.89,0.9,0.1,0.11,0.01,0.01,75699.74,1776550382000
1776550384.565,184.565,0.89,0.9,0.1,0.11,0.01,0.01,75696.13,1776550383000
1776550385.109,185.109,0.89,0.9,0.1,0.11,0.01,0.01,75692.98,1776550384000
1776550385.616,185.616,0.89,0.9,0.1,0.11,0.01,0.01,75692.98,1776550384000
1776550386.028,186.028,0.89,0.9,0.1,0.11,0.01,0.01,75692.98,1776550384000
1776550386.673,186.673,0.84,0.9,0.1,0.14,0.06,0.04,75692.79,1776550385000
1776550387.175,187.175,0.81,0.84,0.16,0.19,0.03,0.03,75692.79,1776550385000
1776550387.625,187.625,0.81,0.84,0.16,0.19,0.03,0.03,75691.79,1776550386000
1776550387.961,187.961,0.81,0.86,0.14,0.19,0.05,0.05,75691.79,1776550386000
1776550388.305,188.305,0.8,0.84,0.16,0.2,0.04,0.04,75691.33,1776550387000
1776550388.807,188.807,0.83,0.84,0.16,0.17,0.01,0.01,75691.33,1776550387000
1776550389.206,189.206,0.83,0.84,0.16,0.17,0.01,0.01,75691.33,1776550387000
1776550390.096,190.096,0.83,0.84,0.16,0.17,0.01,0.01,75694.98,1776550388000
1776550390.601,190.601,0.83,0.84,0.16,0.17,0.01,0.01,75694.55,1776550389000
1776550390.986,190.986,0.83,0.84,0.16,0.17,0.01,0.01,75694.55,1776550390000
1776550391.627,191.627,0.83,0.84,0.16,0.17,0.01,0.01,75694.55,1776550390000
1776550392.139,192.139,0.83,0.84,0.16,0.17,0.01,0.01,75694.55,1776550390000
1776550393.079,193.079,0.83,0.84,0.16,0.17,0.01,0.01,75695,1776550391000
1776550393.434,193.434,0.82,0.84,0.16,0.17,0.02,0.01,75695.01,1776550392000
1776550393.935,193.935,0.83,0.84,0.16,0.18,0.01,0.02,75695.01,1776550392000
1776550394.373,194.373,0.82,0.83,0.16,0.18,0.01,0.02,75695.01,1776550393000
1776550395.159,195.159,0.82,0.83,0.17,0.18,0.01,0.01,75695.32,1776550394000
1776550395.547,195.547,0.82,0.83,0.17,0.18,0.01,0.01,75695.32,1776550394000
1776550395.885,195.885,0.82,0.83,0.17,0.18,0.01,0.01,75695.32,1776550394000
1776550396.338,196.338,0.82,0.83,0.17,0.18,0.01,0.01,75694.8,1776550395000
1776550396.686,196.686,0.82,0.83,0.17,0.18,0.01,0.01,75694.8,1776550395000
1776550397.055,197.055,0.82,0.83,0.17,0.18,0.01,0.01,75694.8,1776550395000
1776550397.466,197.466,0.82,0.83,0.17,0.18,0.01,0.01,75694.8,1776550395000
1776550397.942,197.942,0.82,0.83,0.17,0.18,0.01,0.01,75695.32,1776550396000
1776550398.288,198.288,0.82,0.83,0.17,0.18,0.01,0.01,75694.64,1776550397000
1776550398.724,198.724,0.83,0.84,0.16,0.17,0.01,0.01,75694.64,1776550397000
1776550399.22,199.22,0.83,0.84,0.16,0.17,0.01,0.01,75694.64,1776550397000
1776550399.603,199.603,0.83,0.84,0.16,0.17,0.01,0.01,75694.63,1776550398000
1776550400.458,200.458,0.83,0.84,0.16,0.17,0.01,0.01,75694.56,1776550399000
1776550401.044,201.044,0.83,0.84,0.16,0.17,0.01,0.01,75694.56,1776550400000
1776550402.309,202.309,0.83,0.84,0.16,0.17,0.01,0.01,75694.68,1776550401000
1776550402.676,202.676,0.83,0.84,0.16,0.17,0.01,0.01,75694.68,1776550401000
1776550403.137,203.137,0.83,0.84,0.16,0.17,0.01,0.01,75694.68,1776550401000
1776550403.701,203.701,0.83,0.84,0.16,0.17,0.01,0.01,75694.56,1776550402000
1776550404.354,204.354,0.84,0.85,0.15,0.16,0.01,0.01,75694.82,1776550403000
1776550404.688,204.688,0.84,0.85,0.15,0.16,0.01,0.01,75694.82,1776550403000
1776550405.463,205.463,0.84,0.85,0.15,0.16,0.01,0.01,75694.82,1776550403000
1776550405.806,205.806,0.84,0.85,0.15,0.16,0.01,0.01,75694.91,1776550404000
1776550406.183,206.183,0.84,0.85,0.15,0.16,0.01,0.01,75694.99,1776550405000
1776550406.518,206.518,0.8,0.82,0.18,0.2,0.02,0.02,75694.99,1776550405000
1776550407.535,207.535,0.8,0.81,0.19,0.2,0.01,0.01,75695.12,1776550406000
1776550407.896,207.896,0.79,0.81,0.19,0.2,0.02,0.01,75695.12,1776550406000
1776550408.315,208.315,0.77,0.78,0.21,0.23,0.01,0.02,75695.12,1776550406000
1776550409.485,209.485,0.77,0.78,0.22,0.23,0.01,0.01,75686.89,1776550408000
1776550409.889,209.889,0.77,0.78,0.22,0.23,0.01,0.01,75686.47,1776550409000
1776550410.437,210.437,0.77,0.78,0.22,0.23,0.01,0.01,75686.47,1776550409000
1776550410.893,210.893,0.77,0.78,0.22,0.23,0.01,0.01,75686.47,1776550409000
1776550411.266,211.266,0.77,0.78,0.22,0.23,0.01,0.01,75686.47,1776550409000
1776550411.608,211.608,0.77,0.78,0.22,0.23,0.01,0.01,75685.04,1776550410000
1776550411.945,211.945,0.77,0.78,0.22,0.23,0.01,0.01,75685.04,1776550410000
1776550412.441,212.441,0.77,0.78,0.22,0.23,0.01,0.01,75685.04,1776550410000
1776550412.776,212.776,0.77,0.78,0.22,0.23,0.01,0.01,75685.22,1776550411000
1776550413.134,213.134,0.77,0.78,0.22,0.23,0.01,0.01,75685.31,1776550412000
1776550413.47,213.47,0.77,0.78,0.22,0.23,0.01,0.01,75685.31,1776550412000
1776550413.883,213.883,0.78,0.79,0.21,0.23,0.01,0.02,75685.31,1776550412000
1776550414.221,214.221,0.78,0.8,0.2,0.22,0.02,0.02,75686.95,1776550413000
1776550414.838,214.838,0.79,0.8,0.2,0.21,0.01,0.01,75686.95,1776550413000
1776550415.21,215.21,0.79,0.8,0.2,0.21,0.01,0.01,75686.95,1776550413000
1776550415.849,215.849,0.8,0.81,0.19,0.2,0.01,0.01,75686.98,1776550414000
1776550416.418,216.418,0.8,0.81,0.19,0.2,0.01,0.01,75686.98,1776550414000
1776550417.018,217.018,0.8,0.81,0.19,0.2,0.01,0.01,75687.44,1776550415000
1776550417.361,217.361,0.8,0.81,0.19,0.2,0.01,0.01,75687.43,1776550416000
1776550418.073,218.073,0.8,0.82,0.18,0.2,0.02,0.02,75687.43,1776550417000
1776550418.624,218.624,0.81,0.82,0.18,0.19,0.01,0.01,75687.43,1776550417000
1776550419.121,219.121,0.81,0.82,0.18,0.19,0.01,0.01,75687.43,1776550417000
1776550420.035,220.035,0.81,0.82,0.18,0.19,0.01,0.01,75687.5,1776550418000
1776550420.38,220.38,0.81,0.82,0.18,0.19,0.01,0.01,75687.5,1776550418000
1776550420.752,220.752,0.81,0.82,0.18,0.19,0.01,0.01,75687.51,1776550419000
1776550421.521,221.521,0.81,0.82,0.18,0.19,0.01,0.01,75687.55,1776550420000
1776550421.909,221.909,0.81,0.82,0.18,0.19,0.01,0.01,75687.55,1776550420000
1776550422.277,222.277,0.81,0.82,0.18,0.19,0.01,0.01,75688.51,1776550421000
1776550422.773,222.773,0.82,0.83,0.17,0.19,0.01,0.02,75688.51,1776550421000
1776550423.21,223.21,0.82,0.83,0.17,0.18,0.01,0.01,75687.26,1776550422000
1776550423.633,223.633,0.85,0.86,0.14,0.15,0.01,0.01,75687.26,1776550422000
1776550424.051,224.051,0.86,0.87,0.13,0.14,0.01,0.01,75687.26,1776550422000
1776550424.431,224.431,0.86,0.87,0.13,0.14,0.01,0.01,75687.25,1776550423000
1776550424.787,224.787,0.86,0.87,0.13,0.14,0.01,0.01,75687.25,1776550423000
1776550425.23,225.23,0.87,0.88,0.12,0.14,0.01,0.02,75690.03,1776550424000
1776550425.622,225.622,0.87,0.88,0.12,0.13,0.01,0.01,75690.03,1776550424000
1776550426.044,226.044,0.87,0.88,0.12,0.13,0.01,0.01,75690.29,1776550425000
1776550426.651,226.651,0.88,0.89,0.11,0.12,0.01,0.01,75690.29,1776550425000
1776550426.99,226.99,0.88,0.89,0.11,0.12,0.01,0.01,75690.29,1776550425000
1776550427.463,227.463,0.88,0.89,0.11,0.12,0.01,0.01,75690.29,1776550426000
1776550428.086,228.086,0.88,0.89,0.11,0.12,0.01,0.01,75690.31,1776550427000
1776550428.771,228.771,0.88,0.89,0.11,0.12,0.01,0.01,75690.31,1776550427000
1776550429.225,229.225,0.88,0.89,0.11,0.12,0.01,0.01,75690.26,1776550428000
1776550429.652,229.652,0.88,0.89,0.11,0.12,0.01,0.01,75690.26,1776550428000
1776550430.303,230.303,0.88,0.89,0.11,0.12,0.01,0.01,75690.26,1776550428000
1776550430.722,230.722,0.88,0.89,0.11,0.12,0.01,0.01,75690.27,1776550429000
1776550431.159,231.159,0.88,0.89,0.11,0.12,0.01,0.01,75690.27,1776550430000
1776550431.782,231.782,0.88,0.89,0.11,0.12,0.01,0.01,75690.27,1776550430000
1776550432.216,232.216,0.88,0.89,0.11,0.12,0.01,0.01,75690.27,1776550431000
1776550432.718,232.718,0.88,0.89,0.11,0.12,0.01,0.01,75690.27,1776550431000
1776550433.084,233.084,0.88,0.89,0.11,0.12,0.01,0.01,75690.28,1776550432000
1776550433.584,233.584,0.88,0.89,0.11,0.12,0.01,0.01,75690.28,1776550432000
1776550433.924,233.924,0.8,0.84,0.16,0.2,0.04,0.04,75690.28,1776550432000
1776550434.286,234.286,0.8,0.81,0.18,0.2,0.01,0.02,75693.11,1776550433000
1776550434.625,234.625,0.8,0.81,0.19,0.2,0.01,0.01,75693.11,1776550433000
1776550434.992,234.992,0.8,0.81,0.19,0.2,0.01,0.01,75693.11,1776550433000
1776550435.455,235.455,0.8,0.81,0.19,0.2,0.01,0.01,75690.24,1776550434000
1776550436.268,236.268,0.8,0.81,0.19,0.2,0.01,0.01,75684.5,1776550435000
1776550436.702,236.702,0.8,0.81,0.19,0.2,0.01,0.01,75684.5,1776550435000
1776550437.295,237.295,0.8,0.81,0.19,0.2,0.01,0.01,75683.59,1776550436000
1776550437.629,237.629,0.8,0.81,0.19,0.2,0.01,0.01,75683.59,1776550436000
1776550438.423,238.423,0.8,0.81,0.19,0.2,0.01,0.01,75683.52,1776550437000
1776550438.763,238.763,0.8,0.81,0.19,0.2,0.01,0.01,75683.52,1776550437000
1776550439.1,239.1,0.8,0.81,0.19,0.2,0.01,0.01,75683.52,1776550438000
1776550439.453,239.453,0.8,0.81,0.19,0.2,0.01,0.01,75683.52,1776550438000
1776550439.903,239.903,0.8,0.81,0.19,0.2,0.01,0.01,75683.52,1776550438000
1776550440.295,240.295,0.8,0.81,0.19,0.2,0.01,0.01,75684.15,1776550439000
1776550440.669,240.669,0.8,0.81,0.19,0.2,0.01,0.01,75684.15,1776550439000
1776550441.061,241.061,0.78,0.79,0.21,0.22,0.01,0.01,75683.13,1776550440000
1776550441.518,241.518,0.78,0.79,0.21,0.22,0.01,0.01,75683.13,1776550440000
1776550442.065,242.065,0.78,0.79,0.21,0.22,0.01,0.01,75683.13,1776550440000
1776550442.453,242.453,0.73,0.74,0.25,0.28,0.01,0.03,75682.96,1776550441000
1776550442.845,242.845,0.72,0.73,0.27,0.28,0.01,0.01,75682.96,1776550441000
1776550443.193,243.193,0.72,0.73,0.27,0.28,0.01,0.01,75682.96,1776550441000
1776550443.624,243.624,0.72,0.73,0.27,0.28,0.01,0.01,75681.23,1776550442000
1776550443.977,243.977,0.71,0.72,0.28,0.29,0.01,0.01,75681.23,1776550442000
1776550444.326,244.326,0.7,0.71,0.29,0.3,0.01,0.01,75681.23,1776550442000
1776550444.745,244.745,0.7,0.71,0.29,0.3,0.01,0.01,75676.6,1776550443000
1776550445.14,245.14,0.7,0.71,0.29,0.3,0.01,0.01,75676.6,1776550443000
1776550445.494,245.494,0.7,0.71,0.29,0.3,0.01,0.01,75675.92,1776550444000
1776550445.891,245.891,0.7,0.71,0.29,0.3,0.01,0.01,75675.92,1776550444000
1776550446.229,246.229,0.7,0.71,0.29,0.3,0.01,0.01,75675.92,1776550445000
1776550446.629,246.629,0.7,0.71,0.29,0.3,0.01,0.01,75675.92,1776550445000
1776550447.121,247.121,0.7,0.71,0.29,0.3,0.01,0.01,75675.92,1776550445000
1776550447.599,247.599,0.7,0.71,0.29,0.3,0.01,0.01,75675.91,1776550446000
1776550448.206,248.206,0.7,0.71,0.29,0.3,0.01,0.01,75675.91,1776550446000
1776550448.638,248.638,0.69,0.7,0.3,0.31,0.01,0.01,75675.91,1776550447000
1776550449.0,249.0,0.69,0.7,0.3,0.31,0.01,0.01,75675.91,1776550447000
1776550449.373,249.373,0.69,0.7,0.3,0.31,0.01,0.01,75675.91,1776550447000
1776550449.715,249.715,0.69,0.7,0.3,0.31,0.01,0.01,75675.96,1776550448000
1776550450.056,250.056,0.69,0.7,0.3,0.31,0.01,0.01,75675.96,1776550448000
1776550450.45,250.45,0.69,0.7,0.3,0.31,0.01,0.01,75675.96,1776550448000
1776550450.812,250.812,0.69,0.7,0.3,0.31,0.01,0.01,75675.63,1776550449000
1776550451.344,251.344,0.69,0.7,0.3,0.31,0.01,0.01,75675.63,1776550449000
1776550451.754,251.754,0.69,0.7,0.3,0.31,0.01,0.01,75675.63,1776550449000
1776550452.153,252.153,0.69,0.7,0.3,0.31,0.01,0.01,75675.53,1776550451000
1776550452.559,252.559,0.69,0.7,0.3,0.31,0.01,0.01,75675.53,1776550451000
1776550452.996,252.996,0.69,0.75,0.25,0.31,0.06,0.06,75675.53,1776550451000
1776550453.402,253.402,0.73,0.74,0.26,0.27,0.01,0.01,75675.53,1776550452000
1776550453.837,253.837,0.73,0.74,0.26,0.27,0.01,0.01,75675.53,1776550452000
1776550454.249,254.249,0.73,0.74,0.26,0.27,0.01,0.01,75675.58,1776550453000
1776550454.589,254.589,0.73,0.76,0.26,0.27,0.03,0.01,75675.58,1776550453000
1776550455.09,255.09,0.75,0.76,0.24,0.25,0.01,0.01,75675.58,1776550453000
1776550455.446,255.446,0.78,0.79,0.21,0.24,0.01,0.03,75675.62,1776550454000
1776550455.82,255.82,0.8,0.81,0.19,0.22,0.01,0.03,75675.62,1776550454000
1776550456.224,256.224,0.8,0.82,0.18,0.2,0.02,0.02,75675.62,1776550455000
1776550456.646,256.646,0.87,0.9,0.12,0.13,0.03,0.01,75675.62,1776550455000
1776550457.059,257.059,0.89,0.91,0.1,0.11,0.02,0.01,75675.62,1776550455000
1776550457.478,257.478,0.9,0.91,0.09,0.1,0.01,0.01,75679.22,1776550456000
1776550457.834,257.834,0.9,0.91,0.09,0.1,0.01,0.01,75679.22,1776550456000
1776550458.244,258.244,0.9,0.91,0.09,0.1,0.01,0.01,75680.04,1776550457000
1776550458.595,258.595,0.9,0.91,0.09,0.1,0.01,0.01,75680.04,1776550457000
1776550458.969,258.969,0.9,0.91,0.09,0.1,0.01,0.01,75680.04,1776550457000
1776550459.329,259.329,0.9,0.91,0.09,0.1,0.01,0.01,75682.69,1776550458000
1776550459.697,259.697,0.91,0.92,0.08,0.09,0.01,0.01,75682.69,1776550458000
1776550460.041,260.041,0.91,0.92,0.08,0.09,0.01,0.01,75682.69,1776550458000
1776550460.715,260.715,0.92,0.93,0.07,0.09,0.01,0.02,75683.34,1776550459000
1776550461.052,261.052,0.92,0.93,0.07,0.08,0.01,0.01,75683.34,1776550459000
1776550461.389,261.389,0.92,0.93,0.07,0.08,0.01,0.01,75686.42,1776550460000
1776550461.881,261.881,0.92,0.93,0.07,0.08,0.01,0.01,75686.42,1776550460000
1776550462.243,262.243,0.92,0.93,0.07,0.08,0.01,0.01,75686.42,1776550460000
1776550462.595,262.595,0.93,0.95,0.05,0.07,0.02,0.02,75686.47,1776550461000
1776550462.964,262.964,0.94,0.95,0.05,0.06,0.01,0.01,75686.53,1776550462000
1776550463.333,263.333,0.95,0.96,0.04,0.05,0.01,0.01,75686.53,1776550462000
1776550463.831,263.831,0.95,0.96,0.04,0.05,0.01,0.01,75686.53,1776550462000
1776550464.24,264.24,0.95,0.96,0.04,0.05,0.01,0.01,75686.61,1776550463000
1776550464.618,264.618,0.94,0.95,0.05,0.06,0.01,0.01,75686.61,1776550463000
1776550465.002,265.002,0.94,0.95,0.05,0.06,0.01,0.01,75689.98,1776550464000
1776550465.407,265.407,0.94,0.95,0.05,0.06,0.01,0.01,75689.98,1776550464000
1776550465.865,265.865,0.94,0.95,0.05,0.06,0.01,0.01,75689.98,1776550464000
1776550466.296,266.296,0.94,0.95,0.05,0.06,0.01,0.01,75696.54,1776550465000
1776550466.698,266.698,0.94,0.95,0.05,0.06,0.01,0.01,75696.54,1776550465000
1776550467.037,267.037,0.94,0.95,0.05,0.06,0.01,0.01,75698.49,1776550466000
1776550467.525,267.525,0.94,0.95,0.05,0.06,0.01,0.01,75698.49,1776550466000
1776550467.925,267.925,0.94,0.95,0.05,0.06,0.01,0.01,75698.49,1776550466000
1776550468.341,268.341,0.94,0.95,0.05,0.06,0.01,0.01,75698.49,1776550466000
1776550468.808,268.808,0.95,0.96,0.04,0.05,0.01,0.01,75698.88,1776550467000
1776550469.229,269.229,0.95,0.96,0.04,0.05,0.01,0.01,75698.88,1776550468000
1776550469.565,269.565,0.95,0.96,0.04,0.05,0.01,0.01,75698.88,1776550468000
1776550470.038,270.038,0.95,0.96,0.04,0.05,0.01,0.01,75698.88,1776550468000
1776550470.388,270.388,0.95,0.96,0.04,0.05,0.01,0.01,75698.89,1776550469000
1776550470.737,270.737,0.96,0.97,0.03,0.05,0.01,0.02,75698.89,1776550469000
1776550471.237,271.237,0.96,0.97,0.03,0.04,0.01,0.01,75698.89,1776550469000
1776550471.699,271.699,0.96,0.97,0.03,0.04,0.01,0.01,75698.9,1776550470000
1776550472.157,272.157,0.96,0.97,0.03,0.04,0.01,0.01,75698.9,1776550470000
1776550472.541,272.541,0.96,0.97,0.03,0.04,0.01,0.01,75698.91,1776550471000
1776550473.146,273.146,0.94,0.95,0.05,0.06,0.01,0.01,75698.91,1776550471000
1776550473.571,273.571,0.94,0.95,0.05,0.06,0.01,0.01,75698.91,1776550472000
1776550474.06,274.06,0.94,0.95,0.05,0.06,0.01,0.01,75698.91,1776550472000
1776550474.403,274.403,0.94,0.95,0.05,0.06,0.01,0.01,75694.87,1776550473000
1776550475.242,275.242,0.94,0.95,0.04,0.06,0.01,0.02,75694.87,1776550473000
1776550475.578,275.578,0.95,0.96,0.04,0.05,0.01,0.01,75693.87,1776550474000
1776550475.978,275.978,0.95,0.96,0.04,0.05,0.01,0.01,75693.87,1776550474000
1776550476.574,276.574,0.96,0.97,0.03,0.05,0.01,0.02,75692.83,1776550475000
1776550477.349,277.349,0.95,0.96,0.04,0.05,0.01,0.01,75692.83,1776550475000
1776550477.687,277.687,0.95,0.96,0.04,0.05,0.01,0.01,75692.83,1776550476000
1776550478.033,278.033,0.95,0.96,0.04,0.05,0.01,0.01,75692.83,1776550476000
1776550478.381,278.381,0.95,0.97,0.03,0.05,0.02,0.02,75692.86,1776550477000
1776550478.84,278.84,0.96,0.97,0.03,0.04,0.01,0.01,75692.86,1776550477000
1776550479.343,279.343,0.96,0.97,0.03,0.04,0.01,0.01,75692.92,1776550478000
1776550479.707,279.707,0.96,0.97,0.03,0.04,0.01,0.01,75692.92,1776550478000
1776550480.073,280.073,0.95,0.96,0.03,0.04,0.01,0.01,75692.93,1776550479000
1776550480.618,280.618,0.95,0.96,0.04,0.05,0.01,0.01,75692.93,1776550479000
1776550481.023,281.023,0.95,0.96,0.04,0.05,0.01,0.01,75692.93,1776550479000
1776550481.406,281.406,0.95,0.96,0.04,0.05,0.01,0.01,75692.93,1776550479000
1776550481.828,281.828,0.95,0.96,0.04,0.05,0.01,0.01,75692.93,1776550479000
1776550482.168,282.168,0.95,0.96,0.04,0.05,0.01,0.01,75692.98,1776550480000
1776550482.612,282.612,0.95,0.97,0.03,0.04,0.02,0.01,75692.98,1776550481000
1776550482.945,282.945,0.96,0.97,0.03,0.04,0.01,0.01,75692.98,1776550481000
1776550483.322,283.322,0.96,0.97,0.03,0.04,0.01,0.01,75692.98,1776550481000
1776550483.934,283.934,0.96,0.97,0.03,0.04,0.01,0.01,75693.79,1776550482000
1776550484.418,284.418,0.96,0.97,0.03,0.04,0.01,0.01,75693.79,1776550483000
1776550484.928,284.928,0.95,0.96,0.04,0.05,0.01,0.01,75693.79,1776550483000
1776550485.429,285.429,0.95,0.96,0.04,0.05,0.01,0.01,75694.2,1776550484000
1776550485.765,285.765,0.95,0.96,0.04,0.05,0.01,0.01,75694.2,1776550484000
1776550486.28,286.28,0.97,0.98,0.03,0.04,0.01,0.01,75694.2,1776550484000
1776550486.642,286.642,0.97,0.98,0.02,0.03,0.01,0.01,75693.75,1776550485000
1776550486.981,286.981,0.97,0.98,0.02,0.03,0.01,0.01,75693.85,1776550486000
1776550487.682,287.682,0.97,0.98,0.02,0.03,0.01,0.01,75693.85,1776550486000
1776550488.025,288.025,0.97,0.98,0.02,0.03,0.01,0.01,75693.85,1776550486000
1776550488.401,288.401,0.97,0.98,0.02,0.03,0.01,0.01,75694.19,1776550487000
1776550488.756,288.756,0.97,0.98,0.02,0.03,0.01,0.01,75694.19,1776550487000
1776550489.189,289.189,0.97,0.98,0.02,0.03,0.01,0.01,75694.19,1776550487000
1776550489.615,289.615,0.97,0.98,0.02,0.03,0.01,0.01,75693.9,1776550488000
1776550489.948,289.948,0.97,0.98,0.02,0.03,0.01,0.01,75693.9,1776550489000
1776550490.299,290.299,0.97,0.98,0.02,0.03,0.01,0.01,75693.9,1776550489000
1776550490.759,290.759,0.97,0.98,0.02,0.03,0.01,0.01,75693.9,1776550489000
1776550491.22,291.22,0.97,0.98,0.02,0.03,0.01,0.01,75693.66,1776550490000
1776550491.562,291.562,0.97,0.98,0.02,0.03,0.01,0.01,75693.66,1776550490000
1776550491.896,291.896,0.97,0.98,0.02,0.03,0.01,0.01,75693.66,1776550490000
1776550492.257,292.257,0.97,0.98,0.02,0.03,0.01,0.01,75693.66,1776550490000
1776550492.617,292.617,0.98,0.99,0.01,0.02,0.01,0.01,75693.72,1776550491000
1776550492.958,292.958,0.98,0.99,0.01,0.02,0.01,0.01,75693.72,1776550491000
1776550493.335,293.335,0.98,0.99,0.01,0.02,0.01,0.01,75693.82,1776550492000
1776550493.709,293.709,0.98,0.99,0.01,0.02,0.01,0.01,75693.82,1776550492000
1776550494.155,294.155,0.95,0.97,0.01,0.06,0.02,0.05,75693.82,1776550492000
1776550494.501,294.501,0.95,0.96,0.03,0.05,0.01,0.02,75693.77,1776550493000
1776550494.846,294.846,0.97,0.98,0.02,0.03,0.01,0.01,75693.77,1776550493000
1776550495.215,295.215,0.97,0.98,0.01,0.03,0.01,0.02,75693.77,1776550493000
1776550495.572,295.572,0.97,0.98,0.02,0.03,0.01,0.01,75691.36,1776550494000
1776550495.919,295.919,0.96,0.98,0.03,0.04,0.02,0.01,75691.36,1776550494000
1776550496.304,296.304,0.97,0.98,0.02,0.03,0.01,0.01,75691.36,1776550494000
1776550496.648,296.648,0.97,0.98,0.02,0.03,0.01,0.01,75691.36,1776550494000
1776550496.983,296.983,0.97,0.98,0.02,0.06,0.01,0.04,75688.74,1776550495000
1776550497.323,297.323,0.97,0.98,0.02,0.03,0.01,0.01,75687.52,1776550496000
1776550497.746,297.746,0.9,0.98,0.02,0.1,0.08,0.08,75687.52,1776550496000
1776550498.087,298.087,0.05,0.27,0.73,0.95,0.22,0.22,75687.52,1776550496000
1776550498.421,298.421,0.02,0.05,0.95,0.98,0.03,0.03,75686.94,1776550497000
1776550498.754,298.754,0.01,0.02,0.98,0.99,0.01,0.01,75686.94,1776550497000
1776550499.118,299.118,0.01,0.01,0.99,0.99,0.0,0.0,75686.94,1776550497000
1776550499.464,299.464,0.01,0.01,0.99,0.99,0.0,0.0,75675.1,1776550498000
1776550499.832,299.832,0.01,0.01,0.99,0.99,0.0,0.0,75675.1,1776550498000
1776550500.239,300.239,0.01,0.01,0.99,0.99,0.0,0.0,75675.1,1776550498000
1776550500.675,300.675,0.01,0.01,0.99,0.99,0.0,0.0,75641.73,1776550499000

# RESULT,winner=Down,slug=btc-updown-5m-1776550200,ticks=640
