timestamp,elapsed_sec,up_bid,up_ask,down_bid,down_ask,up_spread,down_spread,btc_price,btc_oracle_ts
1776991200.869,0.869,0.4,0.47,0.53,0.54,0.07,0.01,78476.71,1776991199000
1776991201.315,1.315,0.45,0.46,0.54,0.55,0.01,0.01,78476.44,1776991200000
1776991202.165,2.165,0.45,0.46,0.54,0.55,0.01,0.01,78476.44,1776991200000
1776991202.609,2.609,0.45,0.46,0.54,0.55,0.01,0.01,78476.44,1776991200000
1776991203.032,3.032,0.45,0.46,0.54,0.55,0.01,0.01,78477.9,1776991201000
1776991203.655,3.655,0.45,0.46,0.54,0.55,0.01,0.01,78477.9,1776991202000
1776991204.149,4.149,0.45,0.46,0.54,0.55,0.01,0.01,78477.9,1776991203000
1776991204.485,4.485,0.45,0.46,0.54,0.57,0.01,0.03,78477.9,1776991203000
1776991204.864,4.864,0.45,0.46,0.54,0.55,0.01,0.01,78477.9,1776991203000
1776991205.47,5.47,0.46,0.47,0.53,0.55,0.01,0.02,78477.9,1776991204000
1776991205.877,5.877,0.46,0.47,0.53,0.54,0.01,0.01,78477.9,1776991204000
1776991206.256,6.256,0.45,0.47,0.53,0.54,0.02,0.01,78477.9,1776991204000
1776991206.661,6.661,0.45,0.46,0.54,0.55,0.01,0.01,78477.18,1776991205000
1776991207.016,7.016,0.44,0.45,0.54,0.55,0.01,0.01,78477.18,1776991205000
1776991207.648,7.648,0.44,0.45,0.55,0.56,0.01,0.01,78477.17,1776991206000
1776991208.049,8.049,0.4,0.41,0.59,0.6,0.01,0.01,78477.17,1776991206000
1776991208.389,8.389,0.4,0.41,0.59,0.6,0.01,0.01,78477.17,1776991206000
1776991208.819,8.819,0.4,0.41,0.59,0.6,0.01,0.01,78473.81,1776991207000
1776991209.589,9.589,0.4,0.41,0.59,0.6,0.01,0.01,78468.54,1776991208000
1776991210.013,10.013,0.4,0.41,0.58,0.6,0.01,0.02,78468.54,1776991208000
1776991210.562,10.562,0.4,0.41,0.59,0.6,0.01,0.01,78468.54,1776991209000
1776991211.158,11.158,0.4,0.41,0.59,0.6,0.01,0.01,78468.54,1776991209000
1776991211.514,11.514,0.4,0.41,0.59,0.6,0.01,0.01,78467.79,1776991210000
1776991212.036,12.036,0.4,0.41,0.59,0.6,0.01,0.01,78467.81,1776991211000
1776991212.403,12.403,0.41,0.42,0.59,0.6,0.01,0.01,78467.81,1776991211000
1776991212.896,12.896,0.41,0.42,0.58,0.59,0.01,0.01,78467.81,1776991211000
1776991213.343,13.343,0.41,0.42,0.58,0.59,0.01,0.01,78469.7,1776991212000
1776991213.972,13.972,0.41,0.42,0.58,0.59,0.01,0.01,78469.7,1776991212000
1776991214.346,14.346,0.41,0.42,0.58,0.59,0.01,0.01,78467.89,1776991213000
1776991214.986,14.986,0.41,0.42,0.58,0.59,0.01,0.01,78467.89,1776991214000
1776991215.374,15.374,0.41,0.42,0.57,0.59,0.01,0.02,78467.89,1776991214000
1776991216.2,16.2,0.41,0.42,0.58,0.59,0.01,0.01,78467.89,1776991214000
1776991216.533,16.533,0.41,0.42,0.58,0.59,0.01,0.01,78467.91,1776991215000
1776991217.247,17.247,0.41,0.42,0.58,0.59,0.01,0.01,78467.91,1776991215000
1776991217.957,17.957,0.41,0.42,0.58,0.59,0.01,0.01,78467.84,1776991217000
1776991218.606,18.606,0.41,0.42,0.58,0.59,0.01,0.01,78467.84,1776991217000
1776991219.303,19.303,0.41,0.42,0.58,0.59,0.01,0.01,78467.85,1776991218000
1776991219.664,19.664,0.4,0.41,0.58,0.6,0.01,0.02,78467.85,1776991218000
1776991220.112,20.112,0.4,0.42,0.59,0.6,0.02,0.01,78467.39,1776991219000
1776991220.509,20.509,0.4,0.41,0.59,0.6,0.01,0.01,78467.39,1776991219000
1776991220.853,20.853,0.38,0.4,0.6,0.62,0.02,0.02,78467.39,1776991219000
1776991221.545,21.545,0.38,0.39,0.61,0.62,0.01,0.01,78461.74,1776991220000
1776991222.19,22.19,0.38,0.39,0.61,0.62,0.01,0.01,78459.81,1776991221000
1776991222.564,22.564,0.37,0.38,0.61,0.62,0.01,0.01,78459.81,1776991221000
1776991223.167,23.167,0.37,0.38,0.62,0.63,0.01,0.01,78459.81,1776991221000
1776991223.584,23.584,0.37,0.38,0.62,0.63,0.01,0.01,78459.45,1776991222000
1776991223.983,23.983,0.37,0.38,0.62,0.63,0.01,0.01,78459.45,1776991223000
1776991224.317,24.317,0.37,0.38,0.62,0.63,0.01,0.01,78459.45,1776991223000
1776991224.875,24.875,0.37,0.38,0.62,0.63,0.01,0.01,78459.45,1776991223000
1776991225.263,25.263,0.37,0.38,0.62,0.63,0.01,0.01,78459.45,1776991223000
1776991225.787,25.787,0.37,0.38,0.62,0.63,0.01,0.01,78459.39,1776991224000
1776991226.418,26.418,0.37,0.38,0.62,0.63,0.01,0.01,78459.39,1776991224000
1776991226.823,26.823,0.37,0.38,0.62,0.63,0.01,0.01,78459.4,1776991225000
1776991227.466,27.466,0.37,0.38,0.62,0.63,0.01,0.01,78459.87,1776991226000
1776991227.99,27.99,0.36,0.37,0.62,0.63,0.01,0.01,78459.87,1776991226000
1776991228.56,28.56,0.36,0.37,0.63,0.64,0.01,0.01,78459.9,1776991227000
1776991229.155,29.155,0.36,0.37,0.63,0.64,0.01,0.01,78459.9,1776991227000
1776991229.494,29.494,0.36,0.37,0.63,0.64,0.01,0.01,78459.41,1776991228000
1776991229.88,29.88,0.37,0.38,0.62,0.63,0.01,0.01,78459.41,1776991228000
1776991230.266,30.266,0.37,0.38,0.62,0.63,0.01,0.01,78459.41,1776991229000
1776991230.63,30.63,0.37,0.38,0.62,0.63,0.01,0.01,78459.41,1776991229000
1776991231.012,31.012,0.37,0.38,0.62,0.63,0.01,0.01,78459.41,1776991229000
1776991231.353,31.353,0.37,0.38,0.62,0.63,0.01,0.01,78463.72,1776991230000
1776991231.96,31.96,0.36,0.37,0.62,0.64,0.01,0.02,78463.72,1776991230000
1776991232.378,32.378,0.36,0.37,0.63,0.64,0.01,0.01,78463.72,1776991230000
1776991232.923,32.923,0.36,0.37,0.63,0.64,0.01,0.01,78465.14,1776991231000
1776991233.256,33.256,0.36,0.37,0.63,0.64,0.01,0.01,78465.19,1776991232000
1776991233.937,33.937,0.36,0.37,0.63,0.64,0.01,0.01,78465.19,1776991232000
1776991234.335,34.335,0.36,0.37,0.63,0.64,0.01,0.01,78465.19,1776991232000
1776991234.832,34.832,0.36,0.37,0.63,0.64,0.01,0.01,78463.83,1776991233000
1776991235.206,35.206,0.35,0.37,0.63,0.64,0.02,0.01,78463.83,1776991233000
1776991235.611,35.611,0.35,0.37,0.63,0.65,0.02,0.02,78463.83,1776991234000
1776991236.27,36.27,0.35,0.37,0.63,0.65,0.02,0.02,78463.83,1776991234000
1776991236.797,36.797,0.35,0.36,0.64,0.65,0.01,0.01,78462.42,1776991235000
1776991237.154,37.154,0.35,0.36,0.64,0.65,0.01,0.01,78462.42,1776991235000
1776991237.496,37.496,0.35,0.36,0.64,0.65,0.01,0.01,78461.99,1776991236000
1776991237.853,37.853,0.35,0.36,0.64,0.65,0.01,0.01,78461.99,1776991236000
1776991238.221,38.221,0.35,0.36,0.64,0.65,0.01,0.01,78461.99,1776991236000
1776991238.556,38.556,0.35,0.36,0.64,0.65,0.01,0.01,78464.32,1776991237000
1776991238.898,38.898,0.35,0.36,0.64,0.65,0.01,0.01,78464.32,1776991237000
1776991239.269,39.269,0.35,0.36,0.64,0.65,0.01,0.01,78461.5,1776991238000
1776991239.79,39.79,0.35,0.36,0.64,0.65,0.01,0.01,78461.5,1776991238000
1776991240.638,40.638,0.35,0.36,0.64,0.65,0.01,0.01,78459.5,1776991239000
1776991241.184,41.184,0.35,0.36,0.64,0.65,0.01,0.01,78459.4,1776991240000
1776991241.573,41.573,0.34,0.36,0.64,0.66,0.02,0.02,78459.4,1776991240000
1776991241.963,41.963,0.34,0.35,0.65,0.66,0.01,0.01,78459.4,1776991240000
1776991242.578,42.578,0.33,0.35,0.65,0.67,0.02,0.02,78459.4,1776991240000
1776991242.973,42.973,0.33,0.35,0.65,0.67,0.02,0.02,78459.4,1776991240000
1776991244.5,44.5,0.34,0.35,0.65,0.67,0.01,0.02,78455.31,1776991242000
1776991245.219,45.219,0.34,0.35,0.65,0.66,0.01,0.01,78455.89,1776991243000
1776991245.99,45.99,0.34,0.35,0.65,0.66,0.01,0.01,78457.83,1776991244000
1776991246.42,46.42,0.34,0.35,0.65,0.66,0.01,0.01,78458.5,1776991245000
1776991246.763,46.763,0.34,0.35,0.65,0.66,0.01,0.01,78458.5,1776991245000
1776991247.375,47.375,0.34,0.35,0.65,0.67,0.01,0.02,78458.19,1776991246000
1776991247.931,47.931,0.34,0.35,0.65,0.66,0.01,0.01,78458.19,1776991246000
1776991248.346,48.346,0.34,0.35,0.65,0.66,0.01,0.01,78458.19,1776991246000
1776991248.724,48.724,0.34,0.35,0.65,0.66,0.01,0.01,78458.07,1776991247000
1776991249.181,49.181,0.33,0.34,0.66,0.67,0.01,0.01,78458.07,1776991247000
1776991249.515,49.515,0.33,0.34,0.66,0.67,0.01,0.01,78458.07,1776991247000
1776991249.98,49.98,0.33,0.34,0.66,0.67,0.01,0.01,78456.89,1776991248000
1776991250.314,50.314,0.33,0.34,0.66,0.67,0.01,0.01,78455.49,1776991249000
1776991250.729,50.729,0.33,0.34,0.66,0.67,0.01,0.01,78455.49,1776991249000
1776991251.068,51.068,0.33,0.34,0.66,0.67,0.01,0.01,78455.49,1776991250000
1776991251.518,51.518,0.33,0.34,0.66,0.67,0.01,0.01,78455.49,1776991250000
1776991252.231,52.231,0.33,0.34,0.66,0.67,0.01,0.01,78455.49,1776991250000
1776991252.65,52.65,0.33,0.34,0.66,0.67,0.01,0.01,78454.9,1776991251000
1776991253.425,53.425,0.33,0.34,0.66,0.67,0.01,0.01,78454.28,1776991252000
1776991253.772,53.772,0.33,0.34,0.66,0.67,0.01,0.01,78454.28,1776991252000
1776991254.126,54.126,0.33,0.34,0.66,0.67,0.01,0.01,78452.24,1776991253000
1776991254.468,54.468,0.33,0.34,0.66,0.67,0.01,0.01,78452.24,1776991253000
1776991254.821,54.821,0.32,0.34,0.66,0.68,0.02,0.02,78452.24,1776991253000
1776991255.649,55.649,0.32,0.33,0.67,0.68,0.01,0.01,78446.59,1776991254000
1776991256.426,56.426,0.31,0.33,0.67,0.69,0.02,0.02,78446.59,1776991255000
1776991257.062,57.062,0.27,0.28,0.71,0.72,0.01,0.01,78446.59,1776991255000
1776991257.435,57.435,0.27,0.28,0.72,0.73,0.01,0.01,78446.11,1776991256000
1776991257.909,57.909,0.27,0.28,0.72,0.73,0.01,0.01,78446.11,1776991256000
1776991258.641,58.641,0.26,0.27,0.72,0.74,0.01,0.02,78446.11,1776991256000
1776991258.991,58.991,0.26,0.27,0.73,0.74,0.01,0.01,78446.12,1776991257000
1776991259.491,59.491,0.26,0.27,0.73,0.74,0.01,0.01,78446.11,1776991258000
1776991260.34,60.34,0.26,0.27,0.73,0.74,0.01,0.01,78446.11,1776991259000
1776991260.777,60.777,0.26,0.27,0.73,0.74,0.01,0.01,78446.11,1776991259000
1776991261.121,61.121,0.26,0.27,0.73,0.74,0.01,0.01,78446.11,1776991259000
1776991261.508,61.508,0.26,0.27,0.73,0.74,0.01,0.01,78446.11,1776991260000
1776991262.434,62.434,0.26,0.27,0.73,0.75,0.01,0.02,78446.11,1776991260000
1776991263.278,63.278,0.26,0.27,0.73,0.74,0.01,0.01,78446.06,1776991262000
1776991263.713,63.713,0.26,0.27,0.73,0.74,0.01,0.01,78446.06,1776991262000
1776991264.148,64.148,0.24,0.27,0.73,0.76,0.03,0.03,78446.06,1776991262000
1776991264.516,64.516,0.24,0.27,0.73,0.76,0.03,0.03,78446.06,1776991262000
1776991264.906,64.906,0.26,0.27,0.73,0.74,0.01,0.01,78446.35,1776991263000
1776991265.257,65.257,0.26,0.27,0.73,0.74,0.01,0.01,78446.35,1776991263000
1776991265.662,65.662,0.26,0.27,0.73,0.74,0.01,0.01,78446.48,1776991264000
1776991266.133,66.133,0.26,0.27,0.73,0.75,0.01,0.02,78446.42,1776991265000
1776991266.491,66.491,0.26,0.27,0.73,0.74,0.01,0.01,78446.42,1776991265000
1776991266.894,66.894,0.26,0.27,0.73,0.74,0.01,0.01,78446.42,1776991265000
1776991267.257,67.257,0.26,0.27,0.73,0.74,0.01,0.01,78446.03,1776991266000
1776991267.598,67.598,0.25,0.26,0.74,0.75,0.01,0.01,78446.03,1776991266000
1776991268.001,68.001,0.25,0.26,0.74,0.75,0.01,0.01,78446.03,1776991266000
1776991268.465,68.465,0.25,0.26,0.74,0.75,0.01,0.01,78446.04,1776991267000
1776991269.197,69.197,0.25,0.26,0.74,0.75,0.01,0.01,78446.05,1776991268000
1776991269.683,69.683,0.25,0.26,0.74,0.75,0.01,0.01,78446.05,1776991268000
1776991270.268,70.268,0.25,0.26,0.74,0.75,0.01,0.01,78446.05,1776991268000
1776991270.982,70.982,0.25,0.26,0.74,0.75,0.01,0.01,78445.88,1776991270000
1776991271.73,71.73,0.25,0.26,0.74,0.75,0.01,0.01,78445.88,1776991270000
1776991272.187,72.187,0.25,0.26,0.74,0.75,0.01,0.01,78445.88,1776991270000
1776991272.932,72.932,0.25,0.26,0.74,0.75,0.01,0.01,78444.93,1776991271000
1776991273.348,73.348,0.24,0.26,0.74,0.75,0.02,0.01,78444.93,1776991271000
1776991273.827,73.827,0.23,0.25,0.75,0.77,0.02,0.02,78440.1,1776991272000
1776991274.241,74.241,0.23,0.26,0.74,0.77,0.03,0.03,78440.1,1776991273000
1776991274.86,74.86,0.25,0.26,0.74,0.77,0.01,0.03,78440.1,1776991273000
1776991275.204,75.204,0.25,0.26,0.74,0.75,0.01,0.01,78440.1,1776991273000
1776991275.592,75.592,0.25,0.26,0.74,0.75,0.01,0.01,78439.83,1776991274000
1776991276.044,76.044,0.21,0.26,0.74,0.78,0.05,0.04,78439.83,1776991274000
1776991276.383,76.383,0.24,0.25,0.75,0.76,0.01,0.01,78439.83,1776991274000
1776991276.799,76.799,0.24,0.25,0.75,0.76,0.01,0.01,78439.36,1776991275000
1776991277.198,77.198,0.23,0.24,0.76,0.77,0.01,0.01,78439.36,1776991276000
1776991277.645,77.645,0.21,0.24,0.76,0.79,0.03,0.03,78439.36,1776991276000
1776991278.234,78.234,0.21,0.22,0.78,0.79,0.01,0.01,78439.36,1776991276000
1776991278.983,78.983,0.21,0.22,0.78,0.79,0.01,0.01,78438.08,1776991277000
1776991279.532,79.532,0.21,0.22,0.78,0.79,0.01,0.01,78438.03,1776991278000
1776991280.166,80.166,0.21,0.22,0.78,0.79,0.01,0.01,78438.03,1776991278000
1776991280.55,80.55,0.21,0.22,0.78,0.79,0.01,0.01,78438.03,1776991278000
1776991280.952,80.952,0.21,0.22,0.78,0.79,0.01,0.01,78438.03,1776991278000
1776991281.318,81.318,0.21,0.22,0.78,0.79,0.01,0.01,78439.83,1776991279000
1776991281.664,81.664,0.21,0.22,0.78,0.79,0.01,0.01,78439.83,1776991279000
1776991282.093,82.093,0.21,0.22,0.78,0.79,0.01,0.01,78439.35,1776991280000
1776991282.595,82.595,0.2,0.21,0.78,0.8,0.01,0.02,78439.83,1776991281000
1776991283.372,83.372,0.2,0.21,0.79,0.8,0.01,0.01,78439.83,1776991281000
1776991283.742,83.742,0.2,0.21,0.79,0.8,0.01,0.01,78439.34,1776991282000
1776991284.155,84.155,0.22,0.23,0.77,0.79,0.01,0.02,78439.6,1776991283000
1776991284.706,84.706,0.22,0.23,0.77,0.78,0.01,0.01,78439.6,1776991283000
1776991285.044,85.044,0.22,0.23,0.77,0.78,0.01,0.01,78439.6,1776991283000
1776991285.389,85.389,0.22,0.23,0.77,0.78,0.01,0.01,78439.6,1776991283000
1776991285.837,85.837,0.22,0.23,0.77,0.78,0.01,0.01,78440.38,1776991284000
1776991286.188,86.188,0.23,0.24,0.76,0.77,0.01,0.01,78442.07,1776991285000
1776991286.536,86.536,0.24,0.25,0.75,0.76,0.01,0.01,78442.07,1776991285000
1776991286.873,86.873,0.25,0.26,0.74,0.75,0.01,0.01,78442.07,1776991285000
1776991287.472,87.472,0.25,0.26,0.74,0.75,0.01,0.01,78442.07,1776991285000
1776991288.138,88.138,0.25,0.27,0.74,0.75,0.02,0.01,78442.72,1776991286000
1776991288.505,88.505,0.25,0.27,0.73,0.75,0.02,0.02,78445.68,1776991287000
1776991288.983,88.983,0.25,0.26,0.74,0.75,0.01,0.01,78445.68,1776991287000
1776991289.415,89.415,0.25,0.26,0.74,0.75,0.01,0.01,78445.72,1776991288000
1776991289.774,89.774,0.25,0.26,0.74,0.75,0.01,0.01,78445.72,1776991288000
1776991290.23,90.23,0.25,0.26,0.74,0.75,0.01,0.01,78445.72,1776991288000
1776991290.724,90.724,0.25,0.26,0.74,0.75,0.01,0.01,78451.74,1776991289000
1776991291.095,91.095,0.25,0.26,0.74,0.75,0.01,0.01,78451.74,1776991289000
1776991291.428,91.428,0.25,0.26,0.74,0.75,0.01,0.01,78452.75,1776991290000
1776991291.806,91.806,0.25,0.29,0.71,0.75,0.04,0.04,78452.75,1776991290000
1776991292.266,92.266,0.26,0.3,0.7,0.74,0.04,0.04,78452.62,1776991291000
1776991292.631,92.631,0.26,0.31,0.69,0.74,0.05,0.05,78452.62,1776991291000
1776991292.968,92.968,0.26,0.3,0.7,0.74,0.04,0.04,78452.62,1776991291000
1776991293.605,93.605,0.3,0.31,0.69,0.7,0.01,0.01,78455.06,1776991292000
1776991293.953,93.953,0.29,0.31,0.69,0.71,0.02,0.02,78455.06,1776991292000
1776991294.3,94.3,0.3,0.31,0.69,0.7,0.01,0.01,78455.06,1776991292000
1776991294.671,94.671,0.3,0.31,0.68,0.7,0.01,0.02,78455.89,1776991293000
1776991295.16,95.16,0.32,0.33,0.67,0.7,0.01,0.03,78455.89,1776991293000
1776991295.501,95.501,0.32,0.33,0.67,0.68,0.01,0.01,78452.79,1776991294000
1776991295.936,95.936,0.36,0.37,0.63,0.64,0.01,0.01,78452.79,1776991294000
1776991296.301,96.301,0.36,0.37,0.63,0.64,0.01,0.01,78452.79,1776991294000
1776991296.788,96.788,0.36,0.37,0.63,0.64,0.01,0.01,78454.42,1776991295000
1776991297.17,97.17,0.34,0.35,0.65,0.67,0.01,0.02,78454.42,1776991295000
1776991297.52,97.52,0.3,0.33,0.67,0.69,0.03,0.02,78454.87,1776991296000
1776991297.973,97.973,0.32,0.35,0.65,0.68,0.03,0.03,78454.87,1776991296000
1776991299.093,99.093,0.32,0.33,0.64,0.68,0.01,0.04,78454.87,1776991297000
1776991299.62,99.62,0.32,0.33,0.67,0.68,0.01,0.01,78454.66,1776991298000
1776991299.966,99.966,0.32,0.33,0.67,0.68,0.01,0.01,78454.66,1776991298000
1776991300.426,100.426,0.32,0.33,0.67,0.68,0.01,0.01,78455.25,1776991299000
1776991300.77,100.77,0.34,0.35,0.64,0.66,0.01,0.02,78455.25,1776991299000
1776991301.279,101.279,0.34,0.35,0.65,0.66,0.01,0.01,78455.25,1776991299000
1776991301.646,101.646,0.33,0.34,0.66,0.67,0.01,0.01,78454.88,1776991300000
1776991301.999,101.999,0.33,0.34,0.66,0.67,0.01,0.01,78454.88,1776991300000
1776991302.338,102.338,0.33,0.34,0.66,0.67,0.01,0.01,78454.88,1776991301000
1776991302.701,102.701,0.29,0.3,0.7,0.71,0.01,0.01,78454.88,1776991301000
1776991303.203,103.203,0.3,0.31,0.69,0.71,0.01,0.02,78454.86,1776991302000
1776991303.545,103.545,0.3,0.32,0.69,0.7,0.02,0.01,78454.86,1776991302000
1776991303.895,103.895,0.32,0.33,0.67,0.68,0.01,0.01,78454.86,1776991302000
1776991304.241,104.241,0.32,0.33,0.67,0.68,0.01,0.01,78454.5,1776991303000
1776991304.611,104.611,0.32,0.33,0.67,0.68,0.01,0.01,78454.5,1776991303000
1776991305.15,105.15,0.32,0.33,0.67,0.68,0.01,0.01,78454.1,1776991304000
1776991305.565,105.565,0.31,0.33,0.67,0.69,0.02,0.02,78454.1,1776991304000
1776991305.909,105.909,0.32,0.33,0.67,0.68,0.01,0.01,78454.1,1776991304000
1776991306.299,106.299,0.33,0.34,0.66,0.68,0.01,0.02,78454.1,1776991304000
1776991306.812,106.812,0.33,0.34,0.66,0.67,0.01,0.01,78453.11,1776991305000
1776991307.162,107.162,0.33,0.34,0.66,0.67,0.01,0.01,78453.11,1776991305000
1776991307.602,107.602,0.34,0.35,0.65,0.66,0.01,0.01,78451.62,1776991306000
1776991307.938,107.938,0.34,0.35,0.65,0.66,0.01,0.01,78451.62,1776991306000
1776991308.336,108.336,0.33,0.35,0.65,0.66,0.02,0.01,78451.24,1776991307000
1776991308.768,108.768,0.33,0.34,0.66,0.67,0.01,0.01,78451.24,1776991307000
1776991309.279,109.279,0.35,0.36,0.64,0.67,0.01,0.03,78451.26,1776991308000
1776991309.62,109.62,0.34,0.35,0.65,0.66,0.01,0.01,78451.26,1776991308000
1776991310.023,110.023,0.33,0.35,0.65,0.67,0.02,0.02,78451.26,1776991308000
1776991310.479,110.479,0.33,0.34,0.66,0.67,0.01,0.01,78451.61,1776991309000
1776991310.832,110.832,0.34,0.35,0.65,0.67,0.01,0.02,78451.61,1776991309000
1776991311.257,111.257,0.34,0.35,0.65,0.66,0.01,0.01,78451.61,1776991309000
1776991311.913,111.913,0.34,0.35,0.65,0.66,0.01,0.01,78453.56,1776991310000
1776991312.275,112.275,0.34,0.35,0.65,0.66,0.01,0.01,78453.56,1776991310000
1776991312.615,112.615,0.34,0.35,0.65,0.66,0.01,0.01,78453.49,1776991311000
1776991313.026,113.026,0.35,0.36,0.64,0.65,0.01,0.01,78453.12,1776991312000
1776991313.708,113.708,0.35,0.36,0.64,0.65,0.01,0.01,78453.12,1776991312000
1776991314.079,114.079,0.32,0.36,0.64,0.68,0.04,0.04,78453.12,1776991313000
1776991314.472,114.472,0.32,0.33,0.67,0.68,0.01,0.01,78453.12,1776991313000
1776991314.805,114.805,0.34,0.35,0.65,0.66,0.01,0.01,78453.12,1776991313000
1776991315.204,115.204,0.34,0.35,0.65,0.66,0.01,0.01,78452.65,1776991314000
1776991315.707,115.707,0.34,0.35,0.65,0.66,0.01,0.01,78452.65,1776991314000
1776991316.116,116.116,0.34,0.35,0.65,0.66,0.01,0.01,78452.65,1776991314000
1776991316.461,116.461,0.34,0.36,0.64,0.66,0.02,0.02,78452.2,1776991315000
1776991316.933,116.933,0.35,0.36,0.64,0.65,0.01,0.01,78452.2,1776991315000
1776991317.289,117.289,0.35,0.36,0.64,0.65,0.01,0.01,78452.2,1776991315000
1776991317.711,117.711,0.35,0.36,0.64,0.65,0.01,0.01,78453.12,1776991316000
1776991318.292,118.292,0.35,0.36,0.64,0.65,0.01,0.01,78453.12,1776991317000
1776991318.67,118.67,0.35,0.36,0.64,0.65,0.01,0.01,78453.12,1776991317000
1776991319.113,119.113,0.35,0.36,0.64,0.65,0.01,0.01,78453.12,1776991317000
1776991319.463,119.463,0.34,0.35,0.65,0.66,0.01,0.01,78453.12,1776991318000
1776991319.808,119.808,0.35,0.36,0.64,0.65,0.01,0.01,78453.12,1776991318000
1776991320.174,120.174,0.35,0.36,0.64,0.65,0.01,0.01,78453.12,1776991319000
1776991320.622,120.622,0.35,0.36,0.64,0.65,0.01,0.01,78453.12,1776991319000
1776991321.019,121.019,0.31,0.32,0.68,0.69,0.01,0.01,78453.12,1776991319000
1776991321.353,121.353,0.31,0.34,0.68,0.69,0.03,0.01,78453.09,1776991320000
1776991321.74,121.74,0.32,0.33,0.66,0.68,0.01,0.02,78453.09,1776991320000
1776991322.154,122.154,0.32,0.33,0.67,0.68,0.01,0.01,78453.06,1776991321000
1776991322.493,122.493,0.32,0.33,0.67,0.68,0.01,0.01,78453.06,1776991321000
1776991322.854,122.854,0.32,0.33,0.67,0.68,0.01,0.01,78453.06,1776991321000
1776991323.228,123.228,0.32,0.33,0.67,0.68,0.01,0.01,78450.38,1776991322000
1776991323.724,123.724,0.32,0.33,0.67,0.68,0.01,0.01,78450.38,1776991322000
1776991324.097,124.097,0.31,0.34,0.66,0.69,0.03,0.03,78450.38,1776991322000
1776991324.449,124.449,0.31,0.34,0.66,0.69,0.03,0.03,78441.3,1776991323000
1776991324.859,124.859,0.31,0.34,0.66,0.69,0.03,0.03,78441.3,1776991323000
1776991325.197,125.197,0.19,0.27,0.76,0.81,0.08,0.05,78441.3,1776991323000
1776991325.54,125.54,0.22,0.33,0.72,0.78,0.11,0.06,78441.3,1776991323000
1776991325.913,125.913,0.22,0.23,0.77,0.78,0.01,0.01,78441.3,1776991323000
1776991326.249,126.249,0.22,0.23,0.77,0.78,0.01,0.01,78428.04,1776991324000
1776991326.592,126.592,0.22,0.23,0.77,0.78,0.01,0.01,78426.35,1776991325000
1776991327.039,127.039,0.22,0.24,0.76,0.78,0.02,0.02,78426.35,1776991325000
1776991327.535,127.535,0.23,0.24,0.76,0.77,0.01,0.01,78425.15,1776991326000
1776991327.886,127.886,0.23,0.25,0.75,0.77,0.02,0.02,78425.15,1776991326000
1776991328.242,128.242,0.24,0.25,0.75,0.76,0.01,0.01,78424.66,1776991327000
1776991328.58,128.58,0.26,0.27,0.73,0.74,0.01,0.01,78424.66,1776991327000
1776991329.053,129.053,0.26,0.27,0.73,0.74,0.01,0.01,78424.2,1776991328000
1776991329.424,129.424,0.25,0.26,0.74,0.75,0.01,0.01,78424.2,1776991328000
1776991329.809,129.809,0.25,0.26,0.74,0.75,0.01,0.01,78424.2,1776991328000
1776991330.154,130.154,0.24,0.25,0.74,0.76,0.01,0.02,78424.99,1776991329000
1776991330.491,130.491,0.23,0.24,0.75,0.77,0.01,0.02,78424.99,1776991329000
1776991330.935,130.935,0.23,0.24,0.76,0.77,0.01,0.01,78424.99,1776991329000
1776991331.437,131.437,0.23,0.24,0.76,0.77,0.01,0.01,78425.59,1776991330000
1776991331.999,131.999,0.24,0.25,0.75,0.76,0.01,0.01,78423.67,1776991331000
1776991332.402,132.402,0.24,0.25,0.75,0.76,0.01,0.01,78423.67,1776991331000
1776991333.014,133.014,0.24,0.25,0.75,0.76,0.01,0.01,78424.02,1776991332000
1776991333.816,133.816,0.24,0.25,0.75,0.76,0.01,0.01,78424.02,1776991332000
1776991334.457,134.457,0.24,0.25,0.75,0.76,0.01,0.01,78420.74,1776991333000
1776991334.792,134.792,0.24,0.25,0.75,0.76,0.01,0.01,78420.74,1776991333000
1776991335.15,135.15,0.24,0.25,0.75,0.76,0.01,0.01,78420.74,1776991333000
1776991335.493,135.493,0.24,0.25,0.75,0.76,0.01,0.01,78419.82,1776991334000
1776991335.843,135.843,0.24,0.25,0.75,0.76,0.01,0.01,78419.82,1776991334000
1776991336.192,136.192,0.24,0.25,0.75,0.76,0.01,0.01,78419.82,1776991334000
1776991336.557,136.557,0.24,0.25,0.75,0.76,0.01,0.01,78419.76,1776991335000
1776991336.907,136.907,0.21,0.25,0.75,0.79,0.04,0.04,78419.76,1776991335000
1776991337.243,137.243,0.21,0.22,0.78,0.79,0.01,0.01,78419.76,1776991335000
1776991337.589,137.589,0.21,0.22,0.78,0.79,0.01,0.01,78418.64,1776991336000
1776991337.926,137.926,0.21,0.22,0.78,0.79,0.01,0.01,78418.64,1776991336000
1776991338.262,138.262,0.19,0.2,0.8,0.82,0.01,0.02,78413.26,1776991337000
1776991338.62,138.62,0.19,0.2,0.8,0.81,0.01,0.01,78413.26,1776991337000
1776991339.224,139.224,0.19,0.2,0.8,0.81,0.01,0.01,78413.26,1776991337000
1776991339.778,139.778,0.19,0.2,0.8,0.81,0.01,0.01,78408.84,1776991338000
1776991340.403,140.403,0.19,0.2,0.8,0.81,0.01,0.01,78408.84,1776991338000
1776991341.159,141.159,0.19,0.2,0.8,0.81,0.01,0.01,78410.28,1776991340000
1776991342.227,142.227,0.19,0.2,0.8,0.81,0.01,0.01,78410.28,1776991340000
1776991342.585,142.585,0.19,0.2,0.8,0.81,0.01,0.01,78419.41,1776991341000
1776991342.946,142.946,0.2,0.21,0.79,0.8,0.01,0.01,78419.41,1776991341000
1776991343.282,143.282,0.2,0.21,0.79,0.8,0.01,0.01,78419.69,1776991342000
1776991343.673,143.673,0.19,0.22,0.78,0.79,0.03,0.01,78419.69,1776991342000
1776991344.167,144.167,0.19,0.22,0.78,0.81,0.03,0.03,78419.69,1776991342000
1776991344.577,144.577,0.19,0.2,0.8,0.81,0.01,0.01,78419.7,1776991343000
1776991344.92,144.92,0.19,0.2,0.8,0.81,0.01,0.01,78419.7,1776991343000
1776991345.275,145.275,0.2,0.22,0.78,0.8,0.02,0.02,78420.05,1776991344000
1776991345.617,145.617,0.2,0.23,0.77,0.8,0.03,0.03,78420.05,1776991344000
1776991345.954,145.954,0.22,0.23,0.77,0.78,0.01,0.01,78420.05,1776991344000
1776991346.337,146.337,0.23,0.24,0.76,0.78,0.01,0.02,78421.35,1776991345000
1776991346.692,146.692,0.23,0.24,0.76,0.77,0.01,0.01,78421.35,1776991345000
1776991347.066,147.066,0.27,0.28,0.72,0.73,0.01,0.01,78421.35,1776991345000
1776991347.417,147.417,0.29,0.3,0.7,0.71,0.01,0.01,78421.67,1776991346000
1776991347.829,147.829,0.3,0.31,0.69,0.7,0.01,0.01,78421.67,1776991346000
1776991348.246,148.246,0.3,0.31,0.69,0.7,0.01,0.01,78421.67,1776991346000
1776991348.6,148.6,0.3,0.31,0.69,0.7,0.01,0.01,78421.66,1776991347000
1776991348.996,148.996,0.3,0.31,0.69,0.7,0.01,0.01,78427.31,1776991348000
1776991349.38,149.38,0.3,0.31,0.69,0.7,0.01,0.01,78427.31,1776991348000
1776991349.783,149.783,0.3,0.31,0.69,0.7,0.01,0.01,78427.31,1776991348000
1776991350.141,150.141,0.3,0.31,0.69,0.7,0.01,0.01,78431.71,1776991349000
1776991350.569,150.569,0.3,0.31,0.69,0.7,0.01,0.01,78431.71,1776991349000
1776991350.918,150.918,0.3,0.31,0.69,0.7,0.01,0.01,78431.71,1776991349000
1776991351.254,151.254,0.3,0.31,0.69,0.7,0.01,0.01,78432.39,1776991350000
1776991351.822,151.822,0.3,0.32,0.68,0.7,0.02,0.02,78432.39,1776991350000
1776991352.174,152.174,0.3,0.31,0.69,0.7,0.01,0.01,78432.39,1776991350000
1776991352.561,152.561,0.3,0.32,0.68,0.71,0.02,0.03,78432.42,1776991351000
1776991353.346,153.346,0.3,0.31,0.69,0.7,0.01,0.01,78432.42,1776991351000
1776991353.698,153.698,0.3,0.31,0.69,0.7,0.01,0.01,78432.37,1776991352000
1776991354.099,154.099,0.28,0.3,0.69,0.71,0.02,0.02,78432.37,1776991352000
1776991354.605,154.605,0.29,0.3,0.7,0.72,0.01,0.02,78432.36,1776991353000
1776991354.976,154.976,0.27,0.28,0.72,0.73,0.01,0.01,78432.36,1776991353000
1776991355.543,155.543,0.27,0.28,0.72,0.73,0.01,0.01,78432.6,1776991354000
1776991355.904,155.904,0.26,0.27,0.73,0.74,0.01,0.01,78432.6,1776991354000
1776991356.26,156.26,0.26,0.27,0.73,0.75,0.01,0.02,78432.6,1776991354000
1776991356.612,156.612,0.24,0.25,0.74,0.76,0.01,0.02,78432.7,1776991355000
1776991356.946,156.946,0.25,0.26,0.74,0.75,0.01,0.01,78432.7,1776991355000
1776991357.501,157.501,0.26,0.27,0.73,0.74,0.01,0.01,78432.59,1776991356000
1776991358.097,158.097,0.26,0.27,0.73,0.74,0.01,0.01,78432.59,1776991356000
1776991358.93,158.93,0.26,0.27,0.73,0.74,0.01,0.01,78432.48,1776991357000
1776991360.125,160.125,0.25,0.27,0.73,0.76,0.02,0.03,78432.67,1776991358000
1776991360.816,160.816,0.25,0.27,0.73,0.75,0.02,0.02,78432.8,1776991359000
1776991361.152,161.152,0.23,0.26,0.74,0.77,0.03,0.03,78432.8,1776991359000
1776991361.545,161.545,0.24,0.25,0.74,0.77,0.01,0.03,78431.67,1776991360000
1776991362.321,162.321,0.24,0.27,0.73,0.76,0.03,0.03,78430.13,1776991361000
1776991362.695,162.695,0.23,0.27,0.73,0.76,0.04,0.03,78430.13,1776991361000
1776991363.155,163.155,0.22,0.24,0.76,0.78,0.02,0.02,78429.34,1776991362000
1776991363.76,163.76,0.24,0.25,0.75,0.78,0.01,0.03,78429.34,1776991362000
1776991364.102,164.102,0.22,0.24,0.75,0.78,0.02,0.03,78429.34,1776991362000
1776991364.478,164.478,0.22,0.23,0.77,0.78,0.01,0.01,78425.71,1776991363000
1776991364.844,164.844,0.22,0.23,0.77,0.78,0.01,0.01,78425.71,1776991363000
1776991365.365,165.365,0.22,0.23,0.77,0.78,0.01,0.01,78423.97,1776991364000
1776991365.711,165.711,0.22,0.23,0.77,0.78,0.01,0.01,78423.97,1776991364000
1776991366.131,166.131,0.22,0.23,0.77,0.78,0.01,0.01,78423.97,1776991364000
1776991366.577,166.577,0.21,0.22,0.78,0.79,0.01,0.01,78421.53,1776991365000
1776991366.969,166.969,0.21,0.22,0.78,0.79,0.01,0.01,78421.53,1776991365000
1776991367.331,167.331,0.21,0.22,0.78,0.79,0.01,0.01,78422.85,1776991366000
1776991367.859,167.859,0.21,0.22,0.78,0.79,0.01,0.01,78422.85,1776991366000
1776991368.284,168.284,0.21,0.22,0.78,0.79,0.01,0.01,78422.85,1776991366000
1776991368.851,168.851,0.21,0.22,0.78,0.79,0.01,0.01,78422.88,1776991367000
1776991369.208,169.208,0.21,0.23,0.78,0.79,0.02,0.01,78422.88,1776991367000
1776991369.726,169.726,0.22,0.23,0.77,0.78,0.01,0.01,78422.88,1776991368000
1776991370.346,170.346,0.22,0.23,0.77,0.78,0.01,0.01,78422.88,1776991368000
1776991370.736,170.736,0.22,0.23,0.77,0.78,0.01,0.01,78422.58,1776991369000
1776991371.07,171.07,0.22,0.23,0.77,0.78,0.01,0.01,78422.58,1776991369000
1776991371.422,171.422,0.21,0.23,0.77,0.79,0.02,0.02,78422.58,1776991370000
1776991372.148,172.148,0.21,0.22,0.78,0.79,0.01,0.01,78422.58,1776991370000
1776991372.545,172.545,0.21,0.22,0.78,0.79,0.01,0.01,78420.89,1776991371000
1776991372.927,172.927,0.21,0.22,0.78,0.79,0.01,0.01,78420.89,1776991371000
1776991373.27,173.27,0.21,0.22,0.78,0.79,0.01,0.01,78420.9,1776991372000
1776991373.605,173.605,0.21,0.22,0.78,0.79,0.01,0.01,78420.9,1776991372000
1776991374.029,174.029,0.21,0.22,0.78,0.79,0.01,0.01,78420.9,1776991372000
1776991374.362,174.362,0.21,0.22,0.78,0.79,0.01,0.01,78418.44,1776991373000
1776991374.723,174.723,0.19,0.21,0.79,0.81,0.02,0.02,78418.44,1776991373000
1776991375.242,175.242,0.16,0.2,0.8,0.84,0.04,0.04,78411.93,1776991374000
1776991375.751,175.751,0.15,0.19,0.8,0.85,0.04,0.05,78411.93,1776991374000
1776991376.201,176.201,0.15,0.19,0.81,0.85,0.04,0.04,78410.23,1776991375000
1776991377.194,177.194,0.15,0.19,0.81,0.85,0.04,0.04,78408.14,1776991376000
1776991377.663,177.663,0.16,0.17,0.81,0.85,0.01,0.04,78408.14,1776991376000
1776991378.102,178.102,0.15,0.16,0.84,0.85,0.01,0.01,78399.02,1776991377000
1776991378.676,178.676,0.15,0.16,0.84,0.85,0.01,0.01,78399.02,1776991377000
1776991379.029,179.029,0.15,0.16,0.84,0.85,0.01,0.01,78399.02,1776991377000
1776991379.367,179.367,0.15,0.16,0.84,0.85,0.01,0.01,78398.96,1776991378000
1776991379.756,179.756,0.14,0.16,0.84,0.86,0.02,0.02,78398.96,1776991378000
1776991380.105,180.105,0.14,0.16,0.84,0.86,0.02,0.02,78399.02,1776991379000
1776991380.462,180.462,0.16,0.17,0.83,0.84,0.01,0.01,78399.02,1776991379000
1776991380.892,180.892,0.16,0.17,0.83,0.84,0.01,0.01,78399.02,1776991379000
1776991381.259,181.259,0.16,0.17,0.83,0.84,0.01,0.01,78397.76,1776991380000
1776991381.604,181.604,0.1,0.17,0.83,0.9,0.07,0.07,78397.76,1776991380000
1776991381.98,181.98,0.11,0.12,0.88,0.89,0.01,0.01,78397.76,1776991380000
1776991382.323,182.323,0.12,0.14,0.87,0.88,0.02,0.01,78399.23,1776991381000
1776991382.661,182.661,0.14,0.15,0.85,0.86,0.01,0.01,78399.23,1776991381000
1776991383.034,183.034,0.14,0.15,0.85,0.86,0.01,0.01,78399.23,1776991381000
1776991383.384,183.384,0.14,0.15,0.85,0.86,0.01,0.01,78396.18,1776991382000
1776991383.737,183.737,0.14,0.15,0.85,0.86,0.01,0.01,78396.18,1776991382000
1776991384.129,184.129,0.14,0.15,0.85,0.86,0.01,0.01,78395.04,1776991383000
1776991384.533,184.533,0.14,0.15,0.85,0.86,0.01,0.01,78395.04,1776991383000
1776991385.282,185.282,0.14,0.15,0.85,0.86,0.01,0.01,78394.98,1776991384000
1776991385.748,185.748,0.14,0.15,0.85,0.86,0.01,0.01,78394.98,1776991384000
1776991386.332,186.332,0.14,0.15,0.85,0.86,0.01,0.01,78394.85,1776991385000
1776991386.696,186.696,0.14,0.15,0.85,0.86,0.01,0.01,78394.85,1776991385000
1776991387.161,187.161,0.14,0.15,0.85,0.86,0.01,0.01,78394.85,1776991386000
1776991387.521,187.521,0.14,0.15,0.85,0.86,0.01,0.01,78394.85,1776991386000
1776991387.871,187.871,0.14,0.15,0.85,0.86,0.01,0.01,78394.85,1776991386000
1776991388.277,188.277,0.14,0.15,0.85,0.86,0.01,0.01,78394.75,1776991387000
1776991388.677,188.677,0.14,0.15,0.85,0.86,0.01,0.01,78394.75,1776991387000
1776991389.017,189.017,0.13,0.15,0.85,0.86,0.02,0.01,78394.75,1776991387000
1776991389.781,189.781,0.14,0.15,0.85,0.86,0.01,0.01,78394.45,1776991388000
1776991390.214,190.214,0.13,0.14,0.86,0.87,0.01,0.01,78394.45,1776991388000
1776991390.547,190.547,0.13,0.14,0.86,0.87,0.01,0.01,78394.79,1776991389000
1776991390.903,190.903,0.11,0.12,0.88,0.89,0.01,0.01,78394.79,1776991389000
1776991391.313,191.313,0.13,0.14,0.86,0.87,0.01,0.01,78394.85,1776991390000
1776991391.741,191.741,0.13,0.14,0.86,0.87,0.01,0.01,78394.85,1776991390000
1776991392.083,192.083,0.13,0.15,0.85,0.87,0.02,0.02,78394.85,1776991391000
1776991392.782,192.782,0.13,0.14,0.86,0.87,0.01,0.01,78394.85,1776991391000
1776991393.136,193.136,0.13,0.15,0.85,0.87,0.02,0.02,78397.46,1776991392000
1776991393.516,193.516,0.13,0.14,0.86,0.87,0.01,0.01,78397.46,1776991392000
1776991394.086,194.086,0.13,0.14,0.86,0.87,0.01,0.01,78397.46,1776991392000
1776991394.46,194.46,0.12,0.13,0.86,0.87,0.01,0.01,78398.31,1776991393000
1776991394.945,194.945,0.12,0.13,0.87,0.88,0.01,0.01,78398.31,1776991393000
1776991395.295,195.295,0.12,0.13,0.87,0.88,0.01,0.01,78397.67,1776991394000
1776991395.762,195.762,0.12,0.13,0.87,0.88,0.01,0.01,78397.67,1776991394000
1776991396.101,196.101,0.12,0.13,0.87,0.88,0.01,0.01,78397.67,1776991394000
1776991396.8,196.8,0.12,0.13,0.86,0.88,0.01,0.02,78399.68,1776991395000
1776991397.315,197.315,0.12,0.13,0.86,0.88,0.01,0.02,78400.22,1776991396000
1776991397.722,197.722,0.12,0.13,0.87,0.88,0.01,0.01,78400.22,1776991396000
1776991398.122,198.122,0.13,0.14,0.86,0.87,0.01,0.01,78402.62,1776991397000
1776991398.553,198.553,0.12,0.14,0.86,0.87,0.02,0.01,78402.62,1776991397000
1776991398.927,198.927,0.12,0.14,0.87,0.88,0.02,0.01,78402.62,1776991397000
1776991399.274,199.274,0.12,0.14,0.87,0.88,0.02,0.01,78402.62,1776991397000
1776991399.637,199.637,0.12,0.13,0.87,0.88,0.01,0.01,78406.74,1776991398000
1776991400.036,200.036,0.12,0.14,0.86,0.87,0.02,0.01,78406.74,1776991398000
1776991400.406,200.406,0.12,0.13,0.87,0.88,0.01,0.01,78407.94,1776991399000
1776991400.978,200.978,0.12,0.13,0.87,0.88,0.01,0.01,78407.94,1776991399000
1776991401.414,201.414,0.13,0.14,0.86,0.87,0.01,0.01,78407.94,1776991400000
1776991401.787,201.787,0.13,0.14,0.86,0.87,0.01,0.01,78407.94,1776991400000
1776991402.132,202.132,0.12,0.13,0.87,0.88,0.01,0.01,78407.93,1776991401000
1776991402.788,202.788,0.12,0.13,0.87,0.88,0.01,0.01,78407.93,1776991401000
1776991403.126,203.126,0.12,0.13,0.87,0.88,0.01,0.01,78407.93,1776991401000
1776991404.161,204.161,0.12,0.13,0.87,0.88,0.01,0.01,78407.93,1776991402000
1776991404.557,204.557,0.12,0.13,0.87,0.88,0.01,0.01,78407.93,1776991402000
1776991405.111,205.111,0.12,0.13,0.87,0.88,0.01,0.01,78407.5,1776991403000
1776991405.5,205.5,0.11,0.13,0.87,0.89,0.02,0.02,78407.5,1776991404000
1776991405.898,205.898,0.12,0.13,0.87,0.88,0.01,0.01,78407.5,1776991404000
1776991406.352,206.352,0.12,0.13,0.87,0.88,0.01,0.01,78407.49,1776991405000
1776991406.849,206.849,0.12,0.13,0.87,0.88,0.01,0.01,78407.49,1776991405000
1776991407.207,207.207,0.12,0.14,0.86,0.88,0.02,0.02,78407.49,1776991405000
1776991407.591,207.591,0.13,0.14,0.86,0.87,0.01,0.01,78407.61,1776991406000
1776991407.925,207.925,0.13,0.14,0.86,0.87,0.01,0.01,78407.61,1776991406000
1776991408.274,208.274,0.13,0.15,0.85,0.87,0.02,0.02,78408.12,1776991407000
1776991408.673,208.673,0.14,0.15,0.85,0.86,0.01,0.01,78408.12,1776991407000
1776991409.393,209.393,0.14,0.15,0.85,0.86,0.01,0.01,78408.12,1776991407000
1776991409.908,209.908,0.15,0.16,0.84,0.85,0.01,0.01,78408.84,1776991408000
1776991410.321,210.321,0.15,0.16,0.84,0.85,0.01,0.01,78410.06,1776991409000
1776991410.734,210.734,0.15,0.16,0.84,0.85,0.01,0.01,78410.06,1776991409000
1776991411.358,211.358,0.15,0.16,0.84,0.85,0.01,0.01,78410.47,1776991410000
1776991411.758,211.758,0.15,0.16,0.84,0.85,0.01,0.01,78410.47,1776991410000
1776991412.67,212.67,0.15,0.17,0.83,0.85,0.02,0.02,78411.54,1776991411000
1776991413.159,213.159,0.15,0.17,0.83,0.85,0.02,0.02,78411.54,1776991412000
1776991413.494,213.494,0.16,0.17,0.83,0.84,0.01,0.01,78411.54,1776991412000
1776991414.534,214.534,0.16,0.17,0.83,0.84,0.01,0.01,78411.54,1776991413000
1776991415.037,215.037,0.16,0.17,0.83,0.84,0.01,0.01,78411.75,1776991414000
1776991415.816,215.816,0.16,0.17,0.83,0.84,0.01,0.01,78411.75,1776991414000
1776991416.199,216.199,0.16,0.17,0.83,0.84,0.01,0.01,78411.77,1776991415000
1776991416.664,216.664,0.16,0.17,0.83,0.84,0.01,0.01,78411.77,1776991415000
1776991417.047,217.047,0.16,0.17,0.83,0.84,0.01,0.01,78411.77,1776991415000
1776991417.453,217.453,0.16,0.17,0.83,0.84,0.01,0.01,78412.49,1776991416000
1776991417.788,217.788,0.16,0.17,0.83,0.84,0.01,0.01,78412.49,1776991416000
1776991418.145,218.145,0.15,0.17,0.83,0.85,0.02,0.02,78412.49,1776991416000
1776991418.799,218.799,0.17,0.18,0.82,0.83,0.01,0.01,78412.3,1776991417000
1776991419.157,219.157,0.17,0.18,0.82,0.83,0.01,0.01,78412.3,1776991417000
1776991419.493,219.493,0.17,0.18,0.82,0.83,0.01,0.01,78411.85,1776991418000
1776991419.936,219.936,0.17,0.18,0.82,0.83,0.01,0.01,78411.85,1776991418000
1776991420.284,220.284,0.17,0.18,0.82,0.83,0.01,0.01,78411.85,1776991418000
1776991420.732,220.732,0.17,0.18,0.82,0.83,0.01,0.01,78411.73,1776991419000
1776991421.476,221.476,0.17,0.18,0.82,0.83,0.01,0.01,78411.74,1776991420000
1776991421.861,221.861,0.17,0.18,0.82,0.83,0.01,0.01,78411.74,1776991420000
1776991422.365,222.365,0.19,0.2,0.8,0.81,0.01,0.01,78411.6,1776991421000
1776991422.873,222.873,0.19,0.2,0.8,0.81,0.01,0.01,78411.6,1776991421000
1776991423.377,223.377,0.19,0.2,0.8,0.81,0.01,0.01,78411.9,1776991422000
1776991423.969,223.969,0.19,0.2,0.8,0.81,0.01,0.01,78411.9,1776991422000
1776991424.308,224.308,0.19,0.21,0.8,0.81,0.02,0.01,78419.46,1776991423000
1776991424.71,224.71,0.19,0.2,0.79,0.81,0.01,0.02,78419.46,1776991423000
1776991425.07,225.07,0.19,0.2,0.8,0.81,0.01,0.01,78419.46,1776991423000
1776991425.477,225.477,0.18,0.2,0.8,0.81,0.02,0.01,78424.15,1776991424000
1776991425.905,225.905,0.18,0.19,0.81,0.82,0.01,0.01,78424.15,1776991424000
1776991426.263,226.263,0.18,0.19,0.81,0.82,0.01,0.01,78424.15,1776991424000
1776991426.605,226.605,0.18,0.19,0.81,0.82,0.01,0.01,78419.57,1776991425000
1776991426.972,226.972,0.18,0.19,0.81,0.82,0.01,0.01,78418.57,1776991426000
1776991427.342,227.342,0.18,0.19,0.81,0.82,0.01,0.01,78418.57,1776991426000
1776991427.697,227.697,0.18,0.19,0.81,0.82,0.01,0.01,78418.57,1776991426000
1776991428.087,228.087,0.18,0.19,0.81,0.82,0.01,0.01,78417.24,1776991427000
1776991428.455,228.455,0.2,0.21,0.79,0.8,0.01,0.01,78417.24,1776991427000
1776991428.827,228.827,0.2,0.21,0.79,0.8,0.01,0.01,78417.24,1776991427000
1776991429.172,229.172,0.2,0.21,0.79,0.8,0.01,0.01,78416.1,1776991428000
1776991429.536,229.536,0.2,0.21,0.79,0.8,0.01,0.01,78416.1,1776991428000
1776991429.929,229.929,0.2,0.21,0.79,0.8,0.01,0.01,78416.1,1776991428000
1776991430.328,230.328,0.2,0.21,0.79,0.8,0.01,0.01,78416.1,1776991428000
1776991430.718,230.718,0.2,0.21,0.79,0.8,0.01,0.01,78416.1,1776991428000
1776991431.119,231.119,0.2,0.21,0.79,0.8,0.01,0.01,78417.42,1776991429000
1776991431.531,231.531,0.2,0.21,0.79,0.8,0.01,0.01,78417.21,1776991430000
1776991432.135,232.135,0.19,0.2,0.79,0.8,0.01,0.01,78417.21,1776991430000
1776991432.476,232.476,0.2,0.21,0.79,0.8,0.01,0.01,78417.21,1776991431000
1776991433.147,233.147,0.19,0.2,0.79,0.8,0.01,0.01,78417.21,1776991431000
1776991433.491,233.491,0.21,0.22,0.78,0.79,0.01,0.01,78417.21,1776991431000
1776991433.885,233.885,0.21,0.22,0.78,0.79,0.01,0.01,78418.36,1776991432000
1776991434.26,234.26,0.21,0.22,0.78,0.79,0.01,0.01,78416.88,1776991433000
1776991435.15,235.15,0.21,0.22,0.78,0.79,0.01,0.01,78416.88,1776991433000
1776991435.531,235.531,0.2,0.22,0.78,0.8,0.02,0.02,78417.75,1776991434000
1776991436.222,236.222,0.19,0.2,0.8,0.81,0.01,0.01,78417.75,1776991434000
1776991436.597,236.597,0.19,0.2,0.8,0.81,0.01,0.01,78417.84,1776991435000
1776991437.113,237.113,0.19,0.2,0.8,0.81,0.01,0.01,78417.84,1776991435000
1776991437.458,237.458,0.19,0.2,0.8,0.81,0.01,0.01,78417.65,1776991436000
1776991437.883,237.883,0.19,0.2,0.8,0.81,0.01,0.01,78417.65,1776991436000
1776991438.24,238.24,0.19,0.2,0.8,0.81,0.01,0.01,78417.65,1776991436000
1776991438.591,238.591,0.19,0.2,0.8,0.81,0.01,0.01,78417.43,1776991437000
1776991438.98,238.98,0.19,0.2,0.8,0.81,0.01,0.01,78417.43,1776991437000
1776991439.38,239.38,0.19,0.2,0.8,0.81,0.01,0.01,78417.05,1776991438000
1776991440.049,240.049,0.19,0.2,0.8,0.81,0.01,0.01,78417.04,1776991439000
1776991440.414,240.414,0.19,0.2,0.8,0.81,0.01,0.01,78417.04,1776991439000
1776991440.771,240.771,0.18,0.2,0.8,0.81,0.02,0.01,78417.04,1776991439000
1776991441.132,241.132,0.18,0.19,0.81,0.82,0.01,0.01,78417.04,1776991439000
1776991441.596,241.596,0.17,0.18,0.81,0.83,0.01,0.02,78417.16,1776991440000
1776991442.162,242.162,0.17,0.18,0.82,0.83,0.01,0.01,78417.16,1776991440000
1776991442.736,242.736,0.17,0.18,0.82,0.83,0.01,0.01,78417.16,1776991440000
1776991443.218,243.218,0.17,0.18,0.82,0.83,0.01,0.01,78417.24,1776991441000
1776991443.743,243.743,0.17,0.18,0.82,0.83,0.01,0.01,78417.07,1776991442000
1776991444.079,244.079,0.17,0.18,0.82,0.83,0.01,0.01,78417.07,1776991442000
1776991444.439,244.439,0.17,0.18,0.82,0.83,0.01,0.01,78416.96,1776991443000
1776991444.928,244.928,0.17,0.18,0.82,0.83,0.01,0.01,78416.96,1776991443000
1776991445.405,245.405,0.17,0.18,0.82,0.83,0.01,0.01,78416.96,1776991443000
1776991445.884,245.884,0.15,0.19,0.81,0.82,0.04,0.01,78416.96,1776991443000
1776991446.231,246.231,0.15,0.16,0.81,0.85,0.01,0.04,78416.96,1776991443000
1776991446.573,246.573,0.15,0.16,0.84,0.85,0.01,0.01,78417.18,1776991445000
1776991447.105,247.105,0.15,0.16,0.84,0.85,0.01,0.01,78417.18,1776991445000
1776991447.605,247.605,0.15,0.16,0.84,0.85,0.01,0.01,78417.18,1776991445000
1776991448.122,248.122,0.15,0.16,0.84,0.85,0.01,0.01,78417.18,1776991445000
1776991448.775,248.775,0.15,0.16,0.84,0.85,0.01,0.01,78417.71,1776991447000
1776991449.383,249.383,0.15,0.16,0.84,0.85,0.01,0.01,78417.71,1776991447000
1776991449.923,249.923,0.14,0.15,0.84,0.85,0.01,0.01,78417.68,1776991448000
1776991450.355,250.355,0.14,0.15,0.85,0.86,0.01,0.01,78417.68,1776991448000
1776991451.041,251.041,0.14,0.15,0.85,0.86,0.01,0.01,78417.38,1776991449000
1776991451.418,251.418,0.13,0.14,0.85,0.86,0.01,0.01,78417.29,1776991450000
1776991451.875,251.875,0.13,0.14,0.86,0.87,0.01,0.01,78417.29,1776991450000
1776991452.269,252.269,0.13,0.14,0.86,0.87,0.01,0.01,78417.29,1776991450000
1776991452.611,252.611,0.13,0.14,0.86,0.87,0.01,0.01,78417.05,1776991451000
1776991453.096,253.096,0.12,0.13,0.86,0.88,0.01,0.02,78417.05,1776991451000
1776991453.46,253.46,0.12,0.13,0.87,0.88,0.01,0.01,78416.17,1776991452000
1776991454.007,254.007,0.12,0.13,0.87,0.88,0.01,0.01,78416.17,1776991452000
1776991454.463,254.463,0.11,0.13,0.87,0.89,0.02,0.02,78416.17,1776991452000
1776991454.949,254.949,0.11,0.12,0.87,0.89,0.01,0.02,78416.44,1776991453000
1776991455.401,255.401,0.11,0.12,0.88,0.89,0.01,0.01,78416.44,1776991453000
1776991455.74,255.74,0.11,0.12,0.88,0.89,0.01,0.01,78416.52,1776991454000
1776991456.108,256.108,0.11,0.12,0.88,0.89,0.01,0.01,78416.52,1776991454000
1776991456.45,256.45,0.11,0.12,0.88,0.89,0.01,0.01,78416.52,1776991455000
1776991456.806,256.806,0.1,0.11,0.88,0.9,0.01,0.02,78416.52,1776991455000
1776991457.177,257.177,0.1,0.11,0.89,0.9,0.01,0.01,78416.52,1776991455000
1776991457.587,257.587,0.1,0.11,0.89,0.9,0.01,0.01,78416.52,1776991455000
1776991457.964,257.964,0.07,0.09,0.91,0.92,0.02,0.01,78416.39,1776991456000
1776991458.384,258.384,0.07,0.08,0.92,0.93,0.01,0.01,78416.44,1776991457000
1776991458.747,258.747,0.07,0.08,0.92,0.93,0.01,0.01,78416.44,1776991457000
1776991459.109,259.109,0.07,0.08,0.92,0.93,0.01,0.01,78416.44,1776991457000
1776991459.443,259.443,0.08,0.09,0.91,0.92,0.01,0.01,78416.44,1776991458000
1776991459.804,259.804,0.08,0.09,0.91,0.92,0.01,0.01,78416.44,1776991458000
1776991460.413,260.413,0.08,0.1,0.9,0.92,0.02,0.02,78416.44,1776991458000
1776991460.782,260.782,0.08,0.09,0.9,0.92,0.01,0.02,78414.83,1776991459000
1776991461.148,261.148,0.08,0.09,0.91,0.92,0.01,0.01,78414.83,1776991459000
1776991461.609,261.609,0.08,0.09,0.91,0.92,0.01,0.01,78414.83,1776991460000
1776991461.949,261.949,0.08,0.09,0.91,0.92,0.01,0.01,78414.83,1776991460000
1776991462.283,262.283,0.08,0.09,0.91,0.92,0.01,0.01,78414.83,1776991460000
1776991462.685,262.685,0.08,0.09,0.91,0.92,0.01,0.01,78414.83,1776991460000
1776991463.029,263.029,0.06,0.07,0.92,0.93,0.01,0.01,78414.71,1776991461000
1776991463.417,263.417,0.04,0.06,0.94,0.95,0.02,0.01,78414.71,1776991461000
1776991463.837,263.837,0.04,0.05,0.95,0.96,0.01,0.01,78414.67,1776991462000
1776991464.248,264.248,0.04,0.05,0.95,0.96,0.01,0.01,78414.67,1776991462000
1776991464.593,264.593,0.04,0.05,0.95,0.96,0.01,0.01,78412.64,1776991463000
1776991465.008,265.008,0.04,0.05,0.95,0.96,0.01,0.01,78412.64,1776991463000
1776991465.392,265.392,0.04,0.05,0.95,0.96,0.01,0.01,78412.64,1776991463000
1776991465.797,265.797,0.04,0.05,0.95,0.96,0.01,0.01,78409.1,1776991464000
1776991466.17,266.17,0.04,0.05,0.95,0.96,0.01,0.01,78408.89,1776991465000
1776991466.598,266.598,0.04,0.05,0.95,0.96,0.01,0.01,78408.89,1776991465000
1776991466.946,266.946,0.04,0.05,0.95,0.96,0.01,0.01,78408.89,1776991465000
1776991467.392,267.392,0.03,0.04,0.96,0.97,0.01,0.01,78408.52,1776991466000
1776991467.736,267.736,0.03,0.04,0.96,0.97,0.01,0.01,78408.52,1776991466000
1776991468.099,268.099,0.03,0.04,0.96,0.97,0.01,0.01,78407.86,1776991467000
1776991468.641,268.641,0.02,0.03,0.96,0.98,0.01,0.02,78407.86,1776991467000
1776991469.033,269.033,0.02,0.03,0.97,0.98,0.01,0.01,78407.86,1776991467000
1776991469.371,269.371,0.02,0.03,0.97,0.98,0.01,0.01,78407.83,1776991468000
1776991469.815,269.815,0.02,0.03,0.97,0.98,0.01,0.01,78407.83,1776991468000
1776991470.159,270.159,0.02,0.03,0.97,0.98,0.01,0.01,78407.81,1776991469000
1776991470.54,270.54,0.02,0.03,0.97,0.98,0.01,0.01,78407.81,1776991469000
1776991470.896,270.896,0.02,0.03,0.97,0.98,0.01,0.01,78407.81,1776991469000
1776991471.268,271.268,0.01,0.02,0.98,0.99,0.01,0.01,78406.68,1776991470000
1776991471.66,271.66,0.01,0.02,0.98,0.99,0.01,0.01,78406.68,1776991470000
1776991472.005,272.005,0.01,0.02,0.98,0.99,0.01,0.01,78406.68,1776991470000
1776991472.467,272.467,0.01,0.02,0.98,0.99,0.01,0.01,78403.23,1776991471000
1776991472.919,272.919,0.01,0.02,0.98,0.99,0.01,0.01,78403.23,1776991471000
1776991473.258,273.258,0.01,0.02,0.98,0.99,0.01,0.01,78402.69,1776991472000
1776991473.593,273.593,0.01,0.02,0.98,0.99,0.01,0.01,78402.69,1776991472000
1776991473.983,273.983,0.01,0.02,0.98,0.99,0.01,0.01,78402.69,1776991472000
1776991474.385,274.385,0.01,0.02,0.98,0.99,0.01,0.01,78402.87,1776991473000
1776991474.73,274.73,0.01,0.02,0.98,0.99,0.01,0.01,78402.87,1776991473000
1776991475.133,275.133,0.01,0.02,0.98,0.99,0.01,0.01,78402.87,1776991473000
1776991475.513,275.513,0.01,0.02,0.98,0.99,0.01,0.01,78407.6,1776991474000
1776991476.083,276.083,0.01,0.02,0.98,0.99,0.01,0.01,78407.6,1776991474000
1776991476.497,276.497,0.01,0.02,0.98,0.99,0.01,0.01,78410.32,1776991475000
1776991476.835,276.835,0.01,0.02,0.98,0.99,0.01,0.01,78410.32,1776991475000
1776991477.189,277.189,0.01,0.02,0.98,0.99,0.01,0.01,78410.32,1776991475000
1776991477.573,277.573,0.01,0.02,0.98,0.99,0.01,0.01,78409.65,1776991476000
1776991478.129,278.129,0.01,0.02,0.98,0.99,0.01,0.01,78409.65,1776991476000
1776991478.623,278.623,0.01,0.02,0.98,0.99,0.01,0.01,78409.65,1776991476000
1776991478.956,278.956,0.01,0.02,0.98,0.99,0.01,0.01,78409.79,1776991477000
1776991479.522,279.522,0.01,0.01,0.99,0.99,0.0,0.0,78409.79,1776991478000
1776991479.864,279.864,0.01,0.01,0.99,0.99,0.0,0.0,78409.79,1776991478000
1776991480.229,280.229,0.01,0.01,0.99,0.99,0.0,0.0,78409.83,1776991479000
1776991480.629,280.629,0.01,0.01,0.99,0.99,0.0,0.0,78409.83,1776991479000
1776991481.15,281.15,0.01,0.01,0.99,0.99,0.0,0.0,78409.83,1776991479000
1776991481.554,281.554,0.01,0.01,0.99,0.99,0.0,0.0,78406.39,1776991480000
1776991481.917,281.917,0.01,0.01,0.99,0.99,0.0,0.0,78406.39,1776991480000
1776991482.281,282.281,0.01,0.01,0.99,0.99,0.0,0.0,78407.54,1776991481000
1776991482.756,282.756,0.01,0.01,0.99,0.99,0.0,0.0,78407.54,1776991481000
1776991483.271,283.271,0.01,0.01,0.99,0.99,0.0,0.0,78407.54,1776991481000
1776991484.235,284.235,0.01,0.01,0.99,0.99,0.0,0.0,78404.83,1776991483000
1776991484.699,284.699,0.01,0.01,0.99,0.99,0.0,0.0,78404.83,1776991483000
1776991485.14,285.14,0.01,0.01,0.99,0.99,0.0,0.0,78404.61,1776991484000
1776991485.897,285.897,0.01,0.01,0.99,0.99,0.0,0.0,78404.61,1776991484000
1776991487.13,287.13,0.01,0.01,0.99,0.99,0.0,0.0,78404.53,1776991486000
1776991487.796,287.796,0.01,0.01,0.99,0.99,0.0,0.0,78404.53,1776991486000
1776991488.214,288.214,0.01,0.01,0.99,0.99,0.0,0.0,78404.31,1776991487000
1776991488.578,288.578,0.01,0.01,0.99,0.99,0.0,0.0,78404.31,1776991487000
1776991489.007,289.007,0.01,0.01,0.99,0.99,0.0,0.0,78404.49,1776991488000
1776991489.517,289.517,0.01,0.01,0.99,0.99,0.0,0.0,78404.49,1776991488000
1776991489.939,289.939,0.01,0.01,0.99,0.99,0.0,0.0,78405.08,1776991489000
1776991491.1,291.1,0.01,0.01,0.99,0.99,0.0,0.0,78405.08,1776991489000
1776991491.46,291.46,0.01,0.01,0.99,0.99,0.0,0.0,78405.08,1776991489000
1776991491.887,291.887,0.01,0.01,0.99,0.99,0.0,0.0,78409.02,1776991491000
1776991492.916,292.916,0.01,0.01,0.99,0.99,0.0,0.0,78405.18,1776991492000
1776991493.254,293.254,0.01,0.01,0.99,0.99,0.0,0.0,78405.18,1776991492000
1776991493.935,293.935,0.01,0.01,0.99,0.99,0.0,0.0,78405.13,1776991493000
1776991494.442,294.442,0.01,0.01,0.99,0.99,0.0,0.0,78405.13,1776991493000
1776991494.883,294.883,0.01,0.01,0.99,0.99,0.0,0.0,78407.53,1776991494000
1776991495.373,295.373,0.01,0.01,0.99,0.99,0.0,0.0,78407.53,1776991494000
1776991495.747,295.747,0.01,0.01,0.99,0.99,0.0,0.0,78407.53,1776991494000
1776991496.417,296.417,0.01,0.01,0.99,0.99,0.0,0.0,78407.53,1776991495000
1776991496.894,296.894,0.01,0.01,0.99,0.99,0.0,0.0,78407.49,1776991496000
1776991497.92,297.92,0.01,0.01,0.99,0.99,0.0,0.0,78407.45,1776991497000
1776991498.301,298.301,0.01,0.01,0.99,0.99,0.0,0.0,78407.45,1776991497000
1776991498.876,298.876,0.01,0.01,0.99,0.99,0.0,0.0,78406.9,1776991498000
1776991499.818,299.818,0.01,0.01,0.99,0.99,0.0,0.0,78407.26,1776991499000
1776991500.458,300.458,0.01,0.01,0.99,0.99,0.0,0.0,78407.26,1776991499000
1776991500.839,300.839,0.01,0.01,0.99,0.99,0.0,0.0,78407.26,1776991499000

# RESULT,winner=Down,slug=btc-updown-5m-1776991200,ticks=656
