timestamp,elapsed_sec,up_bid,up_ask,down_bid,down_ask,up_spread,down_spread,btc_price,btc_oracle_ts
1776844800.547,0.547,0.49,0.5,0.5,0.52,0.01,0.02,78003.04,1776844798000
1776844800.885,0.885,0.49,0.5,0.5,0.51,0.01,0.01,78012.83,1776844799000
1776844801.23,1.23,0.59,0.6,0.4,0.41,0.01,0.01,78012.83,1776844799000
1776844801.616,1.616,0.6,0.61,0.39,0.4,0.01,0.01,78012.83,1776844800000
1776844802.057,2.057,0.6,0.61,0.39,0.4,0.01,0.01,78012.83,1776844800000
1776844802.462,2.462,0.6,0.61,0.39,0.4,0.01,0.01,78013.25,1776844801000
1776844803.113,3.113,0.6,0.61,0.39,0.4,0.01,0.01,78013.25,1776844801000
1776844803.475,3.475,0.6,0.63,0.37,0.4,0.03,0.03,78028.58,1776844802000
1776844803.839,3.839,0.62,0.63,0.37,0.38,0.01,0.01,78028.58,1776844802000
1776844804.268,4.268,0.64,0.66,0.34,0.38,0.02,0.04,78028.58,1776844802000
1776844804.788,4.788,0.67,0.68,0.32,0.35,0.01,0.03,78039.96,1776844803000
1776844805.121,5.121,0.65,0.68,0.32,0.35,0.03,0.03,78039.96,1776844804000
1776844805.457,5.457,0.67,0.68,0.32,0.33,0.01,0.01,78039.96,1776844804000
1776844805.806,5.806,0.67,0.68,0.32,0.33,0.01,0.01,78039.96,1776844804000
1776844806.292,6.292,0.68,0.69,0.31,0.33,0.01,0.02,78040.0,1776844805000
1776844806.658,6.658,0.68,0.69,0.31,0.32,0.01,0.01,78040.0,1776844805000
1776844807.008,7.008,0.68,0.69,0.31,0.32,0.01,0.01,78043.04,1776844806000
1776844807.449,7.449,0.67,0.69,0.31,0.32,0.02,0.01,78043.04,1776844806000
1776844807.901,7.901,0.6,0.61,0.39,0.4,0.01,0.01,78043.04,1776844806000
1776844808.59,8.59,0.6,0.61,0.39,0.4,0.01,0.01,78048.83,1776844807000
1776844809.097,9.097,0.61,0.62,0.38,0.39,0.01,0.01,78045.91,1776844808000
1776844809.594,9.594,0.61,0.62,0.38,0.39,0.01,0.01,78045.91,1776844808000
1776844810.095,10.095,0.61,0.62,0.38,0.39,0.01,0.01,78037.82,1776844809000
1776844810.927,10.927,0.61,0.62,0.38,0.39,0.01,0.01,78037.82,1776844809000
1776844811.43,11.43,0.61,0.62,0.38,0.39,0.01,0.01,78037.03,1776844810000
1776844812.1,12.1,0.61,0.62,0.38,0.39,0.01,0.01,78037.03,1776844811000
1776844812.473,12.473,0.61,0.62,0.38,0.39,0.01,0.01,78037.03,1776844811000
1776844812.941,12.941,0.61,0.62,0.38,0.39,0.01,0.01,78037.03,1776844811000
1776844813.42,13.42,0.61,0.62,0.38,0.39,0.01,0.01,78035.12,1776844812000
1776844814.037,14.037,0.61,0.62,0.38,0.39,0.01,0.01,78035.12,1776844812000
1776844814.398,14.398,0.6,0.61,0.38,0.39,0.01,0.01,78033.72,1776844813000
1776844814.748,14.748,0.6,0.61,0.39,0.4,0.01,0.01,78033.72,1776844813000
1776844815.173,15.173,0.58,0.59,0.39,0.42,0.01,0.03,78033.72,1776844813000
1776844815.649,15.649,0.55,0.56,0.43,0.45,0.01,0.02,78033.72,1776844813000
1776844815.998,15.998,0.55,0.56,0.44,0.45,0.01,0.01,78033.72,1776844813000
1776844816.503,16.503,0.55,0.56,0.44,0.45,0.01,0.01,78033.72,1776844813000
1776844816.887,16.887,0.55,0.56,0.44,0.45,0.01,0.01,78031.0,1776844815000
1776844817.297,17.297,0.55,0.56,0.44,0.45,0.01,0.01,78031.0,1776844815000
1776844817.865,17.865,0.55,0.56,0.44,0.45,0.01,0.01,78031.0,1776844815000
1776844818.22,18.22,0.55,0.56,0.44,0.45,0.01,0.01,78028.69,1776844816000
1776844818.763,18.763,0.55,0.56,0.44,0.45,0.01,0.01,78028.69,1776844816000
1776844819.113,19.113,0.55,0.56,0.44,0.45,0.01,0.01,78027.03,1776844817000
1776844819.579,19.579,0.55,0.56,0.44,0.45,0.01,0.01,78026.63,1776844818000
1776844820.017,20.017,0.54,0.56,0.44,0.45,0.02,0.01,78026.63,1776844818000
1776844820.358,20.358,0.55,0.57,0.44,0.46,0.02,0.02,78026.49,1776844819000
1776844820.722,20.722,0.64,0.65,0.35,0.38,0.01,0.03,78026.49,1776844819000
1776844821.135,21.135,0.64,0.65,0.35,0.36,0.01,0.01,78026.49,1776844819000
1776844821.525,21.525,0.67,0.68,0.32,0.36,0.01,0.04,78026.49,1776844819000
1776844821.868,21.868,0.66,0.67,0.32,0.34,0.01,0.02,78026.49,1776844819000
1776844822.264,22.264,0.66,0.67,0.33,0.34,0.01,0.01,78026.64,1776844820000
1776844822.836,22.836,0.66,0.67,0.33,0.34,0.01,0.01,78033.55,1776844821000
1776844823.224,23.224,0.65,0.66,0.33,0.34,0.01,0.01,78033.55,1776844821000
1776844823.694,23.694,0.65,0.66,0.34,0.35,0.01,0.01,78038.85,1776844822000
1776844824.086,24.086,0.65,0.66,0.34,0.35,0.01,0.01,78038.85,1776844822000
1776844824.453,24.453,0.65,0.66,0.34,0.35,0.01,0.01,78038.85,1776844822000
1776844824.836,24.836,0.67,0.68,0.32,0.33,0.01,0.01,78039.72,1776844823000
1776844825.245,25.245,0.65,0.69,0.31,0.33,0.04,0.02,78039.72,1776844823000
1776844825.719,25.719,0.68,0.69,0.31,0.32,0.01,0.01,78043.14,1776844824000
1776844826.057,26.057,0.68,0.69,0.31,0.32,0.01,0.01,78040.57,1776844825000
1776844826.499,26.499,0.68,0.69,0.31,0.32,0.01,0.01,78040.57,1776844825000
1776844827.135,27.135,0.67,0.68,0.31,0.33,0.01,0.02,78040.57,1776844825000
1776844827.609,27.609,0.67,0.68,0.32,0.33,0.01,0.01,78043.01,1776844826000
1776844828.026,28.026,0.66,0.68,0.32,0.34,0.02,0.02,78043.15,1776844827000
1776844828.434,28.434,0.66,0.67,0.32,0.34,0.01,0.02,78043.15,1776844827000
1776844829.059,29.059,0.63,0.64,0.33,0.38,0.01,0.05,78043.15,1776844827000
1776844829.643,29.643,0.63,0.64,0.36,0.37,0.01,0.01,78043.15,1776844828000
1776844829.979,29.979,0.63,0.64,0.36,0.37,0.01,0.01,78043.12,1776844829000
1776844830.364,30.364,0.63,0.64,0.36,0.37,0.01,0.01,78043.12,1776844829000
1776844830.967,30.967,0.63,0.64,0.36,0.37,0.01,0.01,78043.12,1776844829000
1776844831.363,31.363,0.63,0.65,0.36,0.37,0.02,0.01,78043.12,1776844829000
1776844831.701,31.701,0.64,0.65,0.35,0.37,0.01,0.02,78043.25,1776844830000
1776844832.055,32.055,0.65,0.66,0.33,0.35,0.01,0.02,78045.31,1776844831000
1776844832.896,32.896,0.67,0.7,0.32,0.34,0.03,0.02,78045.31,1776844831000
1776844833.259,33.259,0.74,0.75,0.25,0.27,0.01,0.02,78045.31,1776844831000
1776844833.599,33.599,0.74,0.75,0.25,0.26,0.01,0.01,78045.02,1776844832000
1776844834.026,34.026,0.74,0.75,0.25,0.26,0.01,0.01,78045.02,1776844832000
1776844834.495,34.495,0.74,0.75,0.25,0.26,0.01,0.01,78045.52,1776844833000
1776844834.832,34.832,0.74,0.75,0.25,0.26,0.01,0.01,78045.52,1776844833000
1776844835.189,35.189,0.74,0.75,0.25,0.26,0.01,0.01,78058.02,1776844834000
1776844836.107,36.107,0.74,0.75,0.25,0.26,0.01,0.01,78058.02,1776844834000
1776844836.59,36.59,0.73,0.74,0.25,0.27,0.01,0.02,78065.77,1776844835000
1776844837.178,37.178,0.69,0.72,0.28,0.29,0.03,0.01,78065.77,1776844835000
1776844837.624,37.624,0.71,0.72,0.28,0.29,0.01,0.01,78061.86,1776844836000
1776844838.226,38.226,0.71,0.72,0.28,0.29,0.01,0.01,78061.86,1776844836000
1776844838.568,38.568,0.69,0.72,0.28,0.29,0.03,0.01,78061.7,1776844837000
1776844839.151,39.151,0.7,0.71,0.29,0.3,0.01,0.01,78061.7,1776844837000
1776844839.486,39.486,0.69,0.7,0.3,0.31,0.01,0.01,78061.7,1776844838000
1776844840.044,40.044,0.69,0.7,0.3,0.31,0.01,0.01,78061.7,1776844838000
1776844840.509,40.509,0.69,0.7,0.3,0.31,0.01,0.01,78061.75,1776844839000
1776844840.925,40.925,0.69,0.7,0.3,0.31,0.01,0.01,78061.75,1776844839000
1776844841.404,41.404,0.69,0.7,0.3,0.31,0.01,0.01,78061.75,1776844839000
1776844841.785,41.785,0.69,0.7,0.3,0.31,0.01,0.01,78061.62,1776844840000
1776844842.142,42.142,0.69,0.7,0.3,0.31,0.01,0.01,78061.62,1776844840000
1776844842.498,42.498,0.69,0.7,0.3,0.31,0.01,0.01,78060.92,1776844841000
1776844843.176,43.176,0.69,0.7,0.3,0.31,0.01,0.01,78060.92,1776844841000
1776844843.84,43.84,0.69,0.7,0.3,0.31,0.01,0.01,78058.71,1776844842000
1776844844.175,44.175,0.69,0.7,0.3,0.31,0.01,0.01,78058.71,1776844842000
1776844844.511,44.511,0.62,0.66,0.34,0.38,0.04,0.04,78057.77,1776844843000
1776844844.912,44.912,0.58,0.59,0.4,0.43,0.01,0.03,78057.77,1776844843000
1776844845.323,45.323,0.58,0.59,0.41,0.42,0.01,0.01,78057.77,1776844843000
1776844845.726,45.726,0.58,0.59,0.41,0.42,0.01,0.01,78045.07,1776844844000
1776844846.087,46.087,0.58,0.59,0.41,0.42,0.01,0.01,78044.18,1776844845000
1776844846.432,46.432,0.58,0.59,0.41,0.42,0.01,0.01,78044.18,1776844845000
1776844846.851,46.851,0.58,0.59,0.41,0.42,0.01,0.01,78038.98,1776844846000
1776844847.479,47.479,0.58,0.59,0.41,0.42,0.01,0.01,78038.98,1776844846000
1776844847.907,47.907,0.58,0.59,0.41,0.42,0.01,0.01,78038.98,1776844846000
1776844848.326,48.326,0.58,0.59,0.41,0.42,0.01,0.01,78038.61,1776844847000
1776844848.693,48.693,0.58,0.59,0.41,0.42,0.01,0.01,78038.61,1776844847000
1776844849.303,49.303,0.58,0.59,0.41,0.42,0.01,0.01,78038.61,1776844847000
1776844849.698,49.698,0.58,0.59,0.41,0.42,0.01,0.01,78038.59,1776844848000
1776844850.214,50.214,0.58,0.59,0.41,0.42,0.01,0.01,78038.26,1776844849000
1776844850.564,50.564,0.58,0.59,0.41,0.42,0.01,0.01,78038.26,1776844849000
1776844850.965,50.965,0.58,0.59,0.41,0.42,0.01,0.01,78038.24,1776844850000
1776844851.381,51.381,0.58,0.59,0.41,0.42,0.01,0.01,78038.24,1776844850000
1776844851.719,51.719,0.64,0.65,0.35,0.36,0.01,0.01,78038.24,1776844850000
1776844852.079,52.079,0.64,0.66,0.35,0.36,0.02,0.01,78038.24,1776844851000
1776844852.452,52.452,0.65,0.66,0.34,0.35,0.01,0.01,78038.24,1776844851000
1776844852.87,52.87,0.65,0.66,0.34,0.35,0.01,0.01,78038.24,1776844851000
1776844853.228,53.228,0.65,0.66,0.34,0.35,0.01,0.01,78038.2,1776844852000
1776844853.59,53.59,0.65,0.66,0.34,0.35,0.01,0.01,78038.2,1776844852000
1776844853.926,53.926,0.65,0.66,0.34,0.35,0.01,0.01,78038.2,1776844852000
1776844854.441,54.441,0.65,0.66,0.34,0.35,0.01,0.01,78043.51,1776844853000
1776844854.885,54.885,0.65,0.67,0.34,0.35,0.02,0.01,78043.51,1776844853000
1776844855.228,55.228,0.72,0.75,0.26,0.28,0.03,0.02,78049.6,1776844854000
1776844855.764,55.764,0.73,0.74,0.26,0.27,0.01,0.01,78049.6,1776844854000
1776844856.115,56.115,0.74,0.75,0.25,0.26,0.01,0.01,78049.6,1776844854000
1776844856.488,56.488,0.75,0.76,0.24,0.25,0.01,0.01,78046.62,1776844855000
1776844856.822,56.822,0.75,0.76,0.24,0.25,0.01,0.01,78046.62,1776844855000
1776844857.205,57.205,0.75,0.76,0.24,0.25,0.01,0.01,78046.62,1776844855000
1776844857.629,57.629,0.72,0.73,0.27,0.28,0.01,0.01,78059.27,1776844856000
1776844858.057,58.057,0.72,0.73,0.27,0.28,0.01,0.01,78059.27,1776844856000
1776844858.647,58.647,0.72,0.73,0.27,0.28,0.01,0.01,78060.63,1776844857000
1776844859.199,59.199,0.72,0.73,0.27,0.28,0.01,0.01,78060.32,1776844858000
1776844859.723,59.723,0.72,0.73,0.27,0.28,0.01,0.01,78060.32,1776844858000
1776844860.12,60.12,0.72,0.73,0.27,0.28,0.01,0.01,78060.32,1776844858000
1776844860.455,60.455,0.72,0.73,0.27,0.28,0.01,0.01,78059.22,1776844859000
1776844860.788,60.788,0.72,0.73,0.27,0.28,0.01,0.01,78059.22,1776844859000
1776844861.157,61.157,0.72,0.74,0.27,0.28,0.02,0.01,78059.22,1776844859000
1776844861.493,61.493,0.74,0.75,0.25,0.26,0.01,0.01,78059.22,1776844859000
1776844861.906,61.906,0.74,0.75,0.25,0.26,0.01,0.01,78059.24,1776844860000
1776844862.254,62.254,0.74,0.75,0.25,0.26,0.01,0.01,78059.25,1776844861000
1776844862.654,62.654,0.74,0.75,0.25,0.26,0.01,0.01,78059.25,1776844861000
1776844863.145,63.145,0.71,0.72,0.28,0.29,0.01,0.01,78059.25,1776844861000
1776844863.534,63.534,0.71,0.72,0.28,0.29,0.01,0.01,78059.91,1776844862000
1776844864.114,64.114,0.71,0.72,0.28,0.29,0.01,0.01,78059.91,1776844862000
1776844864.525,64.525,0.71,0.72,0.28,0.29,0.01,0.01,78059.08,1776844863000
1776844864.903,64.903,0.71,0.72,0.28,0.29,0.01,0.01,78059.08,1776844863000
1776844865.334,65.334,0.71,0.72,0.28,0.29,0.01,0.01,78060.57,1776844864000
1776844865.771,65.771,0.69,0.7,0.3,0.31,0.01,0.01,78060.57,1776844864000
1776844866.199,66.199,0.67,0.68,0.32,0.33,0.01,0.01,78060.57,1776844864000
1776844866.623,66.623,0.67,0.68,0.32,0.33,0.01,0.01,78058.62,1776844865000
1776844867.231,67.231,0.67,0.68,0.32,0.33,0.01,0.01,78058.62,1776844865000
1776844867.599,67.599,0.67,0.68,0.32,0.33,0.01,0.01,78057.56,1776844866000
1776844868.022,68.022,0.67,0.68,0.32,0.33,0.01,0.01,78057.56,1776844866000
1776844868.459,68.459,0.65,0.66,0.34,0.35,0.01,0.01,78057.56,1776844866000
1776844868.912,68.912,0.65,0.66,0.34,0.35,0.01,0.01,78053.35,1776844867000
1776844869.266,69.266,0.65,0.66,0.34,0.35,0.01,0.01,78053.4,1776844868000
1776844869.608,69.608,0.65,0.66,0.34,0.35,0.01,0.01,78053.4,1776844868000
1776844869.981,69.981,0.65,0.66,0.34,0.35,0.01,0.01,78053.4,1776844868000
1776844870.656,70.656,0.65,0.66,0.34,0.35,0.01,0.01,78051.62,1776844869000
1776844871.016,71.016,0.65,0.66,0.34,0.35,0.01,0.01,78051.62,1776844869000
1776844871.369,71.369,0.65,0.66,0.34,0.35,0.01,0.01,78050.74,1776844870000
1776844871.812,71.812,0.65,0.66,0.34,0.35,0.01,0.01,78050.74,1776844870000
1776844872.145,72.145,0.65,0.66,0.34,0.35,0.01,0.01,78050.74,1776844870000
1776844872.547,72.547,0.59,0.6,0.4,0.41,0.01,0.01,78051.86,1776844871000
1776844872.89,72.89,0.59,0.6,0.4,0.41,0.01,0.01,78051.86,1776844871000
1776844873.238,73.238,0.64,0.65,0.35,0.36,0.01,0.01,78051.86,1776844871000
1776844873.574,73.574,0.64,0.65,0.35,0.36,0.01,0.01,78047.34,1776844872000
1776844873.993,73.993,0.65,0.66,0.34,0.35,0.01,0.01,78039.03,1776844873000
1776844874.377,74.377,0.66,0.67,0.33,0.34,0.01,0.01,78039.03,1776844873000
1776844874.898,74.898,0.66,0.67,0.33,0.34,0.01,0.01,78039.03,1776844873000
1776844875.502,75.502,0.66,0.67,0.33,0.34,0.01,0.01,78041.29,1776844874000
1776844875.845,75.845,0.66,0.67,0.33,0.34,0.01,0.01,78041.29,1776844874000
1776844876.226,76.226,0.66,0.67,0.33,0.34,0.01,0.01,78041.29,1776844874000
1776844876.649,76.649,0.66,0.67,0.33,0.34,0.01,0.01,78041.29,1776844875000
1776844877.089,77.089,0.66,0.67,0.33,0.34,0.01,0.01,78041.29,1776844875000
1776844877.681,77.681,0.66,0.69,0.33,0.34,0.03,0.01,78041.9,1776844876000
1776844878.129,78.129,0.72,0.75,0.25,0.28,0.03,0.03,78041.9,1776844876000
1776844878.526,78.526,0.72,0.75,0.25,0.28,0.03,0.03,78041.9,1776844876000
1776844878.88,78.88,0.74,0.75,0.25,0.26,0.01,0.01,78041.5,1776844877000
1776844879.282,79.282,0.74,0.75,0.25,0.26,0.01,0.01,78049.56,1776844878000
1776844879.703,79.703,0.74,0.75,0.25,0.26,0.01,0.01,78049.56,1776844878000
1776844880.112,80.112,0.74,0.75,0.25,0.26,0.01,0.01,78049.56,1776844878000
1776844880.45,80.45,0.74,0.75,0.25,0.26,0.01,0.01,78062.47,1776844879000
1776844880.911,80.911,0.74,0.75,0.25,0.26,0.01,0.01,78062.47,1776844879000
1776844881.411,81.411,0.74,0.75,0.25,0.26,0.01,0.01,78062.24,1776844880000
1776844881.761,81.761,0.74,0.75,0.25,0.26,0.01,0.01,78062.24,1776844880000
1776844882.287,82.287,0.74,0.75,0.25,0.26,0.01,0.01,78059.88,1776844881000
1776844882.686,82.686,0.74,0.75,0.25,0.26,0.01,0.01,78059.88,1776844881000
1776844883.125,83.125,0.74,0.75,0.25,0.26,0.01,0.01,78062.08,1776844882000
1776844883.458,83.458,0.74,0.75,0.25,0.26,0.01,0.01,78062.08,1776844882000
1776844883.823,83.823,0.74,0.75,0.25,0.26,0.01,0.01,78062.08,1776844882000
1776844884.262,84.262,0.74,0.75,0.25,0.26,0.01,0.01,78062.08,1776844882000
1776844885.093,85.093,0.74,0.75,0.25,0.26,0.01,0.01,78059.76,1776844883000
1776844885.519,85.519,0.74,0.75,0.25,0.26,0.01,0.01,78059.76,1776844883000
1776844885.887,85.887,0.74,0.75,0.25,0.26,0.01,0.01,78059.76,1776844884000
1776844886.236,86.236,0.74,0.75,0.25,0.26,0.01,0.01,78059.75,1776844885000
1776844886.701,86.701,0.74,0.75,0.25,0.26,0.01,0.01,78059.75,1776844885000
1776844887.087,87.087,0.75,0.76,0.24,0.26,0.01,0.02,78059.75,1776844885000
1776844887.504,87.504,0.76,0.77,0.23,0.24,0.01,0.01,78059.16,1776844886000
1776844887.99,87.99,0.78,0.79,0.21,0.22,0.01,0.01,78059.16,1776844886000
1776844888.422,88.422,0.78,0.79,0.21,0.22,0.01,0.01,78059.16,1776844886000
1776844888.914,88.914,0.78,0.79,0.21,0.22,0.01,0.01,78059.15,1776844887000
1776844889.412,89.412,0.78,0.79,0.21,0.22,0.01,0.01,78064.58,1776844888000
1776844890.039,90.039,0.78,0.79,0.21,0.22,0.01,0.01,78064.58,1776844888000
1776844890.428,90.428,0.78,0.79,0.21,0.22,0.01,0.01,78064.58,1776844888000
1776844890.795,90.795,0.78,0.79,0.21,0.22,0.01,0.01,78064.58,1776844888000
1776844891.17,91.17,0.8,0.81,0.19,0.2,0.01,0.01,78066.37,1776844889000
1776844891.518,91.518,0.82,0.83,0.17,0.18,0.01,0.01,78066.37,1776844889000
1776844891.866,91.866,0.82,0.84,0.16,0.18,0.02,0.02,78066.37,1776844889000
1776844892.237,92.237,0.83,0.84,0.16,0.17,0.01,0.01,78065.54,1776844890000
1776844892.572,92.572,0.83,0.84,0.16,0.17,0.01,0.01,78065.54,1776844890000
1776844893.281,93.281,0.83,0.84,0.16,0.17,0.01,0.01,78071.1,1776844891000
1776844893.929,93.929,0.83,0.84,0.16,0.17,0.01,0.01,78075.78,1776844892000
1776844894.282,94.282,0.8,0.82,0.16,0.22,0.02,0.06,78078.53,1776844893000
1776844894.803,94.803,0.8,0.81,0.19,0.2,0.01,0.01,78078.53,1776844893000
1776844895.262,95.262,0.79,0.81,0.19,0.21,0.02,0.02,78077.87,1776844894000
1776844895.688,95.688,0.79,0.8,0.2,0.21,0.01,0.01,78077.87,1776844894000
1776844896.059,96.059,0.79,0.8,0.2,0.21,0.01,0.01,78077.87,1776844894000
1776844896.54,96.54,0.79,0.8,0.2,0.21,0.01,0.01,78077.87,1776844894000
1776844896.892,96.892,0.79,0.8,0.2,0.21,0.01,0.01,78077.94,1776844895000
1776844897.238,97.238,0.79,0.8,0.2,0.21,0.01,0.01,78077.94,1776844895000
1776844897.636,97.636,0.79,0.8,0.2,0.21,0.01,0.01,78077.94,1776844895000
1776844898.051,98.051,0.79,0.8,0.2,0.21,0.01,0.01,78078.39,1776844896000
1776844898.449,98.449,0.79,0.8,0.2,0.21,0.01,0.01,78078.4,1776844897000
1776844898.807,98.807,0.79,0.8,0.2,0.21,0.01,0.01,78078.4,1776844897000
1776844899.206,99.206,0.79,0.8,0.2,0.21,0.01,0.01,78078.4,1776844897000
1776844899.552,99.552,0.79,0.81,0.2,0.21,0.02,0.01,78078.4,1776844897000
1776844899.913,99.913,0.8,0.81,0.19,0.2,0.01,0.01,78078.4,1776844897000
1776844900.361,100.361,0.8,0.87,0.19,0.2,0.07,0.01,78078.31,1776844898000
1776844900.72,100.72,0.86,0.87,0.13,0.14,0.01,0.01,78078.31,1776844898000
1776844901.076,101.076,0.86,0.87,0.13,0.14,0.01,0.01,78078.31,1776844898000
1776844901.424,101.424,0.86,0.87,0.13,0.14,0.01,0.01,78078.37,1776844899000
1776844901.851,101.851,0.86,0.87,0.13,0.14,0.01,0.01,78078.37,1776844899000
1776844902.23,102.23,0.86,0.87,0.13,0.14,0.01,0.01,78078.37,1776844899000
1776844902.685,102.685,0.86,0.87,0.13,0.14,0.01,0.01,78081.36,1776844900000
1776844903.131,103.131,0.86,0.87,0.13,0.14,0.01,0.01,78081.36,1776844900000
1776844903.899,103.899,0.86,0.87,0.13,0.14,0.01,0.01,78080.27,1776844901000
1776844904.257,104.257,0.86,0.88,0.11,0.14,0.02,0.03,78077.55,1776844902000
1776844904.871,104.871,0.88,0.89,0.11,0.12,0.01,0.01,78082.29,1776844903000
1776844905.215,105.215,0.88,0.89,0.11,0.12,0.01,0.01,78082.29,1776844903000
1776844905.707,105.707,0.89,0.9,0.1,0.12,0.01,0.02,78082.29,1776844903000
1776844906.215,106.215,0.89,0.9,0.1,0.11,0.01,0.01,78091.47,1776844904000
1776844906.568,106.568,0.88,0.91,0.09,0.1,0.03,0.01,78090.83,1776844905000
1776844907.049,107.049,0.89,0.9,0.1,0.11,0.01,0.01,78090.83,1776844905000
1776844907.475,107.475,0.89,0.9,0.1,0.11,0.01,0.01,78088.35,1776844906000
1776844907.967,107.967,0.88,0.9,0.1,0.11,0.02,0.01,78088.35,1776844906000
1776844908.444,108.444,0.88,0.89,0.11,0.12,0.01,0.01,78088.35,1776844906000
1776844908.92,108.92,0.88,0.89,0.11,0.12,0.01,0.01,78089.53,1776844907000
1776844909.405,109.405,0.88,0.89,0.11,0.12,0.01,0.01,78089.53,1776844907000
1776844909.757,109.757,0.84,0.89,0.11,0.12,0.05,0.01,78089.57,1776844908000
1776844910.293,110.293,0.86,0.87,0.13,0.14,0.01,0.01,78089.57,1776844908000
1776844910.7,110.7,0.86,0.87,0.13,0.14,0.01,0.01,78092.88,1776844909000
1776844911.037,111.037,0.86,0.87,0.13,0.14,0.01,0.01,78092.88,1776844909000
1776844912.118,112.118,0.86,0.87,0.13,0.14,0.01,0.01,78090.87,1776844910000
1776844912.542,112.542,0.86,0.87,0.13,0.14,0.01,0.01,78090.87,1776844911000
1776844913.436,113.436,0.86,0.87,0.13,0.14,0.01,0.01,78091.78,1776844912000
1776844913.845,113.845,0.89,0.9,0.1,0.11,0.01,0.01,78091.78,1776844912000
1776844914.272,114.272,0.89,0.9,0.1,0.11,0.01,0.01,78093.21,1776844913000
1776844914.612,114.612,0.89,0.9,0.1,0.11,0.01,0.01,78093.21,1776844913000
1776844914.974,114.974,0.89,0.9,0.1,0.11,0.01,0.01,78094.9,1776844914000
1776844915.509,115.509,0.89,0.9,0.1,0.11,0.01,0.01,78094.9,1776844914000
1776844915.842,115.842,0.91,0.93,0.08,0.09,0.02,0.01,78094.9,1776844914000
1776844916.179,116.179,0.93,0.95,0.05,0.07,0.02,0.02,78102.06,1776844915000
1776844916.513,116.513,0.95,0.96,0.04,0.06,0.01,0.02,78102.06,1776844915000
1776844916.862,116.862,0.94,0.96,0.05,0.06,0.02,0.01,78102.06,1776844915000
1776844917.236,117.236,0.95,0.96,0.04,0.05,0.01,0.01,78102.06,1776844915000
1776844917.572,117.572,0.95,0.96,0.04,0.05,0.01,0.01,78125.18,1776844916000
1776844917.946,117.946,0.95,0.96,0.04,0.05,0.01,0.01,78125.18,1776844916000
1776844918.375,118.375,0.95,0.96,0.04,0.05,0.01,0.01,78159.96,1776844917000
1776844918.798,118.798,0.95,0.96,0.04,0.05,0.01,0.01,78159.96,1776844917000
1776844919.15,119.15,0.95,0.96,0.04,0.05,0.01,0.01,78153.98,1776844918000
1776844919.493,119.493,0.95,0.96,0.04,0.05,0.01,0.01,78153.98,1776844918000
1776844919.849,119.849,0.95,0.96,0.04,0.05,0.01,0.01,78153.98,1776844918000
1776844920.278,120.278,0.95,0.96,0.04,0.05,0.01,0.01,78153.32,1776844919000
1776844920.611,120.611,0.95,0.96,0.04,0.05,0.01,0.01,78153.32,1776844919000
1776844920.944,120.944,0.95,0.96,0.04,0.05,0.01,0.01,78153.32,1776844919000
1776844921.312,121.312,0.95,0.96,0.04,0.05,0.01,0.01,78150.36,1776844920000
1776844921.655,121.655,0.94,0.95,0.05,0.06,0.01,0.01,78150.36,1776844920000
1776844922.065,122.065,0.94,0.95,0.05,0.06,0.01,0.01,78150.36,1776844920000
1776844922.471,122.471,0.94,0.95,0.05,0.06,0.01,0.01,78148.96,1776844921000
1776844922.812,122.812,0.94,0.95,0.05,0.06,0.01,0.01,78148.96,1776844921000
1776844923.147,123.147,0.94,0.95,0.05,0.06,0.01,0.01,78148.96,1776844921000
1776844923.526,123.526,0.94,0.95,0.05,0.06,0.01,0.01,78149.85,1776844922000
1776844923.897,123.897,0.94,0.95,0.05,0.06,0.01,0.01,78149.85,1776844922000
1776844924.291,124.291,0.94,0.95,0.05,0.06,0.01,0.01,78149.85,1776844922000
1776844924.783,124.783,0.95,0.96,0.04,0.05,0.01,0.01,78149.85,1776844922000
1776844925.196,125.196,0.95,0.96,0.04,0.05,0.01,0.01,78149.26,1776844923000
1776844925.771,125.771,0.95,0.96,0.04,0.05,0.01,0.01,78149.68,1776844924000
1776844926.207,126.207,0.95,0.96,0.04,0.05,0.01,0.01,78150.04,1776844925000
1776844926.545,126.545,0.95,0.96,0.04,0.05,0.01,0.01,78150.04,1776844925000
1776844927.067,127.067,0.95,0.96,0.04,0.05,0.01,0.01,78150.04,1776844925000
1776844927.589,127.589,0.95,0.96,0.04,0.05,0.01,0.01,78150.04,1776844926000
1776844927.923,127.923,0.95,0.96,0.04,0.05,0.01,0.01,78150.04,1776844926000
1776844928.394,128.394,0.94,0.96,0.04,0.05,0.02,0.01,78150.04,1776844926000
1776844928.727,128.727,0.94,0.95,0.05,0.06,0.01,0.01,78144.11,1776844927000
1776844929.099,129.099,0.93,0.94,0.06,0.07,0.01,0.01,78143.14,1776844928000
1776844929.529,129.529,0.94,0.95,0.05,0.06,0.01,0.01,78143.14,1776844928000
1776844929.883,129.883,0.94,0.95,0.05,0.06,0.01,0.01,78143.14,1776844928000
1776844930.375,130.375,0.94,0.95,0.05,0.06,0.01,0.01,78139.62,1776844929000
1776844930.771,130.771,0.94,0.95,0.05,0.06,0.01,0.01,78139.62,1776844929000
1776844931.182,131.182,0.94,0.95,0.05,0.06,0.01,0.01,78139.62,1776844929000
1776844931.544,131.544,0.94,0.95,0.05,0.06,0.01,0.01,78145.03,1776844930000
1776844931.916,131.916,0.94,0.95,0.05,0.06,0.01,0.01,78145.03,1776844930000
1776844932.356,132.356,0.94,0.95,0.05,0.06,0.01,0.01,78145.03,1776844930000
1776844932.695,132.695,0.94,0.95,0.05,0.06,0.01,0.01,78145.15,1776844931000
1776844933.103,133.103,0.94,0.95,0.05,0.06,0.01,0.01,78144.86,1776844932000
1776844933.458,133.458,0.95,0.96,0.04,0.05,0.01,0.01,78144.86,1776844932000
1776844933.807,133.807,0.96,0.97,0.03,0.04,0.01,0.01,78144.86,1776844932000
1776844934.145,134.145,0.96,0.97,0.03,0.04,0.01,0.01,78146.76,1776844933000
1776844934.505,134.505,0.96,0.97,0.03,0.04,0.01,0.01,78146.76,1776844933000
1776844934.928,134.928,0.96,0.97,0.03,0.04,0.01,0.01,78146.76,1776844933000
1776844935.27,135.27,0.96,0.97,0.03,0.04,0.01,0.01,78146.76,1776844933000
1776844936.073,136.073,0.96,0.97,0.03,0.04,0.01,0.01,78150.8,1776844934000
1776844936.543,136.543,0.96,0.97,0.03,0.04,0.01,0.01,78149.42,1776844935000
1776844937.292,137.292,0.96,0.97,0.03,0.04,0.01,0.01,78149.42,1776844935000
1776844937.714,137.714,0.96,0.97,0.03,0.04,0.01,0.01,78149.02,1776844936000
1776844938.364,138.364,0.96,0.97,0.03,0.04,0.01,0.01,78148.88,1776844937000
1776844939.472,139.472,0.96,0.97,0.03,0.04,0.01,0.01,78148.62,1776844938000
1776844939.942,139.942,0.96,0.97,0.03,0.04,0.01,0.01,78148.62,1776844939000
1776844940.709,140.709,0.96,0.97,0.03,0.04,0.01,0.01,78148.62,1776844939000
1776844941.112,141.112,0.96,0.97,0.03,0.04,0.01,0.01,78147.99,1776844940000
1776844941.592,141.592,0.96,0.97,0.03,0.04,0.01,0.01,78147.99,1776844940000
1776844942.484,142.484,0.96,0.97,0.03,0.04,0.01,0.01,78147.97,1776844941000
1776844942.918,142.918,0.96,0.97,0.03,0.04,0.01,0.01,78147.97,1776844941000
1776844943.417,143.417,0.96,0.97,0.03,0.04,0.01,0.01,78147.27,1776844942000
1776844943.985,143.985,0.96,0.97,0.03,0.04,0.01,0.01,78149.39,1776844943000
1776844944.528,144.528,0.96,0.97,0.03,0.04,0.01,0.01,78149.39,1776844943000
1776844944.948,144.948,0.96,0.97,0.03,0.04,0.01,0.01,78148.04,1776844944000
1776844945.283,145.283,0.96,0.97,0.03,0.04,0.01,0.01,78148.04,1776844944000
1776844945.951,145.951,0.96,0.97,0.03,0.04,0.01,0.01,78147.75,1776844945000
1776844946.384,146.384,0.96,0.97,0.03,0.04,0.01,0.01,78147.75,1776844945000
1776844946.867,146.867,0.96,0.97,0.03,0.04,0.01,0.01,78147.75,1776844946000
1776844947.342,147.342,0.96,0.97,0.03,0.04,0.01,0.01,78147.75,1776844946000
1776844947.688,147.688,0.96,0.97,0.03,0.04,0.01,0.01,78147.75,1776844946000
1776844948.142,148.142,0.96,0.97,0.03,0.04,0.01,0.01,78147.75,1776844946000
1776844948.662,148.662,0.96,0.97,0.03,0.04,0.01,0.01,78148.26,1776844947000
1776844949.153,149.153,0.97,0.98,0.02,0.04,0.01,0.02,78148.26,1776844947000
1776844949.537,149.537,0.97,0.98,0.02,0.03,0.01,0.01,78147.92,1776844948000
1776844949.917,149.917,0.97,0.98,0.02,0.03,0.01,0.01,78147.92,1776844948000
1776844950.484,150.484,0.97,0.98,0.02,0.03,0.01,0.01,78149.12,1776844949000
1776844950.823,150.823,0.97,0.98,0.02,0.03,0.01,0.01,78149.12,1776844949000
1776844951.157,151.157,0.97,0.98,0.02,0.05,0.01,0.03,78149.12,1776844949000
1776844951.543,151.543,0.97,0.98,0.02,0.03,0.01,0.01,78150.4,1776844950000
1776844951.906,151.906,0.97,0.98,0.02,0.03,0.01,0.01,78150.4,1776844950000
1776844952.274,152.274,0.97,0.98,0.02,0.03,0.01,0.01,78150.4,1776844951000
1776844952.618,152.618,0.96,0.97,0.02,0.03,0.01,0.01,78150.4,1776844951000
1776844952.992,152.992,0.96,0.97,0.03,0.04,0.01,0.01,78150.4,1776844951000
1776844953.551,153.551,0.95,0.96,0.04,0.05,0.01,0.01,78147.17,1776844952000
1776844953.902,153.902,0.95,0.96,0.04,0.05,0.01,0.01,78147.17,1776844952000
1776844954.248,154.248,0.95,0.96,0.04,0.05,0.01,0.01,78145.82,1776844953000
1776844954.615,154.615,0.96,0.97,0.03,0.05,0.01,0.02,78145.82,1776844953000
1776844954.99,154.99,0.96,0.97,0.03,0.04,0.01,0.01,78145.82,1776844953000
1776844955.389,155.389,0.96,0.97,0.03,0.04,0.01,0.01,78144.34,1776844954000
1776844955.726,155.726,0.96,0.97,0.03,0.04,0.01,0.01,78144.34,1776844954000
1776844956.065,156.065,0.96,0.97,0.03,0.04,0.01,0.01,78144.34,1776844954000
1776844956.456,156.456,0.96,0.97,0.03,0.04,0.01,0.01,78145.46,1776844955000
1776844956.849,156.849,0.95,0.96,0.04,0.05,0.01,0.01,78145.46,1776844955000
1776844957.315,157.315,0.95,0.96,0.04,0.05,0.01,0.01,78145.66,1776844956000
1776844957.716,157.716,0.95,0.96,0.04,0.05,0.01,0.01,78145.66,1776844956000
1776844958.154,158.154,0.95,0.96,0.04,0.05,0.01,0.01,78145.66,1776844956000
1776844958.656,158.656,0.95,0.96,0.04,0.05,0.01,0.01,78143.08,1776844957000
1776844959.185,159.185,0.95,0.96,0.04,0.05,0.01,0.01,78143.08,1776844957000
1776844959.937,159.937,0.95,0.96,0.04,0.05,0.01,0.01,78145.61,1776844958000
1776844960.419,160.419,0.95,0.96,0.04,0.05,0.01,0.01,78143.42,1776844959000
1776844960.847,160.847,0.95,0.96,0.04,0.05,0.01,0.01,78143.42,1776844959000
1776844961.252,161.252,0.95,0.96,0.04,0.05,0.01,0.01,78145.29,1776844960000
1776844962.246,162.246,0.95,0.96,0.04,0.05,0.01,0.01,78143.42,1776844961000
1776844963.101,163.101,0.96,0.97,0.04,0.05,0.01,0.01,78143.42,1776844961000
1776844963.558,163.558,0.96,0.97,0.03,0.04,0.01,0.01,78143.34,1776844962000
1776844963.945,163.945,0.96,0.97,0.03,0.04,0.01,0.01,78143.34,1776844962000
1776844964.359,164.359,0.96,0.97,0.03,0.04,0.01,0.01,78144.57,1776844963000
1776844964.769,164.769,0.96,0.97,0.02,0.04,0.01,0.02,78144.57,1776844963000
1776844965.11,165.11,0.96,0.98,0.03,0.04,0.02,0.01,78144.57,1776844963000
1776844965.801,165.801,0.97,0.98,0.02,0.03,0.01,0.01,78146.78,1776844964000
1776844966.181,166.181,0.97,0.98,0.02,0.03,0.01,0.01,78146.78,1776844964000
1776844966.539,166.539,0.96,0.97,0.02,0.04,0.01,0.02,78147.29,1776844965000
1776844967.026,167.026,0.96,0.97,0.03,0.04,0.01,0.01,78147.29,1776844965000
1776844967.439,167.439,0.96,0.97,0.03,0.04,0.01,0.01,78147.29,1776844965000
1776844967.83,167.83,0.96,0.97,0.03,0.04,0.01,0.01,78145.88,1776844966000
1776844968.194,168.194,0.96,0.97,0.03,0.04,0.01,0.01,78142.99,1776844967000
1776844968.615,168.615,0.96,0.97,0.03,0.04,0.01,0.01,78142.99,1776844967000
1776844969.002,169.002,0.95,0.97,0.03,0.04,0.02,0.01,78142.99,1776844967000
1776844969.383,169.383,0.95,0.96,0.04,0.05,0.01,0.01,78142.99,1776844967000
1776844969.946,169.946,0.94,0.95,0.05,0.06,0.01,0.01,78135.47,1776844968000
1776844970.525,170.525,0.94,0.95,0.05,0.06,0.01,0.01,78135.47,1776844968000
1776844971.255,171.255,0.94,0.95,0.05,0.06,0.01,0.01,78130.46,1776844970000
1776844971.626,171.626,0.94,0.96,0.05,0.06,0.02,0.01,78130.46,1776844970000
1776844972.072,172.072,0.94,0.95,0.04,0.06,0.01,0.02,78130.46,1776844970000
1776844972.497,172.497,0.94,0.95,0.05,0.06,0.01,0.01,78127.24,1776844971000
1776844973.069,173.069,0.94,0.95,0.05,0.06,0.01,0.01,78127.4,1776844972000
1776844974.175,174.175,0.94,0.95,0.05,0.06,0.01,0.01,78127.4,1776844972000
1776844975.489,175.489,0.94,0.95,0.05,0.06,0.01,0.01,78125.53,1776844974000
1776844976.06,176.06,0.94,0.95,0.05,0.06,0.01,0.01,78125.53,1776844974000
1776844976.428,176.428,0.94,0.95,0.04,0.06,0.01,0.02,78124.8,1776844975000
1776844976.823,176.823,0.94,0.95,0.05,0.06,0.01,0.01,78124.8,1776844975000
1776844977.32,177.32,0.95,0.96,0.04,0.05,0.01,0.01,78124.8,1776844975000
1776844977.938,177.938,0.95,0.96,0.04,0.05,0.01,0.01,78122.55,1776844977000
1776844979.144,179.144,0.95,0.96,0.04,0.05,0.01,0.01,78122.55,1776844977000
1776844979.585,179.585,0.95,0.97,0.04,0.05,0.02,0.01,78122.38,1776844978000
1776844980.138,180.138,0.96,0.97,0.03,0.04,0.01,0.01,78122.04,1776844979000
1776844980.538,180.538,0.96,0.97,0.03,0.04,0.01,0.01,78122.04,1776844979000
1776844980.989,180.989,0.96,0.97,0.03,0.04,0.01,0.01,78122.04,1776844979000
1776844981.531,181.531,0.96,0.97,0.03,0.04,0.01,0.01,78121.78,1776844980000
1776844981.928,181.928,0.96,0.97,0.03,0.04,0.01,0.01,78121.78,1776844980000
1776844982.369,182.369,0.96,0.97,0.03,0.04,0.01,0.01,78123.57,1776844981000
1776844982.704,182.704,0.95,0.96,0.04,0.05,0.01,0.01,78123.57,1776844981000
1776844983.172,183.172,0.95,0.96,0.04,0.05,0.01,0.01,78123.48,1776844982000
1776844983.583,183.583,0.95,0.96,0.04,0.05,0.01,0.01,78123.48,1776844982000
1776844983.916,183.916,0.95,0.96,0.04,0.05,0.01,0.01,78123.48,1776844982000
1776844984.255,184.255,0.95,0.96,0.04,0.05,0.01,0.01,78123.96,1776844983000
1776844984.588,184.588,0.95,0.96,0.04,0.05,0.01,0.01,78123.96,1776844983000
1776844984.992,184.992,0.95,0.96,0.04,0.05,0.01,0.01,78123.96,1776844983000
1776844985.391,185.391,0.95,0.96,0.04,0.05,0.01,0.01,78123.99,1776844984000
1776844985.975,185.975,0.95,0.96,0.04,0.05,0.01,0.01,78123.99,1776844984000
1776844986.32,186.32,0.95,0.96,0.04,0.05,0.01,0.01,78124.0,1776844985000
1776844987.275,187.275,0.95,0.96,0.04,0.05,0.01,0.01,78123.96,1776844986000
1776844988.292,188.292,0.95,0.96,0.04,0.05,0.01,0.01,78123.99,1776844987000
1776844988.69,188.69,0.95,0.96,0.04,0.05,0.01,0.01,78123.99,1776844987000
1776844989.24,189.24,0.97,0.98,0.02,0.03,0.01,0.01,78123.55,1776844988000
1776844989.955,189.955,0.97,0.98,0.02,0.03,0.01,0.01,78123.55,1776844988000
1776844990.351,190.351,0.97,0.98,0.02,0.03,0.01,0.01,78123.21,1776844989000
1776844990.758,190.758,0.97,0.98,0.02,0.03,0.01,0.01,78123.21,1776844989000
1776844991.106,191.106,0.97,0.98,0.02,0.03,0.01,0.01,78123.21,1776844989000
1776844991.488,191.488,0.97,0.98,0.02,0.03,0.01,0.01,78123.17,1776844990000
1776844992.212,192.212,0.97,0.98,0.02,0.03,0.01,0.01,78122.74,1776844991000
1776844992.551,192.551,0.97,0.98,0.02,0.03,0.01,0.01,78122.74,1776844991000
1776844993.028,193.028,0.97,0.98,0.01,0.03,0.01,0.02,78122.74,1776844991000
1776844993.601,193.601,0.98,0.99,0.01,0.02,0.01,0.01,78122.46,1776844992000
1776844993.953,193.953,0.98,0.99,0.01,0.02,0.01,0.01,78122.46,1776844992000
1776844994.611,194.611,0.98,0.99,0.01,0.02,0.01,0.01,78137.88,1776844993000
1776844995.044,195.044,0.98,0.99,0.01,0.02,0.01,0.01,78137.88,1776844993000
1776844995.423,195.423,0.98,0.99,0.01,0.02,0.01,0.01,78137.88,1776844993000
1776844995.85,195.85,0.98,0.99,0.01,0.02,0.01,0.01,78137.88,1776844993000
1776844996.476,196.476,0.98,0.99,0.01,0.02,0.01,0.01,78128.62,1776844995000
1776844997.243,197.243,0.98,0.99,0.01,0.02,0.01,0.01,78128.62,1776844995000
1776844997.711,197.711,0.98,0.99,0.01,0.02,0.01,0.01,78128.62,1776844996000
1776844998.617,198.617,0.98,0.99,0.01,0.02,0.01,0.01,78128.58,1776844997000
1776844998.985,198.985,0.98,0.99,0.01,0.02,0.01,0.01,78128.58,1776844997000
1776844999.349,199.349,0.98,0.99,0.01,0.02,0.01,0.01,78129.67,1776844998000
1776844999.827,199.827,0.98,0.99,0.01,0.02,0.01,0.01,78129.67,1776844998000
1776845000.313,200.313,0.98,0.99,0.01,0.02,0.01,0.01,78128.93,1776844999000
1776845000.698,200.698,0.98,0.99,0.01,0.02,0.01,0.01,78128.93,1776844999000
1776845001.178,201.178,0.98,0.99,0.01,0.02,0.01,0.01,78128.93,1776844999000
1776845001.742,201.742,0.98,0.99,0.01,0.02,0.01,0.01,78129.34,1776845000000
1776845002.115,202.115,0.98,0.99,0.01,0.02,0.01,0.01,78129.34,1776845000000
1776845002.921,202.921,0.98,0.99,0.01,0.02,0.01,0.01,78128.73,1776845001000
1776845003.566,203.566,0.98,0.99,0.01,0.02,0.01,0.01,78128.65,1776845002000
1776845003.971,203.971,0.98,0.99,0.01,0.02,0.01,0.01,78128.65,1776845002000
1776845004.311,204.311,0.98,0.99,0.01,0.02,0.01,0.01,78128.74,1776845003000
1776845004.689,204.689,0.97,0.99,0.01,0.02,0.02,0.01,78128.74,1776845003000
1776845005.083,205.083,0.97,0.98,0.02,0.03,0.01,0.01,78128.74,1776845003000
1776845005.74,205.74,0.95,0.96,0.04,0.05,0.01,0.01,78128.4,1776845004000
1776845006.123,206.123,0.95,0.96,0.04,0.05,0.01,0.01,78128.4,1776845004000
1776845006.538,206.538,0.95,0.96,0.04,0.05,0.01,0.01,78122.68,1776845005000
1776845007.264,207.264,0.95,0.96,0.04,0.05,0.01,0.01,78122.68,1776845005000
1776845007.633,207.633,0.95,0.96,0.04,0.05,0.01,0.01,78108.81,1776845006000
1776845008.509,208.509,0.93,0.96,0.04,0.06,0.03,0.02,78108.81,1776845006000
1776845009.242,209.242,0.92,0.96,0.04,0.05,0.04,0.01,78105.35,1776845007000
1776845009.712,209.712,0.92,0.96,0.04,0.08,0.04,0.04,78098.54,1776845008000
1776845010.08,210.08,0.93,0.94,0.05,0.07,0.01,0.02,78098.54,1776845008000
1776845010.414,210.414,0.93,0.94,0.06,0.07,0.01,0.01,78097.59,1776845009000
1776845010.933,210.933,0.91,0.94,0.06,0.07,0.03,0.01,78097.59,1776845009000
1776845011.301,211.301,0.93,0.94,0.06,0.07,0.01,0.01,78097.59,1776845009000
1776845011.693,211.693,0.93,0.94,0.06,0.07,0.01,0.01,78097.17,1776845010000
1776845012.037,212.037,0.93,0.94,0.06,0.07,0.01,0.01,78097.17,1776845010000
1776845012.599,212.599,0.91,0.92,0.08,0.09,0.01,0.01,78096.29,1776845011000
1776845012.932,212.932,0.91,0.92,0.08,0.09,0.01,0.01,78096.29,1776845011000
1776845013.286,213.286,0.91,0.92,0.08,0.09,0.01,0.01,78091.63,1776845012000
1776845013.625,213.625,0.91,0.92,0.08,0.09,0.01,0.01,78091.63,1776845012000
1776845014.11,214.11,0.91,0.93,0.08,0.09,0.02,0.01,78091.63,1776845012000
1776845014.493,214.493,0.91,0.93,0.07,0.09,0.02,0.02,78088.86,1776845013000
1776845014.983,214.983,0.91,0.93,0.07,0.09,0.02,0.02,78088.86,1776845013000
1776845015.613,215.613,0.9,0.91,0.09,0.1,0.01,0.01,78088.9,1776845014000
1776845016.051,216.051,0.9,0.91,0.09,0.1,0.01,0.01,78088.9,1776845014000
1776845016.481,216.481,0.9,0.93,0.08,0.1,0.03,0.02,78088.7,1776845015000
1776845016.884,216.884,0.9,0.93,0.07,0.1,0.03,0.03,78088.7,1776845015000
1776845017.267,217.267,0.9,0.91,0.09,0.1,0.01,0.01,78084.27,1776845016000
1776845017.673,217.673,0.9,0.91,0.09,0.1,0.01,0.01,78084.27,1776845016000
1776845018.038,218.038,0.9,0.91,0.09,0.1,0.01,0.01,78084.27,1776845016000
1776845018.593,218.593,0.9,0.91,0.09,0.1,0.01,0.01,78083.27,1776845017000
1776845019.08,219.08,0.9,0.91,0.09,0.1,0.01,0.01,78083.27,1776845017000
1776845019.824,219.824,0.9,0.91,0.06,0.1,0.01,0.04,78082.73,1776845018000
1776845020.193,220.193,0.91,0.93,0.08,0.09,0.02,0.01,78082.73,1776845018000
1776845020.769,220.769,0.93,0.94,0.06,0.07,0.01,0.01,78082.09,1776845019000
1776845021.351,221.351,0.93,0.94,0.06,0.07,0.01,0.01,78082.09,1776845019000
1776845021.804,221.804,0.93,0.94,0.06,0.07,0.01,0.01,78082.08,1776845020000
1776845022.237,222.237,0.93,0.96,0.06,0.07,0.03,0.01,78082.08,1776845020000
1776845022.64,222.64,0.93,0.94,0.06,0.07,0.01,0.01,78082.08,1776845021000
1776845023.674,223.674,0.94,0.95,0.05,0.06,0.01,0.01,78081.97,1776845022000
1776845024.48,224.48,0.94,0.95,0.05,0.06,0.01,0.01,78081.76,1776845023000
1776845025.37,225.37,0.94,0.95,0.05,0.06,0.01,0.01,78081.08,1776845024000
1776845026.045,226.045,0.91,0.95,0.05,0.06,0.04,0.01,78081.08,1776845024000
1776845026.455,226.455,0.91,0.93,0.07,0.09,0.02,0.02,78081.08,1776845024000
1776845026.826,226.826,0.9,0.93,0.07,0.1,0.03,0.03,78066.24,1776845025000
1776845027.222,227.222,0.9,0.93,0.07,0.1,0.03,0.03,78066.24,1776845025000
1776845027.644,227.644,0.9,0.93,0.07,0.1,0.03,0.03,78064.6,1776845026000
1776845027.99,227.99,0.88,0.92,0.08,0.12,0.04,0.04,78064.6,1776845026000
1776845028.337,228.337,0.91,0.92,0.08,0.09,0.01,0.01,78064.6,1776845026000
1776845028.79,228.79,0.91,0.92,0.08,0.09,0.01,0.01,78064.6,1776845027000
1776845029.445,229.445,0.88,0.89,0.11,0.12,0.01,0.01,78064.6,1776845027000
1776845029.848,229.848,0.87,0.89,0.11,0.12,0.02,0.01,78062.53,1776845028000
1776845030.277,230.277,0.87,0.88,0.12,0.13,0.01,0.01,78062.53,1776845029000
1776845030.715,230.715,0.87,0.88,0.12,0.13,0.01,0.01,78062.53,1776845029000
1776845031.156,231.156,0.87,0.88,0.12,0.13,0.01,0.01,78062.53,1776845029000
1776845031.942,231.942,0.87,0.88,0.12,0.13,0.01,0.01,78060.4,1776845031000
1776845033.075,233.075,0.87,0.88,0.12,0.13,0.01,0.01,78060.38,1776845032000
1776845033.748,233.748,0.87,0.88,0.12,0.13,0.01,0.01,78060.38,1776845032000
1776845034.167,234.167,0.87,0.88,0.12,0.13,0.01,0.01,78060.21,1776845033000
1776845034.551,234.551,0.87,0.88,0.12,0.13,0.01,0.01,78060.21,1776845033000
1776845035.168,235.168,0.87,0.88,0.12,0.13,0.01,0.01,78059.34,1776845034000
1776845035.593,235.593,0.87,0.88,0.12,0.13,0.01,0.01,78059.34,1776845034000
1776845036.132,236.132,0.87,0.88,0.12,0.13,0.01,0.01,78059.34,1776845034000
1776845036.69,236.69,0.86,0.88,0.12,0.14,0.02,0.02,78055.56,1776845035000
1776845037.079,237.079,0.85,0.86,0.12,0.15,0.01,0.03,78055.56,1776845035000
1776845037.429,237.429,0.82,0.87,0.13,0.18,0.05,0.05,78052.79,1776845036000
1776845037.809,237.809,0.82,0.88,0.12,0.18,0.06,0.06,78052.79,1776845036000
1776845038.213,238.213,0.81,0.87,0.12,0.19,0.06,0.07,78052.79,1776845036000
1776845038.576,238.576,0.83,0.86,0.14,0.19,0.03,0.05,78052.63,1776845037000
1776845038.942,238.942,0.83,0.86,0.14,0.17,0.03,0.03,78052.63,1776845037000
1776845039.306,239.306,0.78,0.82,0.18,0.22,0.04,0.04,78052.22,1776845038000
1776845039.65,239.65,0.81,0.82,0.16,0.19,0.01,0.03,78052.22,1776845038000
1776845040.054,240.054,0.81,0.82,0.18,0.19,0.01,0.01,78052.22,1776845038000
1776845040.529,240.529,0.79,0.82,0.18,0.19,0.03,0.01,78049.01,1776845039000
1776845040.892,240.892,0.77,0.78,0.22,0.23,0.01,0.01,78049.01,1776845039000
1776845041.309,241.309,0.77,0.78,0.22,0.23,0.01,0.01,78049.01,1776845039000
1776845042.089,242.089,0.77,0.78,0.22,0.23,0.01,0.01,78046.08,1776845040000
1776845042.522,242.522,0.77,0.78,0.22,0.23,0.01,0.01,78045.56,1776845041000
1776845042.912,242.912,0.77,0.78,0.22,0.23,0.01,0.01,78045.56,1776845041000
1776845043.245,243.245,0.77,0.78,0.22,0.23,0.01,0.01,78043.98,1776845042000
1776845043.649,243.649,0.77,0.78,0.22,0.23,0.01,0.01,78043.98,1776845042000
1776845043.986,243.986,0.77,0.78,0.22,0.23,0.01,0.01,78043.98,1776845042000
1776845044.357,244.357,0.77,0.79,0.21,0.23,0.02,0.02,78042.53,1776845043000
1776845044.766,244.766,0.77,0.78,0.22,0.23,0.01,0.01,78042.53,1776845043000
1776845045.117,245.117,0.78,0.79,0.21,0.22,0.01,0.01,78042.49,1776845044000
1776845045.461,245.461,0.77,0.79,0.22,0.23,0.02,0.01,78042.49,1776845044000
1776845046.011,246.011,0.77,0.78,0.22,0.23,0.01,0.01,78042.49,1776845044000
1776845046.352,246.352,0.76,0.77,0.22,0.24,0.01,0.02,78042.49,1776845044000
1776845046.712,246.712,0.76,0.79,0.23,0.24,0.03,0.01,78042.22,1776845045000
1776845047.051,247.051,0.76,0.77,0.23,0.24,0.01,0.01,78041.96,1776845046000
1776845047.599,247.599,0.78,0.79,0.21,0.22,0.01,0.01,78041.96,1776845046000
1776845048.089,248.089,0.78,0.8,0.2,0.22,0.02,0.02,78040.69,1776845047000
1776845048.554,248.554,0.79,0.8,0.2,0.21,0.01,0.01,78040.69,1776845047000
1776845049.007,249.007,0.79,0.8,0.2,0.21,0.01,0.01,78040.69,1776845047000
1776845049.401,249.401,0.79,0.8,0.2,0.21,0.01,0.01,78040.86,1776845048000
1776845049.753,249.753,0.8,0.81,0.19,0.2,0.01,0.01,78040.86,1776845048000
1776845050.113,250.113,0.8,0.81,0.19,0.2,0.01,0.01,78040.86,1776845048000
1776845050.719,250.719,0.8,0.81,0.19,0.2,0.01,0.01,78042.22,1776845049000
1776845051.076,251.076,0.81,0.82,0.18,0.19,0.01,0.01,78042.22,1776845049000
1776845051.569,251.569,0.81,0.82,0.18,0.19,0.01,0.01,78040.89,1776845050000
1776845051.97,251.97,0.82,0.83,0.17,0.18,0.01,0.01,78040.89,1776845050000
1776845052.362,252.362,0.82,0.83,0.17,0.18,0.01,0.01,78041.38,1776845051000
1776845052.936,252.936,0.82,0.83,0.17,0.18,0.01,0.01,78041.38,1776845051000
1776845053.498,253.498,0.82,0.83,0.17,0.18,0.01,0.01,78041.34,1776845052000
1776845053.904,253.904,0.82,0.83,0.17,0.18,0.01,0.01,78041.34,1776845052000
1776845054.251,254.251,0.82,0.83,0.17,0.18,0.01,0.01,78041.05,1776845053000
1776845054.875,254.875,0.8,0.83,0.17,0.2,0.03,0.03,78041.05,1776845053000
1776845055.234,255.234,0.79,0.8,0.17,0.2,0.01,0.03,78041.05,1776845053000
1776845055.882,255.882,0.79,0.85,0.2,0.21,0.06,0.01,78040.95,1776845054000
1776845056.358,256.358,0.79,0.81,0.19,0.21,0.02,0.02,78040.55,1776845055000
1776845056.712,256.712,0.79,0.81,0.19,0.21,0.02,0.02,78040.55,1776845055000
1776845057.187,257.187,0.78,0.79,0.21,0.22,0.01,0.01,78039.42,1776845056000
1776845057.634,257.634,0.76,0.79,0.21,0.23,0.03,0.02,78039.42,1776845056000
1776845057.97,257.97,0.68,0.69,0.31,0.32,0.01,0.01,78039.42,1776845056000
1776845058.429,258.429,0.75,0.76,0.24,0.25,0.01,0.01,78035.02,1776845057000
1776845058.853,258.853,0.75,0.76,0.24,0.25,0.01,0.01,78035.02,1776845057000
1776845059.202,259.202,0.76,0.77,0.22,0.24,0.01,0.02,78033.03,1776845058000
1776845059.617,259.617,0.76,0.79,0.21,0.24,0.03,0.03,78033.03,1776845058000
1776845059.959,259.959,0.78,0.79,0.21,0.22,0.01,0.01,78033.03,1776845058000
1776845060.354,260.354,0.78,0.79,0.21,0.22,0.01,0.01,78031.18,1776845059000
1776845060.713,260.713,0.79,0.8,0.2,0.22,0.01,0.02,78031.18,1776845059000
1776845061.095,261.095,0.79,0.8,0.2,0.21,0.01,0.01,78031.25,1776845060000
1776845062.147,262.147,0.79,0.8,0.2,0.21,0.01,0.01,78031.84,1776845061000
1776845063.213,263.213,0.79,0.8,0.2,0.21,0.01,0.01,78040.6,1776845062000
1776845063.776,263.776,0.79,0.8,0.2,0.21,0.01,0.01,78040.6,1776845062000
1776845064.157,264.157,0.79,0.85,0.18,0.21,0.06,0.03,78040.6,1776845062000
1776845064.54,264.54,0.85,0.87,0.13,0.15,0.02,0.02,78046.54,1776845063000
1776845064.88,264.88,0.85,0.89,0.11,0.15,0.04,0.04,78046.54,1776845063000
1776845065.232,265.232,0.79,0.89,0.11,0.21,0.1,0.1,78046.54,1776845063000
1776845065.602,265.602,0.86,0.89,0.11,0.17,0.03,0.06,78046.63,1776845064000
1776845065.946,265.946,0.86,0.88,0.12,0.14,0.02,0.02,78046.8,1776845065000
1776845066.31,266.31,0.87,0.88,0.12,0.13,0.01,0.01,78046.8,1776845065000
1776845066.801,266.801,0.87,0.89,0.12,0.13,0.02,0.01,78046.8,1776845065000
1776845067.207,267.207,0.88,0.89,0.11,0.12,0.01,0.01,78046.64,1776845066000
1776845068.19,268.19,0.88,0.89,0.11,0.12,0.01,0.01,78046.68,1776845067000
1776845068.653,268.653,0.88,0.89,0.11,0.12,0.01,0.01,78046.68,1776845067000
1776845069.054,269.054,0.92,0.93,0.07,0.09,0.01,0.02,78046.68,1776845067000
1776845069.727,269.727,0.93,0.94,0.06,0.07,0.01,0.01,78046.67,1776845068000
1776845070.137,270.137,0.93,0.94,0.06,0.07,0.01,0.01,78046.67,1776845068000
1776845070.565,270.565,0.93,0.94,0.06,0.08,0.01,0.02,78046.68,1776845069000
1776845070.957,270.957,0.92,0.93,0.07,0.08,0.01,0.01,78046.68,1776845069000
1776845071.542,271.542,0.92,0.93,0.07,0.08,0.01,0.01,78048.73,1776845070000
1776845071.886,271.886,0.94,0.95,0.05,0.06,0.01,0.01,78048.73,1776845070000
1776845072.272,272.272,0.93,0.96,0.04,0.07,0.03,0.03,78051.74,1776845071000
1776845072.929,272.929,0.94,0.96,0.04,0.07,0.02,0.03,78051.74,1776845071000
1776845073.408,273.408,0.92,0.93,0.07,0.08,0.01,0.01,78052.45,1776845072000
1776845073.743,273.743,0.92,0.93,0.07,0.08,0.01,0.01,78052.45,1776845072000
1776845074.228,274.228,0.92,0.93,0.07,0.08,0.01,0.01,78052.45,1776845072000
1776845074.612,274.612,0.93,0.94,0.06,0.07,0.01,0.01,78049.47,1776845073000
1776845074.988,274.988,0.93,0.95,0.05,0.07,0.02,0.02,78049.47,1776845074000
1776845075.506,275.506,0.94,0.95,0.05,0.06,0.01,0.01,78049.47,1776845074000
1776845075.857,275.857,0.94,0.95,0.05,0.06,0.01,0.01,78049.47,1776845074000
1776845076.492,276.492,0.94,0.95,0.05,0.06,0.01,0.01,78049.58,1776845075000
1776845076.834,276.834,0.9,0.91,0.07,0.1,0.01,0.03,78049.58,1776845075000
1776845077.206,277.206,0.9,0.91,0.09,0.1,0.01,0.01,78049.54,1776845076000
1776845077.572,277.572,0.9,0.91,0.09,0.1,0.01,0.01,78049.54,1776845076000
1776845077.989,277.989,0.9,0.91,0.09,0.1,0.01,0.01,78049.52,1776845077000
1776845078.42,278.42,0.9,0.92,0.09,0.1,0.02,0.01,78049.52,1776845077000
1776845078.756,278.756,0.9,0.92,0.08,0.1,0.02,0.02,78049.52,1776845077000
1776845079.115,279.115,0.9,0.91,0.09,0.1,0.01,0.01,78048.57,1776845078000
1776845079.466,279.466,0.91,0.92,0.08,0.1,0.01,0.02,78048.57,1776845078000
1776845079.821,279.821,0.91,0.92,0.08,0.09,0.01,0.01,78048.57,1776845078000
1776845080.229,280.229,0.91,0.92,0.08,0.09,0.01,0.01,78047.84,1776845079000
1776845080.623,280.623,0.93,0.94,0.06,0.07,0.01,0.01,78047.84,1776845079000
1776845081.015,281.015,0.94,0.95,0.05,0.06,0.01,0.01,78047.68,1776845080000
1776845081.351,281.351,0.94,0.95,0.05,0.06,0.01,0.01,78047.68,1776845080000
1776845081.799,281.799,0.94,0.95,0.05,0.06,0.01,0.01,78047.68,1776845080000
1776845082.219,282.219,0.94,0.95,0.04,0.06,0.01,0.02,78047.95,1776845081000
1776845082.594,282.594,0.94,0.95,0.05,0.06,0.01,0.01,78047.95,1776845081000
1776845082.966,282.966,0.94,0.95,0.03,0.06,0.01,0.03,78047.95,1776845081000
1776845083.558,283.558,0.94,0.95,0.05,0.06,0.01,0.01,78045.95,1776845082000
1776845084.025,284.025,0.94,0.95,0.05,0.06,0.01,0.01,78045.46,1776845083000
1776845084.365,284.365,0.95,0.97,0.03,0.06,0.02,0.03,78045.46,1776845083000
1776845084.835,284.835,0.96,0.97,0.03,0.04,0.01,0.01,78045.46,1776845083000
1776845085.202,285.202,0.97,0.98,0.02,0.03,0.01,0.01,78046.49,1776845084000
1776845085.536,285.536,0.97,0.98,0.02,0.03,0.01,0.01,78046.49,1776845084000
1776845085.884,285.884,0.98,0.99,0.01,0.02,0.01,0.01,78046.49,1776845084000
1776845086.222,286.222,0.98,0.99,0.01,0.02,0.01,0.01,78045.68,1776845085000
1776845086.558,286.558,0.98,0.99,0.01,0.02,0.01,0.01,78045.68,1776845085000
1776845086.914,286.914,0.98,0.99,0.01,0.02,0.01,0.01,78045.68,1776845085000
1776845087.286,287.286,0.98,0.99,0.01,0.02,0.01,0.01,78045.68,1776845085000
1776845087.623,287.623,0.98,0.99,0.01,0.02,0.01,0.01,78045.68,1776845085000
1776845087.96,287.96,0.98,0.99,0.01,0.02,0.01,0.01,78059.31,1776845086000
1776845088.294,288.294,0.97,0.99,0.01,0.03,0.02,0.02,78059.53,1776845087000
1776845088.652,288.652,0.98,0.99,0.01,0.02,0.01,0.01,78059.53,1776845087000
1776845088.996,288.996,0.98,0.99,0.01,0.02,0.01,0.01,78059.53,1776845087000
1776845089.467,289.467,0.98,0.99,0.01,0.02,0.01,0.01,78059.53,1776845087000
1776845089.857,289.857,0.98,0.99,0.01,0.02,0.01,0.01,78058.92,1776845088000
1776845090.349,290.349,0.98,0.99,0.01,0.02,0.01,0.01,78058.92,1776845088000
1776845090.693,290.693,0.98,0.99,0.01,0.02,0.01,0.01,78058.91,1776845089000
1776845091.027,291.027,0.98,0.99,0.01,0.02,0.01,0.01,78058.91,1776845089000
1776845091.398,291.398,0.98,0.99,0.01,0.02,0.01,0.01,78058.94,1776845090000
1776845091.737,291.737,0.98,0.99,0.01,0.02,0.01,0.01,78058.94,1776845090000
1776845092.102,292.102,0.98,0.99,0.01,0.02,0.01,0.01,78058.94,1776845090000
1776845092.475,292.475,0.98,0.99,0.01,0.02,0.01,0.01,78058.9,1776845091000
1776845092.846,292.846,0.99,0.99,0.01,0.02,0.0,0.01,78058.9,1776845091000
1776845093.185,293.185,0.99,0.99,0.01,0.01,0.0,0.0,78061.05,1776845092000
1776845093.594,293.594,0.99,0.99,0.01,0.01,0.0,0.0,78061.05,1776845092000
1776845094.275,294.275,0.99,0.99,0.01,0.01,0.0,0.0,78057.84,1776845093000
1776845095.67,295.67,0.99,0.99,0.01,0.01,0.0,0.0,78057.84,1776845093000
1776845096.431,296.431,0.99,0.99,0.01,0.01,0.0,0.0,78057.84,1776845093000
1776845097.362,297.362,0.99,0.99,0.01,0.01,0.0,0.0,78057.84,1776845093000
1776845098.156,298.156,0.99,0.99,0.01,0.01,0.0,0.0,78057.84,1776845093000
1776845098.753,298.753,0.99,0.99,0.01,0.01,0.0,0.0,78057.84,1776845093000
1776845099.243,299.243,0.99,0.99,0.01,0.01,0.0,0.0,78057.84,1776845093000
1776845099.623,299.623,0.99,0.99,0.01,0.01,0.0,0.0,78057.84,1776845093000
1776845100.157,300.157,0.99,0.99,0.01,0.01,0.0,0.0,78057.84,1776845093000
1776845100.636,300.636,0.99,0.99,0.01,0.01,0.0,0.0,78057.84,1776845093000

# RESULT,winner=Up,slug=btc-updown-5m-1776844800,ticks=658
