timestamp,elapsed_sec,up_bid,up_ask,down_bid,down_ask,up_spread,down_spread,btc_price,btc_oracle_ts
1776012300.538,0.538,0.57,0.58,0.42,0.43,0.01,0.01,70902.36,1776012299000
1776012300.953,0.953,0.57,0.58,0.42,0.43,0.01,0.01,70902.36,1776012299000
1776012301.319,1.319,0.55,0.56,0.44,0.45,0.01,0.01,70901.68,1776012300000
1776012301.668,1.668,0.55,0.56,0.44,0.45,0.01,0.01,70901.68,1776012300000
1776012302.087,2.087,0.55,0.56,0.44,0.45,0.01,0.01,70901.67,1776012301000
1776012302.425,2.425,0.55,0.56,0.44,0.45,0.01,0.01,70901.67,1776012301000
1776012302.759,2.759,0.56,0.57,0.43,0.45,0.01,0.02,70901.67,1776012301000
1776012303.097,3.097,0.56,0.57,0.43,0.44,0.01,0.01,70901.67,1776012301000
1776012303.441,3.441,0.55,0.56,0.43,0.45,0.01,0.02,70901.68,1776012302000
1776012304.034,4.034,0.55,0.56,0.44,0.45,0.01,0.01,70901.68,1776012302000
1776012304.654,4.654,0.55,0.56,0.44,0.45,0.01,0.01,70901.68,1776012303000
1776012305.183,5.183,0.55,0.56,0.44,0.45,0.01,0.01,70901.68,1776012303000
1776012305.91,5.91,0.55,0.56,0.44,0.45,0.01,0.01,70901.67,1776012304000
1776012306.41,6.41,0.55,0.56,0.44,0.45,0.01,0.01,70901.67,1776012305000
1776012306.976,6.976,0.55,0.56,0.44,0.45,0.01,0.01,70901.67,1776012305000
1776012307.352,7.352,0.55,0.56,0.44,0.45,0.01,0.01,70901.66,1776012306000
1776012307.826,7.826,0.55,0.56,0.44,0.45,0.01,0.01,70901.66,1776012306000
1776012308.23,8.23,0.55,0.56,0.44,0.45,0.01,0.01,70901.66,1776012307000
1776012308.845,8.845,0.55,0.56,0.44,0.45,0.01,0.01,70901.66,1776012307000
1776012309.219,9.219,0.55,0.56,0.44,0.45,0.01,0.01,70901.66,1776012308000
1776012309.583,9.583,0.55,0.56,0.44,0.45,0.01,0.01,70901.66,1776012308000
1776012309.917,9.917,0.56,0.57,0.43,0.44,0.01,0.01,70901.65,1776012309000
1776012310.297,10.297,0.58,0.61,0.4,0.42,0.03,0.02,70901.65,1776012309000
1776012310.676,10.676,0.61,0.64,0.37,0.39,0.03,0.02,70901.65,1776012309000
1776012311.021,11.021,0.64,0.66,0.35,0.36,0.02,0.01,70901.65,1776012310000
1776012311.439,11.439,0.69,0.7,0.3,0.31,0.01,0.01,70901.65,1776012310000
1776012311.823,11.823,0.7,0.71,0.28,0.3,0.01,0.02,70901.65,1776012310000
1776012312.161,12.161,0.7,0.71,0.29,0.3,0.01,0.01,70907.33,1776012311000
1776012312.536,12.536,0.7,0.71,0.29,0.3,0.01,0.01,70907.33,1776012311000
1776012312.889,12.889,0.7,0.71,0.29,0.3,0.01,0.01,70907.33,1776012311000
1776012313.298,13.298,0.7,0.71,0.29,0.3,0.01,0.01,70919.84,1776012312000
1776012313.655,13.655,0.7,0.71,0.29,0.3,0.01,0.01,70919.84,1776012312000
1776012314.095,14.095,0.7,0.71,0.29,0.3,0.01,0.01,70919.84,1776012312000
1776012314.432,14.432,0.61,0.64,0.36,0.39,0.03,0.03,70921.55,1776012313000
1776012314.799,14.799,0.61,0.62,0.38,0.4,0.01,0.02,70921.55,1776012313000
1776012315.133,15.133,0.62,0.63,0.37,0.38,0.01,0.01,70921.55,1776012313000
1776012315.552,15.552,0.62,0.64,0.36,0.38,0.02,0.02,70921.55,1776012313000
1776012315.917,15.917,0.64,0.65,0.35,0.36,0.01,0.01,70921.55,1776012313000
1776012316.264,16.264,0.64,0.65,0.35,0.36,0.01,0.01,70912.68,1776012314000
1776012316.628,16.628,0.65,0.66,0.34,0.35,0.01,0.01,70912.68,1776012314000
1776012316.969,16.969,0.65,0.66,0.34,0.35,0.01,0.01,70912.68,1776012315000
1776012317.335,17.335,0.65,0.66,0.34,0.35,0.01,0.01,70912.68,1776012315000
1776012317.729,17.729,0.65,0.66,0.34,0.35,0.01,0.01,70915.0,1776012316000
1776012318.068,18.068,0.66,0.67,0.33,0.34,0.01,0.01,70915.0,1776012316000
1776012318.477,18.477,0.66,0.67,0.33,0.34,0.01,0.01,70918.06,1776012317000
1776012318.9,18.9,0.66,0.67,0.33,0.34,0.01,0.01,70918.06,1776012317000
1776012319.282,19.282,0.67,0.68,0.32,0.33,0.01,0.01,70918.06,1776012317000
1776012319.638,19.638,0.62,0.63,0.37,0.38,0.01,0.01,70918.06,1776012317000
1776012320.041,20.041,0.6,0.62,0.38,0.4,0.02,0.02,70918.16,1776012318000
1776012320.535,20.535,0.59,0.6,0.4,0.41,0.01,0.01,70918.16,1776012318000
1776012320.883,20.883,0.59,0.6,0.4,0.41,0.01,0.01,70918.16,1776012319000
1776012321.239,21.239,0.59,0.6,0.4,0.41,0.01,0.01,70918.16,1776012319000
1776012321.576,21.576,0.59,0.6,0.4,0.41,0.01,0.01,70917.09,1776012320000
1776012321.926,21.926,0.59,0.6,0.4,0.41,0.01,0.01,70917.09,1776012320000
1776012322.341,22.341,0.59,0.6,0.4,0.41,0.01,0.01,70917.09,1776012320000
1776012322.698,22.698,0.58,0.61,0.39,0.42,0.03,0.03,70910.83,1776012321000
1776012323.066,23.066,0.58,0.59,0.41,0.42,0.01,0.01,70910.83,1776012321000
1776012323.426,23.426,0.59,0.6,0.4,0.41,0.01,0.01,70910.42,1776012322000
1776012323.776,23.776,0.59,0.61,0.4,0.41,0.02,0.01,70910.42,1776012322000
1776012324.192,24.192,0.6,0.61,0.39,0.4,0.01,0.01,70910.03,1776012323000
1776012324.609,24.609,0.6,0.61,0.39,0.4,0.01,0.01,70910.03,1776012323000
1776012324.972,24.972,0.6,0.61,0.39,0.4,0.01,0.01,70910.03,1776012323000
1776012325.365,25.365,0.6,0.61,0.39,0.4,0.01,0.01,70910.03,1776012323000
1776012325.777,25.777,0.59,0.61,0.39,0.41,0.02,0.02,70908.63,1776012324000
1776012326.204,26.204,0.59,0.61,0.4,0.41,0.02,0.01,70908.63,1776012324000
1776012326.602,26.602,0.59,0.6,0.4,0.41,0.01,0.01,70909.39,1776012325000
1776012327.22,27.22,0.59,0.64,0.4,0.41,0.05,0.01,70909.39,1776012325000
1776012327.604,27.604,0.68,0.71,0.33,0.35,0.03,0.02,70908.67,1776012326000
1776012327.953,27.953,0.7,0.71,0.29,0.3,0.01,0.01,70908.67,1776012326000
1776012328.318,28.318,0.71,0.72,0.28,0.29,0.01,0.01,70908.67,1776012327000
1776012328.709,28.709,0.71,0.72,0.28,0.29,0.01,0.01,70908.67,1776012327000
1776012329.108,29.108,0.71,0.73,0.28,0.29,0.02,0.01,70908.67,1776012327000
1776012329.46,29.46,0.72,0.73,0.27,0.28,0.01,0.01,70908.67,1776012327000
1776012329.811,29.811,0.72,0.73,0.27,0.28,0.01,0.01,70917.38,1776012328000
1776012330.223,30.223,0.72,0.73,0.27,0.28,0.01,0.01,70917.38,1776012328000
1776012330.564,30.564,0.72,0.73,0.26,0.28,0.01,0.02,70920.06,1776012329000
1776012330.928,30.928,0.72,0.73,0.27,0.28,0.01,0.01,70920.06,1776012329000
1776012331.359,31.359,0.72,0.73,0.27,0.28,0.01,0.01,70920.06,1776012329000
1776012331.693,31.693,0.72,0.73,0.27,0.28,0.01,0.01,70921.86,1776012330000
1776012332.2,32.2,0.72,0.73,0.27,0.28,0.01,0.01,70921.86,1776012330000
1776012332.534,32.534,0.72,0.73,0.27,0.28,0.01,0.01,70921.86,1776012330000
1776012333.064,33.064,0.72,0.74,0.26,0.28,0.02,0.02,70922.69,1776012331000
1776012333.559,33.559,0.73,0.74,0.26,0.28,0.01,0.02,70922.69,1776012331000
1776012333.938,33.938,0.73,0.74,0.26,0.27,0.01,0.01,70924.24,1776012332000
1776012334.272,34.272,0.73,0.74,0.26,0.27,0.01,0.01,70924.64,1776012333000
1776012334.684,34.684,0.72,0.74,0.26,0.27,0.02,0.01,70924.64,1776012333000
1776012335.118,35.118,0.73,0.74,0.26,0.27,0.01,0.01,70924.64,1776012333000
1776012335.584,35.584,0.73,0.74,0.26,0.29,0.01,0.03,70924.65,1776012334000
1776012336.053,36.053,0.73,0.79,0.26,0.27,0.06,0.01,70924.65,1776012334000
1776012336.436,36.436,0.73,0.74,0.26,0.27,0.01,0.01,70924.65,1776012335000
1776012336.774,36.774,0.74,0.75,0.25,0.26,0.01,0.01,70924.65,1776012335000
1776012337.12,37.12,0.75,0.76,0.25,0.26,0.01,0.01,70924.65,1776012335000
1776012337.456,37.456,0.78,0.79,0.21,0.23,0.01,0.02,70925.43,1776012336000
1776012337.789,37.789,0.78,0.79,0.21,0.22,0.01,0.01,70925.43,1776012336000
1776012338.143,38.143,0.78,0.79,0.21,0.22,0.01,0.01,70925.43,1776012336000
1776012338.535,38.535,0.79,0.8,0.2,0.22,0.01,0.02,70925.76,1776012337000
1776012338.898,38.898,0.79,0.8,0.2,0.21,0.01,0.01,70925.76,1776012337000
1776012339.269,39.269,0.79,0.8,0.2,0.21,0.01,0.01,70925.76,1776012338000
1776012339.636,39.636,0.77,0.79,0.21,0.22,0.02,0.01,70925.76,1776012338000
1776012339.977,39.977,0.76,0.79,0.21,0.24,0.03,0.03,70927.83,1776012339000
1776012340.531,40.531,0.78,0.79,0.21,0.22,0.01,0.01,70927.83,1776012339000
1776012340.916,40.916,0.77,0.78,0.22,0.23,0.01,0.01,70927.83,1776012339000
1776012341.637,41.637,0.77,0.78,0.22,0.23,0.01,0.01,70929.74,1776012340000
1776012342.061,42.061,0.76,0.77,0.23,0.24,0.01,0.01,70929.74,1776012340000
1776012342.488,42.488,0.77,0.79,0.21,0.22,0.02,0.01,70929.74,1776012341000
1776012342.849,42.849,0.77,0.78,0.21,0.22,0.01,0.01,70929.74,1776012341000
1776012343.588,43.588,0.77,0.78,0.22,0.23,0.01,0.01,70929.59,1776012342000
1776012343.928,43.928,0.77,0.78,0.22,0.23,0.01,0.01,70929.59,1776012342000
1776012344.358,44.358,0.77,0.78,0.22,0.24,0.01,0.02,70930.09,1776012343000
1776012344.757,44.757,0.77,0.78,0.22,0.23,0.01,0.01,70930.09,1776012343000
1776012345.103,45.103,0.76,0.77,0.22,0.24,0.01,0.02,70930.09,1776012343000
1776012345.462,45.462,0.78,0.79,0.23,0.24,0.01,0.01,70929.95,1776012344000
1776012345.876,45.876,0.78,0.79,0.21,0.22,0.01,0.01,70929.95,1776012344000
1776012346.272,46.272,0.78,0.81,0.21,0.22,0.03,0.01,70929.95,1776012344000
1776012346.738,46.738,0.8,0.81,0.19,0.2,0.01,0.01,70928.55,1776012345000
1776012347.113,47.113,0.78,0.79,0.21,0.22,0.01,0.01,70928.55,1776012345000
1776012347.545,47.545,0.76,0.77,0.21,0.25,0.01,0.04,70928.55,1776012345000
1776012347.896,47.896,0.72,0.73,0.27,0.28,0.01,0.01,70928.55,1776012345000
1776012348.243,48.243,0.68,0.69,0.27,0.32,0.01,0.05,70928.55,1776012345000
1776012348.599,48.599,0.67,0.68,0.32,0.33,0.01,0.01,70928.55,1776012345000
1776012348.946,48.946,0.67,0.68,0.32,0.33,0.01,0.01,70928.47,1776012347000
1776012349.49,49.49,0.67,0.68,0.32,0.33,0.01,0.01,70928.47,1776012347000
1776012349.827,49.827,0.67,0.68,0.32,0.33,0.01,0.01,70926.15,1776012348000
1776012350.217,50.217,0.67,0.68,0.32,0.33,0.01,0.01,70926.15,1776012348000
1776012350.558,50.558,0.67,0.68,0.32,0.33,0.01,0.01,70921.91,1776012349000
1776012350.972,50.972,0.67,0.68,0.31,0.32,0.01,0.01,70921.91,1776012349000
1776012351.325,51.325,0.67,0.68,0.32,0.33,0.01,0.01,70921.91,1776012349000
1776012351.766,51.766,0.67,0.68,0.32,0.33,0.01,0.01,70921.82,1776012350000
1776012352.287,52.287,0.67,0.68,0.32,0.33,0.01,0.01,70921.82,1776012350000
1776012352.645,52.645,0.67,0.68,0.32,0.33,0.01,0.01,70921.82,1776012350000
1776012353.004,53.004,0.67,0.68,0.32,0.33,0.01,0.01,70921.82,1776012350000
1776012353.428,53.428,0.67,0.68,0.32,0.33,0.01,0.01,70922.73,1776012352000
1776012353.773,53.773,0.67,0.68,0.32,0.33,0.01,0.01,70922.73,1776012352000
1776012354.107,54.107,0.67,0.68,0.32,0.33,0.01,0.01,70922.78,1776012353000
1776012354.442,54.442,0.67,0.68,0.32,0.33,0.01,0.01,70922.78,1776012353000
1776012354.794,54.794,0.67,0.68,0.32,0.33,0.01,0.01,70922.78,1776012353000
1776012355.306,55.306,0.67,0.69,0.31,0.33,0.02,0.02,70922.83,1776012354000
1776012355.799,55.799,0.67,0.68,0.32,0.33,0.01,0.01,70922.83,1776012354000
1776012356.628,56.628,0.67,0.68,0.32,0.33,0.01,0.01,70922.83,1776012354000
1776012357.162,57.162,0.67,0.68,0.32,0.33,0.01,0.01,70921.74,1776012355000
1776012357.804,57.804,0.67,0.68,0.32,0.33,0.01,0.01,70921.83,1776012356000
1776012358.213,58.213,0.67,0.68,0.32,0.33,0.01,0.01,70921.83,1776012356000
1776012358.647,58.647,0.67,0.68,0.32,0.33,0.01,0.01,70921.83,1776012356000
1776012359.237,59.237,0.67,0.68,0.32,0.33,0.01,0.01,70922.63,1776012357000
1776012359.639,59.639,0.67,0.68,0.32,0.33,0.01,0.01,70922.63,1776012358000
1776012360.027,60.027,0.67,0.68,0.32,0.33,0.01,0.01,70922.63,1776012358000
1776012360.381,60.381,0.68,0.69,0.31,0.33,0.01,0.02,70922.63,1776012358000
1776012360.718,60.718,0.68,0.69,0.31,0.32,0.01,0.01,70922.63,1776012358000
1776012361.165,61.165,0.68,0.69,0.31,0.32,0.01,0.01,70922.31,1776012359000
1776012361.78,61.78,0.68,0.69,0.31,0.32,0.01,0.01,70921.77,1776012360000
1776012362.156,62.156,0.68,0.69,0.31,0.32,0.01,0.01,70921.77,1776012360000
1776012362.536,62.536,0.69,0.7,0.3,0.32,0.01,0.02,70921.77,1776012360000
1776012362.932,62.932,0.68,0.69,0.31,0.32,0.01,0.01,70921.43,1776012361000
1776012363.293,63.293,0.69,0.7,0.3,0.31,0.01,0.01,70921.43,1776012361000
1776012363.65,63.65,0.68,0.69,0.31,0.32,0.01,0.01,70922.54,1776012362000
1776012364.0,64.0,0.68,0.69,0.31,0.32,0.01,0.01,70922.54,1776012362000
1776012364.425,64.425,0.68,0.7,0.31,0.32,0.02,0.01,70921.42,1776012363000
1776012364.832,64.832,0.69,0.7,0.3,0.31,0.01,0.01,70921.42,1776012363000
1776012365.397,65.397,0.69,0.7,0.3,0.31,0.01,0.01,70921.42,1776012363000
1776012365.752,65.752,0.69,0.7,0.3,0.31,0.01,0.01,70922.58,1776012364000
1776012366.362,66.362,0.69,0.7,0.3,0.31,0.01,0.01,70922.58,1776012364000
1776012366.842,66.842,0.69,0.7,0.3,0.31,0.01,0.01,70921.22,1776012365000
1776012367.352,67.352,0.69,0.7,0.3,0.31,0.01,0.01,70922.26,1776012366000
1776012367.802,67.802,0.69,0.7,0.3,0.31,0.01,0.01,70922.26,1776012366000
1776012368.159,68.159,0.69,0.7,0.3,0.31,0.01,0.01,70921.31,1776012367000
1776012368.647,68.647,0.69,0.7,0.3,0.31,0.01,0.01,70921.31,1776012367000
1776012368.988,68.988,0.69,0.7,0.3,0.31,0.01,0.01,70921.36,1776012368000
1776012369.33,69.33,0.69,0.7,0.3,0.31,0.01,0.01,70921.36,1776012368000
1776012369.701,69.701,0.69,0.7,0.3,0.31,0.01,0.01,70921.36,1776012368000
1776012370.054,70.054,0.69,0.7,0.3,0.31,0.01,0.01,70921.31,1776012369000
1776012370.415,70.415,0.69,0.7,0.3,0.31,0.01,0.01,70921.31,1776012369000
1776012370.769,70.769,0.69,0.7,0.3,0.31,0.01,0.01,70921.31,1776012369000
1776012371.135,71.135,0.69,0.7,0.3,0.31,0.01,0.01,70921.41,1776012370000
1776012371.524,71.524,0.69,0.7,0.3,0.31,0.01,0.01,70921.41,1776012370000
1776012371.858,71.858,0.69,0.7,0.3,0.31,0.01,0.01,70921.41,1776012370000
1776012372.427,72.427,0.69,0.7,0.3,0.31,0.01,0.01,70921.44,1776012371000
1776012372.844,72.844,0.7,0.71,0.29,0.3,0.01,0.01,70921.44,1776012371000
1776012373.236,73.236,0.71,0.72,0.28,0.29,0.01,0.01,70921.58,1776012372000
1776012373.77,73.77,0.71,0.72,0.28,0.29,0.01,0.01,70921.58,1776012372000
1776012374.221,74.221,0.71,0.72,0.28,0.29,0.01,0.01,70921.58,1776012372000
1776012374.67,74.67,0.71,0.72,0.28,0.29,0.01,0.01,70922.83,1776012373000
1776012375.067,75.067,0.71,0.72,0.28,0.29,0.01,0.01,70922.83,1776012373000
1776012375.527,75.527,0.71,0.72,0.28,0.29,0.01,0.01,70922.96,1776012374000
1776012375.865,75.865,0.71,0.72,0.28,0.29,0.01,0.01,70922.96,1776012374000
1776012376.32,76.32,0.71,0.72,0.28,0.29,0.01,0.01,70923.37,1776012375000
1776012376.813,76.813,0.71,0.72,0.28,0.29,0.01,0.01,70923.37,1776012375000
1776012377.292,77.292,0.71,0.72,0.28,0.29,0.01,0.01,70922.92,1776012376000
1776012377.853,77.853,0.71,0.72,0.28,0.29,0.01,0.01,70922.92,1776012376000
1776012378.243,78.243,0.71,0.72,0.28,0.29,0.01,0.01,70922.4,1776012377000
1776012378.647,78.647,0.71,0.72,0.28,0.29,0.01,0.01,70922.4,1776012377000
1776012378.983,78.983,0.69,0.72,0.28,0.3,0.03,0.02,70922.4,1776012377000
1776012379.325,79.325,0.68,0.69,0.31,0.32,0.01,0.01,70922.4,1776012378000
1776012379.811,79.811,0.68,0.69,0.31,0.32,0.01,0.01,70922.4,1776012378000
1776012380.518,80.518,0.68,0.69,0.31,0.32,0.01,0.01,70922.4,1776012378000
1776012380.888,80.888,0.68,0.69,0.31,0.32,0.01,0.01,70922.4,1776012378000
1776012381.401,81.401,0.68,0.69,0.31,0.32,0.01,0.01,70922.4,1776012378000
1776012381.825,81.825,0.68,0.69,0.31,0.32,0.01,0.01,70919.83,1776012380000
1776012382.181,82.181,0.68,0.69,0.31,0.32,0.01,0.01,70919.83,1776012380000
1776012382.52,82.52,0.69,0.7,0.3,0.31,0.01,0.01,70918.13,1776012381000
1776012382.871,82.871,0.68,0.69,0.3,0.32,0.01,0.02,70918.13,1776012381000
1776012383.584,83.584,0.68,0.69,0.31,0.32,0.01,0.01,70918.13,1776012381000
1776012384.199,84.199,0.68,0.69,0.31,0.32,0.01,0.01,70919.16,1776012382000
1776012384.532,84.532,0.69,0.7,0.3,0.31,0.01,0.01,70919.16,1776012382000
1776012384.89,84.89,0.69,0.7,0.3,0.31,0.01,0.01,70917.48,1776012383000
1776012385.367,85.367,0.69,0.7,0.3,0.31,0.01,0.01,70919.25,1776012384000
1776012385.729,85.729,0.69,0.7,0.3,0.31,0.01,0.01,70919.25,1776012384000
1776012386.14,86.14,0.69,0.7,0.3,0.31,0.01,0.01,70917.47,1776012385000
1776012386.833,86.833,0.69,0.7,0.3,0.31,0.01,0.01,70917.47,1776012385000
1776012387.738,87.738,0.69,0.7,0.3,0.31,0.01,0.01,70917.47,1776012385000
1776012388.513,88.513,0.69,0.7,0.3,0.31,0.01,0.01,70917.15,1776012386000
1776012388.847,88.847,0.69,0.7,0.3,0.31,0.01,0.01,70917.11,1776012387000
1776012389.358,89.358,0.69,0.7,0.3,0.31,0.01,0.01,70917.11,1776012387000
1776012389.87,89.87,0.69,0.7,0.3,0.31,0.01,0.01,70918.74,1776012388000
1776012390.252,90.252,0.68,0.69,0.31,0.32,0.01,0.01,70918.55,1776012389000
1776012390.655,90.655,0.68,0.69,0.31,0.32,0.01,0.01,70918.55,1776012389000
1776012391.155,91.155,0.68,0.69,0.31,0.32,0.01,0.01,70918.55,1776012389000
1776012391.885,91.885,0.68,0.69,0.31,0.32,0.01,0.01,70917.26,1776012390000
1776012392.358,92.358,0.68,0.69,0.31,0.32,0.01,0.01,70917.26,1776012390000
1776012392.699,92.699,0.68,0.69,0.31,0.32,0.01,0.01,70914.32,1776012391000
1776012393.433,93.433,0.68,0.69,0.31,0.32,0.01,0.01,70914.32,1776012391000
1776012393.772,93.772,0.68,0.69,0.31,0.32,0.01,0.01,70917.89,1776012392000
1776012394.18,94.18,0.68,0.69,0.31,0.32,0.01,0.01,70917.89,1776012392000
1776012394.518,94.518,0.67,0.68,0.31,0.33,0.01,0.02,70914.63,1776012393000
1776012394.856,94.856,0.67,0.68,0.32,0.33,0.01,0.01,70914.63,1776012393000
1776012395.636,95.636,0.67,0.68,0.32,0.33,0.01,0.01,70914.66,1776012394000
1776012395.992,95.992,0.67,0.68,0.32,0.33,0.01,0.01,70914.66,1776012394000
1776012396.345,96.345,0.67,0.68,0.32,0.33,0.01,0.01,70914.66,1776012394000
1776012396.714,96.714,0.67,0.68,0.32,0.33,0.01,0.01,70914.8,1776012395000
1776012397.391,97.391,0.67,0.68,0.32,0.33,0.01,0.01,70914.8,1776012395000
1776012397.927,97.927,0.67,0.68,0.32,0.33,0.01,0.01,70914.79,1776012396000
1776012398.264,98.264,0.67,0.68,0.32,0.33,0.01,0.01,70914.79,1776012396000
1776012398.687,98.687,0.67,0.68,0.32,0.33,0.01,0.01,70917.7,1776012397000
1776012399.063,99.063,0.67,0.68,0.32,0.33,0.01,0.01,70917.7,1776012397000
1776012399.486,99.486,0.68,0.69,0.32,0.33,0.01,0.01,70918.11,1776012398000
1776012400.054,100.054,0.68,0.69,0.31,0.32,0.01,0.01,70918.11,1776012398000
1776012400.413,100.413,0.68,0.69,0.31,0.32,0.01,0.01,70918.15,1776012399000
1776012400.753,100.753,0.68,0.69,0.31,0.32,0.01,0.01,70918.15,1776012399000
1776012401.141,101.141,0.68,0.69,0.31,0.32,0.01,0.01,70918.15,1776012399000
1776012401.765,101.765,0.68,0.69,0.31,0.32,0.01,0.01,70919.27,1776012400000
1776012402.712,102.712,0.68,0.69,0.31,0.33,0.01,0.02,70919.31,1776012401000
1776012403.146,103.146,0.67,0.68,0.32,0.33,0.01,0.01,70919.31,1776012401000
1776012403.629,103.629,0.68,0.69,0.31,0.33,0.01,0.02,70919.52,1776012402000
1776012403.964,103.964,0.68,0.69,0.31,0.32,0.01,0.01,70919.52,1776012402000
1776012404.382,104.382,0.68,0.69,0.31,0.32,0.01,0.01,70917.83,1776012403000
1776012404.739,104.739,0.68,0.69,0.31,0.32,0.01,0.01,70917.83,1776012403000
1776012405.164,105.164,0.68,0.69,0.31,0.32,0.01,0.01,70917.83,1776012403000
1776012405.708,105.708,0.68,0.69,0.31,0.32,0.01,0.01,70918.75,1776012404000
1776012406.041,106.041,0.68,0.69,0.31,0.32,0.01,0.01,70917.9,1776012405000
1776012406.389,106.389,0.67,0.68,0.32,0.33,0.01,0.01,70917.9,1776012405000
1776012406.724,106.724,0.67,0.68,0.32,0.33,0.01,0.01,70917.9,1776012405000
1776012407.097,107.097,0.67,0.68,0.32,0.33,0.01,0.01,70917.9,1776012405000
1776012407.722,107.722,0.67,0.68,0.32,0.33,0.01,0.01,70916.52,1776012406000
1776012408.301,108.301,0.67,0.68,0.32,0.33,0.01,0.01,70916.52,1776012406000
1776012408.663,108.663,0.67,0.68,0.32,0.33,0.01,0.01,70915.91,1776012407000
1776012409.055,109.055,0.57,0.61,0.39,0.4,0.04,0.01,70915.91,1776012407000
1776012409.397,109.397,0.57,0.58,0.42,0.43,0.01,0.01,70915.39,1776012408000
1776012409.807,109.807,0.56,0.57,0.42,0.43,0.01,0.01,70915.39,1776012408000
1776012410.181,110.181,0.55,0.57,0.43,0.44,0.02,0.01,70915.39,1776012408000
1776012410.563,110.563,0.55,0.56,0.44,0.45,0.01,0.01,70915.26,1776012409000
1776012410.999,110.999,0.55,0.56,0.44,0.45,0.01,0.01,70915.26,1776012409000
1776012411.357,111.357,0.55,0.56,0.44,0.45,0.01,0.01,70915.26,1776012409000
1776012411.692,111.692,0.55,0.56,0.44,0.45,0.01,0.01,70907.55,1776012410000
1776012412.125,112.125,0.55,0.56,0.44,0.45,0.01,0.01,70907.13,1776012411000
1776012412.46,112.46,0.55,0.56,0.44,0.45,0.01,0.01,70907.13,1776012411000
1776012413.042,113.042,0.55,0.56,0.44,0.45,0.01,0.01,70907.13,1776012411000
1776012413.388,113.388,0.55,0.56,0.44,0.45,0.01,0.01,70905.2,1776012412000
1776012413.729,113.729,0.54,0.55,0.44,0.46,0.01,0.02,70905.2,1776012412000
1776012414.174,114.174,0.53,0.54,0.46,0.47,0.01,0.01,70905.2,1776012412000
1776012414.512,114.512,0.51,0.54,0.46,0.49,0.03,0.03,70904.5,1776012413000
1776012414.906,114.906,0.52,0.53,0.47,0.49,0.01,0.02,70904.5,1776012413000
1776012415.254,115.254,0.52,0.53,0.47,0.48,0.01,0.01,70904.5,1776012413000
1776012415.609,115.609,0.52,0.53,0.47,0.48,0.01,0.01,70904.5,1776012413000
1776012416.198,116.198,0.52,0.53,0.47,0.48,0.01,0.01,70904.48,1776012415000
1776012416.569,116.569,0.52,0.53,0.47,0.48,0.01,0.01,70904.48,1776012415000
1776012417.183,117.183,0.52,0.53,0.47,0.48,0.01,0.01,70904.48,1776012415000
1776012417.542,117.542,0.52,0.53,0.47,0.48,0.01,0.01,70904.46,1776012416000
1776012418.035,118.035,0.53,0.54,0.46,0.47,0.01,0.01,70904.46,1776012416000
1776012418.568,118.568,0.53,0.54,0.46,0.47,0.01,0.01,70903.75,1776012417000
1776012419.052,119.052,0.53,0.54,0.46,0.47,0.01,0.01,70903.75,1776012417000
1776012419.416,119.416,0.53,0.54,0.46,0.47,0.01,0.01,70903.61,1776012418000
1776012419.923,119.923,0.52,0.53,0.46,0.47,0.01,0.01,70903.61,1776012418000
1776012420.297,120.297,0.52,0.53,0.47,0.48,0.01,0.01,70903.61,1776012418000
1776012420.815,120.815,0.51,0.52,0.47,0.49,0.01,0.02,70903.94,1776012419000
1776012421.352,121.352,0.52,0.53,0.47,0.48,0.01,0.01,70903.94,1776012420000
1776012421.846,121.846,0.51,0.53,0.47,0.48,0.02,0.01,70903.94,1776012420000
1776012422.228,122.228,0.51,0.52,0.48,0.49,0.01,0.01,70903.94,1776012420000
1776012422.767,122.767,0.51,0.52,0.48,0.49,0.01,0.01,70904,1776012421000
1776012423.117,123.117,0.52,0.53,0.47,0.48,0.01,0.01,70904,1776012421000
1776012423.584,123.584,0.52,0.53,0.47,0.48,0.01,0.01,70903.97,1776012422000
1776012423.919,123.919,0.52,0.53,0.47,0.48,0.01,0.01,70903.97,1776012422000
1776012424.35,124.35,0.52,0.53,0.47,0.48,0.01,0.01,70903.97,1776012423000
1776012424.722,124.722,0.52,0.53,0.47,0.49,0.01,0.02,70903.97,1776012423000
1776012425.128,125.128,0.53,0.57,0.43,0.47,0.04,0.04,70903.94,1776012424000
1776012425.56,125.56,0.54,0.55,0.45,0.46,0.01,0.01,70903.94,1776012424000
1776012425.904,125.904,0.52,0.53,0.45,0.48,0.01,0.03,70903.94,1776012424000
1776012426.291,126.291,0.52,0.53,0.47,0.48,0.01,0.01,70903.91,1776012425000
1776012426.643,126.643,0.54,0.55,0.45,0.46,0.01,0.01,70903.91,1776012425000
1776012427.048,127.048,0.54,0.59,0.45,0.46,0.05,0.01,70903.91,1776012425000
1776012427.381,127.381,0.57,0.58,0.42,0.43,0.01,0.01,70903.91,1776012426000
1776012427.784,127.784,0.54,0.58,0.42,0.43,0.04,0.01,70903.91,1776012426000
1776012428.138,128.138,0.55,0.58,0.42,0.43,0.03,0.01,70904.79,1776012427000
1776012428.535,128.535,0.56,0.57,0.44,0.45,0.01,0.01,70904.79,1776012427000
1776012428.922,128.922,0.56,0.57,0.43,0.44,0.01,0.01,70904.79,1776012427000
1776012429.263,129.263,0.56,0.57,0.43,0.44,0.01,0.01,70906.54,1776012428000
1776012430.165,130.165,0.57,0.58,0.42,0.43,0.01,0.01,70906.54,1776012428000
1776012430.518,130.518,0.57,0.58,0.42,0.43,0.01,0.01,70906.54,1776012428000
1776012430.935,130.935,0.57,0.58,0.42,0.43,0.01,0.01,70907.17,1776012429000
1776012431.28,131.28,0.56,0.57,0.43,0.49,0.01,0.06,70907.17,1776012429000
1776012431.735,131.735,0.53,0.54,0.43,0.44,0.01,0.01,70907.2,1776012430000
1776012432.072,132.072,0.53,0.54,0.46,0.47,0.01,0.01,70907.32,1776012431000
1776012432.409,132.409,0.53,0.59,0.41,0.47,0.06,0.06,70907.32,1776012431000
1776012432.83,132.83,0.56,0.58,0.43,0.44,0.02,0.01,70907.32,1776012431000
1776012433.464,133.464,0.57,0.58,0.42,0.43,0.01,0.01,70907.17,1776012432000
1776012433.806,133.806,0.57,0.58,0.42,0.43,0.01,0.01,70907.17,1776012432000
1776012434.191,134.191,0.57,0.58,0.42,0.43,0.01,0.01,70907.32,1776012433000
1776012434.629,134.629,0.54,0.58,0.42,0.43,0.04,0.01,70907.32,1776012433000
1776012434.971,134.971,0.55,0.57,0.44,0.45,0.02,0.01,70907.32,1776012433000
1776012435.332,135.332,0.55,0.57,0.43,0.45,0.02,0.02,70907.34,1776012434000
1776012435.696,135.696,0.56,0.57,0.43,0.44,0.01,0.01,70907.34,1776012434000
1776012436.038,136.038,0.56,0.57,0.43,0.44,0.01,0.01,70907.34,1776012434000
1776012436.522,136.522,0.56,0.57,0.43,0.44,0.01,0.01,70906.86,1776012435000
1776012436.977,136.977,0.56,0.57,0.43,0.44,0.01,0.01,70906.87,1776012436000
1776012437.721,137.721,0.57,0.58,0.42,0.43,0.01,0.01,70906.87,1776012436000
1776012438.134,138.134,0.57,0.58,0.42,0.43,0.01,0.01,70906.87,1776012437000
1776012438.677,138.677,0.57,0.58,0.42,0.43,0.01,0.01,70906.87,1776012437000
1776012439.01,139.01,0.57,0.58,0.42,0.49,0.01,0.07,70906.87,1776012437000
1776012439.532,139.532,0.54,0.55,0.42,0.43,0.01,0.01,70906.43,1776012438000
1776012440.318,140.318,0.54,0.55,0.45,0.46,0.01,0.01,70906.75,1776012439000
1776012440.929,140.929,0.55,0.56,0.44,0.45,0.01,0.01,70906.75,1776012439000
1776012441.381,141.381,0.55,0.56,0.44,0.45,0.01,0.01,70906.75,1776012439000
1776012441.83,141.83,0.55,0.57,0.37,0.45,0.02,0.08,70906.75,1776012440000
1776012443.043,143.043,0.55,0.56,0.43,0.45,0.01,0.02,70906.66,1776012441000
1776012443.411,143.411,0.52,0.53,0.46,0.48,0.01,0.02,70906.66,1776012442000
1776012443.87,143.87,0.5,0.51,0.49,0.5,0.01,0.01,70906.66,1776012442000
1776012444.209,144.209,0.5,0.51,0.49,0.5,0.01,0.01,70906.66,1776012442000
1776012444.581,144.581,0.49,0.5,0.5,0.51,0.01,0.01,70906.57,1776012443000
1776012444.944,144.944,0.49,0.5,0.5,0.51,0.01,0.01,70906.57,1776012443000
1776012445.287,145.287,0.49,0.5,0.5,0.51,0.01,0.01,70906.57,1776012443000
1776012445.65,145.65,0.49,0.5,0.5,0.51,0.01,0.01,70905.86,1776012444000
1776012446.03,146.03,0.49,0.5,0.5,0.51,0.01,0.01,70905.86,1776012444000
1776012446.401,146.401,0.49,0.5,0.5,0.51,0.01,0.01,70905.62,1776012445000
1776012446.74,146.74,0.48,0.51,0.49,0.5,0.03,0.01,70905.62,1776012445000
1776012447.226,147.226,0.51,0.52,0.48,0.49,0.01,0.01,70905.64,1776012446000
1776012447.648,147.648,0.55,0.56,0.45,0.46,0.01,0.01,70905.64,1776012446000
1776012447.997,147.997,0.55,0.56,0.44,0.45,0.01,0.01,70905.84,1776012447000
1776012448.377,148.377,0.55,0.56,0.44,0.45,0.01,0.01,70905.84,1776012447000
1776012448.767,148.767,0.55,0.56,0.44,0.45,0.01,0.01,70905.84,1776012447000
1776012449.102,149.102,0.55,0.56,0.44,0.45,0.01,0.01,70907.29,1776012448000
1776012449.51,149.51,0.54,0.55,0.44,0.46,0.01,0.02,70907.29,1776012448000
1776012449.987,149.987,0.54,0.55,0.45,0.46,0.01,0.01,70907.29,1776012448000
1776012450.715,150.715,0.54,0.55,0.45,0.46,0.01,0.01,70907.02,1776012449000
1776012451.565,151.565,0.55,0.56,0.44,0.46,0.01,0.02,70907.02,1776012450000
1776012451.942,151.942,0.53,0.54,0.44,0.47,0.01,0.03,70907.02,1776012450000
1776012452.786,152.786,0.53,0.54,0.46,0.47,0.01,0.01,70907.25,1776012451000
1776012453.156,153.156,0.61,0.66,0.35,0.4,0.05,0.05,70907.25,1776012451000
1776012453.494,153.494,0.65,0.66,0.34,0.35,0.01,0.01,70907.25,1776012452000
1776012453.915,153.915,0.65,0.66,0.34,0.35,0.01,0.01,70907.25,1776012452000
1776012454.254,154.254,0.65,0.66,0.34,0.35,0.01,0.01,70906.26,1776012453000
1776012454.593,154.593,0.64,0.65,0.35,0.36,0.01,0.01,70906.26,1776012453000
1776012454.93,154.93,0.66,0.67,0.33,0.34,0.01,0.01,70906.26,1776012453000
1776012455.387,155.387,0.65,0.66,0.34,0.35,0.01,0.01,70907.39,1776012454000
1776012455.722,155.722,0.65,0.66,0.34,0.35,0.01,0.01,70907.39,1776012454000
1776012456.127,156.127,0.65,0.67,0.34,0.35,0.02,0.01,70907.39,1776012454000
1776012456.48,156.48,0.72,0.73,0.27,0.28,0.01,0.01,70908.69,1776012455000
1776012456.998,156.998,0.72,0.73,0.27,0.28,0.01,0.01,70908.69,1776012455000
1776012457.423,157.423,0.79,0.88,0.12,0.21,0.09,0.09,70908.91,1776012456000
1776012457.802,157.802,0.8,0.84,0.16,0.17,0.04,0.01,70908.91,1776012456000
1776012458.138,158.138,0.82,0.83,0.17,0.18,0.01,0.01,70908.91,1776012456000
1776012458.473,158.473,0.78,0.79,0.21,0.22,0.01,0.01,70908.91,1776012456000
1776012458.808,158.808,0.76,0.77,0.23,0.24,0.01,0.01,70908.91,1776012456000
1776012459.146,159.146,0.73,0.74,0.26,0.27,0.01,0.01,70908.91,1776012456000
1776012459.581,159.581,0.68,0.69,0.3,0.32,0.01,0.02,70913.67,1776012457000
1776012459.958,159.958,0.67,0.68,0.31,0.32,0.01,0.01,70913.67,1776012457000
1776012460.295,160.295,0.67,0.68,0.32,0.33,0.01,0.01,70913.67,1776012457000
1776012460.659,160.659,0.67,0.68,0.32,0.33,0.01,0.01,70921.55,1776012458000
1776012461.057,161.057,0.67,0.68,0.32,0.33,0.01,0.01,70921.55,1776012458000
1776012461.392,161.392,0.67,0.68,0.32,0.33,0.01,0.01,70921.55,1776012458000
1776012461.731,161.731,0.67,0.68,0.32,0.33,0.01,0.01,70921.55,1776012458000
1776012462.176,162.176,0.67,0.68,0.32,0.33,0.01,0.01,70915.48,1776012460000
1776012462.513,162.513,0.67,0.68,0.32,0.33,0.01,0.01,70915.48,1776012460000
1776012462.994,162.994,0.67,0.68,0.32,0.33,0.01,0.01,70914.96,1776012461000
1776012463.402,163.402,0.67,0.68,0.32,0.33,0.01,0.01,70914.97,1776012462000
1776012463.735,163.735,0.67,0.68,0.32,0.33,0.01,0.01,70914.97,1776012462000
1776012464.076,164.076,0.66,0.68,0.32,0.34,0.02,0.02,70914.97,1776012462000
1776012464.521,164.521,0.66,0.67,0.33,0.34,0.01,0.01,70914.97,1776012463000
1776012464.914,164.914,0.62,0.65,0.34,0.36,0.03,0.02,70914.97,1776012463000
1776012465.255,165.255,0.59,0.61,0.39,0.41,0.02,0.02,70914.97,1776012464000
1776012465.789,165.789,0.58,0.6,0.4,0.41,0.02,0.01,70914.97,1776012464000
1776012466.146,166.146,0.54,0.55,0.43,0.45,0.01,0.02,70914.97,1776012464000
1776012466.483,166.483,0.51,0.54,0.46,0.49,0.03,0.03,70914.97,1776012464000
1776012466.835,166.835,0.52,0.53,0.47,0.49,0.01,0.02,70914.77,1776012465000
1776012467.174,167.174,0.52,0.53,0.47,0.48,0.01,0.01,70914.77,1776012465000
1776012467.537,167.537,0.52,0.53,0.47,0.48,0.01,0.01,70910.0,1776012466000
1776012467.905,167.905,0.52,0.53,0.47,0.48,0.01,0.01,70910.0,1776012466000
1776012468.725,168.725,0.51,0.52,0.47,0.48,0.01,0.01,70910.0,1776012466000
1776012469.075,169.075,0.48,0.52,0.48,0.49,0.04,0.01,70910.0,1776012466000
1776012469.423,169.423,0.49,0.5,0.5,0.51,0.01,0.01,70904.76,1776012467000
1776012469.916,169.916,0.49,0.51,0.5,0.51,0.02,0.01,70904.76,1776012468000
1776012470.263,170.263,0.5,0.52,0.49,0.5,0.02,0.01,70904.76,1776012468000
1776012470.768,170.768,0.53,0.54,0.46,0.47,0.01,0.01,70904.76,1776012469000
1776012471.23,171.23,0.53,0.54,0.46,0.47,0.01,0.01,70904.76,1776012469000
1776012471.637,171.637,0.53,0.55,0.46,0.47,0.02,0.01,70904.76,1776012470000
1776012472.025,172.025,0.45,0.54,0.45,0.47,0.09,0.02,70904.76,1776012470000
1776012472.453,172.453,0.51,0.52,0.48,0.5,0.01,0.02,70904.76,1776012471000
1776012472.836,172.836,0.51,0.52,0.48,0.49,0.01,0.01,70904.76,1776012471000
1776012473.356,173.356,0.52,0.53,0.47,0.48,0.01,0.01,70904.76,1776012471000
1776012473.775,173.775,0.51,0.52,0.48,0.49,0.01,0.01,70905.83,1776012472000
1776012474.116,174.116,0.51,0.52,0.48,0.49,0.01,0.01,70905.83,1776012472000
1776012474.515,174.515,0.51,0.52,0.48,0.49,0.01,0.01,70905.83,1776012472000
1776012474.856,174.856,0.5,0.51,0.49,0.5,0.01,0.01,70904.76,1776012473000
1776012475.191,175.191,0.45,0.48,0.52,0.55,0.03,0.03,70904.76,1776012473000
1776012475.532,175.532,0.45,0.46,0.54,0.55,0.01,0.01,70904.76,1776012474000
1776012475.921,175.921,0.45,0.46,0.54,0.55,0.01,0.01,70904.76,1776012474000
1776012476.393,176.393,0.46,0.47,0.53,0.54,0.01,0.01,70904.76,1776012474000
1776012476.882,176.882,0.46,0.47,0.52,0.54,0.01,0.02,70904.76,1776012475000
1776012477.263,177.263,0.48,0.49,0.51,0.52,0.01,0.01,70904.4,1776012476000
1776012477.677,177.677,0.48,0.49,0.51,0.52,0.01,0.01,70904.4,1776012476000
1776012478.02,178.02,0.44,0.45,0.55,0.56,0.01,0.01,70904.4,1776012476000
1776012478.355,178.355,0.44,0.45,0.55,0.56,0.01,0.01,70904.4,1776012476000
1776012478.696,178.696,0.44,0.45,0.55,0.56,0.01,0.01,70904.4,1776012476000
1776012479.05,179.05,0.44,0.45,0.55,0.56,0.01,0.01,70899.0,1776012477000
1776012479.56,179.56,0.44,0.45,0.55,0.56,0.01,0.01,70899.0,1776012477000
1776012479.905,179.905,0.43,0.44,0.56,0.57,0.01,0.01,70898.84,1776012478000
1776012480.24,180.24,0.42,0.43,0.57,0.58,0.01,0.01,70898.84,1776012478000
1776012480.583,180.583,0.43,0.44,0.56,0.57,0.01,0.01,70897.69,1776012479000
1776012480.917,180.917,0.44,0.45,0.55,0.56,0.01,0.01,70897.69,1776012479000
1776012481.26,181.26,0.41,0.42,0.58,0.64,0.01,0.06,70897.46,1776012480000
1776012481.697,181.697,0.41,0.43,0.58,0.59,0.02,0.01,70897.46,1776012480000
1776012482.128,182.128,0.42,0.43,0.57,0.58,0.01,0.01,70896.16,1776012481000
1776012482.528,182.528,0.42,0.43,0.57,0.58,0.01,0.01,70896.16,1776012481000
1776012482.938,182.938,0.42,0.43,0.57,0.58,0.01,0.01,70896.16,1776012481000
1776012483.296,183.296,0.42,0.44,0.57,0.58,0.02,0.01,70896.1,1776012482000
1776012483.634,183.634,0.43,0.44,0.56,0.57,0.01,0.01,70896.1,1776012482000
1776012484.006,184.006,0.43,0.44,0.56,0.57,0.01,0.01,70896.1,1776012482000
1776012484.346,184.346,0.44,0.45,0.55,0.56,0.01,0.01,70895.99,1776012483000
1776012484.757,184.757,0.35,0.45,0.55,0.56,0.1,0.01,70895.99,1776012483000
1776012485.145,185.145,0.39,0.4,0.6,0.61,0.01,0.01,70895.99,1776012483000
1776012485.488,185.488,0.41,0.42,0.58,0.59,0.01,0.01,70896.0,1776012484000
1776012486.031,186.031,0.41,0.42,0.58,0.59,0.01,0.01,70896.0,1776012484000
1776012486.371,186.371,0.41,0.42,0.58,0.59,0.01,0.01,70896.07,1776012485000
1776012486.724,186.724,0.41,0.42,0.58,0.59,0.01,0.01,70896.07,1776012485000
1776012487.141,187.141,0.41,0.42,0.58,0.59,0.01,0.01,70896.07,1776012485000
1776012487.584,187.584,0.4,0.42,0.58,0.59,0.02,0.01,70896.07,1776012485000
1776012487.965,187.965,0.4,0.41,0.59,0.6,0.01,0.01,70895.03,1776012486000
1776012488.488,188.488,0.4,0.41,0.59,0.6,0.01,0.01,70895.03,1776012486000
1776012488.845,188.845,0.4,0.41,0.59,0.6,0.01,0.01,70895.03,1776012487000
1776012489.232,189.232,0.41,0.42,0.58,0.6,0.01,0.02,70895.12,1776012488000
1776012489.823,189.823,0.41,0.42,0.58,0.59,0.01,0.01,70895.12,1776012488000
1776012490.223,190.223,0.41,0.42,0.58,0.59,0.01,0.01,70895.12,1776012488000
1776012490.698,190.698,0.4,0.41,0.58,0.6,0.01,0.02,70895.17,1776012489000
1776012491.12,191.12,0.45,0.47,0.54,0.55,0.02,0.01,70895.17,1776012489000
1776012491.462,191.462,0.47,0.48,0.52,0.53,0.01,0.01,70894.36,1776012490000
1776012491.87,191.87,0.48,0.5,0.51,0.52,0.02,0.01,70894.36,1776012490000
1776012492.223,192.223,0.49,0.5,0.5,0.51,0.01,0.01,70894.36,1776012490000
1776012492.615,192.615,0.49,0.5,0.5,0.51,0.01,0.01,70895.22,1776012491000
1776012492.955,192.955,0.49,0.5,0.5,0.51,0.01,0.01,70895.22,1776012491000
1776012493.297,193.297,0.49,0.5,0.5,0.51,0.01,0.01,70897.53,1776012492000
1776012493.694,193.694,0.49,0.5,0.51,0.52,0.01,0.01,70897.53,1776012492000
1776012494.052,194.052,0.49,0.5,0.5,0.51,0.01,0.01,70897.53,1776012492000
1776012494.452,194.452,0.47,0.49,0.52,0.53,0.02,0.01,70897.53,1776012492000
1776012494.897,194.897,0.49,0.5,0.5,0.51,0.01,0.01,70899.92,1776012493000
1776012495.233,195.233,0.48,0.49,0.51,0.52,0.01,0.01,70899.97,1776012494000
1776012495.644,195.644,0.48,0.49,0.51,0.52,0.01,0.01,70899.97,1776012494000
1776012496.058,196.058,0.48,0.5,0.51,0.52,0.02,0.01,70901.55,1776012495000
1776012496.607,196.607,0.49,0.5,0.5,0.51,0.01,0.01,70901.55,1776012495000
1776012497.005,197.005,0.49,0.5,0.5,0.51,0.01,0.01,70900.44,1776012496000
1776012497.348,197.348,0.48,0.49,0.51,0.52,0.01,0.01,70900.44,1776012496000
1776012497.681,197.681,0.48,0.49,0.51,0.52,0.01,0.01,70900.44,1776012496000
1776012498.201,198.201,0.48,0.49,0.51,0.52,0.01,0.01,70900.44,1776012496000
1776012498.882,198.882,0.48,0.49,0.51,0.52,0.01,0.01,70900.39,1776012497000
1776012499.273,199.273,0.49,0.5,0.5,0.51,0.01,0.01,70900.39,1776012498000
1776012500.206,200.206,0.49,0.5,0.5,0.51,0.01,0.01,70900.39,1776012498000
1776012500.539,200.539,0.55,0.56,0.44,0.45,0.01,0.01,70900.27,1776012499000
1776012500.9,200.9,0.55,0.56,0.44,0.45,0.01,0.01,70900.27,1776012499000
1776012501.269,201.269,0.55,0.56,0.44,0.45,0.01,0.01,70901.42,1776012500000
1776012501.608,201.608,0.53,0.56,0.44,0.46,0.03,0.02,70901.42,1776012500000
1776012501.946,201.946,0.48,0.56,0.44,0.5,0.08,0.06,70901.42,1776012500000
1776012502.88,202.88,0.51,0.52,0.48,0.49,0.01,0.01,70903.02,1776012501000
1776012503.216,203.216,0.51,0.52,0.48,0.5,0.01,0.02,70903.02,1776012501000
1776012503.55,203.55,0.5,0.51,0.49,0.5,0.01,0.01,70901.18,1776012502000
1776012503.888,203.888,0.49,0.5,0.5,0.51,0.01,0.01,70901.18,1776012502000
1776012504.241,204.241,0.48,0.49,0.51,0.52,0.01,0.01,70901.17,1776012503000
1776012504.575,204.575,0.47,0.48,0.51,0.53,0.01,0.02,70901.17,1776012503000
1776012504.942,204.942,0.47,0.48,0.52,0.53,0.01,0.01,70901.17,1776012503000
1776012505.399,205.399,0.47,0.48,0.52,0.53,0.01,0.01,70898.5,1776012504000
1776012505.755,205.755,0.47,0.48,0.52,0.53,0.01,0.01,70898.5,1776012504000
1776012506.146,206.146,0.44,0.48,0.52,0.56,0.04,0.04,70898.24,1776012505000
1776012506.487,206.487,0.44,0.46,0.54,0.56,0.02,0.02,70898.24,1776012505000
1776012506.926,206.926,0.45,0.46,0.54,0.55,0.01,0.01,70898.24,1776012505000
1776012507.268,207.268,0.47,0.48,0.52,0.53,0.01,0.01,70898.24,1776012505000
1776012507.604,207.604,0.47,0.48,0.52,0.53,0.01,0.01,70898.24,1776012505000
1776012507.953,207.953,0.47,0.48,0.52,0.53,0.01,0.01,70898.24,1776012505000
1776012508.288,208.288,0.47,0.48,0.52,0.53,0.01,0.01,70898.24,1776012505000
1776012508.65,208.65,0.47,0.48,0.52,0.53,0.01,0.01,70898.24,1776012505000
1776012508.994,208.994,0.47,0.48,0.52,0.53,0.01,0.01,70898.24,1776012505000
1776012509.348,209.348,0.47,0.48,0.52,0.53,0.01,0.01,70898.24,1776012505000
1776012509.69,209.69,0.42,0.45,0.52,0.58,0.03,0.06,70900.84,1776012506000
1776012510.028,210.028,0.37,0.41,0.59,0.63,0.04,0.04,70903.86,1776012508000
1776012510.403,210.403,0.34,0.35,0.65,0.66,0.01,0.01,70903.86,1776012508000
1776012510.752,210.752,0.34,0.35,0.65,0.66,0.01,0.01,70903.86,1776012509000
1776012511.095,211.095,0.34,0.35,0.65,0.66,0.01,0.01,70903.86,1776012509000
1776012511.452,211.452,0.33,0.34,0.66,0.67,0.01,0.01,70903.86,1776012510000
1776012511.789,211.789,0.33,0.34,0.66,0.67,0.01,0.01,70903.86,1776012510000
1776012512.17,212.17,0.3,0.32,0.67,0.68,0.02,0.01,70903.86,1776012510000
1776012512.527,212.527,0.29,0.3,0.7,0.71,0.01,0.01,70897.87,1776012511000
1776012512.861,212.861,0.29,0.3,0.7,0.71,0.01,0.01,70897.87,1776012511000
1776012513.195,213.195,0.28,0.29,0.7,0.72,0.01,0.02,70897.87,1776012511000
1776012513.534,213.534,0.28,0.29,0.71,0.72,0.01,0.01,70897.12,1776012512000
1776012513.876,213.876,0.28,0.29,0.71,0.72,0.01,0.01,70897.12,1776012512000
1776012514.252,214.252,0.27,0.28,0.71,0.73,0.01,0.02,70897.12,1776012512000
1776012514.59,214.59,0.26,0.27,0.73,0.74,0.01,0.01,70897.12,1776012512000
1776012514.974,214.974,0.21,0.23,0.75,0.78,0.02,0.03,70895.49,1776012513000
1776012515.358,215.358,0.21,0.22,0.78,0.8,0.01,0.02,70895.49,1776012513000
1776012515.699,215.699,0.2,0.21,0.79,0.8,0.01,0.01,70889.85,1776012514000
1776012516.04,216.04,0.2,0.21,0.79,0.8,0.01,0.01,70889.85,1776012515000
1776012516.393,216.393,0.17,0.18,0.82,0.83,0.01,0.01,70889.85,1776012515000
1776012516.744,216.744,0.17,0.18,0.82,0.83,0.01,0.01,70889.85,1776012515000
1776012517.174,217.174,0.17,0.18,0.82,0.83,0.01,0.01,70889.85,1776012515000
1776012517.531,217.531,0.18,0.19,0.8,0.83,0.01,0.03,70886.54,1776012516000
1776012517.878,217.878,0.18,0.19,0.81,0.82,0.01,0.01,70886.54,1776012516000
1776012518.221,218.221,0.17,0.18,0.82,0.83,0.01,0.01,70886.54,1776012516000
1776012518.621,218.621,0.17,0.18,0.82,0.83,0.01,0.01,70887.8,1776012517000
1776012518.968,218.968,0.17,0.18,0.82,0.83,0.01,0.01,70887.8,1776012517000
1776012519.302,219.302,0.18,0.19,0.81,0.83,0.01,0.02,70887.8,1776012517000
1776012519.695,219.695,0.14,0.15,0.85,0.86,0.01,0.01,70888.08,1776012518000
1776012520.033,220.033,0.14,0.15,0.85,0.86,0.01,0.01,70888.08,1776012519000
1776012520.366,220.366,0.13,0.14,0.86,0.87,0.01,0.01,70888.08,1776012519000
1776012520.727,220.727,0.13,0.14,0.86,0.87,0.01,0.01,70888.08,1776012519000
1776012521.066,221.066,0.13,0.14,0.86,0.87,0.01,0.01,70888.08,1776012519000
1776012521.415,221.415,0.13,0.14,0.86,0.87,0.01,0.01,70887.64,1776012520000
1776012521.826,221.826,0.13,0.14,0.86,0.87,0.01,0.01,70887.64,1776012520000
1776012522.229,222.229,0.12,0.13,0.87,0.88,0.01,0.01,70886.42,1776012521000
1776012522.614,222.614,0.12,0.13,0.87,0.88,0.01,0.01,70886.42,1776012521000
1776012523.085,223.085,0.11,0.13,0.88,0.89,0.02,0.01,70886.42,1776012521000
1776012523.767,223.767,0.11,0.12,0.88,0.89,0.01,0.01,70885.85,1776012522000
1776012524.121,224.121,0.11,0.12,0.88,0.89,0.01,0.01,70885.85,1776012522000
1776012524.464,224.464,0.11,0.12,0.88,0.89,0.01,0.01,70885.63,1776012523000
1776012524.877,224.877,0.11,0.12,0.88,0.89,0.01,0.01,70885.63,1776012523000
1776012525.276,225.276,0.11,0.12,0.88,0.89,0.01,0.01,70885.63,1776012523000
1776012525.61,225.61,0.12,0.13,0.87,0.88,0.01,0.01,70884.16,1776012524000
1776012525.953,225.953,0.12,0.13,0.87,0.88,0.01,0.01,70884.16,1776012524000
1776012526.464,226.464,0.12,0.13,0.87,0.88,0.01,0.01,70884.67,1776012525000
1776012527.217,227.217,0.12,0.13,0.86,0.88,0.01,0.02,70884.67,1776012525000
1776012527.577,227.577,0.13,0.14,0.87,0.88,0.01,0.01,70884.46,1776012526000
1776012527.923,227.923,0.13,0.14,0.86,0.87,0.01,0.01,70884.46,1776012526000
1776012528.285,228.285,0.14,0.15,0.85,0.86,0.01,0.01,70884.46,1776012526000
1776012528.92,228.92,0.14,0.15,0.85,0.86,0.01,0.01,70884.21,1776012527000
1776012529.321,229.321,0.13,0.15,0.85,0.86,0.02,0.01,70884.21,1776012527000
1776012529.666,229.666,0.13,0.14,0.85,0.88,0.01,0.03,70883.7,1776012528000
1776012530.351,230.351,0.13,0.14,0.86,0.87,0.01,0.01,70883.7,1776012528000
1776012530.756,230.756,0.13,0.14,0.86,0.87,0.01,0.01,70883.81,1776012529000
1776012531.096,231.096,0.12,0.13,0.87,0.88,0.01,0.01,70883.81,1776012530000
1776012531.631,231.631,0.15,0.16,0.83,0.88,0.01,0.05,70883.81,1776012530000
1776012532.027,232.027,0.15,0.16,0.84,0.85,0.01,0.01,70883.81,1776012531000
1776012532.487,232.487,0.14,0.16,0.84,0.85,0.02,0.01,70883.81,1776012531000
1776012532.915,232.915,0.14,0.15,0.84,0.89,0.01,0.05,70883.81,1776012531000
1776012533.293,233.293,0.12,0.13,0.86,0.88,0.01,0.02,70883.81,1776012531000
1776012533.772,233.772,0.12,0.13,0.87,0.88,0.01,0.01,70883.8,1776012532000
1776012534.108,234.108,0.12,0.13,0.87,0.88,0.01,0.01,70883.8,1776012532000
1776012534.518,234.518,0.12,0.13,0.87,0.88,0.01,0.01,70883.8,1776012533000
1776012535.007,235.007,0.13,0.14,0.86,0.88,0.01,0.02,70883.8,1776012533000
1776012535.344,235.344,0.13,0.14,0.86,0.87,0.01,0.01,70883.8,1776012533000
1776012535.696,235.696,0.13,0.14,0.86,0.87,0.01,0.01,70883.78,1776012534000
1776012536.095,236.095,0.12,0.13,0.86,0.88,0.01,0.02,70883.78,1776012534000
1776012536.487,236.487,0.12,0.13,0.87,0.88,0.01,0.01,70883.78,1776012534000
1776012537.029,237.029,0.12,0.13,0.87,0.88,0.01,0.01,70883.79,1776012535000
1776012537.676,237.676,0.12,0.13,0.87,0.88,0.01,0.01,70883.79,1776012536000
1776012538.118,238.118,0.12,0.13,0.87,0.88,0.01,0.01,70883.79,1776012536000
1776012538.476,238.476,0.09,0.1,0.9,0.91,0.01,0.01,70883.79,1776012536000
1776012538.883,238.883,0.09,0.1,0.9,0.91,0.01,0.01,70883.79,1776012537000
1776012539.221,239.221,0.09,0.1,0.9,0.91,0.01,0.01,70883.79,1776012537000
1776012539.644,239.644,0.09,0.1,0.9,0.91,0.01,0.01,70883.37,1776012538000
1776012540.012,240.012,0.1,0.11,0.89,0.9,0.01,0.01,70883.37,1776012538000
1776012540.455,240.455,0.1,0.11,0.89,0.9,0.01,0.01,70882.63,1776012539000
1776012540.815,240.815,0.1,0.11,0.89,0.9,0.01,0.01,70882.63,1776012539000
1776012541.243,241.243,0.1,0.11,0.89,0.9,0.01,0.01,70882.63,1776012539000
1776012541.73,241.73,0.08,0.09,0.91,0.92,0.01,0.01,70881.61,1776012540000
1776012542.28,242.28,0.08,0.09,0.91,0.92,0.01,0.01,70881.61,1776012540000
1776012542.73,242.73,0.04,0.08,0.92,0.93,0.04,0.01,70881.66,1776012541000
1776012543.064,243.064,0.05,0.06,0.94,0.95,0.01,0.01,70881.66,1776012541000
1776012543.407,243.407,0.06,0.07,0.92,0.94,0.01,0.02,70881.66,1776012541000
1776012543.751,243.751,0.05,0.06,0.94,0.95,0.01,0.01,70881.67,1776012542000
1776012544.103,244.103,0.05,0.06,0.94,0.95,0.01,0.01,70881.67,1776012542000
1776012544.444,244.444,0.05,0.06,0.94,0.95,0.01,0.01,70881.67,1776012543000
1776012544.792,244.792,0.06,0.07,0.93,0.95,0.01,0.02,70881.67,1776012543000
1776012545.172,245.172,0.05,0.06,0.93,0.94,0.01,0.01,70881.67,1776012543000
1776012545.585,245.585,0.05,0.07,0.93,0.94,0.02,0.01,70879.14,1776012544000
1776012546.014,246.014,0.06,0.07,0.93,0.94,0.01,0.01,70879.14,1776012544000
1776012546.421,246.421,0.06,0.07,0.93,0.94,0.01,0.01,70878.9,1776012545000
1776012546.879,246.879,0.05,0.06,0.94,0.95,0.01,0.01,70878.9,1776012545000
1776012547.215,247.215,0.05,0.07,0.94,0.95,0.02,0.01,70878.9,1776012545000
1776012547.674,247.674,0.06,0.07,0.94,0.95,0.01,0.01,70878.56,1776012546000
1776012548.078,248.078,0.06,0.07,0.93,0.95,0.01,0.02,70878.56,1776012546000
1776012548.76,248.76,0.05,0.06,0.94,0.95,0.01,0.01,70878.56,1776012547000
1776012549.097,249.097,0.05,0.06,0.93,0.94,0.01,0.01,70878.56,1776012547000
1776012549.53,249.53,0.05,0.06,0.94,0.95,0.01,0.01,70878.03,1776012548000
1776012549.889,249.889,0.05,0.06,0.94,0.95,0.01,0.01,70878.03,1776012548000
1776012550.338,250.338,0.08,0.09,0.94,0.96,0.01,0.02,70878.03,1776012548000
1776012550.675,250.675,0.08,0.09,0.91,0.92,0.01,0.01,70878.03,1776012548000
1776012551.219,251.219,0.07,0.08,0.92,0.97,0.01,0.05,70878.02,1776012549000
1776012551.604,251.604,0.05,0.06,0.92,0.94,0.01,0.02,70878.0,1776012550000
1776012551.947,251.947,0.03,0.04,0.96,0.97,0.01,0.01,70878.0,1776012550000
1776012552.282,252.282,0.03,0.05,0.96,0.97,0.02,0.01,70878.0,1776012550000
1776012552.62,252.62,0.03,0.05,0.96,0.97,0.02,0.01,70878.0,1776012550000
1776012553.136,253.136,0.03,0.05,0.95,0.97,0.02,0.02,70877.96,1776012552000
1776012553.484,253.484,0.02,0.05,0.96,0.97,0.03,0.01,70877.96,1776012552000
1776012553.821,253.821,0.03,0.04,0.96,0.97,0.01,0.01,70877.96,1776012552000
1776012554.185,254.185,0.02,0.03,0.97,0.98,0.01,0.01,70877.96,1776012552000
1776012554.554,254.554,0.02,0.03,0.97,0.98,0.01,0.01,70870.64,1776012553000
1776012554.906,254.906,0.03,0.04,0.97,0.98,0.01,0.01,70870.64,1776012553000
1776012555.247,255.247,0.03,0.04,0.96,0.97,0.01,0.01,70870.64,1776012553000
1776012555.606,255.606,0.03,0.04,0.96,0.97,0.01,0.01,70867.56,1776012554000
1776012555.98,255.98,0.02,0.03,0.96,0.98,0.01,0.02,70867.56,1776012554000
1776012556.342,256.342,0.02,0.03,0.97,0.98,0.01,0.01,70865.1,1776012555000
1776012556.697,256.697,0.02,0.03,0.97,0.98,0.01,0.01,70865.1,1776012555000
1776012557.051,257.051,0.02,0.03,0.97,0.98,0.01,0.01,70865.1,1776012555000
1776012557.403,257.403,0.02,0.03,0.97,0.98,0.01,0.01,70865.44,1776012556000
1776012557.751,257.751,0.02,0.03,0.97,0.98,0.01,0.01,70865.44,1776012556000
1776012558.102,258.102,0.02,0.03,0.97,0.98,0.01,0.01,70864.7,1776012557000
1776012558.468,258.468,0.02,0.03,0.97,0.98,0.01,0.01,70864.7,1776012557000
1776012558.801,258.801,0.02,0.03,0.97,0.98,0.01,0.01,70864.7,1776012557000
1776012559.294,259.294,0.02,0.03,0.97,0.98,0.01,0.01,70864.7,1776012557000
1776012559.67,259.67,0.02,0.03,0.97,0.98,0.01,0.01,70863.21,1776012558000
1776012560.009,260.009,0.02,0.03,0.97,0.98,0.01,0.01,70863.2,1776012559000
1776012560.399,260.399,0.02,0.03,0.97,0.98,0.01,0.01,70863.2,1776012559000
1776012560.777,260.777,0.02,0.03,0.97,0.98,0.01,0.01,70863.2,1776012559000
1776012561.212,261.212,0.01,0.02,0.98,0.99,0.01,0.01,70863.2,1776012559000
1776012561.545,261.545,0.01,0.02,0.98,0.99,0.01,0.01,70861.91,1776012560000
1776012561.881,261.881,0.01,0.02,0.98,0.99,0.01,0.01,70861.91,1776012560000
1776012562.289,262.289,0.01,0.02,0.98,0.99,0.01,0.01,70861.91,1776012560000
1776012562.646,262.646,0.01,0.02,0.98,0.99,0.01,0.01,70861.86,1776012561000
1776012563.036,263.036,0.01,0.03,0.97,0.99,0.02,0.02,70861.86,1776012561000
1776012563.382,263.382,0.01,0.02,0.98,0.99,0.01,0.01,70859.59,1776012562000
1776012563.721,263.721,0.01,0.02,0.98,0.99,0.01,0.01,70859.59,1776012562000
1776012564.055,264.055,0.01,0.02,0.98,0.99,0.01,0.01,70859.59,1776012562000
1776012564.405,264.405,0.01,0.02,0.98,0.99,0.01,0.01,70859.56,1776012563000
1776012564.748,264.748,0.01,0.02,0.98,0.99,0.01,0.01,70859.56,1776012563000
1776012565.127,265.127,0.01,0.02,0.98,0.99,0.01,0.01,70859.56,1776012563000
1776012565.532,265.532,0.01,0.02,0.98,0.99,0.01,0.01,70858.2,1776012564000
1776012565.876,265.876,0.02,0.03,0.97,0.98,0.01,0.01,70858.2,1776012564000
1776012566.236,266.236,0.02,0.03,0.97,0.98,0.01,0.01,70858.41,1776012565000
1776012566.57,266.57,0.01,0.02,0.98,0.99,0.01,0.01,70858.41,1776012565000
1776012567.125,267.125,0.02,0.03,0.97,0.98,0.01,0.01,70858.41,1776012565000
1776012567.561,267.561,0.01,0.03,0.97,0.98,0.02,0.01,70860.04,1776012566000
1776012567.935,267.935,0.01,0.02,0.98,0.99,0.01,0.01,70860.04,1776012566000
1776012568.296,268.296,0.01,0.02,0.98,0.99,0.01,0.01,70860.66,1776012567000
1776012568.732,268.732,0.01,0.02,0.98,0.99,0.01,0.01,70860.66,1776012567000
1776012569.104,269.104,0.01,0.02,0.98,0.99,0.01,0.01,70860.66,1776012567000
1776012569.477,269.477,0.01,0.02,0.98,0.99,0.01,0.01,70860.78,1776012568000
1776012569.864,269.864,0.01,0.02,0.98,0.99,0.01,0.01,70860.78,1776012568000
1776012570.32,270.32,0.01,0.02,0.98,0.99,0.01,0.01,70860.78,1776012568000
1776012570.663,270.663,0.02,0.03,0.97,0.98,0.01,0.01,70860.78,1776012568000
1776012571.034,271.034,0.02,0.03,0.97,0.98,0.01,0.01,70860.78,1776012568000
1776012571.432,271.432,0.02,0.03,0.97,0.98,0.01,0.01,70860.96,1776012569000
1776012571.849,271.849,0.01,0.02,0.97,0.98,0.01,0.01,70862.26,1776012570000
1776012572.211,272.211,0.01,0.02,0.98,0.99,0.01,0.01,70862.26,1776012570000
1776012572.565,272.565,0.02,0.03,0.97,0.98,0.01,0.01,70862.26,1776012570000
1776012572.907,272.907,0.02,0.03,0.97,0.98,0.01,0.01,70863.07,1776012571000
1776012573.245,273.245,0.02,0.03,0.97,0.98,0.01,0.01,70868.48,1776012572000
1776012573.646,273.646,0.01,0.03,0.97,0.98,0.02,0.01,70868.48,1776012572000
1776012574.027,274.027,0.01,0.03,0.97,0.98,0.02,0.01,70868.48,1776012572000
1776012574.406,274.406,0.01,0.03,0.97,0.99,0.02,0.02,70870.16,1776012573000
1776012574.826,274.826,0.02,0.03,0.97,0.98,0.01,0.01,70870.16,1776012573000
1776012575.336,275.336,0.02,0.03,0.97,0.98,0.01,0.01,70870.16,1776012573000
1776012575.696,275.696,0.01,0.02,0.98,0.99,0.01,0.01,70871.93,1776012574000
1776012576.189,276.189,0.01,0.02,0.98,0.99,0.01,0.01,70871.93,1776012574000
1776012576.737,276.737,0.01,0.02,0.98,0.99,0.01,0.01,70873,1776012575000
1776012577.109,277.109,0.01,0.08,0.98,0.99,0.07,0.01,70873,1776012575000
1776012577.653,277.653,0.03,0.04,0.96,0.97,0.01,0.01,70873.23,1776012576000
1776012578.079,278.079,0.03,0.04,0.96,0.97,0.01,0.01,70873.23,1776012576000
1776012578.531,278.531,0.02,0.04,0.97,0.98,0.02,0.01,70873.53,1776012577000
1776012578.865,278.865,0.02,0.03,0.97,0.98,0.01,0.01,70873.53,1776012577000
1776012579.252,279.252,0.03,0.04,0.97,0.98,0.01,0.01,70873.53,1776012577000
1776012579.594,279.594,0.04,0.05,0.92,0.97,0.01,0.05,70875.08,1776012578000
1776012579.93,279.93,0.04,0.05,0.95,0.96,0.01,0.01,70875.08,1776012578000
1776012580.278,280.278,0.05,0.06,0.94,0.95,0.01,0.01,70875.08,1776012579000
1776012580.653,280.653,0.03,0.04,0.94,0.98,0.01,0.04,70875.08,1776012579000
1776012581.011,281.011,0.03,0.04,0.96,0.98,0.01,0.02,70875.08,1776012579000
1776012581.454,281.454,0.02,0.03,0.96,0.98,0.01,0.02,70875.68,1776012580000
1776012581.799,281.799,0.02,0.03,0.97,0.98,0.01,0.01,70875.68,1776012580000
1776012582.217,282.217,0.01,0.02,0.98,0.99,0.01,0.01,70876.98,1776012581000
1776012582.993,282.993,0.01,0.04,0.98,0.99,0.03,0.01,70876.98,1776012581000
1776012583.617,283.617,0.02,0.03,0.97,0.98,0.01,0.01,70878.59,1776012582000
1776012584.008,284.008,0.01,0.04,0.97,0.99,0.03,0.02,70878.59,1776012582000
1776012584.415,284.415,0.02,0.04,0.96,0.99,0.02,0.03,70879.48,1776012583000
1776012584.874,284.874,0.01,0.04,0.96,0.97,0.03,0.01,70879.48,1776012583000
1776012585.234,285.234,0.02,0.05,0.97,0.98,0.03,0.01,70879.48,1776012583000
1776012585.618,285.618,0.04,0.06,0.95,0.96,0.02,0.01,70878.41,1776012584000
1776012586.147,286.147,0.07,0.08,0.92,0.95,0.01,0.03,70878.41,1776012584000
1776012586.669,286.669,0.05,0.06,0.93,0.95,0.01,0.02,70878.46,1776012585000
1776012587.011,287.011,0.06,0.07,0.94,0.95,0.01,0.01,70878.46,1776012585000
1776012587.389,287.389,0.04,0.05,0.93,0.94,0.01,0.01,70879.85,1776012586000
1776012587.733,287.733,0.04,0.05,0.95,0.96,0.01,0.01,70879.85,1776012586000
1776012588.121,288.121,0.02,0.04,0.95,0.96,0.02,0.01,70879.85,1776012586000
1776012588.559,288.559,0.03,0.04,0.96,0.97,0.01,0.01,70881.76,1776012587000
1776012589.17,289.17,0.04,0.05,0.95,0.96,0.01,0.01,70882.26,1776012588000
1776012589.564,289.564,0.04,0.05,0.95,0.96,0.01,0.01,70882.26,1776012588000
1776012589.915,289.915,0.04,0.05,0.95,0.96,0.01,0.01,70882.26,1776012588000
1776012590.74,290.74,0.04,0.05,0.95,0.96,0.01,0.01,70883.17,1776012589000
1776012591.172,291.172,0.04,0.05,0.95,0.96,0.01,0.01,70883.17,1776012589000
1776012591.541,291.541,0.04,0.05,0.95,0.96,0.01,0.01,70883.1,1776012590000
1776012591.976,291.976,0.04,0.05,0.95,0.96,0.01,0.01,70883.1,1776012590000
1776012592.461,292.461,0.04,0.05,0.95,0.96,0.01,0.01,70883.1,1776012590000
1776012592.802,292.802,0.04,0.05,0.95,0.96,0.01,0.01,70883.39,1776012591000
1776012593.26,293.26,0.03,0.04,0.96,0.97,0.01,0.01,70883.36,1776012592000
1776012593.655,293.655,0.02,0.03,0.97,0.98,0.01,0.01,70883.36,1776012592000
1776012594.023,294.023,0.02,0.03,0.97,0.98,0.01,0.01,70883.36,1776012592000
1776012594.452,294.452,0.02,0.03,0.97,0.98,0.01,0.01,70883.06,1776012593000
1776012594.853,294.853,0.01,0.03,0.97,0.98,0.02,0.01,70883.06,1776012593000
1776012595.214,295.214,0.02,0.03,0.97,0.98,0.01,0.01,70882.85,1776012594000
1776012595.551,295.551,0.01,0.02,0.98,0.99,0.01,0.01,70882.85,1776012594000
1776012595.907,295.907,0.01,0.02,0.96,0.97,0.01,0.01,70882.85,1776012594000
1776012596.271,296.271,0.02,0.03,0.97,0.98,0.01,0.01,70882.52,1776012595000
1776012596.83,296.83,0.01,0.01,0.99,0.99,0.0,0.0,70882.52,1776012595000
1776012597.324,297.324,0.01,0.01,0.99,0.99,0.0,0.0,70882.54,1776012596000
1776012597.865,297.865,0.01,0.01,0.99,0.99,0.0,0.0,70882.54,1776012597000
1776012598.321,298.321,0.01,0.01,0.99,0.99,0.0,0.0,70882.54,1776012597000
1776012598.851,298.851,0.01,0.01,0.99,0.99,0.0,0.0,70882.54,1776012597000
1776012599.537,299.537,0.01,0.01,0.99,0.99,0.0,0.0,70882.5,1776012598000
1776012600.11,300.11,0.01,0.01,0.99,0.99,0.0,0.0,70882.61,1776012599000
1776012600.506,300.506,0.01,0.01,0.99,0.99,0.0,0.0,70882.61,1776012599000
1776012601.141,301.141,0.01,0.01,0.99,0.99,0.0,0.0,70882.61,1776012600000
1776012602.301,302.301,0.01,0.01,0.99,0.99,0.0,0.0,70882.5,1776012601000

# RESULT,winner=Down,slug=btc-updown-5m-1776012300,ticks=723
