timestamp,elapsed_sec,up_bid,up_ask,down_bid,down_ask,up_spread,down_spread,btc_price,btc_oracle_ts
1776749700.617,0.617,0.47,0.48,0.52,0.53,0.01,0.01,75885.3,1776749699000
1776749701.047,1.047,0.47,0.48,0.52,0.53,0.01,0.01,75885.3,1776749699000
1776749701.38,1.38,0.47,0.48,0.52,0.53,0.01,0.01,75885.3,1776749700000
1776749702.148,2.148,0.47,0.48,0.52,0.53,0.01,0.01,75885.3,1776749700000
1776749702.602,2.602,0.47,0.48,0.52,0.53,0.01,0.01,75885.63,1776749701000
1776749703.053,3.053,0.47,0.48,0.52,0.53,0.01,0.01,75885.63,1776749701000
1776749703.403,3.403,0.47,0.48,0.52,0.53,0.01,0.01,75885.63,1776749701000
1776749703.82,3.82,0.47,0.48,0.52,0.53,0.01,0.01,75885.63,1776749701000
1776749704.184,4.184,0.46,0.47,0.53,0.54,0.01,0.01,75885.15,1776749702000
1776749704.543,4.543,0.46,0.47,0.53,0.54,0.01,0.01,75885.15,1776749702000
1776749704.904,4.904,0.46,0.47,0.53,0.54,0.01,0.01,75884.85,1776749703000
1776749705.353,5.353,0.47,0.48,0.52,0.53,0.01,0.01,75884.85,1776749703000
1776749705.746,5.746,0.47,0.48,0.52,0.53,0.01,0.01,75884.85,1776749704000
1776749706.484,6.484,0.47,0.49,0.52,0.53,0.02,0.01,75884.41,1776749705000
1776749707.158,7.158,0.48,0.49,0.51,0.52,0.01,0.01,75884.41,1776749705000
1776749707.505,7.505,0.48,0.49,0.51,0.52,0.01,0.01,75883.77,1776749706000
1776749708.185,8.185,0.48,0.49,0.51,0.52,0.01,0.01,75883.77,1776749706000
1776749708.952,8.952,0.48,0.49,0.51,0.52,0.01,0.01,75883.99,1776749708000
1776749709.514,9.514,0.48,0.49,0.51,0.52,0.01,0.01,75883.99,1776749708000
1776749709.983,9.983,0.48,0.49,0.51,0.52,0.01,0.01,75884.03,1776749709000
1776749710.601,10.601,0.47,0.48,0.51,0.52,0.01,0.01,75884.03,1776749709000
1776749711.048,11.048,0.47,0.5,0.5,0.53,0.03,0.03,75884.03,1776749709000
1776749711.676,11.676,0.47,0.48,0.52,0.53,0.01,0.01,75883.89,1776749710000
1776749712.132,12.132,0.47,0.48,0.52,0.53,0.01,0.01,75883.89,1776749710000
1776749712.555,12.555,0.47,0.48,0.52,0.53,0.01,0.01,75883.96,1776749711000
1776749713.103,13.103,0.45,0.46,0.54,0.55,0.01,0.01,75883.96,1776749711000
1776749713.547,13.547,0.45,0.46,0.54,0.55,0.01,0.01,75883.97,1776749712000
1776749713.935,13.935,0.45,0.46,0.54,0.55,0.01,0.01,75883.97,1776749712000
1776749714.281,14.281,0.45,0.46,0.54,0.55,0.01,0.01,75883.97,1776749712000
1776749714.674,14.674,0.45,0.46,0.54,0.55,0.01,0.01,75883.85,1776749713000
1776749715.093,15.093,0.45,0.46,0.54,0.55,0.01,0.01,75883.78,1776749714000
1776749715.448,15.448,0.45,0.47,0.54,0.55,0.02,0.01,75883.78,1776749714000
1776749715.937,15.937,0.46,0.47,0.53,0.54,0.01,0.01,75883.78,1776749714000
1776749716.277,16.277,0.46,0.47,0.53,0.54,0.01,0.01,75883.87,1776749715000
1776749716.747,16.747,0.46,0.47,0.53,0.54,0.01,0.01,75883.87,1776749715000
1776749717.811,17.811,0.47,0.48,0.52,0.53,0.01,0.01,75884.06,1776749716000
1776749718.21,18.21,0.47,0.48,0.52,0.53,0.01,0.01,75884.06,1776749716000
1776749718.685,18.685,0.47,0.48,0.52,0.53,0.01,0.01,75884.05,1776749717000
1776749719.049,19.049,0.47,0.48,0.52,0.53,0.01,0.01,75884.05,1776749717000
1776749719.705,19.705,0.47,0.48,0.52,0.53,0.01,0.01,75884.04,1776749718000
1776749720.223,20.223,0.47,0.48,0.52,0.53,0.01,0.01,75883.81,1776749719000
1776749720.885,20.885,0.47,0.48,0.52,0.53,0.01,0.01,75883.81,1776749719000
1776749721.343,21.343,0.47,0.48,0.52,0.53,0.01,0.01,75883.77,1776749720000
1776749721.742,21.742,0.49,0.5,0.5,0.53,0.01,0.03,75883.77,1776749720000
1776749722.158,22.158,0.49,0.51,0.5,0.51,0.02,0.01,75883.77,1776749720000
1776749722.601,22.601,0.51,0.52,0.48,0.5,0.01,0.02,75883.76,1776749721000
1776749723.253,23.253,0.51,0.52,0.48,0.49,0.01,0.01,75883.92,1776749722000
1776749723.749,23.749,0.51,0.52,0.48,0.49,0.01,0.01,75883.92,1776749722000
1776749724.169,24.169,0.51,0.52,0.48,0.49,0.01,0.01,75883.07,1776749723000
1776749724.739,24.739,0.51,0.52,0.48,0.49,0.01,0.01,75883.07,1776749723000
1776749725.134,25.134,0.5,0.51,0.48,0.5,0.01,0.02,75883.07,1776749723000
1776749725.564,25.564,0.5,0.51,0.49,0.5,0.01,0.01,75884.65,1776749724000
1776749726.12,26.12,0.49,0.5,0.5,0.51,0.01,0.01,75884.65,1776749724000
1776749726.55,26.55,0.49,0.5,0.5,0.51,0.01,0.01,75884.66,1776749725000
1776749727.005,27.005,0.49,0.5,0.5,0.51,0.01,0.01,75884.66,1776749725000
1776749727.389,27.389,0.49,0.5,0.5,0.51,0.01,0.01,75884.67,1776749726000
1776749727.729,27.729,0.57,0.58,0.42,0.43,0.01,0.01,75884.67,1776749726000
1776749728.069,28.069,0.6,0.61,0.39,0.44,0.01,0.05,75884.67,1776749726000
1776749728.41,28.41,0.58,0.61,0.38,0.42,0.03,0.04,75885.46,1776749727000
1776749728.758,28.758,0.6,0.61,0.39,0.41,0.01,0.02,75885.46,1776749727000
1776749729.113,29.113,0.6,0.61,0.39,0.4,0.01,0.01,75888.17,1776749728000
1776749729.53,29.53,0.59,0.6,0.39,0.41,0.01,0.02,75888.17,1776749728000
1776749729.873,29.873,0.58,0.59,0.41,0.42,0.01,0.01,75888.17,1776749728000
1776749730.217,30.217,0.58,0.59,0.41,0.42,0.01,0.01,75888.17,1776749728000
1776749730.577,30.577,0.58,0.59,0.41,0.42,0.01,0.01,75892.87,1776749729000
1776749730.915,30.915,0.58,0.59,0.41,0.42,0.01,0.01,75892.87,1776749729000
1776749731.654,31.654,0.56,0.58,0.42,0.44,0.02,0.02,75893.54,1776749730000
1776749731.992,31.992,0.57,0.58,0.42,0.43,0.01,0.01,75893.54,1776749730000
1776749732.325,32.325,0.57,0.58,0.42,0.43,0.01,0.01,75893.54,1776749730000
1776749732.669,32.669,0.57,0.58,0.42,0.43,0.01,0.01,75894.22,1776749731000
1776749733.065,33.065,0.57,0.58,0.42,0.43,0.01,0.01,75894.22,1776749731000
1776749733.427,33.427,0.57,0.58,0.42,0.43,0.01,0.01,75894.22,1776749731000
1776749733.783,33.783,0.57,0.58,0.42,0.43,0.01,0.01,75894.22,1776749731000
1776749734.157,34.157,0.57,0.58,0.42,0.43,0.01,0.01,75894.68,1776749732000
1776749734.553,34.553,0.57,0.58,0.42,0.45,0.01,0.03,75894.68,1776749732000
1776749734.887,34.887,0.55,0.56,0.44,0.45,0.01,0.01,75895.98,1776749733000
1776749735.221,35.221,0.55,0.56,0.44,0.45,0.01,0.01,75895.98,1776749733000
1776749735.681,35.681,0.55,0.56,0.44,0.45,0.01,0.01,75895.98,1776749734000
1776749736.14,36.14,0.55,0.56,0.44,0.45,0.01,0.01,75896.11,1776749735000
1776749736.487,36.487,0.55,0.56,0.44,0.45,0.01,0.01,75896.11,1776749735000
1776749736.839,36.839,0.58,0.59,0.41,0.42,0.01,0.01,75896.11,1776749735000
1776749737.173,37.173,0.58,0.59,0.41,0.42,0.01,0.01,75896.11,1776749735000
1776749737.509,37.509,0.58,0.59,0.41,0.42,0.01,0.01,75896.77,1776749736000
1776749738.039,38.039,0.58,0.59,0.41,0.42,0.01,0.01,75896.77,1776749736000
1776749738.576,38.576,0.58,0.59,0.41,0.42,0.01,0.01,75897.99,1776749737000
1776749739.166,39.166,0.58,0.59,0.41,0.42,0.01,0.01,75897.99,1776749737000
1776749739.581,39.581,0.58,0.59,0.41,0.42,0.01,0.01,75897.99,1776749737000
1776749740.218,40.218,0.58,0.59,0.41,0.42,0.01,0.01,75902.16,1776749739000
1776749740.724,40.724,0.58,0.59,0.4,0.42,0.01,0.02,75902.16,1776749739000
1776749741.233,41.233,0.59,0.6,0.4,0.42,0.01,0.02,75902.16,1776749739000
1776749741.656,41.656,0.59,0.6,0.4,0.41,0.01,0.01,75901.06,1776749740000
1776749742.235,42.235,0.6,0.61,0.39,0.4,0.01,0.01,75901.06,1776749741000
1776749742.785,42.785,0.6,0.61,0.39,0.4,0.01,0.01,75901.06,1776749741000
1776749743.511,43.511,0.6,0.61,0.39,0.4,0.01,0.01,75901.06,1776749741000
1776749743.885,43.885,0.6,0.61,0.39,0.4,0.01,0.01,75901.43,1776749742000
1776749744.229,44.229,0.6,0.61,0.39,0.4,0.01,0.01,75901.51,1776749743000
1776749744.604,44.604,0.6,0.63,0.39,0.4,0.03,0.01,75901.51,1776749743000
1776749744.945,44.945,0.62,0.63,0.37,0.38,0.01,0.01,75901.51,1776749743000
1776749745.297,45.297,0.62,0.63,0.37,0.38,0.01,0.01,75901.51,1776749743000
1776749746.005,46.005,0.61,0.62,0.37,0.39,0.01,0.02,75901.74,1776749744000
1776749746.509,46.509,0.61,0.62,0.38,0.39,0.01,0.01,75901.51,1776749745000
1776749746.865,46.865,0.6,0.61,0.38,0.4,0.01,0.02,75901.51,1776749745000
1776749747.371,47.371,0.58,0.59,0.4,0.42,0.01,0.02,75901.51,1776749745000
1776749747.92,47.92,0.57,0.58,0.41,0.43,0.01,0.02,75902.51,1776749746000
1776749748.321,48.321,0.57,0.58,0.42,0.43,0.01,0.01,75902.51,1776749746000
1776749748.743,48.743,0.57,0.58,0.42,0.43,0.01,0.01,75902.4,1776749747000
1776749749.172,49.172,0.57,0.58,0.42,0.43,0.01,0.01,75902.4,1776749747000
1776749749.561,49.561,0.57,0.58,0.42,0.43,0.01,0.01,75902.4,1776749748000
1776749750.003,50.003,0.57,0.58,0.42,0.43,0.01,0.01,75902.4,1776749748000
1776749750.375,50.375,0.57,0.58,0.42,0.43,0.01,0.01,75902.4,1776749749000
1776749750.739,50.739,0.57,0.58,0.42,0.43,0.01,0.01,75902.4,1776749749000
1776749751.24,51.24,0.57,0.58,0.42,0.43,0.01,0.01,75902.43,1776749750000
1776749751.703,51.703,0.57,0.58,0.42,0.43,0.01,0.01,75902.43,1776749750000
1776749752.045,52.045,0.56,0.57,0.43,0.44,0.01,0.01,75902.43,1776749750000
1776749752.497,52.497,0.55,0.56,0.43,0.45,0.01,0.02,75902.43,1776749751000
1776749753.18,53.18,0.55,0.56,0.44,0.45,0.01,0.01,75902.43,1776749752000
1776749753.53,53.53,0.5,0.51,0.49,0.5,0.01,0.01,75902.43,1776749752000
1776749753.902,53.902,0.49,0.5,0.5,0.51,0.01,0.01,75902.43,1776749752000
1776749754.298,54.298,0.47,0.49,0.51,0.53,0.02,0.02,75899.95,1776749753000
1776749754.682,54.682,0.47,0.48,0.52,0.53,0.01,0.01,75899.95,1776749753000
1776749755.083,55.083,0.47,0.48,0.52,0.53,0.01,0.01,75897.98,1776749754000
1776749755.49,55.49,0.47,0.48,0.52,0.53,0.01,0.01,75897.98,1776749754000
1776749755.846,55.846,0.47,0.48,0.52,0.53,0.01,0.01,75897.98,1776749754000
1776749756.219,56.219,0.47,0.48,0.52,0.53,0.01,0.01,75895.08,1776749755000
1776749756.669,56.669,0.48,0.49,0.51,0.52,0.01,0.01,75895.08,1776749755000
1776749757.065,57.065,0.45,0.46,0.54,0.55,0.01,0.01,75895.08,1776749755000
1776749757.454,57.454,0.47,0.48,0.52,0.53,0.01,0.01,75895.07,1776749756000
1776749757.83,57.83,0.48,0.5,0.51,0.52,0.02,0.01,75895.07,1776749756000
1776749758.19,58.19,0.5,0.51,0.49,0.5,0.01,0.01,75892.89,1776749757000
1776749758.54,58.54,0.5,0.51,0.49,0.5,0.01,0.01,75892.89,1776749757000
1776749759.058,59.058,0.5,0.51,0.49,0.5,0.01,0.01,75892.89,1776749757000
1776749759.418,59.418,0.51,0.52,0.49,0.5,0.01,0.01,75892.85,1776749758000
1776749760.006,60.006,0.51,0.52,0.48,0.49,0.01,0.01,75892.87,1776749759000
1776749760.591,60.591,0.51,0.52,0.48,0.49,0.01,0.01,75892.87,1776749759000
1776749760.969,60.969,0.51,0.52,0.48,0.49,0.01,0.01,75892.87,1776749759000
1776749761.383,61.383,0.51,0.52,0.48,0.49,0.01,0.01,75892.87,1776749759000
1776749761.718,61.718,0.51,0.52,0.48,0.49,0.01,0.01,75892.99,1776749760000
1776749762.237,62.237,0.51,0.52,0.48,0.49,0.01,0.01,75892.99,1776749761000
1776749762.667,62.667,0.51,0.52,0.48,0.49,0.01,0.01,75892.99,1776749761000
1776749763.107,63.107,0.52,0.53,0.47,0.48,0.01,0.01,75892.99,1776749761000
1776749763.441,63.441,0.52,0.55,0.47,0.48,0.03,0.01,75891.54,1776749762000
1776749763.88,63.88,0.57,0.58,0.42,0.43,0.01,0.01,75891.54,1776749762000
1776749764.216,64.216,0.58,0.59,0.41,0.42,0.01,0.01,75891.54,1776749762000
1776749764.627,64.627,0.58,0.59,0.41,0.42,0.01,0.01,75892.92,1776749763000
1776749764.967,64.967,0.59,0.61,0.39,0.41,0.02,0.02,75892.92,1776749763000
1776749765.303,65.303,0.6,0.61,0.39,0.4,0.01,0.01,75893.69,1776749764000
1776749766.248,66.248,0.6,0.61,0.39,0.4,0.01,0.01,75895.87,1776749765000
1776749766.583,66.583,0.6,0.61,0.39,0.4,0.01,0.01,75895.87,1776749765000
1776749766.98,66.98,0.6,0.63,0.37,0.4,0.03,0.03,75895.87,1776749765000
1776749767.831,67.831,0.6,0.63,0.37,0.4,0.03,0.03,75896.22,1776749766000
1776749768.164,68.164,0.61,0.63,0.37,0.4,0.02,0.03,75896.22,1776749766000
1776749768.526,68.526,0.62,0.65,0.35,0.38,0.03,0.03,75899.75,1776749767000
1776749769.024,69.024,0.59,0.6,0.4,0.41,0.01,0.01,75899.75,1776749767000
1776749769.38,69.38,0.6,0.61,0.39,0.4,0.01,0.01,75902.11,1776749768000
1776749769.794,69.794,0.6,0.61,0.39,0.4,0.01,0.01,75902.11,1776749768000
1776749770.19,70.19,0.6,0.61,0.39,0.4,0.01,0.01,75902.11,1776749768000
1776749770.744,70.744,0.6,0.61,0.39,0.4,0.01,0.01,75902.56,1776749769000
1776749771.194,71.194,0.6,0.61,0.39,0.4,0.01,0.01,75902.56,1776749769000
1776749772.083,72.083,0.59,0.6,0.39,0.4,0.01,0.01,75902.62,1776749770000
1776749772.471,72.471,0.59,0.6,0.4,0.41,0.01,0.01,75902.66,1776749771000
1776749773.231,73.231,0.59,0.6,0.4,0.41,0.01,0.01,75902.66,1776749771000
1776749774.179,74.179,0.59,0.6,0.4,0.41,0.01,0.01,75902.63,1776749772000
1776749774.645,74.645,0.58,0.59,0.41,0.42,0.01,0.01,75902.63,1776749772000
1776749775.006,75.006,0.57,0.59,0.41,0.43,0.02,0.02,75902.6,1776749774000
1776749775.538,75.538,0.57,0.58,0.42,0.43,0.01,0.01,75902.6,1776749774000
1776749775.902,75.902,0.57,0.58,0.42,0.43,0.01,0.01,75902.6,1776749774000
1776749776.283,76.283,0.57,0.58,0.42,0.43,0.01,0.01,75901.86,1776749775000
1776749776.743,76.743,0.55,0.58,0.42,0.45,0.03,0.03,75901.86,1776749775000
1776749777.233,77.233,0.53,0.54,0.46,0.47,0.01,0.01,75901.86,1776749775000
1776749777.907,77.907,0.53,0.54,0.46,0.47,0.01,0.01,75901.49,1776749776000
1776749778.416,78.416,0.53,0.54,0.46,0.47,0.01,0.01,75901.49,1776749776000
1776749778.751,78.751,0.53,0.54,0.46,0.47,0.01,0.01,75899.68,1776749777000
1776749779.137,79.137,0.53,0.55,0.45,0.47,0.02,0.02,75899.68,1776749777000
1776749779.542,79.542,0.54,0.55,0.45,0.46,0.01,0.01,75899.68,1776749778000
1776749779.908,79.908,0.54,0.55,0.45,0.46,0.01,0.01,75899.68,1776749778000
1776749780.284,80.284,0.54,0.55,0.45,0.46,0.01,0.01,75899.68,1776749778000
1776749780.787,80.787,0.54,0.55,0.45,0.46,0.01,0.01,75899.48,1776749779000
1776749781.277,81.277,0.56,0.57,0.43,0.45,0.01,0.02,75899.48,1776749779000
1776749781.68,81.68,0.56,0.57,0.43,0.44,0.01,0.01,75899.48,1776749780000
1776749782.032,82.032,0.57,0.58,0.42,0.44,0.01,0.02,75899.55,1776749781000
1776749782.441,82.441,0.56,0.58,0.42,0.43,0.02,0.01,75899.55,1776749781000
1776749782.867,82.867,0.56,0.57,0.43,0.44,0.01,0.01,75899.55,1776749781000
1776749783.273,83.273,0.56,0.59,0.43,0.44,0.03,0.01,75899.56,1776749782000
1776749783.75,83.75,0.58,0.59,0.41,0.42,0.01,0.01,75899.56,1776749782000
1776749784.147,84.147,0.58,0.59,0.41,0.42,0.01,0.01,75899.56,1776749782000
1776749784.71,84.71,0.58,0.59,0.41,0.42,0.01,0.01,75899.42,1776749783000
1776749785.086,85.086,0.6,0.61,0.39,0.4,0.01,0.01,75899.42,1776749783000
1776749785.794,85.794,0.6,0.61,0.39,0.4,0.01,0.01,75899.37,1776749784000
1776749786.318,86.318,0.6,0.61,0.39,0.4,0.01,0.01,75899.37,1776749784000
1776749786.932,86.932,0.6,0.61,0.39,0.4,0.01,0.01,75899.36,1776749786000
1776749787.56,87.56,0.6,0.61,0.39,0.4,0.01,0.01,75899.36,1776749786000
1776749788.12,88.12,0.6,0.61,0.39,0.4,0.01,0.01,75899.36,1776749786000
1776749788.641,88.641,0.6,0.61,0.39,0.4,0.01,0.01,75899.36,1776749787000
1776749789.62,89.62,0.6,0.61,0.39,0.4,0.01,0.01,75899.36,1776749787000
1776749789.98,89.98,0.61,0.62,0.38,0.39,0.01,0.01,75899.42,1776749788000
1776749790.321,90.321,0.61,0.62,0.38,0.39,0.01,0.01,75899.42,1776749788000
1776749790.862,90.862,0.61,0.62,0.38,0.39,0.01,0.01,75899.34,1776749789000
1776749791.225,91.225,0.59,0.6,0.4,0.41,0.01,0.01,75899.28,1776749790000
1776749791.57,91.57,0.59,0.6,0.4,0.41,0.01,0.01,75899.28,1776749790000
1776749791.911,91.911,0.59,0.6,0.4,0.41,0.01,0.01,75899.28,1776749790000
1776749792.257,92.257,0.59,0.6,0.4,0.41,0.01,0.01,75899.29,1776749791000
1776749792.862,92.862,0.59,0.6,0.4,0.41,0.01,0.01,75899.29,1776749791000
1776749793.391,93.391,0.59,0.6,0.4,0.41,0.01,0.01,75899.29,1776749791000
1776749794.0,94.0,0.56,0.57,0.43,0.44,0.01,0.01,75899.24,1776749793000
1776749794.487,94.487,0.56,0.59,0.41,0.44,0.03,0.03,75899.24,1776749793000
1776749795.275,95.275,0.56,0.59,0.41,0.44,0.03,0.03,75899.27,1776749794000
1776749795.656,95.656,0.52,0.59,0.41,0.48,0.07,0.07,75899.27,1776749794000
1776749796.071,96.071,0.54,0.55,0.45,0.46,0.01,0.01,75899.27,1776749794000
1776749796.465,96.465,0.54,0.55,0.45,0.46,0.01,0.01,75899.27,1776749795000
1776749797.039,97.039,0.55,0.56,0.44,0.45,0.01,0.01,75899.27,1776749795000
1776749797.544,97.544,0.55,0.56,0.44,0.45,0.01,0.01,75899.43,1776749796000
1776749798.013,98.013,0.55,0.56,0.44,0.45,0.01,0.01,75899.43,1776749796000
1776749798.39,98.39,0.55,0.56,0.44,0.45,0.01,0.01,75899.3,1776749797000
1776749798.866,98.866,0.55,0.56,0.44,0.45,0.01,0.01,75899.34,1776749798000
1776749799.4,99.4,0.56,0.58,0.42,0.44,0.02,0.02,75899.34,1776749798000
1776749799.802,99.802,0.57,0.58,0.42,0.43,0.01,0.01,75899.34,1776749798000
1776749800.642,100.642,0.58,0.59,0.41,0.43,0.01,0.02,75899.32,1776749799000
1776749801.092,101.092,0.58,0.59,0.41,0.42,0.01,0.01,75899.32,1776749799000
1776749801.453,101.453,0.58,0.59,0.41,0.42,0.01,0.01,75899.27,1776749800000
1776749801.863,101.863,0.58,0.59,0.41,0.42,0.01,0.01,75899.27,1776749800000
1776749802.217,102.217,0.58,0.59,0.41,0.42,0.01,0.01,75899.27,1776749801000
1776749802.671,102.671,0.6,0.61,0.39,0.41,0.01,0.02,75899.27,1776749801000
1776749803.107,103.107,0.6,0.61,0.39,0.4,0.01,0.01,75899.28,1776749802000
1776749803.61,103.61,0.6,0.61,0.39,0.4,0.01,0.01,75899.28,1776749802000
1776749804.303,104.303,0.6,0.61,0.39,0.4,0.01,0.01,75899.29,1776749803000
1776749804.719,104.719,0.6,0.61,0.39,0.4,0.01,0.01,75899.29,1776749803000
1776749805.231,105.231,0.59,0.6,0.39,0.41,0.01,0.02,75899.29,1776749803000
1776749805.915,105.915,0.59,0.6,0.4,0.41,0.01,0.01,75899.46,1776749804000
1776749806.39,106.39,0.59,0.6,0.4,0.41,0.01,0.01,75899.46,1776749804000
1776749806.8,106.8,0.59,0.62,0.4,0.41,0.03,0.01,75899.41,1776749805000
1776749807.257,107.257,0.6,0.61,0.39,0.4,0.01,0.01,75899.41,1776749806000
1776749807.859,107.859,0.6,0.61,0.39,0.4,0.01,0.01,75899.41,1776749806000
1776749808.197,108.197,0.6,0.61,0.39,0.4,0.01,0.01,75899.68,1776749807000
1776749809.072,109.072,0.6,0.61,0.39,0.4,0.01,0.01,75899.68,1776749807000
1776749810.005,110.005,0.6,0.61,0.39,0.4,0.01,0.01,75899.81,1776749808000
1776749810.437,110.437,0.6,0.61,0.39,0.4,0.01,0.01,75899.22,1776749809000
1776749811.054,111.054,0.6,0.61,0.39,0.4,0.01,0.01,75899.19,1776749810000
1776749811.544,111.544,0.6,0.61,0.39,0.4,0.01,0.01,75899.19,1776749810000
1776749812.004,112.004,0.6,0.61,0.39,0.4,0.01,0.01,75899.19,1776749810000
1776749812.754,112.754,0.6,0.61,0.39,0.4,0.01,0.01,75899.31,1776749811000
1776749813.217,113.217,0.6,0.61,0.39,0.4,0.01,0.01,75899.32,1776749812000
1776749813.553,113.553,0.58,0.61,0.39,0.41,0.03,0.02,75899.32,1776749812000
1776749813.964,113.964,0.54,0.55,0.45,0.46,0.01,0.01,75899.32,1776749812000
1776749814.397,114.397,0.54,0.55,0.45,0.46,0.01,0.01,75899.26,1776749813000
1776749815.369,115.369,0.54,0.55,0.45,0.46,0.01,0.01,75894.72,1776749814000
1776749815.96,115.96,0.54,0.55,0.45,0.46,0.01,0.01,75893.03,1776749815000
1776749816.613,116.613,0.54,0.55,0.45,0.46,0.01,0.01,75893.03,1776749815000
1776749817.036,117.036,0.54,0.55,0.45,0.46,0.01,0.01,75892.67,1776749816000
1776749818.107,118.107,0.54,0.55,0.45,0.46,0.01,0.01,75892.67,1776749816000
1776749818.54,118.54,0.53,0.54,0.45,0.46,0.01,0.01,75892.72,1776749817000
1776749819.326,119.326,0.53,0.54,0.46,0.47,0.01,0.01,75892.72,1776749817000
1776749819.669,119.669,0.53,0.54,0.46,0.47,0.01,0.01,75892.72,1776749817000
1776749820.399,120.399,0.53,0.54,0.46,0.47,0.01,0.01,75892.75,1776749819000
1776749821.049,121.049,0.53,0.54,0.46,0.47,0.01,0.01,75892.67,1776749820000
1776749821.671,121.671,0.53,0.54,0.46,0.47,0.01,0.01,75892.67,1776749820000
1776749822.085,122.085,0.53,0.54,0.46,0.47,0.01,0.01,75892.67,1776749820000
1776749822.937,122.937,0.53,0.54,0.46,0.47,0.01,0.01,75892.55,1776749822000
1776749823.507,123.507,0.53,0.54,0.46,0.47,0.01,0.01,75892.55,1776749822000
1776749823.914,123.914,0.53,0.54,0.46,0.47,0.01,0.01,75892.55,1776749822000
1776749824.319,124.319,0.53,0.54,0.46,0.47,0.01,0.01,75892.57,1776749823000
1776749824.767,124.767,0.53,0.54,0.46,0.47,0.01,0.01,75892.57,1776749823000
1776749825.156,125.156,0.53,0.54,0.46,0.47,0.01,0.01,75892.57,1776749824000
1776749825.714,125.714,0.51,0.54,0.46,0.47,0.03,0.01,75892.57,1776749824000
1776749826.288,126.288,0.51,0.52,0.48,0.49,0.01,0.01,75892.57,1776749824000
1776749826.706,126.706,0.51,0.52,0.48,0.49,0.01,0.01,75892.72,1776749825000
1776749827.764,127.764,0.52,0.54,0.48,0.49,0.02,0.01,75892.65,1776749826000
1776749828.116,128.116,0.53,0.54,0.46,0.47,0.01,0.01,75892.43,1776749827000
1776749828.653,128.653,0.53,0.54,0.46,0.47,0.01,0.01,75892.43,1776749827000
1776749829.017,129.017,0.53,0.55,0.45,0.47,0.02,0.02,75892.43,1776749827000
1776749829.472,129.472,0.55,0.56,0.43,0.46,0.01,0.03,75892.5,1776749828000
1776749829.821,129.821,0.55,0.56,0.43,0.45,0.01,0.02,75892.5,1776749828000
1776749830.198,130.198,0.54,0.55,0.44,0.46,0.01,0.02,75892.5,1776749828000
1776749830.553,130.553,0.54,0.55,0.45,0.46,0.01,0.01,75892.5,1776749829000
1776749830.935,130.935,0.54,0.55,0.45,0.46,0.01,0.01,75892.5,1776749829000
1776749831.413,131.413,0.54,0.55,0.45,0.46,0.01,0.01,75892.5,1776749830000
1776749831.842,131.842,0.54,0.55,0.45,0.46,0.01,0.01,75892.5,1776749830000
1776749832.293,132.293,0.54,0.55,0.45,0.46,0.01,0.01,75892.46,1776749831000
1776749832.992,132.992,0.54,0.55,0.45,0.46,0.01,0.01,75892.42,1776749832000
1776749833.569,133.569,0.54,0.55,0.45,0.46,0.01,0.01,75892.42,1776749832000
1776749834.012,134.012,0.54,0.55,0.45,0.46,0.01,0.01,75892.0,1776749833000
1776749834.346,134.346,0.49,0.52,0.47,0.49,0.03,0.02,75892.0,1776749833000
1776749834.789,134.789,0.48,0.49,0.51,0.52,0.01,0.01,75892.0,1776749833000
1776749835.33,135.33,0.49,0.5,0.5,0.51,0.01,0.01,75892.0,1776749833000
1776749835.727,135.727,0.49,0.5,0.5,0.51,0.01,0.01,75892.0,1776749834000
1776749836.089,136.089,0.48,0.49,0.5,0.51,0.01,0.01,75892.0,1776749834000
1776749836.456,136.456,0.5,0.51,0.49,0.5,0.01,0.01,75892.0,1776749834000
1776749836.941,136.941,0.51,0.52,0.49,0.5,0.01,0.01,75889.56,1776749835000
1776749837.306,137.306,0.52,0.53,0.48,0.49,0.01,0.01,75889.56,1776749835000
1776749837.667,137.667,0.52,0.53,0.47,0.48,0.01,0.01,75889.56,1776749835000
1776749838.117,138.117,0.52,0.53,0.47,0.48,0.01,0.01,75888.03,1776749836000
1776749838.573,138.573,0.52,0.53,0.47,0.48,0.01,0.01,75888.03,1776749836000
1776749838.997,138.997,0.52,0.53,0.47,0.48,0.01,0.01,75887.72,1776749837000
1776749839.605,139.605,0.52,0.53,0.47,0.48,0.01,0.01,75887.67,1776749838000
1776749839.997,139.997,0.52,0.53,0.47,0.48,0.01,0.01,75887.67,1776749838000
1776749840.356,140.356,0.52,0.53,0.47,0.48,0.01,0.01,75887.68,1776749839000
1776749840.805,140.805,0.52,0.53,0.47,0.48,0.01,0.01,75887.68,1776749839000
1776749841.349,141.349,0.52,0.53,0.47,0.48,0.01,0.01,75887.57,1776749840000
1776749842.53,142.53,0.52,0.53,0.47,0.48,0.01,0.01,75887.57,1776749840000
1776749843.067,143.067,0.51,0.52,0.48,0.49,0.01,0.01,75887.55,1776749841000
1776749843.437,143.437,0.48,0.5,0.5,0.51,0.02,0.01,75887.55,1776749842000
1776749843.873,143.873,0.48,0.49,0.51,0.52,0.01,0.01,75887.55,1776749842000
1776749844.264,144.264,0.48,0.49,0.51,0.52,0.01,0.01,75887.55,1776749843000
1776749844.965,144.965,0.5,0.51,0.49,0.5,0.01,0.01,75887.55,1776749843000
1776749845.33,145.33,0.5,0.51,0.49,0.5,0.01,0.01,75887.55,1776749843000
1776749846.206,146.206,0.5,0.51,0.49,0.5,0.01,0.01,75886.49,1776749844000
1776749847.494,147.494,0.51,0.52,0.48,0.49,0.01,0.01,75886.58,1776749845000
1776749848.175,148.175,0.51,0.52,0.48,0.49,0.01,0.01,75886.76,1776749846000
1776749848.796,148.796,0.51,0.52,0.48,0.49,0.01,0.01,75886.69,1776749847000
1776749849.16,149.16,0.51,0.52,0.48,0.49,0.01,0.01,75886.69,1776749847000
1776749850.021,150.021,0.51,0.52,0.48,0.49,0.01,0.01,75886.69,1776749848000
1776749850.65,150.65,0.51,0.52,0.48,0.49,0.01,0.01,75886.84,1776749849000
1776749851.122,151.122,0.51,0.52,0.48,0.49,0.01,0.01,75886.84,1776749849000
1776749851.494,151.494,0.51,0.52,0.48,0.49,0.01,0.01,75887.02,1776749850000
1776749851.853,151.853,0.51,0.55,0.45,0.49,0.04,0.04,75887.02,1776749850000
1776749852.215,152.215,0.57,0.59,0.41,0.43,0.02,0.02,75887.15,1776749851000
1776749853.138,153.138,0.58,0.64,0.36,0.42,0.06,0.06,75887.15,1776749852000
1776749853.557,153.557,0.58,0.6,0.36,0.42,0.02,0.06,75887.15,1776749852000
1776749853.919,153.919,0.58,0.6,0.4,0.42,0.02,0.02,75887.15,1776749852000
1776749854.356,154.356,0.58,0.65,0.4,0.42,0.07,0.02,75887.15,1776749852000
1776749854.694,154.694,0.6,0.64,0.36,0.4,0.04,0.04,75887.15,1776749852000
1776749855.029,155.029,0.63,0.64,0.36,0.37,0.01,0.01,75887.15,1776749852000
1776749855.365,155.365,0.63,0.64,0.36,0.37,0.01,0.01,75893.28,1776749854000
1776749855.96,155.96,0.66,0.67,0.36,0.37,0.01,0.01,75893.28,1776749854000
1776749856.302,156.302,0.66,0.67,0.33,0.34,0.01,0.01,75897.33,1776749855000
1776749856.884,156.884,0.66,0.67,0.33,0.34,0.01,0.01,75897.33,1776749855000
1776749857.24,157.24,0.66,0.67,0.33,0.34,0.01,0.01,75897.25,1776749856000
1776749857.851,157.851,0.65,0.66,0.34,0.35,0.01,0.01,75897.25,1776749856000
1776749858.216,158.216,0.65,0.66,0.34,0.35,0.01,0.01,75897.3,1776749857000
1776749858.604,158.604,0.63,0.64,0.36,0.37,0.01,0.01,75897.3,1776749857000
1776749859.041,159.041,0.62,0.63,0.37,0.4,0.01,0.03,75897.3,1776749857000
1776749859.444,159.444,0.59,0.6,0.37,0.41,0.01,0.04,75898.65,1776749858000
1776749859.818,159.818,0.59,0.6,0.4,0.41,0.01,0.01,75898.65,1776749858000
1776749860.173,160.173,0.57,0.58,0.4,0.43,0.01,0.03,75898.65,1776749858000
1776749860.867,160.867,0.57,0.58,0.42,0.43,0.01,0.01,75897.12,1776749859000
1776749861.689,161.689,0.56,0.58,0.42,0.43,0.02,0.01,75895.96,1776749860000
1776749862.028,162.028,0.5,0.53,0.47,0.5,0.03,0.03,75895.96,1776749861000
1776749862.736,162.736,0.52,0.53,0.47,0.48,0.01,0.01,75895.96,1776749861000
1776749863.138,163.138,0.52,0.53,0.47,0.48,0.01,0.01,75895.56,1776749862000
1776749863.992,163.992,0.49,0.5,0.5,0.51,0.01,0.01,75895.56,1776749862000
1776749864.356,164.356,0.49,0.52,0.5,0.51,0.03,0.01,75894.62,1776749863000
1776749864.915,164.915,0.52,0.53,0.47,0.49,0.01,0.02,75894.62,1776749863000
1776749865.299,165.299,0.52,0.53,0.47,0.48,0.01,0.01,75893.07,1776749864000
1776749865.72,165.72,0.53,0.54,0.46,0.47,0.01,0.01,75893.07,1776749864000
1776749866.086,166.086,0.53,0.54,0.46,0.47,0.01,0.01,75893.14,1776749865000
1776749867.078,167.078,0.54,0.55,0.45,0.46,0.01,0.01,75893.14,1776749866000
1776749867.428,167.428,0.54,0.55,0.45,0.46,0.01,0.01,75893.14,1776749866000
1776749868.13,168.13,0.48,0.49,0.45,0.52,0.01,0.07,75893.14,1776749866000
1776749868.512,168.512,0.48,0.49,0.51,0.52,0.01,0.01,75893.17,1776749867000
1776749868.973,168.973,0.4,0.43,0.52,0.6,0.03,0.08,75893.17,1776749867000
1776749869.626,169.626,0.4,0.43,0.58,0.63,0.03,0.05,75893.47,1776749868000
1776749869.967,169.967,0.41,0.43,0.57,0.59,0.02,0.02,75893.47,1776749868000
1776749870.364,170.364,0.41,0.42,0.56,0.59,0.01,0.03,75893.45,1776749869000
1776749870.724,170.724,0.34,0.41,0.57,0.65,0.07,0.08,75893.45,1776749869000
1776749871.057,171.057,0.39,0.4,0.6,0.61,0.01,0.01,75890.65,1776749870000
1776749871.392,171.392,0.39,0.4,0.6,0.61,0.01,0.01,75890.65,1776749870000
1776749871.755,171.755,0.37,0.38,0.62,0.64,0.01,0.02,75890.65,1776749870000
1776749872.132,172.132,0.37,0.38,0.62,0.63,0.01,0.01,75893.21,1776749871000
1776749872.538,172.538,0.36,0.37,0.63,0.64,0.01,0.01,75893.21,1776749871000
1776749872.945,172.945,0.36,0.37,0.63,0.64,0.01,0.01,75893.21,1776749872000
1776749873.332,173.332,0.36,0.37,0.63,0.64,0.01,0.01,75893.21,1776749872000
1776749873.757,173.757,0.35,0.36,0.64,0.65,0.01,0.01,75893.21,1776749872000
1776749874.585,174.585,0.35,0.36,0.64,0.65,0.01,0.01,75893.25,1776749873000
1776749875.101,175.101,0.35,0.36,0.64,0.65,0.01,0.01,75893.14,1776749874000
1776749875.441,175.441,0.35,0.36,0.64,0.65,0.01,0.01,75893.14,1776749874000
1776749875.81,175.81,0.35,0.36,0.64,0.65,0.01,0.01,75893.14,1776749874000
1776749876.147,176.147,0.35,0.36,0.64,0.65,0.01,0.01,75893.23,1776749875000
1776749876.546,176.546,0.35,0.36,0.64,0.65,0.01,0.01,75893.23,1776749875000
1776749876.907,176.907,0.35,0.36,0.64,0.65,0.01,0.01,75893.23,1776749875000
1776749877.32,177.32,0.37,0.38,0.62,0.65,0.01,0.03,75893.41,1776749876000
1776749877.815,177.815,0.38,0.39,0.62,0.63,0.01,0.01,75893.41,1776749876000
1776749878.27,178.27,0.38,0.39,0.61,0.62,0.01,0.01,75893.72,1776749877000
1776749878.856,178.856,0.38,0.39,0.61,0.62,0.01,0.01,75893.72,1776749877000
1776749879.239,179.239,0.39,0.4,0.6,0.61,0.01,0.01,75893.62,1776749878000
1776749879.608,179.608,0.41,0.42,0.59,0.61,0.01,0.02,75893.62,1776749878000
1776749879.984,179.984,0.45,0.51,0.49,0.55,0.06,0.06,75893.62,1776749878000
1776749880.422,180.422,0.5,0.51,0.49,0.5,0.01,0.01,75893.61,1776749879000
1776749880.813,180.813,0.5,0.51,0.49,0.5,0.01,0.01,75893.61,1776749879000
1776749881.266,181.266,0.49,0.5,0.5,0.52,0.01,0.02,75893.61,1776749879000
1776749881.758,181.758,0.49,0.5,0.5,0.51,0.01,0.01,75894.99,1776749880000
1776749882.137,182.137,0.49,0.51,0.49,0.51,0.02,0.02,75894.99,1776749880000
1776749882.486,182.486,0.58,0.59,0.41,0.42,0.01,0.01,75897.4,1776749881000
1776749882.941,182.941,0.58,0.59,0.41,0.42,0.01,0.01,75897.4,1776749881000
1776749883.312,183.312,0.58,0.59,0.41,0.42,0.01,0.01,75897.4,1776749881000
1776749883.661,183.661,0.58,0.59,0.41,0.42,0.01,0.01,75898.92,1776749882000
1776749884.003,184.003,0.58,0.59,0.41,0.42,0.01,0.01,75898.92,1776749882000
1776749884.354,184.354,0.58,0.59,0.41,0.42,0.01,0.01,75898.92,1776749882000
1776749884.713,184.713,0.58,0.59,0.41,0.42,0.01,0.01,75900.47,1776749883000
1776749885.149,185.149,0.58,0.59,0.41,0.42,0.01,0.01,75900.62,1776749884000
1776749885.644,185.644,0.57,0.58,0.41,0.42,0.01,0.01,75900.62,1776749884000
1776749886.06,186.06,0.57,0.58,0.42,0.43,0.01,0.01,75900.62,1776749884000
1776749886.467,186.467,0.57,0.58,0.42,0.43,0.01,0.01,75900.62,1776749884000
1776749886.801,186.801,0.56,0.57,0.42,0.44,0.01,0.02,75902.81,1776749885000
1776749887.469,187.469,0.56,0.57,0.43,0.44,0.01,0.01,75902.36,1776749886000
1776749887.92,187.92,0.56,0.57,0.43,0.44,0.01,0.01,75902.36,1776749886000
1776749888.744,188.744,0.56,0.57,0.43,0.44,0.01,0.01,75902.85,1776749887000
1776749889.082,189.082,0.56,0.58,0.42,0.44,0.02,0.02,75902.8,1776749888000
1776749890.013,190.013,0.57,0.58,0.42,0.44,0.01,0.02,75902.8,1776749888000
1776749890.413,190.413,0.57,0.58,0.42,0.43,0.01,0.01,75902.8,1776749889000
1776749890.797,190.797,0.57,0.58,0.42,0.43,0.01,0.01,75902.8,1776749889000
1776749891.181,191.181,0.57,0.58,0.42,0.43,0.01,0.01,75902.8,1776749889000
1776749891.959,191.959,0.6,0.61,0.39,0.4,0.01,0.01,75902.94,1776749891000
1776749892.468,192.468,0.6,0.61,0.39,0.4,0.01,0.01,75902.94,1776749891000
1776749892.943,192.943,0.6,0.61,0.39,0.4,0.01,0.01,75902.94,1776749891000
1776749894.114,194.114,0.6,0.61,0.39,0.4,0.01,0.01,75903.0,1776749893000
1776749894.53,194.53,0.6,0.61,0.39,0.4,0.01,0.01,75903.0,1776749893000
1776749895.242,195.242,0.6,0.61,0.39,0.4,0.01,0.01,75902.99,1776749894000
1776749895.578,195.578,0.6,0.62,0.39,0.4,0.02,0.01,75902.99,1776749894000
1776749896.013,196.013,0.6,0.61,0.38,0.4,0.01,0.02,75902.99,1776749894000
1776749896.437,196.437,0.6,0.61,0.39,0.4,0.01,0.01,75902.99,1776749894000
1776749897.199,197.199,0.6,0.61,0.39,0.4,0.01,0.01,75903.0,1776749895000
1776749897.67,197.67,0.59,0.6,0.4,0.41,0.01,0.01,75903.0,1776749895000
1776749898.1,198.1,0.59,0.6,0.4,0.41,0.01,0.01,75903.0,1776749895000
1776749898.546,198.546,0.59,0.6,0.4,0.41,0.01,0.01,75903.0,1776749895000
1776749898.907,198.907,0.59,0.6,0.4,0.41,0.01,0.01,75903.0,1776749897000
1776749899.312,199.312,0.59,0.6,0.4,0.41,0.01,0.01,75903.01,1776749898000
1776749899.739,199.739,0.59,0.6,0.4,0.41,0.01,0.01,75903.01,1776749898000
1776749900.382,200.382,0.59,0.6,0.4,0.41,0.01,0.01,75903.01,1776749898000
1776749900.727,200.727,0.59,0.6,0.4,0.41,0.01,0.01,75903.22,1776749899000
1776749901.147,201.147,0.58,0.59,0.4,0.41,0.01,0.01,75903.22,1776749899000
1776749901.542,201.542,0.57,0.58,0.42,0.43,0.01,0.01,75903.22,1776749900000
1776749901.994,201.994,0.57,0.58,0.42,0.43,0.01,0.01,75903.22,1776749900000
1776749902.612,202.612,0.57,0.58,0.42,0.43,0.01,0.01,75903.39,1776749901000
1776749902.965,202.965,0.57,0.58,0.42,0.43,0.01,0.01,75903.39,1776749901000
1776749903.372,203.372,0.57,0.58,0.42,0.43,0.01,0.01,75903.39,1776749902000
1776749903.77,203.77,0.57,0.58,0.42,0.43,0.01,0.01,75903.39,1776749902000
1776749904.197,204.197,0.57,0.59,0.41,0.43,0.02,0.02,75903.39,1776749902000
1776749904.536,204.536,0.54,0.58,0.42,0.45,0.04,0.03,75903.39,1776749902000
1776749904.873,204.873,0.55,0.56,0.43,0.45,0.01,0.02,75904.93,1776749903000
1776749905.21,205.21,0.55,0.56,0.44,0.45,0.01,0.01,75904.93,1776749903000
1776749905.59,205.59,0.55,0.56,0.44,0.45,0.01,0.01,75903.02,1776749904000
1776749906.173,206.173,0.52,0.56,0.44,0.45,0.04,0.01,75903.02,1776749904000
1776749906.628,206.628,0.54,0.55,0.45,0.46,0.01,0.01,75903.02,1776749904000
1776749906.993,206.993,0.54,0.55,0.45,0.47,0.01,0.02,75904.93,1776749905000
1776749907.413,207.413,0.54,0.55,0.45,0.46,0.01,0.01,75904.93,1776749906000
1776749907.749,207.749,0.53,0.54,0.46,0.47,0.01,0.01,75904.93,1776749906000
1776749908.168,208.168,0.54,0.55,0.45,0.46,0.01,0.01,75904.93,1776749906000
1776749908.586,208.586,0.54,0.55,0.45,0.46,0.01,0.01,75904.93,1776749906000
1776749908.982,208.982,0.55,0.57,0.43,0.46,0.02,0.03,75904.93,1776749907000
1776749909.583,209.583,0.54,0.55,0.43,0.45,0.01,0.02,75905.03,1776749908000
1776749910.115,210.115,0.54,0.55,0.44,0.46,0.01,0.02,75905.03,1776749908000
1776749910.45,210.45,0.53,0.54,0.45,0.46,0.01,0.01,75905.03,1776749908000
1776749911.136,211.136,0.54,0.55,0.45,0.47,0.01,0.02,75905.03,1776749909000
1776749911.848,211.848,0.54,0.55,0.45,0.46,0.01,0.01,75905.04,1776749910000
1776749912.318,212.318,0.53,0.55,0.45,0.46,0.02,0.01,75905.04,1776749910000
1776749912.684,212.684,0.53,0.54,0.46,0.47,0.01,0.01,75904.94,1776749911000
1776749913.05,213.05,0.55,0.56,0.45,0.46,0.01,0.01,75904.94,1776749911000
1776749913.469,213.469,0.55,0.56,0.44,0.45,0.01,0.01,75904.94,1776749911000
1776749913.877,213.877,0.55,0.56,0.44,0.45,0.01,0.01,75904.94,1776749912000
1776749914.302,214.302,0.58,0.59,0.41,0.42,0.01,0.01,75904.94,1776749912000
1776749914.986,214.986,0.58,0.59,0.41,0.42,0.01,0.01,75904.9,1776749914000
1776749916.148,216.148,0.58,0.59,0.41,0.42,0.01,0.01,75905.83,1776749915000
1776749916.551,216.551,0.58,0.59,0.41,0.42,0.01,0.01,75905.83,1776749915000
1776749917.027,217.027,0.58,0.59,0.41,0.42,0.01,0.01,75905.83,1776749915000
1776749917.433,217.433,0.58,0.59,0.41,0.42,0.01,0.01,75905.82,1776749916000
1776749917.794,217.794,0.57,0.59,0.41,0.43,0.02,0.02,75905.82,1776749916000
1776749918.35,218.35,0.57,0.59,0.41,0.43,0.02,0.02,75905.71,1776749917000
1776749918.754,218.754,0.57,0.58,0.41,0.43,0.01,0.02,75905.71,1776749917000
1776749919.331,219.331,0.57,0.58,0.42,0.43,0.01,0.01,75905.71,1776749918000
1776749919.737,219.737,0.57,0.58,0.42,0.43,0.01,0.01,75905.71,1776749918000
1776749920.141,220.141,0.51,0.52,0.48,0.5,0.01,0.02,75905.71,1776749918000
1776749920.499,220.499,0.4,0.42,0.58,0.6,0.02,0.02,75905.57,1776749919000
1776749920.865,220.865,0.38,0.4,0.6,0.61,0.02,0.01,75905.57,1776749919000
1776749921.206,221.206,0.28,0.33,0.67,0.71,0.05,0.04,75905.57,1776749919000
1776749921.541,221.541,0.28,0.36,0.7,0.72,0.08,0.02,75903.92,1776749920000
1776749921.938,221.938,0.27,0.33,0.67,0.73,0.06,0.06,75903.92,1776749920000
1776749922.351,222.351,0.27,0.38,0.64,0.73,0.11,0.09,75903.92,1776749920000
1776749922.849,222.849,0.3,0.33,0.62,0.73,0.03,0.11,75895.66,1776749921000
1776749923.19,223.19,0.29,0.33,0.67,0.71,0.04,0.04,75890.94,1776749922000
1776749923.692,223.692,0.26,0.33,0.67,0.71,0.07,0.04,75890.94,1776749922000
1776749924.158,224.158,0.26,0.33,0.67,0.75,0.07,0.08,75891.77,1776749923000
1776749924.638,224.638,0.25,0.3,0.67,0.72,0.05,0.05,75891.77,1776749923000
1776749925.298,225.298,0.25,0.3,0.7,0.75,0.05,0.05,75892.19,1776749924000
1776749925.656,225.656,0.25,0.39,0.61,0.75,0.14,0.14,75892.19,1776749924000
1776749926.323,226.323,0.25,0.39,0.61,0.75,0.14,0.14,75892.55,1776749925000
1776749926.668,226.668,0.25,0.32,0.61,0.75,0.07,0.14,75892.55,1776749925000
1776749927.514,227.514,0.25,0.3,0.72,0.75,0.05,0.03,75892.55,1776749925000
1776749927.85,227.85,0.28,0.33,0.67,0.72,0.05,0.05,75893.18,1776749926000
1776749928.194,228.194,0.28,0.32,0.68,0.78,0.04,0.1,75893.3,1776749927000
1776749928.552,228.552,0.35,0.36,0.6,0.67,0.01,0.07,75893.3,1776749927000
1776749928.885,228.885,0.34,0.36,0.64,0.66,0.02,0.02,75893.3,1776749927000
1776749929.252,229.252,0.33,0.35,0.62,0.67,0.02,0.05,75893.34,1776749928000
1776749929.588,229.588,0.34,0.35,0.65,0.66,0.01,0.01,75893.34,1776749928000
1776749929.956,229.956,0.34,0.35,0.65,0.66,0.01,0.01,75893.34,1776749928000
1776749930.375,230.375,0.34,0.35,0.65,0.66,0.01,0.01,75893.34,1776749929000
1776749930.708,230.708,0.34,0.35,0.65,0.66,0.01,0.01,75893.34,1776749929000
1776749931.042,231.042,0.34,0.35,0.65,0.66,0.01,0.01,75893.34,1776749929000
1776749931.428,231.428,0.34,0.35,0.65,0.66,0.01,0.01,75894.13,1776749930000
1776749931.801,231.801,0.32,0.35,0.65,0.68,0.03,0.03,75894.13,1776749930000
1776749932.312,232.312,0.21,0.35,0.65,0.7,0.14,0.05,75894.23,1776749931000
1776749932.81,232.81,0.32,0.33,0.67,0.68,0.01,0.01,75894.23,1776749931000
1776749933.158,233.158,0.32,0.33,0.67,0.68,0.01,0.01,75895.81,1776749932000
1776749933.618,233.618,0.31,0.33,0.67,0.69,0.02,0.02,75895.81,1776749932000
1776749933.952,233.952,0.32,0.33,0.67,0.68,0.01,0.01,75895.81,1776749932000
1776749934.285,234.285,0.31,0.32,0.68,0.69,0.01,0.01,75895.79,1776749933000
1776749934.642,234.642,0.31,0.32,0.68,0.69,0.01,0.01,75895.79,1776749933000
1776749935.016,235.016,0.36,0.37,0.63,0.64,0.01,0.01,75895.79,1776749933000
1776749935.351,235.351,0.34,0.35,0.65,0.66,0.01,0.01,75895.79,1776749934000
1776749935.816,235.816,0.34,0.35,0.65,0.66,0.01,0.01,75895.79,1776749934000
1776749936.508,236.508,0.33,0.34,0.66,0.67,0.01,0.01,75895.79,1776749934000
1776749936.842,236.842,0.33,0.34,0.66,0.67,0.01,0.01,75895.69,1776749935000
1776749937.179,237.179,0.32,0.33,0.67,0.68,0.01,0.01,75895.8,1776749936000
1776749937.614,237.614,0.32,0.33,0.67,0.68,0.01,0.01,75895.8,1776749936000
1776749938.157,238.157,0.3,0.33,0.67,0.68,0.03,0.01,75895.8,1776749936000
1776749938.617,238.617,0.3,0.31,0.69,0.7,0.01,0.01,75895.81,1776749937000
1776749938.979,238.979,0.3,0.31,0.69,0.7,0.01,0.01,75895.81,1776749937000
1776749939.611,239.611,0.3,0.32,0.69,0.7,0.02,0.01,75895.81,1776749937000
1776749939.981,239.981,0.31,0.32,0.68,0.69,0.01,0.01,75895.58,1776749939000
1776749940.318,240.318,0.31,0.32,0.68,0.69,0.01,0.01,75895.58,1776749939000
1776749940.668,240.668,0.31,0.32,0.68,0.69,0.01,0.01,75895.58,1776749939000
1776749941.002,241.002,0.3,0.31,0.68,0.7,0.01,0.02,75895.58,1776749939000
1776749941.401,241.401,0.29,0.31,0.69,0.7,0.02,0.01,75895.66,1776749940000
1776749942.109,242.109,0.29,0.3,0.7,0.71,0.01,0.01,75895.66,1776749940000
1776749942.546,242.546,0.29,0.3,0.7,0.71,0.01,0.01,75895.6,1776749941000
1776749942.917,242.917,0.27,0.28,0.72,0.73,0.01,0.01,75895.6,1776749941000
1776749943.257,243.257,0.29,0.31,0.7,0.72,0.02,0.02,75895.6,1776749941000
1776749943.599,243.599,0.28,0.29,0.71,0.72,0.01,0.01,75895.6,1776749941000
1776749943.963,243.963,0.27,0.28,0.72,0.73,0.01,0.01,75895.49,1776749942000
1776749944.305,244.305,0.27,0.28,0.72,0.73,0.01,0.01,75895.4,1776749943000
1776749944.905,244.905,0.3,0.31,0.69,0.7,0.01,0.01,75895.4,1776749943000
1776749945.325,245.325,0.28,0.29,0.71,0.72,0.01,0.01,75895.39,1776749944000
1776749945.832,245.832,0.27,0.28,0.71,0.73,0.01,0.02,75895.39,1776749944000
1776749946.171,246.171,0.27,0.28,0.72,0.73,0.01,0.01,75895.39,1776749944000
1776749946.522,246.522,0.27,0.28,0.72,0.73,0.01,0.01,75895.35,1776749945000
1776749947.053,247.053,0.27,0.29,0.71,0.73,0.02,0.02,75895.35,1776749945000
1776749947.644,247.644,0.28,0.29,0.71,0.73,0.01,0.02,75895.43,1776749946000
1776749947.988,247.988,0.28,0.29,0.71,0.72,0.01,0.01,75895.43,1776749946000
1776749948.35,248.35,0.28,0.33,0.71,0.72,0.05,0.01,75895.5,1776749947000
1776749948.733,248.733,0.32,0.33,0.67,0.68,0.01,0.01,75895.5,1776749947000
1776749949.173,249.173,0.3,0.31,0.67,0.7,0.01,0.03,75895.5,1776749947000
1776749949.517,249.517,0.31,0.34,0.67,0.7,0.03,0.03,75895.52,1776749948000
1776749949.86,249.86,0.32,0.33,0.67,0.68,0.01,0.01,75895.52,1776749948000
1776749950.294,250.294,0.33,0.34,0.66,0.67,0.01,0.01,75895.52,1776749949000
1776749950.635,250.635,0.32,0.33,0.67,0.68,0.01,0.01,75895.52,1776749949000
1776749951.061,251.061,0.31,0.32,0.67,0.68,0.01,0.01,75895.51,1776749950000
1776749951.685,251.685,0.31,0.34,0.68,0.69,0.03,0.01,75895.51,1776749950000
1776749952.059,252.059,0.33,0.34,0.66,0.67,0.01,0.01,75895.44,1776749951000
1776749952.396,252.396,0.33,0.34,0.66,0.67,0.01,0.01,75895.44,1776749951000
1776749952.798,252.798,0.3,0.34,0.66,0.67,0.04,0.01,75895.44,1776749951000
1776749953.158,253.158,0.3,0.31,0.69,0.7,0.01,0.01,75896.03,1776749952000
1776749953.71,253.71,0.28,0.29,0.71,0.72,0.01,0.01,75896.03,1776749952000
1776749954.118,254.118,0.26,0.3,0.7,0.74,0.04,0.04,75895.26,1776749953000
1776749954.946,254.946,0.22,0.28,0.7,0.74,0.06,0.04,75895.26,1776749953000
1776749955.379,255.379,0.24,0.27,0.73,0.79,0.03,0.06,75890.76,1776749954000
1776749955.77,255.77,0.27,0.28,0.72,0.73,0.01,0.01,75890.76,1776749954000
1776749956.28,256.28,0.27,0.29,0.71,0.73,0.02,0.02,75891.19,1776749955000
1776749956.616,256.616,0.31,0.32,0.68,0.69,0.01,0.01,75891.19,1776749955000
1776749956.95,256.95,0.31,0.32,0.68,0.69,0.01,0.01,75891.19,1776749955000
1776749957.345,257.345,0.27,0.32,0.68,0.73,0.05,0.05,75892.95,1776749956000
1776749957.695,257.695,0.29,0.3,0.7,0.71,0.01,0.01,75892.95,1776749956000
1776749958.038,258.038,0.3,0.31,0.66,0.71,0.01,0.05,75892.95,1776749956000
1776749958.463,258.463,0.33,0.34,0.66,0.67,0.01,0.01,75892.95,1776749957000
1776749958.826,258.826,0.35,0.37,0.64,0.67,0.02,0.03,75892.95,1776749957000
1776749959.417,259.417,0.34,0.35,0.65,0.68,0.01,0.03,75892.95,1776749957000
1776749959.829,259.829,0.28,0.31,0.62,0.7,0.03,0.08,75893.3,1776749958000
1776749960.203,260.203,0.32,0.39,0.61,0.69,0.07,0.08,75893.3,1776749959000
1776749960.746,260.746,0.3,0.31,0.69,0.73,0.01,0.04,75893.3,1776749959000
1776749961.149,261.149,0.36,0.37,0.62,0.64,0.01,0.02,75894.07,1776749960000
1776749961.629,261.629,0.35,0.36,0.64,0.65,0.01,0.01,75894.07,1776749960000
1776749961.984,261.984,0.37,0.38,0.62,0.63,0.01,0.01,75894.07,1776749960000
1776749962.539,262.539,0.36,0.38,0.62,0.63,0.02,0.01,75892.05,1776749961000
1776749962.874,262.874,0.36,0.37,0.63,0.64,0.01,0.01,75892.05,1776749961000
1776749963.264,263.264,0.26,0.27,0.73,0.74,0.01,0.01,75892.05,1776749961000
1776749963.661,263.661,0.26,0.27,0.73,0.74,0.01,0.01,75892.05,1776749962000
1776749964.032,264.032,0.26,0.27,0.73,0.74,0.01,0.01,75892.05,1776749962000
1776749964.858,264.858,0.28,0.29,0.71,0.72,0.01,0.01,75892.12,1776749963000
1776749965.207,265.207,0.28,0.29,0.71,0.72,0.01,0.01,75892.12,1776749963000
1776749965.617,265.617,0.28,0.29,0.71,0.72,0.01,0.01,75892.12,1776749964000
1776749965.954,265.954,0.26,0.29,0.72,0.74,0.03,0.02,75892.12,1776749964000
1776749966.303,266.303,0.28,0.3,0.7,0.74,0.02,0.04,75892.08,1776749965000
1776749966.887,266.887,0.27,0.3,0.7,0.73,0.03,0.03,75892.08,1776749966000
1776749967.258,267.258,0.28,0.29,0.71,0.72,0.01,0.01,75892.08,1776749966000
1776749967.623,267.623,0.29,0.3,0.7,0.72,0.01,0.02,75892.08,1776749966000
1776749968.142,268.142,0.34,0.35,0.65,0.71,0.01,0.06,75892.08,1776749966000
1776749968.704,268.704,0.32,0.33,0.65,0.66,0.01,0.01,75894.16,1776749967000
1776749969.568,269.568,0.34,0.37,0.63,0.66,0.03,0.03,75891.99,1776749968000
1776749969.929,269.929,0.28,0.29,0.71,0.72,0.01,0.01,75891.99,1776749968000
1776749970.285,270.285,0.28,0.29,0.71,0.72,0.01,0.01,75891.99,1776749969000
1776749970.622,270.622,0.28,0.29,0.71,0.72,0.01,0.01,75891.99,1776749969000
1776749970.985,270.985,0.27,0.29,0.63,0.73,0.02,0.1,75891.99,1776749969000
1776749971.348,271.348,0.29,0.3,0.7,0.71,0.01,0.01,75891.99,1776749970000
1776749971.715,271.715,0.2,0.21,0.79,0.8,0.01,0.01,75891.99,1776749970000
1776749972.06,272.06,0.2,0.21,0.79,0.8,0.01,0.01,75891.99,1776749970000
1776749972.505,272.505,0.18,0.19,0.8,0.82,0.01,0.02,75892.01,1776749971000
1776749973.075,273.075,0.19,0.2,0.8,0.81,0.01,0.01,75892.01,1776749971000
1776749973.525,273.525,0.19,0.2,0.8,0.81,0.01,0.01,75890.71,1776749972000
1776749973.949,273.949,0.17,0.18,0.82,0.83,0.01,0.01,75890.71,1776749972000
1776749974.286,274.286,0.17,0.18,0.82,0.83,0.01,0.01,75890.71,1776749972000
1776749974.652,274.652,0.15,0.16,0.84,0.85,0.01,0.01,75890.7,1776749973000
1776749975.128,275.128,0.15,0.16,0.84,0.85,0.01,0.01,75890.7,1776749973000
1776749975.465,275.465,0.15,0.16,0.84,0.85,0.01,0.01,75890.58,1776749974000
1776749975.84,275.84,0.15,0.16,0.84,0.85,0.01,0.01,75890.58,1776749974000
1776749976.198,276.198,0.15,0.17,0.84,0.85,0.02,0.01,75890.58,1776749974000
1776749976.622,276.622,0.14,0.15,0.85,0.86,0.01,0.01,75889.04,1776749975000
1776749977.037,277.037,0.14,0.15,0.85,0.86,0.01,0.01,75889.04,1776749975000
1776749977.413,277.413,0.13,0.15,0.85,0.87,0.02,0.02,75889.03,1776749976000
1776749977.879,277.879,0.14,0.15,0.85,0.87,0.01,0.02,75889.03,1776749976000
1776749978.389,278.389,0.23,0.24,0.72,0.78,0.01,0.06,75888.99,1776749977000
1776749978.747,278.747,0.23,0.26,0.76,0.78,0.03,0.02,75888.99,1776749977000
1776749979.106,279.106,0.2,0.21,0.78,0.81,0.01,0.03,75888.99,1776749977000
1776749979.46,279.46,0.13,0.21,0.79,0.8,0.08,0.01,75888.99,1776749978000
1776749979.794,279.794,0.15,0.16,0.84,0.85,0.01,0.01,75888.99,1776749978000
1776749980.304,280.304,0.18,0.19,0.8,0.82,0.01,0.02,75888.99,1776749979000
1776749980.752,280.752,0.21,0.22,0.78,0.84,0.01,0.06,75888.99,1776749979000
1776749981.087,281.087,0.2,0.21,0.79,0.81,0.01,0.02,75888.99,1776749979000
1776749981.637,281.637,0.17,0.18,0.82,0.83,0.01,0.01,75888.89,1776749980000
1776749982.097,282.097,0.16,0.17,0.84,0.85,0.01,0.01,75888.89,1776749980000
1776749982.566,282.566,0.2,0.21,0.79,0.84,0.01,0.05,75888.89,1776749981000
1776749983.136,283.136,0.19,0.21,0.79,0.81,0.02,0.02,75887.29,1776749982000
1776749983.526,283.526,0.26,0.27,0.72,0.81,0.01,0.09,75887.29,1776749982000
1776749984.0,284.0,0.08,0.27,0.73,0.77,0.19,0.04,75887.29,1776749982000
1776749984.52,284.52,0.25,0.26,0.73,0.75,0.01,0.02,75886.91,1776749983000
1776749984.985,284.985,0.13,0.16,0.87,0.88,0.03,0.01,75886.91,1776749983000
1776749985.32,285.32,0.15,0.16,0.84,0.85,0.01,0.01,75889.2,1776749984000
1776749985.67,285.67,0.23,0.24,0.76,0.77,0.01,0.01,75889.2,1776749984000
1776749986.03,286.03,0.23,0.27,0.72,0.8,0.04,0.08,75889.2,1776749984000
1776749986.374,286.374,0.18,0.19,0.8,0.83,0.01,0.03,75886.85,1776749985000
1776749986.949,286.949,0.14,0.15,0.81,0.88,0.01,0.07,75886.85,1776749985000
1776749987.314,287.314,0.13,0.14,0.86,0.87,0.01,0.01,75886.88,1776749986000
1776749987.666,287.666,0.13,0.14,0.86,0.87,0.01,0.01,75886.88,1776749986000
1776749988.014,288.014,0.13,0.14,0.86,0.87,0.01,0.01,75886.88,1776749986000
1776749988.472,288.472,0.13,0.14,0.86,0.87,0.01,0.01,75886.93,1776749987000
1776749988.831,288.831,0.14,0.15,0.85,0.86,0.01,0.01,75886.93,1776749987000
1776749989.411,289.411,0.14,0.15,0.85,0.86,0.01,0.01,75886.93,1776749987000
1776749989.788,289.788,0.14,0.27,0.73,0.86,0.13,0.13,75886.89,1776749988000
1776749990.273,290.273,0.21,0.22,0.73,0.86,0.01,0.13,75886.89,1776749988000
1776749990.763,290.763,0.12,0.13,0.87,0.88,0.01,0.01,75886.85,1776749989000
1776749991.12,291.12,0.13,0.14,0.88,0.9,0.01,0.02,75886.85,1776749989000
1776749991.489,291.489,0.12,0.15,0.85,0.88,0.03,0.03,75886.97,1776749990000
1776749991.95,291.95,0.11,0.16,0.84,0.86,0.05,0.02,75886.97,1776749990000
1776749992.283,292.283,0.04,0.06,0.94,0.96,0.02,0.02,75886.97,1776749990000
1776749992.691,292.691,0.03,0.04,0.96,0.97,0.01,0.01,75886.68,1776749991000
1776749993.03,293.03,0.03,0.04,0.96,0.97,0.01,0.01,75886.68,1776749991000
1776749993.367,293.367,0.03,0.04,0.96,0.97,0.01,0.01,75886.67,1776749992000
1776749993.725,293.725,0.03,0.04,0.96,0.97,0.01,0.01,75886.67,1776749992000
1776749994.237,294.237,0.02,0.03,0.96,0.98,0.01,0.02,75886.67,1776749992000
1776749994.597,294.597,0.02,0.03,0.97,0.98,0.01,0.01,75886.67,1776749992000
1776749994.94,294.94,0.02,0.03,0.97,0.98,0.01,0.01,75865.98,1776749993000
1776749995.276,295.276,0.02,0.03,0.97,0.98,0.01,0.01,75863.52,1776749994000
1776749995.638,295.638,0.01,0.02,0.98,0.99,0.01,0.01,75863.52,1776749994000
1776749995.971,295.971,0.01,0.02,0.98,0.99,0.01,0.01,75863.52,1776749994000
1776749996.312,296.312,0.01,0.02,0.98,0.99,0.01,0.01,75863.52,1776749994000
1776749996.647,296.647,0.01,0.02,0.98,0.99,0.01,0.01,75863.52,1776749994000
1776749997.0,297.0,0.01,0.02,0.98,0.99,0.01,0.01,75863.42,1776749995000
1776749997.442,297.442,0.01,0.01,0.99,0.99,0.0,0.0,75863.42,1776749995000
1776749997.786,297.786,0.01,0.01,0.99,0.99,0.0,0.0,75863.06,1776749996000
1776749998.178,298.178,0.01,0.01,0.99,0.99,0.0,0.0,75863.06,1776749996000
1776749998.583,298.583,0.01,0.01,0.99,0.99,0.0,0.0,75863.06,1776749996000
1776749999.073,299.073,0.01,0.01,0.99,0.99,0.0,0.0,75863.06,1776749996000
1776749999.676,299.676,0.01,0.01,0.99,0.99,0.0,0.0,75863.07,1776749997000
1776750000.07,300.07,0.01,0.01,0.99,0.99,0.0,0.0,75863.07,1776749997000
1776750000.411,300.411,0.01,0.01,0.99,0.99,0.0,0.0,75863.07,1776749998000
1776750000.749,300.749,0.01,0.01,0.99,0.99,0.0,0.0,75863.07,1776749998000
1776750001.708,301.708,0.01,0.01,0.99,0.99,0.0,0.0,75861.33,1776749999000
1776750002.537,302.537,0.01,0.01,0.99,0.99,0.0,0.0,75861.33,1776750000000

# RESULT,winner=Down,slug=btc-updown-5m-1776749700,ticks=654
