timestamp,elapsed_sec,up_bid,up_ask,down_bid,down_ask,up_spread,down_spread,btc_price,btc_oracle_ts
1776796200.572,0.572,0.52,0.53,0.47,0.48,0.01,0.01,75486.64,1776796198000
1776796200.939,0.939,0.52,0.53,0.47,0.48,0.01,0.01,75486.64,1776796198000
1776796201.453,1.453,0.52,0.53,0.47,0.48,0.01,0.01,75489.58,1776796199000
1776796201.891,1.891,0.52,0.53,0.47,0.48,0.01,0.01,75489.58,1776796199000
1776796202.226,2.226,0.58,0.59,0.43,0.46,0.01,0.03,75489.58,1776796199000
1776796202.593,2.593,0.58,0.59,0.41,0.42,0.01,0.01,75485.71,1776796200000
1776796203.129,3.129,0.59,0.6,0.4,0.41,0.01,0.01,75485.71,1776796200000
1776796203.526,3.526,0.58,0.59,0.4,0.42,0.01,0.02,75485.7,1776796201000
1776796204.07,4.07,0.58,0.59,0.41,0.42,0.01,0.01,75485.7,1776796201000
1776796204.53,4.53,0.59,0.6,0.4,0.41,0.01,0.01,75501.82,1776796203000
1776796205.311,5.311,0.59,0.6,0.4,0.41,0.01,0.01,75501.82,1776796203000
1776796206.34,6.34,0.59,0.6,0.4,0.41,0.01,0.01,75501.94,1776796204000
1776796206.755,6.755,0.59,0.6,0.4,0.41,0.01,0.01,75501.94,1776796204000
1776796207.139,7.139,0.59,0.6,0.4,0.41,0.01,0.01,75501.96,1776796205000
1776796207.527,7.527,0.62,0.64,0.36,0.4,0.02,0.04,75502.06,1776796206000
1776796207.864,7.864,0.64,0.65,0.35,0.36,0.01,0.01,75502.06,1776796206000
1776796208.228,8.228,0.64,0.65,0.35,0.36,0.01,0.01,75510.6,1776796207000
1776796208.635,8.635,0.64,0.65,0.35,0.36,0.01,0.01,75510.6,1776796207000
1776796209.02,9.02,0.64,0.65,0.35,0.36,0.01,0.01,75510.6,1776796207000
1776796209.357,9.357,0.64,0.65,0.35,0.36,0.01,0.01,75517.33,1776796208000
1776796209.776,9.776,0.64,0.65,0.35,0.36,0.01,0.01,75517.33,1776796208000
1776796210.302,10.302,0.64,0.65,0.35,0.36,0.01,0.01,75517.33,1776796208000
1776796210.712,10.712,0.64,0.65,0.35,0.36,0.01,0.01,75517.88,1776796209000
1776796211.157,11.157,0.64,0.65,0.35,0.36,0.01,0.01,75517.88,1776796209000
1776796211.934,11.934,0.64,0.65,0.35,0.36,0.01,0.01,75514.0,1776796210000
1776796212.508,12.508,0.64,0.65,0.35,0.36,0.01,0.01,75517.49,1776796211000
1776796212.878,12.878,0.62,0.63,0.37,0.38,0.01,0.01,75517.49,1776796211000
1776796213.272,13.272,0.62,0.63,0.37,0.38,0.01,0.01,75517.49,1776796211000
1776796213.633,13.633,0.62,0.63,0.37,0.38,0.01,0.01,75514.53,1776796212000
1776796214.194,14.194,0.62,0.63,0.37,0.38,0.01,0.01,75514.53,1776796213000
1776796215.307,15.307,0.62,0.63,0.37,0.38,0.01,0.01,75512.32,1776796214000
1776796215.902,15.902,0.62,0.63,0.37,0.38,0.01,0.01,75512.32,1776796214000
1776796216.51,16.51,0.61,0.62,0.38,0.41,0.01,0.03,75512.32,1776796214000
1776796216.844,16.844,0.61,0.63,0.37,0.39,0.02,0.02,75506.83,1776796215000
1776796217.501,17.501,0.61,0.62,0.38,0.39,0.01,0.01,75507.36,1776796216000
1776796217.84,17.84,0.62,0.63,0.35,0.38,0.01,0.03,75507.36,1776796216000
1776796218.206,18.206,0.64,0.65,0.35,0.36,0.01,0.01,75507.36,1776796216000
1776796218.592,18.592,0.64,0.65,0.35,0.36,0.01,0.01,75516.09,1776796217000
1776796218.935,18.935,0.64,0.65,0.35,0.36,0.01,0.01,75516.09,1776796217000
1776796219.378,19.378,0.64,0.65,0.35,0.36,0.01,0.01,75524.05,1776796218000
1776796219.823,19.823,0.64,0.65,0.35,0.36,0.01,0.01,75524.05,1776796218000
1776796220.335,20.335,0.64,0.65,0.35,0.36,0.01,0.01,75524.05,1776796219000
1776796220.71,20.71,0.64,0.65,0.35,0.36,0.01,0.01,75524.05,1776796219000
1776796221.044,21.044,0.64,0.65,0.35,0.36,0.01,0.01,75524.82,1776796220000
1776796221.443,21.443,0.64,0.65,0.35,0.36,0.01,0.01,75524.82,1776796220000
1776796221.866,21.866,0.65,0.66,0.34,0.35,0.01,0.01,75524.82,1776796220000
1776796222.286,22.286,0.65,0.66,0.34,0.35,0.01,0.01,75524.82,1776796220000
1776796222.834,22.834,0.65,0.66,0.34,0.35,0.01,0.01,75525.2,1776796221000
1776796223.205,23.205,0.65,0.67,0.34,0.35,0.02,0.01,75525.2,1776796221000
1776796223.618,23.618,0.66,0.67,0.33,0.34,0.01,0.01,75525.2,1776796221000
1776796224.003,24.003,0.65,0.66,0.34,0.35,0.01,0.01,75524.09,1776796222000
1776796224.347,24.347,0.66,0.67,0.33,0.34,0.01,0.01,75524.09,1776796222000
1776796224.682,24.682,0.66,0.67,0.33,0.34,0.01,0.01,75525.87,1776796223000
1776796225.14,25.14,0.64,0.67,0.33,0.34,0.03,0.01,75525.87,1776796223000
1776796225.585,25.585,0.65,0.66,0.34,0.35,0.01,0.01,75525.87,1776796223000
1776796225.93,25.93,0.65,0.66,0.34,0.35,0.01,0.01,75525.87,1776796223000
1776796226.743,26.743,0.65,0.66,0.34,0.35,0.01,0.01,75525.64,1776796224000
1776796227.082,27.082,0.64,0.65,0.35,0.36,0.01,0.01,75525.64,1776796224000
1776796227.43,27.43,0.63,0.64,0.36,0.37,0.01,0.01,75525.65,1776796225000
1776796227.856,27.856,0.63,0.64,0.36,0.37,0.01,0.01,75525.65,1776796225000
1776796228.469,28.469,0.63,0.64,0.36,0.37,0.01,0.01,75525.65,1776796225000
1776796229.022,29.022,0.61,0.62,0.37,0.39,0.01,0.02,75526.2,1776796226000
1776796230.012,30.012,0.61,0.62,0.38,0.39,0.01,0.01,75519.66,1776796228000
1776796230.861,30.861,0.61,0.62,0.38,0.39,0.01,0.01,75519.66,1776796228000
1776796231.549,31.549,0.61,0.62,0.38,0.39,0.01,0.01,75535.56,1776796230000
1776796231.953,31.953,0.61,0.64,0.37,0.39,0.03,0.02,75535.56,1776796230000
1776796232.359,32.359,0.63,0.66,0.34,0.37,0.03,0.03,75539.65,1776796231000
1776796232.706,32.706,0.68,0.7,0.3,0.32,0.02,0.02,75539.65,1776796231000
1776796233.04,33.04,0.68,0.71,0.29,0.32,0.03,0.03,75539.65,1776796231000
1776796233.413,33.413,0.67,0.72,0.28,0.33,0.05,0.05,75544.4,1776796232000
1776796233.795,33.795,0.69,0.7,0.3,0.31,0.01,0.01,75544.4,1776796232000
1776796234.134,34.134,0.69,0.71,0.29,0.31,0.02,0.02,75544.4,1776796232000
1776796234.468,34.468,0.69,0.71,0.3,0.31,0.02,0.01,75544.4,1776796232000
1776796234.815,34.815,0.69,0.71,0.29,0.31,0.02,0.02,75547.51,1776796233000
1776796235.184,35.184,0.69,0.7,0.3,0.31,0.01,0.01,75546.05,1776796234000
1776796235.831,35.831,0.7,0.71,0.29,0.31,0.01,0.02,75546.05,1776796234000
1776796236.274,36.274,0.7,0.71,0.29,0.3,0.01,0.01,75543.67,1776796235000
1776796236.806,36.806,0.7,0.71,0.29,0.3,0.01,0.01,75543.67,1776796235000
1776796237.228,37.228,0.7,0.71,0.29,0.3,0.01,0.01,75543.67,1776796235000
1776796237.616,37.616,0.7,0.71,0.29,0.3,0.01,0.01,75543.67,1776796235000
1776796237.98,37.98,0.7,0.71,0.29,0.3,0.01,0.01,75543.67,1776796235000
1776796238.414,38.414,0.7,0.71,0.29,0.3,0.01,0.01,75543.26,1776796237000
1776796238.794,38.794,0.7,0.71,0.29,0.3,0.01,0.01,75543.26,1776796237000
1776796240.063,40.063,0.7,0.71,0.29,0.3,0.01,0.01,75540.91,1776796238000
1776796240.46,40.46,0.7,0.71,0.29,0.3,0.01,0.01,75540.91,1776796238000
1776796240.841,40.841,0.67,0.69,0.29,0.32,0.02,0.03,75540.91,1776796238000
1776796241.217,41.217,0.67,0.69,0.31,0.33,0.02,0.02,75540.31,1776796239000
1776796241.67,41.67,0.66,0.69,0.31,0.34,0.03,0.03,75529.09,1776796240000
1776796242.028,42.028,0.67,0.68,0.32,0.33,0.01,0.01,75529.09,1776796240000
1776796242.367,42.367,0.66,0.68,0.32,0.33,0.02,0.01,75529.09,1776796240000
1776796242.756,42.756,0.66,0.67,0.33,0.34,0.01,0.01,75528.25,1776796241000
1776796243.115,43.115,0.65,0.66,0.34,0.35,0.01,0.01,75528.25,1776796241000
1776796243.471,43.471,0.65,0.66,0.34,0.35,0.01,0.01,75528.63,1776796242000
1776796243.965,43.965,0.65,0.66,0.34,0.35,0.01,0.01,75528.63,1776796242000
1776796244.308,44.308,0.65,0.66,0.34,0.35,0.01,0.01,75528.63,1776796242000
1776796244.717,44.717,0.65,0.66,0.34,0.35,0.01,0.01,75528.63,1776796242000
1776796245.076,45.076,0.65,0.66,0.34,0.35,0.01,0.01,75525.75,1776796243000
1776796245.417,45.417,0.63,0.64,0.36,0.37,0.01,0.01,75525.75,1776796243000
1776796245.786,45.786,0.62,0.63,0.36,0.38,0.01,0.02,75525.75,1776796243000
1776796246.177,46.177,0.62,0.63,0.37,0.38,0.01,0.01,75525.19,1776796244000
1776796246.67,46.67,0.62,0.63,0.37,0.38,0.01,0.01,75520.5,1776796245000
1776796247.061,47.061,0.62,0.63,0.37,0.38,0.01,0.01,75520.5,1776796245000
1776796247.793,47.793,0.62,0.63,0.37,0.38,0.01,0.01,75520.5,1776796245000
1776796248.431,48.431,0.62,0.64,0.37,0.38,0.02,0.01,75516.31,1776796246000
1776796248.766,48.766,0.62,0.63,0.37,0.39,0.01,0.02,75516.15,1776796247000
1776796249.128,49.128,0.61,0.62,0.38,0.39,0.01,0.01,75516.15,1776796247000
1776796249.894,49.894,0.61,0.62,0.38,0.39,0.01,0.01,75514.51,1776796248000
1776796250.546,50.546,0.61,0.62,0.38,0.39,0.01,0.01,75514.51,1776796248000
1776796250.935,50.935,0.61,0.62,0.38,0.39,0.01,0.01,75514.51,1776796248000
1776796251.478,51.478,0.61,0.62,0.38,0.39,0.01,0.01,75514.33,1776796249000
1776796251.812,51.812,0.61,0.62,0.38,0.39,0.01,0.01,75514.33,1776796250000
1776796252.175,52.175,0.61,0.62,0.38,0.39,0.01,0.01,75514.33,1776796250000
1776796252.548,52.548,0.61,0.62,0.38,0.39,0.01,0.01,75514.3,1776796251000
1776796253.055,53.055,0.61,0.62,0.38,0.39,0.01,0.01,75514.3,1776796251000
1776796253.392,53.392,0.58,0.6,0.4,0.41,0.02,0.01,75514.48,1776796252000
1776796253.848,53.848,0.58,0.59,0.41,0.42,0.01,0.01,75514.48,1776796252000
1776796254.192,54.192,0.54,0.56,0.44,0.46,0.02,0.02,75514.48,1776796252000
1776796254.586,54.586,0.54,0.55,0.45,0.46,0.01,0.01,75513.38,1776796253000
1776796255.03,55.03,0.54,0.55,0.45,0.46,0.01,0.01,75513.38,1776796253000
1776796255.683,55.683,0.54,0.55,0.45,0.46,0.01,0.01,75510.26,1776796254000
1776796256.048,56.048,0.54,0.55,0.45,0.46,0.01,0.01,75510.26,1776796254000
1776796256.389,56.389,0.54,0.55,0.45,0.46,0.01,0.01,75503.38,1776796255000
1776796256.903,56.903,0.54,0.55,0.45,0.46,0.01,0.01,75503.38,1776796255000
1776796257.24,57.24,0.54,0.55,0.45,0.46,0.01,0.01,75503.38,1776796255000
1776796257.66,57.66,0.55,0.56,0.44,0.45,0.01,0.01,75500.78,1776796256000
1776796257.996,57.996,0.55,0.56,0.44,0.45,0.01,0.01,75500.78,1776796256000
1776796258.348,58.348,0.55,0.57,0.43,0.45,0.02,0.02,75500.78,1776796256000
1776796258.722,58.722,0.56,0.57,0.43,0.44,0.01,0.01,75503.42,1776796257000
1776796259.161,59.161,0.56,0.57,0.43,0.44,0.01,0.01,75503.42,1776796257000
1776796259.572,59.572,0.56,0.57,0.43,0.44,0.01,0.01,75503.41,1776796258000
1776796260.134,60.134,0.56,0.57,0.43,0.44,0.01,0.01,75503.41,1776796258000
1776796260.487,60.487,0.56,0.57,0.43,0.44,0.01,0.01,75503.41,1776796258000
1776796260.89,60.89,0.56,0.57,0.43,0.44,0.01,0.01,75503.62,1776796259000
1776796261.274,61.274,0.56,0.57,0.43,0.44,0.01,0.01,75503.62,1776796259000
1776796261.652,61.652,0.56,0.57,0.43,0.45,0.01,0.02,75503.62,1776796259000
1776796262.432,62.432,0.54,0.55,0.44,0.46,0.01,0.02,75501.51,1776796260000
1776796262.773,62.773,0.55,0.56,0.44,0.45,0.01,0.01,75503.21,1776796261000
1776796263.169,63.169,0.56,0.57,0.43,0.45,0.01,0.02,75503.21,1776796261000
1776796263.61,63.61,0.56,0.57,0.43,0.44,0.01,0.01,75503.21,1776796261000
1776796264.201,64.201,0.56,0.57,0.43,0.44,0.01,0.01,75500.82,1776796262000
1776796264.985,64.985,0.56,0.57,0.43,0.44,0.01,0.01,75499.26,1776796263000
1776796265.377,65.377,0.56,0.58,0.43,0.44,0.02,0.01,75499.26,1776796263000
1776796265.731,65.731,0.57,0.58,0.42,0.43,0.01,0.01,75500.56,1776796264000
1776796266.244,66.244,0.57,0.58,0.42,0.43,0.01,0.01,75500.56,1776796264000
1776796266.589,66.589,0.61,0.62,0.38,0.39,0.01,0.01,75500.45,1776796265000
1776796267.006,67.006,0.6,0.61,0.39,0.4,0.01,0.01,75500.45,1776796265000
1776796267.58,67.58,0.6,0.61,0.39,0.4,0.01,0.01,75500.45,1776796266000
1776796267.967,67.967,0.59,0.6,0.39,0.41,0.01,0.02,75500.45,1776796266000
1776796268.335,68.335,0.59,0.6,0.4,0.41,0.01,0.01,75500.45,1776796266000
1776796268.695,68.695,0.59,0.6,0.4,0.41,0.01,0.01,75504.72,1776796267000
1776796269.149,69.149,0.59,0.6,0.4,0.41,0.01,0.01,75504.72,1776796267000
1776796269.547,69.547,0.59,0.61,0.4,0.41,0.02,0.01,75504.72,1776796268000
1776796270.081,70.081,0.6,0.61,0.39,0.4,0.01,0.01,75504.72,1776796268000
1776796270.479,70.479,0.6,0.61,0.39,0.4,0.01,0.01,75505.62,1776796269000
1776796270.818,70.818,0.6,0.61,0.39,0.4,0.01,0.01,75505.62,1776796269000
1776796271.27,71.27,0.6,0.61,0.39,0.4,0.01,0.01,75505.85,1776796270000
1776796271.691,71.691,0.6,0.61,0.39,0.4,0.01,0.01,75505.85,1776796270000
1776796272.155,72.155,0.59,0.6,0.4,0.41,0.01,0.01,75505.85,1776796270000
1776796272.542,72.542,0.59,0.61,0.4,0.41,0.02,0.01,75506.7,1776796271000
1776796272.972,72.972,0.6,0.61,0.39,0.4,0.01,0.01,75506.7,1776796271000
1776796273.324,73.324,0.63,0.64,0.36,0.37,0.01,0.01,75506.36,1776796272000
1776796273.792,73.792,0.63,0.64,0.36,0.37,0.01,0.01,75506.36,1776796272000
1776796274.13,74.13,0.63,0.64,0.36,0.37,0.01,0.01,75506.36,1776796272000
1776796274.643,74.643,0.63,0.64,0.36,0.37,0.01,0.01,75506.36,1776796272000
1776796274.98,74.98,0.63,0.64,0.36,0.37,0.01,0.01,75506.36,1776796272000
1776796275.337,75.337,0.63,0.64,0.36,0.37,0.01,0.01,75506.36,1776796272000
1776796275.722,75.722,0.63,0.64,0.36,0.37,0.01,0.01,75512.52,1776796274000
1776796276.302,76.302,0.63,0.64,0.36,0.37,0.01,0.01,75512.52,1776796274000
1776796276.682,76.682,0.63,0.64,0.36,0.37,0.01,0.01,75510.98,1776796275000
1776796277.051,77.051,0.63,0.64,0.36,0.37,0.01,0.01,75510.98,1776796275000
1776796277.415,77.415,0.63,0.64,0.36,0.37,0.01,0.01,75510.98,1776796275000
1776796277.92,77.92,0.63,0.64,0.36,0.37,0.01,0.01,75508.5,1776796276000
1776796278.276,78.276,0.63,0.64,0.36,0.37,0.01,0.01,75508.5,1776796276000
1776796278.653,78.653,0.63,0.64,0.36,0.37,0.01,0.01,75506.64,1776796277000
1776796279.06,79.06,0.62,0.64,0.36,0.37,0.02,0.01,75506.64,1776796277000
1776796279.393,79.393,0.62,0.63,0.36,0.38,0.01,0.02,75506.64,1776796277000
1776796279.726,79.726,0.62,0.63,0.37,0.38,0.01,0.01,75508.02,1776796278000
1776796280.086,80.086,0.62,0.63,0.37,0.38,0.01,0.01,75508.02,1776796278000
1776796280.559,80.559,0.62,0.63,0.37,0.38,0.01,0.01,75506.26,1776796279000
1776796280.967,80.967,0.62,0.63,0.37,0.38,0.01,0.01,75506.26,1776796279000
1776796281.326,81.326,0.61,0.62,0.37,0.38,0.01,0.01,75506.26,1776796279000
1776796281.677,81.677,0.61,0.62,0.38,0.39,0.01,0.01,75508.06,1776796280000
1776796282.115,82.115,0.61,0.62,0.38,0.39,0.01,0.01,75508.06,1776796280000
1776796282.459,82.459,0.61,0.62,0.38,0.4,0.01,0.02,75507.94,1776796281000
1776796282.898,82.898,0.6,0.61,0.39,0.4,0.01,0.01,75507.94,1776796281000
1776796283.356,83.356,0.6,0.61,0.39,0.4,0.01,0.01,75506.38,1776796282000
1776796283.959,83.959,0.59,0.61,0.39,0.4,0.02,0.01,75506.38,1776796282000
1776796284.422,84.422,0.59,0.6,0.4,0.41,0.01,0.01,75506.38,1776796282000
1776796284.812,84.812,0.59,0.6,0.4,0.41,0.01,0.01,75506.8,1776796283000
1776796285.282,85.282,0.59,0.6,0.4,0.41,0.01,0.01,75506.8,1776796283000
1776796285.75,85.75,0.59,0.6,0.4,0.41,0.01,0.01,75508.06,1776796284000
1776796286.231,86.231,0.59,0.6,0.4,0.41,0.01,0.01,75508.06,1776796284000
1776796286.589,86.589,0.59,0.6,0.4,0.41,0.01,0.01,75508.06,1776796285000
1776796287.084,87.084,0.58,0.6,0.4,0.41,0.02,0.01,75508.06,1776796285000
1776796287.435,87.435,0.57,0.58,0.42,0.43,0.01,0.01,75506.86,1776796286000
1776796288.282,88.282,0.56,0.57,0.43,0.44,0.01,0.01,75506.86,1776796286000
1776796289.071,89.071,0.56,0.57,0.43,0.44,0.01,0.01,75504.61,1776796288000
1776796289.994,89.994,0.56,0.57,0.43,0.44,0.01,0.01,75504.61,1776796288000
1776796290.329,90.329,0.56,0.57,0.43,0.44,0.01,0.01,75504.61,1776796288000
1776796290.676,90.676,0.56,0.59,0.42,0.44,0.03,0.02,75500.95,1776796289000
1776796291.058,91.058,0.6,0.61,0.4,0.42,0.01,0.02,75500.95,1776796289000
1776796291.96,91.96,0.61,0.62,0.39,0.4,0.01,0.01,75500.88,1776796290000
1776796292.364,92.364,0.61,0.62,0.38,0.39,0.01,0.01,75500.88,1776796290000
1776796292.721,92.721,0.63,0.65,0.35,0.37,0.02,0.02,75500.88,1776796290000
1776796293.188,93.188,0.64,0.65,0.35,0.36,0.01,0.01,75504.25,1776796291000
1776796293.525,93.525,0.64,0.66,0.34,0.36,0.02,0.02,75504.25,1776796291000
1776796293.876,93.876,0.65,0.66,0.34,0.35,0.01,0.01,75508.46,1776796292000
1776796294.212,94.212,0.66,0.68,0.32,0.34,0.02,0.02,75513.39,1776796293000
1776796294.548,94.548,0.67,0.68,0.32,0.33,0.01,0.01,75513.39,1776796293000
1776796294.91,94.91,0.67,0.68,0.32,0.33,0.01,0.01,75513.39,1776796293000
1776796295.326,95.326,0.67,0.68,0.32,0.33,0.01,0.01,75521.02,1776796294000
1776796295.701,95.701,0.67,0.68,0.32,0.33,0.01,0.01,75521.02,1776796294000
1776796296.205,96.205,0.67,0.68,0.32,0.33,0.01,0.01,75521.02,1776796294000
1776796296.557,96.557,0.67,0.68,0.32,0.33,0.01,0.01,75521.99,1776796295000
1776796297.442,97.442,0.68,0.69,0.31,0.32,0.01,0.01,75521.99,1776796295000
1776796297.864,97.864,0.68,0.69,0.31,0.32,0.01,0.01,75522.24,1776796296000
1776796298.29,98.29,0.68,0.69,0.31,0.32,0.01,0.01,75522.24,1776796296000
1776796298.751,98.751,0.68,0.69,0.31,0.32,0.01,0.01,75521.63,1776796297000
1776796299.202,99.202,0.68,0.69,0.31,0.32,0.01,0.01,75521.63,1776796297000
1776796299.624,99.624,0.68,0.7,0.3,0.32,0.02,0.02,75525.01,1776796298000
1776796300.072,100.072,0.71,0.72,0.28,0.29,0.01,0.01,75525.01,1776796298000
1776796300.413,100.413,0.71,0.74,0.26,0.29,0.03,0.03,75530.1,1776796299000
1776796300.747,100.747,0.74,0.75,0.25,0.26,0.01,0.01,75530.1,1776796299000
1776796301.084,101.084,0.74,0.75,0.25,0.26,0.01,0.01,75530.1,1776796299000
1776796301.528,101.528,0.74,0.75,0.25,0.26,0.01,0.01,75530.1,1776796299000
1776796301.875,101.875,0.74,0.75,0.25,0.26,0.01,0.01,75530.1,1776796299000
1776796302.21,102.21,0.74,0.75,0.25,0.26,0.01,0.01,75530.1,1776796299000
1776796302.579,102.579,0.74,0.75,0.25,0.26,0.01,0.01,75530.1,1776796299000
1776796302.929,102.929,0.74,0.75,0.25,0.26,0.01,0.01,75530.1,1776796299000
1776796303.294,103.294,0.74,0.75,0.25,0.26,0.01,0.01,75530.1,1776796299000
1776796303.674,103.674,0.74,0.75,0.25,0.26,0.01,0.01,75530.1,1776796299000
1776796304.1,104.1,0.74,0.75,0.25,0.26,0.01,0.01,75530.1,1776796299000
1776796304.512,104.512,0.74,0.75,0.25,0.26,0.01,0.01,75530.1,1776796299000
1776796304.981,104.981,0.75,0.77,0.24,0.26,0.02,0.02,75530.1,1776796299000
1776796306.531,106.531,0.76,0.77,0.24,0.25,0.01,0.01,75530.1,1776796299000
1776796306.915,106.915,0.76,0.77,0.23,0.24,0.01,0.01,75530.1,1776796299000
1776796307.284,107.284,0.76,0.77,0.23,0.24,0.01,0.01,75530.1,1776796299000
1776796307.681,107.681,0.76,0.77,0.23,0.24,0.01,0.01,75530.1,1776796299000
1776796308.1,108.1,0.76,0.77,0.23,0.24,0.01,0.01,75530.1,1776796299000
1776796308.494,108.494,0.76,0.77,0.23,0.24,0.01,0.01,75530.1,1776796299000
1776796308.839,108.839,0.76,0.78,0.23,0.24,0.02,0.01,75550.1,1776796307000
1776796309.429,109.429,0.77,0.78,0.22,0.23,0.01,0.01,75549.34,1776796308000
1776796309.807,109.807,0.77,0.78,0.22,0.23,0.01,0.01,75549.34,1776796308000
1776796310.25,110.25,0.77,0.78,0.22,0.23,0.01,0.01,75545.92,1776796309000
1776796311.046,111.046,0.77,0.78,0.22,0.23,0.01,0.01,75545.92,1776796309000
1776796311.497,111.497,0.77,0.78,0.22,0.23,0.01,0.01,75545.92,1776796309000
1776796311.834,111.834,0.77,0.78,0.22,0.23,0.01,0.01,75547.25,1776796310000
1776796312.172,112.172,0.77,0.78,0.22,0.23,0.01,0.01,75547.77,1776796311000
1776796312.663,112.663,0.77,0.78,0.22,0.23,0.01,0.01,75547.77,1776796311000
1776796313.005,113.005,0.77,0.78,0.22,0.23,0.01,0.01,75547.57,1776796312000
1776796313.434,113.434,0.77,0.78,0.22,0.23,0.01,0.01,75547.57,1776796312000
1776796313.826,113.826,0.77,0.78,0.22,0.23,0.01,0.01,75547.57,1776796312000
1776796314.232,114.232,0.77,0.79,0.22,0.23,0.02,0.01,75547.57,1776796312000
1776796314.693,114.693,0.78,0.79,0.21,0.22,0.01,0.01,75547.57,1776796313000
1776796315.046,115.046,0.78,0.79,0.21,0.22,0.01,0.01,75547.57,1776796313000
1776796315.452,115.452,0.78,0.79,0.21,0.22,0.01,0.01,75547.57,1776796313000
1776796315.823,115.823,0.78,0.79,0.21,0.22,0.01,0.01,75547.42,1776796314000
1776796316.156,116.156,0.78,0.79,0.21,0.22,0.01,0.01,75549.11,1776796315000
1776796316.574,116.574,0.78,0.79,0.21,0.22,0.01,0.01,75549.11,1776796315000
1776796317.178,117.178,0.78,0.79,0.21,0.22,0.01,0.01,75549.8,1776796316000
1776796317.581,117.581,0.78,0.79,0.21,0.22,0.01,0.01,75549.8,1776796316000
1776796317.993,117.993,0.78,0.79,0.21,0.22,0.01,0.01,75549.8,1776796316000
1776796318.421,118.421,0.78,0.8,0.21,0.22,0.02,0.01,75549.8,1776796316000
1776796318.857,118.857,0.79,0.8,0.2,0.21,0.01,0.01,75550.2,1776796317000
1776796319.194,119.194,0.79,0.8,0.2,0.21,0.01,0.01,75550.25,1776796318000
1776796319.615,119.615,0.79,0.8,0.2,0.21,0.01,0.01,75550.25,1776796318000
1776796319.983,119.983,0.79,0.8,0.2,0.21,0.01,0.01,75550.25,1776796318000
1776796320.324,120.324,0.79,0.8,0.2,0.21,0.01,0.01,75550.19,1776796319000
1776796320.662,120.662,0.79,0.8,0.2,0.21,0.01,0.01,75550.19,1776796319000
1776796320.996,120.996,0.79,0.8,0.2,0.21,0.01,0.01,75550.19,1776796319000
1776796321.447,121.447,0.84,0.85,0.15,0.16,0.01,0.01,75550.19,1776796319000
1776796321.786,121.786,0.84,0.85,0.15,0.16,0.01,0.01,75552.85,1776796320000
1776796322.134,122.134,0.84,0.85,0.14,0.16,0.01,0.02,75554.37,1776796321000
1776796322.861,122.861,0.85,0.86,0.14,0.15,0.01,0.01,75554.37,1776796321000
1776796323.274,123.274,0.85,0.86,0.14,0.15,0.01,0.01,75562.53,1776796322000
1776796323.645,123.645,0.85,0.86,0.14,0.15,0.01,0.01,75562.53,1776796322000
1776796324.181,124.181,0.85,0.86,0.14,0.15,0.01,0.01,75562.53,1776796322000
1776796324.584,124.584,0.85,0.86,0.14,0.15,0.01,0.01,75562.53,1776796322000
1776796325.03,125.03,0.86,0.87,0.13,0.15,0.01,0.02,75562.53,1776796322000
1776796325.511,125.511,0.86,0.87,0.13,0.14,0.01,0.01,75562.53,1776796322000
1776796325.898,125.898,0.87,0.88,0.12,0.14,0.01,0.02,75570.56,1776796324000
1776796326.258,126.258,0.87,0.89,0.12,0.13,0.02,0.01,75570.72,1776796325000
1776796326.636,126.636,0.87,0.88,0.12,0.13,0.01,0.01,75570.72,1776796325000
1776796327.123,127.123,0.87,0.88,0.12,0.13,0.01,0.01,75570.72,1776796325000
1776796327.573,127.573,0.87,0.88,0.12,0.13,0.01,0.01,75570.72,1776796325000
1776796328.083,128.083,0.87,0.88,0.12,0.13,0.01,0.01,75573.99,1776796326000
1776796328.474,128.474,0.87,0.88,0.12,0.13,0.01,0.01,75573.99,1776796326000
1776796328.892,128.892,0.87,0.88,0.12,0.13,0.01,0.01,75574.27,1776796327000
1776796329.31,129.31,0.88,0.89,0.11,0.13,0.01,0.02,75574.27,1776796327000
1776796329.703,129.703,0.88,0.89,0.11,0.12,0.01,0.01,75574.24,1776796328000
1776796330.129,130.129,0.88,0.89,0.11,0.12,0.01,0.01,75574.24,1776796328000
1776796330.465,130.465,0.88,0.89,0.11,0.12,0.01,0.01,75574.39,1776796329000
1776796330.817,130.817,0.89,0.9,0.1,0.11,0.01,0.01,75574.39,1776796329000
1776796331.151,131.151,0.89,0.9,0.1,0.11,0.01,0.01,75574.39,1776796329000
1776796331.611,131.611,0.89,0.9,0.1,0.11,0.01,0.01,75574.39,1776796329000
1776796332.042,132.042,0.89,0.9,0.1,0.11,0.01,0.01,75574.55,1776796330000
1776796332.389,132.389,0.89,0.9,0.1,0.11,0.01,0.01,75574.55,1776796331000
1776796332.799,132.799,0.89,0.9,0.1,0.11,0.01,0.01,75574.55,1776796331000
1776796333.205,133.205,0.88,0.9,0.1,0.11,0.02,0.01,75574.55,1776796331000
1776796333.719,133.719,0.88,0.89,0.11,0.12,0.01,0.01,75574.55,1776796332000
1776796334.064,134.064,0.89,0.9,0.11,0.12,0.01,0.01,75574.55,1776796332000
1776796334.435,134.435,0.9,0.91,0.09,0.1,0.01,0.01,75574.55,1776796332000
1776796334.793,134.793,0.91,0.92,0.09,0.1,0.01,0.01,75574.72,1776796333000
1776796335.169,135.169,0.91,0.93,0.08,0.09,0.02,0.01,75574.72,1776796333000
1776796335.558,135.558,0.92,0.93,0.07,0.08,0.01,0.01,75576.4,1776796334000
1776796335.908,135.908,0.92,0.93,0.07,0.08,0.01,0.01,75576.4,1776796334000
1776796336.337,136.337,0.92,0.93,0.07,0.08,0.01,0.01,75585.66,1776796335000
1776796336.713,136.713,0.92,0.93,0.07,0.08,0.01,0.01,75585.66,1776796335000
1776796337.053,137.053,0.93,0.94,0.06,0.07,0.01,0.01,75585.66,1776796335000
1776796337.475,137.475,0.93,0.94,0.06,0.07,0.01,0.01,75585.66,1776796335000
1776796337.823,137.823,0.94,0.95,0.05,0.06,0.01,0.01,75585.66,1776796335000
1776796338.165,138.165,0.94,0.95,0.05,0.06,0.01,0.01,75597.73,1776796336000
1776796338.507,138.507,0.93,0.95,0.05,0.07,0.02,0.02,75600.09,1776796337000
1776796338.93,138.93,0.94,0.95,0.05,0.06,0.01,0.01,75600.09,1776796337000
1776796339.284,139.284,0.93,0.94,0.06,0.08,0.01,0.02,75600.09,1776796337000
1776796339.634,139.634,0.91,0.93,0.07,0.08,0.02,0.01,75600.09,1776796337000
1776796339.976,139.976,0.91,0.92,0.08,0.09,0.01,0.01,75600.09,1776796337000
1776796340.327,140.327,0.91,0.92,0.08,0.09,0.01,0.01,75608.41,1776796338000
1776796340.767,140.767,0.91,0.92,0.08,0.09,0.01,0.01,75608.47,1776796339000
1776796341.224,141.224,0.91,0.92,0.08,0.09,0.01,0.01,75608.47,1776796339000
1776796341.625,141.625,0.9,0.91,0.09,0.1,0.01,0.01,75602.02,1776796340000
1776796342.108,142.108,0.9,0.91,0.09,0.1,0.01,0.01,75602.02,1776796340000
1776796342.514,142.514,0.9,0.91,0.09,0.1,0.01,0.01,75602.02,1776796340000
1776796342.848,142.848,0.89,0.9,0.1,0.11,0.01,0.01,75602.02,1776796340000
1776796343.194,143.194,0.89,0.9,0.1,0.11,0.01,0.01,75599.92,1776796342000
1776796343.602,143.602,0.89,0.9,0.1,0.11,0.01,0.01,75599.92,1776796342000
1776796344.12,144.12,0.89,0.9,0.1,0.11,0.01,0.01,75599.92,1776796342000
1776796344.467,144.467,0.89,0.9,0.1,0.11,0.01,0.01,75594.12,1776796343000
1776796344.882,144.882,0.89,0.9,0.1,0.11,0.01,0.01,75594.12,1776796343000
1776796345.301,145.301,0.89,0.9,0.1,0.11,0.01,0.01,75594.12,1776796344000
1776796345.721,145.721,0.89,0.9,0.1,0.11,0.01,0.01,75594.12,1776796344000
1776796346.083,146.083,0.89,0.9,0.1,0.11,0.01,0.01,75594.12,1776796344000
1776796346.419,146.419,0.89,0.9,0.1,0.11,0.01,0.01,75583.28,1776796345000
1776796346.819,146.819,0.87,0.88,0.11,0.13,0.01,0.02,75583.28,1776796345000
1776796347.333,147.333,0.87,0.88,0.12,0.13,0.01,0.01,75583.28,1776796345000
1776796347.701,147.701,0.87,0.88,0.12,0.13,0.01,0.01,75583.28,1776796345000
1776796348.061,148.061,0.87,0.88,0.12,0.13,0.01,0.01,75585.54,1776796346000
1776796348.442,148.442,0.86,0.88,0.12,0.14,0.02,0.02,75585.54,1776796346000
1776796348.777,148.777,0.86,0.88,0.12,0.14,0.02,0.02,75579.33,1776796347000
1776796349.111,149.111,0.86,0.87,0.13,0.14,0.01,0.01,75575.86,1776796348000
1776796349.446,149.446,0.86,0.87,0.13,0.14,0.01,0.01,75575.86,1776796348000
1776796349.946,149.946,0.86,0.87,0.13,0.14,0.01,0.01,75575.86,1776796348000
1776796350.299,150.299,0.86,0.87,0.13,0.14,0.01,0.01,75566.03,1776796349000
1776796350.648,150.648,0.86,0.87,0.13,0.14,0.01,0.01,75566.03,1776796349000
1776796351.029,151.029,0.86,0.87,0.13,0.14,0.01,0.01,75566.03,1776796349000
1776796351.408,151.408,0.86,0.87,0.13,0.14,0.01,0.01,75564.76,1776796350000
1776796351.835,151.835,0.86,0.87,0.13,0.14,0.01,0.01,75564.76,1776796350000
1776796352.206,152.206,0.86,0.87,0.13,0.14,0.01,0.01,75564.15,1776796351000
1776796352.553,152.553,0.86,0.87,0.13,0.14,0.01,0.01,75564.15,1776796351000
1776796352.903,152.903,0.86,0.87,0.12,0.14,0.01,0.02,75564.15,1776796351000
1776796353.241,153.241,0.86,0.87,0.13,0.14,0.01,0.01,75564.39,1776796352000
1776796353.646,153.646,0.86,0.87,0.13,0.14,0.01,0.01,75564.39,1776796352000
1776796354.136,154.136,0.87,0.88,0.13,0.14,0.01,0.01,75564.39,1776796352000
1776796354.594,154.594,0.87,0.88,0.12,0.13,0.01,0.01,75560.74,1776796353000
1776796354.994,154.994,0.87,0.88,0.12,0.13,0.01,0.01,75562.66,1776796354000
1776796355.489,155.489,0.89,0.9,0.1,0.13,0.01,0.03,75562.66,1776796354000
1776796356.202,156.202,0.87,0.88,0.12,0.13,0.01,0.01,75563.94,1776796355000
1776796356.661,156.661,0.89,0.9,0.1,0.11,0.01,0.01,75563.94,1776796355000
1776796357.153,157.153,0.89,0.9,0.1,0.11,0.01,0.01,75563.94,1776796355000
1776796357.493,157.493,0.89,0.9,0.1,0.11,0.01,0.01,75563.94,1776796355000
1776796357.925,157.925,0.87,0.9,0.1,0.11,0.03,0.01,75564.32,1776796356000
1776796358.263,158.263,0.88,0.89,0.11,0.12,0.01,0.01,75564.32,1776796356000
1776796358.779,158.779,0.88,0.89,0.11,0.12,0.01,0.01,75571.08,1776796357000
1776796359.293,159.293,0.88,0.89,0.11,0.12,0.01,0.01,75571.08,1776796357000
1776796359.671,159.671,0.88,0.89,0.11,0.12,0.01,0.01,75571.08,1776796357000
1776796360.366,160.366,0.88,0.89,0.11,0.12,0.01,0.01,75571.08,1776796357000
1776796360.738,160.738,0.88,0.89,0.11,0.12,0.01,0.01,75577.82,1776796359000
1776796361.075,161.075,0.88,0.89,0.11,0.12,0.01,0.01,75577.82,1776796359000
1776796361.591,161.591,0.88,0.89,0.11,0.12,0.01,0.01,75577.82,1776796360000
1776796361.989,161.989,0.87,0.88,0.12,0.13,0.01,0.01,75577.82,1776796360000
1776796362.335,162.335,0.87,0.88,0.12,0.13,0.01,0.01,75576.32,1776796361000
1776796362.749,162.749,0.87,0.88,0.12,0.13,0.01,0.01,75576.32,1776796361000
1776796363.144,163.144,0.87,0.88,0.12,0.13,0.01,0.01,75576.32,1776796361000
1776796363.48,163.48,0.87,0.88,0.12,0.13,0.01,0.01,75571.95,1776796362000
1776796364.116,164.116,0.88,0.89,0.11,0.12,0.01,0.01,75571.95,1776796362000
1776796364.486,164.486,0.88,0.89,0.11,0.12,0.01,0.01,75570.92,1776796363000
1776796364.821,164.821,0.88,0.89,0.11,0.12,0.01,0.01,75570.92,1776796363000
1776796365.197,165.197,0.88,0.89,0.11,0.12,0.01,0.01,75570.88,1776796364000
1776796365.885,165.885,0.88,0.89,0.11,0.12,0.01,0.01,75570.88,1776796364000
1776796366.241,166.241,0.88,0.89,0.11,0.12,0.01,0.01,75572.08,1776796365000
1776796366.791,166.791,0.88,0.89,0.11,0.12,0.01,0.01,75572.08,1776796365000
1776796367.337,167.337,0.88,0.89,0.11,0.12,0.01,0.01,75574.01,1776796366000
1776796367.78,167.78,0.88,0.89,0.11,0.12,0.01,0.01,75574.01,1776796366000
1776796368.119,168.119,0.88,0.89,0.11,0.12,0.01,0.01,75574.01,1776796366000
1776796368.481,168.481,0.88,0.89,0.11,0.12,0.01,0.01,75574.1,1776796367000
1776796368.865,168.865,0.88,0.89,0.11,0.12,0.01,0.01,75574.1,1776796367000
1776796369.206,169.206,0.88,0.89,0.11,0.12,0.01,0.01,75574.1,1776796367000
1776796369.665,169.665,0.89,0.9,0.1,0.12,0.01,0.02,75574,1776796368000
1776796370.443,170.443,0.89,0.9,0.1,0.11,0.01,0.01,75573.89,1776796369000
1776796370.792,170.792,0.89,0.9,0.1,0.11,0.01,0.01,75573.89,1776796369000
1776796371.234,171.234,0.89,0.9,0.1,0.11,0.01,0.01,75575.27,1776796370000
1776796371.575,171.575,0.89,0.9,0.1,0.11,0.01,0.01,75575.27,1776796370000
1776796371.97,171.97,0.89,0.9,0.1,0.11,0.01,0.01,75575.27,1776796370000
1776796372.306,172.306,0.89,0.9,0.1,0.11,0.01,0.01,75575.68,1776796371000
1776796372.685,172.685,0.89,0.9,0.1,0.11,0.01,0.01,75575.68,1776796371000
1776796373.2,173.2,0.89,0.9,0.1,0.11,0.01,0.01,75575.82,1776796372000
1776796374.402,174.402,0.89,0.9,0.1,0.11,0.01,0.01,75575.82,1776796372000
1776796374.752,174.752,0.89,0.9,0.1,0.11,0.01,0.01,75575.82,1776796372000
1776796375.249,175.249,0.89,0.9,0.1,0.11,0.01,0.01,75575.41,1776796373000
1776796375.621,175.621,0.89,0.9,0.1,0.11,0.01,0.01,75575.41,1776796373000
1776796376.143,176.143,0.89,0.9,0.1,0.11,0.01,0.01,75575.41,1776796374000
1776796376.523,176.523,0.89,0.9,0.1,0.11,0.01,0.01,75575.91,1776796375000
1776796377.054,177.054,0.89,0.9,0.1,0.11,0.01,0.01,75575.91,1776796375000
1776796377.995,177.995,0.89,0.9,0.1,0.11,0.01,0.01,75577.77,1776796377000
1776796378.33,178.33,0.89,0.9,0.1,0.11,0.01,0.01,75577.77,1776796377000
1776796379.012,179.012,0.89,0.9,0.1,0.11,0.01,0.01,75577.77,1776796377000
1776796379.457,179.457,0.89,0.9,0.1,0.11,0.01,0.01,75576.07,1776796378000
1776796380.047,180.047,0.89,0.9,0.1,0.11,0.01,0.01,75576.07,1776796378000
1776796380.474,180.474,0.89,0.9,0.1,0.11,0.01,0.01,75575.51,1776796379000
1776796380.834,180.834,0.89,0.9,0.1,0.11,0.01,0.01,75575.51,1776796379000
1776796381.173,181.173,0.89,0.9,0.1,0.11,0.01,0.01,75575.51,1776796379000
1776796381.507,181.507,0.89,0.9,0.1,0.11,0.01,0.01,75575.13,1776796380000
1776796381.845,181.845,0.89,0.9,0.1,0.11,0.01,0.01,75575.13,1776796380000
1776796382.372,182.372,0.89,0.9,0.1,0.11,0.01,0.01,75575.31,1776796381000
1776796382.851,182.851,0.89,0.9,0.1,0.11,0.01,0.01,75575.31,1776796381000
1776796383.321,183.321,0.89,0.9,0.1,0.11,0.01,0.01,75571.41,1776796382000
1776796383.897,183.897,0.9,0.91,0.1,0.11,0.01,0.01,75571.41,1776796382000
1776796384.474,184.474,0.91,0.92,0.08,0.09,0.01,0.01,75565.73,1776796383000
1776796385.133,185.133,0.91,0.92,0.08,0.09,0.01,0.01,75565.73,1776796383000
1776796385.509,185.509,0.91,0.92,0.08,0.09,0.01,0.01,75568.23,1776796384000
1776796385.888,185.888,0.92,0.93,0.07,0.09,0.01,0.02,75568.23,1776796384000
1776796386.252,186.252,0.94,0.95,0.05,0.06,0.01,0.01,75568.23,1776796384000
1776796386.67,186.67,0.94,0.95,0.05,0.06,0.01,0.01,75575.06,1776796385000
1776796387.03,187.03,0.94,0.95,0.05,0.06,0.01,0.01,75575.06,1776796385000
1776796387.373,187.373,0.94,0.95,0.05,0.06,0.01,0.01,75575.06,1776796385000
1776796387.731,187.731,0.94,0.95,0.05,0.06,0.01,0.01,75577.96,1776796386000
1776796388.149,188.149,0.94,0.95,0.05,0.06,0.01,0.01,75590.29,1776796387000
1776796388.486,188.486,0.94,0.95,0.05,0.06,0.01,0.01,75590.29,1776796387000
1776796388.856,188.856,0.94,0.95,0.05,0.06,0.01,0.01,75590.29,1776796387000
1776796389.226,189.226,0.94,0.95,0.05,0.06,0.01,0.01,75590.29,1776796387000
1776796389.674,189.674,0.94,0.95,0.05,0.06,0.01,0.01,75590.29,1776796387000
1776796390.043,190.043,0.93,0.94,0.06,0.07,0.01,0.01,75588.74,1776796388000
1776796390.494,190.494,0.94,0.95,0.05,0.06,0.01,0.01,75588.74,1776796388000
1776796390.96,190.96,0.94,0.95,0.05,0.06,0.01,0.01,75588.83,1776796389000
1776796391.314,191.314,0.94,0.95,0.05,0.06,0.01,0.01,75588.83,1776796389000
1776796391.764,191.764,0.94,0.95,0.04,0.06,0.01,0.02,75590.6,1776796390000
1776796392.167,192.167,0.95,0.96,0.04,0.05,0.01,0.01,75590.6,1776796390000
1776796392.644,192.644,0.95,0.96,0.04,0.05,0.01,0.01,75590.6,1776796390000
1776796392.98,192.98,0.95,0.96,0.04,0.05,0.01,0.01,75587.69,1776796391000
1776796393.371,193.371,0.95,0.96,0.04,0.05,0.01,0.01,75588.13,1776796392000
1776796394.002,194.002,0.95,0.96,0.04,0.05,0.01,0.01,75588.13,1776796392000
1776796394.367,194.367,0.97,0.98,0.04,0.05,0.01,0.01,75588.13,1776796392000
1776796394.727,194.727,0.97,0.98,0.02,0.03,0.01,0.01,75588.61,1776796393000
1776796395.075,195.075,0.96,0.97,0.03,0.04,0.01,0.01,75588.61,1776796393000
1776796395.426,195.426,0.96,0.97,0.03,0.04,0.01,0.01,75588.63,1776796394000
1776796396.002,196.002,0.96,0.97,0.03,0.04,0.01,0.01,75588.63,1776796394000
1776796396.42,196.42,0.96,0.97,0.03,0.04,0.01,0.01,75588.05,1776796395000
1776796396.848,196.848,0.97,0.98,0.03,0.04,0.01,0.01,75588.05,1776796395000
1776796397.21,197.21,0.97,0.98,0.02,0.03,0.01,0.01,75588.05,1776796395000
1776796397.564,197.564,0.97,0.98,0.02,0.03,0.01,0.01,75591.62,1776796396000
1776796397.898,197.898,0.96,0.98,0.02,0.03,0.02,0.01,75591.62,1776796396000
1776796398.233,198.233,0.96,0.97,0.03,0.04,0.01,0.01,75591.13,1776796397000
1776796399.038,199.038,0.96,0.97,0.02,0.04,0.01,0.02,75591.13,1776796397000
1776796399.454,199.454,0.96,0.97,0.03,0.04,0.01,0.01,75591.96,1776796398000
1776796400.178,200.178,0.96,0.97,0.03,0.04,0.01,0.01,75591.96,1776796398000
1776796400.514,200.514,0.96,0.97,0.03,0.04,0.01,0.01,75591.96,1776796398000
1776796400.95,200.95,0.96,0.97,0.02,0.04,0.01,0.02,75592.82,1776796399000
1776796401.293,201.293,0.96,0.97,0.03,0.04,0.01,0.01,75591.66,1776796400000
1776796401.811,201.811,0.96,0.97,0.03,0.04,0.01,0.01,75591.66,1776796400000
1776796402.153,202.153,0.95,0.97,0.03,0.05,0.02,0.02,75591.66,1776796400000
1776796402.692,202.692,0.95,0.96,0.04,0.05,0.01,0.01,75589.51,1776796401000
1776796403.402,203.402,0.95,0.96,0.04,0.05,0.01,0.01,75588.07,1776796402000
1776796403.835,203.835,0.94,0.96,0.04,0.05,0.02,0.01,75588.07,1776796402000
1776796404.205,204.205,0.95,0.96,0.04,0.05,0.01,0.01,75588.07,1776796402000
1776796404.871,204.871,0.95,0.96,0.04,0.05,0.01,0.01,75588.07,1776796402000
1776796405.311,205.311,0.95,0.96,0.04,0.05,0.01,0.01,75588.07,1776796402000
1776796405.727,205.727,0.95,0.96,0.04,0.05,0.01,0.01,75578.6,1776796404000
1776796406.142,206.142,0.95,0.96,0.04,0.05,0.01,0.01,75578.6,1776796404000
1776796406.733,206.733,0.94,0.96,0.04,0.06,0.02,0.02,75576.91,1776796405000
1776796407.15,207.15,0.93,0.94,0.06,0.07,0.01,0.01,75576.91,1776796405000
1776796407.493,207.493,0.93,0.94,0.06,0.07,0.01,0.01,75576.91,1776796405000
1776796407.866,207.866,0.93,0.94,0.06,0.07,0.01,0.01,75576.87,1776796406000
1776796408.201,208.201,0.93,0.94,0.06,0.07,0.01,0.01,75576.87,1776796406000
1776796408.641,208.641,0.93,0.95,0.05,0.07,0.02,0.02,75576.16,1776796407000
1776796409.219,209.219,0.95,0.96,0.04,0.06,0.01,0.02,75576.16,1776796407000
1776796409.615,209.615,0.95,0.96,0.04,0.05,0.01,0.01,75577.62,1776796408000
1776796410.374,210.374,0.95,0.96,0.04,0.05,0.01,0.01,75577.62,1776796408000
1776796410.809,210.809,0.95,0.96,0.04,0.05,0.01,0.01,75578.35,1776796409000
1776796411.413,211.413,0.96,0.97,0.04,0.05,0.01,0.01,75578.35,1776796409000
1776796411.788,211.788,0.96,0.97,0.03,0.04,0.01,0.01,75580.07,1776796410000
1776796412.129,212.129,0.96,0.97,0.03,0.04,0.01,0.01,75580.07,1776796410000
1776796412.732,212.732,0.96,0.97,0.03,0.04,0.01,0.01,75580.07,1776796410000
1776796413.274,213.274,0.96,0.97,0.03,0.04,0.01,0.01,75581.28,1776796411000
1776796413.685,213.685,0.96,0.97,0.03,0.04,0.01,0.01,75581.46,1776796412000
1776796414.117,214.117,0.96,0.97,0.03,0.04,0.01,0.01,75581.46,1776796412000
1776796414.477,214.477,0.96,0.97,0.03,0.04,0.01,0.01,75581.46,1776796412000
1776796415.088,215.088,0.96,0.97,0.03,0.04,0.01,0.01,75581.46,1776796413000
1776796415.484,215.484,0.96,0.97,0.03,0.04,0.01,0.01,75579.51,1776796414000
1776796415.966,215.966,0.96,0.97,0.03,0.04,0.01,0.01,75579.51,1776796414000
1776796416.315,216.315,0.94,0.95,0.05,0.06,0.01,0.01,75579.51,1776796414000
1776796416.69,216.69,0.94,0.95,0.05,0.06,0.01,0.01,75579.51,1776796414000
1776796417.302,217.302,0.94,0.95,0.05,0.06,0.01,0.01,75579.38,1776796415000
1776796417.705,217.705,0.94,0.95,0.05,0.06,0.01,0.01,75579.36,1776796416000
1776796418.155,218.155,0.94,0.95,0.05,0.06,0.01,0.01,75579.36,1776796416000
1776796418.603,218.603,0.94,0.95,0.05,0.06,0.01,0.01,75569.21,1776796417000
1776796420.019,220.019,0.94,0.95,0.05,0.06,0.01,0.01,75569.21,1776796417000
1776796420.394,220.394,0.94,0.95,0.05,0.06,0.01,0.01,75568.54,1776796418000
1776796420.885,220.885,0.94,0.95,0.05,0.06,0.01,0.01,75565.18,1776796419000
1776796421.692,221.692,0.95,0.96,0.05,0.06,0.01,0.01,75565.18,1776796419000
1776796422.163,222.163,0.96,0.97,0.03,0.05,0.01,0.02,75564.41,1776796420000
1776796422.882,222.882,0.96,0.97,0.03,0.04,0.01,0.01,75564.52,1776796421000
1776796423.677,223.677,0.96,0.97,0.03,0.04,0.01,0.01,75568.13,1776796422000
1776796424.336,224.336,0.96,0.97,0.03,0.04,0.01,0.01,75570.79,1776796423000
1776796425.034,225.034,0.96,0.97,0.03,0.04,0.01,0.01,75569.62,1776796424000
1776796425.572,225.572,0.96,0.97,0.03,0.04,0.01,0.01,75569.62,1776796424000
1776796426.204,226.204,0.94,0.96,0.04,0.05,0.02,0.01,75569.62,1776796424000
1776796426.897,226.897,0.94,0.96,0.04,0.06,0.02,0.02,75573.27,1776796425000
1776796427.256,227.256,0.95,0.96,0.04,0.05,0.01,0.01,75573.27,1776796425000
1776796427.845,227.845,0.95,0.96,0.04,0.06,0.01,0.02,75573.27,1776796425000
1776796428.585,228.585,0.96,0.98,0.03,0.05,0.02,0.02,75573.27,1776796425000
1776796429.103,229.103,0.96,0.98,0.02,0.04,0.02,0.02,75569.16,1776796428000
1776796429.474,229.474,0.96,0.97,0.02,0.04,0.01,0.02,75569.16,1776796428000
1776796429.807,229.807,0.96,0.97,0.03,0.04,0.01,0.01,75569.16,1776796428000
1776796430.802,230.802,0.97,0.98,0.03,0.04,0.01,0.01,75569.16,1776796428000
1776796431.629,231.629,0.97,0.98,0.02,0.03,0.01,0.01,75570.49,1776796429000
1776796432.342,232.342,0.96,0.98,0.02,0.04,0.02,0.02,75568.38,1776796431000
1776796432.694,232.694,0.96,0.97,0.03,0.04,0.01,0.01,75568.38,1776796431000
1776796433.667,233.667,0.96,0.98,0.03,0.04,0.02,0.01,75568.38,1776796431000
1776796434.023,234.023,0.97,0.98,0.02,0.03,0.01,0.01,75566.87,1776796432000
1776796434.658,234.658,0.97,0.98,0.02,0.03,0.01,0.01,75566.51,1776796433000
1776796435.053,235.053,0.97,0.98,0.02,0.03,0.01,0.01,75566.51,1776796433000
1776796435.419,235.419,0.97,0.98,0.02,0.03,0.01,0.01,75566.51,1776796433000
1776796435.924,235.924,0.97,0.98,0.02,0.03,0.01,0.01,75569.66,1776796434000
1776796436.308,236.308,0.97,0.98,0.02,0.03,0.01,0.01,75577.29,1776796435000
1776796436.667,236.667,0.97,0.98,0.02,0.03,0.01,0.01,75577.29,1776796435000
1776796437.533,237.533,0.97,0.98,0.02,0.03,0.01,0.01,75577.29,1776796435000
1776796437.918,237.918,0.97,0.98,0.02,0.03,0.01,0.01,75581.09,1776796436000
1776796438.306,238.306,0.97,0.98,0.02,0.03,0.01,0.01,75581.09,1776796436000
1776796439.055,239.055,0.97,0.98,0.02,0.03,0.01,0.01,75581.47,1776796438000
1776796440.118,240.118,0.97,0.98,0.02,0.03,0.01,0.01,75581.47,1776796438000
1776796440.549,240.549,0.97,0.98,0.02,0.03,0.01,0.01,75576.44,1776796439000
1776796441.254,241.254,0.97,0.98,0.02,0.03,0.01,0.01,75577.52,1776796440000
1776796441.601,241.601,0.97,0.98,0.02,0.03,0.01,0.01,75577.52,1776796440000
1776796441.97,241.97,0.97,0.98,0.02,0.03,0.01,0.01,75577.52,1776796440000
1776796442.374,242.374,0.97,0.98,0.02,0.03,0.01,0.01,75577.52,1776796440000
1776796443.088,243.088,0.97,0.98,0.02,0.03,0.01,0.01,75578.34,1776796441000
1776796443.528,243.528,0.97,0.98,0.02,0.03,0.01,0.01,75575.34,1776796442000
1776796443.896,243.896,0.97,0.98,0.02,0.03,0.01,0.01,75575.34,1776796442000
1776796444.333,244.333,0.97,0.98,0.02,0.03,0.01,0.01,75575.34,1776796443000
1776796444.667,244.667,0.97,0.98,0.02,0.03,0.01,0.01,75575.34,1776796443000
1776796445.044,245.044,0.97,0.98,0.01,0.03,0.01,0.02,75575.34,1776796443000
1776796445.536,245.536,0.98,0.99,0.01,0.02,0.01,0.01,75575.34,1776796443000
1776796446.028,246.028,0.98,0.99,0.01,0.02,0.01,0.01,75575.34,1776796443000
1776796446.495,246.495,0.98,0.99,0.01,0.02,0.01,0.01,75574.29,1776796444000
1776796447.088,247.088,0.98,0.99,0.01,0.02,0.01,0.01,75576.31,1776796445000
1776796447.437,247.437,0.98,0.99,0.01,0.02,0.01,0.01,75576.31,1776796445000
1776796447.82,247.82,0.98,0.99,0.01,0.02,0.01,0.01,75576.87,1776796446000
1776796448.178,248.178,0.98,0.99,0.01,0.02,0.01,0.01,75576.87,1776796446000
1776796448.574,248.574,0.98,0.99,0.01,0.02,0.01,0.01,75579.44,1776796447000
1776796448.941,248.941,0.99,0.99,0.01,0.01,0.0,0.0,75579.44,1776796447000
1776796449.368,249.368,0.99,0.99,0.01,0.01,0.0,0.0,75585.75,1776796448000
1776796449.705,249.705,0.99,0.99,0.01,0.01,0.0,0.0,75585.75,1776796448000
1776796450.13,250.13,0.99,0.99,0.01,0.01,0.0,0.0,75594.62,1776796449000
1776796450.519,250.519,0.99,0.99,0.01,0.01,0.0,0.0,75594.62,1776796449000
1776796451.213,251.213,0.99,0.99,0.01,0.01,0.0,0.0,75594.62,1776796449000
1776796451.913,251.913,0.99,0.99,0.01,0.01,0.0,0.0,75594.62,1776796449000
1776796452.271,252.271,0.99,0.99,0.01,0.01,0.0,0.0,75594.7,1776796451000
1776796452.93,252.93,0.99,0.99,0.01,0.01,0.0,0.0,75594.7,1776796451000
1776796453.547,253.547,0.99,0.99,0.01,0.01,0.0,0.0,75594.7,1776796452000
1776796453.977,253.977,0.99,0.99,0.01,0.01,0.0,0.0,75594.7,1776796452000
1776796454.347,254.347,0.99,0.99,0.01,0.01,0.0,0.0,75594.7,1776796453000
1776796454.919,254.919,0.99,0.99,0.01,0.01,0.0,0.0,75594.7,1776796453000
1776796455.639,255.639,0.99,0.99,0.01,0.01,0.0,0.0,75599.11,1776796454000
1776796456.187,256.187,0.99,0.99,0.01,0.01,0.0,0.0,75599.11,1776796454000
1776796456.609,256.609,0.99,0.99,0.01,0.01,0.0,0.0,75600.31,1776796455000
1776796457.495,257.495,0.99,0.99,0.01,0.01,0.0,0.0,75600.99,1776796456000
1776796458.131,258.131,0.99,0.99,0.01,0.01,0.0,0.0,75600.99,1776796457000
1776796459.135,259.135,0.99,0.99,0.01,0.01,0.0,0.0,75600.23,1776796458000
1776796459.801,259.801,0.99,0.99,0.01,0.01,0.0,0.0,75600.23,1776796458000
1776796460.303,260.303,0.99,0.99,0.01,0.01,0.0,0.0,75598.89,1776796459000
1776796461.193,261.193,0.99,0.99,0.01,0.01,0.0,0.0,75598.89,1776796459000
1776796461.813,261.813,0.99,0.99,0.01,0.01,0.0,0.0,75598.42,1776796460000
1776796462.427,262.427,0.99,0.99,0.01,0.01,0.0,0.0,75598.38,1776796461000
1776796463.068,263.068,0.99,0.99,0.01,0.01,0.0,0.0,75598.41,1776796462000
1776796464.034,264.034,0.99,0.99,0.01,0.01,0.0,0.0,75601.59,1776796463000
1776796465.15,265.15,0.99,0.99,0.01,0.01,0.0,0.0,75606.32,1776796464000
1776796466.296,266.296,0.99,0.99,0.01,0.01,0.0,0.0,75606.31,1776796465000
1776796467.487,267.487,0.99,0.99,0.01,0.01,0.0,0.0,75606.96,1776796466000
1776796468.052,268.052,0.99,0.99,0.01,0.01,0.0,0.0,75608.03,1776796467000
1776796468.386,268.386,0.99,0.99,0.01,0.01,0.0,0.0,75608.03,1776796467000
1776796469.152,269.152,0.99,0.99,0.01,0.01,0.0,0.0,75608.03,1776796467000
1776796469.634,269.634,0.99,0.99,0.01,0.01,0.0,0.0,75615.03,1776796468000
1776796470.41,270.41,0.99,0.99,0.01,0.01,0.0,0.0,75615.63,1776796469000
1776796471.039,271.039,0.99,0.99,0.01,0.01,0.0,0.0,75615.6,1776796470000
1776796472.237,272.237,0.99,0.99,0.01,0.01,0.0,0.0,75613.31,1776796471000
1776796473.444,273.444,0.99,0.99,0.01,0.01,0.0,0.0,75613.16,1776796472000
1776796474.025,274.025,0.99,0.99,0.01,0.01,0.0,0.0,75612.84,1776796473000
1776796475.304,275.304,0.99,0.99,0.01,0.01,0.0,0.0,75612.23,1776796474000
1776796475.862,275.862,0.99,0.99,0.01,0.01,0.0,0.0,75612.23,1776796474000
1776796476.481,276.481,0.99,0.99,0.01,0.01,0.0,0.0,75611.42,1776796475000
1776796477.134,277.134,0.99,0.99,0.01,0.01,0.0,0.0,75610.77,1776796476000
1776796477.955,277.955,0.99,0.99,0.01,0.01,0.0,0.0,75610.77,1776796476000
1776796478.381,278.381,0.99,0.99,0.01,0.01,0.0,0.0,75607.08,1776796477000
1776796478.775,278.775,0.99,0.99,0.01,0.01,0.0,0.0,75607.08,1776796477000
1776796479.321,279.321,0.99,0.99,0.01,0.01,0.0,0.0,75607.08,1776796477000
1776796480.0,280.0,0.99,0.99,0.01,0.01,0.0,0.0,75606.22,1776796478000
1776796480.767,280.767,0.99,0.99,0.01,0.01,0.0,0.0,75603.68,1776796479000
1776796481.173,281.173,0.99,0.99,0.01,0.01,0.0,0.0,75599.13,1776796480000
1776796482.361,282.361,0.99,0.99,0.01,0.01,0.0,0.0,75595.78,1776796481000
1776796482.964,282.964,0.99,0.99,0.01,0.01,0.0,0.0,75591.05,1776796482000
1776796484.074,284.074,0.99,0.99,0.01,0.01,0.0,0.0,75586.22,1776796483000
1776796485.224,285.224,0.99,0.99,0.01,0.01,0.0,0.0,75583.88,1776796484000
1776796486.063,286.063,0.99,0.99,0.01,0.01,0.0,0.0,75583.88,1776796484000
1776796487.405,287.405,0.99,0.99,0.01,0.01,0.0,0.0,75579.61,1776796486000
1776796487.973,287.973,0.99,0.99,0.01,0.01,0.0,0.0,75578.34,1776796487000
1776796489.186,289.186,0.99,0.99,0.01,0.01,0.0,0.0,75576.97,1776796488000
1776796489.585,289.585,0.99,0.99,0.01,0.01,0.0,0.0,75576.97,1776796488000
1776796490.304,290.304,0.99,0.99,0.01,0.01,0.0,0.0,75576.05,1776796489000
1776796491.447,291.447,0.99,0.99,0.01,0.01,0.0,0.0,75575.25,1776796490000
1776796491.932,291.932,0.99,0.99,0.01,0.01,0.0,0.0,75571.3,1776796491000
1776796493.078,293.078,0.99,0.99,0.01,0.01,0.0,0.0,75577.95,1776796492000
1776796494.34,294.34,0.99,0.99,0.01,0.01,0.0,0.0,75581.27,1776796493000
1776796495.274,295.274,0.99,0.99,0.01,0.01,0.0,0.0,75581.55,1776796494000
1776796496.439,296.439,0.99,0.99,0.01,0.01,0.0,0.0,75583.23,1776796495000
1776796497.013,297.013,0.99,0.99,0.01,0.01,0.0,0.0,75584.33,1776796496000
1776796498.075,298.075,0.99,0.99,0.01,0.01,0.0,0.0,75586.17,1776796497000
1776796499.208,299.208,0.99,0.99,0.01,0.01,0.0,0.0,75588.8,1776796498000
1776796499.857,299.857,0.99,0.99,0.01,0.01,0.0,0.0,75588.8,1776796498000
1776796500.348,300.348,0.99,0.99,0.01,0.01,0.0,0.0,75589.09,1776796499000
1776796500.888,300.888,0.99,0.99,0.01,0.01,0.0,0.0,75590.33,1776796500000
1776796502.036,302.036,0.99,0.99,0.01,0.01,0.0,0.0,75591.88,1776796501000

# RESULT,winner=Up,slug=btc-updown-5m-1776796200,ticks=621
