timestamp,elapsed_sec,up_bid,up_ask,down_bid,down_ask,up_spread,down_spread,btc_price,btc_oracle_ts
1776159000.767,0.767,0.49,0.5,0.5,0.51,0.01,0.01,74698.58,1776158999000
1776159001.274,1.274,0.49,0.5,0.5,0.51,0.01,0.01,74698.58,1776158999000
1776159001.694,1.694,0.49,0.5,0.5,0.51,0.01,0.01,74702.13,1776159000000
1776159002.111,2.111,0.49,0.5,0.5,0.51,0.01,0.01,74702.13,1776159000000
1776159002.519,2.519,0.49,0.5,0.5,0.51,0.01,0.01,74702.13,1776159000000
1776159002.882,2.882,0.49,0.5,0.5,0.51,0.01,0.01,74702.13,1776159001000
1776159003.713,3.713,0.49,0.5,0.5,0.51,0.01,0.01,74701.73,1776159002000
1776159004.108,4.108,0.49,0.5,0.5,0.51,0.01,0.01,74701.73,1776159002000
1776159004.48,4.48,0.47,0.49,0.51,0.52,0.02,0.01,74701.73,1776159002000
1776159004.977,4.977,0.47,0.48,0.52,0.53,0.01,0.01,74701.73,1776159003000
1776159005.346,5.346,0.47,0.48,0.52,0.53,0.01,0.01,74701.73,1776159003000
1776159005.71,5.71,0.47,0.48,0.52,0.53,0.01,0.01,74700.41,1776159004000
1776159006.172,6.172,0.46,0.47,0.53,0.54,0.01,0.01,74699.39,1776159005000
1776159006.695,6.695,0.46,0.47,0.53,0.54,0.01,0.01,74699.39,1776159005000
1776159007.044,7.044,0.43,0.44,0.53,0.57,0.01,0.04,74699.39,1776159005000
1776159007.387,7.387,0.43,0.44,0.56,0.57,0.01,0.01,74699.39,1776159005000
1776159007.895,7.895,0.43,0.44,0.56,0.57,0.01,0.01,74697.82,1776159006000
1776159008.256,8.256,0.43,0.44,0.56,0.57,0.01,0.01,74697.47,1776159007000
1776159008.907,8.907,0.43,0.44,0.56,0.57,0.01,0.01,74697.47,1776159007000
1776159009.384,9.384,0.43,0.44,0.56,0.57,0.01,0.01,74697.47,1776159007000
1776159009.776,9.776,0.43,0.44,0.56,0.57,0.01,0.01,74692.14,1776159008000
1776159010.187,10.187,0.43,0.44,0.56,0.57,0.01,0.01,74692.14,1776159008000
1776159010.559,10.559,0.41,0.42,0.57,0.59,0.01,0.02,74692.08,1776159009000
1776159010.924,10.924,0.41,0.42,0.58,0.59,0.01,0.01,74692.08,1776159009000
1776159011.258,11.258,0.41,0.42,0.58,0.59,0.01,0.01,74692.08,1776159009000
1776159011.599,11.599,0.41,0.42,0.58,0.59,0.01,0.01,74692.08,1776159009000
1776159012.165,12.165,0.41,0.42,0.58,0.59,0.01,0.01,74692.35,1776159010000
1776159012.69,12.69,0.41,0.42,0.58,0.59,0.01,0.01,74692.12,1776159011000
1776159013.115,13.115,0.41,0.42,0.58,0.59,0.01,0.01,74692.12,1776159011000
1776159013.493,13.493,0.41,0.42,0.58,0.59,0.01,0.01,74692.12,1776159011000
1776159013.831,13.831,0.41,0.42,0.58,0.59,0.01,0.01,74690.91,1776159012000
1776159014.245,14.245,0.41,0.42,0.58,0.59,0.01,0.01,74690.57,1776159013000
1776159014.912,14.912,0.42,0.43,0.58,0.59,0.01,0.01,74690.57,1776159013000
1776159015.508,15.508,0.42,0.43,0.57,0.58,0.01,0.01,74690.63,1776159014000
1776159015.9,15.9,0.42,0.43,0.57,0.58,0.01,0.01,74690.63,1776159014000
1776159016.237,16.237,0.42,0.43,0.57,0.58,0.01,0.01,74690.62,1776159015000
1776159016.714,16.714,0.42,0.43,0.57,0.58,0.01,0.01,74690.62,1776159015000
1776159017.236,17.236,0.42,0.43,0.57,0.58,0.01,0.01,74690.62,1776159015000
1776159017.611,17.611,0.4,0.43,0.57,0.58,0.03,0.01,74690.73,1776159016000
1776159018.014,18.014,0.39,0.4,0.59,0.61,0.01,0.02,74690.73,1776159016000
1776159018.883,18.883,0.39,0.4,0.6,0.61,0.01,0.01,74690.6,1776159017000
1776159019.234,19.234,0.39,0.4,0.6,0.61,0.01,0.01,74690.6,1776159017000
1776159019.762,19.762,0.37,0.38,0.6,0.63,0.01,0.03,74690.6,1776159017000
1776159020.184,20.184,0.37,0.38,0.62,0.63,0.01,0.01,74687.44,1776159018000
1776159020.571,20.571,0.37,0.38,0.62,0.63,0.01,0.01,74685.13,1776159019000
1776159021.022,21.022,0.37,0.38,0.62,0.63,0.01,0.01,74684.83,1776159020000
1776159021.373,21.373,0.37,0.38,0.62,0.63,0.01,0.01,74684.83,1776159020000
1776159021.881,21.881,0.37,0.38,0.62,0.63,0.01,0.01,74684.83,1776159020000
1776159022.263,22.263,0.37,0.38,0.62,0.63,0.01,0.01,74683.69,1776159021000
1776159022.692,22.692,0.37,0.38,0.62,0.63,0.01,0.01,74683.69,1776159021000
1776159023.031,23.031,0.37,0.38,0.62,0.63,0.01,0.01,74683.69,1776159021000
1776159023.369,23.369,0.37,0.38,0.62,0.63,0.01,0.01,74683.34,1776159022000
1776159023.721,23.721,0.37,0.39,0.62,0.63,0.02,0.01,74683.34,1776159022000
1776159024.122,24.122,0.37,0.38,0.62,0.63,0.01,0.01,74683.34,1776159023000
1776159024.541,24.541,0.37,0.38,0.62,0.63,0.01,0.01,74683.34,1776159023000
1776159025.063,25.063,0.37,0.38,0.62,0.63,0.01,0.01,74683.34,1776159024000
1776159025.463,25.463,0.37,0.38,0.61,0.63,0.01,0.02,74683.34,1776159024000
1776159026.057,26.057,0.37,0.38,0.62,0.63,0.01,0.01,74683.34,1776159024000
1776159026.445,26.445,0.37,0.38,0.62,0.63,0.01,0.01,74683.25,1776159025000
1776159026.792,26.792,0.36,0.37,0.62,0.64,0.01,0.02,74683.25,1776159025000
1776159027.155,27.155,0.36,0.37,0.63,0.64,0.01,0.01,74683.25,1776159025000
1776159027.583,27.583,0.35,0.36,0.63,0.65,0.01,0.02,74682.96,1776159026000
1776159027.922,27.922,0.35,0.36,0.64,0.65,0.01,0.01,74682.96,1776159026000
1776159028.288,28.288,0.32,0.33,0.66,0.67,0.01,0.01,74682.96,1776159026000
1776159028.646,28.646,0.31,0.33,0.67,0.69,0.02,0.02,74682.1,1776159027000
1776159029.023,29.023,0.31,0.32,0.68,0.69,0.01,0.01,74682.1,1776159027000
1776159029.393,29.393,0.3,0.31,0.68,0.7,0.01,0.02,74682.1,1776159027000
1776159029.764,29.764,0.3,0.31,0.69,0.7,0.01,0.01,74681.09,1776159028000
1776159030.217,30.217,0.29,0.3,0.69,0.71,0.01,0.02,74680.96,1776159029000
1776159030.575,30.575,0.29,0.3,0.7,0.71,0.01,0.01,74680.96,1776159029000
1776159031.111,31.111,0.29,0.3,0.7,0.71,0.01,0.01,74668.97,1776159030000
1776159031.453,31.453,0.27,0.29,0.7,0.72,0.02,0.02,74668.97,1776159030000
1776159031.797,31.797,0.27,0.28,0.71,0.73,0.01,0.02,74668.97,1776159030000
1776159032.144,32.144,0.27,0.28,0.72,0.73,0.01,0.01,74668.97,1776159030000
1776159032.503,32.503,0.27,0.28,0.72,0.73,0.01,0.01,74669.35,1776159031000
1776159032.841,32.841,0.26,0.28,0.72,0.74,0.02,0.02,74669.35,1776159031000
1776159033.303,33.303,0.25,0.26,0.74,0.75,0.01,0.01,74668.55,1776159032000
1776159033.639,33.639,0.25,0.26,0.74,0.75,0.01,0.01,74668.55,1776159032000
1776159034.087,34.087,0.25,0.26,0.74,0.75,0.01,0.01,74668.55,1776159032000
1776159034.437,34.437,0.25,0.26,0.74,0.75,0.01,0.01,74663.8,1776159033000
1776159034.788,34.788,0.24,0.25,0.75,0.76,0.01,0.01,74663.8,1776159033000
1776159035.321,35.321,0.23,0.24,0.75,0.77,0.01,0.02,74659.58,1776159034000
1776159035.657,35.657,0.22,0.24,0.76,0.77,0.02,0.01,74659.58,1776159034000
1776159036.141,36.141,0.22,0.23,0.77,0.78,0.01,0.01,74657.63,1776159035000
1776159036.519,36.519,0.22,0.23,0.77,0.78,0.01,0.01,74657.63,1776159035000
1776159036.857,36.857,0.22,0.23,0.77,0.78,0.01,0.01,74657.63,1776159035000
1776159037.21,37.21,0.22,0.23,0.77,0.78,0.01,0.01,74655.09,1776159036000
1776159037.544,37.544,0.21,0.22,0.78,0.79,0.01,0.01,74655.09,1776159036000
1776159037.88,37.88,0.21,0.22,0.78,0.79,0.01,0.01,74655.09,1776159036000
1776159038.229,38.229,0.2,0.21,0.79,0.8,0.01,0.01,74655.75,1776159037000
1776159038.636,38.636,0.2,0.21,0.79,0.8,0.01,0.01,74655.75,1776159037000
1776159039.034,39.034,0.19,0.2,0.79,0.81,0.01,0.02,74654.03,1776159038000
1776159039.435,39.435,0.18,0.19,0.8,0.82,0.01,0.02,74654.03,1776159038000
1776159039.875,39.875,0.18,0.19,0.81,0.82,0.01,0.01,74654.03,1776159038000
1776159040.284,40.284,0.18,0.19,0.81,0.82,0.01,0.01,74648.99,1776159039000
1776159040.821,40.821,0.18,0.19,0.81,0.82,0.01,0.01,74648.99,1776159039000
1776159041.178,41.178,0.18,0.21,0.79,0.82,0.03,0.03,74646.49,1776159040000
1776159041.553,41.553,0.2,0.21,0.77,0.8,0.01,0.03,74646.49,1776159040000
1776159041.905,41.905,0.2,0.22,0.78,0.8,0.02,0.02,74646.54,1776159041000
1776159042.256,42.256,0.21,0.22,0.78,0.79,0.01,0.01,74646.54,1776159041000
1776159042.634,42.634,0.21,0.22,0.78,0.79,0.01,0.01,74646.54,1776159041000
1776159042.979,42.979,0.21,0.22,0.78,0.79,0.01,0.01,74648.22,1776159042000
1776159043.356,43.356,0.21,0.22,0.78,0.79,0.01,0.01,74648.22,1776159042000
1776159043.858,43.858,0.21,0.22,0.78,0.79,0.01,0.01,74648.22,1776159042000
1776159044.193,44.193,0.21,0.22,0.78,0.79,0.01,0.01,74648.22,1776159042000
1776159044.56,44.56,0.2,0.21,0.79,0.8,0.01,0.01,74649.26,1776159043000
1776159044.907,44.907,0.2,0.21,0.79,0.8,0.01,0.01,74649.26,1776159043000
1776159045.244,45.244,0.2,0.21,0.79,0.8,0.01,0.01,74649.26,1776159044000
1776159045.59,45.59,0.19,0.21,0.79,0.81,0.02,0.02,74649.26,1776159044000
1776159045.942,45.942,0.19,0.2,0.8,0.81,0.01,0.01,74649.26,1776159044000
1776159046.313,46.313,0.19,0.2,0.8,0.81,0.01,0.01,74649.26,1776159044000
1776159046.68,46.68,0.19,0.2,0.8,0.81,0.01,0.01,74649.26,1776159044000
1776159047.221,47.221,0.19,0.2,0.8,0.81,0.01,0.01,74648.54,1776159046000
1776159047.696,47.696,0.2,0.21,0.79,0.8,0.01,0.01,74648.54,1776159046000
1776159048.189,48.189,0.2,0.21,0.79,0.8,0.01,0.01,74648.54,1776159046000
1776159048.871,48.871,0.2,0.21,0.79,0.8,0.01,0.01,74649.38,1776159047000
1776159049.23,49.23,0.21,0.24,0.76,0.79,0.03,0.03,74649.38,1776159047000
1776159049.571,49.571,0.23,0.24,0.75,0.78,0.01,0.03,74649.44,1776159048000
1776159049.976,49.976,0.23,0.24,0.76,0.77,0.01,0.01,74649.44,1776159049000
1776159050.558,50.558,0.23,0.24,0.76,0.77,0.01,0.01,74649.44,1776159049000
1776159050.92,50.92,0.23,0.24,0.76,0.77,0.01,0.01,74649.44,1776159049000
1776159051.317,51.317,0.23,0.24,0.76,0.77,0.01,0.01,74655.77,1776159050000
1776159051.664,51.664,0.24,0.25,0.75,0.76,0.01,0.01,74655.77,1776159050000
1776159052.007,52.007,0.24,0.25,0.75,0.76,0.01,0.01,74656.34,1776159051000
1776159052.597,52.597,0.24,0.25,0.75,0.76,0.01,0.01,74656.34,1776159051000
1776159052.948,52.948,0.24,0.25,0.75,0.76,0.01,0.01,74657.15,1776159052000
1776159053.363,53.363,0.24,0.25,0.75,0.76,0.01,0.01,74657.15,1776159052000
1776159053.942,53.942,0.24,0.25,0.75,0.76,0.01,0.01,74657.39,1776159053000
1776159054.783,54.783,0.24,0.25,0.75,0.76,0.01,0.01,74657.39,1776159053000
1776159055.338,55.338,0.24,0.25,0.75,0.76,0.01,0.01,74658.41,1776159054000
1776159055.679,55.679,0.24,0.25,0.75,0.76,0.01,0.01,74658.41,1776159054000
1776159056.016,56.016,0.25,0.26,0.74,0.75,0.01,0.01,74657.87,1776159055000
1776159056.469,56.469,0.25,0.26,0.74,0.75,0.01,0.01,74657.87,1776159055000
1776159056.931,56.931,0.25,0.26,0.74,0.75,0.01,0.01,74657.87,1776159055000
1776159057.298,57.298,0.25,0.26,0.74,0.75,0.01,0.01,74657.99,1776159056000
1776159057.725,57.725,0.25,0.26,0.74,0.75,0.01,0.01,74657.99,1776159056000
1776159058.122,58.122,0.25,0.26,0.74,0.75,0.01,0.01,74658.49,1776159057000
1776159058.493,58.493,0.25,0.26,0.74,0.75,0.01,0.01,74658.49,1776159057000
1776159058.989,58.989,0.25,0.26,0.74,0.75,0.01,0.01,74658.49,1776159057000
1776159059.628,59.628,0.25,0.26,0.74,0.75,0.01,0.01,74658.97,1776159058000
1776159059.964,59.964,0.28,0.29,0.71,0.72,0.01,0.01,74658.97,1776159058000
1776159060.303,60.303,0.28,0.29,0.71,0.72,0.01,0.01,74658.97,1776159058000
1776159060.657,60.657,0.28,0.29,0.71,0.72,0.01,0.01,74658.97,1776159058000
1776159061.005,61.005,0.28,0.29,0.71,0.72,0.01,0.01,74658.97,1776159058000
1776159061.375,61.375,0.28,0.29,0.71,0.72,0.01,0.01,74658.97,1776159058000
1776159061.747,61.747,0.28,0.29,0.71,0.72,0.01,0.01,74658.97,1776159058000
1776159062.192,62.192,0.28,0.29,0.71,0.72,0.01,0.01,74658.97,1776159058000
1776159062.587,62.587,0.28,0.29,0.71,0.72,0.01,0.01,74658.97,1776159058000
1776159063.032,63.032,0.28,0.29,0.71,0.72,0.01,0.01,74658.97,1776159058000
1776159063.618,63.618,0.27,0.29,0.71,0.72,0.02,0.01,74658.97,1776159058000
1776159064.019,64.019,0.26,0.27,0.73,0.74,0.01,0.01,74658.97,1776159058000
1776159064.365,64.365,0.26,0.27,0.73,0.74,0.01,0.01,74658.97,1776159058000
1776159064.742,64.742,0.26,0.27,0.73,0.74,0.01,0.01,74658.97,1776159058000
1776159065.205,65.205,0.26,0.27,0.73,0.74,0.01,0.01,74658.97,1776159058000
1776159065.55,65.55,0.26,0.27,0.73,0.74,0.01,0.01,74658.97,1776159058000
1776159066.003,66.003,0.26,0.27,0.73,0.74,0.01,0.01,74658.97,1776159058000
1776159066.531,66.531,0.26,0.27,0.73,0.74,0.01,0.01,74665.07,1776159065000
1776159067.041,67.041,0.26,0.27,0.73,0.74,0.01,0.01,74665.07,1776159065000
1776159067.374,67.374,0.26,0.27,0.73,0.74,0.01,0.01,74665.07,1776159065000
1776159068.152,68.152,0.26,0.27,0.73,0.74,0.01,0.01,74665.36,1776159066000
1776159068.572,68.572,0.26,0.27,0.73,0.74,0.01,0.01,74665.36,1776159067000
1776159068.912,68.912,0.25,0.27,0.73,0.74,0.02,0.01,74665.36,1776159067000
1776159069.354,69.354,0.25,0.26,0.74,0.75,0.01,0.01,74665.15,1776159068000
1776159069.706,69.706,0.25,0.26,0.74,0.75,0.01,0.01,74665.15,1776159068000
1776159070.302,70.302,0.25,0.26,0.74,0.75,0.01,0.01,74665.13,1776159069000
1776159070.954,70.954,0.25,0.26,0.74,0.75,0.01,0.01,74665.13,1776159069000
1776159071.333,71.333,0.25,0.26,0.74,0.75,0.01,0.01,74664.94,1776159070000
1776159071.859,71.859,0.25,0.26,0.74,0.75,0.01,0.01,74664.94,1776159070000
1776159072.277,72.277,0.25,0.26,0.74,0.75,0.01,0.01,74664.9,1776159071000
1776159073.032,73.032,0.25,0.26,0.74,0.75,0.01,0.01,74664.9,1776159071000
1776159073.389,73.389,0.24,0.26,0.74,0.76,0.02,0.02,74664.9,1776159072000
1776159073.927,73.927,0.23,0.24,0.76,0.77,0.01,0.01,74664.9,1776159072000
1776159074.277,74.277,0.23,0.24,0.76,0.77,0.01,0.01,74664.9,1776159072000
1776159074.641,74.641,0.23,0.24,0.76,0.77,0.01,0.01,74664.99,1776159073000
1776159075.111,75.111,0.23,0.24,0.76,0.77,0.01,0.01,74664.09,1776159074000
1776159075.585,75.585,0.23,0.24,0.76,0.77,0.01,0.01,74664.09,1776159074000
1776159076.327,76.327,0.23,0.24,0.76,0.77,0.01,0.01,74664.09,1776159074000
1776159076.666,76.666,0.23,0.26,0.74,0.77,0.03,0.03,74663.37,1776159075000
1776159077.219,77.219,0.24,0.25,0.75,0.76,0.01,0.01,74663.43,1776159076000
1776159077.689,77.689,0.24,0.25,0.75,0.76,0.01,0.01,74663.43,1776159076000
1776159078.027,78.027,0.24,0.25,0.75,0.76,0.01,0.01,74663.63,1776159077000
1776159078.362,78.362,0.24,0.25,0.75,0.76,0.01,0.01,74663.63,1776159077000
1776159079.007,79.007,0.24,0.25,0.75,0.76,0.01,0.01,74663.63,1776159077000
1776159079.457,79.457,0.24,0.25,0.75,0.76,0.01,0.01,74664.38,1776159078000
1776159079.962,79.962,0.24,0.25,0.75,0.76,0.01,0.01,74664.38,1776159078000
1776159080.351,80.351,0.24,0.25,0.75,0.76,0.01,0.01,74664.38,1776159078000
1776159080.715,80.715,0.26,0.27,0.74,0.75,0.01,0.01,74663.5,1776159079000
1776159081.122,81.122,0.26,0.27,0.73,0.74,0.01,0.01,74663.5,1776159079000
1776159081.467,81.467,0.29,0.31,0.7,0.71,0.02,0.01,74664.07,1776159080000
1776159081.858,81.858,0.34,0.35,0.67,0.68,0.01,0.01,74664.07,1776159080000
1776159082.225,82.225,0.34,0.35,0.65,0.66,0.01,0.01,74665.1,1776159081000
1776159082.565,82.565,0.34,0.35,0.65,0.66,0.01,0.01,74665.1,1776159081000
1776159082.941,82.941,0.34,0.37,0.63,0.66,0.03,0.03,74665.1,1776159081000
1776159083.283,83.283,0.36,0.37,0.63,0.64,0.01,0.01,74678.1,1776159082000
1776159083.693,83.693,0.38,0.39,0.6,0.64,0.01,0.04,74678.1,1776159082000
1776159084.068,84.068,0.38,0.39,0.61,0.62,0.01,0.01,74678.1,1776159082000
1776159084.406,84.406,0.38,0.39,0.61,0.62,0.01,0.01,74683.54,1776159083000
1776159084.793,84.793,0.39,0.4,0.6,0.61,0.01,0.01,74683.54,1776159083000
1776159085.275,85.275,0.4,0.41,0.59,0.6,0.01,0.01,74683.54,1776159083000
1776159085.637,85.637,0.4,0.41,0.59,0.6,0.01,0.01,74683.55,1776159084000
1776159086.051,86.051,0.4,0.41,0.59,0.6,0.01,0.01,74683.55,1776159085000
1776159086.421,86.421,0.4,0.41,0.59,0.6,0.01,0.01,74683.55,1776159085000
1776159086.838,86.838,0.4,0.41,0.59,0.6,0.01,0.01,74683.55,1776159085000
1776159087.181,87.181,0.4,0.41,0.59,0.6,0.01,0.01,74683.7,1776159086000
1776159087.666,87.666,0.4,0.41,0.59,0.6,0.01,0.01,74683.7,1776159086000
1776159088.173,88.173,0.4,0.41,0.59,0.6,0.01,0.01,74683.7,1776159086000
1776159088.595,88.595,0.4,0.41,0.59,0.6,0.01,0.01,74683.85,1776159087000
1776159089.003,89.003,0.41,0.42,0.58,0.59,0.01,0.01,74683.85,1776159087000
1776159089.417,89.417,0.41,0.42,0.58,0.59,0.01,0.01,74683.85,1776159087000
1776159089.757,89.757,0.42,0.43,0.57,0.58,0.01,0.01,74684.43,1776159088000
1776159090.101,90.101,0.42,0.43,0.57,0.58,0.01,0.01,74684.43,1776159088000
1776159090.452,90.452,0.43,0.44,0.56,0.57,0.01,0.01,74684.43,1776159088000
1776159091.126,91.126,0.43,0.44,0.56,0.57,0.01,0.01,74685.26,1776159089000
1776159091.582,91.582,0.43,0.44,0.56,0.57,0.01,0.01,74685.26,1776159089000
1776159091.95,91.95,0.43,0.44,0.56,0.57,0.01,0.01,74685.26,1776159090000
1776159092.332,92.332,0.43,0.45,0.56,0.57,0.02,0.01,74685.26,1776159090000
1776159092.698,92.698,0.45,0.46,0.54,0.56,0.01,0.02,74692.3,1776159091000
1776159093.086,93.086,0.45,0.46,0.54,0.55,0.01,0.01,74692.3,1776159091000
1776159093.583,93.583,0.45,0.46,0.54,0.55,0.01,0.01,74692.03,1776159092000
1776159094.156,94.156,0.44,0.46,0.54,0.55,0.02,0.01,74692.03,1776159092000
1776159094.538,94.538,0.44,0.45,0.55,0.56,0.01,0.01,74691.88,1776159093000
1776159094.897,94.897,0.45,0.46,0.54,0.56,0.01,0.02,74691.88,1776159093000
1776159095.239,95.239,0.45,0.46,0.54,0.55,0.01,0.01,74691.88,1776159093000
1776159095.632,95.632,0.45,0.46,0.54,0.55,0.01,0.01,74691.84,1776159094000
1776159096.241,96.241,0.45,0.46,0.54,0.55,0.01,0.01,74691.84,1776159094000
1776159096.727,96.727,0.45,0.46,0.54,0.55,0.01,0.01,74691.24,1776159095000
1776159097.124,97.124,0.42,0.44,0.56,0.57,0.02,0.01,74691.24,1776159095000
1776159097.789,97.789,0.43,0.44,0.56,0.58,0.01,0.02,74691.24,1776159096000
1776159098.25,98.25,0.43,0.44,0.56,0.57,0.01,0.01,74690.86,1776159097000
1776159098.828,98.828,0.43,0.44,0.56,0.57,0.01,0.01,74690.86,1776159097000
1776159099.165,99.165,0.43,0.44,0.56,0.57,0.01,0.01,74690.86,1776159097000
1776159099.584,99.584,0.43,0.44,0.56,0.57,0.01,0.01,74690.86,1776159098000
1776159100.234,100.234,0.44,0.45,0.55,0.56,0.01,0.01,74690.86,1776159098000
1776159100.641,100.641,0.44,0.45,0.55,0.56,0.01,0.01,74690.26,1776159099000
1776159101.017,101.017,0.43,0.44,0.56,0.57,0.01,0.01,74690.26,1776159099000
1776159101.37,101.37,0.43,0.44,0.56,0.57,0.01,0.01,74690.26,1776159100000
1776159101.709,101.709,0.41,0.42,0.58,0.59,0.01,0.01,74690.26,1776159100000
1776159102.057,102.057,0.41,0.42,0.58,0.59,0.01,0.01,74690.26,1776159100000
1776159102.461,102.461,0.4,0.42,0.58,0.59,0.02,0.01,74690.26,1776159100000
1776159102.812,102.812,0.4,0.41,0.59,0.6,0.01,0.01,74689.88,1776159101000
1776159103.218,103.218,0.4,0.41,0.59,0.6,0.01,0.01,74689.74,1776159102000
1776159103.638,103.638,0.4,0.41,0.59,0.6,0.01,0.01,74689.74,1776159102000
1776159104.209,104.209,0.4,0.41,0.59,0.6,0.01,0.01,74689.74,1776159102000
1776159104.776,104.776,0.4,0.41,0.59,0.6,0.01,0.01,74689.74,1776159102000
1776159105.202,105.202,0.4,0.41,0.59,0.6,0.01,0.01,74689.41,1776159103000
1776159105.577,105.577,0.4,0.41,0.59,0.6,0.01,0.01,74688.39,1776159104000
1776159106.007,106.007,0.4,0.41,0.59,0.6,0.01,0.01,74688.39,1776159104000
1776159106.386,106.386,0.4,0.41,0.59,0.6,0.01,0.01,74688.31,1776159105000
1776159106.727,106.727,0.39,0.4,0.6,0.61,0.01,0.01,74688.31,1776159105000
1776159107.069,107.069,0.39,0.4,0.6,0.61,0.01,0.01,74688.23,1776159106000
1776159107.589,107.589,0.39,0.4,0.6,0.61,0.01,0.01,74688.23,1776159106000
1776159107.978,107.978,0.39,0.4,0.6,0.61,0.01,0.01,74688.23,1776159106000
1776159108.346,108.346,0.37,0.4,0.6,0.61,0.03,0.01,74688.23,1776159106000
1776159108.682,108.682,0.35,0.37,0.62,0.65,0.02,0.03,74688.23,1776159106000
1776159109.017,109.017,0.36,0.37,0.63,0.64,0.01,0.01,74687.39,1776159107000
1776159109.407,109.407,0.36,0.37,0.63,0.64,0.01,0.01,74687.39,1776159107000
1776159110.01,110.01,0.36,0.37,0.63,0.64,0.01,0.01,74687.67,1776159109000
1776159110.394,110.394,0.36,0.37,0.63,0.64,0.01,0.01,74687.67,1776159109000
1776159110.897,110.897,0.35,0.36,0.63,0.65,0.01,0.02,74687.67,1776159109000
1776159111.355,111.355,0.35,0.36,0.64,0.65,0.01,0.01,74687.89,1776159110000
1776159111.816,111.816,0.35,0.36,0.64,0.65,0.01,0.01,74687.89,1776159110000
1776159112.238,112.238,0.35,0.36,0.64,0.65,0.01,0.01,74685.34,1776159111000
1776159113.007,113.007,0.35,0.36,0.64,0.65,0.01,0.01,74685.34,1776159111000
1776159113.525,113.525,0.35,0.36,0.64,0.65,0.01,0.01,74685.34,1776159111000
1776159114.249,114.249,0.35,0.36,0.64,0.65,0.01,0.01,74684.57,1776159113000
1776159114.807,114.807,0.35,0.36,0.64,0.65,0.01,0.01,74684.57,1776159113000
1776159115.423,115.423,0.34,0.35,0.65,0.66,0.01,0.01,74684.57,1776159114000
1776159115.767,115.767,0.33,0.34,0.65,0.68,0.01,0.03,74684.57,1776159114000
1776159116.209,116.209,0.33,0.34,0.66,0.67,0.01,0.01,74684.57,1776159114000
1776159116.546,116.546,0.33,0.34,0.66,0.67,0.01,0.01,74684.09,1776159115000
1776159117.009,117.009,0.33,0.34,0.66,0.67,0.01,0.01,74683.73,1776159116000
1776159117.364,117.364,0.32,0.33,0.67,0.68,0.01,0.01,74683.73,1776159116000
1776159117.715,117.715,0.31,0.33,0.67,0.69,0.02,0.02,74683.73,1776159116000
1776159118.232,118.232,0.31,0.32,0.68,0.69,0.01,0.01,74682.98,1776159117000
1776159118.613,118.613,0.31,0.32,0.68,0.69,0.01,0.01,74682.98,1776159117000
1776159119.121,119.121,0.31,0.32,0.68,0.69,0.01,0.01,74682.98,1776159117000
1776159119.502,119.502,0.31,0.32,0.68,0.69,0.01,0.01,74681.47,1776159118000
1776159119.917,119.917,0.31,0.32,0.68,0.69,0.01,0.01,74681.47,1776159118000
1776159120.31,120.31,0.31,0.32,0.68,0.69,0.01,0.01,74681.47,1776159118000
1776159120.817,120.817,0.3,0.32,0.68,0.69,0.02,0.01,74680.88,1776159119000
1776159121.175,121.175,0.3,0.31,0.69,0.7,0.01,0.01,74680.88,1776159119000
1776159121.521,121.521,0.3,0.31,0.69,0.7,0.01,0.01,74680.67,1776159120000
1776159121.969,121.969,0.3,0.31,0.69,0.7,0.01,0.01,74680.67,1776159120000
1776159122.357,122.357,0.3,0.31,0.69,0.7,0.01,0.01,74680.64,1776159121000
1776159122.755,122.755,0.3,0.31,0.69,0.7,0.01,0.01,74680.64,1776159121000
1776159123.469,123.469,0.28,0.31,0.69,0.7,0.03,0.01,74680.41,1776159122000
1776159123.969,123.969,0.28,0.29,0.71,0.72,0.01,0.01,74680.41,1776159122000
1776159124.462,124.462,0.28,0.29,0.71,0.72,0.01,0.01,74680.44,1776159123000
1776159124.803,124.803,0.28,0.29,0.71,0.72,0.01,0.01,74680.44,1776159123000
1776159125.298,125.298,0.28,0.29,0.71,0.72,0.01,0.01,74680.44,1776159123000
1776159125.648,125.648,0.28,0.29,0.71,0.72,0.01,0.01,74680.44,1776159123000
1776159126.045,126.045,0.28,0.29,0.71,0.72,0.01,0.01,74677.6,1776159124000
1776159126.406,126.406,0.28,0.29,0.71,0.72,0.01,0.01,74677.6,1776159124000
1776159126.744,126.744,0.28,0.29,0.71,0.72,0.01,0.01,74677.39,1776159125000
1776159127.126,127.126,0.27,0.29,0.71,0.73,0.02,0.02,74677.39,1776159126000
1776159127.575,127.575,0.27,0.28,0.72,0.73,0.01,0.01,74677.39,1776159126000
1776159127.936,127.936,0.27,0.28,0.72,0.73,0.01,0.01,74677.39,1776159126000
1776159128.315,128.315,0.27,0.28,0.72,0.73,0.01,0.01,74677.39,1776159126000
1776159128.718,128.718,0.27,0.28,0.72,0.73,0.01,0.01,74677.07,1776159127000
1776159129.344,129.344,0.26,0.27,0.72,0.73,0.01,0.01,74676.9,1776159128000
1776159129.973,129.973,0.26,0.27,0.73,0.74,0.01,0.01,74676.9,1776159128000
1776159130.312,130.312,0.26,0.27,0.73,0.74,0.01,0.01,74676.9,1776159128000
1776159130.66,130.66,0.26,0.27,0.73,0.74,0.01,0.01,74677.06,1776159129000
1776159131.023,131.023,0.26,0.27,0.73,0.74,0.01,0.01,74677.32,1776159130000
1776159131.422,131.422,0.28,0.29,0.7,0.74,0.01,0.04,74677.32,1776159130000
1776159131.792,131.792,0.29,0.3,0.7,0.72,0.01,0.02,74677.32,1776159130000
1776159132.127,132.127,0.29,0.3,0.7,0.71,0.01,0.01,74677.32,1776159131000
1776159132.556,132.556,0.29,0.3,0.7,0.71,0.01,0.01,74677.32,1776159131000
1776159132.972,132.972,0.29,0.3,0.7,0.71,0.01,0.01,74677.32,1776159131000
1776159133.318,133.318,0.29,0.3,0.7,0.71,0.01,0.01,74677.32,1776159131000
1776159133.792,133.792,0.29,0.3,0.7,0.71,0.01,0.01,74677.66,1776159132000
1776159134.289,134.289,0.29,0.3,0.7,0.71,0.01,0.01,74677.66,1776159132000
1776159134.843,134.843,0.3,0.31,0.69,0.7,0.01,0.01,74678.43,1776159133000
1776159135.474,135.474,0.3,0.31,0.69,0.7,0.01,0.01,74678.43,1776159134000
1776159135.83,135.83,0.3,0.31,0.69,0.7,0.01,0.01,74678.43,1776159134000
1776159136.316,136.316,0.3,0.31,0.69,0.7,0.01,0.01,74678.43,1776159134000
1776159136.93,136.93,0.3,0.31,0.69,0.7,0.01,0.01,74678.71,1776159136000
1776159137.265,137.265,0.3,0.31,0.69,0.7,0.01,0.01,74678.71,1776159136000
1776159138.312,138.312,0.3,0.31,0.69,0.7,0.01,0.01,74678.15,1776159137000
1776159138.89,138.89,0.29,0.31,0.69,0.7,0.02,0.01,74678.15,1776159137000
1776159139.622,139.622,0.29,0.3,0.7,0.71,0.01,0.01,74678.15,1776159137000
1776159140.098,140.098,0.29,0.3,0.7,0.71,0.01,0.01,74678.15,1776159138000
1776159140.666,140.666,0.29,0.3,0.7,0.71,0.01,0.01,74677.7,1776159139000
1776159141.218,141.218,0.29,0.3,0.7,0.71,0.01,0.01,74677.7,1776159139000
1776159141.582,141.582,0.29,0.3,0.7,0.71,0.01,0.01,74678.15,1776159140000
1776159142.091,142.091,0.29,0.3,0.7,0.71,0.01,0.01,74677.76,1776159141000
1776159142.657,142.657,0.29,0.3,0.7,0.71,0.01,0.01,74677.76,1776159141000
1776159143.269,143.269,0.29,0.3,0.7,0.71,0.01,0.01,74677.4,1776159142000
1776159143.823,143.823,0.29,0.3,0.7,0.71,0.01,0.01,74677.4,1776159142000
1776159144.304,144.304,0.29,0.3,0.7,0.71,0.01,0.01,74677.4,1776159142000
1776159144.719,144.719,0.29,0.3,0.7,0.71,0.01,0.01,74677.45,1776159143000
1776159145.154,145.154,0.29,0.3,0.7,0.71,0.01,0.01,74677.84,1776159144000
1776159145.54,145.54,0.29,0.3,0.7,0.71,0.01,0.01,74677.84,1776159144000
1776159146.163,146.163,0.29,0.3,0.7,0.71,0.01,0.01,74677.84,1776159144000
1776159146.51,146.51,0.29,0.3,0.7,0.71,0.01,0.01,74677.75,1776159145000
1776159147.298,147.298,0.29,0.3,0.7,0.71,0.01,0.01,74677.57,1776159146000
1776159147.871,147.871,0.34,0.35,0.64,0.66,0.01,0.02,74677.57,1776159146000
1776159148.435,148.435,0.34,0.35,0.65,0.66,0.01,0.01,74677.54,1776159147000
1776159148.772,148.772,0.34,0.37,0.65,0.66,0.03,0.01,74677.54,1776159147000
1776159149.107,149.107,0.42,0.44,0.56,0.59,0.02,0.03,74677.54,1776159147000
1776159149.464,149.464,0.43,0.44,0.56,0.57,0.01,0.01,74679.03,1776159148000
1776159149.945,149.945,0.45,0.46,0.54,0.55,0.01,0.01,74679.03,1776159148000
1776159150.315,150.315,0.45,0.46,0.54,0.55,0.01,0.01,74680.21,1776159149000
1776159150.677,150.677,0.49,0.52,0.48,0.51,0.03,0.03,74680.21,1776159149000
1776159151.037,151.037,0.49,0.5,0.5,0.51,0.01,0.01,74680.21,1776159149000
1776159151.413,151.413,0.49,0.5,0.49,0.51,0.01,0.02,74690.57,1776159150000
1776159151.795,151.795,0.5,0.51,0.47,0.5,0.01,0.03,74690.57,1776159150000
1776159152.152,152.152,0.51,0.52,0.48,0.49,0.01,0.01,74690.57,1776159150000
1776159152.515,152.515,0.51,0.52,0.48,0.49,0.01,0.01,74700.35,1776159151000
1776159152.941,152.941,0.51,0.53,0.48,0.49,0.02,0.01,74700.35,1776159151000
1776159153.373,153.373,0.51,0.52,0.48,0.49,0.01,0.01,74700.35,1776159151000
1776159153.734,153.734,0.51,0.53,0.48,0.49,0.02,0.01,74701.81,1776159152000
1776159154.085,154.085,0.51,0.52,0.48,0.49,0.01,0.01,74701.72,1776159153000
1776159154.439,154.439,0.52,0.53,0.46,0.49,0.01,0.03,74701.72,1776159153000
1776159155.243,155.243,0.52,0.53,0.47,0.48,0.01,0.01,74701.62,1776159154000
1776159155.744,155.744,0.52,0.53,0.47,0.48,0.01,0.01,74701.62,1776159154000
1776159156.127,156.127,0.52,0.53,0.47,0.48,0.01,0.01,74701.62,1776159154000
1776159156.518,156.518,0.52,0.53,0.47,0.48,0.01,0.01,74702.0,1776159155000
1776159157.125,157.125,0.52,0.53,0.47,0.48,0.01,0.01,74702.0,1776159155000
1776159157.585,157.585,0.52,0.53,0.47,0.48,0.01,0.01,74702.89,1776159156000
1776159157.922,157.922,0.52,0.53,0.47,0.48,0.01,0.01,74702.31,1776159157000
1776159158.637,158.637,0.52,0.53,0.47,0.48,0.01,0.01,74702.31,1776159157000
1776159159.028,159.028,0.5,0.51,0.49,0.51,0.01,0.02,74702.31,1776159158000
1776159159.515,159.515,0.49,0.5,0.49,0.52,0.01,0.03,74702.31,1776159158000
1776159160.019,160.019,0.48,0.5,0.5,0.51,0.02,0.01,74702.31,1776159158000
1776159160.371,160.371,0.48,0.49,0.51,0.52,0.01,0.01,74702.31,1776159158000
1776159160.76,160.76,0.47,0.48,0.51,0.53,0.01,0.02,74701.48,1776159159000
1776159161.526,161.526,0.47,0.48,0.52,0.53,0.01,0.01,74701.46,1776159160000
1776159161.86,161.86,0.45,0.46,0.54,0.55,0.01,0.01,74701.46,1776159160000
1776159162.197,162.197,0.37,0.41,0.59,0.62,0.04,0.03,74701.46,1776159160000
1776159162.571,162.571,0.38,0.39,0.61,0.62,0.01,0.01,74700.78,1776159161000
1776159163.064,163.064,0.37,0.39,0.61,0.62,0.02,0.01,74700.78,1776159161000
1776159163.519,163.519,0.37,0.38,0.62,0.63,0.01,0.01,74698.71,1776159162000
1776159163.858,163.858,0.36,0.37,0.63,0.64,0.01,0.01,74698.71,1776159162000
1776159164.246,164.246,0.35,0.36,0.64,0.65,0.01,0.01,74690.48,1776159163000
1776159164.631,164.631,0.35,0.36,0.64,0.65,0.01,0.01,74690.48,1776159163000
1776159165.146,165.146,0.35,0.36,0.64,0.65,0.01,0.01,74690.48,1776159163000
1776159165.538,165.538,0.35,0.36,0.64,0.65,0.01,0.01,74689.3,1776159164000
1776159165.969,165.969,0.35,0.36,0.64,0.65,0.01,0.01,74689.3,1776159164000
1776159166.363,166.363,0.35,0.36,0.64,0.65,0.01,0.01,74689.34,1776159165000
1776159167.251,167.251,0.35,0.36,0.64,0.65,0.01,0.01,74689.83,1776159166000
1776159167.797,167.797,0.35,0.36,0.64,0.65,0.01,0.01,74689.83,1776159166000
1776159168.163,168.163,0.35,0.36,0.64,0.65,0.01,0.01,74689.68,1776159167000
1776159168.532,168.532,0.35,0.36,0.64,0.65,0.01,0.01,74689.68,1776159167000
1776159168.93,168.93,0.36,0.37,0.63,0.64,0.01,0.01,74689.68,1776159167000
1776159169.334,169.334,0.36,0.37,0.63,0.64,0.01,0.01,74689.53,1776159168000
1776159169.914,169.914,0.36,0.37,0.63,0.64,0.01,0.01,74689.53,1776159168000
1776159170.362,170.362,0.36,0.37,0.63,0.64,0.01,0.01,74689.48,1776159169000
1776159171.023,171.023,0.36,0.37,0.63,0.64,0.01,0.01,74689.51,1776159170000
1776159171.423,171.423,0.36,0.37,0.63,0.64,0.01,0.01,74689.51,1776159170000
1776159171.768,171.768,0.38,0.39,0.61,0.62,0.01,0.01,74689.51,1776159170000
1776159172.155,172.155,0.38,0.39,0.61,0.62,0.01,0.01,74689.48,1776159171000
1776159172.855,172.855,0.38,0.39,0.61,0.62,0.01,0.01,74689.48,1776159171000
1776159173.319,173.319,0.39,0.4,0.59,0.61,0.01,0.02,74690.26,1776159172000
1776159173.861,173.861,0.4,0.41,0.59,0.61,0.01,0.02,74690.26,1776159172000
1776159174.362,174.362,0.4,0.41,0.59,0.6,0.01,0.01,74690.63,1776159173000
1776159174.721,174.721,0.48,0.51,0.49,0.53,0.03,0.04,74690.63,1776159173000
1776159175.061,175.061,0.5,0.53,0.47,0.5,0.03,0.03,74690.63,1776159173000
1776159175.416,175.416,0.5,0.54,0.46,0.5,0.04,0.04,74691.26,1776159174000
1776159175.749,175.749,0.51,0.52,0.48,0.49,0.01,0.01,74691.26,1776159174000
1776159176.22,176.22,0.51,0.52,0.48,0.49,0.01,0.01,74700.15,1776159175000
1776159176.676,176.676,0.51,0.52,0.48,0.49,0.01,0.01,74700.15,1776159175000
1776159177.028,177.028,0.51,0.52,0.48,0.49,0.01,0.01,74700.15,1776159175000
1776159177.447,177.447,0.51,0.52,0.48,0.49,0.01,0.01,74702.53,1776159176000
1776159177.829,177.829,0.51,0.52,0.48,0.49,0.01,0.01,74702.53,1776159176000
1776159178.347,178.347,0.51,0.52,0.48,0.49,0.01,0.01,74702.97,1776159177000
1776159178.725,178.725,0.51,0.52,0.48,0.49,0.01,0.01,74702.97,1776159177000
1776159179.192,179.192,0.51,0.52,0.48,0.49,0.01,0.01,74702.97,1776159177000
1776159179.535,179.535,0.51,0.52,0.48,0.49,0.01,0.01,74703.03,1776159178000
1776159180.172,180.172,0.51,0.52,0.48,0.49,0.01,0.01,74703.03,1776159178000
1776159180.857,180.857,0.51,0.52,0.48,0.49,0.01,0.01,74702.29,1776159179000
1776159181.257,181.257,0.51,0.52,0.48,0.49,0.01,0.01,74702.09,1776159180000
1776159181.635,181.635,0.51,0.52,0.48,0.49,0.01,0.01,74702.09,1776159180000
1776159181.971,181.971,0.51,0.52,0.48,0.49,0.01,0.01,74702.09,1776159180000
1776159182.34,182.34,0.51,0.53,0.47,0.49,0.02,0.02,74701.54,1776159181000
1776159182.685,182.685,0.51,0.52,0.48,0.49,0.01,0.01,74701.54,1776159181000
1776159183.132,183.132,0.51,0.52,0.48,0.49,0.01,0.01,74701.54,1776159181000
1776159183.597,183.597,0.51,0.52,0.48,0.49,0.01,0.01,74700.74,1776159182000
1776159184.121,184.121,0.51,0.52,0.48,0.49,0.01,0.01,74700.73,1776159183000
1776159184.561,184.561,0.51,0.52,0.48,0.49,0.01,0.01,74700.73,1776159183000
1776159184.921,184.921,0.51,0.52,0.48,0.49,0.01,0.01,74700.73,1776159183000
1776159185.422,185.422,0.5,0.52,0.48,0.5,0.02,0.02,74700.71,1776159184000
1776159186.008,186.008,0.5,0.51,0.49,0.5,0.01,0.01,74700.71,1776159184000
1776159186.419,186.419,0.5,0.51,0.49,0.5,0.01,0.01,74700.71,1776159185000
1776159186.83,186.83,0.5,0.51,0.49,0.5,0.01,0.01,74700.71,1776159185000
1776159187.163,187.163,0.5,0.51,0.49,0.5,0.01,0.01,74700.71,1776159186000
1776159187.531,187.531,0.5,0.52,0.49,0.5,0.02,0.01,74700.71,1776159186000
1776159187.886,187.886,0.51,0.52,0.48,0.5,0.01,0.02,74700.71,1776159186000
1776159188.231,188.231,0.51,0.52,0.48,0.49,0.01,0.01,74700.89,1776159187000
1776159188.81,188.81,0.51,0.52,0.48,0.49,0.01,0.01,74700.89,1776159187000
1776159189.2,189.2,0.51,0.52,0.48,0.49,0.01,0.01,74700.91,1776159188000
1776159189.642,189.642,0.52,0.53,0.48,0.49,0.01,0.01,74700.91,1776159188000
1776159189.977,189.977,0.52,0.53,0.47,0.48,0.01,0.01,74700.91,1776159188000
1776159191.037,191.037,0.52,0.53,0.47,0.48,0.01,0.01,74701.06,1776159190000
1776159191.589,191.589,0.52,0.53,0.47,0.48,0.01,0.01,74701.06,1776159190000
1776159192.116,192.116,0.52,0.53,0.47,0.48,0.01,0.01,74701.62,1776159191000
1776159192.586,192.586,0.52,0.53,0.47,0.48,0.01,0.01,74701.62,1776159191000
1776159192.992,192.992,0.52,0.53,0.47,0.48,0.01,0.01,74701.54,1776159192000
1776159193.561,193.561,0.52,0.53,0.47,0.48,0.01,0.01,74701.54,1776159192000
1776159193.931,193.931,0.52,0.53,0.47,0.48,0.01,0.01,74701.54,1776159193000
1776159194.405,194.405,0.53,0.54,0.46,0.48,0.01,0.02,74701.54,1776159193000
1776159194.938,194.938,0.53,0.54,0.46,0.47,0.01,0.01,74701.55,1776159194000
1776159195.408,195.408,0.53,0.54,0.46,0.47,0.01,0.01,74701.55,1776159194000
1776159196.093,196.093,0.53,0.54,0.46,0.47,0.01,0.01,74701.55,1776159194000
1776159196.8,196.8,0.53,0.54,0.46,0.47,0.01,0.01,74701.23,1776159195000
1776159197.354,197.354,0.53,0.54,0.46,0.47,0.01,0.01,74701.31,1776159196000
1776159198.031,198.031,0.53,0.54,0.46,0.47,0.01,0.01,74701.27,1776159197000
1776159198.635,198.635,0.53,0.54,0.46,0.47,0.01,0.01,74701.27,1776159197000
1776159199.102,199.102,0.53,0.54,0.46,0.47,0.01,0.01,74701.27,1776159197000
1776159199.932,199.932,0.53,0.54,0.46,0.47,0.01,0.01,74701.28,1776159198000
1776159200.374,200.374,0.53,0.54,0.46,0.47,0.01,0.01,74701.53,1776159199000
1776159200.768,200.768,0.53,0.54,0.46,0.47,0.01,0.01,74701.53,1776159199000
1776159201.142,201.142,0.53,0.54,0.46,0.47,0.01,0.01,74701.53,1776159199000
1776159201.697,201.697,0.54,0.55,0.46,0.47,0.01,0.01,74701.53,1776159200000
1776159202.063,202.063,0.54,0.55,0.45,0.46,0.01,0.01,74701.53,1776159201000
1776159202.428,202.428,0.54,0.55,0.45,0.46,0.01,0.01,74701.53,1776159201000
1776159202.789,202.789,0.54,0.55,0.45,0.46,0.01,0.01,74701.53,1776159201000
1776159203.294,203.294,0.54,0.55,0.45,0.46,0.01,0.01,74701.64,1776159202000
1776159204.106,204.106,0.54,0.55,0.45,0.46,0.01,0.01,74703.06,1776159203000
1776159204.792,204.792,0.54,0.55,0.45,0.46,0.01,0.01,74703.06,1776159203000
1776159205.202,205.202,0.54,0.55,0.45,0.46,0.01,0.01,74703.06,1776159203000
1776159205.75,205.75,0.54,0.55,0.45,0.46,0.01,0.01,74703.38,1776159204000
1776159206.329,206.329,0.54,0.55,0.45,0.46,0.01,0.01,74703.3,1776159205000
1776159206.766,206.766,0.54,0.55,0.45,0.46,0.01,0.01,74703.3,1776159205000
1776159207.174,207.174,0.54,0.55,0.45,0.46,0.01,0.01,74703.3,1776159205000
1776159207.554,207.554,0.54,0.55,0.45,0.46,0.01,0.01,74703.3,1776159206000
1776159208.042,208.042,0.54,0.55,0.45,0.46,0.01,0.01,74702.71,1776159207000
1776159208.379,208.379,0.54,0.55,0.45,0.46,0.01,0.01,74702.71,1776159207000
1776159208.942,208.942,0.54,0.55,0.45,0.46,0.01,0.01,74702.71,1776159207000
1776159209.292,209.292,0.54,0.55,0.45,0.46,0.01,0.01,74702.96,1776159208000
1776159210.022,210.022,0.54,0.55,0.45,0.46,0.01,0.01,74702.96,1776159208000
1776159210.389,210.389,0.54,0.55,0.45,0.46,0.01,0.01,74702.96,1776159208000
1776159210.843,210.843,0.54,0.55,0.45,0.46,0.01,0.01,74702.64,1776159209000
1776159211.187,211.187,0.54,0.55,0.45,0.46,0.01,0.01,74702.64,1776159210000
1776159211.555,211.555,0.54,0.55,0.45,0.46,0.01,0.01,74702.64,1776159210000
1776159211.926,211.926,0.52,0.53,0.47,0.48,0.01,0.01,74702.64,1776159210000
1776159212.304,212.304,0.5,0.51,0.49,0.51,0.01,0.02,74703.14,1776159211000
1776159212.705,212.705,0.49,0.51,0.49,0.5,0.02,0.01,74703.14,1776159211000
1776159213.194,213.194,0.49,0.51,0.49,0.51,0.02,0.02,74703.41,1776159212000
1776159213.562,213.562,0.51,0.52,0.49,0.51,0.01,0.02,74703.41,1776159212000
1776159214.053,214.053,0.51,0.52,0.48,0.49,0.01,0.01,74702.34,1776159213000
1776159214.401,214.401,0.48,0.52,0.48,0.5,0.04,0.02,74702.34,1776159213000
1776159214.766,214.766,0.34,0.39,0.61,0.65,0.05,0.04,74702.34,1776159213000
1776159215.147,215.147,0.38,0.39,0.61,0.62,0.01,0.01,74702.34,1776159213000
1776159215.505,215.505,0.38,0.39,0.61,0.62,0.01,0.01,74701.59,1776159214000
1776159215.889,215.889,0.38,0.39,0.61,0.62,0.01,0.01,74701.59,1776159214000
1776159216.259,216.259,0.38,0.39,0.61,0.62,0.01,0.01,74698.52,1776159215000
1776159216.63,216.63,0.38,0.39,0.61,0.62,0.01,0.01,74698.52,1776159215000
1776159217.017,217.017,0.38,0.39,0.61,0.62,0.01,0.01,74698.52,1776159215000
1776159217.433,217.433,0.4,0.41,0.54,0.62,0.01,0.08,74695.26,1776159216000
1776159217.825,217.825,0.4,0.42,0.59,0.6,0.02,0.01,74695.26,1776159216000
1776159218.189,218.189,0.41,0.42,0.58,0.59,0.01,0.01,74695.5,1776159217000
1776159218.552,218.552,0.41,0.42,0.58,0.6,0.01,0.02,74695.5,1776159217000
1776159218.988,218.988,0.38,0.41,0.59,0.6,0.03,0.01,74695.5,1776159217000
1776159219.337,219.337,0.38,0.4,0.59,0.61,0.02,0.02,74695.55,1776159218000
1776159219.682,219.682,0.38,0.39,0.61,0.62,0.01,0.01,74695.55,1776159218000
1776159220.03,220.03,0.33,0.35,0.62,0.67,0.02,0.05,74695.57,1776159219000
1776159220.487,220.487,0.33,0.35,0.65,0.66,0.02,0.01,74695.57,1776159219000
1776159220.982,220.982,0.32,0.33,0.66,0.68,0.01,0.02,74695.57,1776159219000
1776159221.406,221.406,0.33,0.34,0.66,0.67,0.01,0.01,74695.06,1776159220000
1776159222.036,222.036,0.33,0.34,0.66,0.67,0.01,0.01,74693.34,1776159221000
1776159222.517,222.517,0.33,0.34,0.66,0.67,0.01,0.01,74693.34,1776159221000
1776159222.857,222.857,0.33,0.34,0.66,0.67,0.01,0.01,74693.34,1776159221000
1776159223.227,223.227,0.32,0.33,0.67,0.68,0.01,0.01,74693.34,1776159221000
1776159223.666,223.666,0.32,0.33,0.67,0.68,0.01,0.01,74692.33,1776159222000
1776159224.007,224.007,0.31,0.33,0.67,0.68,0.02,0.01,74692.0,1776159223000
1776159224.464,224.464,0.3,0.32,0.68,0.69,0.02,0.01,74692.0,1776159223000
1776159224.846,224.846,0.3,0.31,0.69,0.7,0.01,0.01,74692.0,1776159223000
1776159225.199,225.199,0.3,0.31,0.69,0.7,0.01,0.01,74692.0,1776159223000
1776159225.574,225.574,0.29,0.3,0.7,0.71,0.01,0.01,74692.04,1776159224000
1776159225.914,225.914,0.29,0.3,0.7,0.71,0.01,0.01,74692.04,1776159224000
1776159226.256,226.256,0.29,0.3,0.7,0.71,0.01,0.01,74691.84,1776159225000
1776159226.7,226.7,0.29,0.3,0.7,0.71,0.01,0.01,74691.84,1776159225000
1776159227.132,227.132,0.29,0.3,0.7,0.71,0.01,0.01,74691.31,1776159226000
1776159227.515,227.515,0.29,0.3,0.7,0.71,0.01,0.01,74691.31,1776159226000
1776159227.996,227.996,0.29,0.3,0.7,0.71,0.01,0.01,74691.31,1776159226000
1776159228.364,228.364,0.29,0.3,0.7,0.71,0.01,0.01,74691.31,1776159226000
1776159228.712,228.712,0.28,0.29,0.71,0.72,0.01,0.01,74691.31,1776159227000
1776159229.069,229.069,0.25,0.26,0.74,0.75,0.01,0.01,74691.31,1776159227000
1776159229.421,229.421,0.25,0.26,0.74,0.75,0.01,0.01,74691.2,1776159228000
1776159229.824,229.824,0.25,0.26,0.74,0.75,0.01,0.01,74691.2,1776159228000
1776159230.189,230.189,0.25,0.26,0.74,0.75,0.01,0.01,74691.2,1776159228000
1776159230.541,230.541,0.25,0.26,0.74,0.75,0.01,0.01,74691.2,1776159229000
1776159230.876,230.876,0.25,0.26,0.74,0.75,0.01,0.01,74691.2,1776159229000
1776159231.216,231.216,0.25,0.26,0.74,0.75,0.01,0.01,74691.2,1776159229000
1776159231.88,231.88,0.25,0.26,0.74,0.75,0.01,0.01,74686.17,1776159230000
1776159232.232,232.232,0.25,0.26,0.74,0.75,0.01,0.01,74686.17,1776159231000
1776159232.782,232.782,0.22,0.23,0.77,0.78,0.01,0.01,74686.17,1776159231000
1776159233.146,233.146,0.22,0.23,0.77,0.78,0.01,0.01,74686.28,1776159232000
1776159233.505,233.505,0.22,0.23,0.77,0.78,0.01,0.01,74686.28,1776159232000
1776159233.851,233.851,0.22,0.23,0.77,0.78,0.01,0.01,74686.28,1776159232000
1776159234.189,234.189,0.22,0.23,0.77,0.78,0.01,0.01,74686.28,1776159232000
1776159234.531,234.531,0.22,0.23,0.77,0.78,0.01,0.01,74685.56,1776159233000
1776159234.893,234.893,0.22,0.23,0.77,0.78,0.01,0.01,74685.56,1776159233000
1776159235.32,235.32,0.22,0.23,0.77,0.78,0.01,0.01,74685.05,1776159234000
1776159235.686,235.686,0.22,0.23,0.77,0.78,0.01,0.01,74685.05,1776159234000
1776159236.087,236.087,0.22,0.23,0.77,0.78,0.01,0.01,74684.09,1776159235000
1776159236.456,236.456,0.22,0.23,0.77,0.78,0.01,0.01,74684.09,1776159235000
1776159236.816,236.816,0.22,0.23,0.77,0.78,0.01,0.01,74684.09,1776159235000
1776159237.205,237.205,0.22,0.23,0.77,0.78,0.01,0.01,74684.1,1776159236000
1776159237.549,237.549,0.22,0.23,0.77,0.78,0.01,0.01,74684.1,1776159236000
1776159237.904,237.904,0.21,0.22,0.78,0.79,0.01,0.01,74684.1,1776159236000
1776159238.41,238.41,0.21,0.22,0.78,0.79,0.01,0.01,74684.1,1776159236000
1776159238.78,238.78,0.21,0.22,0.78,0.79,0.01,0.01,74684.1,1776159236000
1776159239.246,239.246,0.21,0.22,0.78,0.79,0.01,0.01,74684.18,1776159237000
1776159239.632,239.632,0.2,0.22,0.78,0.79,0.02,0.01,74684.18,1776159238000
1776159240.216,240.216,0.2,0.22,0.78,0.8,0.02,0.02,74684.24,1776159239000
1776159240.617,240.617,0.2,0.21,0.79,0.8,0.01,0.01,74684.24,1776159239000
1776159241.038,241.038,0.2,0.21,0.79,0.8,0.01,0.01,74684.24,1776159239000
1776159241.452,241.452,0.2,0.21,0.79,0.8,0.01,0.01,74684.72,1776159240000
1776159242.029,242.029,0.2,0.21,0.79,0.8,0.01,0.01,74684.72,1776159240000
1776159242.367,242.367,0.2,0.21,0.79,0.8,0.01,0.01,74684.72,1776159241000
1776159242.755,242.755,0.18,0.19,0.8,0.83,0.01,0.03,74684.72,1776159241000
1776159243.09,243.09,0.18,0.19,0.81,0.82,0.01,0.01,74684.72,1776159241000
1776159243.437,243.437,0.17,0.18,0.81,0.83,0.01,0.02,74684.72,1776159242000
1776159243.782,243.782,0.14,0.15,0.84,0.86,0.01,0.02,74684.72,1776159242000
1776159244.149,244.149,0.13,0.14,0.86,0.88,0.01,0.02,74684.72,1776159242000
1776159244.516,244.516,0.12,0.13,0.87,0.88,0.01,0.01,74685.14,1776159243000
1776159244.882,244.882,0.12,0.13,0.87,0.88,0.01,0.01,74685.14,1776159243000
1776159245.245,245.245,0.11,0.12,0.88,0.89,0.01,0.01,74685.14,1776159243000
1776159245.634,245.634,0.11,0.12,0.88,0.89,0.01,0.01,74682.58,1776159244000
1776159246.166,246.166,0.11,0.12,0.88,0.89,0.01,0.01,74677.03,1776159245000
1776159246.509,246.509,0.11,0.12,0.88,0.89,0.01,0.01,74677.03,1776159245000
1776159246.913,246.913,0.11,0.12,0.88,0.89,0.01,0.01,74677.03,1776159245000
1776159247.277,247.277,0.09,0.1,0.9,0.91,0.01,0.01,74673.86,1776159246000
1776159247.626,247.626,0.08,0.09,0.91,0.92,0.01,0.01,74673.86,1776159246000
1776159247.969,247.969,0.08,0.09,0.91,0.92,0.01,0.01,74673.86,1776159246000
1776159248.353,248.353,0.07,0.08,0.92,0.93,0.01,0.01,74673.14,1776159247000
1776159248.686,248.686,0.05,0.06,0.93,0.95,0.01,0.02,74673.14,1776159247000
1776159249.033,249.033,0.05,0.06,0.94,0.95,0.01,0.01,74673.14,1776159247000
1776159249.379,249.379,0.05,0.06,0.94,0.95,0.01,0.01,74670.26,1776159248000
1776159249.777,249.777,0.04,0.06,0.94,0.95,0.02,0.01,74670.26,1776159248000
1776159250.157,250.157,0.04,0.05,0.94,0.96,0.01,0.02,74670.26,1776159248000
1776159250.516,250.516,0.04,0.05,0.95,0.96,0.01,0.01,74665.63,1776159249000
1776159250.923,250.923,0.04,0.05,0.95,0.96,0.01,0.01,74665.63,1776159249000
1776159251.258,251.258,0.04,0.05,0.95,0.96,0.01,0.01,74665.63,1776159249000
1776159251.638,251.638,0.04,0.05,0.95,0.96,0.01,0.01,74659.53,1776159250000
1776159251.989,251.989,0.06,0.07,0.93,0.94,0.01,0.01,74659.53,1776159250000
1776159252.33,252.33,0.08,0.09,0.91,0.92,0.01,0.01,74657.07,1776159251000
1776159252.665,252.665,0.08,0.09,0.91,0.92,0.01,0.01,74657.07,1776159251000
1776159253.009,253.009,0.08,0.09,0.91,0.93,0.01,0.02,74657.07,1776159251000
1776159253.38,253.38,0.08,0.09,0.91,0.92,0.01,0.01,74657.07,1776159251000
1776159253.768,253.768,0.08,0.09,0.91,0.92,0.01,0.01,74657.07,1776159251000
1776159254.105,254.105,0.08,0.09,0.91,0.92,0.01,0.01,74660.75,1776159252000
1776159254.748,254.748,0.08,0.09,0.91,0.92,0.01,0.01,74665.34,1776159253000
1776159255.157,255.157,0.05,0.06,0.93,0.94,0.01,0.01,74665.34,1776159253000
1776159255.497,255.497,0.04,0.05,0.95,0.96,0.01,0.01,74665.34,1776159253000
1776159255.847,255.847,0.04,0.05,0.95,0.96,0.01,0.01,74666.01,1776159254000
1776159256.188,256.188,0.04,0.05,0.95,0.96,0.01,0.01,74666.01,1776159254000
1776159256.581,256.581,0.04,0.05,0.95,0.96,0.01,0.01,74666.03,1776159255000
1776159256.917,256.917,0.04,0.05,0.95,0.96,0.01,0.01,74666.03,1776159255000
1776159257.253,257.253,0.06,0.07,0.93,0.94,0.01,0.01,74666.03,1776159255000
1776159257.592,257.592,0.09,0.1,0.9,0.91,0.01,0.01,74666.03,1776159255000
1776159257.925,257.925,0.09,0.1,0.9,0.91,0.01,0.01,74664.25,1776159256000
1776159258.26,258.26,0.09,0.1,0.9,0.91,0.01,0.01,74664.25,1776159256000
1776159258.604,258.604,0.09,0.1,0.9,0.92,0.01,0.02,74664.25,1776159257000
1776159258.94,258.94,0.06,0.07,0.91,0.94,0.01,0.03,74664.25,1776159257000
1776159259.293,259.293,0.06,0.07,0.93,0.94,0.01,0.01,74665.44,1776159258000
1776159259.631,259.631,0.06,0.07,0.93,0.94,0.01,0.01,74665.44,1776159258000
1776159259.997,259.997,0.06,0.07,0.93,0.94,0.01,0.01,74665.44,1776159258000
1776159260.331,260.331,0.06,0.07,0.93,0.94,0.01,0.01,74665.44,1776159258000
1776159260.666,260.666,0.06,0.07,0.93,0.94,0.01,0.01,74665.62,1776159259000
1776159261.009,261.009,0.06,0.07,0.93,0.94,0.01,0.01,74665.62,1776159260000
1776159261.344,261.344,0.06,0.07,0.93,0.94,0.01,0.01,74665.62,1776159260000
1776159261.69,261.69,0.05,0.06,0.93,0.95,0.01,0.02,74665.62,1776159260000
1776159262.316,262.316,0.05,0.06,0.94,0.95,0.01,0.01,74665.62,1776159260000
1776159262.655,262.655,0.05,0.06,0.94,0.95,0.01,0.01,74665.64,1776159261000
1776159263.009,263.009,0.05,0.06,0.94,0.95,0.01,0.01,74665.64,1776159262000
1776159263.345,263.345,0.05,0.06,0.94,0.95,0.01,0.01,74665.64,1776159262000
1776159263.708,263.708,0.05,0.06,0.94,0.95,0.01,0.01,74665.64,1776159262000
1776159264.186,264.186,0.05,0.06,0.94,0.95,0.01,0.01,74665.64,1776159262000
1776159264.528,264.528,0.05,0.06,0.94,0.95,0.01,0.01,74665.64,1776159262000
1776159264.863,264.863,0.05,0.06,0.94,0.95,0.01,0.01,74665.47,1776159263000
1776159265.213,265.213,0.04,0.05,0.94,0.96,0.01,0.02,74665.47,1776159264000
1776159265.717,265.717,0.04,0.05,0.95,0.96,0.01,0.01,74665.47,1776159264000
1776159266.08,266.08,0.04,0.05,0.95,0.96,0.01,0.01,74665.47,1776159264000
1776159266.467,266.467,0.03,0.04,0.96,0.97,0.01,0.01,74665.06,1776159265000
1776159266.861,266.861,0.03,0.04,0.96,0.97,0.01,0.01,74665.06,1776159265000
1776159267.194,267.194,0.03,0.04,0.96,0.97,0.01,0.01,74665.06,1776159265000
1776159267.561,267.561,0.03,0.04,0.96,0.97,0.01,0.01,74664.98,1776159266000
1776159267.901,267.901,0.03,0.04,0.96,0.97,0.01,0.01,74664.98,1776159266000
1776159268.25,268.25,0.03,0.04,0.96,0.97,0.01,0.01,74664.98,1776159267000
1776159268.607,268.607,0.03,0.04,0.96,0.97,0.01,0.01,74664.98,1776159267000
1776159269.218,269.218,0.03,0.04,0.96,0.97,0.01,0.01,74664.98,1776159267000
1776159269.726,269.726,0.03,0.04,0.96,0.97,0.01,0.01,74665.61,1776159268000
1776159270.165,270.165,0.03,0.04,0.96,0.97,0.01,0.01,74665.96,1776159269000
1776159270.544,270.544,0.03,0.04,0.96,0.97,0.01,0.01,74665.96,1776159269000
1776159270.913,270.913,0.03,0.04,0.96,0.97,0.01,0.01,74665.96,1776159269000
1776159271.414,271.414,0.03,0.04,0.96,0.97,0.01,0.01,74665.96,1776159269000
1776159271.799,271.799,0.03,0.04,0.96,0.97,0.01,0.01,74666.09,1776159270000
1776159272.134,272.134,0.03,0.04,0.96,0.97,0.01,0.01,74666.09,1776159270000
1776159272.658,272.658,0.03,0.04,0.96,0.97,0.01,0.01,74666.1,1776159271000
1776159273.065,273.065,0.03,0.04,0.96,0.97,0.01,0.01,74666.1,1776159271000
1776159273.71,273.71,0.03,0.04,0.96,0.97,0.01,0.01,74666.1,1776159272000
1776159274.058,274.058,0.03,0.04,0.96,0.97,0.01,0.01,74666.1,1776159272000
1776159274.546,274.546,0.03,0.04,0.96,0.97,0.01,0.01,74665.14,1776159273000
1776159275.014,275.014,0.03,0.04,0.96,0.97,0.01,0.01,74665.14,1776159273000
1776159275.681,275.681,0.02,0.03,0.97,0.98,0.01,0.01,74664.78,1776159274000
1776159276.12,276.12,0.02,0.03,0.97,0.98,0.01,0.01,74664.78,1776159274000
1776159276.515,276.515,0.02,0.03,0.97,0.98,0.01,0.01,74664.8,1776159275000
1776159276.908,276.908,0.02,0.03,0.97,0.98,0.01,0.01,74664.8,1776159275000
1776159277.324,277.324,0.02,0.03,0.97,0.98,0.01,0.01,74664.8,1776159276000
1776159277.658,277.658,0.02,0.03,0.97,0.98,0.01,0.01,74664.8,1776159276000
1776159278.036,278.036,0.02,0.03,0.97,0.98,0.01,0.01,74664.79,1776159277000
1776159278.384,278.384,0.02,0.04,0.96,0.98,0.02,0.02,74664.79,1776159277000
1776159279.033,279.033,0.02,0.03,0.97,0.98,0.01,0.01,74664.6,1776159278000
1776159279.385,279.385,0.02,0.03,0.97,0.98,0.01,0.01,74664.6,1776159278000
1776159279.981,279.981,0.02,0.03,0.97,0.98,0.01,0.01,74664.6,1776159278000
1776159280.343,280.343,0.02,0.03,0.97,0.98,0.01,0.01,74664.48,1776159279000
1776159280.677,280.677,0.02,0.03,0.97,0.98,0.01,0.01,74664.48,1776159279000
1776159281.124,281.124,0.02,0.03,0.97,0.98,0.01,0.01,74664.48,1776159279000
1776159281.573,281.573,0.02,0.03,0.97,0.98,0.01,0.01,74664.29,1776159280000
1776159281.912,281.912,0.02,0.03,0.97,0.98,0.01,0.01,74664.29,1776159280000
1776159282.265,282.265,0.02,0.03,0.97,0.98,0.01,0.01,74664.29,1776159280000
1776159282.927,282.927,0.02,0.03,0.97,0.98,0.01,0.01,74665.01,1776159282000
1776159283.333,283.333,0.02,0.03,0.97,0.98,0.01,0.01,74665.01,1776159282000
1776159284.089,284.089,0.02,0.03,0.97,0.98,0.01,0.01,74665.01,1776159282000
1776159284.451,284.451,0.02,0.03,0.97,0.98,0.01,0.01,74665.01,1776159283000
1776159284.812,284.812,0.02,0.03,0.97,0.98,0.01,0.01,74665.01,1776159283000
1776159285.169,285.169,0.01,0.02,0.98,0.99,0.01,0.01,74665.01,1776159283000
1776159285.526,285.526,0.01,0.02,0.98,0.99,0.01,0.01,74664.94,1776159284000
1776159285.93,285.93,0.01,0.02,0.98,0.99,0.01,0.01,74664.94,1776159284000
1776159286.383,286.383,0.01,0.02,0.98,0.99,0.01,0.01,74664.94,1776159284000
1776159286.802,286.802,0.01,0.02,0.98,0.99,0.01,0.01,74664.94,1776159284000
1776159287.159,287.159,0.05,0.09,0.89,0.95,0.04,0.06,74664.95,1776159285000
1776159287.531,287.531,0.11,0.12,0.88,0.89,0.01,0.01,74664.95,1776159285000
1776159287.951,287.951,0.07,0.08,0.92,0.93,0.01,0.01,74664.65,1776159286000
1776159288.385,288.385,0.02,0.03,0.97,0.98,0.01,0.01,74664.7,1776159287000
1776159288.734,288.734,0.03,0.04,0.97,0.98,0.01,0.01,74664.7,1776159287000
1776159289.198,289.198,0.03,0.04,0.97,0.98,0.01,0.01,74677.43,1776159288000
1776159289.598,289.598,0.05,0.06,0.94,0.95,0.01,0.01,74677.43,1776159288000
1776159290.322,290.322,0.05,0.06,0.94,0.95,0.01,0.01,74679.64,1776159289000
1776159290.681,290.681,0.05,0.06,0.94,0.95,0.01,0.01,74679.64,1776159289000
1776159291.096,291.096,0.04,0.05,0.94,0.97,0.01,0.03,74679.64,1776159289000
1776159291.474,291.474,0.02,0.03,0.96,0.98,0.01,0.02,74679.83,1776159290000
1776159291.823,291.823,0.01,0.02,0.98,0.99,0.01,0.01,74679.83,1776159290000
1776159292.307,292.307,0.01,0.02,0.98,0.99,0.01,0.01,74679.83,1776159291000
1776159292.707,292.707,0.01,0.02,0.98,0.99,0.01,0.01,74679.83,1776159291000
1776159293.301,293.301,0.01,0.02,0.98,0.99,0.01,0.01,74679.82,1776159292000
1776159293.726,293.726,0.01,0.02,0.98,0.99,0.01,0.01,74679.82,1776159292000
1776159294.122,294.122,0.01,0.02,0.98,0.99,0.01,0.01,74679.85,1776159293000
1776159294.466,294.466,0.01,0.02,0.98,0.99,0.01,0.01,74679.85,1776159293000
1776159294.938,294.938,0.01,0.02,0.98,0.99,0.01,0.01,74679.85,1776159293000
1776159295.366,295.366,0.01,0.02,0.98,0.99,0.01,0.01,74679.9,1776159294000
1776159295.915,295.915,0.01,0.02,0.98,0.99,0.01,0.01,74679.9,1776159294000
1776159296.25,296.25,0.01,0.02,0.98,0.99,0.01,0.01,74680.17,1776159295000
1776159296.627,296.627,0.01,0.02,0.98,0.99,0.01,0.01,74680.17,1776159295000
1776159296.979,296.979,0.01,0.02,0.98,0.99,0.01,0.01,74680.17,1776159295000
1776159297.349,297.349,0.01,0.02,0.98,0.99,0.01,0.01,74680.26,1776159296000
1776159297.799,297.799,0.01,0.01,0.99,0.99,0.0,0.0,74680.26,1776159296000
1776159298.248,298.248,0.01,0.01,0.99,0.99,0.0,0.0,74680.26,1776159296000
1776159298.628,298.628,0.01,0.01,0.99,0.99,0.0,0.0,74680.36,1776159297000
1776159299.011,299.011,0.01,0.01,0.99,0.99,0.0,0.0,74680.36,1776159297000
1776159299.42,299.42,0.01,0.01,0.99,0.99,0.0,0.0,74680.36,1776159297000
1776159299.775,299.775,0.01,0.01,0.99,0.99,0.0,0.0,74680.35,1776159298000
1776159300.397,300.397,0.01,0.01,0.99,0.99,0.0,0.0,74680.35,1776159298000
1776159300.85,300.85,0.01,0.01,0.99,0.99,0.0,0.0,74680.35,1776159298000

# RESULT,winner=Down,slug=btc-updown-5m-1776159000,ticks=697
