timestamp,elapsed_sec,up_bid,up_ask,down_bid,down_ask,up_spread,down_spread,btc_price,btc_oracle_ts
1776318900.686,0.686,0.48,0.49,0.5,0.52,0.01,0.02,75068.69,1776318899000
1776318901.142,1.142,0.48,0.5,0.51,0.52,0.02,0.01,75068.69,1776318900000
1776318901.491,1.491,0.49,0.5,0.5,0.51,0.01,0.01,75068.69,1776318900000
1776318901.827,1.827,0.45,0.46,0.51,0.53,0.01,0.02,75068.69,1776318900000
1776318902.162,2.162,0.44,0.45,0.55,0.56,0.01,0.01,75068.69,1776318901000
1776318902.557,2.557,0.44,0.45,0.55,0.56,0.01,0.01,75068.69,1776318901000
1776318902.892,2.892,0.42,0.43,0.57,0.58,0.01,0.01,75068.69,1776318901000
1776318903.39,3.39,0.4,0.41,0.59,0.6,0.01,0.01,75068.67,1776318902000
1776318903.789,3.789,0.41,0.42,0.57,0.6,0.01,0.03,75068.67,1776318902000
1776318904.185,4.185,0.41,0.42,0.58,0.59,0.01,0.01,75068.67,1776318902000
1776318904.787,4.787,0.41,0.42,0.58,0.59,0.01,0.01,75062.4,1776318903000
1776318905.24,5.24,0.41,0.42,0.58,0.59,0.01,0.01,75062.4,1776318903000
1776318905.583,5.583,0.41,0.42,0.58,0.59,0.01,0.01,75059.46,1776318904000
1776318905.945,5.945,0.38,0.4,0.58,0.61,0.02,0.03,75059.46,1776318904000
1776318906.347,6.347,0.37,0.38,0.62,0.63,0.01,0.01,75059.46,1776318904000
1776318906.794,6.794,0.36,0.38,0.62,0.63,0.02,0.01,75059.08,1776318905000
1776318907.201,7.201,0.35,0.36,0.64,0.65,0.01,0.01,75059.05,1776318906000
1776318907.718,7.718,0.35,0.36,0.64,0.65,0.01,0.01,75059.05,1776318906000
1776318908.054,8.054,0.34,0.36,0.64,0.66,0.02,0.02,75052.71,1776318907000
1776318908.405,8.405,0.34,0.35,0.65,0.66,0.01,0.01,75052.71,1776318907000
1776318908.807,8.807,0.34,0.35,0.65,0.66,0.01,0.01,75052.71,1776318907000
1776318909.247,9.247,0.34,0.35,0.65,0.66,0.01,0.01,75052.12,1776318908000
1776318909.607,9.607,0.34,0.35,0.65,0.66,0.01,0.01,75052.12,1776318908000
1776318909.988,9.988,0.34,0.35,0.65,0.66,0.01,0.01,75052.12,1776318908000
1776318910.345,10.345,0.34,0.35,0.65,0.66,0.01,0.01,75051.02,1776318909000
1776318910.72,10.72,0.35,0.36,0.64,0.66,0.01,0.02,75051.02,1776318909000
1776318911.161,11.161,0.36,0.38,0.63,0.64,0.02,0.01,75051.02,1776318909000
1776318911.62,11.62,0.36,0.37,0.63,0.64,0.01,0.01,75049.41,1776318910000
1776318911.979,11.979,0.36,0.37,0.63,0.64,0.01,0.01,75049.41,1776318910000
1776318912.39,12.39,0.36,0.38,0.63,0.64,0.02,0.01,75049.93,1776318911000
1776318912.817,12.817,0.37,0.38,0.62,0.63,0.01,0.01,75049.93,1776318911000
1776318913.425,13.425,0.37,0.38,0.62,0.63,0.01,0.01,75049.93,1776318911000
1776318913.76,13.76,0.37,0.38,0.62,0.63,0.01,0.01,75049.93,1776318911000
1776318914.314,14.314,0.37,0.38,0.62,0.63,0.01,0.01,75052.19,1776318912000
1776318914.669,14.669,0.37,0.38,0.62,0.63,0.01,0.01,75052.73,1776318913000
1776318915.089,15.089,0.38,0.39,0.61,0.63,0.01,0.02,75052.73,1776318913000
1776318915.805,15.805,0.38,0.39,0.61,0.62,0.01,0.01,75054.49,1776318914000
1776318916.139,16.139,0.38,0.39,0.61,0.62,0.01,0.01,75054.49,1776318914000
1776318916.6,16.6,0.39,0.4,0.6,0.61,0.01,0.01,75053.75,1776318915000
1776318916.974,16.974,0.39,0.4,0.6,0.61,0.01,0.01,75053.75,1776318915000
1776318917.422,17.422,0.39,0.4,0.6,0.61,0.01,0.01,75053.75,1776318915000
1776318918.028,18.028,0.39,0.4,0.6,0.61,0.01,0.01,75053.32,1776318917000
1776318918.373,18.373,0.39,0.4,0.6,0.61,0.01,0.01,75053.32,1776318917000
1776318918.795,18.795,0.39,0.4,0.6,0.61,0.01,0.01,75053.32,1776318917000
1776318919.169,19.169,0.39,0.4,0.6,0.61,0.01,0.01,75053.32,1776318917000
1776318919.759,19.759,0.39,0.4,0.6,0.61,0.01,0.01,75053.29,1776318918000
1776318920.117,20.117,0.39,0.4,0.6,0.61,0.01,0.01,75053.29,1776318918000
1776318920.523,20.523,0.39,0.4,0.6,0.61,0.01,0.01,75053.65,1776318919000
1776318920.884,20.884,0.39,0.4,0.6,0.61,0.01,0.01,75053.38,1776318920000
1776318921.37,21.37,0.34,0.35,0.61,0.66,0.01,0.05,75053.38,1776318920000
1776318921.888,21.888,0.34,0.35,0.65,0.66,0.01,0.01,75053.38,1776318920000
1776318922.4,22.4,0.34,0.35,0.65,0.66,0.01,0.01,75051.81,1776318921000
1776318922.93,22.93,0.34,0.35,0.65,0.66,0.01,0.01,75050.84,1776318922000
1776318923.321,23.321,0.34,0.35,0.65,0.66,0.01,0.01,75050.84,1776318922000
1776318923.849,23.849,0.34,0.35,0.65,0.66,0.01,0.01,75050.84,1776318922000
1776318924.232,24.232,0.34,0.35,0.65,0.66,0.01,0.01,75050.84,1776318922000
1776318924.8,24.8,0.34,0.35,0.65,0.66,0.01,0.01,75048.6,1776318923000
1776318925.289,25.289,0.34,0.35,0.65,0.66,0.01,0.01,75048.6,1776318924000
1776318925.81,25.81,0.33,0.34,0.66,0.67,0.01,0.01,75048.6,1776318924000
1776318926.225,26.225,0.33,0.34,0.66,0.67,0.01,0.01,75048.52,1776318925000
1776318926.773,26.773,0.33,0.34,0.66,0.67,0.01,0.01,75048.52,1776318925000
1776318927.316,27.316,0.33,0.34,0.66,0.67,0.01,0.01,75048.52,1776318925000
1776318927.879,27.879,0.33,0.38,0.66,0.67,0.05,0.01,75048.52,1776318926000
1776318928.278,28.278,0.33,0.34,0.66,0.67,0.01,0.01,75048.52,1776318927000
1776318928.741,28.741,0.33,0.34,0.66,0.67,0.01,0.01,75048.52,1776318927000
1776318929.246,29.246,0.33,0.34,0.66,0.67,0.01,0.01,75048.52,1776318927000
1776318929.582,29.582,0.33,0.34,0.66,0.67,0.01,0.01,75048.52,1776318928000
1776318930.153,30.153,0.37,0.38,0.62,0.63,0.01,0.01,75048.52,1776318929000
1776318930.609,30.609,0.35,0.37,0.63,0.64,0.02,0.01,75048.52,1776318929000
1776318930.988,30.988,0.35,0.36,0.64,0.65,0.01,0.01,75048.52,1776318930000
1776318931.346,31.346,0.35,0.36,0.64,0.65,0.01,0.01,75048.52,1776318930000
1776318931.926,31.926,0.36,0.37,0.63,0.64,0.01,0.01,75048.52,1776318930000
1776318932.322,32.322,0.36,0.37,0.63,0.64,0.01,0.01,75048.52,1776318931000
1776318932.717,32.717,0.36,0.37,0.63,0.64,0.01,0.01,75048.52,1776318931000
1776318933.1,33.1,0.36,0.37,0.63,0.64,0.01,0.01,75048.52,1776318932000
1776318933.508,33.508,0.36,0.37,0.63,0.64,0.01,0.01,75048.52,1776318932000
1776318933.868,33.868,0.36,0.37,0.63,0.64,0.01,0.01,75048.52,1776318932000
1776318934.324,34.324,0.36,0.37,0.63,0.64,0.01,0.01,75048.52,1776318933000
1776318934.805,34.805,0.36,0.37,0.63,0.64,0.01,0.01,75048.52,1776318933000
1776318935.14,35.14,0.35,0.36,0.64,0.65,0.01,0.01,75048.52,1776318934000
1776318935.609,35.609,0.35,0.36,0.64,0.65,0.01,0.01,75048.52,1776318934000
1776318935.95,35.95,0.35,0.36,0.64,0.65,0.01,0.01,75048.52,1776318934000
1776318936.324,36.324,0.33,0.35,0.65,0.66,0.02,0.01,75048.65,1776318935000
1776318936.72,36.72,0.33,0.34,0.66,0.67,0.01,0.01,75048.65,1776318935000
1776318937.083,37.083,0.33,0.34,0.66,0.67,0.01,0.01,75047.14,1776318936000
1776318937.462,37.462,0.33,0.34,0.66,0.67,0.01,0.01,75047.14,1776318936000
1776318937.917,37.917,0.34,0.35,0.65,0.66,0.01,0.01,75047.14,1776318936000
1776318938.302,38.302,0.34,0.35,0.65,0.66,0.01,0.01,75047.3,1776318937000
1776318938.7,38.7,0.34,0.35,0.65,0.66,0.01,0.01,75047.3,1776318937000
1776318939.04,39.04,0.34,0.35,0.65,0.66,0.01,0.01,75047.09,1776318938000
1776318939.402,39.402,0.32,0.33,0.67,0.68,0.01,0.01,75047.09,1776318938000
1776318939.8,39.8,0.32,0.33,0.67,0.68,0.01,0.01,75047.09,1776318938000
1776318940.161,40.161,0.25,0.27,0.73,0.75,0.02,0.02,75047.76,1776318939000
1776318940.512,40.512,0.25,0.26,0.74,0.77,0.01,0.03,75047.76,1776318939000
1776318940.859,40.859,0.23,0.24,0.76,0.78,0.01,0.02,75047.76,1776318939000
1776318941.252,41.252,0.23,0.24,0.76,0.78,0.01,0.02,75042.89,1776318940000
1776318941.617,41.617,0.23,0.24,0.76,0.77,0.01,0.01,75042.89,1776318940000
1776318942.016,42.016,0.23,0.24,0.76,0.77,0.01,0.01,75042.89,1776318940000
1776318942.451,42.451,0.23,0.24,0.76,0.77,0.01,0.01,75042.89,1776318940000
1776318942.822,42.822,0.23,0.24,0.76,0.77,0.01,0.01,75029.6,1776318941000
1776318943.156,43.156,0.23,0.24,0.76,0.77,0.01,0.01,75029.6,1776318941000
1776318943.561,43.561,0.23,0.24,0.76,0.77,0.01,0.01,75028.61,1776318942000
1776318944.009,44.009,0.23,0.24,0.76,0.77,0.01,0.01,75028.61,1776318942000
1776318944.439,44.439,0.23,0.24,0.76,0.77,0.01,0.01,75028.61,1776318942000
1776318945.174,45.174,0.23,0.24,0.76,0.77,0.01,0.01,75028.08,1776318943000
1776318945.54,45.54,0.23,0.24,0.76,0.77,0.01,0.01,75028.08,1776318944000
1776318945.951,45.951,0.23,0.24,0.76,0.77,0.01,0.01,75028.08,1776318944000
1776318946.312,46.312,0.23,0.24,0.76,0.77,0.01,0.01,75028.08,1776318944000
1776318946.674,46.674,0.23,0.24,0.76,0.77,0.01,0.01,75028.08,1776318945000
1776318947.018,47.018,0.23,0.24,0.76,0.77,0.01,0.01,75028.08,1776318945000
1776318947.365,47.365,0.23,0.25,0.76,0.77,0.02,0.01,75028.08,1776318946000
1776318947.789,47.789,0.27,0.29,0.71,0.72,0.02,0.01,75028.08,1776318946000
1776318948.126,48.126,0.28,0.29,0.71,0.72,0.01,0.01,75028.08,1776318946000
1776318948.465,48.465,0.28,0.29,0.71,0.72,0.01,0.01,75028.08,1776318947000
1776318948.828,48.828,0.28,0.29,0.71,0.72,0.01,0.01,75028.08,1776318947000
1776318949.188,49.188,0.28,0.29,0.71,0.72,0.01,0.01,75028.08,1776318947000
1776318949.543,49.543,0.29,0.3,0.7,0.71,0.01,0.01,75033.45,1776318948000
1776318949.9,49.9,0.29,0.3,0.7,0.71,0.01,0.01,75033.45,1776318948000
1776318950.347,50.347,0.3,0.31,0.69,0.71,0.01,0.02,75036.11,1776318949000
1776318950.868,50.868,0.3,0.31,0.69,0.7,0.01,0.01,75036.11,1776318949000
1776318951.396,51.396,0.3,0.31,0.69,0.7,0.01,0.01,75036.11,1776318949000
1776318951.882,51.882,0.29,0.31,0.69,0.7,0.02,0.01,75038.22,1776318950000
1776318952.229,52.229,0.29,0.3,0.7,0.72,0.01,0.02,75038.23,1776318951000
1776318952.641,52.641,0.28,0.29,0.71,0.72,0.01,0.01,75038.23,1776318951000
1776318953.308,53.308,0.28,0.29,0.71,0.72,0.01,0.01,75038.21,1776318952000
1776318953.749,53.749,0.26,0.27,0.73,0.74,0.01,0.01,75038.21,1776318952000
1776318954.115,54.115,0.26,0.3,0.73,0.74,0.04,0.01,75038.21,1776318952000
1776318954.449,54.449,0.27,0.28,0.72,0.73,0.01,0.01,75038.21,1776318952000
1776318954.956,54.956,0.27,0.28,0.72,0.73,0.01,0.01,75036.72,1776318953000
1776318955.308,55.308,0.27,0.28,0.72,0.73,0.01,0.01,75036.07,1776318954000
1776318955.686,55.686,0.27,0.28,0.72,0.73,0.01,0.01,75036.07,1776318954000
1776318956.099,56.099,0.27,0.28,0.72,0.73,0.01,0.01,75036.07,1776318954000
1776318956.45,56.45,0.27,0.28,0.72,0.73,0.01,0.01,75035.8,1776318955000
1776318956.813,56.813,0.27,0.28,0.72,0.73,0.01,0.01,75035.8,1776318955000
1776318957.208,57.208,0.27,0.28,0.72,0.73,0.01,0.01,75036.27,1776318956000
1776318957.617,57.617,0.27,0.28,0.72,0.73,0.01,0.01,75036.27,1776318956000
1776318958.066,58.066,0.28,0.29,0.72,0.73,0.01,0.01,75036.27,1776318956000
1776318958.431,58.431,0.27,0.28,0.72,0.73,0.01,0.01,75036.27,1776318956000
1776318958.977,58.977,0.28,0.29,0.71,0.72,0.01,0.01,75036.27,1776318956000
1776318959.691,59.691,0.28,0.29,0.71,0.72,0.01,0.01,75036.53,1776318957000
1776318960.252,60.252,0.28,0.29,0.71,0.72,0.01,0.01,75036.19,1776318958000
1776318960.61,60.61,0.28,0.29,0.71,0.72,0.01,0.01,75036.19,1776318958000
1776318961.062,61.062,0.28,0.29,0.71,0.72,0.01,0.01,75035.24,1776318959000
1776318961.421,61.421,0.35,0.36,0.64,0.65,0.01,0.01,75035.06,1776318960000
1776318961.803,61.803,0.35,0.36,0.64,0.65,0.01,0.01,75035.06,1776318960000
1776318962.144,62.144,0.35,0.36,0.64,0.65,0.01,0.01,75035.06,1776318960000
1776318962.636,62.636,0.35,0.36,0.64,0.65,0.01,0.01,75035.8,1776318961000
1776318963.022,63.022,0.35,0.36,0.64,0.65,0.01,0.01,75035.8,1776318961000
1776318963.355,63.355,0.35,0.36,0.64,0.65,0.01,0.01,75035.8,1776318961000
1776318963.693,63.693,0.35,0.36,0.64,0.65,0.01,0.01,75046.99,1776318962000
1776318964.029,64.029,0.35,0.36,0.64,0.65,0.01,0.01,75047.28,1776318963000
1776318964.389,64.389,0.34,0.35,0.65,0.66,0.01,0.01,75047.28,1776318963000
1776318964.732,64.732,0.34,0.35,0.65,0.66,0.01,0.01,75047.28,1776318963000
1776318965.205,65.205,0.34,0.35,0.65,0.66,0.01,0.01,75047.28,1776318963000
1776318965.57,65.57,0.34,0.35,0.65,0.66,0.01,0.01,75048.12,1776318964000
1776318965.913,65.913,0.35,0.36,0.64,0.66,0.01,0.02,75048.12,1776318964000
1776318966.526,66.526,0.35,0.36,0.64,0.65,0.01,0.01,75047.66,1776318965000
1776318967.068,67.068,0.35,0.36,0.64,0.65,0.01,0.01,75047.23,1776318966000
1776318967.41,67.41,0.35,0.36,0.64,0.65,0.01,0.01,75047.23,1776318966000
1776318967.746,67.746,0.35,0.36,0.64,0.65,0.01,0.01,75047.23,1776318966000
1776318968.258,68.258,0.35,0.36,0.64,0.65,0.01,0.01,75047.13,1776318967000
1776318968.618,68.618,0.35,0.36,0.64,0.65,0.01,0.01,75047.13,1776318967000
1776318969.389,69.389,0.35,0.36,0.64,0.65,0.01,0.01,75047.12,1776318968000
1776318969.998,69.998,0.35,0.36,0.64,0.65,0.01,0.01,75047.12,1776318968000
1776318970.53,70.53,0.35,0.36,0.64,0.65,0.01,0.01,75047.12,1776318968000
1776318970.899,70.899,0.35,0.36,0.64,0.65,0.01,0.01,75048.12,1776318969000
1776318971.296,71.296,0.35,0.36,0.64,0.65,0.01,0.01,75048.24,1776318970000
1776318971.795,71.795,0.35,0.36,0.64,0.65,0.01,0.01,75048.24,1776318970000
1776318972.183,72.183,0.35,0.37,0.64,0.65,0.02,0.01,75048.24,1776318970000
1776318972.866,72.866,0.36,0.37,0.63,0.64,0.01,0.01,75048.14,1776318971000
1776318973.541,73.541,0.36,0.37,0.63,0.64,0.01,0.01,75049.02,1776318972000
1776318973.955,73.955,0.36,0.37,0.63,0.64,0.01,0.01,75049.02,1776318972000
1776318974.313,74.313,0.36,0.37,0.63,0.64,0.01,0.01,75050.2,1776318973000
1776318974.69,74.69,0.36,0.37,0.63,0.64,0.01,0.01,75050.2,1776318973000
1776318975.041,75.041,0.36,0.37,0.63,0.64,0.01,0.01,75050.2,1776318973000
1776318975.459,75.459,0.36,0.37,0.63,0.64,0.01,0.01,75048.75,1776318974000
1776318975.962,75.962,0.36,0.37,0.63,0.64,0.01,0.01,75048.75,1776318974000
1776318976.356,76.356,0.36,0.37,0.63,0.64,0.01,0.01,75048.72,1776318975000
1776318976.858,76.858,0.36,0.37,0.63,0.64,0.01,0.01,75048.72,1776318975000
1776318977.207,77.207,0.36,0.37,0.63,0.64,0.01,0.01,75048.75,1776318976000
1776318977.913,77.913,0.35,0.37,0.63,0.64,0.02,0.01,75048.75,1776318976000
1776318978.371,78.371,0.35,0.36,0.64,0.65,0.01,0.01,75048.75,1776318976000
1776318978.892,78.892,0.35,0.36,0.64,0.65,0.01,0.01,75048.72,1776318977000
1776318979.239,79.239,0.35,0.36,0.64,0.65,0.01,0.01,75048.72,1776318977000
1776318979.65,79.65,0.36,0.37,0.63,0.65,0.01,0.02,75048.37,1776318978000
1776318980.061,80.061,0.41,0.42,0.58,0.6,0.01,0.02,75048.37,1776318978000
1776318980.523,80.523,0.41,0.42,0.58,0.6,0.01,0.02,75048.07,1776318979000
1776318980.934,80.934,0.44,0.45,0.55,0.56,0.01,0.01,75048.07,1776318979000
1776318981.303,81.303,0.44,0.45,0.55,0.56,0.01,0.01,75048.07,1776318979000
1776318981.642,81.642,0.44,0.45,0.55,0.56,0.01,0.01,75052.55,1776318980000
1776318981.978,81.978,0.44,0.46,0.54,0.56,0.02,0.02,75052.55,1776318980000
1776318982.321,82.321,0.46,0.47,0.53,0.54,0.01,0.01,75052.55,1776318980000
1776318982.658,82.658,0.46,0.47,0.53,0.54,0.01,0.01,75057.51,1776318981000
1776318983.008,83.008,0.46,0.47,0.53,0.54,0.01,0.01,75057.51,1776318981000
1776318983.547,83.547,0.46,0.47,0.53,0.54,0.01,0.01,75062.25,1776318982000
1776318984.366,84.366,0.47,0.48,0.52,0.54,0.01,0.02,75062.25,1776318982000
1776318984.715,84.715,0.51,0.53,0.47,0.49,0.02,0.02,75065.08,1776318983000
1776318985.049,85.049,0.57,0.61,0.4,0.43,0.04,0.03,75065.08,1776318983000
1776318985.404,85.404,0.58,0.63,0.37,0.42,0.05,0.05,75065.03,1776318984000
1776318985.762,85.762,0.6,0.61,0.37,0.4,0.01,0.03,75065.03,1776318984000
1776318986.11,86.11,0.61,0.62,0.38,0.39,0.01,0.01,75065.27,1776318985000
1776318986.528,86.528,0.62,0.63,0.37,0.39,0.01,0.02,75065.27,1776318985000
1776318986.908,86.908,0.62,0.63,0.37,0.38,0.01,0.01,75065.27,1776318985000
1776318987.249,87.249,0.62,0.63,0.36,0.38,0.01,0.02,75065.27,1776318985000
1776318987.598,87.598,0.62,0.63,0.37,0.38,0.01,0.01,75078.96,1776318986000
1776318987.943,87.943,0.62,0.63,0.37,0.38,0.01,0.01,75078.96,1776318986000
1776318988.302,88.302,0.62,0.63,0.37,0.38,0.01,0.01,75078.96,1776318986000
1776318988.678,88.678,0.61,0.62,0.38,0.39,0.01,0.01,75079.81,1776318987000
1776318989.139,89.139,0.61,0.62,0.38,0.39,0.01,0.01,75079.81,1776318987000
1776318989.526,89.526,0.61,0.62,0.38,0.39,0.01,0.01,75079.81,1776318988000
1776318989.866,89.866,0.61,0.62,0.38,0.39,0.01,0.01,75079.81,1776318988000
1776318990.249,90.249,0.61,0.62,0.38,0.39,0.01,0.01,75079.81,1776318988000
1776318990.705,90.705,0.61,0.62,0.38,0.39,0.01,0.01,75079.81,1776318988000
1776318991.164,91.164,0.61,0.62,0.38,0.39,0.01,0.01,75078.88,1776318989000
1776318991.639,91.639,0.61,0.62,0.38,0.39,0.01,0.01,75078.69,1776318990000
1776318991.985,91.985,0.61,0.62,0.38,0.39,0.01,0.01,75078.69,1776318990000
1776318992.811,92.811,0.61,0.62,0.38,0.39,0.01,0.01,75078.69,1776318990000
1776318993.193,93.193,0.61,0.62,0.38,0.39,0.01,0.01,75079.27,1776318991000
1776318993.642,93.642,0.61,0.62,0.38,0.39,0.01,0.01,75079.27,1776318992000
1776318994.012,94.012,0.61,0.62,0.38,0.39,0.01,0.01,75079.27,1776318993000
1776318994.579,94.579,0.61,0.62,0.38,0.39,0.01,0.01,75079.27,1776318993000
1776318994.997,94.997,0.61,0.62,0.38,0.39,0.01,0.01,75079.27,1776318993000
1776318995.373,95.373,0.59,0.6,0.38,0.41,0.01,0.03,75079.27,1776318994000
1776318995.748,95.748,0.57,0.59,0.41,0.42,0.02,0.01,75079.27,1776318994000
1776318996.1,96.1,0.55,0.56,0.44,0.46,0.01,0.02,75079.28,1776318995000
1776318996.44,96.44,0.55,0.56,0.44,0.45,0.01,0.01,75079.28,1776318995000
1776318996.864,96.864,0.53,0.54,0.45,0.47,0.01,0.02,75079.28,1776318995000
1776318997.209,97.209,0.53,0.54,0.46,0.47,0.01,0.01,75077.57,1776318996000
1776318997.633,97.633,0.53,0.54,0.46,0.47,0.01,0.01,75077.57,1776318996000
1776318997.968,97.968,0.53,0.54,0.46,0.47,0.01,0.01,75074.58,1776318997000
1776318998.371,98.371,0.53,0.54,0.46,0.47,0.01,0.01,75074.58,1776318997000
1776318998.721,98.721,0.51,0.53,0.47,0.49,0.02,0.02,75074.58,1776318997000
1776318999.099,99.099,0.51,0.52,0.48,0.49,0.01,0.01,75073.7,1776318998000
1776318999.471,99.471,0.49,0.51,0.49,0.51,0.02,0.02,75073.7,1776318998000
1776318999.891,99.891,0.49,0.5,0.5,0.51,0.01,0.01,75073.7,1776318998000
1776319000.569,100.569,0.49,0.5,0.5,0.51,0.01,0.01,75072.69,1776318999000
1776319001.037,101.037,0.49,0.5,0.5,0.51,0.01,0.01,75071.19,1776319000000
1776319001.52,101.52,0.49,0.5,0.5,0.51,0.01,0.01,75071.19,1776319000000
1776319001.988,101.988,0.49,0.5,0.5,0.51,0.01,0.01,75069.43,1776319001000
1776319002.442,102.442,0.49,0.5,0.5,0.51,0.01,0.01,75069.43,1776319001000
1776319002.922,102.922,0.49,0.5,0.5,0.51,0.01,0.01,75069.01,1776319002000
1776319003.378,103.378,0.49,0.5,0.5,0.51,0.01,0.01,75069.01,1776319002000
1776319003.908,103.908,0.49,0.5,0.5,0.51,0.01,0.01,75068.42,1776319003000
1776319004.468,104.468,0.49,0.5,0.5,0.51,0.01,0.01,75068.42,1776319003000
1776319004.885,104.885,0.49,0.5,0.5,0.51,0.01,0.01,75068.42,1776319003000
1776319005.629,105.629,0.49,0.5,0.5,0.51,0.01,0.01,75070.2,1776319004000
1776319006.097,106.097,0.49,0.52,0.5,0.51,0.03,0.01,75070.2,1776319004000
1776319006.437,106.437,0.51,0.52,0.48,0.49,0.01,0.01,75071.67,1776319005000
1776319006.844,106.844,0.51,0.52,0.48,0.49,0.01,0.01,75071.67,1776319005000
1776319007.22,107.22,0.5,0.51,0.49,0.5,0.01,0.01,75071.67,1776319005000
1776319007.605,107.605,0.49,0.5,0.5,0.51,0.01,0.01,75071.67,1776319006000
1776319008.116,108.116,0.49,0.5,0.5,0.51,0.01,0.01,75071.67,1776319006000
1776319008.478,108.478,0.49,0.5,0.5,0.51,0.01,0.01,75071.67,1776319007000
1776319008.846,108.846,0.47,0.48,0.5,0.52,0.01,0.02,75071.67,1776319007000
1776319009.302,109.302,0.46,0.47,0.53,0.54,0.01,0.01,75071.67,1776319007000
1776319009.954,109.954,0.46,0.47,0.53,0.54,0.01,0.01,75068.44,1776319008000
1776319010.313,110.313,0.46,0.47,0.53,0.54,0.01,0.01,75068.06,1776319009000
1776319010.705,110.705,0.46,0.47,0.53,0.54,0.01,0.01,75068.06,1776319009000
1776319011.2,111.2,0.46,0.47,0.53,0.54,0.01,0.01,75068.04,1776319010000
1776319011.609,111.609,0.46,0.47,0.53,0.54,0.01,0.01,75068.04,1776319010000
1776319012.005,112.005,0.46,0.47,0.53,0.54,0.01,0.01,75067.15,1776319011000
1776319012.357,112.357,0.45,0.46,0.54,0.55,0.01,0.01,75067.15,1776319011000
1776319012.751,112.751,0.43,0.44,0.54,0.56,0.01,0.02,75067.15,1776319011000
1776319013.086,113.086,0.43,0.44,0.56,0.57,0.01,0.01,75065.43,1776319012000
1776319013.422,113.422,0.43,0.44,0.56,0.57,0.01,0.01,75065.43,1776319012000
1776319013.836,113.836,0.43,0.44,0.56,0.57,0.01,0.01,75065.43,1776319012000
1776319014.23,114.23,0.43,0.44,0.56,0.57,0.01,0.01,75064.87,1776319013000
1776319014.579,114.579,0.43,0.44,0.56,0.57,0.01,0.01,75064.87,1776319013000
1776319014.927,114.927,0.43,0.44,0.56,0.57,0.01,0.01,75064.87,1776319013000
1776319015.276,115.276,0.43,0.44,0.56,0.57,0.01,0.01,75063.07,1776319014000
1776319015.714,115.714,0.45,0.46,0.54,0.57,0.01,0.03,75063.07,1776319014000
1776319016.231,116.231,0.45,0.46,0.54,0.55,0.01,0.01,75063.07,1776319014000
1776319016.607,116.607,0.45,0.46,0.54,0.55,0.01,0.01,75062.83,1776319015000
1776319016.97,116.97,0.45,0.46,0.54,0.55,0.01,0.01,75062.83,1776319015000
1776319017.692,117.692,0.45,0.46,0.54,0.55,0.01,0.01,75063.53,1776319016000
1776319018.112,118.112,0.45,0.46,0.54,0.55,0.01,0.01,75063.53,1776319016000
1776319018.804,118.804,0.45,0.46,0.54,0.55,0.01,0.01,75065,1776319017000
1776319019.145,119.145,0.45,0.46,0.54,0.55,0.01,0.01,75065,1776319017000
1776319019.604,119.604,0.45,0.46,0.54,0.55,0.01,0.01,75065,1776319018000
1776319020.054,120.054,0.45,0.46,0.54,0.55,0.01,0.01,75065,1776319018000
1776319020.453,120.453,0.47,0.48,0.52,0.53,0.01,0.01,75065.53,1776319019000
1776319021.008,121.008,0.47,0.48,0.52,0.53,0.01,0.01,75065.53,1776319019000
1776319021.354,121.354,0.45,0.48,0.52,0.53,0.03,0.01,75065.19,1776319020000
1776319021.698,121.698,0.41,0.42,0.58,0.59,0.01,0.01,75065.19,1776319020000
1776319022.227,122.227,0.41,0.42,0.58,0.59,0.01,0.01,75065.19,1776319020000
1776319022.687,122.687,0.41,0.42,0.58,0.59,0.01,0.01,75065.19,1776319021000
1776319023.176,123.176,0.41,0.42,0.58,0.59,0.01,0.01,75065.19,1776319021000
1776319023.523,123.523,0.41,0.42,0.58,0.59,0.01,0.01,75061.31,1776319022000
1776319023.883,123.883,0.41,0.42,0.58,0.59,0.01,0.01,75061.31,1776319022000
1776319024.221,124.221,0.41,0.42,0.58,0.59,0.01,0.01,75060.92,1776319023000
1776319024.798,124.798,0.41,0.42,0.58,0.59,0.01,0.01,75060.92,1776319023000
1776319025.243,125.243,0.41,0.42,0.58,0.59,0.01,0.01,75060.58,1776319024000
1776319025.777,125.777,0.41,0.42,0.58,0.59,0.01,0.01,75060.58,1776319024000
1776319026.29,126.29,0.41,0.42,0.58,0.59,0.01,0.01,75060.58,1776319025000
1776319026.917,126.917,0.41,0.42,0.58,0.59,0.01,0.01,75060.58,1776319025000
1776319027.335,127.335,0.41,0.42,0.58,0.59,0.01,0.01,75060.58,1776319026000
1776319027.736,127.736,0.41,0.42,0.58,0.59,0.01,0.01,75060.58,1776319026000
1776319028.113,128.113,0.41,0.42,0.58,0.59,0.01,0.01,75060.58,1776319026000
1776319028.68,128.68,0.41,0.42,0.58,0.59,0.01,0.01,75060.41,1776319027000
1776319029.209,129.209,0.41,0.42,0.58,0.59,0.01,0.01,75060.57,1776319028000
1776319030.215,130.215,0.41,0.42,0.58,0.59,0.01,0.01,75060.58,1776319029000
1776319030.804,130.804,0.41,0.42,0.58,0.59,0.01,0.01,75060.58,1776319029000
1776319031.145,131.145,0.41,0.42,0.58,0.59,0.01,0.01,75060.58,1776319029000
1776319031.714,131.714,0.41,0.42,0.58,0.59,0.01,0.01,75060.37,1776319030000
1776319032.185,132.185,0.41,0.42,0.58,0.59,0.01,0.01,75060.37,1776319030000
1776319032.555,132.555,0.41,0.42,0.58,0.59,0.01,0.01,75060.58,1776319031000
1776319032.943,132.943,0.41,0.42,0.58,0.59,0.01,0.01,75060.58,1776319031000
1776319033.281,133.281,0.41,0.42,0.58,0.59,0.01,0.01,75060.58,1776319031000
1776319033.641,133.641,0.41,0.42,0.58,0.59,0.01,0.01,75060.58,1776319032000
1776319034.012,134.012,0.41,0.42,0.58,0.59,0.01,0.01,75060.58,1776319032000
1776319034.523,134.523,0.41,0.42,0.58,0.59,0.01,0.01,75060.3,1776319033000
1776319034.936,134.936,0.41,0.42,0.58,0.59,0.01,0.01,75060.3,1776319033000
1776319036.269,136.269,0.41,0.42,0.58,0.59,0.01,0.01,75060.58,1776319035000
1776319036.865,136.865,0.41,0.42,0.58,0.59,0.01,0.01,75060.58,1776319035000
1776319037.289,137.289,0.41,0.42,0.58,0.59,0.01,0.01,75060.58,1776319036000
1776319037.96,137.96,0.41,0.42,0.58,0.59,0.01,0.01,75060.58,1776319036000
1776319038.315,138.315,0.41,0.42,0.58,0.59,0.01,0.01,75060.58,1776319037000
1776319039.136,139.136,0.41,0.42,0.58,0.59,0.01,0.01,75060.58,1776319037000
1776319039.517,139.517,0.41,0.42,0.58,0.59,0.01,0.01,75060.51,1776319038000
1776319039.996,139.996,0.41,0.42,0.58,0.59,0.01,0.01,75060.51,1776319038000
1776319040.396,140.396,0.36,0.38,0.62,0.64,0.02,0.02,75060.51,1776319038000
1776319040.808,140.808,0.36,0.38,0.62,0.63,0.02,0.01,75060.51,1776319039000
1776319041.292,141.292,0.35,0.36,0.64,0.65,0.01,0.01,75059.47,1776319040000
1776319041.806,141.806,0.35,0.36,0.64,0.65,0.01,0.01,75059.47,1776319040000
1776319042.319,142.319,0.35,0.36,0.64,0.65,0.01,0.01,75055.53,1776319041000
1776319042.692,142.692,0.35,0.36,0.64,0.65,0.01,0.01,75055.53,1776319041000
1776319043.047,143.047,0.35,0.36,0.64,0.65,0.01,0.01,75053.27,1776319042000
1776319043.398,143.398,0.35,0.36,0.64,0.65,0.01,0.01,75053.27,1776319042000
1776319044.132,144.132,0.35,0.36,0.64,0.65,0.01,0.01,75053.57,1776319043000
1776319044.5,144.5,0.35,0.36,0.64,0.65,0.01,0.01,75053.57,1776319043000
1776319044.92,144.92,0.35,0.36,0.64,0.65,0.01,0.01,75053.57,1776319043000
1776319045.646,145.646,0.35,0.36,0.64,0.65,0.01,0.01,75053.57,1776319044000
1776319046.152,146.152,0.35,0.36,0.64,0.65,0.01,0.01,75053.54,1776319045000
1776319046.562,146.562,0.35,0.36,0.64,0.65,0.01,0.01,75053.54,1776319045000
1776319047.122,147.122,0.35,0.36,0.64,0.65,0.01,0.01,75053.54,1776319046000
1776319047.575,147.575,0.35,0.36,0.64,0.65,0.01,0.01,75053.54,1776319046000
1776319048.066,148.066,0.35,0.36,0.64,0.65,0.01,0.01,75053.26,1776319047000
1776319048.631,148.631,0.35,0.36,0.64,0.65,0.01,0.01,75053.26,1776319047000
1776319049.133,149.133,0.34,0.36,0.64,0.65,0.02,0.01,75053.26,1776319047000
1776319049.767,149.767,0.34,0.36,0.64,0.66,0.02,0.02,75053.54,1776319048000
1776319050.141,150.141,0.34,0.35,0.65,0.66,0.01,0.01,75053.54,1776319048000
1776319050.557,150.557,0.34,0.35,0.65,0.66,0.01,0.01,75053.45,1776319049000
1776319051.013,151.013,0.34,0.35,0.65,0.66,0.01,0.01,75053.45,1776319049000
1776319051.432,151.432,0.34,0.35,0.65,0.66,0.01,0.01,75052.63,1776319050000
1776319051.783,151.783,0.33,0.34,0.66,0.67,0.01,0.01,75052.63,1776319050000
1776319052.116,152.116,0.33,0.34,0.66,0.67,0.01,0.01,75052.63,1776319050000
1776319052.527,152.527,0.31,0.32,0.68,0.69,0.01,0.01,75052.63,1776319050000
1776319052.936,152.936,0.31,0.32,0.68,0.69,0.01,0.01,75052.92,1776319051000
1776319053.352,153.352,0.31,0.32,0.68,0.69,0.01,0.01,75052.92,1776319052000
1776319053.878,153.878,0.31,0.33,0.68,0.69,0.02,0.01,75052.92,1776319052000
1776319054.236,154.236,0.4,0.43,0.58,0.6,0.03,0.02,75052.76,1776319053000
1776319054.61,154.61,0.43,0.44,0.55,0.57,0.01,0.02,75052.76,1776319053000
1776319054.987,154.987,0.43,0.44,0.56,0.57,0.01,0.01,75052.76,1776319053000
1776319055.395,155.395,0.45,0.46,0.54,0.55,0.01,0.01,75053.96,1776319054000
1776319055.838,155.838,0.46,0.47,0.53,0.54,0.01,0.01,75053.96,1776319054000
1776319056.312,156.312,0.46,0.47,0.53,0.54,0.01,0.01,75059.15,1776319055000
1776319056.717,156.717,0.46,0.47,0.53,0.54,0.01,0.01,75059.15,1776319055000
1776319057.175,157.175,0.46,0.47,0.53,0.54,0.01,0.01,75064.16,1776319056000
1776319057.935,157.935,0.46,0.47,0.53,0.54,0.01,0.01,75064.16,1776319056000
1776319058.279,158.279,0.46,0.47,0.53,0.54,0.01,0.01,75064.16,1776319056000
1776319058.706,158.706,0.46,0.47,0.53,0.54,0.01,0.01,75064.26,1776319057000
1776319059.332,159.332,0.46,0.47,0.53,0.54,0.01,0.01,75064.28,1776319058000
1776319059.787,159.787,0.46,0.47,0.53,0.54,0.01,0.01,75064.28,1776319058000
1776319060.136,160.136,0.46,0.47,0.53,0.54,0.01,0.01,75064.28,1776319058000
1776319060.713,160.713,0.46,0.47,0.53,0.54,0.01,0.01,75064.27,1776319059000
1776319061.444,161.444,0.46,0.47,0.53,0.54,0.01,0.01,75064.3,1776319060000
1776319061.784,161.784,0.46,0.47,0.53,0.54,0.01,0.01,75064.3,1776319060000
1776319062.321,162.321,0.46,0.47,0.53,0.54,0.01,0.01,75064.3,1776319061000
1776319063.11,163.11,0.46,0.47,0.53,0.54,0.01,0.01,75064.3,1776319062000
1776319063.809,163.809,0.46,0.47,0.53,0.54,0.01,0.01,75064.3,1776319062000
1776319064.176,164.176,0.46,0.47,0.53,0.54,0.01,0.01,75064.27,1776319063000
1776319064.558,164.558,0.46,0.47,0.53,0.6,0.01,0.07,75064.27,1776319063000
1776319064.909,164.909,0.45,0.46,0.53,0.55,0.01,0.02,75064.27,1776319063000
1776319065.318,165.318,0.45,0.46,0.54,0.55,0.01,0.01,75064.28,1776319064000
1776319065.7,165.7,0.45,0.46,0.54,0.55,0.01,0.01,75064.28,1776319064000
1776319066.151,166.151,0.45,0.46,0.54,0.55,0.01,0.01,75064.28,1776319065000
1776319066.952,166.952,0.45,0.47,0.53,0.55,0.02,0.02,75064.28,1776319066000
1776319067.294,167.294,0.46,0.47,0.53,0.54,0.01,0.01,75064.28,1776319066000
1776319067.847,167.847,0.46,0.47,0.53,0.54,0.01,0.01,75064.28,1776319066000
1776319068.574,168.574,0.45,0.47,0.53,0.54,0.02,0.01,75064.23,1776319067000
1776319069.109,169.109,0.45,0.46,0.54,0.55,0.01,0.01,75064.53,1776319068000
1776319069.612,169.612,0.45,0.46,0.54,0.55,0.01,0.01,75064.53,1776319068000
1776319070.075,170.075,0.45,0.46,0.54,0.55,0.01,0.01,75064.53,1776319068000
1776319070.689,170.689,0.45,0.46,0.54,0.55,0.01,0.01,75064.51,1776319069000
1776319071.076,171.076,0.45,0.46,0.54,0.55,0.01,0.01,75064.51,1776319069000
1776319071.67,171.67,0.45,0.46,0.54,0.55,0.01,0.01,75064.53,1776319070000
1776319072.115,172.115,0.45,0.46,0.54,0.55,0.01,0.01,75064.48,1776319071000
1776319072.463,172.463,0.45,0.46,0.54,0.55,0.01,0.01,75064.48,1776319071000
1776319072.977,172.977,0.45,0.46,0.54,0.55,0.01,0.01,75064.48,1776319071000
1776319073.311,173.311,0.45,0.46,0.54,0.55,0.01,0.01,75064.5,1776319072000
1776319073.809,173.809,0.45,0.46,0.54,0.55,0.01,0.01,75064.5,1776319072000
1776319074.674,174.674,0.45,0.46,0.54,0.55,0.01,0.01,75064.56,1776319073000
1776319075.072,175.072,0.45,0.46,0.54,0.55,0.01,0.01,75064.55,1776319074000
1776319076.392,176.392,0.45,0.46,0.54,0.55,0.01,0.01,75064.5,1776319075000
1776319076.751,176.751,0.45,0.46,0.54,0.55,0.01,0.01,75064.5,1776319075000
1776319077.44,177.44,0.45,0.46,0.54,0.55,0.01,0.01,75064.51,1776319076000
1776319077.976,177.976,0.45,0.46,0.54,0.55,0.01,0.01,75064.51,1776319077000
1776319079.238,179.238,0.45,0.46,0.54,0.55,0.01,0.01,75064.54,1776319078000
1776319079.905,179.905,0.45,0.46,0.54,0.55,0.01,0.01,75064.54,1776319078000
1776319080.384,180.384,0.45,0.46,0.54,0.55,0.01,0.01,75064.54,1776319079000
1776319080.958,180.958,0.45,0.46,0.54,0.55,0.01,0.01,75064.67,1776319080000
1776319081.699,181.699,0.45,0.46,0.54,0.55,0.01,0.01,75064.67,1776319080000
1776319082.106,182.106,0.45,0.46,0.54,0.55,0.01,0.01,75064.67,1776319081000
1776319082.601,182.601,0.45,0.46,0.54,0.55,0.01,0.01,75064.67,1776319081000
1776319083.14,183.14,0.45,0.46,0.54,0.55,0.01,0.01,75064.67,1776319081000
1776319083.592,183.592,0.45,0.46,0.54,0.55,0.01,0.01,75064.54,1776319082000
1776319084.364,184.364,0.45,0.46,0.54,0.55,0.01,0.01,75064.55,1776319083000
1776319084.961,184.961,0.45,0.46,0.54,0.55,0.01,0.01,75064.56,1776319084000
1776319086.029,186.029,0.45,0.46,0.54,0.55,0.01,0.01,75064.56,1776319084000
1776319086.421,186.421,0.45,0.46,0.54,0.55,0.01,0.01,75064.76,1776319085000
1776319086.858,186.858,0.44,0.45,0.54,0.55,0.01,0.01,75064.76,1776319085000
1776319087.216,187.216,0.33,0.34,0.66,0.68,0.01,0.02,75064.76,1776319085000
1776319087.553,187.553,0.33,0.34,0.66,0.67,0.01,0.01,75064.77,1776319086000
1776319087.901,187.901,0.32,0.33,0.67,0.68,0.01,0.01,75064.77,1776319086000
1776319088.244,188.244,0.32,0.33,0.67,0.68,0.01,0.01,75064.77,1776319086000
1776319088.59,188.59,0.32,0.33,0.67,0.68,0.01,0.01,75064.78,1776319087000
1776319089.342,189.342,0.32,0.33,0.67,0.68,0.01,0.01,75052.41,1776319088000
1776319089.712,189.712,0.32,0.33,0.67,0.68,0.01,0.01,75052.41,1776319088000
1776319090.058,190.058,0.31,0.33,0.67,0.68,0.02,0.01,75052.41,1776319088000
1776319090.506,190.506,0.31,0.32,0.68,0.69,0.01,0.01,75052.41,1776319088000
1776319090.865,190.865,0.31,0.32,0.68,0.69,0.01,0.01,75050.9,1776319089000
1776319091.404,191.404,0.31,0.32,0.68,0.69,0.01,0.01,75049.86,1776319090000
1776319091.879,191.879,0.3,0.32,0.68,0.69,0.02,0.01,75049.86,1776319090000
1776319092.359,192.359,0.3,0.31,0.68,0.7,0.01,0.02,75049.83,1776319091000
1776319092.848,192.848,0.3,0.31,0.69,0.7,0.01,0.01,75049.83,1776319091000
1776319093.25,193.25,0.31,0.32,0.68,0.69,0.01,0.01,75049.83,1776319091000
1776319093.68,193.68,0.31,0.32,0.68,0.69,0.01,0.01,75050.31,1776319092000
1776319094.122,194.122,0.32,0.33,0.67,0.68,0.01,0.01,75050.31,1776319092000
1776319094.613,194.613,0.32,0.37,0.67,0.68,0.05,0.01,75050.31,1776319093000
1776319095.082,195.082,0.33,0.34,0.66,0.67,0.01,0.01,75050.31,1776319094000
1776319095.586,195.586,0.33,0.34,0.66,0.67,0.01,0.01,75050.31,1776319094000
1776319096.165,196.165,0.33,0.34,0.66,0.67,0.01,0.01,75050.31,1776319094000
1776319096.669,196.669,0.33,0.34,0.66,0.67,0.01,0.01,75054.4,1776319095000
1776319097.447,197.447,0.32,0.34,0.66,0.68,0.02,0.02,75055.04,1776319096000
1776319097.943,197.943,0.32,0.34,0.66,0.68,0.02,0.02,75055.04,1776319097000
1776319098.283,198.283,0.31,0.33,0.67,0.69,0.02,0.02,75055.04,1776319097000
1776319098.619,198.619,0.31,0.32,0.68,0.69,0.01,0.01,75055.04,1776319097000
1776319099.093,199.093,0.31,0.32,0.68,0.69,0.01,0.01,75055.04,1776319097000
1776319099.512,199.512,0.3,0.31,0.69,0.7,0.01,0.01,75054.03,1776319098000
1776319099.933,199.933,0.3,0.31,0.69,0.7,0.01,0.01,75054.03,1776319098000
1776319100.304,200.304,0.3,0.31,0.69,0.7,0.01,0.01,75052.08,1776319099000
1776319101.109,201.109,0.27,0.28,0.69,0.71,0.01,0.02,75052.08,1776319099000
1776319101.47,201.47,0.26,0.27,0.72,0.74,0.01,0.02,75052.08,1776319099000
1776319101.814,201.814,0.26,0.27,0.73,0.74,0.01,0.01,75052.2,1776319100000
1776319102.165,202.165,0.26,0.27,0.73,0.74,0.01,0.01,75052.2,1776319101000
1776319102.51,202.51,0.26,0.27,0.73,0.74,0.01,0.01,75052.2,1776319101000
1776319102.848,202.848,0.25,0.26,0.74,0.75,0.01,0.01,75052.2,1776319101000
1776319103.423,203.423,0.25,0.26,0.74,0.75,0.01,0.01,75052.2,1776319101000
1776319103.83,203.83,0.25,0.26,0.74,0.75,0.01,0.01,75048.78,1776319102000
1776319104.184,204.184,0.25,0.26,0.74,0.75,0.01,0.01,75048.78,1776319102000
1776319104.818,204.818,0.25,0.26,0.74,0.75,0.01,0.01,75048.78,1776319103000
1776319105.186,205.186,0.25,0.26,0.74,0.75,0.01,0.01,75048.74,1776319104000
1776319105.571,205.571,0.25,0.26,0.74,0.75,0.01,0.01,75048.74,1776319104000
1776319105.981,205.981,0.25,0.26,0.74,0.75,0.01,0.01,75048.74,1776319104000
1776319106.79,206.79,0.25,0.26,0.74,0.75,0.01,0.01,75048.71,1776319105000
1776319107.184,207.184,0.25,0.26,0.74,0.75,0.01,0.01,75048.71,1776319106000
1776319107.528,207.528,0.27,0.28,0.72,0.73,0.01,0.01,75048.71,1776319106000
1776319107.88,207.88,0.27,0.28,0.72,0.73,0.01,0.01,75048.71,1776319106000
1776319108.629,208.629,0.27,0.28,0.72,0.73,0.01,0.01,75048.74,1776319107000
1776319108.998,208.998,0.27,0.28,0.72,0.73,0.01,0.01,75048.74,1776319107000
1776319109.362,209.362,0.27,0.28,0.72,0.73,0.01,0.01,75050.53,1776319108000
1776319109.8,209.8,0.27,0.28,0.72,0.73,0.01,0.01,75050.53,1776319108000
1776319110.151,210.151,0.28,0.29,0.71,0.72,0.01,0.01,75052.9,1776319109000
1776319110.587,210.587,0.28,0.29,0.71,0.72,0.01,0.01,75052.9,1776319109000
1776319110.935,210.935,0.28,0.29,0.71,0.72,0.01,0.01,75052.9,1776319109000
1776319111.286,211.286,0.28,0.29,0.71,0.72,0.01,0.01,75053.29,1776319110000
1776319111.727,211.727,0.28,0.29,0.71,0.72,0.01,0.01,75053.29,1776319110000
1776319112.094,212.094,0.28,0.29,0.71,0.72,0.01,0.01,75053.29,1776319110000
1776319112.461,212.461,0.28,0.29,0.71,0.72,0.01,0.01,75053.38,1776319111000
1776319112.949,212.949,0.26,0.27,0.72,0.74,0.01,0.02,75053.38,1776319111000
1776319113.339,213.339,0.26,0.27,0.73,0.74,0.01,0.01,75053.13,1776319112000
1776319113.982,213.982,0.26,0.27,0.73,0.74,0.01,0.01,75053.13,1776319112000
1776319114.339,214.339,0.25,0.26,0.74,0.75,0.01,0.01,75051.24,1776319113000
1776319114.82,214.82,0.24,0.25,0.74,0.76,0.01,0.02,75051.24,1776319113000
1776319115.306,215.306,0.24,0.25,0.75,0.76,0.01,0.01,75050.73,1776319114000
1776319115.783,215.783,0.24,0.25,0.75,0.76,0.01,0.01,75050.73,1776319114000
1776319116.302,216.302,0.24,0.25,0.75,0.76,0.01,0.01,75050.73,1776319114000
1776319116.85,216.85,0.24,0.25,0.75,0.76,0.01,0.01,75050.73,1776319115000
1776319117.241,217.241,0.24,0.25,0.75,0.76,0.01,0.01,75050.76,1776319116000
1776319117.845,217.845,0.24,0.25,0.75,0.76,0.01,0.01,75050.76,1776319116000
1776319118.232,218.232,0.22,0.23,0.77,0.78,0.01,0.01,75050.76,1776319116000
1776319118.93,218.93,0.21,0.22,0.77,0.79,0.01,0.02,75049.78,1776319117000
1776319119.331,219.331,0.21,0.22,0.78,0.79,0.01,0.01,75049.78,1776319117000
1776319119.802,219.802,0.21,0.22,0.78,0.79,0.01,0.01,75048.95,1776319118000
1776319120.245,220.245,0.21,0.22,0.78,0.79,0.01,0.01,75048.95,1776319118000
1776319120.654,220.654,0.21,0.22,0.78,0.79,0.01,0.01,75047.1,1776319119000
1776319121.035,221.035,0.21,0.22,0.78,0.79,0.01,0.01,75047.1,1776319119000
1776319121.458,221.458,0.21,0.22,0.78,0.79,0.01,0.01,75047.43,1776319120000
1776319122.248,222.248,0.21,0.22,0.78,0.79,0.01,0.01,75047.43,1776319120000
1776319122.973,222.973,0.21,0.22,0.78,0.79,0.01,0.01,75047.21,1776319121000
1776319123.454,223.454,0.21,0.22,0.78,0.79,0.01,0.01,75047.21,1776319122000
1776319123.921,223.921,0.21,0.22,0.78,0.79,0.01,0.01,75047.14,1776319123000
1776319124.254,224.254,0.21,0.22,0.78,0.79,0.01,0.01,75047.14,1776319123000
1776319124.631,224.631,0.21,0.22,0.78,0.79,0.01,0.01,75047.14,1776319123000
1776319124.965,224.965,0.2,0.21,0.79,0.8,0.01,0.01,75047.14,1776319123000
1776319125.42,225.42,0.17,0.18,0.82,0.83,0.01,0.01,75047.14,1776319124000
1776319125.771,225.771,0.15,0.18,0.82,0.83,0.03,0.01,75047.14,1776319124000
1776319126.115,226.115,0.15,0.16,0.84,0.85,0.01,0.01,75047.23,1776319125000
1776319126.681,226.681,0.14,0.15,0.85,0.86,0.01,0.01,75047.23,1776319125000
1776319127.022,227.022,0.13,0.14,0.86,0.87,0.01,0.01,75047.23,1776319125000
1776319127.507,227.507,0.15,0.19,0.84,0.87,0.04,0.03,75042.77,1776319126000
1776319127.967,227.967,0.15,0.16,0.84,0.85,0.01,0.01,75042.77,1776319126000
1776319128.668,228.668,0.15,0.16,0.84,0.85,0.01,0.01,75042.07,1776319127000
1776319129.278,229.278,0.15,0.16,0.84,0.85,0.01,0.01,75042.84,1776319128000
1776319129.796,229.796,0.15,0.16,0.84,0.85,0.01,0.01,75042.84,1776319128000
1776319130.162,230.162,0.15,0.16,0.84,0.85,0.01,0.01,75042.84,1776319129000
1776319130.791,230.791,0.15,0.16,0.84,0.85,0.01,0.01,75042.84,1776319129000
1776319131.276,231.276,0.15,0.16,0.84,0.85,0.01,0.01,75043.26,1776319130000
1776319131.696,231.696,0.15,0.16,0.84,0.85,0.01,0.01,75043.26,1776319130000
1776319132.119,232.119,0.15,0.16,0.84,0.85,0.01,0.01,75043.26,1776319130000
1776319132.481,232.481,0.12,0.13,0.87,0.88,0.01,0.01,75043.26,1776319131000
1776319132.852,232.852,0.12,0.13,0.87,0.88,0.01,0.01,75043.26,1776319131000
1776319133.2,233.2,0.12,0.13,0.87,0.88,0.01,0.01,75043.26,1776319131000
1776319133.539,233.539,0.12,0.13,0.87,0.88,0.01,0.01,75043.24,1776319132000
1776319133.97,233.97,0.12,0.13,0.87,0.88,0.01,0.01,75043.24,1776319132000
1776319134.598,234.598,0.12,0.13,0.87,0.88,0.01,0.01,75041.31,1776319133000
1776319134.979,234.979,0.12,0.13,0.87,0.88,0.01,0.01,75039.47,1776319134000
1776319135.313,235.313,0.12,0.13,0.87,0.88,0.01,0.01,75039.47,1776319134000
1776319135.828,235.828,0.12,0.13,0.87,0.88,0.01,0.01,75039.47,1776319134000
1776319136.344,236.344,0.12,0.13,0.87,0.88,0.01,0.01,75039.47,1776319135000
1776319136.857,236.857,0.12,0.13,0.87,0.88,0.01,0.01,75039.47,1776319135000
1776319137.235,237.235,0.12,0.13,0.87,0.88,0.01,0.01,75039.95,1776319136000
1776319137.654,237.654,0.12,0.14,0.87,0.88,0.02,0.01,75039.95,1776319136000
1776319137.996,237.996,0.16,0.17,0.83,0.84,0.01,0.01,75039.95,1776319136000
1776319138.432,238.432,0.16,0.17,0.83,0.84,0.01,0.01,75039.77,1776319137000
1776319138.777,238.777,0.16,0.17,0.83,0.84,0.01,0.01,75039.77,1776319137000
1776319139.218,239.218,0.16,0.17,0.83,0.84,0.01,0.01,75039.87,1776319138000
1776319139.747,239.747,0.16,0.17,0.83,0.84,0.01,0.01,75039.87,1776319138000
1776319140.247,240.247,0.16,0.17,0.83,0.84,0.01,0.01,75042.0,1776319139000
1776319140.581,240.581,0.15,0.16,0.84,0.85,0.01,0.01,75042.0,1776319139000
1776319141.032,241.032,0.15,0.16,0.84,0.85,0.01,0.01,75042.0,1776319139000
1776319141.414,241.414,0.15,0.16,0.84,0.85,0.01,0.01,75044.2,1776319140000
1776319141.817,241.817,0.15,0.16,0.84,0.85,0.01,0.01,75044.2,1776319140000
1776319142.152,242.152,0.15,0.16,0.84,0.85,0.01,0.01,75044.2,1776319140000
1776319142.488,242.488,0.15,0.16,0.84,0.85,0.01,0.01,75044.22,1776319141000
1776319142.88,242.88,0.15,0.16,0.84,0.85,0.01,0.01,75044.22,1776319141000
1776319143.256,243.256,0.15,0.16,0.84,0.85,0.01,0.01,75044.15,1776319142000
1776319143.6,243.6,0.15,0.16,0.84,0.85,0.01,0.01,75044.15,1776319142000
1776319144.017,244.017,0.19,0.2,0.79,0.82,0.01,0.03,75044.15,1776319142000
1776319144.43,244.43,0.19,0.2,0.8,0.81,0.01,0.01,75044.15,1776319142000
1776319144.928,244.928,0.19,0.2,0.8,0.81,0.01,0.01,75044.61,1776319143000
1776319145.417,245.417,0.19,0.2,0.8,0.81,0.01,0.01,75044.61,1776319143000
1776319145.842,245.842,0.19,0.2,0.8,0.81,0.01,0.01,75044.28,1776319144000
1776319146.208,246.208,0.19,0.2,0.8,0.81,0.01,0.01,75044.77,1776319145000
1776319146.679,246.679,0.19,0.2,0.8,0.81,0.01,0.01,75044.77,1776319145000
1776319147.306,247.306,0.19,0.2,0.8,0.81,0.01,0.01,75044.77,1776319145000
1776319147.693,247.693,0.19,0.2,0.8,0.81,0.01,0.01,75048.35,1776319146000
1776319148.104,248.104,0.19,0.2,0.8,0.81,0.01,0.01,75048.05,1776319147000
1776319148.444,248.444,0.19,0.2,0.8,0.81,0.01,0.01,75048.05,1776319147000
1776319148.872,248.872,0.19,0.2,0.8,0.81,0.01,0.01,75048.05,1776319147000
1776319149.218,249.218,0.19,0.2,0.8,0.81,0.01,0.01,75048.05,1776319147000
1776319149.796,249.796,0.19,0.2,0.8,0.81,0.01,0.01,75048.05,1776319148000
1776319150.405,250.405,0.19,0.2,0.8,0.81,0.01,0.01,75048.05,1776319149000
1776319150.933,250.933,0.19,0.2,0.8,0.81,0.01,0.01,75048.05,1776319149000
1776319151.392,251.392,0.19,0.2,0.8,0.81,0.01,0.01,75048.05,1776319150000
1776319152.014,252.014,0.19,0.2,0.8,0.81,0.01,0.01,75048.05,1776319150000
1776319152.357,252.357,0.19,0.2,0.8,0.81,0.01,0.01,75048.05,1776319151000
1776319152.872,252.872,0.19,0.2,0.8,0.81,0.01,0.01,75048.05,1776319151000
1776319153.337,253.337,0.19,0.2,0.8,0.81,0.01,0.01,75048.05,1776319151000
1776319153.69,253.69,0.19,0.2,0.8,0.81,0.01,0.01,75048.05,1776319152000
1776319154.067,254.067,0.19,0.2,0.8,0.81,0.01,0.01,75048.05,1776319152000
1776319154.411,254.411,0.18,0.19,0.8,0.82,0.01,0.02,75048.05,1776319153000
1776319154.96,254.96,0.18,0.19,0.81,0.82,0.01,0.01,75048.05,1776319153000
1776319155.472,255.472,0.18,0.19,0.81,0.82,0.01,0.01,75048.05,1776319154000
1776319156.397,256.397,0.16,0.17,0.81,0.85,0.01,0.04,75048.05,1776319154000
1776319156.939,256.939,0.15,0.16,0.84,0.85,0.01,0.01,75048.05,1776319155000
1776319157.37,257.37,0.15,0.16,0.84,0.85,0.01,0.01,75048.05,1776319155000
1776319157.726,257.726,0.15,0.16,0.84,0.85,0.01,0.01,75048.05,1776319155000
1776319158.24,258.24,0.15,0.16,0.84,0.85,0.01,0.01,75048.05,1776319156000
1776319158.576,258.576,0.14,0.15,0.85,0.86,0.01,0.01,75045.65,1776319157000
1776319158.93,258.93,0.14,0.15,0.85,0.86,0.01,0.01,75045.65,1776319157000
1776319159.273,259.273,0.14,0.15,0.85,0.86,0.01,0.01,75045.65,1776319157000
1776319159.645,259.645,0.14,0.15,0.85,0.86,0.01,0.01,75045.65,1776319157000
1776319159.993,259.993,0.14,0.15,0.85,0.86,0.01,0.01,75045.98,1776319158000
1776319160.342,260.342,0.14,0.15,0.85,0.86,0.01,0.01,75045.98,1776319158000
1776319160.682,260.682,0.14,0.15,0.85,0.86,0.01,0.01,75045.72,1776319159000
1776319161.033,261.033,0.14,0.15,0.85,0.86,0.01,0.01,75045.72,1776319159000
1776319161.39,261.39,0.12,0.13,0.87,0.88,0.01,0.01,75045.72,1776319159000
1776319161.749,261.749,0.11,0.12,0.88,0.89,0.01,0.01,75043.22,1776319160000
1776319162.085,262.085,0.11,0.12,0.88,0.89,0.01,0.01,75043.22,1776319160000
1776319162.438,262.438,0.11,0.12,0.88,0.89,0.01,0.01,75043.22,1776319160000
1776319162.95,262.95,0.11,0.12,0.88,0.89,0.01,0.01,75043.23,1776319161000
1776319163.342,263.342,0.11,0.12,0.88,0.89,0.01,0.01,75044.42,1776319162000
1776319163.678,263.678,0.17,0.18,0.82,0.84,0.01,0.02,75044.42,1776319162000
1776319164.021,264.021,0.18,0.19,0.81,0.82,0.01,0.01,75045.15,1776319163000
1776319164.578,264.578,0.18,0.19,0.81,0.82,0.01,0.01,75045.15,1776319163000
1776319165.054,265.054,0.18,0.19,0.81,0.82,0.01,0.01,75045.64,1776319164000
1776319165.516,265.516,0.18,0.19,0.81,0.82,0.01,0.01,75045.64,1776319164000
1776319165.934,265.934,0.18,0.19,0.81,0.82,0.01,0.01,75047.72,1776319165000
1776319166.353,266.353,0.18,0.19,0.81,0.82,0.01,0.01,75047.72,1776319165000
1776319166.806,266.806,0.18,0.19,0.81,0.82,0.01,0.01,75047.72,1776319165000
1776319167.15,267.15,0.24,0.25,0.75,0.77,0.01,0.02,75050.28,1776319166000
1776319167.596,267.596,0.24,0.25,0.75,0.76,0.01,0.01,75050.28,1776319166000
1776319167.945,267.945,0.26,0.29,0.73,0.74,0.03,0.01,75050.28,1776319166000
1776319168.283,268.283,0.28,0.29,0.71,0.72,0.01,0.01,75050.87,1776319167000
1776319168.847,268.847,0.28,0.29,0.71,0.72,0.01,0.01,75050.87,1776319167000
1776319169.248,269.248,0.28,0.29,0.71,0.72,0.01,0.01,75054.41,1776319168000
1776319169.594,269.594,0.28,0.29,0.71,0.72,0.01,0.01,75054.41,1776319168000
1776319169.928,269.928,0.26,0.27,0.73,0.74,0.01,0.01,75054.41,1776319168000
1776319170.676,270.676,0.26,0.27,0.73,0.74,0.01,0.01,75056.23,1776319169000
1776319171.18,271.18,0.26,0.27,0.73,0.74,0.01,0.01,75056.01,1776319170000
1776319171.544,271.544,0.26,0.27,0.73,0.74,0.01,0.01,75056.01,1776319170000
1776319171.902,271.902,0.27,0.28,0.71,0.74,0.01,0.03,75056.01,1776319170000
1776319172.55,272.55,0.27,0.28,0.72,0.73,0.01,0.01,75055.96,1776319171000
1776319172.898,272.898,0.25,0.26,0.74,0.75,0.01,0.01,75055.96,1776319171000
1776319173.355,273.355,0.25,0.26,0.74,0.75,0.01,0.01,75055.96,1776319172000
1776319173.689,273.689,0.14,0.15,0.85,0.86,0.01,0.01,75055.96,1776319172000
1776319174.071,274.071,0.14,0.15,0.85,0.86,0.01,0.01,75055.96,1776319173000
1776319174.437,274.437,0.1,0.13,0.85,0.86,0.03,0.01,75055.96,1776319173000
1776319174.772,274.772,0.1,0.11,0.89,0.9,0.01,0.01,75055.96,1776319173000
1776319175.106,275.106,0.1,0.11,0.89,0.9,0.01,0.01,75055.96,1776319173000
1776319175.49,275.49,0.1,0.11,0.89,0.9,0.01,0.01,75053.35,1776319174000
1776319175.831,275.831,0.1,0.11,0.89,0.9,0.01,0.01,75053.35,1776319174000
1776319176.217,276.217,0.1,0.11,0.89,0.9,0.01,0.01,75052.13,1776319175000
1776319176.642,276.642,0.1,0.11,0.89,0.9,0.01,0.01,75052.13,1776319175000
1776319177.146,277.146,0.1,0.11,0.89,0.9,0.01,0.01,75052.13,1776319175000
1776319177.505,277.505,0.1,0.11,0.89,0.9,0.01,0.01,75052.13,1776319175000
1776319178.114,278.114,0.1,0.11,0.89,0.9,0.01,0.01,75049.64,1776319177000
1776319178.606,278.606,0.1,0.11,0.89,0.9,0.01,0.01,75049.64,1776319177000
1776319178.967,278.967,0.1,0.11,0.89,0.9,0.01,0.01,75049.64,1776319177000
1776319179.511,279.511,0.13,0.14,0.86,0.87,0.01,0.01,75049.21,1776319178000
1776319180.2,280.2,0.13,0.14,0.86,0.87,0.01,0.01,75049.21,1776319178000
1776319180.731,280.731,0.13,0.14,0.86,0.87,0.01,0.01,75048.93,1776319179000
1776319181.066,281.066,0.13,0.14,0.86,0.87,0.01,0.01,75048.93,1776319180000
1776319181.585,281.585,0.13,0.14,0.86,0.87,0.01,0.01,75048.93,1776319180000
1776319181.95,281.95,0.13,0.14,0.86,0.87,0.01,0.01,75048.93,1776319180000
1776319182.421,282.421,0.13,0.14,0.86,0.87,0.01,0.01,75053.15,1776319181000
1776319183.036,283.036,0.12,0.13,0.86,0.88,0.01,0.02,75053.15,1776319181000
1776319183.412,283.412,0.12,0.13,0.87,0.88,0.01,0.01,75052.72,1776319182000
1776319183.959,283.959,0.09,0.1,0.87,0.95,0.01,0.08,75052.72,1776319182000
1776319184.328,284.328,0.12,0.13,0.87,0.88,0.01,0.01,75051.96,1776319183000
1776319184.667,284.667,0.12,0.13,0.87,0.88,0.01,0.01,75051.96,1776319183000
1776319185.0,285.0,0.12,0.13,0.87,0.88,0.01,0.01,75051.96,1776319184000
1776319185.343,285.343,0.12,0.13,0.87,0.88,0.01,0.01,75051.96,1776319184000
1776319185.733,285.733,0.1,0.11,0.87,0.91,0.01,0.04,75051.96,1776319184000
1776319186.074,286.074,0.1,0.11,0.89,0.9,0.01,0.01,75052.95,1776319185000
1776319186.54,286.54,0.1,0.11,0.89,0.9,0.01,0.01,75052.95,1776319185000
1776319186.896,286.896,0.1,0.11,0.89,0.9,0.01,0.01,75052.95,1776319185000
1776319187.247,287.247,0.1,0.11,0.89,0.9,0.01,0.01,75052.95,1776319185000
1776319187.652,287.652,0.1,0.11,0.89,0.9,0.01,0.01,75053.99,1776319186000
1776319187.999,287.999,0.11,0.12,0.88,0.89,0.01,0.01,75053.99,1776319186000
1776319188.423,288.423,0.11,0.12,0.88,0.89,0.01,0.01,75053.99,1776319186000
1776319188.804,288.804,0.11,0.12,0.88,0.89,0.01,0.01,75053.98,1776319187000
1776319189.286,289.286,0.12,0.13,0.87,0.89,0.01,0.02,75053.97,1776319188000
1776319189.791,289.791,0.12,0.13,0.87,0.88,0.01,0.01,75053.97,1776319188000
1776319190.279,290.279,0.12,0.13,0.87,0.88,0.01,0.01,75053.97,1776319188000
1776319190.686,290.686,0.11,0.12,0.87,0.95,0.01,0.08,75053.97,1776319188000
1776319191.156,291.156,0.1,0.11,0.89,0.9,0.01,0.01,75054.0,1776319189000
1776319191.655,291.655,0.08,0.09,0.9,0.93,0.01,0.03,75054.83,1776319190000
1776319192.008,292.008,0.08,0.09,0.91,0.92,0.01,0.01,75054.83,1776319190000
1776319192.356,292.356,0.08,0.09,0.91,0.92,0.01,0.01,75054.83,1776319190000
1776319192.748,292.748,0.06,0.07,0.91,0.94,0.01,0.03,75054.79,1776319191000
1776319193.263,293.263,0.06,0.07,0.93,0.94,0.01,0.01,75054.71,1776319192000
1776319193.63,293.63,0.05,0.08,0.92,0.93,0.03,0.01,75054.71,1776319192000
1776319194.194,294.194,0.05,0.06,0.94,0.95,0.01,0.01,75054.74,1776319193000
1776319194.67,294.67,0.04,0.05,0.94,0.95,0.01,0.01,75054.74,1776319193000
1776319195.014,295.014,0.04,0.05,0.95,0.96,0.01,0.01,75054.74,1776319193000
1776319195.376,295.376,0.04,0.05,0.95,0.96,0.01,0.01,75054.73,1776319194000
1776319195.713,295.713,0.03,0.04,0.96,0.97,0.01,0.01,75054.73,1776319194000
1776319196.153,296.153,0.04,0.05,0.96,0.97,0.01,0.01,75054.73,1776319194000
1776319196.591,296.591,0.02,0.03,0.96,0.98,0.01,0.02,75054.69,1776319195000
1776319196.944,296.944,0.01,0.02,0.98,0.99,0.01,0.01,75054.69,1776319195000
1776319197.278,297.278,0.01,0.02,0.98,0.99,0.01,0.01,75054.69,1776319196000
1776319197.611,297.611,0.01,0.02,0.98,0.99,0.01,0.01,75054.69,1776319196000
1776319197.954,297.954,0.01,0.01,0.99,0.99,0.0,0.0,75054.69,1776319196000
1776319198.29,298.29,0.01,0.01,0.99,0.99,0.0,0.0,75054.68,1776319197000
1776319198.628,298.628,0.01,0.01,0.99,0.99,0.0,0.0,75054.68,1776319197000
1776319198.991,298.991,0.01,0.01,0.99,0.99,0.0,0.0,75054.86,1776319198000
1776319199.417,299.417,0.01,0.01,0.99,0.99,0.0,0.0,75054.86,1776319198000
1776319199.764,299.764,0.01,0.01,0.99,0.99,0.0,0.0,75054.86,1776319198000
1776319200.124,300.124,0.01,0.01,0.99,0.99,0.0,0.0,75054.73,1776319199000
1776319200.48,300.48,0.01,0.01,0.99,0.99,0.0,0.0,75054.73,1776319199000
1776319200.962,300.962,0.01,0.01,0.99,0.99,0.0,0.0,75054.73,1776319199000

# RESULT,winner=Down,slug=btc-updown-5m-1776318900,ticks=673
