timestamp,elapsed_sec,up_bid,up_ask,down_bid,down_ask,up_spread,down_spread,btc_price,btc_oracle_ts
1775950800.532,0.532,0.45,0.48,0.51,0.54,0.03,0.03,73160.82,1775950799000
1775950801.007,1.007,0.38,0.39,0.61,0.62,0.01,0.01,73160.82,1775950799000
1775950801.586,1.586,0.37,0.38,0.62,0.63,0.01,0.01,73160.82,1775950800000
1775950801.937,1.937,0.35,0.36,0.62,0.65,0.01,0.03,73160.82,1775950800000
1775950802.329,2.329,0.33,0.34,0.66,0.67,0.01,0.01,73160.82,1775950800000
1775950802.692,2.692,0.34,0.35,0.65,0.66,0.01,0.01,73160.64,1775950801000
1775950803.227,3.227,0.34,0.35,0.64,0.66,0.01,0.02,73160.64,1775950801000
1775950803.657,3.657,0.34,0.35,0.65,0.66,0.01,0.01,73151.97,1775950802000
1775950804.109,4.109,0.33,0.34,0.65,0.66,0.01,0.01,73151.97,1775950802000
1775950804.462,4.462,0.34,0.35,0.65,0.66,0.01,0.01,73151.97,1775950802000
1775950804.982,4.982,0.35,0.36,0.64,0.65,0.01,0.01,73148.96,1775950803000
1775950805.367,5.367,0.35,0.36,0.64,0.67,0.01,0.03,73148.96,1775950803000
1775950805.811,5.811,0.36,0.37,0.63,0.64,0.01,0.01,73148.54,1775950804000
1775950806.144,6.144,0.36,0.37,0.63,0.64,0.01,0.01,73148.54,1775950804000
1775950806.502,6.502,0.35,0.36,0.63,0.65,0.01,0.02,73148.31,1775950805000
1775950807.017,7.017,0.35,0.36,0.64,0.65,0.01,0.01,73148.31,1775950805000
1775950807.542,7.542,0.35,0.37,0.63,0.65,0.02,0.02,73148.52,1775950806000
1775950808.119,8.119,0.36,0.37,0.63,0.64,0.01,0.01,73148.52,1775950806000
1775950808.633,8.633,0.35,0.38,0.62,0.63,0.03,0.01,73148.38,1775950807000
1775950809.298,9.298,0.35,0.36,0.63,0.64,0.01,0.01,73148.38,1775950808000
1775950809.959,9.959,0.35,0.36,0.64,0.65,0.01,0.01,73148.38,1775950808000
1775950810.309,10.309,0.35,0.36,0.64,0.65,0.01,0.01,73148.38,1775950809000
1775950810.72,10.72,0.35,0.36,0.64,0.65,0.01,0.01,73148.38,1775950809000
1775950811.07,11.07,0.35,0.38,0.64,0.65,0.03,0.01,73148.39,1775950810000
1775950811.716,11.716,0.36,0.38,0.62,0.63,0.02,0.01,73148.39,1775950810000
1775950812.243,12.243,0.36,0.37,0.63,0.64,0.01,0.01,73147.49,1775950811000
1775950812.661,12.661,0.36,0.37,0.62,0.64,0.01,0.02,73147.49,1775950811000
1775950813.284,13.284,0.36,0.37,0.63,0.64,0.01,0.01,73147.49,1775950811000
1775950813.644,13.644,0.34,0.35,0.65,0.66,0.01,0.01,73146.64,1775950812000
1775950814.01,14.01,0.34,0.35,0.65,0.66,0.01,0.01,73146.64,1775950813000
1775950814.686,14.686,0.32,0.33,0.65,0.69,0.01,0.04,73146.64,1775950813000
1775950815.071,15.071,0.34,0.35,0.65,0.66,0.01,0.01,73146.64,1775950813000
1775950815.426,15.426,0.32,0.34,0.67,0.68,0.02,0.01,73146.64,1775950814000
1775950815.789,15.789,0.32,0.33,0.67,0.68,0.01,0.01,73146.64,1775950814000
1775950816.181,16.181,0.33,0.34,0.66,0.67,0.01,0.01,73146.53,1775950815000
1775950816.521,16.521,0.33,0.34,0.66,0.67,0.01,0.01,73146.53,1775950815000
1775950817.003,17.003,0.33,0.34,0.66,0.67,0.01,0.01,73146.53,1775950815000
1775950817.365,17.365,0.33,0.34,0.66,0.67,0.01,0.01,73146.43,1775950816000
1775950817.771,17.771,0.33,0.34,0.66,0.67,0.01,0.01,73146.43,1775950816000
1775950818.292,18.292,0.34,0.35,0.65,0.66,0.01,0.01,73146.43,1775950816000
1775950818.894,18.894,0.34,0.35,0.65,0.66,0.01,0.01,73146.43,1775950817000
1775950819.309,19.309,0.33,0.35,0.65,0.67,0.02,0.02,73146.43,1775950818000
1775950820.009,20.009,0.33,0.35,0.65,0.67,0.02,0.02,73146.34,1775950819000
1775950820.558,20.558,0.33,0.34,0.66,0.67,0.01,0.01,73146.34,1775950819000
1775950821.067,21.067,0.33,0.34,0.66,0.67,0.01,0.01,73146.34,1775950820000
1775950821.552,21.552,0.34,0.36,0.56,0.67,0.02,0.11,73146.34,1775950820000
1775950821.965,21.965,0.35,0.36,0.64,0.65,0.01,0.01,73146.34,1775950820000
1775950822.604,22.604,0.37,0.38,0.62,0.64,0.01,0.02,73146.34,1775950821000
1775950822.997,22.997,0.37,0.38,0.62,0.63,0.01,0.01,73146.34,1775950821000
1775950823.423,23.423,0.37,0.38,0.62,0.63,0.01,0.01,73146.34,1775950822000
1775950823.997,23.997,0.37,0.38,0.62,0.63,0.01,0.01,73146.34,1775950822000
1775950824.519,24.519,0.37,0.38,0.62,0.63,0.01,0.01,73146.4,1775950823000
1775950825.048,25.048,0.38,0.39,0.62,0.63,0.01,0.01,73146.4,1775950823000
1775950825.847,25.847,0.38,0.39,0.61,0.62,0.01,0.01,73146.4,1775950824000
1775950826.305,26.305,0.39,0.4,0.6,0.61,0.01,0.01,73146.4,1775950824000
1775950826.793,26.793,0.39,0.4,0.6,0.61,0.01,0.01,73146.4,1775950824000
1775950827.185,27.185,0.39,0.4,0.6,0.61,0.01,0.01,73146.39,1775950825000
1775950827.548,27.548,0.39,0.41,0.6,0.61,0.02,0.01,73146.39,1775950825000
1775950827.906,27.906,0.41,0.42,0.59,0.61,0.01,0.02,73146.5,1775950826000
1775950828.297,28.297,0.43,0.44,0.56,0.57,0.01,0.01,73146.5,1775950826000
1775950828.643,28.643,0.42,0.45,0.56,0.57,0.03,0.01,73146.5,1775950827000
1775950829.145,29.145,0.43,0.44,0.56,0.57,0.01,0.01,73146.5,1775950827000
1775950829.506,29.506,0.39,0.4,0.59,0.61,0.01,0.02,73146.5,1775950828000
1775950829.844,29.844,0.36,0.37,0.61,0.63,0.01,0.02,73146.5,1775950828000
1775950830.222,30.222,0.32,0.36,0.64,0.68,0.04,0.04,73146.5,1775950828000
1775950830.585,30.585,0.3,0.31,0.69,0.7,0.01,0.01,73146.5,1775950828000
1775950830.932,30.932,0.3,0.31,0.69,0.7,0.01,0.01,73149.31,1775950829000
1775950831.302,31.302,0.3,0.31,0.69,0.7,0.01,0.01,73146.73,1775950830000
1775950831.667,31.667,0.3,0.31,0.69,0.7,0.01,0.01,73146.73,1775950830000
1775950832.356,32.356,0.3,0.31,0.69,0.7,0.01,0.01,73146.73,1775950830000
1775950832.808,32.808,0.31,0.32,0.68,0.7,0.01,0.02,73146.73,1775950830000
1775950833.18,33.18,0.31,0.32,0.68,0.69,0.01,0.01,73137.85,1775950831000
1775950833.537,33.537,0.31,0.32,0.68,0.69,0.01,0.01,73137.85,1775950831000
1775950833.894,33.894,0.26,0.27,0.72,0.73,0.01,0.01,73136.12,1775950832000
1775950834.413,34.413,0.26,0.27,0.73,0.74,0.01,0.01,73135.74,1775950833000
1775950834.798,34.798,0.22,0.24,0.75,0.77,0.02,0.02,73135.74,1775950833000
1775950835.167,35.167,0.23,0.24,0.76,0.77,0.01,0.01,73135.74,1775950834000
1775950835.548,35.548,0.23,0.24,0.76,0.77,0.01,0.01,73135.74,1775950834000
1775950835.99,35.99,0.23,0.28,0.76,0.77,0.05,0.01,73135.74,1775950834000
1775950836.324,36.324,0.23,0.25,0.75,0.77,0.02,0.02,73135.74,1775950834000
1775950836.746,36.746,0.23,0.25,0.76,0.77,0.02,0.01,73127.94,1775950835000
1775950837.108,37.108,0.23,0.24,0.76,0.77,0.01,0.01,73127.94,1775950835000
1775950837.494,37.494,0.23,0.24,0.76,0.77,0.01,0.01,73122.09,1775950836000
1775950837.867,37.867,0.23,0.24,0.76,0.77,0.01,0.01,73122.09,1775950836000
1775950838.214,38.214,0.23,0.24,0.76,0.77,0.01,0.01,73122.09,1775950836000
1775950838.552,38.552,0.23,0.24,0.76,0.77,0.01,0.01,73120.62,1775950837000
1775950839.008,39.008,0.23,0.24,0.76,0.77,0.01,0.01,73120.62,1775950837000
1775950839.395,39.395,0.22,0.23,0.76,0.78,0.01,0.02,73120.62,1775950837000
1775950839.744,39.744,0.22,0.23,0.77,0.78,0.01,0.01,73118.58,1775950838000
1775950840.09,40.09,0.22,0.23,0.77,0.78,0.01,0.01,73118.58,1775950838000
1775950840.708,40.708,0.22,0.23,0.77,0.78,0.01,0.01,73118.25,1775950839000
1775950841.509,41.509,0.22,0.23,0.77,0.78,0.01,0.01,73118.34,1775950840000
1775950841.853,41.853,0.28,0.34,0.66,0.72,0.06,0.06,73118.34,1775950840000
1775950842.197,42.197,0.29,0.33,0.69,0.72,0.04,0.03,73119.42,1775950841000
1775950842.582,42.582,0.3,0.33,0.69,0.7,0.03,0.01,73119.42,1775950841000
1775950842.982,42.982,0.3,0.31,0.69,0.7,0.01,0.01,73119.42,1775950841000
1775950843.324,43.324,0.3,0.31,0.69,0.7,0.01,0.01,73119.42,1775950841000
1775950843.824,43.824,0.3,0.31,0.69,0.7,0.01,0.01,73133.24,1775950842000
1775950844.223,44.223,0.3,0.31,0.69,0.7,0.01,0.01,73134.36,1775950843000
1775950844.609,44.609,0.3,0.31,0.69,0.7,0.01,0.01,73134.36,1775950843000
1775950845.152,45.152,0.33,0.34,0.67,0.68,0.01,0.01,73134.36,1775950843000
1775950845.777,45.777,0.33,0.34,0.66,0.67,0.01,0.01,73134.03,1775950844000
1775950846.173,46.173,0.33,0.34,0.66,0.67,0.01,0.01,73134.03,1775950844000
1775950846.537,46.537,0.33,0.34,0.66,0.67,0.01,0.01,73134.03,1775950844000
1775950846.888,46.888,0.33,0.34,0.66,0.68,0.01,0.02,73134.46,1775950845000
1775950847.233,47.233,0.33,0.34,0.66,0.67,0.01,0.01,73136.6,1775950846000
1775950847.601,47.601,0.33,0.34,0.66,0.67,0.01,0.01,73136.6,1775950846000
1775950848.165,48.165,0.33,0.34,0.66,0.67,0.01,0.01,73136.6,1775950846000
1775950848.54,48.54,0.33,0.34,0.66,0.67,0.01,0.01,73134.84,1775950847000
1775950848.881,48.881,0.33,0.34,0.66,0.67,0.01,0.01,73134.84,1775950847000
1775950849.432,49.432,0.33,0.35,0.65,0.67,0.02,0.02,73135.26,1775950848000
1775950849.805,49.805,0.33,0.34,0.66,0.67,0.01,0.01,73135.26,1775950848000
1775950850.174,50.174,0.33,0.34,0.66,0.67,0.01,0.01,73135.26,1775950848000
1775950850.882,50.882,0.33,0.34,0.65,0.67,0.01,0.02,73134.79,1775950849000
1775950851.25,51.25,0.33,0.34,0.66,0.67,0.01,0.01,73134.79,1775950849000
1775950851.629,51.629,0.33,0.34,0.66,0.67,0.01,0.01,73134.79,1775950850000
1775950851.972,51.972,0.33,0.34,0.66,0.67,0.01,0.01,73135.98,1775950851000
1775950852.53,52.53,0.33,0.34,0.66,0.67,0.01,0.01,73135.98,1775950851000
1775950852.874,52.874,0.33,0.34,0.66,0.67,0.01,0.01,73135.98,1775950851000
1775950853.373,53.373,0.33,0.34,0.66,0.67,0.01,0.01,73136.09,1775950852000
1775950853.876,53.876,0.31,0.33,0.67,0.7,0.02,0.03,73136.09,1775950852000
1775950854.258,54.258,0.31,0.32,0.68,0.69,0.01,0.01,73136.09,1775950852000
1775950854.692,54.692,0.3,0.31,0.68,0.7,0.01,0.02,73135.99,1775950853000
1775950855.113,55.113,0.3,0.31,0.69,0.7,0.01,0.01,73136.59,1775950854000
1775950855.503,55.503,0.3,0.31,0.69,0.7,0.01,0.01,73136.59,1775950854000
1775950856.183,56.183,0.3,0.31,0.69,0.7,0.01,0.01,73136.59,1775950854000
1775950856.91,56.91,0.3,0.31,0.69,0.7,0.01,0.01,73135.99,1775950855000
1775950857.527,57.527,0.31,0.33,0.68,0.7,0.02,0.02,73135.99,1775950855000
1775950857.91,57.91,0.32,0.33,0.67,0.68,0.01,0.01,73134.85,1775950856000
1775950858.582,58.582,0.31,0.32,0.67,0.7,0.01,0.03,73134.85,1775950857000
1775950859.156,59.156,0.31,0.32,0.68,0.69,0.01,0.01,73134.85,1775950857000
1775950859.495,59.495,0.32,0.33,0.67,0.68,0.01,0.01,73134.85,1775950858000
1775950859.903,59.903,0.32,0.33,0.67,0.68,0.01,0.01,73134.85,1775950858000
1775950860.26,60.26,0.32,0.33,0.67,0.68,0.01,0.01,73134.85,1775950858000
1775950860.607,60.607,0.32,0.33,0.67,0.68,0.01,0.01,73134.85,1775950859000
1775950860.986,60.986,0.32,0.33,0.67,0.68,0.01,0.01,73134.85,1775950859000
1775950861.498,61.498,0.32,0.33,0.67,0.68,0.01,0.01,73134.85,1775950859000
1775950861.883,61.883,0.31,0.32,0.68,0.69,0.01,0.01,73134.92,1775950860000
1775950862.297,62.297,0.31,0.32,0.68,0.69,0.01,0.01,73136.15,1775950861000
1775950862.64,62.64,0.31,0.32,0.68,0.69,0.01,0.01,73136.15,1775950861000
1775950862.994,62.994,0.31,0.33,0.68,0.69,0.02,0.01,73136.15,1775950861000
1775950863.859,63.859,0.32,0.33,0.68,0.69,0.01,0.01,73135.96,1775950862000
1775950864.327,64.327,0.3,0.33,0.67,0.7,0.03,0.03,73135.11,1775950863000
1775950864.87,64.87,0.3,0.31,0.69,0.7,0.01,0.01,73135.11,1775950863000
1775950865.234,65.234,0.3,0.31,0.69,0.7,0.01,0.01,73135.11,1775950864000
1775950865.714,65.714,0.31,0.32,0.68,0.69,0.01,0.01,73135.11,1775950864000
1775950866.07,66.07,0.33,0.34,0.66,0.67,0.01,0.01,73135.11,1775950865000
1775950866.775,66.775,0.33,0.34,0.66,0.67,0.01,0.01,73135.11,1775950865000
1775950867.244,67.244,0.33,0.34,0.66,0.67,0.01,0.01,73136.47,1775950866000
1775950867.61,67.61,0.33,0.34,0.66,0.67,0.01,0.01,73136.47,1775950866000
1775950868.143,68.143,0.33,0.34,0.66,0.67,0.01,0.01,73136.47,1775950866000
1775950868.734,68.734,0.3,0.32,0.66,0.7,0.02,0.04,73136.84,1775950867000
1775950869.423,69.423,0.3,0.31,0.68,0.7,0.01,0.02,73136.84,1775950868000
1775950869.874,69.874,0.3,0.31,0.69,0.7,0.01,0.01,73136.84,1775950868000
1775950870.581,70.581,0.29,0.3,0.7,0.71,0.01,0.01,73136.61,1775950869000
1775950871.094,71.094,0.28,0.29,0.71,0.72,0.01,0.01,73136.61,1775950869000
1775950871.475,71.475,0.29,0.3,0.7,0.72,0.01,0.02,73136.37,1775950870000
1775950872.082,72.082,0.29,0.3,0.7,0.71,0.01,0.01,73136.37,1775950871000
1775950872.614,72.614,0.29,0.3,0.7,0.71,0.01,0.01,73136.37,1775950871000
1775950873.141,73.141,0.3,0.31,0.69,0.7,0.01,0.01,73135.39,1775950872000
1775950873.682,73.682,0.3,0.38,0.69,0.7,0.08,0.01,73135.39,1775950872000
1775950874.053,74.053,0.3,0.31,0.69,0.7,0.01,0.01,73135.39,1775950872000
1775950874.497,74.497,0.3,0.31,0.69,0.7,0.01,0.01,73134.67,1775950873000
1775950874.95,74.95,0.3,0.31,0.69,0.7,0.01,0.01,73134.67,1775950873000
1775950875.304,75.304,0.3,0.31,0.69,0.7,0.01,0.01,73134.67,1775950873000
1775950875.687,75.687,0.31,0.32,0.68,0.7,0.01,0.02,73135.85,1775950874000
1775950876.025,76.025,0.31,0.32,0.68,0.69,0.01,0.01,73135.85,1775950874000
1775950876.721,76.721,0.31,0.32,0.68,0.69,0.01,0.01,73135.85,1775950875000
1775950877.148,77.148,0.31,0.32,0.68,0.69,0.01,0.01,73135.77,1775950876000
1775950877.736,77.736,0.31,0.32,0.68,0.69,0.01,0.01,73135.77,1775950876000
1775950878.294,78.294,0.31,0.32,0.68,0.69,0.01,0.01,73135.65,1775950877000
1775950878.736,78.736,0.31,0.32,0.68,0.69,0.01,0.01,73135.65,1775950877000
1775950879.179,79.179,0.3,0.31,0.68,0.7,0.01,0.02,73135.65,1775950878000
1775950879.571,79.571,0.3,0.31,0.69,0.7,0.01,0.01,73135.65,1775950878000
1775950879.918,79.918,0.3,0.31,0.69,0.7,0.01,0.01,73135.65,1775950879000
1775950880.633,80.633,0.28,0.31,0.69,0.7,0.03,0.01,73135.65,1775950879000
1775950880.984,80.984,0.29,0.3,0.7,0.71,0.01,0.01,73135.61,1775950880000
1775950881.716,81.716,0.29,0.3,0.69,0.7,0.01,0.01,73135.61,1775950880000
1775950882.095,82.095,0.29,0.3,0.7,0.71,0.01,0.01,73135.39,1775950881000
1775950882.604,82.604,0.27,0.3,0.7,0.71,0.03,0.01,73135.39,1775950881000
1775950882.98,82.98,0.28,0.29,0.71,0.72,0.01,0.01,73135.39,1775950881000
1775950883.355,83.355,0.28,0.29,0.71,0.72,0.01,0.01,73135.19,1775950882000
1775950883.834,83.834,0.28,0.29,0.71,0.73,0.01,0.02,73135.19,1775950882000
1775950884.171,84.171,0.25,0.29,0.71,0.73,0.04,0.02,73135.19,1775950882000
1775950884.534,84.534,0.25,0.26,0.73,0.74,0.01,0.01,73135.35,1775950883000
1775950885.172,85.172,0.25,0.26,0.74,0.75,0.01,0.01,73135.35,1775950883000
1775950885.672,85.672,0.26,0.27,0.73,0.75,0.01,0.02,73135.35,1775950884000
1775950886.065,86.065,0.29,0.3,0.69,0.74,0.01,0.05,73135.35,1775950884000
1775950886.86,86.86,0.29,0.3,0.7,0.72,0.01,0.02,73134.93,1775950885000
1775950887.245,87.245,0.29,0.3,0.7,0.71,0.01,0.01,73134.12,1775950886000
1775950887.586,87.586,0.28,0.29,0.71,0.72,0.01,0.01,73134.12,1775950886000
1775950887.937,87.937,0.28,0.29,0.71,0.72,0.01,0.01,73134.12,1775950886000
1775950888.547,88.547,0.28,0.3,0.7,0.71,0.02,0.01,73134.12,1775950887000
1775950889.207,89.207,0.28,0.29,0.71,0.72,0.01,0.01,73134.19,1775950888000
1775950890.189,90.189,0.29,0.3,0.71,0.72,0.01,0.01,73134.19,1775950888000
1775950890.567,90.567,0.29,0.3,0.7,0.71,0.01,0.01,73134.17,1775950889000
1775950891.033,91.033,0.3,0.31,0.7,0.73,0.01,0.03,73134.17,1775950889000
1775950891.463,91.463,0.31,0.32,0.68,0.69,0.01,0.01,73133.95,1775950890000
1775950891.837,91.837,0.31,0.32,0.68,0.69,0.01,0.01,73133.95,1775950890000
1775950892.233,92.233,0.31,0.32,0.68,0.69,0.01,0.01,73133.95,1775950890000
1775950892.743,92.743,0.31,0.32,0.68,0.69,0.01,0.01,73133.96,1775950891000
1775950893.604,93.604,0.31,0.32,0.68,0.69,0.01,0.01,73134.64,1775950892000
1775950894.053,94.053,0.31,0.32,0.68,0.69,0.01,0.01,73135.38,1775950893000
1775950894.413,94.413,0.31,0.32,0.68,0.69,0.01,0.01,73135.38,1775950893000
1775950895.107,95.107,0.31,0.32,0.68,0.69,0.01,0.01,73136.2,1775950894000
1775950896.166,96.166,0.31,0.32,0.68,0.69,0.01,0.01,73136.2,1775950894000
1775950896.598,96.598,0.31,0.32,0.68,0.69,0.01,0.01,73136.71,1775950895000
1775950896.938,96.938,0.29,0.31,0.68,0.7,0.02,0.02,73136.71,1775950895000
1775950897.306,97.306,0.29,0.3,0.7,0.71,0.01,0.01,73136.73,1775950896000
1775950897.934,97.934,0.29,0.3,0.7,0.71,0.01,0.01,73136.73,1775950896000
1775950898.308,98.308,0.29,0.3,0.7,0.71,0.01,0.01,73136.73,1775950896000
1775950898.925,98.925,0.29,0.3,0.7,0.71,0.01,0.01,73136.7,1775950897000
1775950899.518,99.518,0.25,0.3,0.7,0.71,0.05,0.01,73136.7,1775950898000
1775950899.94,99.94,0.25,0.26,0.74,0.75,0.01,0.01,73136.7,1775950898000
1775950900.351,100.351,0.25,0.27,0.73,0.75,0.02,0.02,73135.69,1775950899000
1775950900.758,100.758,0.27,0.28,0.73,0.75,0.01,0.02,73135.69,1775950899000
1775950901.288,101.288,0.28,0.29,0.71,0.73,0.01,0.02,73135.69,1775950899000
1775950901.648,101.648,0.27,0.28,0.72,0.73,0.01,0.01,73135.63,1775950900000
1775950902.0,102.0,0.27,0.28,0.72,0.73,0.01,0.01,73135.55,1775950901000
1775950902.404,102.404,0.27,0.28,0.72,0.73,0.01,0.01,73135.55,1775950901000
1775950903.007,103.007,0.27,0.31,0.72,0.73,0.04,0.01,73135.55,1775950901000
1775950903.352,103.352,0.3,0.31,0.69,0.7,0.01,0.01,73135.65,1775950902000
1775950903.689,103.689,0.3,0.31,0.69,0.7,0.01,0.01,73135.65,1775950902000
1775950904.203,104.203,0.29,0.31,0.69,0.7,0.02,0.01,73135.86,1775950903000
1775950904.819,104.819,0.3,0.32,0.69,0.7,0.02,0.01,73135.86,1775950903000
1775950905.247,105.247,0.32,0.33,0.67,0.68,0.01,0.01,73136.15,1775950904000
1775950905.674,105.674,0.32,0.33,0.67,0.68,0.01,0.01,73136.15,1775950904000
1775950906.046,106.046,0.32,0.33,0.67,0.68,0.01,0.01,73136.15,1775950904000
1775950906.436,106.436,0.33,0.34,0.67,0.68,0.01,0.01,73135.96,1775950905000
1775950906.819,106.819,0.32,0.33,0.66,0.67,0.01,0.01,73135.96,1775950905000
1775950907.264,107.264,0.32,0.33,0.67,0.68,0.01,0.01,73137.2,1775950906000
1775950907.836,107.836,0.32,0.33,0.67,0.68,0.01,0.01,73137.2,1775950906000
1775950908.173,108.173,0.29,0.33,0.67,0.69,0.04,0.02,73138.24,1775950907000
1775950908.634,108.634,0.3,0.31,0.68,0.7,0.01,0.02,73138.24,1775950907000
1775950908.981,108.981,0.31,0.32,0.68,0.69,0.01,0.01,73138.24,1775950907000
1775950909.366,109.366,0.31,0.32,0.68,0.69,0.01,0.01,73138.24,1775950907000
1775950909.981,109.981,0.31,0.32,0.68,0.69,0.01,0.01,73138.64,1775950909000
1775950910.627,110.627,0.31,0.32,0.68,0.69,0.01,0.01,73138.64,1775950909000
1775950910.964,110.964,0.32,0.33,0.68,0.69,0.01,0.01,73138.64,1775950909000
1775950911.956,111.956,0.31,0.32,0.67,0.68,0.01,0.01,73138.79,1775950910000
1775950912.672,112.672,0.31,0.33,0.68,0.69,0.02,0.01,73139.08,1775950911000
1775950913.035,113.035,0.32,0.33,0.67,0.68,0.01,0.01,73139.08,1775950911000
1775950913.376,113.376,0.32,0.34,0.66,0.68,0.02,0.02,73139.08,1775950911000
1775950914.001,114.001,0.32,0.34,0.66,0.68,0.02,0.02,73139.05,1775950913000
1775950914.41,114.41,0.33,0.34,0.66,0.67,0.01,0.01,73139.05,1775950913000
1775950914.879,114.879,0.33,0.34,0.66,0.67,0.01,0.01,73139.05,1775950913000
1775950915.241,115.241,0.34,0.35,0.65,0.67,0.01,0.02,73139.78,1775950914000
1775950915.579,115.579,0.34,0.35,0.65,0.66,0.01,0.01,73139.78,1775950914000
1775950915.976,115.976,0.34,0.35,0.65,0.66,0.01,0.01,73139.78,1775950914000
1775950916.437,116.437,0.33,0.35,0.65,0.66,0.02,0.01,73139.91,1775950915000
1775950916.78,116.78,0.32,0.33,0.66,0.69,0.01,0.03,73139.91,1775950915000
1775950917.555,117.555,0.31,0.32,0.67,0.68,0.01,0.01,73139.91,1775950915000
1775950917.894,117.894,0.34,0.35,0.65,0.69,0.01,0.04,73139.45,1775950916000
1775950918.235,118.235,0.34,0.35,0.65,0.66,0.01,0.01,73139.32,1775950917000
1775950918.575,118.575,0.32,0.34,0.66,0.67,0.02,0.01,73139.32,1775950917000
1775950918.973,118.973,0.32,0.33,0.66,0.68,0.01,0.02,73139.32,1775950917000
1775950919.383,119.383,0.32,0.33,0.67,0.68,0.01,0.01,73138.92,1775950918000
1775950920.022,120.022,0.31,0.33,0.68,0.69,0.02,0.01,73138.92,1775950918000
1775950920.407,120.407,0.31,0.32,0.67,0.69,0.01,0.02,73138.17,1775950919000
1775950920.822,120.822,0.3,0.31,0.69,0.7,0.01,0.01,73138.17,1775950919000
1775950921.159,121.159,0.3,0.31,0.69,0.7,0.01,0.01,73136.39,1775950920000
1775950921.576,121.576,0.32,0.33,0.67,0.7,0.01,0.03,73136.39,1775950920000
1775950922.23,122.23,0.32,0.33,0.67,0.68,0.01,0.01,73135.51,1775950921000
1775950922.565,122.565,0.34,0.35,0.65,0.68,0.01,0.03,73135.51,1775950921000
1775950923.131,123.131,0.34,0.35,0.65,0.66,0.01,0.01,73135.51,1775950921000
1775950923.548,123.548,0.34,0.35,0.65,0.66,0.01,0.01,73137.23,1775950922000
1775950924.036,124.036,0.34,0.35,0.65,0.66,0.01,0.01,73137.23,1775950922000
1775950924.408,124.408,0.33,0.34,0.66,0.67,0.01,0.01,73138.35,1775950923000
1775950924.745,124.745,0.31,0.33,0.67,0.68,0.02,0.01,73138.35,1775950923000
1775950925.19,125.19,0.31,0.32,0.68,0.69,0.01,0.01,73139.12,1775950924000
1775950925.6,125.6,0.26,0.29,0.71,0.72,0.03,0.01,73139.12,1775950924000
1775950926.144,126.144,0.26,0.32,0.73,0.74,0.06,0.01,73139.12,1775950924000
1775950926.674,126.674,0.3,0.31,0.69,0.7,0.01,0.01,73138.87,1775950925000
1775950927.108,127.108,0.3,0.31,0.69,0.7,0.01,0.01,73136.75,1775950926000
1775950927.81,127.81,0.3,0.31,0.69,0.7,0.01,0.01,73136.75,1775950926000
1775950928.443,128.443,0.3,0.31,0.69,0.7,0.01,0.01,73135.93,1775950927000
1775950929.109,129.109,0.3,0.31,0.69,0.7,0.01,0.01,73135.93,1775950928000
1775950929.724,129.724,0.3,0.31,0.69,0.7,0.01,0.01,73135.93,1775950928000
1775950930.124,130.124,0.3,0.31,0.69,0.7,0.01,0.01,73135.93,1775950928000
1775950930.573,130.573,0.3,0.31,0.69,0.7,0.01,0.01,73136.07,1775950929000
1775950930.988,130.988,0.3,0.31,0.69,0.7,0.01,0.01,73136.07,1775950929000
1775950931.42,131.42,0.3,0.31,0.69,0.7,0.01,0.01,73136.07,1775950930000
1775950931.858,131.858,0.28,0.31,0.69,0.7,0.03,0.01,73136.07,1775950930000
1775950932.366,132.366,0.28,0.3,0.69,0.72,0.02,0.03,73136.07,1775950930000
1775950932.865,132.865,0.28,0.29,0.7,0.71,0.01,0.01,73136.11,1775950931000
1775950933.567,133.567,0.28,0.29,0.71,0.72,0.01,0.01,73136.11,1775950932000
1775950934.364,134.364,0.28,0.29,0.71,0.72,0.01,0.01,73136.11,1775950932000
1775950934.826,134.826,0.25,0.29,0.71,0.72,0.04,0.01,73136.11,1775950933000
1775950935.199,135.199,0.25,0.26,0.71,0.75,0.01,0.04,73136.08,1775950934000
1775950935.8,135.8,0.25,0.26,0.74,0.75,0.01,0.01,73136.08,1775950934000
1775950936.27,136.27,0.25,0.26,0.74,0.75,0.01,0.01,73136.04,1775950935000
1775950936.616,136.616,0.25,0.26,0.74,0.75,0.01,0.01,73136.04,1775950935000
1775950937.535,137.535,0.25,0.27,0.73,0.75,0.02,0.02,73135.93,1775950936000
1775950937.916,137.916,0.24,0.25,0.75,0.76,0.01,0.01,73135.93,1775950936000
1775950938.257,138.257,0.24,0.25,0.75,0.76,0.01,0.01,73135.93,1775950937000
1775950938.688,138.688,0.25,0.26,0.74,0.75,0.01,0.01,73135.93,1775950937000
1775950939.112,139.112,0.26,0.27,0.73,0.74,0.01,0.01,73135.93,1775950937000
1775950939.657,139.657,0.25,0.26,0.73,0.74,0.01,0.01,73135.79,1775950938000
1775950940.013,140.013,0.25,0.26,0.74,0.75,0.01,0.01,73135.88,1775950939000
1775950940.617,140.617,0.26,0.27,0.73,0.74,0.01,0.01,73135.88,1775950939000
1775950940.974,140.974,0.22,0.27,0.73,0.74,0.05,0.01,73135.88,1775950939000
1775950941.313,141.313,0.24,0.26,0.74,0.76,0.02,0.02,73136.27,1775950940000
1775950941.772,141.772,0.25,0.26,0.74,0.75,0.01,0.01,73136.27,1775950940000
1775950942.42,142.42,0.25,0.26,0.74,0.75,0.01,0.01,73136.27,1775950940000
1775950942.88,142.88,0.25,0.26,0.74,0.75,0.01,0.01,73136.5,1775950941000
1775950943.341,143.341,0.25,0.26,0.74,0.75,0.01,0.01,73136.57,1775950942000
1775950943.977,143.977,0.25,0.26,0.74,0.75,0.01,0.01,73136.57,1775950943000
1775950944.684,144.684,0.26,0.27,0.73,0.74,0.01,0.01,73136.57,1775950943000
1775950945.05,145.05,0.26,0.27,0.73,0.74,0.01,0.01,73136.57,1775950943000
1775950945.527,145.527,0.26,0.27,0.73,0.74,0.01,0.01,73136.86,1775950944000
1775950946.028,146.028,0.22,0.23,0.73,0.79,0.01,0.06,73136.86,1775950944000
1775950946.637,146.637,0.22,0.23,0.77,0.78,0.01,0.01,73136.86,1775950944000
1775950947.228,147.228,0.21,0.23,0.77,0.78,0.02,0.01,73136.86,1775950945000
1775950947.957,147.957,0.21,0.22,0.78,0.79,0.01,0.01,73136.99,1775950947000
1775950948.461,148.461,0.21,0.22,0.78,0.79,0.01,0.01,73136.99,1775950947000
1775950949.036,149.036,0.2,0.22,0.78,0.79,0.02,0.01,73136.99,1775950947000
1775950950.038,150.038,0.21,0.22,0.78,0.79,0.01,0.01,73137.11,1775950949000
1775950950.411,150.411,0.23,0.24,0.76,0.77,0.01,0.01,73137.11,1775950949000
1775950951.017,151.017,0.23,0.24,0.76,0.77,0.01,0.01,73137.11,1775950949000
1775950951.453,151.453,0.23,0.24,0.76,0.77,0.01,0.01,73137.11,1775950949000
1775950951.816,151.816,0.23,0.25,0.76,0.77,0.02,0.01,73137.11,1775950950000
1775950952.245,152.245,0.23,0.25,0.75,0.77,0.02,0.02,73136.84,1775950951000
1775950952.939,152.939,0.24,0.28,0.75,0.77,0.04,0.02,73136.84,1775950951000
1775950953.312,153.312,0.24,0.28,0.72,0.76,0.04,0.04,73136.81,1775950952000
1775950953.686,153.686,0.26,0.27,0.73,0.74,0.01,0.01,73136.81,1775950952000
1775950954.024,154.024,0.26,0.27,0.73,0.74,0.01,0.01,73136.81,1775950952000
1775950954.363,154.363,0.26,0.27,0.73,0.74,0.01,0.01,73136.81,1775950952000
1775950954.728,154.728,0.25,0.26,0.73,0.74,0.01,0.01,73136.85,1775950953000
1775950955.19,155.19,0.25,0.26,0.74,0.75,0.01,0.01,73136.85,1775950954000
1775950955.997,155.997,0.25,0.26,0.74,0.75,0.01,0.01,73137.13,1775950955000
1775950956.691,156.691,0.25,0.26,0.74,0.75,0.01,0.01,73137.13,1775950955000
1775950957.173,157.173,0.24,0.26,0.74,0.76,0.02,0.02,73137.13,1775950956000
1775950957.553,157.553,0.19,0.25,0.74,0.76,0.06,0.02,73137.13,1775950956000
1775950957.904,157.904,0.2,0.21,0.79,0.8,0.01,0.01,73137.13,1775950956000
1775950958.32,158.32,0.2,0.21,0.79,0.8,0.01,0.01,73137.13,1775950957000
1775950958.927,158.927,0.2,0.21,0.79,0.8,0.01,0.01,73137.13,1775950957000
1775950959.361,159.361,0.2,0.21,0.79,0.8,0.01,0.01,73137.13,1775950957000
1775950959.818,159.818,0.2,0.22,0.79,0.8,0.02,0.01,73137.12,1775950958000
1775950960.381,160.381,0.22,0.23,0.78,0.79,0.01,0.01,73137.12,1775950958000
1775950961.263,161.263,0.22,0.23,0.77,0.78,0.01,0.01,73137.12,1775950960000
1775950961.997,161.997,0.22,0.23,0.77,0.78,0.01,0.01,73137.12,1775950960000
1775950963.247,163.247,0.22,0.23,0.77,0.78,0.01,0.01,73136.85,1775950961000
1775950963.913,163.913,0.21,0.23,0.77,0.79,0.02,0.02,73136.9,1775950963000
1775950964.672,164.672,0.21,0.22,0.77,0.79,0.01,0.02,73136.9,1775950963000
1775950965.021,165.021,0.19,0.22,0.78,0.81,0.03,0.03,73136.84,1775950964000
1775950965.435,165.435,0.19,0.2,0.8,0.81,0.01,0.01,73136.84,1775950964000
1775950966.085,166.085,0.19,0.2,0.8,0.81,0.01,0.01,73136.84,1775950965000
1775950966.451,166.451,0.17,0.2,0.8,0.83,0.03,0.03,73136.84,1775950965000
1775950966.846,166.846,0.15,0.2,0.8,0.84,0.05,0.04,73136.84,1775950965000
1775950967.207,167.207,0.15,0.18,0.8,0.85,0.03,0.05,73136.83,1775950966000
1775950968.096,168.096,0.13,0.14,0.84,0.87,0.01,0.03,73136.83,1775950966000
1775950968.451,168.451,0.13,0.14,0.86,0.87,0.01,0.01,73133.23,1775950967000
1775950968.835,168.835,0.13,0.14,0.86,0.87,0.01,0.01,73133.23,1775950967000
1775950969.276,169.276,0.13,0.14,0.86,0.87,0.01,0.01,73133.23,1775950967000
1775950969.658,169.658,0.13,0.14,0.86,0.87,0.01,0.01,73126.53,1775950968000
1775950970.228,170.228,0.13,0.14,0.86,0.87,0.01,0.01,73126.53,1775950968000
1775950970.583,170.583,0.12,0.14,0.86,0.87,0.02,0.01,73125.36,1775950969000
1775950971.211,171.211,0.12,0.13,0.87,0.88,0.01,0.01,73125.36,1775950969000
1775950971.544,171.544,0.12,0.13,0.87,0.88,0.01,0.01,73125.39,1775950970000
1775950972.085,172.085,0.12,0.13,0.87,0.88,0.01,0.01,73125.39,1775950970000
1775950972.467,172.467,0.13,0.14,0.86,0.87,0.01,0.01,73125.39,1775950971000
1775950973.232,173.232,0.13,0.14,0.86,0.87,0.01,0.01,73125.39,1775950971000
1775950973.661,173.661,0.13,0.16,0.86,0.87,0.03,0.01,73125.39,1775950972000
1775950974.328,174.328,0.13,0.16,0.84,0.87,0.03,0.03,73125.33,1775950973000
1775950974.687,174.687,0.13,0.14,0.86,0.87,0.01,0.01,73125.33,1775950973000
1775950975.044,175.044,0.13,0.14,0.85,0.87,0.01,0.02,73125.33,1775950973000
1775950975.391,175.391,0.13,0.14,0.86,0.87,0.01,0.01,73125.15,1775950974000
1775950975.743,175.743,0.12,0.14,0.86,0.87,0.02,0.01,73125.15,1775950974000
1775950976.407,176.407,0.14,0.15,0.85,0.87,0.01,0.02,73125.07,1775950975000
1775950976.884,176.884,0.14,0.15,0.85,0.86,0.01,0.01,73125.07,1775950975000
1775950978.441,178.441,0.14,0.15,0.85,0.86,0.01,0.01,73125.07,1775950977000
1775950979.013,179.013,0.14,0.15,0.85,0.86,0.01,0.01,73125.07,1775950978000
1775950979.714,179.714,0.16,0.17,0.83,0.84,0.01,0.01,73125.07,1775950978000
1775950980.147,180.147,0.16,0.17,0.83,0.84,0.01,0.01,73125.07,1775950979000
1775950981.239,181.239,0.12,0.17,0.83,0.88,0.05,0.05,73125.1,1775950980000
1775950981.996,181.996,0.12,0.13,0.83,0.88,0.01,0.05,73125.1,1775950980000
1775950982.342,182.342,0.12,0.13,0.87,0.88,0.01,0.01,73124.63,1775950981000
1775950982.742,182.742,0.12,0.13,0.87,0.88,0.01,0.01,73124.63,1775950981000
1775950983.089,183.089,0.12,0.13,0.87,0.88,0.01,0.01,73124.63,1775950981000
1775950983.488,183.488,0.1,0.12,0.88,0.9,0.02,0.02,73124.5,1775950982000
1775950983.985,183.985,0.11,0.12,0.88,0.89,0.01,0.01,73124.5,1775950982000
1775950984.386,184.386,0.11,0.12,0.88,0.89,0.01,0.01,73124.49,1775950983000
1775950984.728,184.728,0.11,0.12,0.88,0.89,0.01,0.01,73124.49,1775950983000
1775950985.137,185.137,0.11,0.12,0.88,0.89,0.01,0.01,73124.49,1775950983000
1775950985.506,185.506,0.11,0.12,0.88,0.89,0.01,0.01,73124.48,1775950984000
1775950985.882,185.882,0.13,0.14,0.86,0.87,0.01,0.01,73124.48,1775950984000
1775950986.218,186.218,0.15,0.17,0.84,0.87,0.02,0.03,73124.48,1775950984000
1775950986.855,186.855,0.14,0.16,0.84,0.85,0.02,0.01,73124.25,1775950985000
1775950987.32,187.32,0.15,0.16,0.84,0.85,0.01,0.01,73124.25,1775950986000
1775950987.906,187.906,0.14,0.16,0.84,0.85,0.02,0.01,73124.25,1775950986000
1775950988.252,188.252,0.15,0.16,0.84,0.86,0.01,0.02,73124.26,1775950987000
1775950988.937,188.937,0.15,0.16,0.84,0.85,0.01,0.01,73124.26,1775950987000
1775950989.291,189.291,0.15,0.16,0.84,0.87,0.01,0.03,73124.26,1775950987000
1775950989.687,189.687,0.15,0.16,0.84,0.85,0.01,0.01,73124.32,1775950988000
1775950990.408,190.408,0.14,0.16,0.84,0.85,0.02,0.01,73124.32,1775950988000
1775950990.793,190.793,0.13,0.15,0.85,0.86,0.02,0.01,73124.38,1775950989000
1775950991.684,191.684,0.14,0.15,0.84,0.85,0.01,0.01,73124.38,1775950989000
1775950992.219,192.219,0.14,0.15,0.85,0.86,0.01,0.01,73124.34,1775950990000
1775950992.559,192.559,0.13,0.15,0.85,0.87,0.02,0.02,73124.42,1775950991000
1775950993.146,193.146,0.13,0.15,0.85,0.86,0.02,0.01,73124.42,1775950991000
1775950993.939,193.939,0.14,0.15,0.85,0.86,0.01,0.01,73124.43,1775950992000
1775950994.274,194.274,0.15,0.16,0.84,0.85,0.01,0.01,73124.36,1775950993000
1775950994.71,194.71,0.15,0.16,0.84,0.85,0.01,0.01,73124.36,1775950993000
1775950995.223,195.223,0.15,0.16,0.84,0.85,0.01,0.01,73124.36,1775950993000
1775950995.626,195.626,0.15,0.16,0.84,0.85,0.01,0.01,73124.36,1775950993000
1775950995.976,195.976,0.15,0.16,0.84,0.85,0.01,0.01,73123.58,1775950994000
1775950996.504,196.504,0.15,0.16,0.84,0.85,0.01,0.01,73123.28,1775950995000
1775950996.893,196.893,0.15,0.16,0.84,0.85,0.01,0.01,73123.28,1775950995000
1775950997.516,197.516,0.15,0.16,0.84,0.85,0.01,0.01,73122.62,1775950996000
1775950997.953,197.953,0.15,0.16,0.84,0.85,0.01,0.01,73122.62,1775950996000
1775950998.565,198.565,0.15,0.16,0.84,0.85,0.01,0.01,73122.74,1775950997000
1775950999.099,199.099,0.15,0.16,0.84,0.85,0.01,0.01,73122.74,1775950997000
1775950999.504,199.504,0.15,0.16,0.84,0.85,0.01,0.01,73122.74,1775950998000
1775950999.847,199.847,0.15,0.16,0.84,0.85,0.01,0.01,73122.74,1775950998000
1775951000.211,200.211,0.15,0.16,0.84,0.85,0.01,0.01,73122.74,1775950999000
1775951000.546,200.546,0.15,0.16,0.84,0.85,0.01,0.01,73122.74,1775950999000
1775951000.924,200.924,0.15,0.16,0.84,0.85,0.01,0.01,73122.74,1775950999000
1775951001.274,201.274,0.14,0.15,0.85,0.86,0.01,0.01,73122.74,1775950999000
1775951001.718,201.718,0.14,0.15,0.85,0.86,0.01,0.01,73122.88,1775951000000
1775951002.188,202.188,0.14,0.15,0.85,0.86,0.01,0.01,73123.16,1775951001000
1775951002.569,202.569,0.13,0.14,0.86,0.87,0.01,0.01,73123.16,1775951001000
1775951002.942,202.942,0.14,0.15,0.85,0.86,0.01,0.01,73123.16,1775951001000
1775951003.34,203.34,0.13,0.14,0.85,0.86,0.01,0.01,73123.16,1775951001000
1775951003.685,203.685,0.13,0.14,0.86,0.87,0.01,0.01,73122.86,1775951002000
1775951004.051,204.051,0.13,0.14,0.86,0.87,0.01,0.01,73122.86,1775951002000
1775951004.412,204.412,0.14,0.15,0.85,0.86,0.01,0.01,73122.86,1775951003000
1775951005.179,205.179,0.14,0.15,0.85,0.86,0.01,0.01,73122.51,1775951004000
1775951005.579,205.579,0.13,0.14,0.85,0.87,0.01,0.02,73122.51,1775951004000
1775951005.987,205.987,0.13,0.14,0.86,0.88,0.01,0.02,73122.51,1775951004000
1775951006.365,206.365,0.1,0.11,0.89,0.9,0.01,0.01,73122.51,1775951004000
1775951006.775,206.775,0.1,0.11,0.89,0.9,0.01,0.01,73121.21,1775951005000
1775951007.161,207.161,0.1,0.12,0.88,0.9,0.02,0.02,73121.21,1775951005000
1775951007.537,207.537,0.09,0.11,0.89,0.9,0.02,0.01,73121.21,1775951005000
1775951007.919,207.919,0.09,0.1,0.9,0.91,0.01,0.01,73119.29,1775951006000
1775951008.329,208.329,0.09,0.1,0.89,0.9,0.01,0.01,73119.29,1775951006000
1775951008.748,208.748,0.09,0.1,0.89,0.9,0.01,0.01,73118.69,1775951007000
1775951009.138,209.138,0.08,0.09,0.91,0.92,0.01,0.01,73118.69,1775951007000
1775951009.523,209.523,0.08,0.09,0.91,0.92,0.01,0.01,73118.69,1775951008000
1775951009.922,209.922,0.08,0.09,0.91,0.92,0.01,0.01,73118.69,1775951008000
1775951010.258,210.258,0.08,0.09,0.91,0.92,0.01,0.01,73118.44,1775951009000
1775951010.629,210.629,0.07,0.08,0.92,0.93,0.01,0.01,73118.44,1775951009000
1775951011.008,211.008,0.07,0.08,0.92,0.93,0.01,0.01,73118.44,1775951009000
1775951011.354,211.354,0.07,0.08,0.92,0.94,0.01,0.02,73118.46,1775951010000
1775951011.71,211.71,0.06,0.07,0.93,0.94,0.01,0.01,73118.46,1775951010000
1775951012.067,212.067,0.06,0.09,0.93,0.94,0.03,0.01,73118.46,1775951010000
1775951012.461,212.461,0.06,0.07,0.93,0.94,0.01,0.01,73118.04,1775951011000
1775951013.106,213.106,0.06,0.07,0.93,0.94,0.01,0.01,73118.04,1775951011000
1775951013.526,213.526,0.06,0.07,0.93,0.94,0.01,0.01,73117.32,1775951012000
1775951014.091,214.091,0.05,0.06,0.93,0.94,0.01,0.01,73117.32,1775951012000
1775951014.445,214.445,0.05,0.06,0.94,0.95,0.01,0.01,73116.55,1775951013000
1775951014.816,214.816,0.06,0.07,0.93,0.95,0.01,0.02,73116.55,1775951013000
1775951015.186,215.186,0.06,0.07,0.93,0.94,0.01,0.01,73116.36,1775951014000
1775951015.894,215.894,0.06,0.07,0.93,0.94,0.01,0.01,73116.36,1775951014000
1775951016.404,216.404,0.06,0.07,0.93,0.95,0.01,0.02,73115.81,1775951015000
1775951016.894,216.894,0.06,0.07,0.93,0.94,0.01,0.01,73115.72,1775951016000
1775951017.233,217.233,0.05,0.07,0.93,0.94,0.02,0.01,73115.72,1775951016000
1775951017.694,217.694,0.05,0.06,0.94,0.95,0.01,0.01,73115.72,1775951016000
1775951018.102,218.102,0.04,0.05,0.95,0.96,0.01,0.01,73115.72,1775951017000
1775951018.451,218.451,0.04,0.05,0.95,0.96,0.01,0.01,73115.72,1775951017000
1775951018.83,218.83,0.04,0.05,0.95,0.96,0.01,0.01,73115.72,1775951017000
1775951019.253,219.253,0.04,0.05,0.95,0.96,0.01,0.01,73115.55,1775951018000
1775951019.676,219.676,0.05,0.06,0.94,0.95,0.01,0.01,73115.55,1775951018000
1775951020.031,220.031,0.05,0.06,0.93,0.95,0.01,0.02,73112.39,1775951019000
1775951020.591,220.591,0.06,0.07,0.93,0.94,0.01,0.01,73112.39,1775951019000
1775951021.101,221.101,0.04,0.07,0.93,0.94,0.03,0.01,73110.75,1775951020000
1775951021.659,221.659,0.04,0.05,0.95,0.96,0.01,0.01,73110.75,1775951020000
1775951022.028,222.028,0.04,0.05,0.95,0.96,0.01,0.01,73110.77,1775951021000
1775951022.719,222.719,0.04,0.05,0.95,0.96,0.01,0.01,73110.77,1775951021000
1775951023.292,223.292,0.04,0.06,0.94,0.95,0.02,0.01,73110.77,1775951021000
1775951023.667,223.667,0.04,0.06,0.94,0.96,0.02,0.02,73110.98,1775951022000
1775951024.108,224.108,0.04,0.05,0.95,0.96,0.01,0.01,73110.91,1775951023000
1775951024.443,224.443,0.04,0.05,0.95,0.96,0.01,0.01,73110.91,1775951023000
1775951024.89,224.89,0.04,0.05,0.95,0.96,0.01,0.01,73110.91,1775951023000
1775951025.231,225.231,0.05,0.06,0.94,0.95,0.01,0.01,73110.51,1775951024000
1775951025.883,225.883,0.04,0.05,0.95,0.96,0.01,0.01,73110.51,1775951024000
1775951026.284,226.284,0.04,0.05,0.95,0.96,0.01,0.01,73110.51,1775951025000
1775951026.688,226.688,0.04,0.05,0.95,0.96,0.01,0.01,73110.51,1775951025000
1775951027.098,227.098,0.04,0.05,0.95,0.96,0.01,0.01,73110.51,1775951025000
1775951027.451,227.451,0.04,0.05,0.95,0.96,0.01,0.01,73110.51,1775951026000
1775951027.847,227.847,0.04,0.05,0.95,0.96,0.01,0.01,73110.54,1775951027000
1775951028.757,228.757,0.04,0.05,0.95,0.96,0.01,0.01,73110.54,1775951027000
1775951029.849,229.849,0.04,0.05,0.95,0.96,0.01,0.01,73108.97,1775951028000
1775951030.511,230.511,0.04,0.05,0.95,0.96,0.01,0.01,73108.55,1775951029000
1775951031.091,231.091,0.04,0.05,0.95,0.96,0.01,0.01,73108.55,1775951029000
1775951031.533,231.533,0.04,0.05,0.95,0.96,0.01,0.01,73108.52,1775951030000
1775951032.098,232.098,0.04,0.05,0.95,0.96,0.01,0.01,73108.52,1775951030000
1775951032.456,232.456,0.04,0.05,0.95,0.97,0.01,0.02,73108.51,1775951031000
1775951033.179,233.179,0.04,0.05,0.95,0.96,0.01,0.01,73108.51,1775951031000
1775951034.306,234.306,0.04,0.05,0.95,0.96,0.01,0.01,73108.65,1775951033000
1775951034.926,234.926,0.04,0.05,0.95,0.96,0.01,0.01,73109.02,1775951034000
1775951035.329,235.329,0.04,0.05,0.95,0.96,0.01,0.01,73109.02,1775951034000
1775951035.76,235.76,0.04,0.05,0.95,0.96,0.01,0.01,73109.02,1775951034000
1775951036.144,236.144,0.03,0.05,0.95,0.97,0.02,0.02,73109.39,1775951035000
1775951036.528,236.528,0.04,0.05,0.95,0.96,0.01,0.01,73109.39,1775951035000
1775951036.921,236.921,0.03,0.05,0.95,0.97,0.02,0.02,73109.39,1775951035000
1775951037.541,237.541,0.04,0.05,0.95,0.96,0.01,0.01,73109.39,1775951035000
1775951037.929,237.929,0.04,0.05,0.95,0.96,0.01,0.01,73108.88,1775951036000
1775951038.387,238.387,0.04,0.05,0.95,0.96,0.01,0.01,73109.3,1775951037000
1775951039.182,239.182,0.04,0.05,0.95,0.96,0.01,0.01,73109.28,1775951038000
1775951039.714,239.714,0.04,0.05,0.95,0.96,0.01,0.01,73109.28,1775951038000
1775951040.113,240.113,0.04,0.05,0.95,0.96,0.01,0.01,73109.41,1775951039000
1775951040.507,240.507,0.04,0.05,0.95,0.96,0.01,0.01,73109.41,1775951039000
1775951040.854,240.854,0.03,0.04,0.96,0.97,0.01,0.01,73109.41,1775951039000
1775951041.195,241.195,0.06,0.07,0.93,0.94,0.01,0.01,73109.41,1775951040000
1775951041.549,241.549,0.05,0.06,0.94,0.95,0.01,0.01,73109.41,1775951040000
1775951041.93,241.93,0.04,0.05,0.94,0.96,0.01,0.02,73109.41,1775951040000
1775951042.3,242.3,0.06,0.07,0.93,0.94,0.01,0.01,73109.46,1775951041000
1775951042.73,242.73,0.05,0.06,0.94,0.95,0.01,0.01,73109.46,1775951041000
1775951043.148,243.148,0.05,0.06,0.94,0.95,0.01,0.01,73109.46,1775951041000
1775951043.512,243.512,0.05,0.06,0.94,0.95,0.01,0.01,73110.51,1775951042000
1775951044.041,244.041,0.04,0.06,0.94,0.96,0.02,0.02,73110.51,1775951042000
1775951044.376,244.376,0.05,0.06,0.94,0.95,0.01,0.01,73113.99,1775951043000
1775951044.832,244.832,0.04,0.05,0.95,0.96,0.01,0.01,73113.99,1775951043000
1775951045.172,245.172,0.04,0.05,0.95,0.97,0.01,0.02,73113.99,1775951043000
1775951045.767,245.767,0.03,0.04,0.95,0.97,0.01,0.02,73114.11,1775951044000
1775951046.175,246.175,0.04,0.05,0.95,0.96,0.01,0.01,73114.11,1775951045000
1775951046.592,246.592,0.04,0.05,0.95,0.96,0.01,0.01,73114.11,1775951045000
1775951047.109,247.109,0.04,0.05,0.95,0.96,0.01,0.01,73114.11,1775951045000
1775951047.516,247.516,0.03,0.05,0.95,0.96,0.02,0.01,73114.61,1775951046000
1775951048.087,248.087,0.03,0.05,0.95,0.97,0.02,0.02,73114.66,1775951047000
1775951048.703,248.703,0.03,0.04,0.96,0.97,0.01,0.01,73114.66,1775951047000
1775951049.108,249.108,0.03,0.04,0.96,0.97,0.01,0.01,73114.66,1775951047000
1775951049.689,249.689,0.03,0.04,0.96,0.97,0.01,0.01,73114.49,1775951048000
1775951050.477,250.477,0.03,0.04,0.96,0.97,0.01,0.01,73114.49,1775951048000
1775951050.904,250.904,0.03,0.04,0.96,0.97,0.01,0.01,73114.27,1775951049000
1775951051.305,251.305,0.02,0.03,0.97,0.98,0.01,0.01,73114.27,1775951050000
1775951051.897,251.897,0.02,0.03,0.95,0.96,0.01,0.01,73114.27,1775951050000
1775951052.797,252.797,0.02,0.04,0.97,0.98,0.02,0.01,73113.61,1775951051000
1775951053.292,253.292,0.03,0.04,0.96,0.97,0.01,0.01,73113.61,1775951052000
1775951053.635,253.635,0.03,0.04,0.96,0.97,0.01,0.01,73113.61,1775951052000
1775951054.014,254.014,0.03,0.04,0.96,0.98,0.01,0.02,73113.61,1775951053000
1775951055.081,255.081,0.03,0.04,0.96,0.97,0.01,0.01,73113.61,1775951054000
1775951055.572,255.572,0.04,0.05,0.95,0.96,0.01,0.01,73113.61,1775951054000
1775951055.923,255.923,0.02,0.03,0.97,0.98,0.01,0.01,73113.46,1775951055000
1775951056.326,256.326,0.03,0.04,0.97,0.98,0.01,0.01,73113.46,1775951055000
1775951056.701,256.701,0.03,0.04,0.96,0.97,0.01,0.01,73113.46,1775951055000
1775951057.602,257.602,0.03,0.04,0.96,0.97,0.01,0.01,73113.36,1775951056000
1775951058.313,258.313,0.04,0.05,0.95,0.96,0.01,0.01,73113.37,1775951057000
1775951058.682,258.682,0.03,0.05,0.96,0.97,0.02,0.01,73113.37,1775951057000
1775951059.228,259.228,0.04,0.05,0.95,0.96,0.01,0.01,73113.37,1775951057000
1775951060.159,260.159,0.04,0.05,0.95,0.97,0.01,0.02,73113.74,1775951058000
1775951060.539,260.539,0.03,0.04,0.96,0.97,0.01,0.01,73115.9,1775951059000
1775951060.883,260.883,0.02,0.04,0.96,0.98,0.02,0.02,73115.9,1775951059000
1775951061.519,261.519,0.02,0.03,0.97,0.98,0.01,0.01,73115.48,1775951060000
1775951062.168,262.168,0.02,0.03,0.97,0.98,0.01,0.01,73115.48,1775951060000
1775951062.609,262.609,0.02,0.03,0.97,0.98,0.01,0.01,73115.42,1775951061000
1775951063.055,263.055,0.03,0.04,0.96,0.97,0.01,0.01,73115.42,1775951061000
1775951063.551,263.551,0.03,0.04,0.96,0.97,0.01,0.01,73115.53,1775951062000
1775951063.942,263.942,0.03,0.04,0.96,0.97,0.01,0.01,73115.53,1775951062000
1775951064.46,264.46,0.03,0.04,0.96,0.97,0.01,0.01,73115.46,1775951063000
1775951065.022,265.022,0.03,0.04,0.96,0.97,0.01,0.01,73115.39,1775951064000
1775951066.115,266.115,0.02,0.03,0.96,0.98,0.01,0.02,73115.39,1775951064000
1775951066.592,266.592,0.04,0.05,0.95,0.96,0.01,0.01,73115.38,1775951065000
1775951067.034,267.034,0.04,0.05,0.95,0.96,0.01,0.01,73115.38,1775951065000
1775951067.389,267.389,0.04,0.05,0.95,0.96,0.01,0.01,73115.49,1775951066000
1775951067.769,267.769,0.04,0.05,0.95,0.96,0.01,0.01,73115.49,1775951066000
1775951068.2,268.2,0.04,0.05,0.95,0.96,0.01,0.01,73115.94,1775951067000
1775951068.597,268.597,0.04,0.05,0.95,0.96,0.01,0.01,73115.94,1775951067000
1775951069.102,269.102,0.04,0.05,0.95,0.96,0.01,0.01,73115.94,1775951067000
1775951069.539,269.539,0.03,0.04,0.95,0.98,0.01,0.03,73117.13,1775951068000
1775951070.322,270.322,0.02,0.03,0.96,0.98,0.01,0.02,73117.13,1775951068000
1775951070.787,270.787,0.02,0.03,0.97,0.98,0.01,0.01,73117.21,1775951069000
1775951071.209,271.209,0.02,0.04,0.97,0.98,0.02,0.01,73117.21,1775951069000
1775951071.542,271.542,0.02,0.03,0.97,0.98,0.01,0.01,73117.23,1775951070000
1775951071.878,271.878,0.02,0.05,0.95,0.96,0.03,0.01,73117.23,1775951070000
1775951072.355,272.355,0.02,0.03,0.96,0.97,0.01,0.01,73117.23,1775951071000
1775951072.795,272.795,0.02,0.03,0.97,0.98,0.01,0.01,73117.23,1775951071000
1775951073.16,273.16,0.02,0.04,0.96,0.98,0.02,0.02,73117.23,1775951071000
1775951073.506,273.506,0.03,0.04,0.96,0.97,0.01,0.01,73117.22,1775951072000
1775951073.869,273.869,0.03,0.04,0.96,0.97,0.01,0.01,73117.22,1775951072000
1775951074.356,274.356,0.03,0.04,0.96,0.97,0.01,0.01,73117.23,1775951073000
1775951074.695,274.695,0.03,0.04,0.96,0.97,0.01,0.01,73117.23,1775951073000
1775951075.039,275.039,0.03,0.04,0.95,0.99,0.01,0.04,73117.32,1775951074000
1775951075.552,275.552,0.01,0.02,0.98,0.99,0.01,0.01,73117.32,1775951074000
1775951075.999,275.999,0.02,0.05,0.94,0.98,0.03,0.04,73117.32,1775951074000
1775951076.343,276.343,0.03,0.04,0.96,0.97,0.01,0.01,73117.32,1775951075000
1775951076.736,276.736,0.03,0.04,0.96,0.97,0.01,0.01,73117.32,1775951075000
1775951077.186,277.186,0.02,0.04,0.96,0.98,0.02,0.02,73117.31,1775951076000
1775951077.599,277.599,0.02,0.03,0.97,0.98,0.01,0.01,73117.31,1775951076000
1775951077.943,277.943,0.01,0.03,0.97,0.99,0.02,0.02,73117.31,1775951076000
1775951078.299,278.299,0.02,0.03,0.97,0.98,0.01,0.01,73117.31,1775951077000
1775951078.909,278.909,0.02,0.03,0.97,0.98,0.01,0.01,73117.31,1775951077000
1775951079.261,279.261,0.01,0.02,0.97,0.98,0.01,0.01,73117.31,1775951077000
1775951079.732,279.732,0.01,0.02,0.98,0.99,0.01,0.01,73117.32,1775951078000
1775951080.069,280.069,0.01,0.02,0.98,0.99,0.01,0.01,73117.51,1775951079000
1775951080.404,280.404,0.01,0.02,0.98,0.99,0.01,0.01,73117.51,1775951079000
1775951080.791,280.791,0.01,0.02,0.98,0.99,0.01,0.01,73117.51,1775951079000
1775951081.258,281.258,0.01,0.02,0.98,0.99,0.01,0.01,73117.51,1775951079000
1775951081.887,281.887,0.01,0.02,0.98,0.99,0.01,0.01,73117.37,1775951080000
1775951082.309,282.309,0.01,0.02,0.98,0.99,0.01,0.01,73117.37,1775951081000
1775951082.657,282.657,0.01,0.02,0.98,0.99,0.01,0.01,73117.37,1775951081000
1775951083.184,283.184,0.01,0.02,0.98,0.99,0.01,0.01,73117.37,1775951081000
1775951083.792,283.792,0.01,0.02,0.98,0.99,0.01,0.01,73117.39,1775951082000
1775951084.322,284.322,0.01,0.02,0.98,0.99,0.01,0.01,73117.38,1775951083000
1775951084.817,284.817,0.01,0.02,0.98,0.99,0.01,0.01,73117.38,1775951083000
1775951085.162,285.162,0.01,0.02,0.98,0.99,0.01,0.01,73117.38,1775951083000
1775951085.51,285.51,0.01,0.02,0.98,0.99,0.01,0.01,73114.07,1775951084000
1775951085.879,285.879,0.01,0.02,0.98,0.99,0.01,0.01,73114.07,1775951084000
1775951086.26,286.26,0.01,0.02,0.98,0.99,0.01,0.01,73114.07,1775951084000
1775951086.623,286.623,0.01,0.02,0.98,0.99,0.01,0.01,73111.55,1775951085000
1775951086.982,286.982,0.01,0.02,0.98,0.99,0.01,0.01,73111.55,1775951085000
1775951087.345,287.345,0.01,0.03,0.97,0.99,0.02,0.02,73110.28,1775951086000
1775951087.974,287.974,0.01,0.02,0.98,0.99,0.01,0.01,73110.28,1775951086000
1775951088.315,288.315,0.01,0.02,0.98,0.99,0.01,0.01,73110.28,1775951086000
1775951088.693,288.693,0.01,0.02,0.98,0.99,0.01,0.01,73110.28,1775951086000
1775951089.216,289.216,0.01,0.02,0.98,0.99,0.01,0.01,73110.2,1775951087000
1775951089.603,289.603,0.01,0.01,0.98,0.99,0.0,0.01,73109.91,1775951088000
1775951090.814,290.814,0.01,0.01,0.99,0.99,0.0,0.0,73107.44,1775951089000
1775951091.317,291.317,0.01,0.01,0.99,0.99,0.0,0.0,73107.64,1775951090000
1775951091.929,291.929,0.01,0.01,0.99,0.99,0.0,0.0,73107.64,1775951090000
1775951092.771,292.771,0.01,0.01,0.99,0.99,0.0,0.0,73107.48,1775951091000
1775951093.185,293.185,0.01,0.01,0.99,0.99,0.0,0.0,73107.48,1775951091000
1775951094.616,294.616,0.01,0.01,0.99,0.99,0.0,0.0,73106.39,1775951092000
1775951095.382,295.382,0.01,0.01,0.99,0.99,0.0,0.0,73098.78,1775951093000
1775951095.942,295.942,0.01,0.01,0.99,0.99,0.0,0.0,73098.76,1775951095000
1775951096.844,296.844,0.01,0.01,0.99,0.99,0.0,0.0,73098.68,1775951096000
1775951097.498,297.498,0.01,0.01,0.99,0.99,0.0,0.0,73098.68,1775951096000
1775951097.995,297.995,0.01,0.01,0.99,0.99,0.0,0.0,73098.68,1775951096000
1775951098.387,298.387,0.01,0.01,0.99,0.99,0.0,0.0,73098.62,1775951097000
1775951099.289,299.289,0.01,0.01,0.99,0.99,0.0,0.0,73099.4,1775951098000
1775951100.204,300.204,0.01,0.01,0.99,0.99,0.0,0.0,73099.53,1775951099000
1775951100.7,300.7,0.01,0.01,0.99,0.99,0.0,0.0,73099.53,1775951099000

# RESULT,winner=Down,slug=btc-updown-5m-1775950800,ticks=622
