timestamp,elapsed_sec,up_bid,up_ask,down_bid,down_ask,up_spread,down_spread,btc_price,btc_oracle_ts
1776312300.523,0.523,0.52,0.53,0.47,0.5,0.01,0.03,74883.5,1776312299000
1776312301.227,1.227,0.52,0.53,0.47,0.48,0.01,0.01,74882.89,1776312300000
1776312301.563,1.563,0.52,0.53,0.47,0.48,0.01,0.01,74882.89,1776312300000
1776312302.213,2.213,0.52,0.53,0.47,0.48,0.01,0.01,74882.89,1776312300000
1776312302.683,2.683,0.52,0.53,0.47,0.48,0.01,0.01,74883.33,1776312301000
1776312303.027,3.027,0.52,0.53,0.47,0.48,0.01,0.01,74883.33,1776312301000
1776312303.662,3.662,0.52,0.53,0.47,0.48,0.01,0.01,74883.23,1776312302000
1776312304.264,4.264,0.52,0.53,0.47,0.48,0.01,0.01,74883.09,1776312303000
1776312304.636,4.636,0.5,0.53,0.47,0.49,0.03,0.02,74883.09,1776312303000
1776312305.173,5.173,0.51,0.52,0.48,0.49,0.01,0.01,74882.93,1776312304000
1776312305.714,5.714,0.5,0.52,0.48,0.49,0.02,0.01,74882.93,1776312304000
1776312306.122,6.122,0.35,0.37,0.6,0.64,0.02,0.04,74882.93,1776312304000
1776312306.506,6.506,0.35,0.36,0.64,0.65,0.01,0.01,74881.18,1776312305000
1776312306.868,6.868,0.32,0.34,0.65,0.67,0.02,0.02,74881.18,1776312305000
1776312307.247,7.247,0.32,0.33,0.67,0.68,0.01,0.01,74872.02,1776312306000
1776312307.701,7.701,0.31,0.32,0.67,0.68,0.01,0.01,74872.02,1776312306000
1776312308.127,8.127,0.31,0.32,0.68,0.69,0.01,0.01,74872.02,1776312306000
1776312308.466,8.466,0.31,0.32,0.68,0.69,0.01,0.01,74872.02,1776312306000
1776312308.877,8.877,0.31,0.32,0.68,0.69,0.01,0.01,74859.79,1776312307000
1776312309.581,9.581,0.31,0.32,0.68,0.69,0.01,0.01,74858.02,1776312308000
1776312310.013,10.013,0.31,0.34,0.68,0.69,0.03,0.01,74858.02,1776312308000
1776312310.387,10.387,0.32,0.33,0.67,0.68,0.01,0.01,74857.06,1776312309000
1776312310.896,10.896,0.32,0.34,0.67,0.68,0.02,0.01,74857.06,1776312309000
1776312311.404,11.404,0.33,0.34,0.66,0.68,0.01,0.02,74855.08,1776312310000
1776312311.775,11.775,0.33,0.34,0.66,0.67,0.01,0.01,74855.08,1776312310000
1776312312.18,12.18,0.33,0.34,0.66,0.67,0.01,0.01,74855.48,1776312311000
1776312312.586,12.586,0.33,0.34,0.66,0.67,0.01,0.01,74855.48,1776312311000
1776312313.181,13.181,0.33,0.34,0.66,0.67,0.01,0.01,74855.48,1776312311000
1776312313.559,13.559,0.33,0.34,0.66,0.67,0.01,0.01,74856.15,1776312312000
1776312313.901,13.901,0.33,0.34,0.66,0.67,0.01,0.01,74856.15,1776312312000
1776312314.245,14.245,0.33,0.34,0.66,0.67,0.01,0.01,74856.15,1776312312000
1776312314.612,14.612,0.33,0.34,0.66,0.67,0.01,0.01,74856.15,1776312312000
1776312315.032,15.032,0.33,0.34,0.66,0.67,0.01,0.01,74856.03,1776312313000
1776312315.384,15.384,0.33,0.34,0.66,0.67,0.01,0.01,74856.03,1776312314000
1776312316.012,16.012,0.33,0.34,0.66,0.67,0.01,0.01,74856.03,1776312314000
1776312316.431,16.431,0.33,0.34,0.66,0.67,0.01,0.01,74857.16,1776312315000
1776312316.828,16.828,0.34,0.35,0.66,0.67,0.01,0.01,74857.16,1776312315000
1776312317.197,17.197,0.34,0.35,0.65,0.66,0.01,0.01,74857.16,1776312316000
1776312317.533,17.533,0.34,0.35,0.65,0.66,0.01,0.01,74857.16,1776312316000
1776312317.872,17.872,0.34,0.35,0.65,0.66,0.01,0.01,74857.16,1776312316000
1776312318.379,18.379,0.34,0.35,0.65,0.66,0.01,0.01,74857.35,1776312317000
1776312318.718,18.718,0.34,0.37,0.64,0.66,0.03,0.02,74857.35,1776312317000
1776312319.051,19.051,0.37,0.38,0.62,0.63,0.01,0.01,74857.37,1776312318000
1776312319.517,19.517,0.41,0.43,0.58,0.59,0.02,0.01,74857.37,1776312318000
1776312319.853,19.853,0.42,0.43,0.57,0.58,0.01,0.01,74857.37,1776312318000
1776312320.215,20.215,0.42,0.44,0.56,0.58,0.02,0.02,74857.37,1776312318000
1776312320.683,20.683,0.43,0.44,0.56,0.57,0.01,0.01,74857.37,1776312319000
1776312321.028,21.028,0.43,0.44,0.56,0.57,0.01,0.01,74857.37,1776312319000
1776312321.509,21.509,0.44,0.45,0.55,0.57,0.01,0.02,74857.37,1776312319000
1776312321.88,21.88,0.44,0.45,0.55,0.56,0.01,0.01,74857.37,1776312319000
1776312322.297,22.297,0.44,0.45,0.55,0.56,0.01,0.01,74869.66,1776312320000
1776312322.847,22.847,0.44,0.45,0.55,0.56,0.01,0.01,74869.67,1776312321000
1776312323.381,23.381,0.44,0.45,0.55,0.56,0.01,0.01,74870.81,1776312322000
1776312323.752,23.752,0.44,0.45,0.55,0.56,0.01,0.01,74870.81,1776312322000
1776312324.248,24.248,0.44,0.45,0.55,0.56,0.01,0.01,74871.18,1776312323000
1776312324.584,24.584,0.44,0.45,0.55,0.56,0.01,0.01,74871.18,1776312323000
1776312324.938,24.938,0.44,0.45,0.55,0.56,0.01,0.01,74871.18,1776312323000
1776312325.28,25.28,0.44,0.45,0.55,0.56,0.01,0.01,74871.43,1776312324000
1776312325.631,25.631,0.41,0.42,0.57,0.58,0.01,0.01,74871.43,1776312324000
1776312326.127,26.127,0.41,0.42,0.58,0.59,0.01,0.01,74871.43,1776312324000
1776312326.502,26.502,0.43,0.45,0.56,0.58,0.02,0.02,74871.46,1776312325000
1776312326.895,26.895,0.44,0.45,0.55,0.56,0.01,0.01,74871.46,1776312325000
1776312327.266,27.266,0.43,0.44,0.56,0.62,0.01,0.06,74871.46,1776312325000
1776312327.616,27.616,0.42,0.43,0.56,0.57,0.01,0.01,74869.78,1776312326000
1776312328.043,28.043,0.42,0.43,0.57,0.58,0.01,0.01,74869.78,1776312326000
1776312328.406,28.406,0.42,0.43,0.57,0.58,0.01,0.01,74869.92,1776312327000
1776312328.781,28.781,0.42,0.43,0.57,0.58,0.01,0.01,74869.92,1776312327000
1776312329.155,29.155,0.42,0.43,0.57,0.58,0.01,0.01,74869.92,1776312327000
1776312329.612,29.612,0.42,0.43,0.57,0.58,0.01,0.01,74869.22,1776312328000
1776312330.029,30.029,0.41,0.42,0.57,0.58,0.01,0.01,74869.22,1776312328000
1776312330.47,30.47,0.41,0.42,0.58,0.59,0.01,0.01,74869.17,1776312329000
1776312330.814,30.814,0.41,0.42,0.58,0.59,0.01,0.01,74869.17,1776312329000
1776312331.252,31.252,0.41,0.42,0.58,0.59,0.01,0.01,74868.77,1776312330000
1776312331.77,31.77,0.41,0.42,0.58,0.59,0.01,0.01,74868.77,1776312330000
1776312332.304,32.304,0.41,0.42,0.58,0.59,0.01,0.01,74868.81,1776312331000
1776312333.175,33.175,0.41,0.42,0.58,0.59,0.01,0.01,74868.81,1776312331000
1776312333.524,33.524,0.41,0.42,0.58,0.59,0.01,0.01,74868.94,1776312332000
1776312334.149,34.149,0.41,0.42,0.58,0.59,0.01,0.01,74868.94,1776312332000
1776312334.813,34.813,0.41,0.42,0.58,0.59,0.01,0.01,74868.78,1776312333000
1776312335.486,35.486,0.41,0.42,0.58,0.59,0.01,0.01,74868.25,1776312334000
1776312335.884,35.884,0.41,0.42,0.58,0.59,0.01,0.01,74868.25,1776312334000
1776312336.4,36.4,0.41,0.42,0.58,0.59,0.01,0.01,74868.25,1776312334000
1776312336.957,36.957,0.41,0.42,0.58,0.59,0.01,0.01,74867.81,1776312335000
1776312337.362,37.362,0.41,0.42,0.58,0.59,0.01,0.01,74867.81,1776312336000
1776312337.75,37.75,0.41,0.42,0.58,0.59,0.01,0.01,74867.81,1776312336000
1776312338.174,38.174,0.41,0.42,0.58,0.59,0.01,0.01,74867.81,1776312336000
1776312338.543,38.543,0.44,0.45,0.55,0.56,0.01,0.01,74867.81,1776312336000
1776312338.885,38.885,0.45,0.46,0.54,0.55,0.01,0.01,74867.7,1776312337000
1776312339.326,39.326,0.45,0.46,0.54,0.55,0.01,0.01,74867.7,1776312337000
1776312339.955,39.955,0.45,0.46,0.54,0.55,0.01,0.01,74867.7,1776312338000
1776312340.338,40.338,0.45,0.46,0.54,0.55,0.01,0.01,74870.33,1776312339000
1776312340.677,40.677,0.46,0.47,0.53,0.54,0.01,0.01,74870.33,1776312339000
1776312341.073,41.073,0.46,0.47,0.53,0.54,0.01,0.01,74870.33,1776312339000
1776312341.755,41.755,0.46,0.47,0.53,0.54,0.01,0.01,74871.63,1776312340000
1776312342.302,42.302,0.46,0.47,0.53,0.54,0.01,0.01,74871.64,1776312341000
1776312342.835,42.835,0.46,0.47,0.53,0.54,0.01,0.01,74871.64,1776312341000
1776312343.367,43.367,0.46,0.47,0.53,0.54,0.01,0.01,74872.54,1776312342000
1776312343.787,43.787,0.46,0.47,0.53,0.54,0.01,0.01,74872.54,1776312342000
1776312344.419,44.419,0.46,0.47,0.53,0.54,0.01,0.01,74872.54,1776312342000
1776312344.995,44.995,0.45,0.47,0.53,0.54,0.02,0.01,74872.9,1776312343000
1776312345.462,45.462,0.45,0.46,0.54,0.55,0.01,0.01,74872.9,1776312343000
1776312345.889,45.889,0.45,0.46,0.54,0.55,0.01,0.01,74872.9,1776312343000
1776312346.449,46.449,0.44,0.46,0.54,0.55,0.02,0.01,74872.9,1776312343000
1776312346.903,46.903,0.43,0.44,0.56,0.57,0.01,0.01,74872.9,1776312343000
1776312347.695,47.695,0.43,0.44,0.56,0.57,0.01,0.01,74872.9,1776312343000
1776312348.88,48.88,0.43,0.44,0.56,0.57,0.01,0.01,74872.9,1776312343000
1776312349.214,49.214,0.42,0.43,0.57,0.58,0.01,0.01,74872.9,1776312343000
1776312349.549,49.549,0.41,0.43,0.57,0.58,0.02,0.01,74872.9,1776312343000
1776312350.044,50.044,0.41,0.42,0.58,0.59,0.01,0.01,74872.9,1776312343000
1776312350.505,50.505,0.41,0.42,0.58,0.59,0.01,0.01,74872.9,1776312343000
1776312351.56,51.56,0.41,0.42,0.58,0.59,0.01,0.01,74872.9,1776312343000
1776312352.239,52.239,0.41,0.42,0.58,0.59,0.01,0.01,74872.9,1776312343000
1776312352.584,52.584,0.41,0.42,0.58,0.59,0.01,0.01,74871.38,1776312351000
1776312353.247,53.247,0.41,0.42,0.58,0.59,0.01,0.01,74869.97,1776312352000
1776312353.61,53.61,0.41,0.42,0.58,0.59,0.01,0.01,74869.97,1776312352000
1776312354.532,54.532,0.41,0.42,0.58,0.59,0.01,0.01,74869.97,1776312352000
1776312355.039,55.039,0.41,0.46,0.54,0.59,0.05,0.05,74870.59,1776312354000
1776312355.385,55.385,0.4,0.41,0.58,0.6,0.01,0.02,74870.59,1776312354000
1776312355.725,55.725,0.39,0.4,0.6,0.61,0.01,0.01,74870.59,1776312354000
1776312356.227,56.227,0.39,0.4,0.6,0.61,0.01,0.01,74870.59,1776312354000
1776312356.606,56.606,0.38,0.4,0.6,0.61,0.02,0.01,74871.52,1776312355000
1776312357.082,57.082,0.39,0.4,0.6,0.62,0.01,0.02,74871.52,1776312355000
1776312357.423,57.423,0.38,0.39,0.61,0.62,0.01,0.01,74869.71,1776312356000
1776312357.825,57.825,0.38,0.39,0.61,0.62,0.01,0.01,74869.71,1776312356000
1776312358.24,58.24,0.38,0.39,0.61,0.62,0.01,0.01,74869.69,1776312357000
1776312358.597,58.597,0.38,0.39,0.61,0.62,0.01,0.01,74869.69,1776312357000
1776312359.014,59.014,0.38,0.39,0.61,0.62,0.01,0.01,74869.69,1776312357000
1776312359.366,59.366,0.4,0.41,0.59,0.6,0.01,0.01,74868.66,1776312358000
1776312359.805,59.805,0.41,0.42,0.58,0.59,0.01,0.01,74868.66,1776312358000
1776312360.156,60.156,0.41,0.42,0.58,0.59,0.01,0.01,74868.66,1776312358000
1776312360.832,60.832,0.41,0.42,0.58,0.59,0.01,0.01,74868.24,1776312359000
1776312361.447,61.447,0.41,0.42,0.58,0.59,0.01,0.01,74868.24,1776312359000
1776312361.889,61.889,0.41,0.42,0.58,0.59,0.01,0.01,74869.13,1776312360000
1776312362.278,62.278,0.42,0.43,0.57,0.58,0.01,0.01,74869.15,1776312361000
1776312362.913,62.913,0.42,0.43,0.57,0.58,0.01,0.01,74869.15,1776312361000
1776312363.38,63.38,0.42,0.43,0.57,0.58,0.01,0.01,74867.91,1776312362000
1776312363.75,63.75,0.42,0.43,0.57,0.58,0.01,0.01,74867.91,1776312362000
1776312364.187,64.187,0.42,0.43,0.57,0.58,0.01,0.01,74867.91,1776312362000
1776312364.669,64.669,0.46,0.47,0.53,0.55,0.01,0.02,74867.91,1776312363000
1776312365.116,65.116,0.47,0.48,0.52,0.54,0.01,0.02,74867.84,1776312364000
1776312365.498,65.498,0.48,0.49,0.5,0.52,0.01,0.02,74867.84,1776312364000
1776312365.858,65.858,0.51,0.52,0.48,0.5,0.01,0.02,74867.84,1776312364000
1776312366.21,66.21,0.51,0.52,0.48,0.49,0.01,0.01,74871.61,1776312365000
1776312366.545,66.545,0.51,0.52,0.48,0.49,0.01,0.01,74871.61,1776312365000
1776312366.989,66.989,0.51,0.52,0.48,0.49,0.01,0.01,74871.61,1776312365000
1776312367.503,67.503,0.51,0.52,0.48,0.49,0.01,0.01,74874.99,1776312366000
1776312368.1,68.1,0.51,0.52,0.48,0.49,0.01,0.01,74874.99,1776312366000
1776312368.488,68.488,0.51,0.52,0.48,0.49,0.01,0.01,74877.66,1776312367000
1776312368.839,68.839,0.51,0.52,0.48,0.49,0.01,0.01,74877.66,1776312367000
1776312369.174,69.174,0.51,0.53,0.48,0.49,0.02,0.01,74877.76,1776312368000
1776312369.539,69.539,0.54,0.55,0.45,0.46,0.01,0.01,74877.76,1776312368000
1776312369.88,69.88,0.54,0.55,0.45,0.46,0.01,0.01,74877.76,1776312368000
1776312370.219,70.219,0.54,0.55,0.45,0.46,0.01,0.01,74877.77,1776312369000
1776312370.584,70.584,0.54,0.55,0.45,0.46,0.01,0.01,74877.77,1776312369000
1776312370.998,70.998,0.54,0.55,0.45,0.46,0.01,0.01,74877.85,1776312370000
1776312371.332,71.332,0.54,0.55,0.45,0.46,0.01,0.01,74877.85,1776312370000
1776312371.792,71.792,0.57,0.58,0.42,0.43,0.01,0.01,74877.85,1776312370000
1776312372.167,72.167,0.59,0.6,0.4,0.41,0.01,0.01,74881.45,1776312371000
1776312372.686,72.686,0.59,0.6,0.4,0.41,0.01,0.01,74881.45,1776312371000
1776312373.047,73.047,0.58,0.59,0.41,0.42,0.01,0.01,74882.73,1776312372000
1776312373.462,73.462,0.58,0.59,0.41,0.42,0.01,0.01,74882.73,1776312372000
1776312373.828,73.828,0.58,0.59,0.41,0.42,0.01,0.01,74882.73,1776312372000
1776312374.302,74.302,0.58,0.59,0.41,0.42,0.01,0.01,74886.38,1776312373000
1776312374.751,74.751,0.58,0.59,0.41,0.42,0.01,0.01,74886.38,1776312373000
1776312375.124,75.124,0.58,0.59,0.41,0.42,0.01,0.01,74886.46,1776312374000
1776312375.662,75.662,0.58,0.59,0.41,0.42,0.01,0.01,74886.46,1776312374000
1776312376.053,76.053,0.58,0.59,0.41,0.42,0.01,0.01,74886.46,1776312375000
1776312376.413,76.413,0.56,0.57,0.42,0.44,0.01,0.02,74886.46,1776312375000
1776312376.88,76.88,0.56,0.57,0.43,0.44,0.01,0.01,74886.46,1776312375000
1776312377.539,77.539,0.56,0.57,0.43,0.44,0.01,0.01,74887.24,1776312376000
1776312377.908,77.908,0.56,0.57,0.43,0.44,0.01,0.01,74887.24,1776312376000
1776312378.532,78.532,0.56,0.57,0.43,0.44,0.01,0.01,74887.24,1776312377000
1776312378.923,78.923,0.54,0.56,0.43,0.45,0.02,0.02,74887.24,1776312377000
1776312379.389,79.389,0.53,0.54,0.45,0.47,0.01,0.02,74886.68,1776312378000
1776312379.865,79.865,0.53,0.54,0.46,0.47,0.01,0.01,74886.68,1776312378000
1776312380.23,80.23,0.53,0.54,0.46,0.47,0.01,0.01,74886.6,1776312379000
1776312380.684,80.684,0.53,0.54,0.46,0.47,0.01,0.01,74886.6,1776312379000
1776312381.29,81.29,0.53,0.54,0.46,0.47,0.01,0.01,74884.89,1776312380000
1776312381.656,81.656,0.53,0.54,0.46,0.47,0.01,0.01,74884.89,1776312380000
1776312382.049,82.049,0.52,0.53,0.46,0.48,0.01,0.02,74883.63,1776312381000
1776312382.421,82.421,0.52,0.53,0.47,0.48,0.01,0.01,74883.63,1776312381000
1776312382.997,82.997,0.52,0.53,0.47,0.48,0.01,0.01,74883.63,1776312381000
1776312383.359,83.359,0.52,0.53,0.47,0.48,0.01,0.01,74883.45,1776312382000
1776312383.856,83.856,0.52,0.53,0.47,0.48,0.01,0.01,74883.45,1776312382000
1776312384.211,84.211,0.52,0.53,0.47,0.48,0.01,0.01,74883.38,1776312383000
1776312384.572,84.572,0.52,0.53,0.47,0.49,0.01,0.02,74883.38,1776312383000
1776312384.995,84.995,0.52,0.53,0.47,0.48,0.01,0.01,74883.38,1776312383000
1776312385.329,85.329,0.52,0.53,0.47,0.48,0.01,0.01,74883.38,1776312384000
1776312385.889,85.889,0.52,0.53,0.47,0.48,0.01,0.01,74883.38,1776312384000
1776312386.26,86.26,0.54,0.55,0.45,0.46,0.01,0.01,74883.38,1776312384000
1776312386.614,86.614,0.54,0.55,0.45,0.46,0.01,0.01,74883.29,1776312385000
1776312387.051,87.051,0.54,0.56,0.45,0.46,0.02,0.01,74883.06,1776312386000
1776312387.451,87.451,0.55,0.56,0.44,0.45,0.01,0.01,74883.06,1776312386000
1776312387.942,87.942,0.55,0.56,0.44,0.45,0.01,0.01,74883.06,1776312386000
1776312388.357,88.357,0.55,0.56,0.44,0.45,0.01,0.01,74885.16,1776312387000
1776312389.005,89.005,0.55,0.56,0.44,0.45,0.01,0.01,74885.16,1776312387000
1776312389.401,89.401,0.55,0.56,0.44,0.45,0.01,0.01,74886.01,1776312388000
1776312389.933,89.933,0.55,0.56,0.44,0.45,0.01,0.01,74886.01,1776312388000
1776312390.702,90.702,0.55,0.56,0.44,0.45,0.01,0.01,74886.12,1776312389000
1776312391.067,91.067,0.56,0.57,0.43,0.45,0.01,0.02,74886.12,1776312389000
1776312391.47,91.47,0.56,0.57,0.43,0.44,0.01,0.01,74885.86,1776312390000
1776312392.13,92.13,0.56,0.57,0.43,0.44,0.01,0.01,74885.86,1776312390000
1776312392.514,92.514,0.56,0.57,0.43,0.44,0.01,0.01,74887.32,1776312391000
1776312393.002,93.002,0.56,0.57,0.43,0.44,0.01,0.01,74887.32,1776312391000
1776312393.446,93.446,0.56,0.57,0.43,0.44,0.01,0.01,74887.02,1776312392000
1776312393.881,93.881,0.56,0.57,0.43,0.44,0.01,0.01,74887.02,1776312392000
1776312394.293,94.293,0.56,0.57,0.43,0.44,0.01,0.01,74887.02,1776312392000
1776312394.9,94.9,0.56,0.57,0.43,0.44,0.01,0.01,74888.31,1776312393000
1776312395.288,95.288,0.56,0.57,0.43,0.44,0.01,0.01,74888.32,1776312394000
1776312395.657,95.657,0.56,0.57,0.43,0.44,0.01,0.01,74888.32,1776312394000
1776312396.648,96.648,0.56,0.57,0.43,0.44,0.01,0.01,74888.32,1776312394000
1776312397.085,97.085,0.56,0.57,0.43,0.44,0.01,0.01,74886.03,1776312395000
1776312397.496,97.496,0.56,0.57,0.43,0.44,0.01,0.01,74885.49,1776312396000
1776312397.963,97.963,0.56,0.57,0.43,0.44,0.01,0.01,74885.49,1776312396000
1776312398.348,98.348,0.56,0.57,0.43,0.44,0.01,0.01,74885.49,1776312396000
1776312398.956,98.956,0.56,0.57,0.43,0.44,0.01,0.01,74885.4,1776312397000
1776312399.977,99.977,0.57,0.58,0.42,0.43,0.01,0.01,74885.52,1776312399000
1776312401.019,101.019,0.57,0.58,0.42,0.43,0.01,0.01,74885.85,1776312400000
1776312401.996,101.996,0.57,0.58,0.42,0.43,0.01,0.01,74886.67,1776312401000
1776312402.909,102.909,0.57,0.58,0.42,0.43,0.01,0.01,74886.67,1776312401000
1776312403.664,103.664,0.57,0.59,0.42,0.43,0.02,0.01,74886.82,1776312402000
1776312404.017,104.017,0.62,0.66,0.35,0.38,0.04,0.03,74886.94,1776312403000
1776312404.496,104.496,0.67,0.69,0.31,0.35,0.02,0.04,74886.94,1776312403000
1776312404.838,104.838,0.67,0.7,0.3,0.33,0.03,0.03,74886.94,1776312403000
1776312405.325,105.325,0.72,0.75,0.23,0.31,0.03,0.08,74887.73,1776312404000
1776312405.8,105.8,0.73,0.74,0.26,0.27,0.01,0.01,74887.73,1776312404000
1776312406.321,106.321,0.73,0.74,0.26,0.27,0.01,0.01,74899.11,1776312405000
1776312406.665,106.665,0.73,0.74,0.26,0.27,0.01,0.01,74899.11,1776312405000
1776312407.182,107.182,0.74,0.75,0.25,0.26,0.01,0.01,74905.68,1776312406000
1776312407.629,107.629,0.75,0.76,0.23,0.26,0.01,0.03,74905.68,1776312406000
1776312407.973,107.973,0.75,0.76,0.24,0.25,0.01,0.01,74906.42,1776312407000
1776312408.403,108.403,0.76,0.77,0.23,0.25,0.01,0.02,74906.42,1776312407000
1776312408.793,108.793,0.76,0.78,0.23,0.24,0.02,0.01,74906.42,1776312407000
1776312409.135,109.135,0.8,0.82,0.18,0.2,0.02,0.02,74909.86,1776312408000
1776312409.477,109.477,0.83,0.84,0.16,0.19,0.01,0.03,74909.86,1776312408000
1776312409.857,109.857,0.83,0.84,0.16,0.17,0.01,0.01,74909.86,1776312408000
1776312410.203,110.203,0.83,0.85,0.15,0.17,0.02,0.02,74912.34,1776312409000
1776312410.555,110.555,0.84,0.85,0.15,0.16,0.01,0.01,74912.34,1776312409000
1776312410.969,110.969,0.85,0.86,0.14,0.16,0.01,0.02,74912.34,1776312409000
1776312411.631,111.631,0.86,0.87,0.13,0.14,0.01,0.01,74921.98,1776312410000
1776312412.03,112.03,0.86,0.87,0.13,0.14,0.01,0.01,74921.98,1776312410000
1776312412.519,112.519,0.86,0.87,0.13,0.14,0.01,0.01,74926.48,1776312411000
1776312412.852,112.852,0.86,0.87,0.13,0.14,0.01,0.01,74926.48,1776312411000
1776312413.267,113.267,0.86,0.87,0.13,0.14,0.01,0.01,74926.48,1776312411000
1776312413.658,113.658,0.86,0.87,0.13,0.14,0.01,0.01,74928.08,1776312412000
1776312414.443,114.443,0.86,0.88,0.12,0.14,0.02,0.02,74929.91,1776312413000
1776312414.931,114.931,0.86,0.88,0.12,0.14,0.02,0.02,74930.96,1776312414000
1776312415.271,115.271,0.91,0.92,0.08,0.11,0.01,0.03,74930.96,1776312414000
1776312415.614,115.614,0.93,0.95,0.06,0.07,0.02,0.01,74930.96,1776312414000
1776312415.965,115.965,0.93,0.95,0.05,0.07,0.02,0.02,74930.96,1776312414000
1776312416.457,116.457,0.91,0.93,0.07,0.09,0.02,0.02,74938.41,1776312415000
1776312416.797,116.797,0.92,0.95,0.04,0.08,0.03,0.04,74938.41,1776312415000
1776312417.156,117.156,0.93,0.94,0.06,0.07,0.01,0.01,74938.41,1776312415000
1776312417.556,117.556,0.93,0.94,0.06,0.07,0.01,0.01,74958.88,1776312416000
1776312417.934,117.934,0.93,0.94,0.06,0.07,0.01,0.01,74958.88,1776312416000
1776312418.268,118.268,0.93,0.94,0.06,0.07,0.01,0.01,74961.45,1776312417000
1776312418.619,118.619,0.93,0.94,0.06,0.07,0.01,0.01,74961.45,1776312417000
1776312418.964,118.964,0.93,0.94,0.06,0.07,0.01,0.01,74961.45,1776312417000
1776312419.306,119.306,0.93,0.94,0.06,0.07,0.01,0.01,74961.98,1776312418000
1776312419.676,119.676,0.93,0.94,0.06,0.07,0.01,0.01,74961.98,1776312418000
1776312420.36,120.36,0.93,0.94,0.06,0.07,0.01,0.01,74961.98,1776312418000
1776312420.697,120.697,0.93,0.94,0.06,0.07,0.01,0.01,74959.67,1776312419000
1776312421.134,121.134,0.93,0.94,0.06,0.07,0.01,0.01,74959.67,1776312420000
1776312421.483,121.483,0.93,0.94,0.06,0.07,0.01,0.01,74959.67,1776312420000
1776312421.91,121.91,0.93,0.94,0.06,0.07,0.01,0.01,74959.67,1776312420000
1776312422.268,122.268,0.92,0.93,0.07,0.08,0.01,0.01,74959.21,1776312421000
1776312422.614,122.614,0.92,0.93,0.07,0.08,0.01,0.01,74959.21,1776312421000
1776312422.955,122.955,0.92,0.93,0.07,0.08,0.01,0.01,74959.21,1776312421000
1776312423.293,123.293,0.92,0.93,0.07,0.08,0.01,0.01,74958.84,1776312422000
1776312423.814,123.814,0.92,0.93,0.07,0.08,0.01,0.01,74958.84,1776312422000
1776312424.158,124.158,0.92,0.93,0.07,0.08,0.01,0.01,74959.55,1776312423000
1776312424.525,124.525,0.92,0.93,0.07,0.08,0.01,0.01,74959.55,1776312423000
1776312424.861,124.861,0.92,0.93,0.07,0.08,0.01,0.01,74959.55,1776312423000
1776312425.262,125.262,0.92,0.93,0.07,0.08,0.01,0.01,74958.41,1776312424000
1776312425.671,125.671,0.92,0.93,0.07,0.08,0.01,0.01,74958.41,1776312424000
1776312426.152,126.152,0.92,0.93,0.07,0.08,0.01,0.01,74958.78,1776312425000
1776312426.945,126.945,0.92,0.93,0.07,0.08,0.01,0.01,74959.1,1776312426000
1776312427.7,127.7,0.93,0.94,0.06,0.08,0.01,0.02,74959.1,1776312426000
1776312428.063,128.063,0.93,0.94,0.06,0.07,0.01,0.01,74959.02,1776312427000
1776312428.659,128.659,0.94,0.95,0.05,0.07,0.01,0.02,74959.02,1776312427000
1776312429.18,129.18,0.95,0.96,0.04,0.05,0.01,0.01,74961.63,1776312428000
1776312429.528,129.528,0.95,0.96,0.04,0.05,0.01,0.01,74961.63,1776312428000
1776312429.865,129.865,0.95,0.96,0.04,0.05,0.01,0.01,74961.63,1776312428000
1776312430.217,130.217,0.95,0.96,0.04,0.05,0.01,0.01,74963.43,1776312429000
1776312430.592,130.592,0.95,0.96,0.04,0.05,0.01,0.01,74963.43,1776312429000
1776312430.925,130.925,0.95,0.96,0.04,0.05,0.01,0.01,74971.17,1776312430000
1776312431.269,131.269,0.95,0.96,0.04,0.05,0.01,0.01,74971.17,1776312430000
1776312431.669,131.669,0.95,0.96,0.04,0.05,0.01,0.01,74971.17,1776312430000
1776312432.003,132.003,0.96,0.97,0.03,0.04,0.01,0.01,74976.08,1776312431000
1776312432.381,132.381,0.97,0.98,0.02,0.03,0.01,0.01,74976.08,1776312431000
1776312432.752,132.752,0.97,0.98,0.02,0.03,0.01,0.01,74976.08,1776312431000
1776312433.085,133.085,0.97,0.98,0.02,0.03,0.01,0.01,74976.08,1776312431000
1776312433.435,133.435,0.97,0.98,0.02,0.03,0.01,0.01,75012.81,1776312432000
1776312433.819,133.819,0.97,0.98,0.02,0.03,0.01,0.01,75012.81,1776312432000
1776312434.221,134.221,0.97,0.98,0.02,0.03,0.01,0.01,75018.39,1776312433000
1776312434.58,134.58,0.97,0.98,0.02,0.03,0.01,0.01,75018.39,1776312433000
1776312435.101,135.101,0.97,0.98,0.02,0.03,0.01,0.01,75018.39,1776312433000
1776312435.592,135.592,0.97,0.98,0.02,0.03,0.01,0.01,75017.78,1776312434000
1776312436.081,136.081,0.97,0.98,0.02,0.03,0.01,0.01,75017.78,1776312434000
1776312436.814,136.814,0.97,0.98,0.02,0.03,0.01,0.01,75017.78,1776312434000
1776312437.404,137.404,0.97,0.98,0.02,0.03,0.01,0.01,75013.53,1776312435000
1776312437.804,137.804,0.97,0.98,0.02,0.03,0.01,0.01,75014.43,1776312436000
1776312438.159,138.159,0.97,0.98,0.02,0.03,0.01,0.01,75014.43,1776312436000
1776312438.585,138.585,0.97,0.98,0.02,0.03,0.01,0.01,75014.43,1776312437000
1776312438.922,138.922,0.97,0.98,0.02,0.03,0.01,0.01,75014.43,1776312437000
1776312439.321,139.321,0.97,0.98,0.02,0.03,0.01,0.01,75014.72,1776312438000
1776312439.684,139.684,0.97,0.98,0.02,0.03,0.01,0.01,75014.72,1776312438000
1776312440.036,140.036,0.93,0.98,0.02,0.03,0.05,0.01,75014.72,1776312438000
1776312440.447,140.447,0.96,0.97,0.02,0.04,0.01,0.02,75014.72,1776312438000
1776312440.91,140.91,0.96,0.97,0.03,0.04,0.01,0.01,75014.03,1776312439000
1776312441.423,141.423,0.96,0.97,0.03,0.04,0.01,0.01,75014.01,1776312440000
1776312441.862,141.862,0.96,0.97,0.03,0.04,0.01,0.01,75014.01,1776312440000
1776312442.226,142.226,0.96,0.97,0.03,0.04,0.01,0.01,75014.01,1776312440000
1776312442.809,142.809,0.96,0.97,0.03,0.04,0.01,0.01,75006.38,1776312441000
1776312443.216,143.216,0.96,0.97,0.03,0.04,0.01,0.01,75006.38,1776312441000
1776312443.971,143.971,0.96,0.97,0.03,0.04,0.01,0.01,75001.08,1776312443000
1776312444.329,144.329,0.96,0.97,0.03,0.04,0.01,0.01,75001.08,1776312443000
1776312444.816,144.816,0.96,0.97,0.03,0.04,0.01,0.01,75001.08,1776312443000
1776312445.245,145.245,0.96,0.97,0.03,0.04,0.01,0.01,75002.01,1776312444000
1776312445.757,145.757,0.96,0.97,0.03,0.04,0.01,0.01,75002.01,1776312444000
1776312446.198,146.198,0.96,0.97,0.03,0.04,0.01,0.01,75002.01,1776312444000
1776312446.657,146.657,0.96,0.97,0.03,0.04,0.01,0.01,75001.25,1776312445000
1776312446.991,146.991,0.96,0.97,0.03,0.04,0.01,0.01,75001.25,1776312445000
1776312447.401,147.401,0.96,0.97,0.03,0.04,0.01,0.01,75000.28,1776312446000
1776312447.775,147.775,0.96,0.97,0.03,0.04,0.01,0.01,75000.28,1776312446000
1776312448.174,148.174,0.96,0.97,0.03,0.04,0.01,0.01,75001.19,1776312447000
1776312448.552,148.552,0.96,0.97,0.03,0.04,0.01,0.01,75001.19,1776312447000
1776312449.064,149.064,0.96,0.97,0.03,0.04,0.01,0.01,75007.93,1776312448000
1776312449.465,149.465,0.92,0.98,0.02,0.04,0.06,0.02,75007.93,1776312448000
1776312450.181,150.181,0.97,0.98,0.02,0.03,0.01,0.01,75011.36,1776312449000
1776312450.519,150.519,0.97,0.98,0.02,0.03,0.01,0.01,75011.36,1776312449000
1776312450.873,150.873,0.95,0.98,0.02,0.03,0.03,0.01,75011.36,1776312449000
1776312451.236,151.236,0.97,0.98,0.02,0.03,0.01,0.01,75011.36,1776312449000
1776312451.635,151.635,0.97,0.98,0.02,0.03,0.01,0.01,75011.36,1776312449000
1776312452.077,152.077,0.97,0.98,0.02,0.03,0.01,0.01,75010.84,1776312450000
1776312452.538,152.538,0.97,0.98,0.02,0.03,0.01,0.01,75011.75,1776312451000
1776312452.945,152.945,0.97,0.98,0.02,0.03,0.01,0.01,75011.75,1776312451000
1776312453.363,153.363,0.97,0.98,0.02,0.03,0.01,0.01,75011.75,1776312451000
1776312453.752,153.752,0.97,0.98,0.02,0.03,0.01,0.01,75012.81,1776312452000
1776312454.225,154.225,0.97,0.98,0.02,0.03,0.01,0.01,75013.07,1776312453000
1776312454.921,154.921,0.97,0.99,0.02,0.03,0.02,0.01,75013.07,1776312453000
1776312455.279,155.279,0.98,0.99,0.01,0.02,0.01,0.01,75013.07,1776312453000
1776312455.752,155.752,0.98,0.99,0.01,0.02,0.01,0.01,75013.26,1776312454000
1776312456.102,156.102,0.96,0.97,0.03,0.04,0.01,0.01,75013.3,1776312455000
1776312456.506,156.506,0.98,0.99,0.01,0.02,0.01,0.01,75013.3,1776312455000
1776312456.958,156.958,0.98,0.99,0.01,0.02,0.01,0.01,75013.3,1776312455000
1776312457.297,157.297,0.98,0.99,0.01,0.02,0.01,0.01,75014.75,1776312456000
1776312457.71,157.71,0.98,0.99,0.01,0.02,0.01,0.01,75014.75,1776312456000
1776312458.107,158.107,0.98,0.99,0.01,0.02,0.01,0.01,75018.08,1776312457000
1776312458.449,158.449,0.98,0.99,0.01,0.02,0.01,0.01,75018.08,1776312457000
1776312458.786,158.786,0.98,0.99,0.01,0.02,0.01,0.01,75018.08,1776312457000
1776312459.135,159.135,0.98,0.99,0.01,0.02,0.01,0.01,75018.2,1776312458000
1776312459.469,159.469,0.98,0.99,0.01,0.02,0.01,0.01,75018.2,1776312458000
1776312459.809,159.809,0.98,0.99,0.01,0.02,0.01,0.01,75018.2,1776312458000
1776312460.262,160.262,0.98,0.99,0.01,0.02,0.01,0.01,75018.2,1776312458000
1776312460.636,160.636,0.98,0.99,0.01,0.02,0.01,0.01,75018.92,1776312459000
1776312461.085,161.085,0.98,0.99,0.01,0.02,0.01,0.01,75018.92,1776312459000
1776312461.421,161.421,0.98,0.99,0.01,0.02,0.01,0.01,75019.77,1776312460000
1776312461.755,161.755,0.98,0.99,0.01,0.02,0.01,0.01,75019.77,1776312460000
1776312462.099,162.099,0.98,0.99,0.01,0.02,0.01,0.01,75019.77,1776312460000
1776312462.5,162.5,0.98,0.99,0.01,0.02,0.01,0.01,75019.07,1776312461000
1776312462.859,162.859,0.98,0.99,0.01,0.02,0.01,0.01,75019.07,1776312461000
1776312463.198,163.198,0.98,0.99,0.01,0.02,0.01,0.01,75019.07,1776312461000
1776312463.552,163.552,0.98,0.99,0.01,0.02,0.01,0.01,75019.07,1776312461000
1776312463.898,163.898,0.98,0.99,0.01,0.02,0.01,0.01,75018.53,1776312462000
1776312464.246,164.246,0.99,0.99,0.01,0.01,0.0,0.0,75018.53,1776312462000
1776312464.589,164.589,0.99,0.99,0.01,0.01,0.0,0.0,75019.14,1776312463000
1776312464.94,164.94,0.98,0.99,0.01,0.01,0.01,0.0,75019.14,1776312463000
1776312465.307,165.307,0.99,0.99,0.01,0.02,0.0,0.01,75019.14,1776312463000
1776312465.696,165.696,0.99,0.99,0.01,0.01,0.0,0.0,75019.12,1776312464000
1776312466.129,166.129,0.99,0.99,0.01,0.01,0.0,0.0,75019.12,1776312464000
1776312466.675,166.675,0.99,0.99,0.01,0.01,0.0,0.0,75019.12,1776312464000
1776312467.178,167.178,0.98,0.99,0.01,0.02,0.01,0.01,75019.08,1776312465000
1776312467.572,167.572,0.98,0.99,0.01,0.02,0.01,0.01,75019.13,1776312466000
1776312467.909,167.909,0.98,0.99,0.01,0.02,0.01,0.01,75019.13,1776312467000
1776312468.351,168.351,0.98,0.99,0.01,0.02,0.01,0.01,75019.13,1776312467000
1776312468.689,168.689,0.98,0.99,0.01,0.02,0.01,0.01,75019.13,1776312467000
1776312469.026,169.026,0.98,0.99,0.01,0.02,0.01,0.01,75017.55,1776312468000
1776312469.471,169.471,0.98,0.99,0.01,0.02,0.01,0.01,75017.55,1776312468000
1776312469.813,169.813,0.98,0.99,0.01,0.02,0.01,0.01,75017.55,1776312468000
1776312470.297,170.297,0.98,0.99,0.01,0.02,0.01,0.01,75013.27,1776312469000
1776312470.64,170.64,0.98,0.99,0.01,0.02,0.01,0.01,75013.27,1776312469000
1776312470.992,170.992,0.98,0.99,0.01,0.02,0.01,0.01,75013.27,1776312469000
1776312471.396,171.396,0.98,0.99,0.01,0.02,0.01,0.01,75010.84,1776312470000
1776312472.288,172.288,0.98,0.99,0.01,0.02,0.01,0.01,75010.65,1776312471000
1776312473.135,173.135,0.98,0.99,0.01,0.02,0.01,0.01,75010.65,1776312471000
1776312473.638,173.638,0.98,0.99,0.01,0.02,0.01,0.01,75006.73,1776312472000
1776312474.031,174.031,0.98,0.99,0.01,0.02,0.01,0.01,75006.73,1776312472000
1776312474.387,174.387,0.98,0.99,0.01,0.02,0.01,0.01,75004.99,1776312473000
1776312475.321,175.321,0.98,0.99,0.01,0.02,0.01,0.01,75004.77,1776312474000
1776312475.746,175.746,0.98,0.99,0.01,0.02,0.01,0.01,75004.77,1776312474000
1776312476.133,176.133,0.98,0.99,0.01,0.02,0.01,0.01,75004.77,1776312474000
1776312476.481,176.481,0.98,0.99,0.01,0.02,0.01,0.01,75008.25,1776312475000
1776312476.902,176.902,0.98,0.99,0.01,0.02,0.01,0.01,75008.25,1776312475000
1776312477.243,177.243,0.98,0.99,0.01,0.02,0.01,0.01,75008.27,1776312476000
1776312478.005,178.005,0.98,0.99,0.01,0.02,0.01,0.01,75005.34,1776312477000
1776312478.956,178.956,0.98,0.99,0.01,0.02,0.01,0.01,75005.34,1776312477000
1776312480.483,180.483,0.98,0.99,0.01,0.02,0.01,0.01,75004.03,1776312478000
1776312480.817,180.817,0.98,0.99,0.01,0.02,0.01,0.01,75002.37,1776312479000
1776312481.165,181.165,0.98,0.99,0.01,0.02,0.01,0.01,75002.37,1776312480000
1776312481.652,181.652,0.98,0.99,0.01,0.02,0.01,0.01,75002.37,1776312480000
1776312481.992,181.992,0.98,0.99,0.01,0.02,0.01,0.01,75002.37,1776312480000
1776312482.326,182.326,0.98,0.99,0.01,0.02,0.01,0.01,75002.37,1776312480000
1776312482.659,182.659,0.98,0.99,0.01,0.02,0.01,0.01,75002.37,1776312480000
1776312483.2,183.2,0.99,0.99,0.01,0.02,0.0,0.01,75002.8,1776312481000
1776312483.713,183.713,0.98,0.99,0.01,0.02,0.01,0.01,75002.59,1776312482000
1776312484.156,184.156,0.99,0.99,0.01,0.02,0.0,0.01,75002.59,1776312482000
1776312484.53,184.53,0.99,0.99,0.01,0.01,0.0,0.0,75001.94,1776312483000
1776312484.994,184.994,0.99,0.99,0.01,0.01,0.0,0.0,75001.94,1776312483000
1776312485.359,185.359,0.98,0.99,0.01,0.02,0.01,0.01,75000.94,1776312484000
1776312485.947,185.947,0.98,0.99,0.01,0.02,0.01,0.01,75000.94,1776312484000
1776312486.512,186.512,0.98,0.99,0.01,0.02,0.01,0.01,75001.1,1776312485000
1776312487.052,187.052,0.98,0.99,0.01,0.02,0.01,0.01,75001.1,1776312486000
1776312487.552,187.552,0.98,0.99,0.01,0.02,0.01,0.01,75001.1,1776312486000
1776312487.914,187.914,0.98,0.99,0.01,0.02,0.01,0.01,75001.1,1776312486000
1776312488.261,188.261,0.98,0.99,0.01,0.02,0.01,0.01,75000.36,1776312487000
1776312489.097,189.097,0.98,0.99,0.01,0.02,0.01,0.01,75000.36,1776312487000
1776312489.463,189.463,0.98,0.99,0.01,0.02,0.01,0.01,75000.49,1776312488000
1776312489.958,189.958,0.98,0.99,0.01,0.02,0.01,0.01,75000.49,1776312489000
1776312490.428,190.428,0.98,0.99,0.01,0.02,0.01,0.01,75000.49,1776312489000
1776312490.882,190.882,0.98,0.99,0.01,0.02,0.01,0.01,75000.49,1776312489000
1776312491.42,191.42,0.98,0.99,0.01,0.02,0.01,0.01,75000.69,1776312490000
1776312491.902,191.902,0.98,0.99,0.01,0.02,0.01,0.01,75000.69,1776312490000
1776312492.274,192.274,0.98,0.99,0.01,0.02,0.01,0.01,75001.8,1776312491000
1776312492.618,192.618,0.98,0.99,0.01,0.02,0.01,0.01,75001.8,1776312491000
1776312493.305,193.305,0.98,0.99,0.01,0.02,0.01,0.01,75000.07,1776312492000
1776312493.904,193.904,0.98,0.99,0.01,0.02,0.01,0.01,75000.07,1776312492000
1776312494.416,194.416,0.98,0.99,0.01,0.02,0.01,0.01,74999.73,1776312493000
1776312494.891,194.891,0.98,0.99,0.01,0.02,0.01,0.01,74999.73,1776312493000
1776312495.253,195.253,0.98,0.99,0.01,0.02,0.01,0.01,75000.01,1776312494000
1776312495.587,195.587,0.98,0.99,0.01,0.02,0.01,0.01,75000.01,1776312494000
1776312495.976,195.976,0.98,0.99,0.01,0.02,0.01,0.01,75000.01,1776312494000
1776312496.339,196.339,0.98,0.99,0.01,0.02,0.01,0.01,75000.77,1776312495000
1776312496.799,196.799,0.98,0.99,0.01,0.02,0.01,0.01,75000.77,1776312495000
1776312497.144,197.144,0.98,0.99,0.01,0.02,0.01,0.01,75000.77,1776312495000
1776312497.616,197.616,0.98,0.99,0.01,0.02,0.01,0.01,74986.85,1776312496000
1776312497.997,197.997,0.98,0.99,0.01,0.02,0.01,0.01,74986.85,1776312496000
1776312498.411,198.411,0.98,0.99,0.01,0.02,0.01,0.01,74986.2,1776312497000
1776312499.207,199.207,0.98,0.99,0.01,0.02,0.01,0.01,74986.2,1776312497000
1776312499.953,199.953,0.98,0.99,0.01,0.02,0.01,0.01,74987.63,1776312499000
1776312500.3,200.3,0.98,0.99,0.01,0.02,0.01,0.01,74987.63,1776312499000
1776312501.079,201.079,0.98,0.99,0.01,0.02,0.01,0.01,74987.63,1776312499000
1776312501.42,201.42,0.99,0.99,0.01,0.02,0.0,0.01,74987.58,1776312500000
1776312501.831,201.831,0.99,0.99,0.01,0.01,0.0,0.0,74987.58,1776312500000
1776312502.252,202.252,0.98,0.99,0.01,0.02,0.01,0.01,74987.88,1776312501000
1776312502.661,202.661,0.98,0.99,0.01,0.02,0.01,0.01,74987.88,1776312501000
1776312503.023,203.023,0.98,0.99,0.01,0.02,0.01,0.01,74987.88,1776312501000
1776312503.484,203.484,0.98,0.99,0.01,0.03,0.01,0.02,74992.83,1776312502000
1776312503.956,203.956,0.98,0.99,0.01,0.02,0.01,0.01,74992.83,1776312502000
1776312504.406,204.406,0.98,0.99,0.01,0.02,0.01,0.01,74992.83,1776312502000
1776312504.838,204.838,0.98,0.99,0.01,0.02,0.01,0.01,74995.02,1776312503000
1776312505.177,205.177,0.96,0.98,0.02,0.04,0.02,0.02,74995.68,1776312504000
1776312505.534,205.534,0.97,0.98,0.02,0.03,0.01,0.01,74995.68,1776312504000
1776312506.093,206.093,0.98,0.99,0.01,0.02,0.01,0.01,74995.68,1776312504000
1776312506.542,206.542,0.98,0.99,0.01,0.02,0.01,0.01,74995.67,1776312505000
1776312507.17,207.17,0.96,0.99,0.01,0.02,0.03,0.01,74995.67,1776312505000
1776312507.639,207.639,0.97,0.98,0.02,0.03,0.01,0.01,74993.97,1776312506000
1776312508.091,208.091,0.97,0.98,0.02,0.03,0.01,0.01,74993.95,1776312507000
1776312508.438,208.438,0.97,0.98,0.02,0.03,0.01,0.01,74993.95,1776312507000
1776312508.809,208.809,0.97,0.98,0.02,0.03,0.01,0.01,74993.95,1776312507000
1776312509.228,209.228,0.97,0.98,0.02,0.03,0.01,0.01,74992.95,1776312508000
1776312509.565,209.565,0.97,0.98,0.02,0.03,0.01,0.01,74992.95,1776312508000
1776312509.923,209.923,0.97,0.98,0.02,0.03,0.01,0.01,74992.95,1776312508000
1776312510.281,210.281,0.97,0.98,0.02,0.03,0.01,0.01,74992.59,1776312509000
1776312510.617,210.617,0.97,0.98,0.02,0.03,0.01,0.01,74992.59,1776312509000
1776312510.956,210.956,0.97,0.98,0.02,0.03,0.01,0.01,74992.59,1776312509000
1776312511.44,211.44,0.97,0.98,0.02,0.03,0.01,0.01,74992.59,1776312509000
1776312511.8,211.8,0.96,0.98,0.02,0.03,0.02,0.01,74991.92,1776312510000
1776312512.153,212.153,0.96,0.97,0.03,0.04,0.01,0.01,74991.92,1776312510000
1776312512.507,212.507,0.96,0.97,0.03,0.04,0.01,0.01,74991.92,1776312511000
1776312512.942,212.942,0.96,0.97,0.03,0.04,0.01,0.01,74991.92,1776312511000
1776312513.367,213.367,0.97,0.98,0.02,0.03,0.01,0.01,74991.92,1776312511000
1776312513.774,213.774,0.97,0.98,0.02,0.03,0.01,0.01,74986.83,1776312512000
1776312514.458,214.458,0.97,0.98,0.02,0.03,0.01,0.01,74986.83,1776312512000
1776312514.864,214.864,0.97,0.98,0.02,0.03,0.01,0.01,74983.56,1776312513000
1776312515.505,215.505,0.96,0.97,0.03,0.04,0.01,0.01,74983.39,1776312514000
1776312515.942,215.942,0.96,0.97,0.03,0.04,0.01,0.01,74983.39,1776312514000
1776312516.359,216.359,0.96,0.97,0.03,0.04,0.01,0.01,74983.39,1776312514000
1776312516.782,216.782,0.96,0.97,0.03,0.04,0.01,0.01,74980.67,1776312515000
1776312517.455,217.455,0.96,0.97,0.03,0.04,0.01,0.01,74975.58,1776312516000
1776312517.979,217.979,0.96,0.97,0.03,0.04,0.01,0.01,74975.58,1776312516000
1776312518.714,218.714,0.96,0.97,0.03,0.04,0.01,0.01,74975.58,1776312516000
1776312519.056,219.056,0.95,0.97,0.04,0.05,0.02,0.01,74973.37,1776312517000
1776312519.403,219.403,0.96,0.97,0.03,0.04,0.01,0.01,74973.37,1776312517000
1776312519.853,219.853,0.96,0.97,0.03,0.05,0.01,0.02,74972.81,1776312518000
1776312520.292,220.292,0.96,0.97,0.02,0.04,0.01,0.02,74972.81,1776312518000
1776312520.823,220.823,0.96,0.97,0.03,0.04,0.01,0.01,74972.77,1776312519000
1776312521.244,221.244,0.96,0.97,0.03,0.04,0.01,0.01,74972.77,1776312519000
1776312522.414,222.414,0.96,0.97,0.02,0.03,0.01,0.01,74971.8,1776312520000
1776312522.907,222.907,0.94,0.97,0.03,0.04,0.03,0.01,74971.8,1776312520000
1776312523.469,223.469,0.96,0.97,0.03,0.06,0.01,0.03,74971.95,1776312521000
1776312523.882,223.882,0.95,0.96,0.03,0.04,0.01,0.01,74971.95,1776312522000
1776312524.236,224.236,0.93,0.94,0.06,0.07,0.01,0.01,74971.95,1776312522000
1776312524.718,224.718,0.96,0.97,0.03,0.06,0.01,0.03,74969.95,1776312523000
1776312525.261,225.261,0.96,0.97,0.03,0.04,0.01,0.01,74969.95,1776312523000
1776312525.726,225.726,0.95,0.97,0.03,0.05,0.02,0.02,74964.31,1776312524000
1776312526.417,226.417,0.96,0.97,0.03,0.04,0.01,0.01,74961.05,1776312525000
1776312527.091,227.091,0.96,0.98,0.02,0.04,0.02,0.02,74961.31,1776312526000
1776312527.937,227.937,0.96,0.98,0.02,0.03,0.02,0.01,74961.31,1776312526000
1776312528.293,228.293,0.96,0.97,0.03,0.04,0.01,0.01,74961.31,1776312526000
1776312528.87,228.87,0.96,0.97,0.03,0.04,0.01,0.01,74959.58,1776312527000
1776312529.279,229.279,0.97,0.98,0.03,0.04,0.01,0.01,74959.58,1776312527000
1776312529.705,229.705,0.97,0.98,0.02,0.03,0.01,0.01,74961.12,1776312528000
1776312530.121,230.121,0.95,0.98,0.02,0.05,0.03,0.03,74961.03,1776312529000
1776312530.572,230.572,0.97,0.98,0.02,0.03,0.01,0.01,74961.03,1776312529000
1776312530.917,230.917,0.96,0.98,0.02,0.03,0.02,0.01,74961.03,1776312529000
1776312531.596,231.596,0.96,0.97,0.03,0.04,0.01,0.01,74961.03,1776312529000
1776312531.939,231.939,0.96,0.97,0.03,0.04,0.01,0.01,74959.58,1776312530000
1776312532.333,232.333,0.96,0.97,0.03,0.04,0.01,0.01,74961.63,1776312531000
1776312532.988,232.988,0.96,0.97,0.03,0.04,0.01,0.01,74961.63,1776312531000
1776312533.331,233.331,0.96,0.98,0.03,0.04,0.02,0.01,74961.63,1776312531000
1776312533.671,233.671,0.96,0.97,0.03,0.04,0.01,0.01,74959.89,1776312532000
1776312534.093,234.093,0.96,0.97,0.03,0.04,0.01,0.01,74961.85,1776312533000
1776312534.501,234.501,0.96,0.97,0.03,0.04,0.01,0.01,74961.85,1776312533000
1776312534.851,234.851,0.96,0.97,0.03,0.04,0.01,0.01,74961.85,1776312533000
1776312535.531,235.531,0.96,0.97,0.03,0.04,0.01,0.01,74961.83,1776312534000
1776312535.991,235.991,0.96,0.97,0.03,0.04,0.01,0.01,74961.83,1776312534000
1776312536.412,236.412,0.96,0.97,0.03,0.04,0.01,0.01,74960.36,1776312535000
1776312536.761,236.761,0.96,0.97,0.03,0.04,0.01,0.01,74960.36,1776312535000
1776312537.241,237.241,0.96,0.97,0.03,0.04,0.01,0.01,74960.36,1776312535000
1776312537.607,237.607,0.96,0.98,0.02,0.04,0.02,0.02,74960.36,1776312535000
1776312538.069,238.069,0.97,0.98,0.02,0.03,0.01,0.01,74960.36,1776312536000
1776312538.684,238.684,0.95,0.96,0.04,0.05,0.01,0.01,74960.36,1776312537000
1776312539.13,239.13,0.95,0.96,0.04,0.05,0.01,0.01,74960.36,1776312537000
1776312539.482,239.482,0.95,0.96,0.04,0.05,0.01,0.01,74960.49,1776312538000
1776312539.831,239.831,0.95,0.96,0.04,0.05,0.01,0.01,74960.49,1776312538000
1776312540.336,240.336,0.95,0.96,0.04,0.05,0.01,0.01,74959.55,1776312539000
1776312540.731,240.731,0.95,0.96,0.04,0.05,0.01,0.01,74959.55,1776312539000
1776312541.074,241.074,0.95,0.96,0.04,0.05,0.01,0.01,74959.55,1776312539000
1776312541.415,241.415,0.94,0.95,0.05,0.06,0.01,0.01,74958.67,1776312540000
1776312541.756,241.756,0.94,0.95,0.05,0.06,0.01,0.01,74958.67,1776312540000
1776312542.093,242.093,0.91,0.93,0.07,0.09,0.02,0.02,74958.67,1776312540000
1776312542.44,242.44,0.91,0.92,0.08,0.09,0.01,0.01,74956.16,1776312541000
1776312542.784,242.784,0.91,0.92,0.08,0.09,0.01,0.01,74956.16,1776312541000
1776312543.144,243.144,0.91,0.92,0.08,0.09,0.01,0.01,74956.16,1776312541000
1776312543.511,243.511,0.91,0.92,0.08,0.09,0.01,0.01,74952.41,1776312542000
1776312543.846,243.846,0.91,0.92,0.08,0.09,0.01,0.01,74952.41,1776312542000
1776312544.258,244.258,0.93,0.94,0.06,0.07,0.01,0.01,74942.52,1776312543000
1776312544.792,244.792,0.92,0.93,0.07,0.08,0.01,0.01,74942.52,1776312543000
1776312545.222,245.222,0.92,0.93,0.07,0.08,0.01,0.01,74939.0,1776312544000
1776312545.573,245.573,0.92,0.93,0.07,0.08,0.01,0.01,74939.0,1776312544000
1776312545.957,245.957,0.92,0.93,0.07,0.09,0.01,0.02,74939.0,1776312544000
1776312546.43,246.43,0.92,0.95,0.07,0.08,0.03,0.01,74937.95,1776312545000
1776312546.84,246.84,0.93,0.94,0.06,0.07,0.01,0.01,74937.95,1776312545000
1776312547.207,247.207,0.93,0.95,0.06,0.07,0.02,0.01,74937.95,1776312545000
1776312547.676,247.676,0.93,0.94,0.06,0.07,0.01,0.01,74937.9,1776312546000
1776312548.032,248.032,0.93,0.94,0.06,0.07,0.01,0.01,74937.9,1776312546000
1776312548.394,248.394,0.93,0.94,0.06,0.07,0.01,0.01,74937.9,1776312546000
1776312548.949,248.949,0.93,0.94,0.06,0.07,0.01,0.01,74937.14,1776312548000
1776312549.336,249.336,0.93,0.94,0.06,0.07,0.01,0.01,74937.14,1776312548000
1776312549.684,249.684,0.93,0.94,0.06,0.07,0.01,0.01,74937.14,1776312548000
1776312550.534,250.534,0.94,0.95,0.05,0.06,0.01,0.01,74938.03,1776312549000
1776312551.02,251.02,0.94,0.95,0.05,0.06,0.01,0.01,74938.0,1776312550000
1776312551.444,251.444,0.94,0.95,0.05,0.06,0.01,0.01,74938.0,1776312550000
1776312552.107,252.107,0.95,0.97,0.04,0.05,0.02,0.01,74938.0,1776312550000
1776312553.36,253.36,0.96,0.97,0.03,0.04,0.01,0.01,74937.12,1776312551000
1776312553.719,253.719,0.96,0.97,0.03,0.04,0.01,0.01,74937.23,1776312552000
1776312554.401,254.401,0.96,0.97,0.03,0.04,0.01,0.01,74938.09,1776312553000
1776312554.821,254.821,0.96,0.98,0.03,0.04,0.02,0.01,74938.09,1776312553000
1776312555.338,255.338,0.97,0.98,0.02,0.03,0.01,0.01,74939.63,1776312554000
1776312555.722,255.722,0.96,0.97,0.02,0.05,0.01,0.03,74939.63,1776312554000
1776312556.11,256.11,0.96,0.97,0.03,0.04,0.01,0.01,74939.33,1776312555000
1776312557.007,257.007,0.96,0.97,0.02,0.04,0.01,0.02,74939.33,1776312555000
1776312557.547,257.547,0.96,0.97,0.03,0.04,0.01,0.01,74939.33,1776312556000
1776312557.882,257.882,0.96,0.97,0.03,0.04,0.01,0.01,74939.33,1776312556000
1776312558.312,258.312,0.96,0.97,0.03,0.04,0.01,0.01,74939.36,1776312557000
1776312558.674,258.674,0.96,0.97,0.03,0.04,0.01,0.01,74939.36,1776312557000
1776312559.252,259.252,0.96,0.98,0.03,0.04,0.02,0.01,74939.36,1776312557000
1776312559.596,259.596,0.97,0.98,0.02,0.03,0.01,0.01,74939.37,1776312558000
1776312560.005,260.005,0.97,0.98,0.02,0.03,0.01,0.01,74939.37,1776312558000
1776312560.718,260.718,0.95,0.96,0.02,0.05,0.01,0.03,74939.45,1776312559000
1776312561.133,261.133,0.95,0.96,0.04,0.05,0.01,0.01,74939.4,1776312560000
1776312561.628,261.628,0.94,0.95,0.04,0.06,0.01,0.02,74939.4,1776312560000
1776312562.126,262.126,0.95,0.96,0.03,0.04,0.01,0.01,74939.4,1776312560000
1776312562.599,262.599,0.95,0.96,0.04,0.05,0.01,0.01,74939.4,1776312560000
1776312562.964,262.964,0.95,0.96,0.04,0.05,0.01,0.01,74937.6,1776312561000
1776312563.522,263.522,0.95,0.98,0.02,0.05,0.03,0.03,74937.54,1776312562000
1776312564.044,264.044,0.95,0.96,0.04,0.05,0.01,0.01,74936.86,1776312563000
1776312564.507,264.507,0.9,0.92,0.07,0.09,0.02,0.02,74936.86,1776312563000
1776312564.958,264.958,0.9,0.91,0.09,0.12,0.01,0.03,74936.86,1776312563000
1776312565.321,265.321,0.9,0.91,0.09,0.12,0.01,0.03,74936.86,1776312563000
1776312565.87,265.87,0.9,0.93,0.09,0.1,0.03,0.01,74935.77,1776312564000
1776312566.228,266.228,0.91,0.92,0.08,0.09,0.01,0.01,74935.77,1776312564000
1776312566.777,266.777,0.92,0.93,0.08,0.09,0.01,0.01,74930.58,1776312565000
1776312567.113,267.113,0.92,0.93,0.07,0.08,0.01,0.01,74930.58,1776312565000
1776312567.495,267.495,0.92,0.93,0.07,0.08,0.01,0.01,74925.81,1776312566000
1776312568.043,268.043,0.92,0.93,0.07,0.08,0.01,0.01,74923.51,1776312567000
1776312568.616,268.616,0.93,0.94,0.06,0.07,0.01,0.01,74923.51,1776312567000
1776312568.971,268.971,0.93,0.94,0.06,0.07,0.01,0.01,74923.51,1776312567000
1776312569.431,269.431,0.94,0.95,0.05,0.06,0.01,0.01,74925.25,1776312568000
1776312569.883,269.883,0.95,0.96,0.04,0.05,0.01,0.01,74925.25,1776312568000
1776312570.372,270.372,0.95,0.96,0.04,0.05,0.01,0.01,74925.25,1776312568000
1776312570.746,270.746,0.96,0.97,0.03,0.05,0.01,0.02,74925.6,1776312569000
1776312571.195,271.195,0.96,0.97,0.03,0.04,0.01,0.01,74925.6,1776312570000
1776312571.668,271.668,0.96,0.97,0.03,0.04,0.01,0.01,74925.6,1776312570000
1776312572.027,272.027,0.96,0.97,0.03,0.04,0.01,0.01,74925.6,1776312570000
1776312572.397,272.397,0.96,0.97,0.03,0.04,0.01,0.01,74932.4,1776312571000
1776312572.753,272.753,0.96,0.97,0.03,0.04,0.01,0.01,74932.4,1776312571000
1776312573.153,273.153,0.96,0.97,0.03,0.04,0.01,0.01,74932.78,1776312572000
1776312573.697,273.697,0.96,0.97,0.03,0.04,0.01,0.01,74932.78,1776312572000
1776312574.033,274.033,0.96,0.97,0.03,0.04,0.01,0.01,74932.78,1776312572000
1776312574.505,274.505,0.96,0.97,0.03,0.04,0.01,0.01,74938.53,1776312573000
1776312574.906,274.906,0.96,0.97,0.02,0.04,0.01,0.02,74938.53,1776312573000
1776312575.534,275.534,0.96,0.97,0.03,0.04,0.01,0.01,74937.26,1776312574000
1776312575.997,275.997,0.97,0.98,0.02,0.03,0.01,0.01,74937.26,1776312574000
1776312576.443,276.443,0.97,0.98,0.02,0.03,0.01,0.01,74934.77,1776312575000
1776312576.799,276.799,0.97,0.98,0.02,0.03,0.01,0.01,74934.77,1776312575000
1776312577.266,277.266,0.97,0.98,0.02,0.03,0.01,0.01,74934.77,1776312575000
1776312577.646,277.646,0.98,0.99,0.01,0.02,0.01,0.01,74934.81,1776312576000
1776312577.979,277.979,0.98,0.99,0.01,0.02,0.01,0.01,74934.81,1776312576000
1776312578.494,278.494,0.96,0.97,0.03,0.04,0.01,0.01,74936.95,1776312577000
1776312578.911,278.911,0.96,0.97,0.03,0.04,0.01,0.01,74936.95,1776312577000
1776312579.264,279.264,0.96,0.97,0.03,0.04,0.01,0.01,74937.94,1776312578000
1776312579.628,279.628,0.96,0.97,0.03,0.04,0.01,0.01,74937.94,1776312578000
1776312580.028,280.028,0.95,0.97,0.03,0.05,0.02,0.02,74938.82,1776312579000
1776312580.366,280.366,0.95,0.96,0.04,0.05,0.01,0.01,74938.82,1776312579000
1776312580.831,280.831,0.95,0.96,0.04,0.05,0.01,0.01,74938.82,1776312579000
1776312581.174,281.174,0.95,0.96,0.04,0.05,0.01,0.01,74939.3,1776312580000
1776312581.544,281.544,0.95,0.96,0.04,0.05,0.01,0.01,74939.3,1776312580000
1776312581.899,281.899,0.95,0.96,0.04,0.05,0.01,0.01,74939.3,1776312580000
1776312582.294,282.294,0.95,0.96,0.04,0.05,0.01,0.01,74937.2,1776312581000
1776312582.674,282.674,0.95,0.96,0.04,0.05,0.01,0.01,74937.2,1776312581000
1776312583.01,283.01,0.95,0.96,0.04,0.05,0.01,0.01,74937.2,1776312581000
1776312583.389,283.389,0.94,0.96,0.04,0.05,0.02,0.01,74937.08,1776312582000
1776312583.889,283.889,0.95,0.96,0.04,0.05,0.01,0.01,74937.08,1776312582000
1776312584.243,284.243,0.95,0.96,0.04,0.05,0.01,0.01,74935.16,1776312583000
1776312584.671,284.671,0.95,0.96,0.04,0.05,0.01,0.01,74935.16,1776312583000
1776312585.05,285.05,0.96,0.97,0.03,0.04,0.01,0.01,74935.16,1776312583000
1776312585.444,285.444,0.96,0.97,0.03,0.04,0.01,0.01,74935.13,1776312584000
1776312585.787,285.787,0.96,0.97,0.03,0.04,0.01,0.01,74935.13,1776312584000
1776312586.196,286.196,0.96,0.97,0.03,0.04,0.01,0.01,74936.57,1776312585000
1776312586.551,286.551,0.96,0.97,0.03,0.04,0.01,0.01,74936.57,1776312585000
1776312586.928,286.928,0.97,0.99,0.01,0.03,0.02,0.02,74936.57,1776312585000
1776312587.336,287.336,0.99,0.98,0.02,0.01,-0.01,-0.01,74936.73,1776312586000
1776312587.842,287.842,0.99,0.98,0.02,0.01,-0.01,-0.01,74936.73,1776312586000
1776312588.248,288.248,0.99,0.98,0.02,0.01,-0.01,-0.01,74937.1,1776312587000
1776312588.718,288.718,0.99,0.98,0.02,0.01,-0.01,-0.01,74937.1,1776312587000
1776312589.066,289.066,0.99,0.98,0.02,0.01,-0.01,-0.01,74937.65,1776312588000
1776312589.518,289.518,0.99,0.98,0.02,0.01,-0.01,-0.01,74937.65,1776312588000
1776312589.865,289.865,0.99,0.98,0.02,0.01,-0.01,-0.01,74937.65,1776312588000
1776312590.539,290.539,0.99,0.98,0.02,0.01,-0.01,-0.01,74938.8,1776312589000
1776312590.896,290.896,0.99,0.98,0.02,0.01,-0.01,-0.01,74938.8,1776312589000
1776312591.564,291.564,0.99,0.98,0.02,0.01,-0.01,-0.01,74938.8,1776312590000
1776312592.114,292.114,0.99,0.98,0.02,0.01,-0.01,-0.01,74938.92,1776312591000
1776312593.008,293.008,0.99,0.98,0.02,0.01,-0.01,-0.01,74939.18,1776312592000
1776312594.167,294.167,0.99,0.98,0.02,0.01,-0.01,-0.01,74939.18,1776312592000
1776312595.172,295.172,0.99,0.98,0.02,0.01,-0.01,-0.01,74939.17,1776312594000
1776312595.64,295.64,0.991,0.98,0.02,0.001,-0.011,-0.019,74939.17,1776312594000
1776312595.992,295.992,0.991,0.999,0.001,0.009,0.008,0.008,74939.17,1776312594000
1776312596.861,296.861,0.999,0.999,0.001,0.009,0.0,0.008,74939.28,1776312595000
1776312597.364,297.364,0.999,0.999,0.001,0.001,0.0,0.0,74938.62,1776312596000
1776312598.13,298.13,0.999,0.999,0.001,0.001,0.0,0.0,74938.62,1776312596000
1776312599.133,299.133,0.999,0.999,0.001,0.001,0.0,0.0,74937.82,1776312598000
1776312600.003,300.003,0.999,0.999,0.001,0.001,0.0,0.0,74937.82,1776312598000
1776312600.586,300.586,0.999,0.999,0.001,0.001,0.0,0.0,74937.49,1776312599000

# RESULT,winner=Up,slug=btc-updown-5m-1776312300,ticks=655
