timestamp,elapsed_sec,up_bid,up_ask,down_bid,down_ask,up_spread,down_spread,btc_price
1775849700.686,0.686,0.54,0.55,0.45,0.46,0.01,0.01,73047.66
1775849701.047,1.047,0.54,0.55,0.45,0.46,0.01,0.01,73047.66
1775849701.404,1.404,0.54,0.55,0.45,0.46,0.01,0.01,73048.08
1775849701.872,1.872,0.54,0.55,0.45,0.46,0.01,0.01,73048.08
1775849702.381,2.381,0.53,0.54,0.46,0.47,0.01,0.01,73048.08
1775849702.724,2.724,0.53,0.54,0.46,0.47,0.01,0.01,73048.08
1775849703.111,3.111,0.53,0.54,0.46,0.47,0.01,0.01,73048.77
1775849703.497,3.497,0.53,0.54,0.46,0.47,0.01,0.01,73048.77
1775849704.031,4.031,0.53,0.55,0.46,0.47,0.02,0.01,73049.01
1775849704.449,4.449,0.53,0.54,0.46,0.47,0.01,0.01,73049.01
1775849705.046,5.046,0.53,0.54,0.46,0.47,0.01,0.01,73048.9
1775849705.555,5.555,0.53,0.54,0.46,0.47,0.01,0.01,73048.9
1775849705.891,5.891,0.53,0.54,0.46,0.47,0.01,0.01,73048.9
1775849706.383,6.383,0.53,0.54,0.46,0.47,0.01,0.01,73048.91
1775849706.74,6.74,0.53,0.54,0.46,0.47,0.01,0.01,73049.06
1775849707.118,7.118,0.53,0.54,0.46,0.47,0.01,0.01,73049.13
1775849707.466,7.466,0.53,0.54,0.46,0.47,0.01,0.01,73049.13
1775849708.09,8.09,0.53,0.54,0.46,0.47,0.01,0.01,73049.13
1775849708.481,8.481,0.53,0.54,0.46,0.47,0.01,0.01,73049.13
1775849709.0,9.0,0.53,0.54,0.46,0.47,0.01,0.01,73049.28
1775849709.37,9.37,0.52,0.53,0.47,0.48,0.01,0.01,73049.53
1775849709.804,9.804,0.52,0.53,0.47,0.48,0.01,0.01,73049.53
1775849710.259,10.259,0.52,0.53,0.47,0.48,0.01,0.01,73049.53
1775849710.603,10.603,0.52,0.53,0.47,0.48,0.01,0.01,73049.55
1775849711.014,11.014,0.52,0.53,0.47,0.48,0.01,0.01,73049.55
1775849711.447,11.447,0.52,0.54,0.47,0.48,0.02,0.01,73049.01
1775849711.817,11.817,0.53,0.54,0.46,0.47,0.01,0.01,73049.01
1775849712.252,12.252,0.53,0.54,0.46,0.47,0.01,0.01,73048.25
1775849712.618,12.618,0.52,0.53,0.47,0.48,0.01,0.01,73048.25
1775849712.973,12.973,0.52,0.53,0.47,0.48,0.01,0.01,73048.25
1775849713.577,13.577,0.52,0.53,0.47,0.48,0.01,0.01,73048.28
1775849713.915,13.915,0.51,0.52,0.48,0.49,0.01,0.01,73048.28
1775849714.311,14.311,0.5,0.51,0.49,0.5,0.01,0.01,73048.28
1775849714.665,14.665,0.49,0.5,0.5,0.51,0.01,0.01,73048.4
1775849715.008,15.008,0.48,0.51,0.51,0.52,0.03,0.01,73048.4
1775849715.341,15.341,0.47,0.49,0.51,0.53,0.02,0.02,73045.67
1775849715.817,15.817,0.47,0.48,0.52,0.53,0.01,0.01,73045.67
1775849716.191,16.191,0.47,0.48,0.52,0.53,0.01,0.01,73040.3
1775849716.534,16.534,0.47,0.48,0.52,0.53,0.01,0.01,73040.3
1775849716.921,16.921,0.46,0.47,0.53,0.54,0.01,0.01,73040.3
1775849717.497,17.497,0.46,0.47,0.53,0.54,0.01,0.01,73036.79
1775849717.841,17.841,0.46,0.47,0.53,0.54,0.01,0.01,73036.79
1775849718.398,18.398,0.46,0.47,0.53,0.54,0.01,0.01,73036.93
1775849718.745,18.745,0.46,0.47,0.53,0.54,0.01,0.01,73036.93
1775849719.153,19.153,0.46,0.47,0.53,0.54,0.01,0.01,73036.93
1775849719.578,19.578,0.46,0.47,0.53,0.54,0.01,0.01,73036.51
1775849719.949,19.949,0.46,0.47,0.53,0.54,0.01,0.01,73036.51
1775849720.311,20.311,0.46,0.47,0.53,0.54,0.01,0.01,73036.51
1775849720.724,20.724,0.46,0.47,0.53,0.54,0.01,0.01,73036.51
1775849721.277,21.277,0.46,0.47,0.53,0.54,0.01,0.01,73036.51
1775849721.87,21.87,0.46,0.47,0.53,0.54,0.01,0.01,73036.51
1775849722.209,22.209,0.47,0.48,0.52,0.54,0.01,0.02,73036.51
1775849722.633,22.633,0.47,0.48,0.52,0.53,0.01,0.01,73036.51
1775849723.157,23.157,0.47,0.48,0.52,0.53,0.01,0.01,73036.51
1775849723.503,23.503,0.47,0.48,0.52,0.53,0.01,0.01,73036.51
1775849724.144,24.144,0.47,0.49,0.52,0.53,0.02,0.01,73036.51
1775849724.489,24.489,0.48,0.49,0.51,0.52,0.01,0.01,73036.51
1775849724.887,24.887,0.48,0.49,0.51,0.52,0.01,0.01,73036.51
1775849725.281,25.281,0.48,0.49,0.51,0.52,0.01,0.01,73036.51
1775849725.893,25.893,0.48,0.49,0.51,0.52,0.01,0.01,73037.94
1775849726.228,26.228,0.49,0.5,0.5,0.52,0.01,0.02,73037.94
1775849726.612,26.612,0.49,0.5,0.5,0.51,0.01,0.01,73037.92
1775849726.95,26.95,0.49,0.5,0.5,0.51,0.01,0.01,73037.92
1775849727.309,27.309,0.49,0.5,0.5,0.51,0.01,0.01,73037.92
1775849727.702,27.702,0.5,0.51,0.49,0.51,0.01,0.02,73038.82
1775849728.215,28.215,0.49,0.5,0.5,0.51,0.01,0.01,73038.82
1775849728.565,28.565,0.48,0.49,0.51,0.52,0.01,0.01,73038.82
1775849729.001,29.001,0.48,0.49,0.51,0.52,0.01,0.01,73038.82
1775849729.595,29.595,0.48,0.49,0.51,0.52,0.01,0.01,73039.17
1775849730.064,30.064,0.48,0.49,0.51,0.52,0.01,0.01,73039.17
1775849730.413,30.413,0.48,0.49,0.51,0.52,0.01,0.01,73039.16
1775849730.754,30.754,0.48,0.49,0.51,0.52,0.01,0.01,73039.16
1775849731.15,31.15,0.48,0.49,0.51,0.53,0.01,0.02,73039.16
1775849731.734,31.734,0.47,0.48,0.51,0.53,0.01,0.02,73039.01
1775849732.142,32.142,0.47,0.48,0.52,0.53,0.01,0.01,73039.01
1775849732.574,32.574,0.47,0.48,0.52,0.53,0.01,0.01,73039.01
1775849733.093,33.093,0.48,0.49,0.51,0.52,0.01,0.01,73039.18
1775849733.436,33.436,0.48,0.49,0.51,0.52,0.01,0.01,73039.18
1775849733.774,33.774,0.48,0.49,0.51,0.52,0.01,0.01,73039.18
1775849734.122,34.122,0.48,0.49,0.51,0.52,0.01,0.01,73038.81
1775849734.783,34.783,0.47,0.48,0.5,0.51,0.01,0.01,73038.81
1775849735.129,35.129,0.45,0.46,0.54,0.55,0.01,0.01,73038.81
1775849735.625,35.625,0.45,0.46,0.54,0.55,0.01,0.01,73038.81
1775849736.077,36.077,0.45,0.46,0.54,0.55,0.01,0.01,73038.81
1775849736.483,36.483,0.45,0.46,0.54,0.55,0.01,0.01,73038.74
1775849737.073,37.073,0.39,0.4,0.58,0.62,0.01,0.04,73038.74
1775849737.455,37.455,0.36,0.38,0.63,0.65,0.02,0.02,73038.74
1775849737.849,37.849,0.35,0.36,0.64,0.65,0.01,0.01,73038.74
1775849738.259,38.259,0.35,0.36,0.64,0.65,0.01,0.01,73033.92
1775849738.672,38.672,0.33,0.35,0.65,0.67,0.02,0.02,73026.92
1775849739.027,39.027,0.32,0.33,0.67,0.68,0.01,0.01,73026.92
1775849739.39,39.39,0.32,0.33,0.67,0.68,0.01,0.01,73026.92
1775849739.745,39.745,0.31,0.33,0.67,0.68,0.02,0.01,73019.8
1775849740.244,40.244,0.31,0.32,0.68,0.69,0.01,0.01,73019.8
1775849740.585,40.585,0.3,0.31,0.69,0.7,0.01,0.01,73019.8
1775849740.984,40.984,0.3,0.31,0.69,0.7,0.01,0.01,73019.8
1775849741.345,41.345,0.3,0.31,0.69,0.7,0.01,0.01,73014.34
1775849741.777,41.777,0.3,0.31,0.69,0.7,0.01,0.01,73014.34
1775849742.139,42.139,0.3,0.31,0.69,0.7,0.01,0.01,73012.86
1775849742.817,42.817,0.3,0.31,0.69,0.7,0.01,0.01,73012.86
1775849743.248,43.248,0.3,0.31,0.69,0.7,0.01,0.01,73012.27
1775849743.59,43.59,0.3,0.31,0.69,0.7,0.01,0.01,73012.27
1775849743.974,43.974,0.3,0.31,0.69,0.7,0.01,0.01,73012.27
1775849744.354,44.354,0.3,0.31,0.69,0.7,0.01,0.01,73011.5
1775849744.747,44.747,0.3,0.32,0.69,0.7,0.02,0.01,73011.5
1775849745.13,45.13,0.31,0.32,0.68,0.69,0.01,0.01,73011.5
1775849745.496,45.496,0.31,0.32,0.68,0.69,0.01,0.01,73011.5
1775849746.074,46.074,0.31,0.32,0.68,0.69,0.01,0.01,73011.5
1775849746.597,46.597,0.31,0.32,0.68,0.69,0.01,0.01,73011.5
1775849747.006,47.006,0.31,0.32,0.68,0.69,0.01,0.01,73011.5
1775849747.392,47.392,0.31,0.32,0.68,0.69,0.01,0.01,73011.5
1775849747.777,47.777,0.3,0.31,0.69,0.7,0.01,0.01,73011.5
1775849748.12,48.12,0.29,0.31,0.69,0.7,0.02,0.01,73011.5
1775849748.547,48.547,0.28,0.29,0.69,0.71,0.01,0.02,73011.5
1775849748.897,48.897,0.28,0.29,0.71,0.72,0.01,0.01,73011.5
1775849749.37,49.37,0.28,0.29,0.71,0.72,0.01,0.01,73010.12
1775849749.871,49.871,0.27,0.28,0.72,0.73,0.01,0.01,73010.12
1775849750.333,50.333,0.27,0.28,0.72,0.73,0.01,0.01,73010.12
1775849750.805,50.805,0.27,0.28,0.72,0.73,0.01,0.01,73009.93
1775849751.308,51.308,0.27,0.28,0.72,0.73,0.01,0.01,73009.93
1775849751.672,51.672,0.27,0.29,0.72,0.73,0.02,0.01,73008.96
1775849752.032,52.032,0.27,0.28,0.71,0.72,0.01,0.01,73008.96
1775849752.603,52.603,0.27,0.28,0.72,0.73,0.01,0.01,73007.68
1775849752.95,52.95,0.27,0.28,0.72,0.73,0.01,0.01,73007.68
1775849753.312,53.312,0.27,0.28,0.72,0.73,0.01,0.01,73007.68
1775849753.821,53.821,0.28,0.29,0.71,0.72,0.01,0.01,73007.35
1775849754.228,54.228,0.28,0.29,0.71,0.72,0.01,0.01,73007.35
1775849754.872,54.872,0.28,0.29,0.71,0.72,0.01,0.01,73007.35
1775849755.249,55.249,0.29,0.3,0.7,0.71,0.01,0.01,73007.35
1775849755.718,55.718,0.29,0.3,0.7,0.71,0.01,0.01,73007.36
1775849756.055,56.055,0.29,0.3,0.7,0.71,0.01,0.01,73007.39
1775849756.432,56.432,0.29,0.3,0.7,0.71,0.01,0.01,73007.39
1775849756.872,56.872,0.29,0.3,0.7,0.71,0.01,0.01,73007.39
1775849757.227,57.227,0.29,0.3,0.7,0.71,0.01,0.01,73006.32
1775849757.647,57.647,0.28,0.29,0.7,0.71,0.01,0.01,73006.32
1775849758.196,58.196,0.28,0.29,0.71,0.75,0.01,0.04,73006.32
1775849758.592,58.592,0.28,0.29,0.71,0.72,0.01,0.01,73007.38
1775849759.402,59.402,0.28,0.29,0.71,0.72,0.01,0.01,73007.38
1775849759.888,59.888,0.28,0.29,0.71,0.72,0.01,0.01,73007.36
1775849760.249,60.249,0.28,0.29,0.71,0.72,0.01,0.01,73007.36
1775849760.629,60.629,0.28,0.29,0.71,0.72,0.01,0.01,73007.35
1775849761.103,61.103,0.28,0.29,0.71,0.72,0.01,0.01,73007.35
1775849761.469,61.469,0.28,0.29,0.71,0.72,0.01,0.01,73007.35
1775849761.802,61.802,0.29,0.31,0.69,0.72,0.02,0.03,73007.35
1775849762.19,62.19,0.31,0.32,0.68,0.69,0.01,0.01,73006.62
1775849762.609,62.609,0.31,0.32,0.68,0.69,0.01,0.01,73006.62
1775849763.085,63.085,0.31,0.32,0.68,0.69,0.01,0.01,73006.62
1775849763.462,63.462,0.31,0.32,0.68,0.69,0.01,0.01,73007.05
1775849763.84,63.84,0.31,0.32,0.68,0.69,0.01,0.01,73007.05
1775849764.21,64.21,0.31,0.32,0.68,0.69,0.01,0.01,73007.05
1775849764.575,64.575,0.31,0.32,0.68,0.69,0.01,0.01,73007.05
1775849764.91,64.91,0.3,0.31,0.69,0.7,0.01,0.01,73010.78
1775849765.481,65.481,0.31,0.32,0.68,0.7,0.01,0.02,73012.08
1775849765.844,65.844,0.37,0.38,0.62,0.63,0.01,0.01,73012.08
1775849766.178,66.178,0.37,0.38,0.62,0.63,0.01,0.01,73012.08
1775849766.656,66.656,0.4,0.41,0.59,0.6,0.01,0.01,73012.08
1775849767.048,67.048,0.4,0.41,0.59,0.6,0.01,0.01,73013.87
1775849767.512,67.512,0.4,0.41,0.59,0.6,0.01,0.01,73016.28
1775849767.899,67.899,0.4,0.41,0.59,0.6,0.01,0.01,73016.28
1775849768.251,68.251,0.4,0.41,0.59,0.6,0.01,0.01,73016.28
1775849768.731,68.731,0.4,0.41,0.59,0.6,0.01,0.01,73024.38
1775849769.074,69.074,0.4,0.41,0.59,0.6,0.01,0.01,73024.38
1775849769.409,69.409,0.4,0.41,0.59,0.6,0.01,0.01,73024.38
1775849769.778,69.778,0.4,0.41,0.59,0.6,0.01,0.01,73024.38
1775849770.253,70.253,0.4,0.41,0.59,0.6,0.01,0.01,73024.38
1775849770.689,70.689,0.4,0.41,0.59,0.6,0.01,0.01,73025.36
1775849771.306,71.306,0.4,0.41,0.59,0.6,0.01,0.01,73025.36
1775849771.809,71.809,0.4,0.41,0.59,0.6,0.01,0.01,73025.36
1775849772.344,72.344,0.39,0.4,0.59,0.6,0.01,0.01,73025.36
1775849773.105,73.105,0.39,0.4,0.6,0.61,0.01,0.01,73025.51
1775849773.765,73.765,0.39,0.4,0.6,0.61,0.01,0.01,73025.62
1775849774.54,74.54,0.39,0.4,0.6,0.61,0.01,0.01,73025.62
1775849775.276,75.276,0.38,0.39,0.6,0.62,0.01,0.02,73025.62
1775849775.753,75.753,0.38,0.39,0.61,0.62,0.01,0.01,73025.62
1775849776.217,76.217,0.38,0.39,0.6,0.62,0.01,0.02,73025.41
1775849776.614,76.614,0.38,0.39,0.61,0.62,0.01,0.01,73025.41
1775849777.061,77.061,0.38,0.39,0.61,0.62,0.01,0.01,73025.55
1775849777.476,77.476,0.38,0.39,0.61,0.62,0.01,0.01,73025.55
1775849777.899,77.899,0.39,0.4,0.6,0.61,0.01,0.01,73025.55
1775849778.286,78.286,0.38,0.4,0.6,0.61,0.02,0.01,73024.93
1775849778.643,78.643,0.39,0.4,0.6,0.62,0.01,0.02,73024.93
1775849779.005,79.005,0.39,0.4,0.6,0.61,0.01,0.01,73024.93
1775849779.37,79.37,0.36,0.39,0.6,0.63,0.03,0.03,73025.09
1775849779.837,79.837,0.37,0.38,0.62,0.63,0.01,0.01,73025.09
1775849780.293,80.293,0.38,0.39,0.62,0.63,0.01,0.01,73025.09
1775849780.687,80.687,0.38,0.39,0.61,0.62,0.01,0.01,73025.09
1775849781.058,81.058,0.38,0.39,0.61,0.62,0.01,0.01,73025.07
1775849781.427,81.427,0.38,0.4,0.61,0.62,0.02,0.01,73025.07
1775849781.889,81.889,0.39,0.4,0.6,0.61,0.01,0.01,73024.91
1775849782.387,82.387,0.39,0.4,0.6,0.61,0.01,0.01,73025.24
1775849782.744,82.744,0.38,0.39,0.6,0.61,0.01,0.01,73025.24
1775849783.728,83.728,0.38,0.39,0.61,0.62,0.01,0.01,73025.38
1775849784.176,84.176,0.38,0.4,0.6,0.62,0.02,0.02,73025.38
1775849784.747,84.747,0.39,0.4,0.61,0.62,0.01,0.01,73025.37
1775849785.164,85.164,0.38,0.39,0.61,0.62,0.01,0.01,73025.26
1775849785.528,85.528,0.38,0.39,0.61,0.62,0.01,0.01,73025.26
1775849786.303,86.303,0.38,0.39,0.61,0.62,0.01,0.01,73025.26
1775849786.786,86.786,0.38,0.39,0.61,0.62,0.01,0.01,73025.26
1775849787.284,87.284,0.37,0.39,0.61,0.62,0.02,0.01,73025.26
1775849787.628,87.628,0.37,0.38,0.61,0.63,0.01,0.02,73024.32
1775849788.35,88.35,0.37,0.38,0.61,0.62,0.01,0.01,73024.32
1775849788.713,88.713,0.35,0.37,0.63,0.64,0.02,0.01,73024.49
1775849789.053,89.053,0.3,0.31,0.69,0.7,0.01,0.01,73024.49
1775849789.445,89.445,0.29,0.3,0.67,0.71,0.01,0.04,73024.49
1775849789.845,89.845,0.29,0.3,0.7,0.71,0.01,0.01,73024.49
1775849790.53,90.53,0.29,0.3,0.7,0.71,0.01,0.01,73024.4
1775849791.16,91.16,0.29,0.3,0.7,0.71,0.01,0.01,73024.4
1775849792.176,92.176,0.29,0.3,0.7,0.71,0.01,0.01,73015.86
1775849792.583,92.583,0.3,0.31,0.69,0.7,0.01,0.01,73013.88
1775849792.962,92.962,0.3,0.31,0.69,0.7,0.01,0.01,73013.88
1775849793.454,93.454,0.29,0.3,0.69,0.7,0.01,0.01,73013.15
1775849793.8,93.8,0.29,0.31,0.7,0.71,0.02,0.01,73013.15
1775849794.162,94.162,0.3,0.31,0.69,0.7,0.01,0.01,73013.15
1775849794.529,94.529,0.31,0.36,0.68,0.69,0.05,0.01,73013.15
1775849795.178,95.178,0.33,0.34,0.65,0.7,0.01,0.05,73013.15
1775849795.528,95.528,0.33,0.34,0.66,0.67,0.01,0.01,73013.99
1775849796.035,96.035,0.33,0.34,0.66,0.67,0.01,0.01,73013.15
1775849796.507,96.507,0.33,0.34,0.66,0.67,0.01,0.01,73013.15
1775849796.992,96.992,0.33,0.34,0.66,0.67,0.01,0.01,73013.15
1775849797.404,97.404,0.37,0.38,0.62,0.67,0.01,0.05,73013.15
1775849797.796,97.796,0.37,0.39,0.62,0.63,0.02,0.01,73013.15
1775849798.346,98.346,0.37,0.38,0.62,0.63,0.01,0.01,73013.15
1775849798.785,98.785,0.37,0.38,0.62,0.63,0.01,0.01,73013.15
1775849799.229,99.229,0.37,0.38,0.62,0.63,0.01,0.01,73013.15
1775849799.741,99.741,0.37,0.38,0.62,0.63,0.01,0.01,73013.15
1775849800.232,100.232,0.37,0.38,0.62,0.63,0.01,0.01,73013.15
1775849800.597,100.597,0.37,0.38,0.62,0.63,0.01,0.01,73013.15
1775849801.014,101.014,0.37,0.38,0.62,0.63,0.01,0.01,73013.15
1775849801.549,101.549,0.36,0.37,0.61,0.64,0.01,0.03,73013.15
1775849801.9,101.9,0.36,0.37,0.63,0.64,0.01,0.01,73013.15
1775849802.241,102.241,0.36,0.37,0.63,0.64,0.01,0.01,73013.15
1775849802.858,102.858,0.37,0.38,0.61,0.64,0.01,0.03,73013.15
1775849803.216,103.216,0.38,0.39,0.61,0.62,0.01,0.01,73013.15
1775849803.593,103.593,0.38,0.39,0.61,0.62,0.01,0.01,73013.13
1775849804.005,104.005,0.38,0.41,0.61,0.62,0.03,0.01,73013.13
1775849804.373,104.373,0.35,0.39,0.61,0.62,0.04,0.01,73013.13
1775849804.781,104.781,0.36,0.37,0.61,0.65,0.01,0.04,73013.13
1775849805.136,105.136,0.36,0.37,0.63,0.64,0.01,0.01,73013.15
1775849805.491,105.491,0.37,0.38,0.62,0.64,0.01,0.02,73013.15
1775849805.928,105.928,0.39,0.41,0.6,0.62,0.02,0.02,73013.15
1775849806.266,106.266,0.39,0.44,0.59,0.61,0.05,0.02,73013.15
1775849806.635,106.635,0.4,0.41,0.59,0.6,0.01,0.01,73013.15
1775849807.021,107.021,0.4,0.41,0.59,0.6,0.01,0.01,73013.15
1775849807.361,107.361,0.42,0.43,0.57,0.6,0.01,0.03,73013.15
1775849807.731,107.731,0.42,0.44,0.57,0.58,0.02,0.01,73013.15
1775849808.137,108.137,0.41,0.42,0.58,0.59,0.01,0.01,73012.5
1775849808.557,108.557,0.41,0.42,0.58,0.59,0.01,0.01,73012.81
1775849808.962,108.962,0.41,0.42,0.57,0.58,0.01,0.01,73012.81
1775849809.321,109.321,0.4,0.42,0.58,0.59,0.02,0.01,73012.81
1775849809.702,109.702,0.37,0.38,0.61,0.63,0.01,0.02,73012.81
1775849810.234,110.234,0.37,0.38,0.62,0.63,0.01,0.01,73012.81
1775849810.651,110.651,0.36,0.37,0.63,0.64,0.01,0.01,73012.81
1775849811.054,111.054,0.36,0.37,0.63,0.64,0.01,0.01,73012.97
1775849811.415,111.415,0.36,0.37,0.63,0.64,0.01,0.01,73011.69
1775849811.785,111.785,0.36,0.37,0.63,0.64,0.01,0.01,73011.69
1775849812.123,112.123,0.36,0.37,0.63,0.64,0.01,0.01,73011.69
1775849812.491,112.491,0.36,0.39,0.63,0.64,0.03,0.01,73011.69
1775849812.825,112.825,0.38,0.39,0.62,0.63,0.01,0.01,73011.69
1775849813.222,113.222,0.38,0.39,0.61,0.62,0.01,0.01,73005.6
1775849813.59,113.59,0.39,0.4,0.6,0.62,0.01,0.02,73005.35
1775849814.114,114.114,0.4,0.41,0.59,0.61,0.01,0.02,73005.35
1775849814.488,114.488,0.4,0.41,0.59,0.6,0.01,0.01,73003.5
1775849814.853,114.853,0.41,0.42,0.58,0.59,0.01,0.01,73003.5
1775849815.194,115.194,0.41,0.42,0.58,0.59,0.01,0.01,73003.5
1775849815.538,115.538,0.4,0.42,0.58,0.59,0.02,0.01,73003.66
1775849815.991,115.991,0.4,0.41,0.59,0.6,0.01,0.01,73003.66
1775849816.346,116.346,0.41,0.42,0.58,0.59,0.01,0.01,73003.66
1775849816.711,116.711,0.41,0.42,0.58,0.59,0.01,0.01,73003.66
1775849817.112,117.112,0.42,0.43,0.57,0.58,0.01,0.01,73003.66
1775849817.445,117.445,0.41,0.43,0.57,0.59,0.02,0.02,73003.66
1775849817.786,117.786,0.41,0.42,0.58,0.59,0.01,0.01,73002.58
1775849818.183,118.183,0.41,0.42,0.58,0.59,0.01,0.01,73002.58
1775849818.535,118.535,0.43,0.44,0.56,0.57,0.01,0.01,73002.58
1775849818.906,118.906,0.42,0.44,0.57,0.58,0.02,0.01,73002.58
1775849819.249,119.249,0.41,0.43,0.56,0.58,0.02,0.02,73002.58
1775849819.605,119.605,0.42,0.43,0.56,0.58,0.01,0.02,73002.58
1775849820.011,120.011,0.41,0.43,0.58,0.59,0.02,0.01,73002.58
1775849820.348,120.348,0.42,0.43,0.57,0.58,0.01,0.01,73002.58
1775849820.73,120.73,0.42,0.43,0.57,0.58,0.01,0.01,73002.58
1775849821.208,121.208,0.4,0.41,0.58,0.61,0.01,0.03,73002.58
1775849821.648,121.648,0.4,0.41,0.59,0.6,0.01,0.01,73002.15
1775849822.029,122.029,0.4,0.41,0.59,0.6,0.01,0.01,73002.15
1775849822.387,122.387,0.4,0.41,0.59,0.6,0.01,0.01,73002.15
1775849822.745,122.745,0.4,0.41,0.59,0.6,0.01,0.01,73001.96
1775849823.185,123.185,0.39,0.4,0.59,0.6,0.01,0.01,73001.96
1775849823.687,123.687,0.39,0.4,0.6,0.61,0.01,0.01,73001.96
1775849824.107,124.107,0.39,0.4,0.6,0.61,0.01,0.01,73001.96
1775849824.708,124.708,0.39,0.4,0.6,0.61,0.01,0.01,73001.93
1775849825.306,125.306,0.38,0.39,0.6,0.62,0.01,0.02,73001.93
1775849825.657,125.657,0.38,0.39,0.61,0.62,0.01,0.01,73001.93
1775849826.026,126.026,0.38,0.39,0.61,0.62,0.01,0.01,73001.93
1775849826.417,126.417,0.36,0.38,0.61,0.63,0.02,0.02,73002.36
1775849826.751,126.751,0.34,0.36,0.64,0.66,0.02,0.02,73002.36
1775849827.093,127.093,0.34,0.35,0.65,0.66,0.01,0.01,73002.36
1775849827.481,127.481,0.34,0.35,0.65,0.66,0.01,0.01,73002.6
1775849827.842,127.842,0.34,0.36,0.65,0.66,0.02,0.01,73002.6
1775849828.218,128.218,0.36,0.37,0.63,0.64,0.01,0.01,73002.6
1775849828.824,128.824,0.36,0.37,0.63,0.64,0.01,0.01,73001.24
1775849829.239,129.239,0.36,0.37,0.63,0.64,0.01,0.01,72999.56
1775849829.612,129.612,0.37,0.38,0.62,0.63,0.01,0.01,72999.56
1775849830.082,130.082,0.37,0.38,0.62,0.63,0.01,0.01,72999.56
1775849830.459,130.459,0.36,0.37,0.63,0.64,0.01,0.01,72999.56
1775849830.864,130.864,0.36,0.37,0.63,0.64,0.01,0.01,72999.56
1775849831.586,131.586,0.39,0.4,0.6,0.64,0.01,0.04,72998.13
1775849832.004,132.004,0.39,0.4,0.6,0.61,0.01,0.01,72998.13
1775849832.454,132.454,0.39,0.4,0.6,0.61,0.01,0.01,72998.13
1775849832.867,132.867,0.38,0.41,0.59,0.61,0.03,0.02,72999.29
1775849833.296,133.296,0.39,0.41,0.6,0.62,0.02,0.02,72999.29
1775849833.71,133.71,0.4,0.41,0.59,0.6,0.01,0.01,72999.29
1775849834.053,134.053,0.4,0.42,0.59,0.6,0.02,0.01,72999.29
1775849834.617,134.617,0.42,0.44,0.57,0.58,0.02,0.01,72998.13
1775849834.993,134.993,0.44,0.45,0.55,0.56,0.01,0.01,72998.13
1775849835.326,135.326,0.45,0.46,0.54,0.55,0.01,0.01,72998.13
1775849835.707,135.707,0.45,0.46,0.54,0.55,0.01,0.01,72998.84
1775849836.092,136.092,0.45,0.46,0.54,0.55,0.01,0.01,73001.1
1775849836.612,136.612,0.45,0.46,0.54,0.55,0.01,0.01,73001.1
1775849837.0,137.0,0.44,0.45,0.55,0.56,0.01,0.01,73001.1
1775849837.38,137.38,0.43,0.44,0.55,0.57,0.01,0.02,73001.1
1775849837.825,137.825,0.42,0.43,0.57,0.58,0.01,0.01,73012.62
1775849838.207,138.207,0.41,0.42,0.58,0.59,0.01,0.01,73012.41
1775849838.553,138.553,0.39,0.4,0.6,0.61,0.01,0.01,73012.41
1775849838.929,138.929,0.39,0.4,0.6,0.61,0.01,0.01,73012.41
1775849839.346,139.346,0.37,0.38,0.61,0.63,0.01,0.02,73010.04
1775849839.915,139.915,0.37,0.38,0.62,0.63,0.01,0.01,73010.04
1775849840.335,140.335,0.37,0.38,0.62,0.63,0.01,0.01,73010.04
1775849841.045,141.045,0.37,0.38,0.62,0.63,0.01,0.01,73006.8
1775849841.503,141.503,0.37,0.4,0.62,0.63,0.03,0.01,73004.34
1775849841.897,141.897,0.39,0.4,0.6,0.61,0.01,0.01,73004.34
1775849842.233,142.233,0.39,0.4,0.6,0.61,0.01,0.01,73004.34
1775849842.599,142.599,0.39,0.4,0.6,0.61,0.01,0.01,73003.27
1775849843.182,143.182,0.39,0.4,0.6,0.61,0.01,0.01,73003.27
1775849843.556,143.556,0.43,0.44,0.57,0.61,0.01,0.04,73004.49
1775849844.143,144.143,0.44,0.46,0.55,0.57,0.02,0.02,73004.49
1775849844.652,144.652,0.45,0.46,0.53,0.56,0.01,0.03,73005.11
1775849845.249,145.249,0.45,0.46,0.54,0.55,0.01,0.01,73005.24
1775849845.63,145.63,0.45,0.46,0.54,0.55,0.01,0.01,73005.24
1775849846.024,146.024,0.45,0.46,0.54,0.55,0.01,0.01,73005.24
1775849846.392,146.392,0.45,0.46,0.54,0.55,0.01,0.01,73007.84
1775849847.189,147.189,0.45,0.46,0.54,0.55,0.01,0.01,73007.84
1775849847.612,147.612,0.45,0.46,0.54,0.55,0.01,0.01,73009.07
1775849848.219,148.219,0.45,0.46,0.54,0.55,0.01,0.01,73009.07
1775849848.849,148.849,0.45,0.46,0.54,0.55,0.01,0.01,73009.11
1775849849.281,149.281,0.46,0.47,0.53,0.54,0.01,0.01,73009.55
1775849849.744,149.744,0.46,0.47,0.53,0.54,0.01,0.01,73009.55
1775849850.293,150.293,0.46,0.47,0.53,0.54,0.01,0.01,73009.55
1775849850.901,150.901,0.46,0.47,0.53,0.54,0.01,0.01,73009.55
1775849851.27,151.27,0.46,0.47,0.53,0.54,0.01,0.01,73009.73
1775849851.607,151.607,0.46,0.47,0.53,0.54,0.01,0.01,73009.73
1775849851.973,151.973,0.47,0.48,0.52,0.53,0.01,0.01,73009.73
1775849852.378,152.378,0.47,0.48,0.52,0.53,0.01,0.01,73009.63
1775849852.804,152.804,0.46,0.47,0.53,0.54,0.01,0.01,73009.63
1775849853.217,153.217,0.46,0.47,0.53,0.54,0.01,0.01,73009.63
1775849853.797,153.797,0.46,0.47,0.53,0.54,0.01,0.01,73009.65
1775849854.221,154.221,0.46,0.47,0.53,0.54,0.01,0.01,73009.78
1775849854.6,154.6,0.46,0.47,0.53,0.54,0.01,0.01,73009.78
1775849854.951,154.951,0.46,0.47,0.53,0.54,0.01,0.01,73009.78
1775849855.318,155.318,0.46,0.47,0.53,0.54,0.01,0.01,73009.78
1775849855.994,155.994,0.46,0.47,0.53,0.54,0.01,0.01,73009.84
1775849856.713,156.713,0.46,0.47,0.53,0.54,0.01,0.01,73011.03
1775849857.063,157.063,0.46,0.47,0.53,0.54,0.01,0.01,73011.03
1775849857.657,157.657,0.46,0.47,0.53,0.54,0.01,0.01,73011.08
1775849858.011,158.011,0.44,0.45,0.55,0.56,0.01,0.01,73011.08
1775849858.424,158.424,0.44,0.45,0.55,0.56,0.01,0.01,73011.08
1775849858.789,158.789,0.44,0.45,0.55,0.56,0.01,0.01,73010.98
1775849859.615,159.615,0.43,0.44,0.56,0.57,0.01,0.01,73010.9
1775849860.022,160.022,0.43,0.44,0.56,0.57,0.01,0.01,73010.9
1775849860.379,160.379,0.43,0.44,0.56,0.57,0.01,0.01,73010.9
1775849860.903,160.903,0.43,0.44,0.56,0.57,0.01,0.01,73010.9
1775849861.312,161.312,0.42,0.43,0.56,0.58,0.01,0.02,73010.98
1775849861.696,161.696,0.42,0.43,0.57,0.58,0.01,0.01,73010.98
1775849862.254,162.254,0.43,0.44,0.56,0.57,0.01,0.01,73010.98
1775849862.875,162.875,0.43,0.44,0.56,0.57,0.01,0.01,73010.98
1775849863.238,163.238,0.43,0.44,0.56,0.57,0.01,0.01,73010.98
1775849863.706,163.706,0.44,0.45,0.55,0.56,0.01,0.01,73010.98
1775849864.057,164.057,0.4,0.41,0.58,0.6,0.01,0.02,73010.98
1775849864.443,164.443,0.4,0.41,0.59,0.6,0.01,0.01,73010.98
1775849864.909,164.909,0.4,0.41,0.59,0.6,0.01,0.01,73012.12
1775849865.333,165.333,0.4,0.41,0.59,0.6,0.01,0.01,73012.12
1775849865.738,165.738,0.4,0.41,0.59,0.6,0.01,0.01,73012.12
1775849866.387,166.387,0.4,0.41,0.59,0.6,0.01,0.01,73008.78
1775849866.741,166.741,0.4,0.41,0.59,0.6,0.01,0.01,73008.78
1775849867.228,167.228,0.4,0.41,0.59,0.6,0.01,0.01,73008.78
1775849867.583,167.583,0.39,0.4,0.59,0.6,0.01,0.01,73007.45
1775849867.978,167.978,0.39,0.4,0.6,0.61,0.01,0.01,73007.45
1775849868.396,168.396,0.39,0.4,0.6,0.61,0.01,0.01,73007.45
1775849868.747,168.747,0.39,0.4,0.6,0.61,0.01,0.01,73007.45
1775849869.082,169.082,0.41,0.42,0.58,0.61,0.01,0.03,73007.45
1775849869.524,169.524,0.41,0.42,0.58,0.59,0.01,0.01,73004.7
1775849869.961,169.961,0.41,0.42,0.58,0.59,0.01,0.01,73004.7
1775849870.331,170.331,0.41,0.42,0.58,0.59,0.01,0.01,73004.57
1775849870.668,170.668,0.42,0.43,0.57,0.58,0.01,0.01,73004.57
1775849871.208,171.208,0.43,0.44,0.57,0.58,0.01,0.01,73004.57
1775849871.559,171.559,0.42,0.43,0.56,0.57,0.01,0.01,73004.26
1775849872.0,172.0,0.42,0.43,0.57,0.58,0.01,0.01,73004.26
1775849872.469,172.469,0.42,0.43,0.57,0.58,0.01,0.01,73004.26
1775849873.056,173.056,0.42,0.43,0.57,0.59,0.01,0.02,73004.26
1775849873.528,173.528,0.41,0.42,0.58,0.59,0.01,0.01,73004.26
1775849873.893,173.893,0.39,0.41,0.58,0.6,0.02,0.02,73004.26
1775849874.252,174.252,0.39,0.4,0.6,0.61,0.01,0.01,73003.41
1775849874.794,174.794,0.39,0.4,0.6,0.61,0.01,0.01,73003.41
1775849875.21,175.21,0.39,0.4,0.6,0.61,0.01,0.01,73003.41
1775849875.914,175.914,0.39,0.4,0.6,0.61,0.01,0.01,73002.88
1775849876.576,176.576,0.39,0.4,0.6,0.61,0.01,0.01,73002.55
1775849876.998,176.998,0.39,0.4,0.6,0.61,0.01,0.01,73002.55
1775849877.71,177.71,0.39,0.4,0.6,0.61,0.01,0.01,73002.09
1775849878.484,178.484,0.38,0.39,0.6,0.61,0.01,0.01,73002.09
1775849878.964,178.964,0.38,0.39,0.61,0.62,0.01,0.01,73002.09
1775849879.304,179.304,0.33,0.36,0.66,0.67,0.03,0.01,73002.08
1775849879.675,179.675,0.32,0.33,0.67,0.68,0.01,0.01,73002.08
1775849880.036,180.036,0.33,0.34,0.66,0.67,0.01,0.01,73002.08
1775849880.377,180.377,0.33,0.34,0.66,0.67,0.01,0.01,73001.79
1775849880.729,180.729,0.33,0.34,0.66,0.67,0.01,0.01,73001.79
1775849881.09,181.09,0.32,0.33,0.67,0.68,0.01,0.01,73001.79
1775849881.452,181.452,0.32,0.33,0.67,0.68,0.01,0.01,72998.31
1775849881.793,181.793,0.31,0.32,0.68,0.69,0.01,0.01,72998.31
1775849882.207,182.207,0.31,0.32,0.68,0.69,0.01,0.01,72990.6
1775849882.716,182.716,0.31,0.32,0.68,0.69,0.01,0.01,72990.6
1775849883.061,183.061,0.3,0.31,0.68,0.7,0.01,0.02,72990.6
1775849883.424,183.424,0.3,0.31,0.69,0.7,0.01,0.01,72990.71
1775849883.843,183.843,0.3,0.31,0.69,0.7,0.01,0.01,72990.71
1775849884.245,184.245,0.3,0.31,0.69,0.7,0.01,0.01,72990.67
1775849884.584,184.584,0.29,0.3,0.7,0.71,0.01,0.01,72990.67
1775849884.93,184.93,0.29,0.3,0.7,0.71,0.01,0.01,72990.67
1775849885.331,185.331,0.29,0.3,0.69,0.7,0.01,0.01,72990.16
1775849885.729,185.729,0.3,0.31,0.69,0.71,0.01,0.02,72990.16
1775849886.076,186.076,0.3,0.31,0.69,0.7,0.01,0.01,72990.16
1775849886.418,186.418,0.3,0.31,0.69,0.7,0.01,0.01,72990.16
1775849886.785,186.785,0.29,0.3,0.7,0.71,0.01,0.01,72990.61
1775849887.122,187.122,0.29,0.3,0.7,0.71,0.01,0.01,72990.69
1775849887.465,187.465,0.29,0.3,0.7,0.71,0.01,0.01,72990.69
1775849887.805,187.805,0.29,0.3,0.7,0.71,0.01,0.01,72990.69
1775849888.381,188.381,0.28,0.29,0.7,0.72,0.01,0.02,72990.87
1775849888.773,188.773,0.28,0.3,0.71,0.72,0.02,0.01,72990.87
1775849889.235,189.235,0.3,0.31,0.69,0.7,0.01,0.01,72990.78
1775849889.607,189.607,0.3,0.31,0.69,0.7,0.01,0.01,72990.78
1775849889.958,189.958,0.3,0.31,0.69,0.7,0.01,0.01,72990.78
1775849890.31,190.31,0.28,0.29,0.7,0.72,0.01,0.02,72991.12
1775849890.716,190.716,0.28,0.29,0.71,0.72,0.01,0.01,72991.12
1775849891.091,191.091,0.28,0.29,0.71,0.72,0.01,0.01,72991.12
1775849891.641,191.641,0.27,0.28,0.72,0.73,0.01,0.01,72990.82
1775849892.038,192.038,0.26,0.28,0.72,0.73,0.02,0.01,72990.91
1775849892.49,192.49,0.26,0.27,0.73,0.74,0.01,0.01,72990.91
1775849892.84,192.84,0.26,0.27,0.72,0.74,0.01,0.02,72990.91
1775849893.377,193.377,0.25,0.27,0.73,0.75,0.02,0.02,72990.91
1775849893.713,193.713,0.25,0.26,0.74,0.75,0.01,0.01,72990.91
1775849894.092,194.092,0.25,0.26,0.74,0.75,0.01,0.01,72990.77
1775849894.584,194.584,0.25,0.26,0.74,0.75,0.01,0.01,72990.77
1775849894.985,194.985,0.25,0.26,0.74,0.75,0.01,0.01,72990.77
1775849895.363,195.363,0.23,0.26,0.74,0.75,0.03,0.01,72990.1
1775849895.743,195.743,0.23,0.24,0.76,0.77,0.01,0.01,72990.1
1775849896.295,196.295,0.22,0.23,0.76,0.78,0.01,0.02,72990.1
1775849896.731,196.731,0.22,0.23,0.77,0.78,0.01,0.01,72990.02
1775849897.202,197.202,0.23,0.24,0.76,0.77,0.01,0.01,72990.02
1775849897.655,197.655,0.23,0.24,0.76,0.77,0.01,0.01,72989.63
1775849898.175,198.175,0.23,0.24,0.76,0.77,0.01,0.01,72989.63
1775849898.587,198.587,0.24,0.25,0.74,0.76,0.01,0.02,72989.63
1775849898.977,198.977,0.25,0.26,0.74,0.75,0.01,0.01,72989.91
1775849899.444,199.444,0.22,0.24,0.75,0.77,0.02,0.02,72989.91
1775849899.786,199.786,0.23,0.24,0.76,0.77,0.01,0.01,72989.91
1775849900.291,200.291,0.23,0.24,0.77,0.78,0.01,0.01,72989.63
1775849900.719,200.719,0.23,0.24,0.76,0.77,0.01,0.01,72989.63
1775849901.097,201.097,0.22,0.24,0.76,0.77,0.02,0.01,72989.86
1775849901.546,201.546,0.22,0.24,0.77,0.78,0.02,0.01,72989.86
1775849902.005,202.005,0.23,0.24,0.76,0.77,0.01,0.01,72989.86
1775849902.373,202.373,0.21,0.24,0.76,0.77,0.03,0.01,72990.53
1775849902.827,202.827,0.22,0.23,0.77,0.78,0.01,0.01,72990.53
1775849903.204,203.204,0.22,0.23,0.77,0.78,0.01,0.01,72990.53
1775849903.554,203.554,0.21,0.23,0.78,0.79,0.02,0.01,72990.53
1775849904.13,204.13,0.22,0.23,0.77,0.78,0.01,0.01,72991.1
1775849904.465,204.465,0.22,0.23,0.77,0.78,0.01,0.01,72991.1
1775849904.835,204.835,0.22,0.23,0.77,0.78,0.01,0.01,72991.1
1775849905.375,205.375,0.22,0.23,0.77,0.78,0.01,0.01,72991.1
1775849905.71,205.71,0.21,0.22,0.78,0.79,0.01,0.01,72990.54
1775849906.118,206.118,0.21,0.22,0.78,0.79,0.01,0.01,72990.54
1775849906.627,206.627,0.21,0.22,0.78,0.79,0.01,0.01,72990.05
1775849907.09,207.09,0.21,0.22,0.78,0.79,0.01,0.01,72990.05
1775849907.515,207.515,0.21,0.22,0.78,0.79,0.01,0.01,72990.05
1775849907.849,207.849,0.19,0.2,0.8,0.81,0.01,0.01,72990.05
1775849908.232,208.232,0.19,0.2,0.8,0.81,0.01,0.01,72990.05
1775849908.585,208.585,0.18,0.19,0.81,0.82,0.01,0.01,72990.68
1775849908.918,208.918,0.18,0.19,0.81,0.82,0.01,0.01,72990.68
1775849909.258,209.258,0.18,0.19,0.81,0.82,0.01,0.01,72990.68
1775849909.601,209.601,0.18,0.19,0.81,0.82,0.01,0.01,72990.68
1775849909.934,209.934,0.18,0.2,0.8,0.82,0.02,0.02,72989.63
1775849910.272,210.272,0.19,0.2,0.8,0.81,0.01,0.01,72991.89
1775849910.749,210.749,0.19,0.2,0.8,0.81,0.01,0.01,72991.89
1775849911.205,211.205,0.19,0.21,0.8,0.81,0.02,0.01,72991.89
1775849911.56,211.56,0.19,0.2,0.8,0.81,0.01,0.01,72990.63
1775849912.098,212.098,0.19,0.2,0.8,0.81,0.01,0.01,72991.81
1775849912.616,212.616,0.18,0.2,0.8,0.81,0.02,0.01,72991.81
1775849913.11,213.11,0.18,0.19,0.81,0.82,0.01,0.01,72991.81
1775849913.484,213.484,0.18,0.19,0.81,0.82,0.01,0.01,72992.62
1775849913.911,213.911,0.18,0.19,0.81,0.82,0.01,0.01,72992.62
1775849914.46,214.46,0.18,0.19,0.81,0.82,0.01,0.01,72990.65
1775849914.851,214.851,0.18,0.19,0.81,0.82,0.01,0.01,72990.65
1775849915.205,215.205,0.19,0.21,0.8,0.81,0.02,0.01,72990.65
1775849915.55,215.55,0.2,0.22,0.78,0.79,0.02,0.01,72990.45
1775849915.94,215.94,0.2,0.21,0.79,0.8,0.01,0.01,72990.45
1775849916.376,216.376,0.2,0.21,0.79,0.8,0.01,0.01,72990.45
1775849916.92,216.92,0.2,0.21,0.79,0.8,0.01,0.01,72990.45
1775849917.314,217.314,0.2,0.21,0.79,0.8,0.01,0.01,72990.38
1775849917.785,217.785,0.2,0.21,0.79,0.8,0.01,0.01,72990.38
1775849918.202,218.202,0.2,0.21,0.79,0.8,0.01,0.01,72990.38
1775849918.542,218.542,0.2,0.21,0.79,0.8,0.01,0.01,72990.38
1775849918.895,218.895,0.21,0.22,0.78,0.79,0.01,0.01,72990.38
1775849919.228,219.228,0.21,0.22,0.78,0.79,0.01,0.01,72990.38
1775849919.646,219.646,0.23,0.24,0.76,0.77,0.01,0.01,72990.4
1775849919.988,219.988,0.23,0.24,0.76,0.77,0.01,0.01,72990.4
1775849920.436,220.436,0.25,0.26,0.74,0.75,0.01,0.01,72990.42
1775849920.77,220.77,0.25,0.26,0.74,0.75,0.01,0.01,72990.42
1775849921.129,221.129,0.26,0.27,0.73,0.74,0.01,0.01,72990.35
1775849921.503,221.503,0.25,0.26,0.74,0.75,0.01,0.01,72990.35
1775849922.002,222.002,0.25,0.26,0.74,0.75,0.01,0.01,72990.35
1775849922.473,222.473,0.25,0.26,0.74,0.75,0.01,0.01,72990.41
1775849922.806,222.806,0.25,0.26,0.74,0.75,0.01,0.01,72990.41
1775849923.193,223.193,0.25,0.26,0.74,0.75,0.01,0.01,72990.41
1775849923.534,223.534,0.23,0.25,0.75,0.76,0.02,0.01,72990.41
1775849923.886,223.886,0.22,0.23,0.77,0.78,0.01,0.01,72990.41
1775849924.378,224.378,0.22,0.23,0.77,0.78,0.01,0.01,72990.41
1775849924.79,224.79,0.22,0.23,0.77,0.78,0.01,0.01,72990.43
1775849925.143,225.143,0.24,0.27,0.75,0.76,0.03,0.01,72990.43
1775849925.485,225.485,0.27,0.28,0.72,0.74,0.01,0.02,72990.55
1775849925.829,225.829,0.25,0.27,0.73,0.74,0.02,0.01,72990.55
1775849926.204,226.204,0.25,0.26,0.74,0.75,0.01,0.01,72988.54
1775849926.542,226.542,0.24,0.25,0.75,0.76,0.01,0.01,72988.54
1775849926.964,226.964,0.25,0.26,0.75,0.76,0.01,0.01,72988.54
1775849927.301,227.301,0.24,0.25,0.75,0.76,0.01,0.01,72987.66
1775849927.648,227.648,0.23,0.24,0.75,0.77,0.01,0.02,72987.66
1775849928.159,228.159,0.23,0.24,0.76,0.77,0.01,0.01,72987.73
1775849928.509,228.509,0.23,0.24,0.76,0.77,0.01,0.01,72987.73
1775849928.869,228.869,0.23,0.24,0.76,0.77,0.01,0.01,72987.73
1775849929.291,229.291,0.23,0.24,0.76,0.78,0.01,0.02,72987.73
1775849929.724,229.724,0.22,0.23,0.77,0.78,0.01,0.01,72987.73
1775849930.326,230.326,0.19,0.22,0.78,0.79,0.03,0.01,72987.74
1775849930.762,230.762,0.19,0.2,0.79,0.8,0.01,0.01,72987.74
1775849931.114,231.114,0.19,0.2,0.8,0.81,0.01,0.01,72987.74
1775849931.484,231.484,0.19,0.2,0.8,0.81,0.01,0.01,72987.82
1775849931.854,231.854,0.19,0.2,0.8,0.81,0.01,0.01,72987.82
1775849932.26,232.26,0.19,0.2,0.8,0.81,0.01,0.01,72987.82
1775849932.61,232.61,0.18,0.19,0.81,0.82,0.01,0.01,72987.82
1775849932.979,232.979,0.17,0.18,0.81,0.83,0.01,0.02,72987.82
1775849933.425,233.425,0.16,0.17,0.83,0.84,0.01,0.01,72987.91
1775849933.824,233.824,0.16,0.17,0.83,0.84,0.01,0.01,72987.91
1775849934.307,234.307,0.16,0.17,0.83,0.84,0.01,0.01,72987.92
1775849934.646,234.646,0.16,0.17,0.83,0.84,0.01,0.01,72987.92
1775849935.014,235.014,0.15,0.16,0.83,0.85,0.01,0.02,72987.92
1775849935.366,235.366,0.15,0.16,0.84,0.85,0.01,0.01,72986.67
1775849935.804,235.804,0.15,0.16,0.84,0.85,0.01,0.01,72986.67
1775849936.242,236.242,0.14,0.16,0.84,0.85,0.02,0.01,72984.84
1775849936.589,236.589,0.15,0.16,0.84,0.85,0.01,0.01,72984.84
1775849936.941,236.941,0.15,0.17,0.84,0.85,0.02,0.01,72984.84
1775849937.279,237.279,0.15,0.16,0.84,0.85,0.01,0.01,72984.84
1775849937.62,237.62,0.15,0.16,0.84,0.85,0.01,0.01,72983.4
1775849938.097,238.097,0.13,0.16,0.84,0.85,0.03,0.01,72983.4
1775849938.442,238.442,0.13,0.14,0.86,0.87,0.01,0.01,72983.35
1775849938.864,238.864,0.14,0.15,0.85,0.87,0.01,0.02,72983.35
1775849939.21,239.21,0.12,0.13,0.87,0.88,0.01,0.01,72983.35
1775849939.559,239.559,0.12,0.13,0.87,0.88,0.01,0.01,72983.47
1775849939.92,239.92,0.12,0.13,0.87,0.88,0.01,0.01,72983.47
1775849940.335,240.335,0.12,0.14,0.86,0.87,0.02,0.01,72983.47
1775849940.668,240.668,0.12,0.13,0.87,0.88,0.01,0.01,72983.7
1775849941.026,241.026,0.12,0.13,0.87,0.88,0.01,0.01,72983.7
1775849941.36,241.36,0.12,0.13,0.87,0.88,0.01,0.01,72983.7
1775849941.732,241.732,0.13,0.14,0.86,0.87,0.01,0.01,72983.47
1775849942.084,242.084,0.12,0.13,0.87,0.88,0.01,0.01,72983.47
1775849942.52,242.52,0.16,0.17,0.83,0.84,0.01,0.01,72983.47
1775849942.892,242.892,0.14,0.15,0.85,0.86,0.01,0.01,72982.28
1775849943.263,243.263,0.14,0.15,0.85,0.86,0.01,0.01,72982.28
1775849943.643,243.643,0.13,0.14,0.86,0.87,0.01,0.01,72982.28
1775849943.98,243.98,0.11,0.13,0.86,0.88,0.02,0.02,72982.28
1775849944.489,244.489,0.11,0.12,0.87,0.89,0.01,0.02,72982.28
1775849944.88,244.88,0.11,0.12,0.88,0.89,0.01,0.01,72982.28
1775849945.237,245.237,0.1,0.11,0.88,0.9,0.01,0.02,72982.28
1775849945.608,245.608,0.1,0.11,0.89,0.9,0.01,0.01,72982.15
1775849945.98,245.98,0.1,0.11,0.89,0.9,0.01,0.01,72982.15
1775849946.385,246.385,0.12,0.13,0.87,0.88,0.01,0.01,72982.15
1775849946.736,246.736,0.13,0.14,0.86,0.87,0.01,0.01,72982.15
1775849947.094,247.094,0.12,0.13,0.87,0.88,0.01,0.01,72979.32
1775849947.525,247.525,0.12,0.13,0.87,0.88,0.01,0.01,72979.24
1775849947.929,247.929,0.1,0.11,0.89,0.9,0.01,0.01,72979.24
1775849948.283,248.283,0.13,0.14,0.87,0.88,0.01,0.01,72979.24
1775849948.618,248.618,0.13,0.17,0.86,0.87,0.04,0.01,72979.24
1775849949.091,249.091,0.12,0.13,0.87,0.88,0.01,0.01,72979.24
1775849949.447,249.447,0.12,0.13,0.87,0.88,0.01,0.01,72979.19
1775849950.028,250.028,0.11,0.12,0.88,0.89,0.01,0.01,72979.13
1775849950.432,250.432,0.11,0.12,0.88,0.89,0.01,0.01,72979.13
1775849950.8,250.8,0.11,0.12,0.88,0.89,0.01,0.01,72979.14
1775849951.184,251.184,0.1,0.11,0.89,0.9,0.01,0.01,72979.06
1775849951.555,251.555,0.09,0.1,0.9,0.91,0.01,0.01,72979.06
1775849951.918,251.918,0.09,0.1,0.9,0.91,0.01,0.01,72979.06
1775849952.335,252.335,0.09,0.1,0.9,0.91,0.01,0.01,72979.06
1775849952.674,252.674,0.11,0.12,0.88,0.89,0.01,0.01,72979.14
1775849953.087,253.087,0.1,0.12,0.89,0.9,0.02,0.01,72979.14
1775849953.487,253.487,0.13,0.14,0.86,0.87,0.01,0.01,72979.15
1775849953.88,253.88,0.12,0.13,0.87,0.88,0.01,0.01,72979.15
1775849954.571,254.571,0.12,0.13,0.87,0.88,0.01,0.01,72979.16
1775849954.942,254.942,0.12,0.13,0.87,0.88,0.01,0.01,72979.16
1775849955.374,255.374,0.12,0.13,0.87,0.88,0.01,0.01,72979.21
1775849955.912,255.912,0.12,0.13,0.87,0.88,0.01,0.01,72979.21
1775849956.496,256.496,0.11,0.12,0.87,0.89,0.01,0.02,72979.21
1775849956.853,256.853,0.09,0.1,0.9,0.91,0.01,0.01,72979.31
1775849957.228,257.228,0.09,0.1,0.9,0.91,0.01,0.01,72979.82
1775849957.586,257.586,0.08,0.09,0.9,0.92,0.01,0.02,72979.82
1775849957.925,257.925,0.08,0.09,0.91,0.92,0.01,0.01,72979.82
1775849958.307,258.307,0.08,0.09,0.91,0.92,0.01,0.01,72979.82
1775849958.676,258.676,0.08,0.09,0.91,0.92,0.01,0.01,72976.85
1775849959.05,259.05,0.08,0.09,0.91,0.92,0.01,0.01,72976.85
1775849959.406,259.406,0.08,0.1,0.9,0.92,0.02,0.02,72976.85
1775849959.788,259.788,0.09,0.1,0.9,0.91,0.01,0.01,72972.6
1775849960.121,260.121,0.08,0.09,0.91,0.92,0.01,0.01,72972.6
1775849960.536,260.536,0.08,0.09,0.91,0.92,0.01,0.01,72972.46
1775849961.016,261.016,0.08,0.09,0.91,0.92,0.01,0.01,72972.46
1775849961.364,261.364,0.08,0.09,0.91,0.92,0.01,0.01,72971.58
1775849961.799,261.799,0.07,0.09,0.91,0.92,0.02,0.01,72971.58
1775849962.142,262.142,0.07,0.08,0.9,0.92,0.01,0.02,72971.58
1775849962.477,262.477,0.07,0.08,0.92,0.93,0.01,0.01,72970.44
1775849962.848,262.848,0.07,0.08,0.92,0.93,0.01,0.01,72970.44
1775849963.223,263.223,0.07,0.08,0.92,0.93,0.01,0.01,72970.44
1775849963.605,263.605,0.07,0.08,0.92,0.93,0.01,0.01,72970.44
1775849963.95,263.95,0.06,0.07,0.93,0.94,0.01,0.01,72970.44
1775849964.292,264.292,0.04,0.07,0.93,0.94,0.03,0.01,72973.45
1775849964.673,264.673,0.04,0.05,0.95,0.96,0.01,0.01,72973.45
1775849965.026,265.026,0.06,0.07,0.93,0.94,0.01,0.01,72973.45
1775849965.364,265.364,0.04,0.05,0.95,0.96,0.01,0.01,72973.45
1775849965.703,265.703,0.04,0.05,0.95,0.96,0.01,0.01,72973.45
1775849966.067,266.067,0.04,0.05,0.95,0.96,0.01,0.01,72974.79
1775849966.4,266.4,0.04,0.05,0.95,0.96,0.01,0.01,72974.79
1775849966.746,266.746,0.05,0.06,0.94,0.95,0.01,0.01,72974.79
1775849967.084,267.084,0.05,0.06,0.94,0.95,0.01,0.01,72974.88
1775849967.443,267.443,0.04,0.06,0.94,0.95,0.02,0.01,72975.96
1775849967.884,267.884,0.04,0.05,0.95,0.96,0.01,0.01,72975.96
1775849968.363,268.363,0.04,0.05,0.94,0.96,0.01,0.02,72975.96
1775849968.736,268.736,0.03,0.04,0.95,0.96,0.01,0.01,72975.12
1775849969.086,269.086,0.03,0.04,0.96,0.97,0.01,0.01,72975.12
1775849969.421,269.421,0.03,0.04,0.96,0.97,0.01,0.01,72975.12
1775849969.859,269.859,0.03,0.04,0.96,0.97,0.01,0.01,72975.1
1775849970.255,270.255,0.05,0.06,0.94,0.95,0.01,0.01,72976.55
1775849970.617,270.617,0.03,0.05,0.95,0.96,0.02,0.01,72976.55
1775849970.957,270.957,0.06,0.07,0.93,0.94,0.01,0.01,72976.55
1775849971.318,271.318,0.04,0.05,0.95,0.97,0.01,0.02,72976.55
1775849971.733,271.733,0.03,0.04,0.95,0.98,0.01,0.03,72974.02
1775849972.094,272.094,0.02,0.03,0.97,0.98,0.01,0.01,72974.02
1775849972.436,272.436,0.02,0.03,0.97,0.98,0.01,0.01,72972.33
1775849972.899,272.899,0.02,0.03,0.97,0.98,0.01,0.01,72972.33
1775849973.238,273.238,0.02,0.03,0.97,0.98,0.01,0.01,72972.33
1775849973.602,273.602,0.02,0.03,0.97,0.98,0.01,0.01,72972.33
1775849974.018,274.018,0.02,0.03,0.97,0.98,0.01,0.01,72971.0
1775849974.537,274.537,0.01,0.02,0.98,0.99,0.01,0.01,72971.2
1775849974.952,274.952,0.01,0.02,0.98,0.99,0.01,0.01,72971.2
1775849975.299,275.299,0.01,0.02,0.98,0.99,0.01,0.01,72971.0
1775849975.635,275.635,0.01,0.02,0.98,0.99,0.01,0.01,72971.0
1775849975.971,275.971,0.01,0.02,0.98,0.99,0.01,0.01,72971.0
1775849976.397,276.397,0.01,0.02,0.98,0.99,0.01,0.01,72971.0
1775849976.769,276.769,0.01,0.02,0.98,0.99,0.01,0.01,72970.01
1775849977.139,277.139,0.01,0.02,0.98,0.99,0.01,0.01,72970.01
1775849977.644,277.644,0.01,0.01,0.99,0.99,0.0,0.0,72968.95
1775849978.022,278.022,0.01,0.01,0.99,0.99,0.0,0.0,72968.95
1775849978.36,278.36,0.01,0.01,0.99,0.99,0.0,0.0,72968.95
1775849978.8,278.8,0.01,0.01,0.99,0.99,0.0,0.0,72968.16
1775849979.346,279.346,0.01,0.01,0.99,0.99,0.0,0.0,72968.16
1775849979.766,279.766,0.01,0.01,0.99,0.99,0.0,0.0,72968.16
1775849980.209,280.209,0.01,0.01,0.99,0.99,0.0,0.0,72968.14
1775849980.543,280.543,0.01,0.01,0.99,0.99,0.0,0.0,72968.14
1775849981.117,281.117,0.01,0.01,0.99,0.99,0.0,0.0,72968.14
1775849981.701,281.701,0.01,0.01,0.99,0.99,0.0,0.0,72968.14
1775849982.257,282.257,0.01,0.01,0.99,0.99,0.0,0.0,72977.99
1775849982.591,282.591,0.01,0.01,0.99,0.99,0.0,0.0,72977.99
1775849983.048,283.048,0.01,0.01,0.99,0.99,0.0,0.0,72977.99
1775849983.608,283.608,0.01,0.01,0.99,0.99,0.0,0.0,72983.55
1775849983.96,283.96,0.01,0.01,0.99,0.99,0.0,0.0,72983.55
1775849984.329,284.329,0.01,0.01,0.99,0.99,0.0,0.0,72984.49
1775849984.798,284.798,0.01,0.01,0.99,0.99,0.0,0.0,72984.49
1775849985.461,285.461,0.01,0.01,0.99,0.99,0.0,0.0,72984.48
1775849986.162,286.162,0.01,0.01,0.99,0.99,0.0,0.0,72984.54
1775849986.624,286.624,0.01,0.01,0.99,0.99,0.0,0.0,72984.54
1775849987.033,287.033,0.01,0.01,0.99,0.99,0.0,0.0,72983.53
1775849987.484,287.484,0.01,0.01,0.99,0.99,0.0,0.0,72983.53
1775849987.876,287.876,0.01,0.01,0.99,0.99,0.0,0.0,72983.53
1775849988.42,288.42,0.01,0.01,0.99,0.99,0.0,0.0,72983.5
1775849990.043,290.043,0.01,0.01,0.99,0.99,0.0,0.0,72982.9
1775849990.448,290.448,0.01,0.01,0.99,0.99,0.0,0.0,72982.9
1775849990.877,290.877,0.01,0.01,0.99,0.99,0.0,0.0,72982.9
1775849991.403,291.403,0.01,0.01,0.99,0.99,0.0,0.0,72981.04
1775849991.978,291.978,0.01,0.01,0.99,0.99,0.0,0.0,72981.04
1775849992.546,292.546,0.01,0.01,0.99,0.99,0.0,0.0,72981.44
1775849993.821,293.821,0.01,0.01,0.99,0.99,0.0,0.0,72980.94
1775849994.442,294.442,0.01,0.01,0.99,0.99,0.0,0.0,72980.99
1775849995.158,295.158,0.01,0.01,0.99,0.99,0.0,0.0,72981.03
1775849995.491,295.491,0.01,0.01,0.99,0.99,0.0,0.0,72981.03
1775849995.938,295.938,0.01,0.01,0.99,0.99,0.0,0.0,72981.03
1775849997.041,297.041,0.01,0.01,0.99,0.99,0.0,0.0,72981.08
1775849997.615,297.615,0.01,0.01,0.99,0.99,0.0,0.0,72985.13
1775849998.047,298.047,0.01,0.01,0.99,0.99,0.0,0.0,72986.29
1775850000.168,300.168,0.01,0.01,0.99,0.99,0.0,0.0,72987.39
1775850000.539,300.539,0.01,0.01,0.99,0.99,0.0,0.0,72987.39

# RESULT,winner=Down,slug=btc-updown-5m-1775849700,ticks=695
