timestamp,elapsed_sec,up_bid,up_ask,down_bid,down_ask,up_spread,down_spread,btc_price,btc_oracle_ts
1777179600.538,0.538,0.37,0.4,0.59,0.63,0.03,0.04,77788.26,1777179599000
1777179600.883,0.883,0.34,0.35,0.65,0.66,0.01,0.01,77788.26,1777179599000
1777179601.236,1.236,0.4,0.41,0.59,0.6,0.01,0.01,77788.26,1777179599000
1777179601.593,1.593,0.36,0.37,0.63,0.65,0.01,0.02,77787.93,1777179600000
1777179601.926,1.926,0.36,0.37,0.63,0.64,0.01,0.01,77787.93,1777179600000
1777179602.31,2.31,0.36,0.37,0.63,0.64,0.01,0.01,77787.93,1777179600000
1777179602.715,2.715,0.36,0.37,0.63,0.64,0.01,0.01,77784.24,1777179601000
1777179603.116,3.116,0.36,0.37,0.63,0.64,0.01,0.01,77784.24,1777179601000
1777179603.52,3.52,0.36,0.37,0.63,0.64,0.01,0.01,77786.01,1777179602000
1777179603.877,3.877,0.39,0.4,0.6,0.61,0.01,0.01,77786.01,1777179602000
1777179604.222,4.222,0.4,0.41,0.59,0.6,0.01,0.01,77786.01,1777179602000
1777179604.599,4.599,0.4,0.41,0.59,0.6,0.01,0.01,77786.64,1777179603000
1777179605.115,5.115,0.4,0.41,0.59,0.6,0.01,0.01,77786.64,1777179603000
1777179605.639,5.639,0.4,0.41,0.59,0.6,0.01,0.01,77786.64,1777179603000
1777179606.019,6.019,0.4,0.41,0.59,0.6,0.01,0.01,77787.28,1777179604000
1777179606.372,6.372,0.4,0.41,0.59,0.6,0.01,0.01,77787.24,1777179605000
1777179606.783,6.783,0.4,0.41,0.59,0.6,0.01,0.01,77787.24,1777179605000
1777179607.23,7.23,0.4,0.41,0.59,0.6,0.01,0.01,77787.11,1777179606000
1777179607.737,7.737,0.4,0.41,0.59,0.6,0.01,0.01,77787.11,1777179606000
1777179608.101,8.101,0.45,0.46,0.54,0.55,0.01,0.01,77787.11,1777179606000
1777179608.456,8.456,0.45,0.46,0.54,0.55,0.01,0.01,77787.73,1777179607000
1777179609.005,9.005,0.46,0.47,0.53,0.55,0.01,0.02,77787.73,1777179607000
1777179609.368,9.368,0.46,0.47,0.53,0.54,0.01,0.01,77787.73,1777179608000
1777179609.785,9.785,0.46,0.47,0.53,0.54,0.01,0.01,77787.73,1777179608000
1777179610.155,10.155,0.46,0.47,0.53,0.54,0.01,0.01,77787.73,1777179608000
1777179610.71,10.71,0.46,0.47,0.53,0.54,0.01,0.01,77789.01,1777179609000
1777179611.119,11.119,0.46,0.47,0.53,0.54,0.01,0.01,77789.01,1777179609000
1777179611.453,11.453,0.46,0.47,0.53,0.54,0.01,0.01,77789.01,1777179609000
1777179611.793,11.793,0.45,0.46,0.54,0.55,0.01,0.01,77789.11,1777179610000
1777179612.192,12.192,0.45,0.46,0.54,0.55,0.01,0.01,77789.11,1777179610000
1777179612.572,12.572,0.45,0.46,0.54,0.55,0.01,0.01,77789.94,1777179611000
1777179613.499,13.499,0.45,0.46,0.54,0.55,0.01,0.01,77789.94,1777179611000
1777179614.278,14.278,0.45,0.46,0.54,0.55,0.01,0.01,77790.02,1777179613000
1777179615.086,15.086,0.45,0.46,0.54,0.55,0.01,0.01,77790.02,1777179613000
1777179615.48,15.48,0.45,0.46,0.54,0.55,0.01,0.01,77790.02,1777179613000
1777179615.966,15.966,0.45,0.46,0.54,0.55,0.01,0.01,77790.01,1777179614000
1777179616.364,16.364,0.45,0.46,0.54,0.55,0.01,0.01,77790.01,1777179614000
1777179616.936,16.936,0.41,0.46,0.54,0.55,0.05,0.01,77790.0,1777179615000
1777179617.279,17.279,0.43,0.44,0.56,0.57,0.01,0.01,77790.0,1777179616000
1777179618.0,18.0,0.42,0.43,0.57,0.58,0.01,0.01,77790.0,1777179616000
1777179618.528,18.528,0.42,0.43,0.57,0.58,0.01,0.01,77790.0,1777179616000
1777179619.301,19.301,0.43,0.44,0.56,0.57,0.01,0.01,77790.02,1777179617000
1777179619.788,19.788,0.43,0.44,0.56,0.57,0.01,0.01,77789.87,1777179618000
1777179620.368,20.368,0.44,0.45,0.55,0.56,0.01,0.01,77790.02,1777179619000
1777179620.739,20.739,0.45,0.46,0.54,0.56,0.01,0.02,77790.02,1777179619000
1777179621.074,21.074,0.45,0.46,0.54,0.55,0.01,0.01,77789.89,1777179620000
1777179621.421,21.421,0.46,0.47,0.53,0.55,0.01,0.02,77789.89,1777179620000
1777179621.849,21.849,0.46,0.47,0.53,0.54,0.01,0.01,77789.89,1777179620000
1777179622.315,22.315,0.46,0.47,0.53,0.54,0.01,0.01,77789.89,1777179621000
1777179622.702,22.702,0.46,0.47,0.53,0.54,0.01,0.01,77789.89,1777179621000
1777179623.326,23.326,0.46,0.47,0.53,0.54,0.01,0.01,77789.89,1777179622000
1777179623.687,23.687,0.46,0.47,0.53,0.54,0.01,0.01,77789.89,1777179622000
1777179624.17,24.17,0.46,0.47,0.53,0.54,0.01,0.01,77789.9,1777179623000
1777179624.716,24.716,0.48,0.49,0.51,0.52,0.01,0.01,77789.9,1777179623000
1777179625.073,25.073,0.48,0.5,0.5,0.51,0.02,0.01,77789.9,1777179623000
1777179625.48,25.48,0.48,0.49,0.51,0.52,0.01,0.01,77789.93,1777179624000
1777179625.941,25.941,0.48,0.49,0.51,0.52,0.01,0.01,77789.93,1777179625000
1777179626.368,26.368,0.47,0.49,0.51,0.52,0.02,0.01,77789.93,1777179625000
1777179626.76,26.76,0.42,0.43,0.57,0.58,0.01,0.01,77789.93,1777179625000
1777179627.206,27.206,0.42,0.43,0.57,0.58,0.01,0.01,77790.24,1777179626000
1777179627.591,27.591,0.42,0.43,0.57,0.58,0.01,0.01,77790.24,1777179626000
1777179627.932,27.932,0.43,0.44,0.56,0.57,0.01,0.01,77790.24,1777179626000
1777179628.391,28.391,0.43,0.44,0.56,0.57,0.01,0.01,77790.24,1777179626000
1777179628.78,28.78,0.42,0.43,0.57,0.58,0.01,0.01,77789.72,1777179627000
1777179629.236,29.236,0.42,0.44,0.57,0.58,0.02,0.01,77788.94,1777179628000
1777179629.595,29.595,0.44,0.45,0.55,0.56,0.01,0.01,77788.94,1777179628000
1777179629.943,29.943,0.44,0.45,0.55,0.56,0.01,0.01,77788.94,1777179628000
1777179630.344,30.344,0.44,0.45,0.55,0.56,0.01,0.01,77789.36,1777179629000
1777179630.805,30.805,0.45,0.46,0.53,0.56,0.01,0.03,77789.36,1777179629000
1777179631.161,31.161,0.45,0.46,0.54,0.55,0.01,0.01,77789.36,1777179629000
1777179631.559,31.559,0.46,0.47,0.53,0.54,0.01,0.01,77789.36,1777179629000
1777179631.985,31.985,0.46,0.47,0.53,0.54,0.01,0.01,77788.89,1777179630000
1777179632.531,32.531,0.43,0.44,0.55,0.58,0.01,0.03,77788.63,1777179631000
1777179632.975,32.975,0.39,0.4,0.57,0.65,0.01,0.08,77788.63,1777179631000
1777179633.318,33.318,0.33,0.34,0.66,0.67,0.01,0.01,77788.81,1777179632000
1777179633.651,33.651,0.32,0.34,0.66,0.67,0.02,0.01,77788.81,1777179632000
1777179634.083,34.083,0.32,0.33,0.67,0.68,0.01,0.01,77788.81,1777179632000
1777179634.425,34.425,0.33,0.37,0.63,0.67,0.04,0.04,77787.38,1777179633000
1777179634.831,34.831,0.4,0.41,0.59,0.63,0.01,0.04,77787.38,1777179633000
1777179635.214,35.214,0.41,0.42,0.58,0.6,0.01,0.02,77787.38,1777179633000
1777179635.624,35.624,0.45,0.46,0.54,0.55,0.01,0.01,77783.9,1777179634000
1777179636.043,36.043,0.45,0.46,0.54,0.55,0.01,0.01,77783.9,1777179634000
1777179636.43,36.43,0.47,0.48,0.52,0.53,0.01,0.01,77783.12,1777179635000
1777179636.772,36.772,0.46,0.47,0.53,0.54,0.01,0.01,77783.12,1777179635000
1777179637.275,37.275,0.46,0.47,0.53,0.54,0.01,0.01,77785.4,1777179636000
1777179637.898,37.898,0.44,0.45,0.54,0.56,0.01,0.02,77785.4,1777179636000
1777179638.279,38.279,0.44,0.45,0.55,0.56,0.01,0.01,77785.79,1777179637000
1777179638.823,38.823,0.44,0.45,0.55,0.56,0.01,0.01,77785.79,1777179637000
1777179639.17,39.17,0.4,0.43,0.57,0.6,0.03,0.03,77785.79,1777179637000
1777179639.554,39.554,0.34,0.39,0.58,0.62,0.05,0.04,77788.13,1777179638000
1777179639.939,39.939,0.29,0.3,0.65,0.71,0.01,0.06,77788.13,1777179638000
1777179640.333,40.333,0.29,0.3,0.7,0.71,0.01,0.01,77788.13,1777179638000
1777179640.838,40.838,0.3,0.31,0.69,0.7,0.01,0.01,77788.17,1777179639000
1777179641.321,41.321,0.3,0.31,0.69,0.7,0.01,0.01,77785.16,1777179640000
1777179641.836,41.836,0.29,0.31,0.69,0.7,0.02,0.01,77785.16,1777179640000
1777179642.17,42.17,0.28,0.29,0.71,0.73,0.01,0.02,77774.21,1777179641000
1777179642.605,42.605,0.26,0.27,0.73,0.74,0.01,0.01,77774.21,1777179641000
1777179642.975,42.975,0.26,0.27,0.73,0.74,0.01,0.01,77771.71,1777179642000
1777179643.333,43.333,0.26,0.27,0.73,0.74,0.01,0.01,77771.71,1777179642000
1777179643.927,43.927,0.26,0.27,0.73,0.74,0.01,0.01,77771.62,1777179643000
1777179644.294,44.294,0.27,0.28,0.72,0.73,0.01,0.01,77771.62,1777179643000
1777179644.817,44.817,0.27,0.28,0.72,0.73,0.01,0.01,77771.62,1777179643000
1777179645.373,45.373,0.29,0.3,0.7,0.71,0.01,0.01,77767.67,1777179644000
1777179645.752,45.752,0.28,0.29,0.7,0.72,0.01,0.02,77767.67,1777179644000
1777179646.09,46.09,0.29,0.31,0.69,0.71,0.02,0.02,77766.67,1777179645000
1777179646.463,46.463,0.29,0.3,0.7,0.71,0.01,0.01,77766.67,1777179645000
1777179646.815,46.815,0.27,0.28,0.71,0.73,0.01,0.02,77766.67,1777179645000
1777179647.152,47.152,0.26,0.27,0.72,0.74,0.01,0.02,77766.63,1777179646000
1777179647.64,47.64,0.26,0.27,0.73,0.74,0.01,0.01,77766.63,1777179646000
1777179648.091,48.091,0.26,0.27,0.73,0.74,0.01,0.01,77766.63,1777179646000
1777179648.46,48.46,0.25,0.26,0.74,0.75,0.01,0.01,77766.4,1777179647000
1777179648.798,48.798,0.25,0.26,0.74,0.75,0.01,0.01,77766.4,1777179647000
1777179649.253,49.253,0.23,0.24,0.76,0.77,0.01,0.01,77764.45,1777179648000
1777179649.622,49.622,0.25,0.26,0.74,0.75,0.01,0.01,77764.45,1777179648000
1777179649.971,49.971,0.25,0.26,0.74,0.75,0.01,0.01,77764.45,1777179648000
1777179650.384,50.384,0.24,0.26,0.75,0.76,0.02,0.01,77764.45,1777179648000
1777179650.783,50.783,0.24,0.25,0.75,0.76,0.01,0.01,77761.16,1777179649000
1777179651.391,51.391,0.24,0.25,0.75,0.76,0.01,0.01,77759.56,1777179650000
1777179651.747,51.747,0.23,0.25,0.75,0.76,0.02,0.01,77759.56,1777179650000
1777179652.1,52.1,0.23,0.24,0.76,0.77,0.01,0.01,77759.56,1777179650000
1777179652.736,52.736,0.24,0.25,0.75,0.76,0.01,0.01,77757.01,1777179651000
1777179653.215,53.215,0.24,0.25,0.75,0.76,0.01,0.01,77757.01,1777179651000
1777179653.568,53.568,0.23,0.24,0.76,0.77,0.01,0.01,77756.45,1777179652000
1777179653.937,53.937,0.22,0.23,0.76,0.78,0.01,0.02,77756.45,1777179652000
1777179654.357,54.357,0.21,0.22,0.78,0.79,0.01,0.01,77756.45,1777179652000
1777179654.84,54.84,0.21,0.22,0.78,0.79,0.01,0.01,77755.98,1777179653000
1777179655.177,55.177,0.22,0.23,0.77,0.79,0.01,0.02,77753.84,1777179654000
1777179655.634,55.634,0.23,0.25,0.76,0.77,0.02,0.01,77753.84,1777179654000
1777179656.088,56.088,0.25,0.26,0.74,0.75,0.01,0.01,77753.04,1777179655000
1777179656.46,56.46,0.25,0.26,0.74,0.75,0.01,0.01,77753.04,1777179655000
1777179656.959,56.959,0.25,0.26,0.74,0.75,0.01,0.01,77753.04,1777179655000
1777179657.307,57.307,0.25,0.26,0.74,0.75,0.01,0.01,77753.05,1777179656000
1777179657.775,57.775,0.26,0.27,0.73,0.74,0.01,0.01,77753.05,1777179656000
1777179658.262,58.262,0.26,0.27,0.73,0.74,0.01,0.01,77754.69,1777179657000
1777179658.751,58.751,0.25,0.26,0.73,0.75,0.01,0.02,77754.69,1777179657000
1777179659.528,59.528,0.25,0.26,0.74,0.75,0.01,0.01,77754.69,1777179657000
1777179659.913,59.913,0.25,0.26,0.74,0.75,0.01,0.01,77755.55,1777179658000
1777179660.433,60.433,0.25,0.26,0.74,0.75,0.01,0.01,77755.55,1777179658000
1777179660.806,60.806,0.24,0.25,0.75,0.76,0.01,0.01,77755.58,1777179659000
1777179661.14,61.14,0.24,0.25,0.75,0.76,0.01,0.01,77755.58,1777179660000
1777179661.485,61.485,0.24,0.25,0.75,0.76,0.01,0.01,77755.58,1777179660000
1777179662.174,62.174,0.24,0.25,0.75,0.76,0.01,0.01,77755.58,1777179660000
1777179662.614,62.614,0.24,0.25,0.75,0.76,0.01,0.01,77755.58,1777179661000
1777179662.963,62.963,0.24,0.25,0.75,0.76,0.01,0.01,77755.58,1777179661000
1777179663.408,63.408,0.24,0.25,0.75,0.76,0.01,0.01,77755.58,1777179662000
1777179663.744,63.744,0.24,0.25,0.75,0.76,0.01,0.01,77755.58,1777179662000
1777179664.204,64.204,0.24,0.25,0.75,0.76,0.01,0.01,77755.58,1777179662000
1777179664.618,64.618,0.24,0.25,0.75,0.76,0.01,0.01,77755.58,1777179662000
1777179665.082,65.082,0.23,0.24,0.75,0.76,0.01,0.01,77755.58,1777179663000
1777179665.482,65.482,0.22,0.23,0.76,0.78,0.01,0.02,77755.46,1777179664000
1777179665.922,65.922,0.22,0.23,0.77,0.78,0.01,0.01,77755.46,1777179664000
1777179666.34,66.34,0.22,0.23,0.77,0.78,0.01,0.01,77755.46,1777179664000
1777179666.753,66.753,0.22,0.23,0.77,0.78,0.01,0.01,77756.01,1777179665000
1777179667.141,67.141,0.21,0.22,0.78,0.79,0.01,0.01,77755.47,1777179666000
1777179667.521,67.521,0.18,0.19,0.8,0.81,0.01,0.01,77755.47,1777179666000
1777179667.886,67.886,0.18,0.19,0.81,0.82,0.01,0.01,77755.47,1777179666000
1777179668.299,68.299,0.17,0.18,0.81,0.82,0.01,0.01,77755.47,1777179667000
1777179668.842,68.842,0.17,0.18,0.82,0.83,0.01,0.01,77755.47,1777179667000
1777179669.244,69.244,0.17,0.18,0.82,0.83,0.01,0.01,77754.1,1777179668000
1777179669.595,69.595,0.17,0.18,0.82,0.83,0.01,0.01,77754.1,1777179668000
1777179670.035,70.035,0.17,0.18,0.82,0.83,0.01,0.01,77754.1,1777179668000
1777179670.445,70.445,0.17,0.18,0.82,0.83,0.01,0.01,77753.79,1777179669000
1777179670.81,70.81,0.16,0.17,0.83,0.84,0.01,0.01,77753.79,1777179669000
1777179671.159,71.159,0.16,0.17,0.83,0.84,0.01,0.01,77753.79,1777179669000
1777179671.52,71.52,0.17,0.18,0.82,0.83,0.01,0.01,77753.78,1777179670000
1777179671.936,71.936,0.21,0.22,0.78,0.79,0.01,0.01,77753.78,1777179671000
1777179672.329,72.329,0.2,0.21,0.79,0.8,0.01,0.01,77753.78,1777179671000
1777179672.692,72.692,0.19,0.21,0.79,0.8,0.02,0.01,77753.78,1777179671000
1777179673.061,73.061,0.19,0.2,0.8,0.81,0.01,0.01,77753.44,1777179672000
1777179673.402,73.402,0.18,0.19,0.81,0.82,0.01,0.01,77753.44,1777179672000
1777179673.974,73.974,0.17,0.18,0.82,0.83,0.01,0.01,77753.44,1777179672000
1777179674.313,74.313,0.17,0.18,0.82,0.83,0.01,0.01,77753.44,1777179673000
1777179675.102,75.102,0.17,0.18,0.82,0.83,0.01,0.01,77753.44,1777179673000
1777179675.515,75.515,0.16,0.18,0.82,0.83,0.02,0.01,77753.44,1777179674000
1777179676.119,76.119,0.16,0.17,0.83,0.84,0.01,0.01,77753.44,1777179674000
1777179676.468,76.468,0.16,0.17,0.83,0.84,0.01,0.01,77753.51,1777179675000
1777179676.913,76.913,0.16,0.17,0.83,0.84,0.01,0.01,77753.77,1777179676000
1777179677.335,77.335,0.16,0.17,0.83,0.84,0.01,0.01,77753.77,1777179676000
1777179678.07,78.07,0.16,0.17,0.83,0.84,0.01,0.01,77753.78,1777179677000
1777179678.479,78.479,0.15,0.16,0.83,0.84,0.01,0.01,77753.78,1777179677000
1777179678.86,78.86,0.15,0.16,0.84,0.85,0.01,0.01,77753.78,1777179677000
1777179679.208,79.208,0.15,0.16,0.84,0.85,0.01,0.01,77753.78,1777179678000
1777179679.677,79.677,0.13,0.16,0.84,0.85,0.03,0.01,77753.78,1777179678000
1777179680.424,80.424,0.13,0.16,0.84,0.87,0.03,0.03,77753.77,1777179679000
1777179680.851,80.851,0.13,0.14,0.86,0.87,0.01,0.01,77753.77,1777179679000
1777179681.493,81.493,0.13,0.14,0.86,0.87,0.01,0.01,77753.93,1777179680000
1777179682.101,82.101,0.13,0.14,0.86,0.87,0.01,0.01,77753.93,1777179680000
1777179682.671,82.671,0.13,0.14,0.86,0.87,0.01,0.01,77753.87,1777179681000
1777179683.057,83.057,0.13,0.14,0.86,0.87,0.01,0.01,77753.32,1777179682000
1777179683.428,83.428,0.13,0.14,0.86,0.87,0.01,0.01,77753.32,1777179682000
1777179683.865,83.865,0.13,0.14,0.86,0.87,0.01,0.01,77753.32,1777179682000
1777179684.202,84.202,0.13,0.14,0.86,0.87,0.01,0.01,77753.32,1777179682000
1777179684.879,84.879,0.13,0.14,0.86,0.87,0.01,0.01,77753.32,1777179683000
1777179685.365,85.365,0.13,0.14,0.86,0.87,0.01,0.01,77753.32,1777179683000
1777179685.798,85.798,0.13,0.14,0.86,0.87,0.01,0.01,77752.89,1777179684000
1777179686.182,86.182,0.13,0.14,0.86,0.87,0.01,0.01,77752.46,1777179685000
1777179686.75,86.75,0.13,0.14,0.86,0.87,0.01,0.01,77752.46,1777179685000
1777179687.33,87.33,0.13,0.14,0.86,0.87,0.01,0.01,77752.46,1777179685000
1777179688.203,88.203,0.13,0.14,0.86,0.87,0.01,0.01,77753.44,1777179687000
1777179688.622,88.622,0.13,0.14,0.86,0.87,0.01,0.01,77753.44,1777179687000
1777179689.539,89.539,0.14,0.16,0.86,0.87,0.02,0.01,77753.44,1777179687000
1777179689.889,89.889,0.19,0.23,0.78,0.82,0.04,0.04,77752.61,1777179688000
1777179690.241,90.241,0.24,0.25,0.75,0.76,0.01,0.01,77752.61,1777179688000
1777179690.647,90.647,0.25,0.27,0.73,0.75,0.02,0.02,77752.76,1777179689000
1777179691.046,91.046,0.24,0.25,0.75,0.76,0.01,0.01,77752.76,1777179689000
1777179691.456,91.456,0.22,0.23,0.76,0.77,0.01,0.01,77752.76,1777179689000
1777179691.919,91.919,0.17,0.18,0.82,0.83,0.01,0.01,77758.88,1777179690000
1777179692.263,92.263,0.17,0.18,0.82,0.83,0.01,0.01,77758.88,1777179690000
1777179692.932,92.932,0.16,0.18,0.82,0.83,0.02,0.01,77762.13,1777179691000
1777179693.335,93.335,0.16,0.18,0.82,0.84,0.02,0.02,77761.33,1777179692000
1777179693.854,93.854,0.16,0.19,0.82,0.84,0.03,0.02,77761.33,1777179692000
1777179694.195,94.195,0.17,0.19,0.81,0.83,0.02,0.02,77761.33,1777179692000
1777179694.581,94.581,0.16,0.27,0.82,0.84,0.11,0.02,77761.33,1777179692000
1777179694.967,94.967,0.2,0.21,0.79,0.8,0.01,0.01,77761.39,1777179693000
1777179695.346,95.346,0.2,0.21,0.79,0.8,0.01,0.01,77760.66,1777179694000
1777179695.928,95.928,0.2,0.21,0.79,0.8,0.01,0.01,77760.66,1777179694000
1777179696.384,96.384,0.16,0.18,0.82,0.84,0.02,0.02,77760.63,1777179695000
1777179696.832,96.832,0.15,0.17,0.82,0.84,0.02,0.02,77760.63,1777179695000
1777179697.304,97.304,0.15,0.16,0.84,0.85,0.01,0.01,77760.59,1777179696000
1777179697.85,97.85,0.15,0.16,0.84,0.85,0.01,0.01,77760.59,1777179696000
1777179698.448,98.448,0.15,0.16,0.84,0.85,0.01,0.01,77756.6,1777179697000
1777179699.308,99.308,0.15,0.16,0.84,0.85,0.01,0.01,77754.73,1777179698000
1777179699.654,99.654,0.14,0.15,0.84,0.86,0.01,0.02,77754.73,1777179698000
1777179700.13,100.13,0.14,0.15,0.85,0.86,0.01,0.01,77754.73,1777179698000
1777179700.922,100.922,0.14,0.15,0.85,0.86,0.01,0.01,77754.84,1777179699000
1777179701.268,101.268,0.14,0.15,0.85,0.86,0.01,0.01,77753.68,1777179700000
1777179701.722,101.722,0.14,0.15,0.85,0.86,0.01,0.01,77753.68,1777179700000
1777179702.381,102.381,0.14,0.15,0.85,0.86,0.01,0.01,77753.68,1777179700000
1777179702.772,102.772,0.14,0.15,0.85,0.86,0.01,0.01,77752.63,1777179701000
1777179703.497,103.497,0.14,0.15,0.85,0.86,0.01,0.01,77752.82,1777179702000
1777179704.257,104.257,0.16,0.17,0.83,0.86,0.01,0.03,77752.82,1777179702000
1777179704.835,104.835,0.15,0.16,0.83,0.86,0.01,0.03,77752.86,1777179703000
1777179705.31,105.31,0.15,0.16,0.84,0.85,0.01,0.01,77752.77,1777179704000
1777179706.056,106.056,0.14,0.15,0.84,0.85,0.01,0.01,77752.77,1777179704000
1777179707.117,107.117,0.13,0.14,0.86,0.87,0.01,0.01,77752.51,1777179705000
1777179707.482,107.482,0.13,0.14,0.86,0.87,0.01,0.01,77751.12,1777179706000
1777179707.82,107.82,0.13,0.15,0.86,0.87,0.02,0.01,77751.12,1777179706000
1777179708.219,108.219,0.14,0.15,0.85,0.87,0.01,0.02,77751.12,1777179706000
1777179708.752,108.752,0.13,0.14,0.86,0.87,0.01,0.01,77749.45,1777179707000
1777179709.27,109.27,0.13,0.14,0.86,0.87,0.01,0.01,77749.42,1777179708000
1777179710.098,110.098,0.13,0.15,0.86,0.87,0.02,0.01,77749.42,1777179708000
1777179710.469,110.469,0.14,0.15,0.85,0.87,0.01,0.02,77748.34,1777179709000
1777179710.845,110.845,0.13,0.15,0.85,0.87,0.02,0.02,77748.34,1777179709000
1777179711.193,111.193,0.13,0.14,0.86,0.87,0.01,0.01,77748.34,1777179709000
1777179711.602,111.602,0.12,0.13,0.87,0.88,0.01,0.01,77748.34,1777179710000
1777179712.078,112.078,0.12,0.13,0.87,0.88,0.01,0.01,77748.51,1777179711000
1777179712.441,112.441,0.12,0.13,0.87,0.88,0.01,0.01,77748.51,1777179711000
1777179712.903,112.903,0.12,0.13,0.87,0.88,0.01,0.01,77748.51,1777179711000
1777179713.492,113.492,0.12,0.13,0.87,0.88,0.01,0.01,77748.52,1777179712000
1777179713.848,113.848,0.12,0.13,0.87,0.88,0.01,0.01,77748.52,1777179712000
1777179714.505,114.505,0.12,0.13,0.87,0.88,0.01,0.01,77748.75,1777179713000
1777179714.965,114.965,0.12,0.13,0.87,0.88,0.01,0.01,77748.75,1777179714000
1777179715.535,115.535,0.12,0.2,0.87,0.88,0.08,0.01,77748.75,1777179714000
1777179715.992,115.992,0.15,0.17,0.83,0.85,0.02,0.02,77748.61,1777179715000
1777179716.531,116.531,0.15,0.16,0.84,0.85,0.01,0.01,77748.61,1777179715000
1777179716.957,116.957,0.15,0.16,0.84,0.85,0.01,0.01,77748.61,1777179716000
1777179717.805,117.805,0.15,0.16,0.84,0.85,0.01,0.01,77748.61,1777179716000
1777179718.241,118.241,0.15,0.16,0.84,0.85,0.01,0.01,77748.24,1777179717000
1777179718.632,118.632,0.15,0.16,0.84,0.85,0.01,0.01,77748.24,1777179717000
1777179719.237,119.237,0.15,0.16,0.84,0.85,0.01,0.01,77748.24,1777179718000
1777179719.695,119.695,0.14,0.15,0.84,0.86,0.01,0.02,77748.24,1777179718000
1777179720.174,120.174,0.2,0.21,0.79,0.8,0.01,0.01,77748.24,1777179718000
1777179720.565,120.565,0.18,0.19,0.81,0.82,0.01,0.01,77748.61,1777179719000
1777179720.981,120.981,0.17,0.18,0.81,0.82,0.01,0.01,77748.61,1777179719000
1777179721.35,121.35,0.17,0.18,0.82,0.83,0.01,0.01,77748.14,1777179720000
1777179721.885,121.885,0.15,0.17,0.82,0.84,0.02,0.02,77748.14,1777179720000
1777179722.445,122.445,0.15,0.16,0.83,0.85,0.01,0.02,77748.14,1777179720000
1777179722.85,122.85,0.15,0.16,0.84,0.85,0.01,0.01,77748.54,1777179721000
1777179723.375,123.375,0.15,0.21,0.84,0.85,0.06,0.01,77748.54,1777179721000
1777179723.867,123.867,0.15,0.21,0.79,0.85,0.06,0.06,77748.65,1777179723000
1777179724.206,124.206,0.15,0.16,0.84,0.85,0.01,0.01,77748.65,1777179723000
1777179724.682,124.682,0.15,0.16,0.84,0.85,0.01,0.01,77748.65,1777179723000
1777179725.034,125.034,0.15,0.16,0.84,0.85,0.01,0.01,77749.16,1777179724000
1777179725.688,125.688,0.15,0.16,0.84,0.85,0.01,0.01,77749.16,1777179724000
1777179726.051,126.051,0.15,0.16,0.84,0.85,0.01,0.01,77749.16,1777179724000
1777179726.562,126.562,0.15,0.16,0.84,0.85,0.01,0.01,77749.15,1777179725000
1777179727.187,127.187,0.15,0.16,0.84,0.85,0.01,0.01,77749.96,1777179726000
1777179727.592,127.592,0.15,0.16,0.84,0.85,0.01,0.01,77749.96,1777179726000
1777179727.975,127.975,0.15,0.16,0.84,0.85,0.01,0.01,77749.96,1777179726000
1777179728.467,128.467,0.15,0.16,0.84,0.85,0.01,0.01,77752.96,1777179727000
1777179728.893,128.893,0.14,0.16,0.84,0.85,0.02,0.01,77752.96,1777179727000
1777179729.408,129.408,0.14,0.15,0.85,0.86,0.01,0.01,77753.12,1777179728000
1777179729.753,129.753,0.14,0.15,0.85,0.86,0.01,0.01,77753.12,1777179728000
1777179730.12,130.12,0.14,0.15,0.85,0.86,0.01,0.01,77753.12,1777179728000
1777179730.601,130.601,0.14,0.15,0.85,0.86,0.01,0.01,77751.92,1777179729000
1777179731.325,131.325,0.14,0.15,0.85,0.86,0.01,0.01,77753.92,1777179730000
1777179731.986,131.986,0.14,0.15,0.85,0.86,0.01,0.01,77752.22,1777179731000
1777179732.354,132.354,0.14,0.16,0.85,0.86,0.02,0.01,77752.22,1777179731000
1777179732.687,132.687,0.15,0.16,0.84,0.85,0.01,0.01,77752.22,1777179731000
1777179733.04,133.04,0.15,0.16,0.84,0.85,0.01,0.01,77754.4,1777179732000
1777179733.398,133.398,0.15,0.16,0.84,0.85,0.01,0.01,77754.4,1777179732000
1777179733.747,133.747,0.15,0.16,0.84,0.85,0.01,0.01,77754.4,1777179732000
1777179734.09,134.09,0.22,0.23,0.78,0.8,0.01,0.02,77754.4,1777179733000
1777179734.485,134.485,0.22,0.23,0.77,0.78,0.01,0.01,77754.4,1777179733000
1777179734.849,134.849,0.22,0.23,0.77,0.78,0.01,0.01,77754.4,1777179733000
1777179735.183,135.183,0.21,0.22,0.78,0.79,0.01,0.01,77757.15,1777179734000
1777179735.589,135.589,0.21,0.22,0.78,0.79,0.01,0.01,77757.15,1777179734000
1777179736.014,136.014,0.21,0.22,0.78,0.79,0.01,0.01,77757.15,1777179734000
1777179736.625,136.625,0.21,0.22,0.78,0.79,0.01,0.01,77757.15,1777179734000
1777179736.984,136.984,0.21,0.22,0.78,0.79,0.01,0.01,77763.68,1777179735000
1777179737.367,137.367,0.21,0.22,0.78,0.79,0.01,0.01,77763.68,1777179735000
1777179737.895,137.895,0.2,0.21,0.78,0.8,0.01,0.02,77764.48,1777179736000
1777179738.274,138.274,0.2,0.21,0.79,0.8,0.01,0.01,77764.75,1777179737000
1777179738.657,138.657,0.22,0.23,0.77,0.79,0.01,0.02,77764.75,1777179737000
1777179739.018,139.018,0.24,0.25,0.75,0.76,0.01,0.01,77764.75,1777179737000
1777179739.37,139.37,0.24,0.25,0.75,0.76,0.01,0.01,77764.75,1777179737000
1777179739.705,139.705,0.23,0.24,0.75,0.76,0.01,0.01,77764.97,1777179738000
1777179740.06,140.06,0.23,0.24,0.76,0.77,0.01,0.01,77764.97,1777179738000
1777179740.422,140.422,0.23,0.24,0.76,0.77,0.01,0.01,77765.26,1777179739000
1777179740.767,140.767,0.23,0.24,0.76,0.77,0.01,0.01,77765.26,1777179739000
1777179741.122,141.122,0.23,0.24,0.76,0.77,0.01,0.01,77765.26,1777179739000
1777179741.482,141.482,0.23,0.24,0.76,0.77,0.01,0.01,77767.89,1777179740000
1777179742.125,142.125,0.23,0.24,0.76,0.77,0.01,0.01,77767.89,1777179740000
1777179743.211,143.211,0.22,0.24,0.76,0.77,0.02,0.01,77768.03,1777179741000
1777179743.604,143.604,0.17,0.18,0.81,0.83,0.01,0.02,77768.11,1777179742000
1777179743.982,143.982,0.16,0.17,0.83,0.84,0.01,0.01,77768.11,1777179742000
1777179744.404,144.404,0.16,0.17,0.83,0.84,0.01,0.01,77768.11,1777179743000
1777179745.074,145.074,0.16,0.17,0.83,0.84,0.01,0.01,77768.11,1777179743000
1777179745.428,145.428,0.17,0.18,0.82,0.84,0.01,0.02,77762.2,1777179744000
1777179745.779,145.779,0.18,0.19,0.81,0.83,0.01,0.02,77762.2,1777179744000
1777179746.528,146.528,0.18,0.19,0.81,0.82,0.01,0.01,77761.3,1777179745000
1777179747.06,147.06,0.18,0.19,0.81,0.82,0.01,0.01,77761.88,1777179746000
1777179747.417,147.417,0.18,0.19,0.81,0.82,0.01,0.01,77761.88,1777179746000
1777179747.819,147.819,0.18,0.19,0.81,0.82,0.01,0.01,77761.88,1777179746000
1777179748.263,148.263,0.18,0.19,0.81,0.82,0.01,0.01,77760.63,1777179747000
1777179748.659,148.659,0.18,0.19,0.81,0.82,0.01,0.01,77760.63,1777179747000
1777179749.108,149.108,0.18,0.19,0.81,0.82,0.01,0.01,77760.63,1777179747000
1777179749.514,149.514,0.17,0.18,0.82,0.83,0.01,0.01,77760.79,1777179748000
1777179750.029,150.029,0.17,0.18,0.82,0.83,0.01,0.01,77761.07,1777179749000
1777179750.495,150.495,0.17,0.18,0.82,0.83,0.01,0.01,77761.07,1777179749000
1777179751.07,151.07,0.16,0.17,0.83,0.84,0.01,0.01,77761.07,1777179749000
1777179751.41,151.41,0.16,0.17,0.83,0.84,0.01,0.01,77761.15,1777179750000
1777179751.778,151.778,0.16,0.17,0.83,0.84,0.01,0.01,77761.15,1777179750000
1777179752.345,152.345,0.16,0.17,0.83,0.84,0.01,0.01,77761.15,1777179750000
1777179752.684,152.684,0.16,0.17,0.83,0.84,0.01,0.01,77761.15,1777179750000
1777179753.041,153.041,0.16,0.17,0.83,0.84,0.01,0.01,77761.01,1777179751000
1777179753.464,153.464,0.16,0.17,0.83,0.84,0.01,0.01,77761.01,1777179752000
1777179753.805,153.805,0.16,0.17,0.83,0.84,0.01,0.01,77761.01,1777179752000
1777179754.187,154.187,0.16,0.17,0.83,0.84,0.01,0.01,77761.01,1777179753000
1777179754.526,154.526,0.16,0.17,0.83,0.84,0.01,0.01,77761.01,1777179753000
1777179755.181,155.181,0.16,0.17,0.83,0.84,0.01,0.01,77761.16,1777179754000
1777179755.516,155.516,0.16,0.17,0.83,0.84,0.01,0.01,77761.16,1777179754000
1777179755.938,155.938,0.15,0.17,0.83,0.84,0.02,0.01,77761.16,1777179754000
1777179756.977,156.977,0.15,0.16,0.83,0.85,0.01,0.02,77760.99,1777179755000
1777179757.389,157.389,0.15,0.16,0.84,0.85,0.01,0.01,77761.05,1777179756000
1777179758.403,158.403,0.15,0.16,0.84,0.85,0.01,0.01,77761.11,1777179757000
1777179758.946,158.946,0.15,0.16,0.84,0.85,0.01,0.01,77761.03,1777179758000
1777179759.329,159.329,0.15,0.16,0.84,0.85,0.01,0.01,77761.03,1777179758000
1777179759.742,159.742,0.15,0.16,0.84,0.85,0.01,0.01,77761.03,1777179758000
1777179760.637,160.637,0.15,0.16,0.84,0.85,0.01,0.01,77761.02,1777179759000
1777179761.111,161.111,0.15,0.16,0.84,0.85,0.01,0.01,77760.56,1777179760000
1777179761.707,161.707,0.15,0.16,0.84,0.85,0.01,0.01,77760.56,1777179760000
1777179762.151,162.151,0.15,0.16,0.84,0.85,0.01,0.01,77760.56,1777179761000
1777179763.387,163.387,0.15,0.16,0.84,0.85,0.01,0.01,77760.84,1777179762000
1777179763.929,163.929,0.15,0.16,0.84,0.85,0.01,0.01,77760.86,1777179763000
1777179764.92,164.92,0.15,0.16,0.84,0.85,0.01,0.01,77760.86,1777179764000
1777179765.966,165.966,0.15,0.16,0.84,0.85,0.01,0.01,77760.97,1777179765000
1777179767.572,167.572,0.15,0.16,0.84,0.85,0.01,0.01,77761.14,1777179766000
1777179768.183,168.183,0.15,0.16,0.84,0.85,0.01,0.01,77761.11,1777179767000
1777179768.973,168.973,0.15,0.16,0.84,0.85,0.01,0.01,77761.11,1777179767000
1777179769.457,169.457,0.15,0.16,0.84,0.85,0.01,0.01,77760.63,1777179768000
1777179770.003,170.003,0.15,0.16,0.84,0.85,0.01,0.01,77760.63,1777179769000
1777179770.46,170.46,0.16,0.17,0.83,0.85,0.01,0.02,77760.63,1777179769000
1777179771.123,171.123,0.16,0.17,0.83,0.84,0.01,0.01,77760.63,1777179769000
1777179771.516,171.516,0.15,0.16,0.83,0.85,0.01,0.02,77760.68,1777179770000
1777179772.313,172.313,0.15,0.16,0.84,0.85,0.01,0.01,77760.68,1777179771000
1777179773.249,173.249,0.15,0.16,0.84,0.85,0.01,0.01,77760.68,1777179771000
1777179773.861,173.861,0.15,0.16,0.84,0.85,0.01,0.01,77760.65,1777179772000
1777179774.51,174.51,0.15,0.16,0.84,0.85,0.01,0.01,77760.61,1777179773000
1777179775.088,175.088,0.15,0.16,0.84,0.85,0.01,0.01,77760.61,1777179774000
1777179775.749,175.749,0.15,0.16,0.84,0.85,0.01,0.01,77760.61,1777179774000
1777179776.272,176.272,0.15,0.16,0.84,0.85,0.01,0.01,77760.63,1777179775000
1777179777.314,177.314,0.15,0.16,0.84,0.85,0.01,0.01,77760.27,1777179776000
1777179777.955,177.955,0.15,0.16,0.84,0.85,0.01,0.01,77760.02,1777179777000
1777179779.081,179.081,0.15,0.16,0.84,0.85,0.01,0.01,77759.81,1777179778000
1777179779.456,179.456,0.15,0.16,0.84,0.85,0.01,0.01,77759.81,1777179778000
1777179780.18,180.18,0.15,0.16,0.84,0.85,0.01,0.01,77759.79,1777179779000
1777179780.597,180.597,0.15,0.16,0.84,0.85,0.01,0.01,77759.79,1777179779000
1777179781.441,181.441,0.15,0.16,0.84,0.85,0.01,0.01,77759.79,1777179779000
1777179781.844,181.844,0.12,0.16,0.84,0.88,0.04,0.04,77759.79,1777179780000
1777179782.37,182.37,0.12,0.15,0.85,0.88,0.03,0.03,77759.16,1777179781000
1777179782.824,182.824,0.12,0.13,0.85,0.88,0.01,0.03,77759.16,1777179781000
1777179783.409,183.409,0.1,0.11,0.87,0.9,0.01,0.03,77759.16,1777179781000
1777179783.745,183.745,0.1,0.11,0.89,0.9,0.01,0.01,77759.15,1777179782000
1777179784.131,184.131,0.1,0.11,0.89,0.9,0.01,0.01,77759.15,1777179783000
1777179784.632,184.632,0.09,0.1,0.89,0.91,0.01,0.02,77759.15,1777179783000
1777179784.997,184.997,0.09,0.1,0.9,0.91,0.01,0.01,77759.15,1777179784000
1777179785.332,185.332,0.09,0.1,0.9,0.91,0.01,0.01,77759.15,1777179784000
1777179785.706,185.706,0.09,0.1,0.9,0.91,0.01,0.01,77759.15,1777179784000
1777179786.095,186.095,0.09,0.1,0.9,0.91,0.01,0.01,77760.14,1777179785000
1777179786.538,186.538,0.09,0.1,0.9,0.91,0.01,0.01,77760.14,1777179785000
1777179787.027,187.027,0.09,0.1,0.9,0.91,0.01,0.01,77760.13,1777179786000
1777179787.37,187.37,0.09,0.1,0.9,0.91,0.01,0.01,77760.13,1777179786000
1777179787.737,187.737,0.09,0.1,0.9,0.91,0.01,0.01,77760.13,1777179786000
1777179788.276,188.276,0.09,0.1,0.9,0.91,0.01,0.01,77760.12,1777179787000
1777179788.724,188.724,0.09,0.1,0.9,0.91,0.01,0.01,77760.12,1777179787000
1777179789.09,189.09,0.09,0.1,0.9,0.91,0.01,0.01,77760.12,1777179788000
1777179789.464,189.464,0.09,0.1,0.9,0.91,0.01,0.01,77760.12,1777179788000
1777179790.002,190.002,0.09,0.1,0.9,0.91,0.01,0.01,77760.12,1777179788000
1777179790.353,190.353,0.09,0.1,0.9,0.91,0.01,0.01,77760.12,1777179789000
1777179790.747,190.747,0.09,0.11,0.9,0.91,0.02,0.01,77760.12,1777179789000
1777179791.158,191.158,0.1,0.11,0.89,0.9,0.01,0.01,77760.12,1777179789000
1777179791.568,191.568,0.13,0.14,0.86,0.87,0.01,0.01,77759.95,1777179790000
1777179792.123,192.123,0.13,0.14,0.86,0.87,0.01,0.01,77759.95,1777179790000
1777179792.78,192.78,0.14,0.16,0.84,0.87,0.02,0.03,77759.85,1777179791000
1777179793.182,193.182,0.14,0.15,0.85,0.86,0.01,0.01,77761.36,1777179792000
1777179793.596,193.596,0.09,0.14,0.85,0.87,0.05,0.02,77761.36,1777179792000
1777179793.957,193.957,0.08,0.09,0.91,0.92,0.01,0.01,77761.36,1777179792000
1777179795.31,195.31,0.08,0.09,0.91,0.92,0.01,0.01,77761.57,1777179793000
1777179795.94,195.94,0.08,0.09,0.91,0.92,0.01,0.01,77760.39,1777179794000
1777179796.31,196.31,0.08,0.09,0.91,0.92,0.01,0.01,77759.71,1777179795000
1777179796.856,196.856,0.08,0.09,0.91,0.92,0.01,0.01,77759.71,1777179795000
1777179797.278,197.278,0.08,0.09,0.91,0.92,0.01,0.01,77759.71,1777179795000
1777179797.86,197.86,0.08,0.09,0.91,0.92,0.01,0.01,77757.98,1777179796000
1777179798.194,198.194,0.07,0.09,0.91,0.92,0.02,0.01,77757.98,1777179796000
1777179798.566,198.566,0.07,0.08,0.92,0.93,0.01,0.01,77757.98,1777179797000
1777179799.087,199.087,0.07,0.08,0.92,0.93,0.01,0.01,77757.98,1777179797000
1777179799.591,199.591,0.07,0.08,0.92,0.93,0.01,0.01,77757.93,1777179798000
1777179799.933,199.933,0.07,0.08,0.92,0.93,0.01,0.01,77757.93,1777179798000
1777179800.312,200.312,0.07,0.08,0.92,0.93,0.01,0.01,77757.93,1777179798000
1777179800.807,200.807,0.07,0.08,0.92,0.93,0.01,0.01,77755.38,1777179799000
1777179801.29,201.29,0.07,0.08,0.92,0.93,0.01,0.01,77754.68,1777179800000
1777179801.733,201.733,0.06,0.07,0.92,0.94,0.01,0.02,77754.68,1777179800000
1777179802.227,202.227,0.06,0.07,0.93,0.94,0.01,0.01,77754.59,1777179801000
1777179802.573,202.573,0.06,0.07,0.93,0.94,0.01,0.01,77754.59,1777179801000
1777179803.292,203.292,0.06,0.07,0.93,0.94,0.01,0.01,77754.59,1777179801000
1777179803.675,203.675,0.06,0.07,0.93,0.94,0.01,0.01,77754.59,1777179802000
1777179804.27,204.27,0.06,0.07,0.93,0.94,0.01,0.01,77754.59,1777179802000
1777179804.638,204.638,0.06,0.07,0.93,0.94,0.01,0.01,77752.7,1777179803000
1777179804.997,204.997,0.05,0.06,0.94,0.95,0.01,0.01,77752.7,1777179803000
1777179805.342,205.342,0.05,0.06,0.94,0.95,0.01,0.01,77752.54,1777179804000
1777179805.805,205.805,0.05,0.06,0.94,0.95,0.01,0.01,77752.54,1777179804000
1777179806.267,206.267,0.05,0.06,0.94,0.95,0.01,0.01,77752.54,1777179804000
1777179806.601,206.601,0.05,0.06,0.94,0.95,0.01,0.01,77752.54,1777179804000
1777179806.934,206.934,0.04,0.06,0.94,0.96,0.02,0.02,77751.86,1777179805000
1777179807.515,207.515,0.04,0.05,0.95,0.96,0.01,0.01,77748.01,1777179806000
1777179807.936,207.936,0.04,0.05,0.95,0.96,0.01,0.01,77748.01,1777179806000
1777179808.41,208.41,0.04,0.05,0.95,0.96,0.01,0.01,77746.21,1777179807000
1777179808.926,208.926,0.04,0.05,0.95,0.96,0.01,0.01,77746.21,1777179807000
1777179809.373,209.373,0.04,0.05,0.95,0.96,0.01,0.01,77746.21,1777179807000
1777179809.9,209.9,0.04,0.05,0.95,0.96,0.01,0.01,77745.73,1777179808000
1777179810.341,210.341,0.04,0.05,0.95,0.96,0.01,0.01,77745.45,1777179809000
1777179810.68,210.68,0.04,0.05,0.95,0.96,0.01,0.01,77745.45,1777179809000
1777179811.022,211.022,0.04,0.05,0.95,0.96,0.01,0.01,77745.45,1777179809000
1777179811.373,211.373,0.04,0.05,0.95,0.96,0.01,0.01,77744.71,1777179810000
1777179811.837,211.837,0.04,0.05,0.95,0.96,0.01,0.01,77744.71,1777179810000
1777179812.186,212.186,0.04,0.05,0.95,0.96,0.01,0.01,77744.71,1777179810000
1777179812.569,212.569,0.04,0.05,0.95,0.96,0.01,0.01,77744.31,1777179811000
1777179813.052,213.052,0.03,0.05,0.95,0.96,0.02,0.01,77744.31,1777179811000
1777179813.471,213.471,0.03,0.04,0.96,0.97,0.01,0.01,77744.31,1777179811000
1777179813.905,213.905,0.03,0.04,0.96,0.97,0.01,0.01,77742.57,1777179812000
1777179814.271,214.271,0.03,0.04,0.96,0.97,0.01,0.01,77742.57,1777179813000
1777179814.609,214.609,0.03,0.04,0.96,0.97,0.01,0.01,77742.57,1777179813000
1777179815.46,215.46,0.03,0.04,0.96,0.97,0.01,0.01,77742.57,1777179813000
1777179815.8,215.8,0.03,0.04,0.96,0.97,0.01,0.01,77741.53,1777179814000
1777179816.145,216.145,0.03,0.04,0.96,0.97,0.01,0.01,77741.47,1777179815000
1777179816.523,216.523,0.03,0.04,0.96,0.97,0.01,0.01,77741.47,1777179815000
1777179817.025,217.025,0.03,0.04,0.96,0.97,0.01,0.01,77741.47,1777179815000
1777179817.39,217.39,0.03,0.04,0.96,0.97,0.01,0.01,77740.28,1777179816000
1777179817.733,217.733,0.03,0.05,0.95,0.96,0.02,0.01,77740.28,1777179816000
1777179818.169,218.169,0.03,0.04,0.96,0.97,0.01,0.01,77740.28,1777179817000
1777179818.719,218.719,0.03,0.04,0.96,0.97,0.01,0.01,77740.28,1777179817000
1777179819.101,219.101,0.03,0.04,0.96,0.97,0.01,0.01,77740.28,1777179817000
1777179819.601,219.601,0.03,0.04,0.96,0.97,0.01,0.01,77740.28,1777179817000
1777179819.975,219.975,0.03,0.04,0.95,0.97,0.01,0.02,77740.26,1777179818000
1777179820.394,220.394,0.03,0.04,0.96,0.97,0.01,0.01,77740.26,1777179818000
1777179820.73,220.73,0.03,0.04,0.96,0.97,0.01,0.01,77740.26,1777179819000
1777179821.093,221.093,0.03,0.04,0.96,0.97,0.01,0.01,77740.26,1777179819000
1777179821.459,221.459,0.04,0.05,0.95,0.96,0.01,0.01,77740.26,1777179819000
1777179821.799,221.799,0.04,0.06,0.95,0.96,0.02,0.01,77739.72,1777179820000
1777179822.416,222.416,0.05,0.06,0.94,0.95,0.01,0.01,77738.41,1777179821000
1777179822.831,222.831,0.05,0.06,0.94,0.95,0.01,0.01,77738.41,1777179821000
1777179823.697,223.697,0.05,0.06,0.94,0.95,0.01,0.01,77738.41,1777179821000
1777179824.153,224.153,0.05,0.06,0.94,0.95,0.01,0.01,77740.63,1777179822000
1777179824.677,224.677,0.05,0.06,0.94,0.95,0.01,0.01,77740.63,1777179822000
1777179825.194,225.194,0.05,0.06,0.94,0.95,0.01,0.01,77744.39,1777179823000
1777179825.555,225.555,0.05,0.06,0.94,0.95,0.01,0.01,77746.23,1777179824000
1777179826.008,226.008,0.04,0.05,0.94,0.96,0.01,0.02,77746.23,1777179824000
1777179826.582,226.582,0.04,0.05,0.95,0.96,0.01,0.01,77746.23,1777179824000
1777179826.922,226.922,0.03,0.04,0.96,0.97,0.01,0.01,77747.03,1777179825000
1777179827.346,227.346,0.03,0.04,0.96,0.97,0.01,0.01,77747.03,1777179825000
1777179827.857,227.857,0.03,0.04,0.96,0.97,0.01,0.01,77747.04,1777179826000
1777179828.44,228.44,0.03,0.04,0.96,0.97,0.01,0.01,77747.04,1777179826000
1777179829.115,229.115,0.03,0.04,0.96,0.97,0.01,0.01,77748.32,1777179827000
1777179829.624,229.624,0.03,0.04,0.96,0.97,0.01,0.01,77748.32,1777179828000
1777179830.271,230.271,0.03,0.04,0.96,0.97,0.01,0.01,77748.32,1777179828000
1777179831.009,231.009,0.03,0.04,0.96,0.97,0.01,0.01,77748.32,1777179829000
1777179832.569,232.569,0.03,0.04,0.96,0.97,0.01,0.01,77748.32,1777179830000
1777179833.069,233.069,0.03,0.04,0.96,0.97,0.01,0.01,77748.79,1777179831000
1777179833.468,233.468,0.03,0.04,0.96,0.97,0.01,0.01,77748.79,1777179831000
1777179833.971,233.971,0.03,0.04,0.96,0.97,0.01,0.01,77748.79,1777179833000
1777179834.62,234.62,0.03,0.04,0.96,0.97,0.01,0.01,77748.79,1777179833000
1777179835.338,235.338,0.03,0.05,0.96,0.97,0.02,0.01,77748.81,1777179834000
1777179835.899,235.899,0.03,0.05,0.95,0.97,0.02,0.02,77748.81,1777179835000
1777179836.45,236.45,0.04,0.05,0.95,0.97,0.01,0.02,77748.81,1777179835000
1777179836.882,236.882,0.03,0.04,0.96,0.97,0.01,0.01,77748.81,1777179836000
1777179837.484,237.484,0.03,0.04,0.96,0.97,0.01,0.01,77748.81,1777179836000
1777179837.873,237.873,0.03,0.04,0.96,0.97,0.01,0.01,77746.14,1777179837000
1777179838.244,238.244,0.03,0.04,0.96,0.97,0.01,0.01,77746.14,1777179837000
1777179838.652,238.652,0.03,0.04,0.96,0.97,0.01,0.01,77746.14,1777179837000
1777179839.265,239.265,0.02,0.04,0.96,0.98,0.02,0.02,77741.04,1777179838000
1777179839.608,239.608,0.02,0.03,0.97,0.98,0.01,0.01,77741.04,1777179838000
1777179840.069,240.069,0.02,0.03,0.97,0.98,0.01,0.01,77741.04,1777179838000
1777179840.431,240.431,0.02,0.03,0.97,0.98,0.01,0.01,77740.3,1777179839000
1777179840.786,240.786,0.02,0.03,0.97,0.98,0.01,0.01,77740.3,1777179839000
1777179841.159,241.159,0.02,0.03,0.97,0.98,0.01,0.01,77740.3,1777179839000
1777179841.519,241.519,0.02,0.03,0.97,0.98,0.01,0.01,77739.37,1777179840000
1777179841.912,241.912,0.02,0.03,0.97,0.98,0.01,0.01,77739.37,1777179840000
1777179842.274,242.274,0.02,0.03,0.97,0.98,0.01,0.01,77737.48,1777179841000
1777179842.677,242.677,0.02,0.03,0.97,0.98,0.01,0.01,77737.48,1777179841000
1777179843.121,243.121,0.02,0.03,0.97,0.98,0.01,0.01,77737.48,1777179841000
1777179843.803,243.803,0.02,0.03,0.97,0.98,0.01,0.01,77737.5,1777179843000
1777179844.147,244.147,0.02,0.03,0.97,0.98,0.01,0.01,77737.5,1777179843000
1777179844.762,244.762,0.02,0.03,0.97,0.98,0.01,0.01,77737.5,1777179843000
1777179845.14,245.14,0.02,0.03,0.97,0.98,0.01,0.01,77737.5,1777179843000
1777179845.612,245.612,0.02,0.03,0.97,0.98,0.01,0.01,77737.48,1777179844000
1777179846.131,246.131,0.02,0.03,0.97,0.98,0.01,0.01,77737.48,1777179845000
1777179846.66,246.66,0.02,0.03,0.97,0.98,0.01,0.01,77737.48,1777179845000
1777179847.062,247.062,0.02,0.03,0.97,0.98,0.01,0.01,77737.49,1777179846000
1777179847.4,247.4,0.02,0.03,0.97,0.98,0.01,0.01,77737.49,1777179846000
1777179847.902,247.902,0.02,0.03,0.97,0.98,0.01,0.01,77737.49,1777179846000
1777179848.405,248.405,0.02,0.03,0.97,0.98,0.01,0.01,77737.49,1777179846000
1777179848.747,248.747,0.02,0.03,0.97,0.98,0.01,0.01,77737.56,1777179847000
1777179849.199,249.199,0.02,0.03,0.97,0.98,0.01,0.01,77737.86,1777179848000
1777179849.787,249.787,0.02,0.03,0.97,0.98,0.01,0.01,77737.86,1777179848000
1777179850.18,250.18,0.02,0.03,0.97,0.98,0.01,0.01,77737.52,1777179849000
1777179851.19,251.19,0.02,0.03,0.97,0.98,0.01,0.01,77737.52,1777179849000
1777179851.54,251.54,0.02,0.03,0.97,0.98,0.01,0.01,77736.2,1777179850000
1777179852.327,252.327,0.02,0.03,0.97,0.98,0.01,0.01,77736.2,1777179850000
1777179852.662,252.662,0.02,0.03,0.97,0.98,0.01,0.01,77737.72,1777179851000
1777179853.004,253.004,0.02,0.03,0.97,0.98,0.01,0.01,77737.54,1777179852000
1777179853.512,253.512,0.02,0.03,0.97,0.98,0.01,0.01,77737.54,1777179852000
1777179853.871,253.871,0.02,0.03,0.97,0.98,0.01,0.01,77737.54,1777179852000
1777179854.565,254.565,0.02,0.03,0.97,0.98,0.01,0.01,77735.71,1777179853000
1777179854.938,254.938,0.02,0.03,0.97,0.98,0.01,0.01,77735.71,1777179853000
1777179855.355,255.355,0.01,0.02,0.98,0.99,0.01,0.01,77735.71,1777179854000
1777179855.76,255.76,0.01,0.02,0.98,0.99,0.01,0.01,77735.71,1777179854000
1777179856.265,256.265,0.01,0.02,0.98,0.99,0.01,0.01,77735.71,1777179854000
1777179856.639,256.639,0.01,0.02,0.98,0.99,0.01,0.01,77735.33,1777179855000
1777179857.005,257.005,0.01,0.02,0.98,0.99,0.01,0.01,77735.33,1777179855000
1777179857.64,257.64,0.01,0.02,0.98,0.99,0.01,0.01,77734.93,1777179856000
1777179858.259,258.259,0.01,0.02,0.98,0.99,0.01,0.01,77734.57,1777179857000
1777179858.945,258.945,0.01,0.02,0.98,0.99,0.01,0.01,77734.57,1777179857000
1777179859.337,259.337,0.01,0.02,0.98,0.99,0.01,0.01,77734.57,1777179857000
1777179860.153,260.153,0.01,0.02,0.98,0.99,0.01,0.01,77734.06,1777179858000
1777179860.611,260.611,0.01,0.02,0.98,0.99,0.01,0.01,77734.7,1777179859000
1777179860.965,260.965,0.01,0.02,0.98,0.99,0.01,0.01,77734.7,1777179859000
1777179861.302,261.302,0.01,0.02,0.98,0.99,0.01,0.01,77734.79,1777179860000
1777179862.223,262.223,0.02,0.03,0.98,0.99,0.01,0.01,77734.79,1777179860000
1777179862.556,262.556,0.02,0.03,0.97,0.98,0.01,0.01,77734.79,1777179860000
1777179862.93,262.93,0.02,0.03,0.97,0.98,0.01,0.01,77734.56,1777179861000
1777179863.284,263.284,0.02,0.03,0.97,0.98,0.01,0.01,77734.75,1777179862000
1777179863.696,263.696,0.01,0.02,0.98,0.99,0.01,0.01,77734.75,1777179862000
1777179864.283,264.283,0.01,0.02,0.98,0.99,0.01,0.01,77734.75,1777179862000
1777179864.767,264.767,0.01,0.02,0.98,0.99,0.01,0.01,77734.92,1777179863000
1777179865.104,265.104,0.01,0.02,0.98,0.99,0.01,0.01,77734.92,1777179864000
1777179865.897,265.897,0.01,0.02,0.98,0.99,0.01,0.01,77734.92,1777179864000
1777179866.626,266.626,0.01,0.02,0.98,0.99,0.01,0.01,77734.77,1777179865000
1777179867.196,267.196,0.01,0.02,0.98,0.99,0.01,0.01,77734.67,1777179866000
1777179868.014,268.014,0.01,0.02,0.98,0.99,0.01,0.01,77734.67,1777179866000
1777179868.421,268.421,0.01,0.02,0.98,0.99,0.01,0.01,77734.67,1777179866000
1777179869.035,269.035,0.01,0.02,0.98,0.99,0.01,0.01,77734.65,1777179867000
1777179870.012,270.012,0.01,0.02,0.98,0.99,0.01,0.01,77734.64,1777179868000
1777179870.362,270.362,0.01,0.02,0.98,0.99,0.01,0.01,77734.64,1777179868000
1777179870.817,270.817,0.01,0.02,0.98,0.99,0.01,0.01,77734.49,1777179869000
1777179871.417,271.417,0.01,0.02,0.98,0.99,0.01,0.01,77734.49,1777179870000
1777179871.8,271.8,0.01,0.02,0.98,0.99,0.01,0.01,77734.49,1777179870000
1777179872.272,272.272,0.01,0.02,0.98,0.99,0.01,0.01,77735.08,1777179871000
1777179872.892,272.892,0.01,0.02,0.98,0.99,0.01,0.01,77735.08,1777179871000
1777179873.286,273.286,0.01,0.02,0.98,0.99,0.01,0.01,77735.18,1777179872000
1777179873.64,273.64,0.01,0.02,0.98,0.99,0.01,0.01,77735.18,1777179872000
1777179874.38,274.38,0.01,0.02,0.98,0.99,0.01,0.01,77735.67,1777179873000
1777179874.744,274.744,0.01,0.02,0.98,0.99,0.01,0.01,77735.67,1777179873000
1777179875.348,275.348,0.01,0.02,0.98,0.99,0.01,0.01,77735.89,1777179874000
1777179875.835,275.835,0.01,0.02,0.98,0.99,0.01,0.01,77735.89,1777179874000
1777179876.28,276.28,0.01,0.02,0.98,0.99,0.01,0.01,77735.89,1777179875000
1777179876.662,276.662,0.01,0.02,0.98,0.99,0.01,0.01,77735.89,1777179875000
1777179877.055,277.055,0.01,0.02,0.98,0.99,0.01,0.01,77735.89,1777179875000
1777179877.4,277.4,0.01,0.01,0.98,0.99,0.0,0.01,77735.89,1777179875000
1777179877.754,277.754,0.01,0.01,0.99,0.99,0.0,0.0,77735.31,1777179876000
1777179878.281,278.281,0.01,0.01,0.99,0.99,0.0,0.0,77735.31,1777179876000
1777179878.913,278.913,0.01,0.01,0.99,0.99,0.0,0.0,77735.24,1777179878000
1777179879.502,279.502,0.01,0.01,0.99,0.99,0.0,0.0,77735.24,1777179878000
1777179879.908,279.908,0.01,0.01,0.99,0.99,0.0,0.0,77735.24,1777179878000
1777179880.889,280.889,0.01,0.01,0.99,0.99,0.0,0.0,77735.25,1777179879000
1777179881.549,281.549,0.01,0.01,0.99,0.99,0.0,0.0,77735.07,1777179880000
1777179881.894,281.894,0.01,0.01,0.99,0.99,0.0,0.0,77735.07,1777179880000
1777179883.243,283.243,0.01,0.01,0.99,0.99,0.0,0.0,77735.1,1777179882000
1777179883.582,283.582,0.01,0.01,0.99,0.99,0.0,0.0,77735.1,1777179882000
1777179883.948,283.948,0.01,0.02,0.99,0.99,0.01,0.0,77735.1,1777179882000
1777179884.697,284.697,0.01,0.01,0.99,0.99,0.0,0.0,77741.11,1777179883000
1777179885.171,285.171,0.01,0.01,0.99,0.99,0.0,0.0,77745.85,1777179884000
1777179886.195,286.195,0.01,0.01,0.99,0.99,0.0,0.0,77746.01,1777179885000
1777179886.688,286.688,0.01,0.01,0.99,0.99,0.0,0.0,77746.01,1777179885000
1777179887.229,287.229,0.01,0.01,0.99,0.99,0.0,0.0,77746.15,1777179886000
1777179888.817,288.817,0.01,0.01,0.99,0.99,0.0,0.0,77746.24,1777179887000
1777179889.421,289.421,0.01,0.01,0.98,0.99,0.0,0.01,77746.24,1777179887000
1777179890.0,290.0,0.01,0.01,0.99,0.99,0.0,0.0,77746.13,1777179889000
1777179891.201,291.201,0.01,0.01,0.99,0.99,0.0,0.0,77746.13,1777179890000
1777179891.848,291.848,0.01,0.01,0.99,0.99,0.0,0.0,77746.13,1777179890000
1777179892.396,292.396,0.01,0.01,0.99,0.99,0.0,0.0,77746.18,1777179891000
1777179893.039,293.039,0.01,0.01,0.99,0.99,0.0,0.0,77746.7,1777179892000
1777179893.433,293.433,0.01,0.01,0.99,0.99,0.0,0.0,77746.7,1777179892000
1777179893.993,293.993,0.01,0.01,0.99,0.99,0.0,0.0,77746.96,1777179893000
1777179894.814,294.814,0.01,0.01,0.99,0.99,0.0,0.0,77746.96,1777179893000
1777179895.71,295.71,0.01,0.01,0.99,0.99,0.0,0.0,77746.88,1777179894000
1777179896.134,296.134,0.01,0.01,0.99,0.99,0.0,0.0,77746.88,1777179895000
1777179897.038,297.038,0.01,0.01,0.99,0.99,0.0,0.0,77746.88,1777179895000
1777179897.813,297.813,0.01,0.01,0.99,0.99,0.0,0.0,77746.88,1777179895000
1777179898.413,298.413,0.01,0.01,0.99,0.99,0.0,0.0,77747.41,1777179897000
1777179898.918,298.918,0.01,0.01,0.99,0.99,0.0,0.0,77747.41,1777179897000
1777179900.276,300.276,0.01,0.01,0.99,0.99,0.0,0.0,77747.3,1777179899000
1777179900.779,300.779,0.01,0.01,0.99,0.99,0.0,0.0,77747.3,1777179899000
1777179902.115,302.115,0.01,0.01,0.99,0.99,0.0,0.0,77747.25,1777179901000

# RESULT,winner=Down,slug=btc-updown-5m-1777179600,ticks=614
