timestamp,elapsed_sec,up_bid,up_ask,down_bid,down_ask,up_spread,down_spread,btc_price,btc_oracle_ts
1776754200.529,0.529,0.48,0.5,0.5,0.52,0.02,0.02,76062.41,1776754199000
1776754200.881,0.881,0.48,0.49,0.51,0.52,0.01,0.01,76062.41,1776754199000
1776754201.445,1.445,0.44,0.45,0.52,0.53,0.01,0.01,76062.41,1776754199000
1776754202.126,2.126,0.44,0.45,0.55,0.56,0.01,0.01,76058.45,1776754200000
1776754202.54,2.54,0.44,0.45,0.55,0.56,0.01,0.01,76058.45,1776754200000
1776754203.295,3.295,0.44,0.45,0.55,0.56,0.01,0.01,76056.48,1776754202000
1776754204.331,4.331,0.44,0.45,0.55,0.56,0.01,0.01,76056.48,1776754202000
1776754204.892,4.892,0.44,0.45,0.55,0.56,0.01,0.01,76054.36,1776754203000
1776754205.328,5.328,0.44,0.45,0.55,0.56,0.01,0.01,76047.9,1776754204000
1776754205.662,5.662,0.38,0.41,0.59,0.62,0.03,0.03,76047.9,1776754204000
1776754206.117,6.117,0.36,0.42,0.58,0.64,0.06,0.06,76047.9,1776754204000
1776754206.451,6.451,0.42,0.43,0.57,0.58,0.01,0.01,76046.59,1776754205000
1776754206.797,6.797,0.38,0.42,0.58,0.62,0.04,0.04,76046.59,1776754205000
1776754207.159,7.159,0.38,0.39,0.61,0.62,0.01,0.01,76046.59,1776754205000
1776754207.553,7.553,0.38,0.39,0.61,0.62,0.01,0.01,76046.44,1776754206000
1776754207.99,7.99,0.38,0.39,0.61,0.62,0.01,0.01,76046.44,1776754206000
1776754208.364,8.364,0.37,0.38,0.62,0.63,0.01,0.01,76046.44,1776754206000
1776754208.703,8.703,0.37,0.38,0.62,0.63,0.01,0.01,76046.33,1776754207000
1776754209.157,9.157,0.37,0.38,0.62,0.63,0.01,0.01,76046.33,1776754207000
1776754209.6,9.6,0.37,0.38,0.62,0.63,0.01,0.01,76046.33,1776754208000
1776754210.004,10.004,0.37,0.38,0.62,0.63,0.01,0.01,76046.33,1776754208000
1776754210.406,10.406,0.37,0.38,0.62,0.63,0.01,0.01,76045.55,1776754209000
1776754210.787,10.787,0.37,0.38,0.62,0.63,0.01,0.01,76045.55,1776754209000
1776754211.126,11.126,0.38,0.39,0.61,0.62,0.01,0.01,76045.55,1776754209000
1776754211.479,11.479,0.38,0.4,0.61,0.62,0.02,0.01,76045.51,1776754210000
1776754211.994,11.994,0.39,0.4,0.6,0.61,0.01,0.01,76045.51,1776754210000
1776754212.416,12.416,0.39,0.4,0.6,0.61,0.01,0.01,76045.51,1776754210000
1776754212.821,12.821,0.39,0.4,0.6,0.61,0.01,0.01,76045.53,1776754211000
1776754213.198,13.198,0.38,0.39,0.61,0.62,0.01,0.01,76045.53,1776754212000
1776754213.687,13.687,0.38,0.39,0.61,0.62,0.01,0.01,76045.53,1776754212000
1776754214.102,14.102,0.38,0.39,0.61,0.62,0.01,0.01,76045.53,1776754212000
1776754214.546,14.546,0.38,0.39,0.61,0.62,0.01,0.01,76046.47,1776754213000
1776754215.07,15.07,0.38,0.39,0.61,0.62,0.01,0.01,76046.47,1776754213000
1776754215.583,15.583,0.38,0.39,0.61,0.62,0.01,0.01,76046.39,1776754214000
1776754215.954,15.954,0.38,0.39,0.61,0.62,0.01,0.01,76046.39,1776754214000
1776754216.399,16.399,0.38,0.4,0.61,0.62,0.02,0.01,76046.42,1776754215000
1776754216.783,16.783,0.39,0.4,0.6,0.61,0.01,0.01,76046.42,1776754215000
1776754217.247,17.247,0.39,0.41,0.6,0.61,0.02,0.01,76046.42,1776754215000
1776754217.796,17.796,0.4,0.41,0.59,0.6,0.01,0.01,76046.27,1776754216000
1776754218.199,18.199,0.4,0.41,0.59,0.6,0.01,0.01,76046.32,1776754217000
1776754218.54,18.54,0.4,0.41,0.59,0.6,0.01,0.01,76046.32,1776754217000
1776754218.91,18.91,0.4,0.41,0.59,0.6,0.01,0.01,76046.32,1776754217000
1776754219.266,19.266,0.4,0.41,0.59,0.6,0.01,0.01,76046.32,1776754217000
1776754219.65,19.65,0.38,0.39,0.61,0.62,0.01,0.01,76046.32,1776754217000
1776754220.003,20.003,0.38,0.39,0.61,0.62,0.01,0.01,76046.32,1776754217000
1776754220.386,20.386,0.38,0.39,0.61,0.62,0.01,0.01,76046.75,1776754218000
1776754220.818,20.818,0.38,0.39,0.61,0.62,0.01,0.01,76045.02,1776754219000
1776754221.248,21.248,0.38,0.39,0.61,0.62,0.01,0.01,76045.02,1776754220000
1776754221.634,21.634,0.38,0.39,0.61,0.62,0.01,0.01,76045.02,1776754220000
1776754221.998,21.998,0.38,0.39,0.61,0.62,0.01,0.01,76045.02,1776754220000
1776754222.672,22.672,0.38,0.39,0.61,0.62,0.01,0.01,76044.77,1776754221000
1776754223.171,23.171,0.4,0.41,0.59,0.6,0.01,0.01,76044.77,1776754221000
1776754223.592,23.592,0.4,0.41,0.59,0.6,0.01,0.01,76044.75,1776754222000
1776754223.983,23.983,0.4,0.41,0.59,0.6,0.01,0.01,76044.75,1776754222000
1776754224.484,24.484,0.4,0.42,0.59,0.6,0.02,0.01,76045.25,1776754223000
1776754224.926,24.926,0.4,0.41,0.58,0.6,0.01,0.02,76045.25,1776754223000
1776754225.537,25.537,0.4,0.41,0.59,0.6,0.01,0.01,76046.0,1776754224000
1776754225.941,25.941,0.4,0.41,0.59,0.6,0.01,0.01,76046.0,1776754224000
1776754226.295,26.295,0.39,0.41,0.59,0.6,0.02,0.01,76046.0,1776754225000
1776754226.704,26.704,0.39,0.4,0.6,0.61,0.01,0.01,76046.0,1776754225000
1776754227.184,27.184,0.39,0.4,0.6,0.61,0.01,0.01,76046.0,1776754225000
1776754227.976,27.976,0.39,0.4,0.6,0.61,0.01,0.01,76045.86,1776754226000
1776754228.5,28.5,0.39,0.4,0.6,0.61,0.01,0.01,76045.86,1776754227000
1776754229.106,29.106,0.4,0.41,0.59,0.61,0.01,0.02,76045.86,1776754227000
1776754229.607,29.607,0.4,0.41,0.59,0.6,0.01,0.01,76046.06,1776754228000
1776754230.038,30.038,0.4,0.41,0.59,0.6,0.01,0.01,76046.06,1776754228000
1776754230.399,30.399,0.4,0.41,0.59,0.6,0.01,0.01,76045.94,1776754229000
1776754230.769,30.769,0.39,0.41,0.59,0.6,0.02,0.01,76045.94,1776754229000
1776754231.344,31.344,0.39,0.4,0.59,0.61,0.01,0.02,76045.94,1776754229000
1776754231.714,31.714,0.39,0.4,0.6,0.61,0.01,0.01,76045.99,1776754230000
1776754232.061,32.061,0.39,0.4,0.6,0.61,0.01,0.01,76046.07,1776754231000
1776754232.439,32.439,0.39,0.4,0.6,0.61,0.01,0.01,76046.07,1776754231000
1776754232.956,32.956,0.39,0.4,0.6,0.61,0.01,0.01,76046.07,1776754231000
1776754233.29,33.29,0.39,0.4,0.6,0.61,0.01,0.01,76046.08,1776754232000
1776754233.662,33.662,0.39,0.4,0.6,0.61,0.01,0.01,76046.08,1776754232000
1776754234.295,34.295,0.39,0.4,0.6,0.61,0.01,0.01,76046.08,1776754232000
1776754234.681,34.681,0.39,0.4,0.6,0.61,0.01,0.01,76046.07,1776754233000
1776754235.06,35.06,0.39,0.4,0.6,0.61,0.01,0.01,76046.06,1776754234000
1776754235.507,35.507,0.41,0.42,0.58,0.59,0.01,0.01,76046.06,1776754234000
1776754235.871,35.871,0.41,0.42,0.58,0.59,0.01,0.01,76046.06,1776754234000
1776754236.278,36.278,0.4,0.41,0.59,0.6,0.01,0.01,76045.94,1776754235000
1776754236.814,36.814,0.4,0.41,0.59,0.6,0.01,0.01,76045.94,1776754235000
1776754237.171,37.171,0.39,0.4,0.6,0.61,0.01,0.01,76045.94,1776754235000
1776754237.788,37.788,0.39,0.4,0.6,0.61,0.01,0.01,76046.92,1776754236000
1776754238.417,38.417,0.39,0.4,0.6,0.61,0.01,0.01,76046.92,1776754236000
1776754238.811,38.811,0.39,0.4,0.6,0.61,0.01,0.01,76045.98,1776754237000
1776754239.154,39.154,0.38,0.39,0.6,0.62,0.01,0.02,76045.95,1776754238000
1776754239.918,39.918,0.38,0.39,0.61,0.62,0.01,0.01,76045.95,1776754238000
1776754240.311,40.311,0.4,0.41,0.6,0.62,0.01,0.02,76045.78,1776754239000
1776754240.915,40.915,0.4,0.41,0.59,0.6,0.01,0.01,76045.78,1776754239000
1776754242.155,42.155,0.4,0.43,0.59,0.6,0.03,0.01,76045.73,1776754240000
1776754242.903,42.903,0.4,0.41,0.59,0.6,0.01,0.01,76046.23,1776754242000
1776754243.244,43.244,0.44,0.45,0.55,0.56,0.01,0.01,76046.23,1776754242000
1776754243.726,43.726,0.49,0.51,0.5,0.51,0.02,0.01,76046.23,1776754242000
1776754244.098,44.098,0.5,0.51,0.49,0.5,0.01,0.01,76058.8,1776754243000
1776754244.437,44.437,0.51,0.52,0.49,0.5,0.01,0.01,76058.8,1776754243000
1776754245.13,45.13,0.51,0.52,0.47,0.49,0.01,0.02,76058.8,1776754243000
1776754245.542,45.542,0.52,0.53,0.47,0.49,0.01,0.02,76059.45,1776754244000
1776754245.879,45.879,0.53,0.54,0.46,0.47,0.01,0.01,76059.45,1776754244000
1776754246.271,46.271,0.55,0.57,0.43,0.45,0.02,0.02,76059.45,1776754244000
1776754246.629,46.629,0.55,0.56,0.44,0.45,0.01,0.01,76059.45,1776754244000
1776754247.019,47.019,0.55,0.56,0.44,0.45,0.01,0.01,76059.85,1776754245000
1776754247.366,47.366,0.55,0.56,0.44,0.45,0.01,0.01,76059.85,1776754246000
1776754247.796,47.796,0.52,0.53,0.44,0.48,0.01,0.04,76059.85,1776754246000
1776754248.132,48.132,0.52,0.53,0.47,0.48,0.01,0.01,76059.88,1776754247000
1776754248.841,48.841,0.52,0.53,0.47,0.48,0.01,0.01,76059.88,1776754247000
1776754249.422,49.422,0.52,0.53,0.47,0.48,0.01,0.01,76061.96,1776754248000
1776754249.782,49.782,0.52,0.53,0.47,0.48,0.01,0.01,76061.96,1776754248000
1776754250.185,50.185,0.52,0.53,0.47,0.48,0.01,0.01,76061.96,1776754248000
1776754250.68,50.68,0.52,0.53,0.47,0.48,0.01,0.01,76061.96,1776754248000
1776754251.042,51.042,0.52,0.53,0.47,0.48,0.01,0.01,76059.83,1776754249000
1776754251.507,51.507,0.52,0.53,0.47,0.48,0.01,0.01,76059.89,1776754250000
1776754251.989,51.989,0.52,0.53,0.47,0.48,0.01,0.01,76059.89,1776754250000
1776754252.607,52.607,0.52,0.53,0.47,0.48,0.01,0.01,76059.95,1776754251000
1776754253.029,53.029,0.51,0.52,0.47,0.49,0.01,0.02,76059.95,1776754251000
1776754253.459,53.459,0.51,0.52,0.48,0.49,0.01,0.01,76059.93,1776754252000
1776754253.806,53.806,0.51,0.52,0.48,0.49,0.01,0.01,76059.93,1776754252000
1776754254.184,54.184,0.51,0.52,0.48,0.49,0.01,0.01,76059.93,1776754252000
1776754254.625,54.625,0.51,0.52,0.48,0.49,0.01,0.01,76059.89,1776754253000
1776754255.04,55.04,0.51,0.52,0.48,0.49,0.01,0.01,76059.89,1776754253000
1776754255.429,55.429,0.51,0.52,0.48,0.49,0.01,0.01,76059.89,1776754253000
1776754255.831,55.831,0.51,0.52,0.48,0.49,0.01,0.01,76059.93,1776754254000
1776754256.818,56.818,0.51,0.52,0.48,0.49,0.01,0.01,76059.93,1776754255000
1776754257.538,57.538,0.51,0.52,0.48,0.49,0.01,0.01,76059.94,1776754256000
1776754257.936,57.936,0.51,0.52,0.48,0.49,0.01,0.01,76059.94,1776754256000
1776754258.562,58.562,0.51,0.52,0.48,0.49,0.01,0.01,76059.83,1776754257000
1776754259.092,59.092,0.51,0.52,0.48,0.49,0.01,0.01,76059.92,1776754258000
1776754259.69,59.69,0.51,0.52,0.48,0.49,0.01,0.01,76059.92,1776754258000
1776754260.152,60.152,0.51,0.52,0.48,0.49,0.01,0.01,76059.92,1776754258000
1776754260.571,60.571,0.51,0.52,0.48,0.49,0.01,0.01,76059.89,1776754259000
1776754261.277,61.277,0.51,0.52,0.48,0.49,0.01,0.01,76059.89,1776754259000
1776754262.454,62.454,0.52,0.54,0.47,0.49,0.02,0.02,76059.92,1776754260000
1776754262.791,62.791,0.53,0.57,0.44,0.47,0.04,0.03,76059.92,1776754260000
1776754263.165,63.165,0.53,0.57,0.43,0.47,0.04,0.04,76059.98,1776754261000
1776754263.915,63.915,0.53,0.57,0.43,0.47,0.04,0.04,76060.07,1776754262000
1776754264.398,64.398,0.55,0.56,0.44,0.45,0.01,0.01,76060.07,1776754262000
1776754264.784,64.784,0.55,0.56,0.44,0.45,0.01,0.01,76060.07,1776754262000
1776754265.396,65.396,0.55,0.56,0.44,0.45,0.01,0.01,76061.7,1776754263000
1776754265.795,65.795,0.55,0.56,0.44,0.45,0.01,0.01,76061.5,1776754264000
1776754266.323,66.323,0.55,0.56,0.44,0.45,0.01,0.01,76061.12,1776754265000
1776754266.67,66.67,0.55,0.56,0.44,0.45,0.01,0.01,76061.12,1776754265000
1776754267.034,67.034,0.54,0.55,0.44,0.46,0.01,0.02,76061.12,1776754265000
1776754267.663,67.663,0.53,0.54,0.46,0.47,0.01,0.01,76061.12,1776754265000
1776754268.119,68.119,0.53,0.54,0.46,0.47,0.01,0.01,76059.55,1776754266000
1776754268.491,68.491,0.52,0.53,0.47,0.48,0.01,0.01,76059.55,1776754266000
1776754268.879,68.879,0.52,0.53,0.47,0.48,0.01,0.01,76061.13,1776754267000
1776754269.307,69.307,0.52,0.53,0.47,0.48,0.01,0.01,76061.13,1776754268000
1776754270.121,70.121,0.52,0.53,0.47,0.48,0.01,0.01,76061.13,1776754268000
1776754270.816,70.816,0.52,0.53,0.47,0.48,0.01,0.01,76061.03,1776754269000
1776754271.517,71.517,0.52,0.53,0.47,0.48,0.01,0.01,76059.43,1776754270000
1776754271.904,71.904,0.52,0.53,0.47,0.48,0.01,0.01,76059.43,1776754270000
1776754272.367,72.367,0.52,0.53,0.47,0.48,0.01,0.01,76061.13,1776754271000
1776754273.302,73.302,0.52,0.53,0.47,0.48,0.01,0.01,76061.13,1776754271000
1776754273.664,73.664,0.46,0.49,0.51,0.54,0.03,0.03,76058.52,1776754272000
1776754274.142,74.142,0.44,0.46,0.54,0.55,0.02,0.01,76058.52,1776754272000
1776754274.488,74.488,0.42,0.45,0.55,0.58,0.03,0.03,76058.52,1776754272000
1776754274.825,74.825,0.39,0.4,0.6,0.61,0.01,0.01,76056.68,1776754273000
1776754275.187,75.187,0.37,0.39,0.61,0.63,0.02,0.02,76056.68,1776754273000
1776754275.539,75.539,0.37,0.38,0.61,0.63,0.01,0.02,76056.68,1776754273000
1776754275.885,75.885,0.37,0.38,0.62,0.63,0.01,0.01,76056.68,1776754273000
1776754276.225,76.225,0.35,0.38,0.62,0.63,0.03,0.01,76050.58,1776754274000
1776754276.622,76.622,0.3,0.38,0.62,0.7,0.08,0.08,76050.58,1776754274000
1776754277.301,77.301,0.3,0.31,0.68,0.7,0.01,0.02,76046.88,1776754275000
1776754277.67,77.67,0.3,0.31,0.69,0.7,0.01,0.01,76046.88,1776754275000
1776754278.525,78.525,0.3,0.31,0.69,0.7,0.01,0.01,76038.15,1776754277000
1776754278.954,78.954,0.3,0.31,0.69,0.7,0.01,0.01,76038.15,1776754277000
1776754279.424,79.424,0.3,0.31,0.69,0.7,0.01,0.01,76037.84,1776754278000
1776754279.862,79.862,0.3,0.31,0.69,0.7,0.01,0.01,76037.84,1776754278000
1776754280.204,80.204,0.3,0.31,0.69,0.7,0.01,0.01,76037.84,1776754278000
1776754280.651,80.651,0.3,0.31,0.69,0.7,0.01,0.01,76037.84,1776754278000
1776754281.179,81.179,0.3,0.31,0.69,0.7,0.01,0.01,76037.66,1776754279000
1776754281.565,81.565,0.3,0.31,0.69,0.7,0.01,0.01,76037.65,1776754280000
1776754281.904,81.904,0.3,0.31,0.69,0.7,0.01,0.01,76037.65,1776754280000
1776754282.309,82.309,0.32,0.33,0.67,0.7,0.01,0.03,76037.65,1776754280000
1776754282.95,82.95,0.32,0.33,0.67,0.68,0.01,0.01,76037.65,1776754280000
1776754283.298,83.298,0.32,0.33,0.67,0.68,0.01,0.01,76037.62,1776754282000
1776754283.676,83.676,0.32,0.34,0.67,0.68,0.02,0.01,76037.62,1776754282000
1776754284.034,84.034,0.33,0.34,0.66,0.67,0.01,0.01,76037.62,1776754282000
1776754284.539,84.539,0.33,0.34,0.66,0.67,0.01,0.01,76037.86,1776754283000
1776754284.932,84.932,0.32,0.33,0.67,0.68,0.01,0.01,76037.86,1776754283000
1776754285.689,85.689,0.33,0.34,0.66,0.67,0.01,0.01,76038.21,1776754284000
1776754286.153,86.153,0.33,0.34,0.66,0.67,0.01,0.01,76038.21,1776754284000
1776754286.745,86.745,0.33,0.34,0.66,0.67,0.01,0.01,76038.28,1776754285000
1776754287.14,87.14,0.31,0.32,0.66,0.68,0.01,0.02,76038.28,1776754285000
1776754287.515,87.515,0.3,0.31,0.69,0.7,0.01,0.01,76038.26,1776754286000
1776754287.998,87.998,0.3,0.31,0.69,0.7,0.01,0.01,76038.26,1776754286000
1776754288.347,88.347,0.24,0.25,0.75,0.76,0.01,0.01,76038.26,1776754286000
1776754288.729,88.729,0.23,0.24,0.76,0.77,0.01,0.01,76038.04,1776754287000
1776754289.243,89.243,0.23,0.24,0.76,0.77,0.01,0.01,76037.95,1776754288000
1776754289.621,89.621,0.23,0.24,0.76,0.77,0.01,0.01,76037.95,1776754288000
1776754289.98,89.98,0.23,0.24,0.76,0.77,0.01,0.01,76037.95,1776754288000
1776754290.455,90.455,0.23,0.24,0.76,0.77,0.01,0.01,76034.05,1776754289000
1776754290.792,90.792,0.23,0.24,0.76,0.77,0.01,0.01,76034.05,1776754289000
1776754291.214,91.214,0.23,0.24,0.76,0.77,0.01,0.01,76034.05,1776754289000
1776754291.652,91.652,0.23,0.24,0.76,0.77,0.01,0.01,76030.6,1776754290000
1776754292.002,92.002,0.23,0.24,0.76,0.77,0.01,0.01,76030.6,1776754290000
1776754292.386,92.386,0.23,0.24,0.76,0.77,0.01,0.01,76031.66,1776754291000
1776754292.777,92.777,0.23,0.24,0.76,0.77,0.01,0.01,76031.66,1776754291000
1776754293.643,93.643,0.23,0.24,0.76,0.77,0.01,0.01,76031.66,1776754292000
1776754294.077,94.077,0.22,0.24,0.76,0.77,0.02,0.01,76031.66,1776754292000
1776754294.439,94.439,0.23,0.24,0.76,0.78,0.01,0.02,76031.23,1776754293000
1776754294.932,94.932,0.23,0.24,0.76,0.77,0.01,0.01,76031.23,1776754293000
1776754295.657,95.657,0.26,0.27,0.72,0.74,0.01,0.02,76030.97,1776754294000
1776754296.034,96.034,0.26,0.27,0.73,0.74,0.01,0.01,76030.97,1776754294000
1776754296.57,96.57,0.26,0.27,0.73,0.74,0.01,0.01,76030.83,1776754295000
1776754297.065,97.065,0.26,0.27,0.73,0.74,0.01,0.01,76030.83,1776754295000
1776754297.498,97.498,0.26,0.27,0.73,0.74,0.01,0.01,76030.83,1776754295000
1776754297.945,97.945,0.26,0.27,0.73,0.74,0.01,0.01,76031.57,1776754296000
1776754298.469,98.469,0.26,0.27,0.73,0.74,0.01,0.01,76034.54,1776754297000
1776754298.832,98.832,0.3,0.31,0.69,0.71,0.01,0.02,76034.54,1776754297000
1776754299.279,99.279,0.3,0.31,0.69,0.7,0.01,0.01,76034.54,1776754297000
1776754299.614,99.614,0.3,0.31,0.69,0.7,0.01,0.01,76034.49,1776754298000
1776754300.116,100.116,0.3,0.31,0.69,0.7,0.01,0.01,76034.49,1776754298000
1776754300.804,100.804,0.3,0.31,0.69,0.7,0.01,0.01,76034.58,1776754299000
1776754301.318,101.318,0.3,0.31,0.69,0.7,0.01,0.01,76034.58,1776754299000
1776754301.736,101.736,0.3,0.31,0.69,0.7,0.01,0.01,76035.67,1776754300000
1776754302.125,102.125,0.3,0.31,0.69,0.7,0.01,0.01,76035.67,1776754300000
1776754302.468,102.468,0.35,0.38,0.61,0.65,0.03,0.04,76036.65,1776754301000
1776754302.854,102.854,0.38,0.39,0.62,0.65,0.01,0.03,76036.65,1776754301000
1776754303.256,103.256,0.38,0.39,0.61,0.62,0.01,0.01,76036.65,1776754301000
1776754303.591,103.591,0.38,0.39,0.61,0.62,0.01,0.01,76038.78,1776754302000
1776754303.924,103.924,0.39,0.4,0.6,0.61,0.01,0.01,76038.78,1776754302000
1776754304.28,104.28,0.39,0.4,0.6,0.61,0.01,0.01,76038.78,1776754302000
1776754304.631,104.631,0.41,0.42,0.58,0.59,0.01,0.01,76038.78,1776754302000
1776754305.017,105.017,0.41,0.42,0.58,0.59,0.01,0.01,76039.18,1776754303000
1776754305.397,105.397,0.41,0.42,0.58,0.59,0.01,0.01,76039.18,1776754303000
1776754305.791,105.791,0.41,0.42,0.58,0.59,0.01,0.01,76043.04,1776754304000
1776754306.166,106.166,0.41,0.42,0.58,0.59,0.01,0.01,76043.04,1776754304000
1776754306.597,106.597,0.41,0.42,0.58,0.59,0.01,0.01,76044.15,1776754305000
1776754307.05,107.05,0.41,0.42,0.58,0.59,0.01,0.01,76044.15,1776754305000
1776754307.528,107.528,0.41,0.42,0.58,0.59,0.01,0.01,76044.15,1776754305000
1776754307.947,107.947,0.42,0.44,0.57,0.59,0.02,0.02,76046.07,1776754306000
1776754308.428,108.428,0.42,0.43,0.57,0.58,0.01,0.01,76046.16,1776754307000
1776754309.153,109.153,0.42,0.43,0.57,0.58,0.01,0.01,76046.17,1776754308000
1776754309.632,109.632,0.42,0.43,0.57,0.58,0.01,0.01,76046.17,1776754308000
1776754310.138,110.138,0.42,0.43,0.57,0.58,0.01,0.01,76046.17,1776754308000
1776754310.519,110.519,0.42,0.43,0.57,0.58,0.01,0.01,76046.17,1776754308000
1776754310.898,110.898,0.42,0.43,0.57,0.58,0.01,0.01,76046.18,1776754309000
1776754311.368,111.368,0.42,0.43,0.57,0.58,0.01,0.01,76046.18,1776754309000
1776754311.764,111.764,0.42,0.43,0.57,0.58,0.01,0.01,76045.83,1776754310000
1776754312.129,112.129,0.4,0.41,0.59,0.6,0.01,0.01,76045.83,1776754310000
1776754312.765,112.765,0.4,0.41,0.59,0.6,0.01,0.01,76045.83,1776754311000
1776754313.221,113.221,0.39,0.4,0.6,0.61,0.01,0.01,76045.83,1776754311000
1776754313.67,113.67,0.39,0.4,0.6,0.61,0.01,0.01,76045.82,1776754312000
1776754314.102,114.102,0.39,0.4,0.6,0.61,0.01,0.01,76045.82,1776754312000
1776754314.55,114.55,0.34,0.36,0.63,0.65,0.02,0.02,76045.85,1776754313000
1776754315.099,115.099,0.32,0.34,0.65,0.66,0.02,0.01,76045.85,1776754313000
1776754315.44,115.44,0.28,0.3,0.7,0.75,0.02,0.05,76045.85,1776754313000
1776754315.782,115.782,0.26,0.28,0.72,0.74,0.02,0.02,76045.82,1776754314000
1776754316.123,116.123,0.26,0.27,0.73,0.74,0.01,0.01,76045.82,1776754314000
1776754316.504,116.504,0.23,0.26,0.74,0.77,0.03,0.03,76045.82,1776754314000
1776754316.882,116.882,0.23,0.24,0.76,0.77,0.01,0.01,76043.05,1776754315000
1776754317.22,117.22,0.23,0.24,0.76,0.77,0.01,0.01,76043.05,1776754315000
1776754317.638,117.638,0.23,0.24,0.76,0.77,0.01,0.01,76036.45,1776754316000
1776754317.989,117.989,0.25,0.26,0.74,0.75,0.01,0.01,76035.06,1776754317000
1776754318.365,118.365,0.25,0.26,0.74,0.75,0.01,0.01,76035.06,1776754317000
1776754318.999,118.999,0.26,0.27,0.73,0.75,0.01,0.02,76035.06,1776754317000
1776754319.385,119.385,0.26,0.27,0.73,0.75,0.01,0.02,76034.38,1776754318000
1776754319.779,119.779,0.26,0.27,0.73,0.74,0.01,0.01,76034.38,1776754318000
1776754320.156,120.156,0.26,0.27,0.73,0.74,0.01,0.01,76034.07,1776754319000
1776754320.545,120.545,0.26,0.27,0.73,0.74,0.01,0.01,76034.07,1776754319000
1776754320.985,120.985,0.25,0.27,0.73,0.75,0.02,0.02,76033.85,1776754320000
1776754321.32,121.32,0.23,0.24,0.76,0.77,0.01,0.01,76033.85,1776754320000
1776754321.776,121.776,0.23,0.24,0.76,0.77,0.01,0.01,76033.85,1776754320000
1776754322.255,122.255,0.24,0.25,0.75,0.76,0.01,0.01,76033.72,1776754321000
1776754322.651,122.651,0.24,0.25,0.75,0.76,0.01,0.01,76033.72,1776754321000
1776754323.016,123.016,0.24,0.25,0.75,0.76,0.01,0.01,76029.56,1776754322000
1776754323.352,123.352,0.22,0.23,0.77,0.78,0.01,0.01,76029.56,1776754322000
1776754323.685,123.685,0.21,0.22,0.77,0.79,0.01,0.02,76029.56,1776754322000
1776754324.025,124.025,0.17,0.18,0.82,0.83,0.01,0.01,76029.56,1776754322000
1776754324.367,124.367,0.16,0.17,0.82,0.84,0.01,0.02,76029.51,1776754323000
1776754324.752,124.752,0.16,0.17,0.83,0.84,0.01,0.01,76029.51,1776754323000
1776754325.087,125.087,0.16,0.17,0.83,0.84,0.01,0.01,76024.0,1776754324000
1776754325.552,125.552,0.15,0.16,0.84,0.85,0.01,0.01,76024.0,1776754324000
1776754325.89,125.89,0.15,0.16,0.84,0.85,0.01,0.01,76024.0,1776754324000
1776754326.251,126.251,0.15,0.16,0.84,0.85,0.01,0.01,76016.35,1776754325000
1776754326.612,126.612,0.15,0.16,0.84,0.85,0.01,0.01,76016.35,1776754325000
1776754326.963,126.963,0.15,0.16,0.84,0.85,0.01,0.01,76016.35,1776754325000
1776754327.297,127.297,0.15,0.16,0.84,0.85,0.01,0.01,76014.77,1776754326000
1776754327.645,127.645,0.15,0.16,0.84,0.85,0.01,0.01,76014.77,1776754326000
1776754328.021,128.021,0.15,0.16,0.84,0.85,0.01,0.01,76014.77,1776754326000
1776754328.478,128.478,0.15,0.16,0.84,0.85,0.01,0.01,76013.89,1776754327000
1776754328.865,128.865,0.15,0.16,0.84,0.85,0.01,0.01,76013.89,1776754327000
1776754329.236,129.236,0.15,0.16,0.84,0.85,0.01,0.01,76012.69,1776754328000
1776754329.607,129.607,0.15,0.16,0.84,0.85,0.01,0.01,76012.69,1776754328000
1776754329.941,129.941,0.15,0.16,0.84,0.85,0.01,0.01,76012.69,1776754328000
1776754330.37,130.37,0.15,0.16,0.84,0.85,0.01,0.01,76012.69,1776754329000
1776754330.858,130.858,0.15,0.16,0.84,0.85,0.01,0.01,76012.69,1776754329000
1776754331.192,131.192,0.15,0.16,0.84,0.85,0.01,0.01,76013.17,1776754330000
1776754331.667,131.667,0.15,0.16,0.84,0.85,0.01,0.01,76013.17,1776754330000
1776754332.016,132.016,0.15,0.16,0.84,0.85,0.01,0.01,76013.17,1776754330000
1776754332.48,132.48,0.15,0.16,0.84,0.85,0.01,0.01,76013.45,1776754331000
1776754332.841,132.841,0.15,0.16,0.84,0.85,0.01,0.01,76013.45,1776754331000
1776754333.27,133.27,0.15,0.16,0.84,0.85,0.01,0.01,76013.45,1776754331000
1776754333.604,133.604,0.15,0.16,0.84,0.85,0.01,0.01,76013.52,1776754332000
1776754334.106,134.106,0.15,0.16,0.84,0.85,0.01,0.01,76013.52,1776754332000
1776754334.572,134.572,0.15,0.16,0.84,0.85,0.01,0.01,76013.55,1776754333000
1776754334.986,134.986,0.15,0.16,0.84,0.85,0.01,0.01,76013.55,1776754333000
1776754335.344,135.344,0.15,0.16,0.84,0.85,0.01,0.01,76013.6,1776754334000
1776754335.699,135.699,0.15,0.16,0.84,0.85,0.01,0.01,76013.6,1776754334000
1776754336.197,136.197,0.15,0.16,0.84,0.85,0.01,0.01,76013.86,1776754335000
1776754336.534,136.534,0.15,0.16,0.84,0.85,0.01,0.01,76013.86,1776754335000
1776754336.9,136.9,0.15,0.16,0.84,0.85,0.01,0.01,76013.86,1776754335000
1776754337.257,137.257,0.14,0.15,0.85,0.86,0.01,0.01,76013.87,1776754336000
1776754337.846,137.846,0.14,0.15,0.85,0.86,0.01,0.01,76013.87,1776754336000
1776754338.245,138.245,0.14,0.15,0.85,0.86,0.01,0.01,76013.46,1776754337000
1776754338.901,138.901,0.14,0.15,0.85,0.86,0.01,0.01,76013.44,1776754338000
1776754339.301,139.301,0.14,0.15,0.85,0.86,0.01,0.01,76013.44,1776754338000
1776754339.841,139.841,0.14,0.22,0.78,0.86,0.08,0.08,76013.44,1776754339000
1776754340.198,140.198,0.17,0.18,0.82,0.83,0.01,0.01,76013.44,1776754339000
1776754340.681,140.681,0.17,0.18,0.82,0.83,0.01,0.01,76013.44,1776754339000
1776754341.018,141.018,0.18,0.19,0.81,0.83,0.01,0.02,76014.11,1776754340000
1776754341.405,141.405,0.2,0.21,0.79,0.8,0.01,0.01,76014.11,1776754340000
1776754341.792,141.792,0.2,0.21,0.79,0.8,0.01,0.01,76014.11,1776754340000
1776754342.283,142.283,0.2,0.21,0.79,0.8,0.01,0.01,76014.11,1776754340000
1776754342.666,142.666,0.2,0.21,0.79,0.8,0.01,0.01,76014.11,1776754340000
1776754343.23,143.23,0.2,0.21,0.79,0.8,0.01,0.01,76015.25,1776754341000
1776754343.601,143.601,0.2,0.21,0.79,0.8,0.01,0.01,76015.25,1776754341000
1776754343.937,143.937,0.26,0.27,0.73,0.76,0.01,0.03,76015.58,1776754342000
1776754344.376,144.376,0.26,0.27,0.73,0.74,0.01,0.01,76015.58,1776754342000
1776754344.811,144.811,0.26,0.27,0.73,0.74,0.01,0.01,76015.73,1776754343000
1776754345.194,145.194,0.26,0.27,0.73,0.74,0.01,0.01,76015.73,1776754343000
1776754345.554,145.554,0.26,0.27,0.73,0.74,0.01,0.01,76015.76,1776754344000
1776754345.926,145.926,0.26,0.27,0.73,0.74,0.01,0.01,76015.76,1776754344000
1776754346.361,146.361,0.26,0.27,0.73,0.74,0.01,0.01,76015.76,1776754344000
1776754346.772,146.772,0.26,0.27,0.73,0.74,0.01,0.01,76015.76,1776754344000
1776754347.298,147.298,0.26,0.27,0.73,0.74,0.01,0.01,76023.1,1776754345000
1776754347.652,147.652,0.26,0.27,0.73,0.74,0.01,0.01,76023.1,1776754345000
1776754347.996,147.996,0.26,0.27,0.73,0.74,0.01,0.01,76024.63,1776754346000
1776754348.455,148.455,0.26,0.27,0.73,0.74,0.01,0.01,76024.63,1776754346000
1776754348.841,148.841,0.26,0.27,0.73,0.74,0.01,0.01,76024.63,1776754347000
1776754349.194,149.194,0.25,0.26,0.74,0.75,0.01,0.01,76024.63,1776754347000
1776754349.619,149.619,0.25,0.26,0.74,0.75,0.01,0.01,76025.08,1776754348000
1776754350.121,150.121,0.24,0.25,0.75,0.76,0.01,0.01,76025.08,1776754348000
1776754350.615,150.615,0.24,0.25,0.75,0.76,0.01,0.01,76025.52,1776754349000
1776754351.13,151.13,0.24,0.25,0.75,0.76,0.01,0.01,76025.52,1776754349000
1776754351.501,151.501,0.24,0.25,0.75,0.76,0.01,0.01,76025.92,1776754350000
1776754351.914,151.914,0.24,0.25,0.75,0.76,0.01,0.01,76025.92,1776754350000
1776754352.877,152.877,0.24,0.25,0.75,0.76,0.01,0.01,76025.75,1776754351000
1776754353.47,153.47,0.23,0.24,0.76,0.77,0.01,0.01,76023.83,1776754352000
1776754353.994,153.994,0.22,0.24,0.76,0.77,0.02,0.01,76023.83,1776754352000
1776754354.382,154.382,0.22,0.23,0.77,0.78,0.01,0.01,76025.78,1776754353000
1776754354.796,154.796,0.22,0.23,0.77,0.78,0.01,0.01,76025.78,1776754353000
1776754355.225,155.225,0.22,0.23,0.77,0.78,0.01,0.01,76025.78,1776754353000
1776754355.605,155.605,0.22,0.23,0.77,0.78,0.01,0.01,76025.78,1776754353000
1776754355.992,155.992,0.22,0.23,0.77,0.78,0.01,0.01,76025.73,1776754354000
1776754356.345,156.345,0.22,0.23,0.77,0.78,0.01,0.01,76025.73,1776754355000
1776754356.995,156.995,0.22,0.23,0.77,0.78,0.01,0.01,76025.81,1776754356000
1776754357.382,157.382,0.21,0.22,0.78,0.79,0.01,0.01,76025.81,1776754356000
1776754357.915,157.915,0.21,0.22,0.78,0.79,0.01,0.01,76025.81,1776754356000
1776754358.341,158.341,0.21,0.22,0.78,0.79,0.01,0.01,76025.81,1776754356000
1776754358.926,158.926,0.21,0.22,0.78,0.79,0.01,0.01,76025.8,1776754357000
1776754359.283,159.283,0.21,0.22,0.78,0.79,0.01,0.01,76025.69,1776754358000
1776754360.228,160.228,0.21,0.22,0.78,0.79,0.01,0.01,76025.69,1776754358000
1776754360.618,160.618,0.21,0.22,0.78,0.79,0.01,0.01,76025.73,1776754359000
1776754361.102,161.102,0.21,0.22,0.78,0.79,0.01,0.01,76025.73,1776754359000
1776754361.495,161.495,0.21,0.22,0.78,0.79,0.01,0.01,76025.73,1776754359000
1776754362.188,162.188,0.21,0.22,0.78,0.79,0.01,0.01,76025.75,1776754360000
1776754363.0,163.0,0.21,0.22,0.78,0.79,0.01,0.01,76025.75,1776754361000
1776754363.353,163.353,0.21,0.22,0.78,0.79,0.01,0.01,76025.45,1776754362000
1776754364.107,164.107,0.21,0.22,0.78,0.79,0.01,0.01,76025.45,1776754362000
1776754364.482,164.482,0.21,0.22,0.78,0.79,0.01,0.01,76025.45,1776754363000
1776754364.94,164.94,0.21,0.22,0.78,0.79,0.01,0.01,76025.45,1776754363000
1776754365.308,165.308,0.21,0.22,0.78,0.79,0.01,0.01,76025.45,1776754364000
1776754365.715,165.715,0.21,0.22,0.78,0.79,0.01,0.01,76025.45,1776754364000
1776754366.187,166.187,0.21,0.22,0.78,0.79,0.01,0.01,76025.33,1776754365000
1776754366.531,166.531,0.21,0.22,0.78,0.79,0.01,0.01,76025.33,1776754365000
1776754366.992,166.992,0.21,0.22,0.78,0.79,0.01,0.01,76025.33,1776754365000
1776754367.361,167.361,0.21,0.22,0.78,0.79,0.01,0.01,76025.33,1776754365000
1776754368.385,168.385,0.21,0.22,0.78,0.79,0.01,0.01,76025.33,1776754366000
1776754368.839,168.839,0.21,0.22,0.78,0.79,0.01,0.01,76026.45,1776754367000
1776754369.287,169.287,0.21,0.22,0.78,0.79,0.01,0.01,76026.45,1776754367000
1776754370.363,170.363,0.21,0.22,0.78,0.79,0.01,0.01,76026.37,1776754368000
1776754370.729,170.729,0.21,0.22,0.78,0.79,0.01,0.01,76026.37,1776754369000
1776754371.17,171.17,0.21,0.22,0.78,0.79,0.01,0.01,76026.37,1776754370000
1776754371.564,171.564,0.21,0.22,0.78,0.79,0.01,0.01,76026.37,1776754370000
1776754372.016,172.016,0.21,0.22,0.78,0.79,0.01,0.01,76026.37,1776754370000
1776754372.518,172.518,0.21,0.22,0.78,0.79,0.01,0.01,76026.43,1776754371000
1776754372.945,172.945,0.21,0.22,0.78,0.79,0.01,0.01,76026.43,1776754371000
1776754373.355,173.355,0.21,0.22,0.78,0.79,0.01,0.01,76026.43,1776754371000
1776754373.706,173.706,0.23,0.24,0.78,0.79,0.01,0.01,76026.5,1776754372000
1776754374.086,174.086,0.24,0.25,0.75,0.76,0.01,0.01,76026.5,1776754373000
1776754374.54,174.54,0.25,0.26,0.74,0.76,0.01,0.02,76026.5,1776754373000
1776754374.966,174.966,0.25,0.26,0.74,0.75,0.01,0.01,76026.5,1776754373000
1776754375.38,175.38,0.25,0.26,0.74,0.75,0.01,0.01,76026.65,1776754374000
1776754375.832,175.832,0.25,0.26,0.74,0.75,0.01,0.01,76026.65,1776754374000
1776754376.364,176.364,0.24,0.25,0.74,0.76,0.01,0.02,76026.65,1776754374000
1776754376.723,176.723,0.24,0.25,0.75,0.76,0.01,0.01,76026.65,1776754374000
1776754377.214,177.214,0.24,0.25,0.75,0.76,0.01,0.01,76029.86,1776754375000
1776754377.669,177.669,0.23,0.24,0.75,0.76,0.01,0.01,76029.39,1776754376000
1776754378.014,178.014,0.23,0.24,0.76,0.77,0.01,0.01,76029.59,1776754377000
1776754378.436,178.436,0.22,0.23,0.77,0.78,0.01,0.01,76029.59,1776754377000
1776754378.793,178.793,0.22,0.23,0.77,0.78,0.01,0.01,76029.59,1776754377000
1776754379.242,179.242,0.21,0.22,0.77,0.78,0.01,0.01,76030.2,1776754378000
1776754379.586,179.586,0.2,0.21,0.79,0.8,0.01,0.01,76030.2,1776754378000
1776754380.244,180.244,0.19,0.2,0.8,0.81,0.01,0.01,76029.88,1776754379000
1776754380.649,180.649,0.25,0.26,0.74,0.75,0.01,0.01,76029.88,1776754379000
1776754381.084,181.084,0.25,0.26,0.74,0.75,0.01,0.01,76029.88,1776754379000
1776754381.502,181.502,0.25,0.26,0.74,0.75,0.01,0.01,76029.44,1776754380000
1776754381.884,181.884,0.25,0.26,0.74,0.75,0.01,0.01,76029.44,1776754380000
1776754382.616,182.616,0.25,0.26,0.74,0.75,0.01,0.01,76028.16,1776754381000
1776754382.96,182.96,0.25,0.26,0.74,0.75,0.01,0.01,76028.16,1776754381000
1776754383.45,183.45,0.25,0.26,0.74,0.75,0.01,0.01,76028.2,1776754382000
1776754384.429,184.429,0.25,0.26,0.74,0.75,0.01,0.01,76028.2,1776754382000
1776754384.922,184.922,0.25,0.26,0.74,0.75,0.01,0.01,76025.75,1776754383000
1776754385.273,185.273,0.25,0.26,0.74,0.75,0.01,0.01,76024.48,1776754384000
1776754385.607,185.607,0.25,0.26,0.74,0.75,0.01,0.01,76024.48,1776754384000
1776754385.942,185.942,0.25,0.26,0.74,0.75,0.01,0.01,76024.48,1776754384000
1776754386.276,186.276,0.25,0.26,0.74,0.75,0.01,0.01,76019.68,1776754385000
1776754386.661,186.661,0.25,0.26,0.74,0.75,0.01,0.01,76019.68,1776754385000
1776754387.004,187.004,0.15,0.2,0.8,0.85,0.05,0.05,76019.68,1776754385000
1776754387.342,187.342,0.15,0.17,0.83,0.85,0.02,0.02,76014.91,1776754386000
1776754388.057,188.057,0.15,0.16,0.84,0.85,0.01,0.01,76014.91,1776754386000
1776754388.428,188.428,0.13,0.15,0.84,0.86,0.02,0.02,76014.91,1776754386000
1776754388.79,188.79,0.13,0.14,0.86,0.87,0.01,0.01,76011.12,1776754387000
1776754389.14,189.14,0.13,0.14,0.86,0.87,0.01,0.01,76011.12,1776754387000
1776754389.493,189.493,0.13,0.14,0.86,0.87,0.01,0.01,76011.09,1776754388000
1776754389.835,189.835,0.12,0.13,0.87,0.88,0.01,0.01,76011.09,1776754388000
1776754390.457,190.457,0.12,0.13,0.87,0.88,0.01,0.01,76010.55,1776754389000
1776754390.799,190.799,0.12,0.13,0.87,0.88,0.01,0.01,76010.55,1776754389000
1776754391.37,191.37,0.11,0.13,0.87,0.89,0.02,0.02,76010.44,1776754390000
1776754391.807,191.807,0.11,0.13,0.87,0.89,0.02,0.02,76010.44,1776754390000
1776754392.147,192.147,0.12,0.13,0.87,0.88,0.01,0.01,76010.77,1776754391000
1776754392.482,192.482,0.11,0.13,0.87,0.89,0.02,0.02,76010.77,1776754391000
1776754392.872,192.872,0.11,0.12,0.87,0.89,0.01,0.02,76010.77,1776754391000
1776754393.208,193.208,0.11,0.12,0.88,0.89,0.01,0.01,76010.77,1776754391000
1776754393.642,193.642,0.1,0.11,0.88,0.9,0.01,0.02,76010.77,1776754392000
1776754393.99,193.99,0.1,0.11,0.89,0.9,0.01,0.01,76010.77,1776754392000
1776754394.4,194.4,0.1,0.11,0.89,0.9,0.01,0.01,76010.77,1776754392000
1776754394.765,194.765,0.1,0.11,0.89,0.9,0.01,0.01,76010.79,1776754393000
1776754395.112,195.112,0.1,0.11,0.89,0.9,0.01,0.01,76011.04,1776754394000
1776754395.493,195.493,0.1,0.11,0.89,0.9,0.01,0.01,76011.04,1776754394000
1776754396.144,196.144,0.1,0.11,0.89,0.9,0.01,0.01,76011,1776754395000
1776754396.6,196.6,0.1,0.11,0.89,0.9,0.01,0.01,76011,1776754395000
1776754397.165,197.165,0.09,0.11,0.89,0.9,0.02,0.01,76011,1776754395000
1776754397.718,197.718,0.09,0.1,0.89,0.91,0.01,0.02,76011,1776754395000
1776754398.084,198.084,0.09,0.1,0.9,0.91,0.01,0.01,76011.31,1776754397000
1776754398.626,198.626,0.09,0.1,0.9,0.91,0.01,0.01,76011.31,1776754397000
1776754399.142,199.142,0.09,0.1,0.9,0.91,0.01,0.01,76011,1776754398000
1776754399.546,199.546,0.09,0.1,0.9,0.91,0.01,0.01,76011,1776754398000
1776754400.279,200.279,0.09,0.1,0.9,0.91,0.01,0.01,76011,1776754398000
1776754400.927,200.927,0.09,0.1,0.9,0.91,0.01,0.01,76010.75,1776754399000
1776754401.356,201.356,0.09,0.1,0.9,0.91,0.01,0.01,76010.75,1776754399000
1776754401.943,201.943,0.09,0.1,0.9,0.91,0.01,0.01,76010.82,1776754401000
1776754402.416,202.416,0.09,0.1,0.9,0.91,0.01,0.01,76010.82,1776754401000
1776754403.046,203.046,0.09,0.1,0.9,0.91,0.01,0.01,76010.82,1776754401000
1776754403.537,203.537,0.09,0.1,0.9,0.91,0.01,0.01,76011.74,1776754402000
1776754403.962,203.962,0.09,0.1,0.9,0.91,0.01,0.01,76011.74,1776754402000
1776754404.386,204.386,0.09,0.1,0.9,0.91,0.01,0.01,76012.06,1776754403000
1776754404.727,204.727,0.09,0.1,0.9,0.91,0.01,0.01,76012.06,1776754403000
1776754405.179,205.179,0.09,0.1,0.9,0.91,0.01,0.01,76012.26,1776754404000
1776754406.212,206.212,0.09,0.1,0.9,0.91,0.01,0.01,76012.26,1776754404000
1776754406.779,206.779,0.09,0.1,0.9,0.91,0.01,0.01,76012.26,1776754404000
1776754407.364,207.364,0.09,0.1,0.9,0.91,0.01,0.01,76011.97,1776754406000
1776754407.726,207.726,0.09,0.1,0.9,0.91,0.01,0.01,76011.97,1776754406000
1776754408.07,208.07,0.09,0.1,0.9,0.91,0.01,0.01,76011.97,1776754407000
1776754408.752,208.752,0.09,0.1,0.9,0.91,0.01,0.01,76011.97,1776754407000
1776754409.817,209.817,0.09,0.1,0.9,0.91,0.01,0.01,76012.51,1776754408000
1776754410.247,210.247,0.09,0.1,0.9,0.91,0.01,0.01,76012.47,1776754409000
1776754410.616,210.616,0.08,0.1,0.9,0.91,0.02,0.01,76012.47,1776754409000
1776754410.953,210.953,0.08,0.09,0.91,0.92,0.01,0.01,76012.47,1776754410000
1776754411.288,211.288,0.08,0.09,0.91,0.92,0.01,0.01,76012.47,1776754410000
1776754411.677,211.677,0.08,0.09,0.91,0.92,0.01,0.01,76012.47,1776754410000
1776754412.024,212.024,0.08,0.09,0.91,0.92,0.01,0.01,76012.47,1776754410000
1776754412.628,212.628,0.08,0.09,0.91,0.92,0.01,0.01,76012.49,1776754411000
1776754412.973,212.973,0.08,0.09,0.91,0.92,0.01,0.01,76012.49,1776754411000
1776754414.038,214.038,0.08,0.09,0.91,0.92,0.01,0.01,76010.89,1776754412000
1776754414.434,214.434,0.08,0.09,0.91,0.92,0.01,0.01,76010.89,1776754413000
1776754414.954,214.954,0.08,0.09,0.91,0.92,0.01,0.01,76010.89,1776754413000
1776754415.524,215.524,0.08,0.09,0.91,0.92,0.01,0.01,76011.8,1776754414000
1776754416.025,216.025,0.08,0.09,0.91,0.92,0.01,0.01,76011.8,1776754414000
1776754416.433,216.433,0.08,0.09,0.91,0.92,0.01,0.01,76011.8,1776754415000
1776754416.768,216.768,0.08,0.09,0.91,0.92,0.01,0.01,76011.8,1776754415000
1776754417.104,217.104,0.08,0.09,0.91,0.92,0.01,0.01,76011.8,1776754415000
1776754417.559,217.559,0.08,0.09,0.91,0.92,0.01,0.01,76012.2,1776754416000
1776754418.089,218.089,0.08,0.09,0.91,0.92,0.01,0.01,76012.2,1776754416000
1776754418.757,218.757,0.08,0.09,0.91,0.94,0.01,0.03,76012.23,1776754417000
1776754419.132,219.132,0.08,0.09,0.91,0.92,0.01,0.01,76012.23,1776754417000
1776754419.518,219.518,0.06,0.07,0.93,0.94,0.01,0.01,76012.84,1776754418000
1776754419.974,219.974,0.06,0.07,0.93,0.94,0.01,0.01,76012.84,1776754418000
1776754420.461,220.461,0.05,0.06,0.93,0.95,0.01,0.02,76012.85,1776754419000
1776754420.836,220.836,0.05,0.06,0.94,0.95,0.01,0.01,76012.85,1776754419000
1776754421.254,221.254,0.05,0.06,0.94,0.95,0.01,0.01,76012.96,1776754420000
1776754422.168,222.168,0.05,0.06,0.94,0.95,0.01,0.01,76013.43,1776754421000
1776754422.502,222.502,0.05,0.06,0.94,0.95,0.01,0.01,76013.43,1776754421000
1776754422.986,222.986,0.05,0.06,0.94,0.95,0.01,0.01,76013.43,1776754421000
1776754423.372,223.372,0.05,0.06,0.94,0.95,0.01,0.01,76013.44,1776754422000
1776754423.885,223.885,0.05,0.06,0.94,0.95,0.01,0.01,76013.44,1776754422000
1776754424.666,224.666,0.05,0.06,0.94,0.95,0.01,0.01,76013.56,1776754423000
1776754425.04,225.04,0.05,0.06,0.94,0.95,0.01,0.01,76013.56,1776754423000
1776754425.581,225.581,0.05,0.06,0.94,0.95,0.01,0.01,76013.48,1776754424000
1776754426.146,226.146,0.05,0.06,0.94,0.95,0.01,0.01,76013.48,1776754424000
1776754426.657,226.657,0.05,0.06,0.94,0.95,0.01,0.01,76013.83,1776754425000
1776754427.0,227.0,0.05,0.06,0.94,0.95,0.01,0.01,76013.83,1776754425000
1776754428.033,228.033,0.05,0.06,0.94,0.95,0.01,0.01,76013.82,1776754426000
1776754428.644,228.644,0.05,0.06,0.94,0.95,0.01,0.01,76013.81,1776754427000
1776754429.272,229.272,0.05,0.06,0.94,0.95,0.01,0.01,76013.66,1776754428000
1776754429.776,229.776,0.05,0.06,0.94,0.95,0.01,0.01,76013.66,1776754428000
1776754430.211,230.211,0.05,0.06,0.94,0.95,0.01,0.01,76013.66,1776754428000
1776754430.606,230.606,0.05,0.06,0.94,0.95,0.01,0.01,76013.33,1776754429000
1776754431.036,231.036,0.05,0.06,0.94,0.95,0.01,0.01,76013.33,1776754429000
1776754431.974,231.974,0.05,0.06,0.94,0.95,0.01,0.01,76012.39,1776754430000
1776754432.98,232.98,0.04,0.06,0.94,0.95,0.02,0.01,76012.12,1776754431000
1776754433.352,233.352,0.04,0.05,0.94,0.96,0.01,0.02,76012.12,1776754431000
1776754433.904,233.904,0.04,0.05,0.95,0.96,0.01,0.01,76012.56,1776754432000
1776754434.65,234.65,0.04,0.05,0.95,0.96,0.01,0.01,76012.26,1776754433000
1776754435.005,235.005,0.04,0.05,0.95,0.96,0.01,0.01,76012.26,1776754433000
1776754435.363,235.363,0.04,0.05,0.95,0.96,0.01,0.01,76012.31,1776754434000
1776754436.07,236.07,0.04,0.05,0.95,0.96,0.01,0.01,76012.31,1776754434000
1776754436.452,236.452,0.04,0.05,0.95,0.96,0.01,0.01,76012.33,1776754435000
1776754436.959,236.959,0.04,0.05,0.95,0.96,0.01,0.01,76012.33,1776754435000
1776754437.392,237.392,0.04,0.05,0.95,0.96,0.01,0.01,76012.33,1776754436000
1776754437.752,237.752,0.04,0.05,0.95,0.96,0.01,0.01,76012.33,1776754436000
1776754438.271,238.271,0.04,0.05,0.95,0.96,0.01,0.01,76012.26,1776754437000
1776754438.683,238.683,0.04,0.05,0.95,0.96,0.01,0.01,76012.26,1776754437000
1776754439.024,239.024,0.04,0.05,0.95,0.96,0.01,0.01,76012.26,1776754437000
1776754439.513,239.513,0.04,0.05,0.95,0.96,0.01,0.01,76012.26,1776754438000
1776754439.937,239.937,0.04,0.05,0.95,0.96,0.01,0.01,76012.26,1776754438000
1776754440.294,240.294,0.04,0.05,0.95,0.96,0.01,0.01,76013.15,1776754439000
1776754440.631,240.631,0.04,0.05,0.95,0.96,0.01,0.01,76013.15,1776754439000
1776754441.015,241.015,0.04,0.05,0.95,0.96,0.01,0.01,76013.15,1776754439000
1776754441.591,241.591,0.03,0.04,0.95,0.97,0.01,0.02,76013.15,1776754439000
1776754441.93,241.93,0.03,0.04,0.96,0.97,0.01,0.01,76013.15,1776754440000
1776754442.401,242.401,0.03,0.04,0.96,0.97,0.01,0.01,76013.76,1776754441000
1776754442.773,242.773,0.03,0.04,0.96,0.97,0.01,0.01,76013.76,1776754441000
1776754443.183,243.183,0.03,0.04,0.96,0.97,0.01,0.01,76013.76,1776754441000
1776754443.735,243.735,0.03,0.04,0.96,0.97,0.01,0.01,76005.73,1776754442000
1776754444.225,244.225,0.03,0.04,0.96,0.97,0.01,0.01,76005.73,1776754442000
1776754444.579,244.579,0.03,0.04,0.96,0.97,0.01,0.01,75997.84,1776754443000
1776754444.926,244.926,0.03,0.04,0.96,0.97,0.01,0.01,75997.84,1776754443000
1776754445.454,245.454,0.03,0.04,0.96,0.97,0.01,0.01,75997.32,1776754444000
1776754445.812,245.812,0.03,0.04,0.96,0.97,0.01,0.01,75997.32,1776754444000
1776754446.179,246.179,0.03,0.04,0.96,0.97,0.01,0.01,75997.23,1776754445000
1776754446.601,246.601,0.03,0.04,0.96,0.97,0.01,0.01,75997.23,1776754445000
1776754446.937,246.937,0.02,0.04,0.96,0.98,0.02,0.02,75997.23,1776754445000
1776754447.365,247.365,0.02,0.03,0.97,0.98,0.01,0.01,75997.29,1776754446000
1776754447.768,247.768,0.02,0.03,0.97,0.98,0.01,0.01,75997.29,1776754446000
1776754448.168,248.168,0.02,0.03,0.97,0.98,0.01,0.01,75995.07,1776754447000
1776754448.626,248.626,0.02,0.03,0.97,0.98,0.01,0.01,75995.07,1776754447000
1776754449.111,249.111,0.02,0.03,0.97,0.98,0.01,0.01,75995.07,1776754447000
1776754449.538,249.538,0.02,0.03,0.97,0.98,0.01,0.01,75994.47,1776754448000
1776754450.087,250.087,0.02,0.03,0.97,0.98,0.01,0.01,75994.47,1776754448000
1776754450.794,250.794,0.01,0.03,0.97,0.98,0.02,0.01,75994.4,1776754449000
1776754451.235,251.235,0.01,0.02,0.97,0.99,0.01,0.02,75994.4,1776754449000
1776754451.668,251.668,0.01,0.02,0.98,0.99,0.01,0.01,75994.77,1776754450000
1776754452.14,252.14,0.01,0.03,0.98,0.99,0.02,0.01,75994.77,1776754450000
1776754452.493,252.493,0.01,0.02,0.98,0.99,0.01,0.01,75994.77,1776754450000
1776754452.827,252.827,0.01,0.02,0.98,0.99,0.01,0.01,75996.47,1776754451000
1776754453.202,253.202,0.01,0.02,0.98,0.99,0.01,0.01,75996.47,1776754451000
1776754453.537,253.537,0.01,0.02,0.98,0.99,0.01,0.01,75996.51,1776754452000
1776754453.882,253.882,0.01,0.02,0.98,0.99,0.01,0.01,75996.51,1776754452000
1776754454.298,254.298,0.01,0.02,0.98,0.99,0.01,0.01,75996.51,1776754452000
1776754454.645,254.645,0.01,0.02,0.98,0.99,0.01,0.01,75996.32,1776754453000
1776754455.0,255.0,0.01,0.02,0.98,0.99,0.01,0.01,75996.23,1776754454000
1776754455.558,255.558,0.01,0.02,0.98,0.99,0.01,0.01,75996.23,1776754454000
1776754455.943,255.943,0.01,0.02,0.98,0.99,0.01,0.01,75996.23,1776754454000
1776754456.293,256.293,0.01,0.02,0.98,0.99,0.01,0.01,75996.23,1776754455000
1776754456.641,256.641,0.01,0.02,0.98,0.99,0.01,0.01,75996.23,1776754455000
1776754457.072,257.072,0.01,0.02,0.98,0.99,0.01,0.01,75996.35,1776754456000
1776754457.518,257.518,0.01,0.02,0.98,0.99,0.01,0.01,75996.35,1776754456000
1776754457.94,257.94,0.01,0.02,0.98,0.99,0.01,0.01,75996.5,1776754457000
1776754458.315,258.315,0.01,0.01,0.98,0.99,0.0,0.01,75996.5,1776754457000
1776754458.664,258.664,0.01,0.01,0.99,0.99,0.0,0.0,75996.5,1776754457000
1776754459.0,259.0,0.01,0.01,0.99,0.99,0.0,0.0,75996.5,1776754457000
1776754459.383,259.383,0.01,0.01,0.99,0.99,0.0,0.0,75995.93,1776754458000
1776754459.719,259.719,0.01,0.01,0.99,0.99,0.0,0.0,75995.93,1776754458000
1776754461.106,261.106,0.01,0.01,0.99,0.99,0.0,0.0,75996.48,1776754459000
1776754461.576,261.576,0.01,0.01,0.99,0.99,0.0,0.0,75996.51,1776754460000
1776754462.099,262.099,0.01,0.01,0.99,0.99,0.0,0.0,75996.51,1776754460000
1776754462.81,262.81,0.01,0.01,0.99,0.99,0.0,0.0,75996.53,1776754461000
1776754464.104,264.104,0.01,0.01,0.99,0.99,0.0,0.0,75996.52,1776754462000
1776754465.132,265.132,0.01,0.01,0.99,0.99,0.0,0.0,76004.31,1776754464000
1776754465.505,265.505,0.01,0.01,0.99,0.99,0.0,0.0,76004.31,1776754464000
1776754466.237,266.237,0.01,0.01,0.99,0.99,0.0,0.0,76001.76,1776754465000
1776754466.658,266.658,0.01,0.01,0.99,0.99,0.0,0.0,76001.76,1776754465000
1776754467.131,267.131,0.01,0.01,0.99,0.99,0.0,0.0,76000.38,1776754466000
1776754468.162,268.162,0.01,0.01,0.99,0.99,0.0,0.0,75998.14,1776754467000
1776754469.116,269.116,0.01,0.01,0.99,0.99,0.0,0.0,75998.49,1776754468000
1776754470.115,270.115,0.01,0.01,0.99,0.99,0.0,0.0,75998.54,1776754469000
1776754470.517,270.517,0.01,0.01,0.99,0.99,0.0,0.0,75998.54,1776754469000
1776754471.208,271.208,0.01,0.01,0.99,0.99,0.0,0.0,75998.98,1776754470000
1776754471.839,271.839,0.01,0.01,0.99,0.99,0.0,0.0,75998.98,1776754470000
1776754472.192,272.192,0.01,0.01,0.99,0.99,0.0,0.0,76000.03,1776754471000
1776754473.313,273.313,0.01,0.01,0.99,0.99,0.0,0.0,76000.08,1776754472000
1776754474.735,274.735,0.01,0.01,0.99,0.99,0.0,0.0,76000.3,1776754473000
1776754475.57,275.57,0.01,0.01,0.99,0.99,0.0,0.0,76002.19,1776754474000
1776754475.949,275.949,0.01,0.01,0.99,0.99,0.0,0.0,76002.19,1776754474000
1776754476.407,276.407,0.01,0.01,0.99,0.99,0.0,0.0,76002.17,1776754475000
1776754477.093,277.093,0.01,0.01,0.99,0.99,0.0,0.0,76002.17,1776754475000
1776754478.752,278.752,0.01,0.01,0.99,0.99,0.0,0.0,76002.38,1776754477000
1776754479.518,279.518,0.01,0.01,0.99,0.99,0.0,0.0,76002.34,1776754478000
1776754480.34,280.34,0.01,0.01,0.99,0.99,0.0,0.0,76002.41,1776754479000
1776754481.706,281.706,0.01,0.01,0.99,0.99,0.0,0.0,76002.41,1776754479000
1776754482.406,282.406,0.01,0.01,0.99,0.99,0.0,0.0,76002.36,1776754481000
1776754483.108,283.108,0.01,0.01,0.99,0.99,0.0,0.0,76002.37,1776754482000
1776754484.475,284.475,0.01,0.01,0.99,0.99,0.0,0.0,76002.38,1776754483000
1776754485.355,285.355,0.01,0.01,0.99,0.99,0.0,0.0,76002.4,1776754484000
1776754486.022,286.022,0.01,0.01,0.99,0.99,0.0,0.0,76002.4,1776754484000
1776754486.787,286.787,0.01,0.01,0.99,0.99,0.0,0.0,76002.36,1776754485000
1776754487.456,287.456,0.01,0.01,0.99,0.99,0.0,0.0,76003.44,1776754486000
1776754488.236,288.236,0.01,0.01,0.99,0.99,0.0,0.0,76002.01,1776754487000
1776754489.717,289.717,0.01,0.01,0.99,0.99,0.0,0.0,76002.04,1776754488000
1776754490.58,290.58,0.01,0.01,0.99,0.99,0.0,0.0,76002.04,1776754489000
1776754491.477,291.477,0.01,0.01,0.99,0.99,0.0,0.0,76002.59,1776754490000
1776754491.871,291.871,0.01,0.01,0.99,0.99,0.0,0.0,76002.59,1776754490000
1776754492.278,292.278,0.01,0.01,0.99,0.99,0.0,0.0,76002.47,1776754491000
1776754492.618,292.618,0.01,0.01,0.99,0.99,0.0,0.0,76002.47,1776754491000
1776754494.236,294.236,0.01,0.01,0.99,0.99,0.0,0.0,76002.59,1776754493000
1776754495.745,295.745,0.01,0.01,0.99,0.99,0.0,0.0,76002.05,1776754494000
1776754496.138,296.138,0.01,0.01,0.99,0.99,0.0,0.0,76002.05,1776754494000
1776754496.569,296.569,0.01,0.01,0.99,0.99,0.0,0.0,76001.05,1776754495000
1776754496.944,296.944,0.01,0.01,0.99,0.99,0.0,0.0,76001.05,1776754495000
1776754497.787,297.787,0.01,0.01,0.99,0.99,0.0,0.0,76001.05,1776754496000
1776754498.493,298.493,0.01,0.01,0.99,0.99,0.0,0.0,75999.74,1776754497000
1776754499.392,299.392,0.01,0.01,0.99,0.99,0.0,0.0,75999.64,1776754498000
1776754500.507,300.507,0.01,0.01,0.99,0.99,0.0,0.0,75999.64,1776754498000
1776754501.63,301.63,0.01,0.01,0.99,0.99,0.0,0.0,75999.7,1776754500000
1776754502.295,302.295,0.01,0.01,0.99,0.99,0.0,0.0,75999.57,1776754501000

# RESULT,winner=Down,slug=btc-updown-5m-1776754200,ticks=618
