timestamp,elapsed_sec,up_bid,up_ask,down_bid,down_ask,up_spread,down_spread,btc_price,btc_oracle_ts
1776561000.55,0.55,0.52,0.54,0.46,0.47,0.02,0.01,75702.83,1776560999000
1776561000.95,0.95,0.51,0.52,0.47,0.48,0.01,0.01,75702.83,1776560999000
1776561002.124,2.124,0.51,0.52,0.48,0.49,0.01,0.01,75697.75,1776561000000
1776561002.776,2.776,0.51,0.56,0.44,0.49,0.05,0.05,75693.9,1776561001000
1776561003.143,3.143,0.5,0.52,0.48,0.5,0.02,0.02,75693.9,1776561001000
1776561003.489,3.489,0.49,0.52,0.48,0.5,0.03,0.02,75691.73,1776561002000
1776561004.366,4.366,0.49,0.5,0.48,0.51,0.01,0.03,75691.73,1776561002000
1776561004.856,4.856,0.49,0.5,0.5,0.51,0.01,0.01,75690.7,1776561003000
1776561005.237,5.237,0.48,0.5,0.5,0.52,0.02,0.02,75690.7,1776561003000
1776561005.599,5.599,0.48,0.5,0.5,0.52,0.02,0.02,75688.96,1776561004000
1776561005.991,5.991,0.45,0.49,0.51,0.53,0.04,0.02,75688.96,1776561004000
1776561006.358,6.358,0.45,0.48,0.51,0.52,0.03,0.01,75685.29,1776561005000
1776561006.706,6.706,0.4,0.45,0.55,0.6,0.05,0.05,75685.29,1776561005000
1776561007.198,7.198,0.42,0.43,0.55,0.59,0.01,0.04,75685.29,1776561005000
1776561007.657,7.657,0.42,0.43,0.57,0.59,0.01,0.02,75680.56,1776561006000
1776561008.128,8.128,0.41,0.42,0.58,0.59,0.01,0.01,75680.43,1776561007000
1776561008.488,8.488,0.41,0.42,0.58,0.59,0.01,0.01,75680.43,1776561007000
1776561008.992,8.992,0.41,0.42,0.58,0.59,0.01,0.01,75680.43,1776561007000
1776561009.436,9.436,0.41,0.42,0.58,0.59,0.01,0.01,75683.08,1776561008000
1776561009.828,9.828,0.41,0.42,0.58,0.59,0.01,0.01,75683.08,1776561008000
1776561010.263,10.263,0.41,0.42,0.58,0.59,0.01,0.01,75683.08,1776561008000
1776561010.799,10.799,0.4,0.41,0.59,0.6,0.01,0.01,75683.08,1776561008000
1776561011.287,11.287,0.4,0.41,0.59,0.6,0.01,0.01,75678.37,1776561010000
1776561011.657,11.657,0.4,0.41,0.59,0.6,0.01,0.01,75678.37,1776561010000
1776561012.355,12.355,0.4,0.41,0.59,0.6,0.01,0.01,75678.37,1776561010000
1776561013.239,13.239,0.4,0.41,0.59,0.6,0.01,0.01,75678.77,1776561011000
1776561013.576,13.576,0.4,0.41,0.59,0.6,0.01,0.01,75678.77,1776561011000
1776561014.052,14.052,0.4,0.41,0.59,0.6,0.01,0.01,75678.19,1776561012000
1776561014.569,14.569,0.41,0.42,0.58,0.59,0.01,0.01,75678.77,1776561013000
1776561014.915,14.915,0.42,0.43,0.57,0.58,0.01,0.01,75678.77,1776561013000
1776561015.34,15.34,0.42,0.43,0.57,0.58,0.01,0.01,75678.97,1776561014000
1776561015.801,15.801,0.42,0.43,0.57,0.58,0.01,0.01,75678.97,1776561014000
1776561016.483,16.483,0.42,0.43,0.57,0.58,0.01,0.01,75684.5,1776561015000
1776561016.947,16.947,0.42,0.43,0.57,0.58,0.01,0.01,75684.5,1776561015000
1776561017.331,17.331,0.42,0.43,0.57,0.58,0.01,0.01,75685.32,1776561016000
1776561017.693,17.693,0.41,0.42,0.57,0.59,0.01,0.02,75685.32,1776561016000
1776561018.327,18.327,0.41,0.42,0.58,0.59,0.01,0.01,75685.32,1776561017000
1776561018.93,18.93,0.41,0.42,0.58,0.59,0.01,0.01,75685.32,1776561017000
1776561019.582,19.582,0.41,0.42,0.58,0.59,0.01,0.01,75685.29,1776561018000
1776561020.037,20.037,0.41,0.42,0.58,0.59,0.01,0.01,75685.29,1776561018000
1776561020.925,20.925,0.41,0.42,0.58,0.59,0.01,0.01,75685.18,1776561019000
1776561021.428,21.428,0.41,0.42,0.58,0.59,0.01,0.01,75685.18,1776561019000
1776561021.845,21.845,0.41,0.42,0.58,0.59,0.01,0.01,75685.22,1776561020000
1776561022.18,22.18,0.41,0.42,0.58,0.59,0.01,0.01,75685.22,1776561020000
1776561022.715,22.715,0.43,0.44,0.58,0.59,0.01,0.01,75685.22,1776561020000
1776561023.061,23.061,0.43,0.44,0.56,0.57,0.01,0.01,75685.26,1776561021000
1776561023.828,23.828,0.43,0.44,0.56,0.57,0.01,0.01,75685.26,1776561021000
1776561024.343,24.343,0.43,0.44,0.56,0.57,0.01,0.01,75685.05,1776561022000
1776561024.722,24.722,0.43,0.44,0.56,0.57,0.01,0.01,75684.87,1776561023000
1776561025.137,25.137,0.43,0.44,0.56,0.57,0.01,0.01,75684.87,1776561023000
1776561025.678,25.678,0.43,0.44,0.56,0.57,0.01,0.01,75684.87,1776561024000
1776561026.117,26.117,0.43,0.44,0.56,0.57,0.01,0.01,75684.87,1776561024000
1776561026.532,26.532,0.43,0.44,0.56,0.57,0.01,0.01,75684.87,1776561024000
1776561026.952,26.952,0.43,0.44,0.56,0.57,0.01,0.01,75684.87,1776561024000
1776561027.448,27.448,0.43,0.44,0.56,0.57,0.01,0.01,75683.61,1776561025000
1776561028.022,28.022,0.43,0.44,0.56,0.57,0.01,0.01,75684.1,1776561026000
1776561028.433,28.433,0.43,0.44,0.56,0.57,0.01,0.01,75684.1,1776561026000
1776561028.769,28.769,0.43,0.44,0.56,0.57,0.01,0.01,75684.14,1776561027000
1776561029.517,29.517,0.43,0.44,0.56,0.57,0.01,0.01,75684.14,1776561028000
1776561030.258,30.258,0.41,0.42,0.56,0.6,0.01,0.04,75684.14,1776561028000
1776561030.652,30.652,0.41,0.42,0.58,0.59,0.01,0.01,75684.16,1776561029000
1776561031.007,31.007,0.34,0.39,0.61,0.65,0.05,0.04,75684.16,1776561029000
1776561031.344,31.344,0.31,0.36,0.64,0.69,0.05,0.05,75684.69,1776561030000
1776561031.685,31.685,0.35,0.36,0.64,0.65,0.01,0.01,75684.69,1776561030000
1776561032.036,32.036,0.34,0.35,0.65,0.68,0.01,0.03,75684.69,1776561030000
1776561032.372,32.372,0.34,0.35,0.65,0.66,0.01,0.01,75684.69,1776561030000
1776561032.794,32.794,0.32,0.33,0.67,0.68,0.01,0.01,75675.52,1776561031000
1776561033.26,33.26,0.32,0.33,0.67,0.68,0.01,0.01,75675.52,1776561031000
1776561033.768,33.768,0.32,0.33,0.67,0.68,0.01,0.01,75673.06,1776561032000
1776561034.212,34.212,0.32,0.33,0.67,0.68,0.01,0.01,75672.46,1776561033000
1776561034.563,34.563,0.31,0.32,0.67,0.69,0.01,0.02,75672.46,1776561033000
1776561035.335,35.335,0.31,0.32,0.68,0.69,0.01,0.01,75672.46,1776561033000
1776561035.687,35.687,0.31,0.32,0.68,0.69,0.01,0.01,75672.46,1776561033000
1776561036.122,36.122,0.31,0.32,0.68,0.69,0.01,0.01,75668.84,1776561034000
1776561036.597,36.597,0.31,0.32,0.68,0.69,0.01,0.01,75668.84,1776561034000
1776561037.005,37.005,0.31,0.32,0.68,0.69,0.01,0.01,75668.84,1776561035000
1776561037.507,37.507,0.31,0.32,0.68,0.69,0.01,0.01,75672.18,1776561036000
1776561037.924,37.924,0.31,0.32,0.68,0.69,0.01,0.01,75672.18,1776561036000
1776561038.594,38.594,0.3,0.32,0.68,0.69,0.02,0.01,75672.18,1776561036000
1776561039.145,39.145,0.26,0.3,0.73,0.74,0.04,0.01,75672.17,1776561037000
1776561039.48,39.48,0.26,0.27,0.73,0.74,0.01,0.01,75672.17,1776561037000
1776561039.954,39.954,0.26,0.27,0.73,0.74,0.01,0.01,75669.31,1776561038000
1776561040.389,40.389,0.26,0.27,0.73,0.74,0.01,0.01,75669.31,1776561038000
1776561040.733,40.733,0.26,0.27,0.73,0.74,0.01,0.01,75666.94,1776561039000
1776561041.23,41.23,0.26,0.27,0.73,0.74,0.01,0.01,75664.02,1776561040000
1776561041.819,41.819,0.26,0.27,0.73,0.74,0.01,0.01,75664.02,1776561040000
1776561042.339,42.339,0.26,0.27,0.73,0.74,0.01,0.01,75664.02,1776561040000
1776561042.682,42.682,0.26,0.27,0.73,0.74,0.01,0.01,75664.36,1776561041000
1776561043.213,43.213,0.26,0.27,0.73,0.74,0.01,0.01,75664.36,1776561042000
1776561043.707,43.707,0.26,0.27,0.73,0.74,0.01,0.01,75664.36,1776561042000
1776561044.193,44.193,0.26,0.27,0.73,0.74,0.01,0.01,75664.36,1776561042000
1776561044.57,44.57,0.26,0.27,0.73,0.74,0.01,0.01,75662.51,1776561043000
1776561044.933,44.933,0.25,0.26,0.74,0.75,0.01,0.01,75662.51,1776561044000
1776561045.471,45.471,0.25,0.26,0.74,0.75,0.01,0.01,75662.51,1776561044000
1776561045.862,45.862,0.24,0.26,0.74,0.75,0.02,0.01,75662.51,1776561044000
1776561046.239,46.239,0.24,0.26,0.74,0.76,0.02,0.02,75662.51,1776561045000
1776561046.601,46.601,0.23,0.25,0.75,0.76,0.02,0.01,75662.51,1776561045000
1776561046.937,46.937,0.23,0.24,0.75,0.77,0.01,0.02,75662.51,1776561045000
1776561047.307,47.307,0.23,0.24,0.76,0.77,0.01,0.01,75662.45,1776561046000
1776561047.702,47.702,0.22,0.23,0.76,0.78,0.01,0.02,75662.45,1776561046000
1776561048.084,48.084,0.22,0.23,0.77,0.78,0.01,0.01,75662.45,1776561046000
1776561048.454,48.454,0.22,0.23,0.77,0.78,0.01,0.01,75660.72,1776561047000
1776561048.845,48.845,0.22,0.24,0.77,0.78,0.02,0.01,75660.72,1776561047000
1776561049.257,49.257,0.25,0.26,0.74,0.75,0.01,0.01,75658.91,1776561048000
1776561049.613,49.613,0.25,0.26,0.74,0.75,0.01,0.01,75658.91,1776561048000
1776561049.979,49.979,0.25,0.26,0.74,0.75,0.01,0.01,75658.91,1776561048000
1776561050.347,50.347,0.25,0.26,0.74,0.75,0.01,0.01,75659.86,1776561049000
1776561050.822,50.822,0.25,0.26,0.74,0.75,0.01,0.01,75659.86,1776561049000
1776561051.169,51.169,0.25,0.26,0.74,0.75,0.01,0.01,75659.86,1776561049000
1776561051.518,51.518,0.25,0.26,0.74,0.75,0.01,0.01,75664.09,1776561050000
1776561051.914,51.914,0.25,0.26,0.74,0.75,0.01,0.01,75664.09,1776561050000
1776561052.393,52.393,0.22,0.26,0.74,0.75,0.04,0.01,75666.07,1776561051000
1776561052.772,52.772,0.23,0.24,0.76,0.77,0.01,0.01,75666.07,1776561051000
1776561053.172,53.172,0.23,0.24,0.76,0.77,0.01,0.01,75665.88,1776561052000
1776561054.22,54.22,0.23,0.24,0.76,0.77,0.01,0.01,75665.09,1776561053000
1776561054.584,54.584,0.21,0.23,0.77,0.79,0.02,0.02,75665.09,1776561053000
1776561054.974,54.974,0.17,0.23,0.77,0.83,0.06,0.06,75665.09,1776561053000
1776561055.367,55.367,0.16,0.17,0.83,0.84,0.01,0.01,75658.45,1776561054000
1776561055.76,55.76,0.16,0.17,0.83,0.86,0.01,0.03,75658.45,1776561054000
1776561056.17,56.17,0.16,0.17,0.83,0.84,0.01,0.01,75658.45,1776561054000
1776561056.516,56.516,0.16,0.17,0.83,0.84,0.01,0.01,75654.54,1776561055000
1776561056.93,56.93,0.16,0.17,0.83,0.84,0.01,0.01,75654.54,1776561055000
1776561057.323,57.323,0.16,0.17,0.83,0.84,0.01,0.01,75654.54,1776561055000
1776561057.757,57.757,0.15,0.17,0.83,0.84,0.02,0.01,75648.74,1776561056000
1776561058.137,58.137,0.15,0.16,0.84,0.85,0.01,0.01,75648.74,1776561056000
1776561058.561,58.561,0.15,0.16,0.84,0.85,0.01,0.01,75648.92,1776561057000
1776561058.972,58.972,0.14,0.15,0.85,0.86,0.01,0.01,75648.92,1776561057000
1776561059.319,59.319,0.14,0.15,0.85,0.86,0.01,0.01,75648.92,1776561057000
1776561059.739,59.739,0.13,0.14,0.85,0.87,0.01,0.02,75648.92,1776561058000
1776561060.283,60.283,0.13,0.14,0.86,0.87,0.01,0.01,75648.92,1776561058000
1776561060.643,60.643,0.12,0.13,0.87,0.88,0.01,0.01,75648.57,1776561059000
1776561060.987,60.987,0.12,0.13,0.87,0.88,0.01,0.01,75648.57,1776561059000
1776561061.367,61.367,0.12,0.13,0.87,0.88,0.01,0.01,75648.27,1776561060000
1776561061.976,61.976,0.12,0.13,0.87,0.88,0.01,0.01,75648.27,1776561060000
1776561062.375,62.375,0.12,0.13,0.87,0.88,0.01,0.01,75645.22,1776561061000
1776561062.832,62.832,0.12,0.13,0.87,0.88,0.01,0.01,75645.22,1776561061000
1776561063.194,63.194,0.12,0.13,0.87,0.88,0.01,0.01,75645.22,1776561062000
1776561063.549,63.549,0.15,0.16,0.84,0.85,0.01,0.01,75645.22,1776561062000
1776561064.078,64.078,0.15,0.18,0.82,0.85,0.03,0.03,75649.7,1776561063000
1776561064.513,64.513,0.15,0.18,0.82,0.85,0.03,0.03,75649.7,1776561063000
1776561064.858,64.858,0.15,0.17,0.83,0.85,0.02,0.02,75649.7,1776561063000
1776561065.256,65.256,0.16,0.17,0.81,0.84,0.01,0.03,75655.1,1776561064000
1776561065.591,65.591,0.16,0.17,0.83,0.84,0.01,0.01,75655.1,1776561064000
1776561065.956,65.956,0.16,0.18,0.81,0.84,0.02,0.03,75655.1,1776561064000
1776561066.437,66.437,0.18,0.19,0.81,0.82,0.01,0.01,75656.55,1776561065000
1776561067.035,67.035,0.18,0.19,0.81,0.82,0.01,0.01,75656.55,1776561065000
1776561067.456,67.456,0.18,0.19,0.81,0.82,0.01,0.01,75656.71,1776561066000
1776561067.795,67.795,0.13,0.15,0.85,0.87,0.02,0.02,75656.71,1776561066000
1776561068.211,68.211,0.13,0.14,0.86,0.87,0.01,0.01,75656.71,1776561066000
1776561068.641,68.641,0.13,0.14,0.86,0.87,0.01,0.01,75656.6,1776561067000
1776561069.412,69.412,0.13,0.14,0.86,0.87,0.01,0.01,75656.6,1776561067000
1776561070.026,70.026,0.12,0.13,0.86,0.87,0.01,0.01,75655.36,1776561068000
1776561070.751,70.751,0.12,0.13,0.87,0.88,0.01,0.01,75651.93,1776561069000
1776561071.095,71.095,0.12,0.13,0.87,0.88,0.01,0.01,75647.49,1776561070000
1776561071.808,71.808,0.12,0.13,0.87,0.88,0.01,0.01,75647.49,1776561070000
1776561072.616,72.616,0.12,0.13,0.87,0.88,0.01,0.01,75647.62,1776561071000
1776561073.278,73.278,0.12,0.13,0.87,0.88,0.01,0.01,75647.71,1776561072000
1776561073.626,73.626,0.12,0.14,0.86,0.88,0.02,0.02,75647.71,1776561072000
1776561073.995,73.995,0.16,0.17,0.83,0.84,0.01,0.01,75647.71,1776561072000
1776561074.393,74.393,0.18,0.19,0.81,0.83,0.01,0.02,75647.71,1776561072000
1776561075.027,75.027,0.19,0.2,0.8,0.81,0.01,0.01,75647.84,1776561073000
1776561075.408,75.408,0.19,0.2,0.8,0.81,0.01,0.01,75647.84,1776561073000
1776561075.765,75.765,0.19,0.2,0.8,0.81,0.01,0.01,75652.44,1776561074000
1776561076.113,76.113,0.21,0.22,0.78,0.79,0.01,0.01,75652.44,1776561075000
1776561076.466,76.466,0.22,0.24,0.76,0.78,0.02,0.02,75652.44,1776561075000
1776561076.828,76.828,0.24,0.25,0.75,0.76,0.01,0.01,75652.44,1776561075000
1776561077.192,77.192,0.24,0.25,0.75,0.76,0.01,0.01,75658.52,1776561076000
1776561077.536,77.536,0.24,0.25,0.75,0.76,0.01,0.01,75658.52,1776561076000
1776561077.911,77.911,0.24,0.26,0.75,0.76,0.02,0.01,75658.52,1776561076000
1776561078.272,78.272,0.25,0.26,0.74,0.75,0.01,0.01,75658.52,1776561076000
1776561078.627,78.627,0.25,0.26,0.74,0.75,0.01,0.01,75661.17,1776561077000
1776561079.241,79.241,0.25,0.26,0.74,0.75,0.01,0.01,75665.25,1776561078000
1776561079.669,79.669,0.25,0.26,0.74,0.75,0.01,0.01,75665.25,1776561078000
1776561080.095,80.095,0.25,0.26,0.74,0.75,0.01,0.01,75665.25,1776561078000
1776561080.439,80.439,0.29,0.32,0.69,0.71,0.03,0.02,75666.39,1776561079000
1776561080.827,80.827,0.29,0.3,0.7,0.71,0.01,0.01,75666.39,1776561079000
1776561081.277,81.277,0.29,0.3,0.7,0.71,0.01,0.01,75666.39,1776561079000
1776561081.862,81.862,0.29,0.3,0.7,0.71,0.01,0.01,75666.41,1776561080000
1776561082.201,82.201,0.29,0.3,0.7,0.71,0.01,0.01,75666.41,1776561080000
1776561082.667,82.667,0.29,0.3,0.7,0.71,0.01,0.01,75669.07,1776561081000
1776561083.339,83.339,0.29,0.3,0.7,0.71,0.01,0.01,75669.07,1776561081000
1776561083.895,83.895,0.29,0.3,0.7,0.71,0.01,0.01,75673.75,1776561082000
1776561084.238,84.238,0.29,0.3,0.7,0.71,0.01,0.01,75673.75,1776561083000
1776561084.611,84.611,0.29,0.3,0.7,0.71,0.01,0.01,75673.75,1776561083000
1776561085.248,85.248,0.29,0.3,0.7,0.71,0.01,0.01,75673.75,1776561083000
1776561085.633,85.633,0.29,0.3,0.7,0.71,0.01,0.01,75673.75,1776561083000
1776561086.04,86.04,0.29,0.3,0.7,0.71,0.01,0.01,75673.75,1776561084000
1776561086.881,86.881,0.29,0.3,0.7,0.71,0.01,0.01,75673.75,1776561085000
1776561087.451,87.451,0.29,0.3,0.7,0.71,0.01,0.01,75673.76,1776561086000
1776561088.332,88.332,0.29,0.3,0.7,0.71,0.01,0.01,75673.76,1776561086000
1776561089.018,89.018,0.29,0.3,0.7,0.71,0.01,0.01,75673.76,1776561087000
1776561089.362,89.362,0.29,0.3,0.68,0.71,0.01,0.03,75673.76,1776561087000
1776561089.879,89.879,0.29,0.3,0.7,0.71,0.01,0.01,75673.72,1776561088000
1776561090.264,90.264,0.29,0.3,0.7,0.71,0.01,0.01,75673.72,1776561089000
1776561090.832,90.832,0.29,0.3,0.7,0.71,0.01,0.01,75673.72,1776561089000
1776561091.333,91.333,0.29,0.3,0.7,0.71,0.01,0.01,75675.22,1776561090000
1776561091.67,91.67,0.29,0.3,0.7,0.71,0.01,0.01,75675.22,1776561090000
1776561092.343,92.343,0.29,0.3,0.7,0.71,0.01,0.01,75675.22,1776561090000
1776561092.709,92.709,0.29,0.3,0.7,0.71,0.01,0.01,75675.23,1776561091000
1776561093.185,93.185,0.29,0.3,0.7,0.71,0.01,0.01,75675.23,1776561091000
1776561093.522,93.522,0.29,0.3,0.7,0.71,0.01,0.01,75676.61,1776561092000
1776561094.591,94.591,0.29,0.3,0.7,0.71,0.01,0.01,75676.61,1776561092000
1776561094.951,94.951,0.28,0.29,0.71,0.72,0.01,0.01,75676.61,1776561093000
1776561095.405,95.405,0.28,0.29,0.71,0.72,0.01,0.01,75676.61,1776561094000
1776561095.758,95.758,0.28,0.29,0.71,0.72,0.01,0.01,75676.61,1776561094000
1776561096.116,96.116,0.28,0.29,0.71,0.72,0.01,0.01,75676.61,1776561094000
1776561096.615,96.615,0.28,0.29,0.71,0.72,0.01,0.01,75676.64,1776561095000
1776561097.179,97.179,0.28,0.29,0.71,0.72,0.01,0.01,75676.64,1776561095000
1776561097.569,97.569,0.28,0.29,0.71,0.72,0.01,0.01,75676.76,1776561096000
1776561098.042,98.042,0.28,0.29,0.71,0.72,0.01,0.01,75676.76,1776561096000
1776561098.387,98.387,0.28,0.29,0.71,0.72,0.01,0.01,75676.76,1776561097000
1776561099.048,99.048,0.28,0.29,0.71,0.72,0.01,0.01,75676.76,1776561097000
1776561099.398,99.398,0.28,0.29,0.71,0.72,0.01,0.01,75676.76,1776561097000
1776561100.956,100.956,0.25,0.29,0.71,0.72,0.04,0.01,75676.77,1776561098000
1776561101.327,101.327,0.25,0.26,0.74,0.75,0.01,0.01,75676.79,1776561099000
1776561101.813,101.813,0.25,0.26,0.74,0.75,0.01,0.01,75676.79,1776561099000
1776561102.251,102.251,0.25,0.26,0.74,0.75,0.01,0.01,75676.79,1776561100000
1776561102.602,102.602,0.25,0.26,0.74,0.75,0.01,0.01,75676.79,1776561100000
1776561103.134,103.134,0.25,0.26,0.74,0.75,0.01,0.01,75676.79,1776561101000
1776561103.513,103.513,0.25,0.26,0.74,0.75,0.01,0.01,75674.62,1776561102000
1776561103.878,103.878,0.25,0.26,0.74,0.75,0.01,0.01,75674.62,1776561102000
1776561104.29,104.29,0.25,0.26,0.74,0.75,0.01,0.01,75674.62,1776561102000
1776561105.132,105.132,0.25,0.26,0.74,0.75,0.01,0.01,75676.78,1776561104000
1776561106.189,106.189,0.25,0.26,0.74,0.75,0.01,0.01,75676.78,1776561104000
1776561106.555,106.555,0.25,0.26,0.74,0.75,0.01,0.01,75676.91,1776561105000
1776561107.011,107.011,0.26,0.27,0.74,0.75,0.01,0.01,75676.91,1776561105000
1776561107.75,107.75,0.26,0.27,0.73,0.74,0.01,0.01,75676.91,1776561106000
1776561108.224,108.224,0.26,0.27,0.73,0.74,0.01,0.01,75676.91,1776561106000
1776561108.564,108.564,0.21,0.22,0.78,0.81,0.01,0.03,75673.38,1776561107000
1776561108.914,108.914,0.21,0.22,0.78,0.79,0.01,0.01,75673.38,1776561107000
1776561109.253,109.253,0.21,0.22,0.78,0.79,0.01,0.01,75676.31,1776561108000
1776561109.712,109.712,0.21,0.22,0.78,0.79,0.01,0.01,75676.31,1776561108000
1776561110.517,110.517,0.21,0.22,0.78,0.79,0.01,0.01,75669.86,1776561109000
1776561110.925,110.925,0.21,0.22,0.78,0.79,0.01,0.01,75669.86,1776561109000
1776561111.534,111.534,0.21,0.22,0.78,0.79,0.01,0.01,75669.27,1776561110000
1776561112.156,112.156,0.21,0.22,0.78,0.79,0.01,0.01,75669.27,1776561110000
1776561112.617,112.617,0.2,0.22,0.78,0.8,0.02,0.02,75666.35,1776561111000
1776561113.095,113.095,0.2,0.22,0.78,0.8,0.02,0.02,75665.95,1776561112000
1776561113.684,113.684,0.19,0.21,0.79,0.81,0.02,0.02,75665.95,1776561112000
1776561114.027,114.027,0.17,0.2,0.8,0.81,0.03,0.01,75665.95,1776561112000
1776561114.423,114.423,0.19,0.2,0.8,0.81,0.01,0.01,75664.76,1776561113000
1776561114.853,114.853,0.18,0.2,0.8,0.81,0.02,0.01,75664.76,1776561113000
1776561115.495,115.495,0.18,0.19,0.81,0.82,0.01,0.01,75665.08,1776561114000
1776561115.861,115.861,0.18,0.19,0.81,0.82,0.01,0.01,75665.08,1776561114000
1776561116.23,116.23,0.17,0.18,0.81,0.82,0.01,0.01,75665.08,1776561114000
1776561116.604,116.604,0.17,0.18,0.82,0.83,0.01,0.01,75665.08,1776561114000
1776561117.03,117.03,0.17,0.18,0.82,0.83,0.01,0.01,75665.83,1776561115000
1776561118.097,118.097,0.17,0.18,0.82,0.83,0.01,0.01,75665.83,1776561116000
1776561118.532,118.532,0.17,0.18,0.82,0.83,0.01,0.01,75665.83,1776561116000
1776561118.884,118.884,0.17,0.18,0.82,0.83,0.01,0.01,75665.83,1776561116000
1776561119.589,119.589,0.17,0.18,0.82,0.83,0.01,0.01,75666.15,1776561118000
1776561119.972,119.972,0.17,0.18,0.82,0.83,0.01,0.01,75666.15,1776561118000
1776561120.462,120.462,0.2,0.21,0.79,0.83,0.01,0.04,75666.23,1776561119000
1776561120.887,120.887,0.22,0.23,0.76,0.78,0.01,0.02,75666.23,1776561119000
1776561121.245,121.245,0.24,0.26,0.73,0.77,0.02,0.04,75666.23,1776561120000
1776561121.581,121.581,0.27,0.28,0.72,0.73,0.01,0.01,75666.23,1776561120000
1776561122.042,122.042,0.27,0.28,0.72,0.73,0.01,0.01,75666.23,1776561120000
1776561122.459,122.459,0.27,0.28,0.71,0.73,0.01,0.02,75668.62,1776561121000
1776561122.799,122.799,0.28,0.29,0.71,0.72,0.01,0.01,75668.62,1776561121000
1776561123.14,123.14,0.28,0.29,0.71,0.72,0.01,0.01,75668.62,1776561121000
1776561123.504,123.504,0.28,0.29,0.71,0.72,0.01,0.01,75673.37,1776561122000
1776561123.842,123.842,0.28,0.29,0.71,0.72,0.01,0.01,75673.37,1776561122000
1776561124.216,124.216,0.28,0.29,0.71,0.72,0.01,0.01,75673.37,1776561122000
1776561124.569,124.569,0.28,0.29,0.71,0.72,0.01,0.01,75673.45,1776561123000
1776561125.246,125.246,0.28,0.29,0.71,0.72,0.01,0.01,75673.41,1776561124000
1776561125.887,125.887,0.28,0.29,0.71,0.72,0.01,0.01,75673.41,1776561124000
1776561126.326,126.326,0.28,0.29,0.71,0.72,0.01,0.01,75673.41,1776561125000
1776561126.966,126.966,0.28,0.29,0.71,0.72,0.01,0.01,75673.41,1776561125000
1776561127.351,127.351,0.28,0.29,0.71,0.72,0.01,0.01,75676.52,1776561126000
1776561128.171,128.171,0.28,0.29,0.71,0.72,0.01,0.01,75676.52,1776561126000
1776561128.673,128.673,0.28,0.29,0.71,0.72,0.01,0.01,75676.52,1776561127000
1776561129.132,129.132,0.28,0.29,0.71,0.72,0.01,0.01,75676.51,1776561128000
1776561129.677,129.677,0.28,0.29,0.71,0.72,0.01,0.01,75676.51,1776561128000
1776561130.057,130.057,0.28,0.29,0.71,0.72,0.01,0.01,75676.51,1776561128000
1776561130.532,130.532,0.28,0.29,0.71,0.72,0.01,0.01,75676.51,1776561129000
1776561130.866,130.866,0.28,0.29,0.71,0.72,0.01,0.01,75676.51,1776561129000
1776561131.415,131.415,0.28,0.29,0.71,0.72,0.01,0.01,75676.53,1776561130000
1776561131.931,131.931,0.28,0.29,0.71,0.72,0.01,0.01,75676.53,1776561130000
1776561132.425,132.425,0.28,0.29,0.71,0.72,0.01,0.01,75676.53,1776561130000
1776561132.82,132.82,0.28,0.29,0.71,0.72,0.01,0.01,75676.96,1776561131000
1776561133.184,133.184,0.28,0.29,0.71,0.72,0.01,0.01,75676.96,1776561131000
1776561133.697,133.697,0.28,0.29,0.71,0.72,0.01,0.01,75676.96,1776561132000
1776561134.323,134.323,0.28,0.29,0.71,0.72,0.01,0.01,75676.96,1776561132000
1776561134.669,134.669,0.28,0.29,0.71,0.72,0.01,0.01,75676.96,1776561133000
1776561135.15,135.15,0.28,0.29,0.71,0.72,0.01,0.01,75676.96,1776561134000
1776561135.987,135.987,0.28,0.29,0.71,0.72,0.01,0.01,75676.96,1776561134000
1776561136.403,136.403,0.28,0.29,0.71,0.72,0.01,0.01,75676.96,1776561135000
1776561136.813,136.813,0.28,0.29,0.71,0.72,0.01,0.01,75676.96,1776561135000
1776561137.333,137.333,0.28,0.29,0.71,0.72,0.01,0.01,75676.96,1776561135000
1776561138.097,138.097,0.28,0.29,0.71,0.72,0.01,0.01,75676.96,1776561137000
1776561138.448,138.448,0.28,0.29,0.71,0.72,0.01,0.01,75676.96,1776561137000
1776561138.889,138.889,0.28,0.29,0.71,0.72,0.01,0.01,75676.96,1776561137000
1776561139.398,139.398,0.28,0.29,0.71,0.72,0.01,0.01,75676.92,1776561138000
1776561140.138,140.138,0.28,0.29,0.71,0.72,0.01,0.01,75676.94,1776561139000
1776561140.583,140.583,0.27,0.29,0.71,0.72,0.02,0.01,75676.94,1776561139000
1776561141.331,141.331,0.27,0.29,0.71,0.73,0.02,0.02,75676.96,1776561140000
1776561141.765,141.765,0.27,0.28,0.72,0.73,0.01,0.01,75676.96,1776561140000
1776561142.152,142.152,0.26,0.28,0.72,0.73,0.02,0.01,75676.96,1776561140000
1776561142.761,142.761,0.26,0.27,0.72,0.74,0.01,0.02,75676.96,1776561141000
1776561143.237,143.237,0.26,0.27,0.73,0.74,0.01,0.01,75676.96,1776561142000
1776561143.639,143.639,0.26,0.27,0.73,0.74,0.01,0.01,75676.96,1776561142000
1776561144.076,144.076,0.26,0.27,0.73,0.74,0.01,0.01,75676.96,1776561142000
1776561145.48,145.48,0.26,0.27,0.73,0.74,0.01,0.01,75677.14,1776561144000
1776561146.086,146.086,0.26,0.27,0.73,0.74,0.01,0.01,75677.14,1776561145000
1776561146.757,146.757,0.26,0.27,0.73,0.74,0.01,0.01,75677.14,1776561145000
1776561147.231,147.231,0.26,0.27,0.73,0.74,0.01,0.01,75677.14,1776561146000
1776561147.973,147.973,0.26,0.27,0.73,0.74,0.01,0.01,75677.14,1776561146000
1776561148.485,148.485,0.26,0.27,0.73,0.74,0.01,0.01,75677.14,1776561147000
1776561148.854,148.854,0.26,0.27,0.73,0.74,0.01,0.01,75677.14,1776561147000
1776561149.19,149.19,0.26,0.27,0.73,0.74,0.01,0.01,75677.14,1776561148000
1776561150.164,150.164,0.26,0.27,0.73,0.74,0.01,0.01,75677.14,1776561148000
1776561150.51,150.51,0.26,0.27,0.72,0.74,0.01,0.02,75677.44,1776561149000
1776561150.997,150.997,0.27,0.28,0.72,0.73,0.01,0.01,75677.44,1776561149000
1776561151.347,151.347,0.27,0.28,0.72,0.73,0.01,0.01,75677.44,1776561149000
1776561151.697,151.697,0.27,0.28,0.72,0.73,0.01,0.01,75677.44,1776561149000
1776561152.061,152.061,0.27,0.28,0.72,0.73,0.01,0.01,75680.58,1776561150000
1776561152.436,152.436,0.27,0.28,0.72,0.73,0.01,0.01,75680.59,1776561151000
1776561152.863,152.863,0.27,0.28,0.72,0.73,0.01,0.01,75680.59,1776561151000
1776561153.373,153.373,0.27,0.28,0.72,0.73,0.01,0.01,75680.65,1776561152000
1776561153.829,153.829,0.27,0.28,0.72,0.73,0.01,0.01,75680.65,1776561152000
1776561154.458,154.458,0.27,0.28,0.72,0.73,0.01,0.01,75680.7,1776561153000
1776561154.801,154.801,0.27,0.28,0.72,0.73,0.01,0.01,75680.7,1776561153000
1776561155.335,155.335,0.27,0.28,0.72,0.73,0.01,0.01,75680.66,1776561154000
1776561155.92,155.92,0.27,0.28,0.72,0.73,0.01,0.01,75680.66,1776561154000
1776561156.261,156.261,0.27,0.28,0.72,0.73,0.01,0.01,75680.75,1776561155000
1776561156.667,156.667,0.27,0.28,0.72,0.73,0.01,0.01,75680.75,1776561155000
1776561157.164,157.164,0.27,0.28,0.72,0.73,0.01,0.01,75680.78,1776561156000
1776561158.104,158.104,0.27,0.28,0.72,0.73,0.01,0.01,75680.78,1776561156000
1776561158.553,158.553,0.27,0.28,0.72,0.73,0.01,0.01,75680.78,1776561157000
1776561159.118,159.118,0.18,0.27,0.72,0.73,0.09,0.01,75680.78,1776561157000
1776561159.483,159.483,0.18,0.19,0.81,0.82,0.01,0.01,75680.77,1776561158000
1776561159.848,159.848,0.18,0.19,0.81,0.82,0.01,0.01,75680.77,1776561158000
1776561160.369,160.369,0.18,0.19,0.81,0.82,0.01,0.01,75680.77,1776561159000
1776561161.324,161.324,0.18,0.19,0.81,0.82,0.01,0.01,75680.77,1776561159000
1776561161.867,161.867,0.18,0.19,0.81,0.82,0.01,0.01,75675.12,1776561160000
1776561162.447,162.447,0.19,0.2,0.8,0.81,0.01,0.01,75675.12,1776561160000
1776561163.227,163.227,0.19,0.2,0.8,0.81,0.01,0.01,75672.69,1776561161000
1776561163.576,163.576,0.19,0.2,0.8,0.81,0.01,0.01,75672.69,1776561161000
1776561163.931,163.931,0.19,0.2,0.8,0.81,0.01,0.01,75672.69,1776561161000
1776561164.419,164.419,0.19,0.2,0.8,0.81,0.01,0.01,75672.91,1776561162000
1776561164.76,164.76,0.19,0.2,0.8,0.81,0.01,0.01,75673.17,1776561163000
1776561165.355,165.355,0.19,0.2,0.8,0.81,0.01,0.01,75673.17,1776561164000
1776561166.407,166.407,0.19,0.2,0.8,0.81,0.01,0.01,75673.17,1776561164000
1776561166.787,166.787,0.19,0.2,0.8,0.81,0.01,0.01,75673.16,1776561165000
1776561167.217,167.217,0.21,0.22,0.78,0.79,0.01,0.01,75673.56,1776561166000
1776561167.563,167.563,0.21,0.22,0.78,0.79,0.01,0.01,75673.56,1776561166000
1776561167.901,167.901,0.21,0.22,0.78,0.79,0.01,0.01,75673.56,1776561166000
1776561168.389,168.389,0.21,0.22,0.78,0.79,0.01,0.01,75677.37,1776561167000
1776561168.774,168.774,0.21,0.22,0.78,0.79,0.01,0.01,75677.37,1776561167000
1776561169.687,169.687,0.21,0.22,0.78,0.79,0.01,0.01,75676.01,1776561168000
1776561170.106,170.106,0.21,0.22,0.78,0.79,0.01,0.01,75676.01,1776561168000
1776561171.361,171.361,0.21,0.22,0.78,0.79,0.01,0.01,75676.13,1776561170000
1776561172.56,172.56,0.21,0.22,0.78,0.79,0.01,0.01,75676.49,1776561171000
1776561172.908,172.908,0.21,0.22,0.78,0.79,0.01,0.01,75676.49,1776561171000
1776561173.247,173.247,0.21,0.22,0.78,0.79,0.01,0.01,75676.49,1776561172000
1776561174.024,174.024,0.21,0.22,0.78,0.79,0.01,0.01,75676.49,1776561172000
1776561174.821,174.821,0.21,0.22,0.78,0.79,0.01,0.01,75676.67,1776561173000
1776561175.17,175.17,0.21,0.22,0.78,0.79,0.01,0.01,75676.67,1776561173000
1776561175.578,175.578,0.2,0.21,0.78,0.79,0.01,0.01,75676.73,1776561174000
1776561175.933,175.933,0.2,0.21,0.79,0.8,0.01,0.01,75676.73,1776561174000
1776561176.275,176.275,0.2,0.21,0.79,0.8,0.01,0.01,75676.73,1776561174000
1776561176.93,176.93,0.2,0.21,0.79,0.8,0.01,0.01,75676.06,1776561175000
1776561178.15,178.15,0.2,0.21,0.79,0.8,0.01,0.01,75676,1776561177000
1776561179.062,179.062,0.2,0.21,0.79,0.8,0.01,0.01,75676,1776561177000
1776561179.441,179.441,0.2,0.21,0.79,0.8,0.01,0.01,75676.14,1776561178000
1776561179.903,179.903,0.2,0.21,0.79,0.8,0.01,0.01,75676.14,1776561178000
1776561181.345,181.345,0.2,0.21,0.79,0.8,0.01,0.01,75676.48,1776561179000
1776561182.118,182.118,0.2,0.21,0.79,0.8,0.01,0.01,75676.62,1776561180000
1776561182.471,182.471,0.2,0.21,0.79,0.8,0.01,0.01,75676.62,1776561180000
1776561183.251,183.251,0.2,0.21,0.79,0.8,0.01,0.01,75676.64,1776561181000
1776561183.592,183.592,0.2,0.21,0.79,0.8,0.01,0.01,75676.64,1776561181000
1776561183.931,183.931,0.19,0.2,0.8,0.81,0.01,0.01,75676.46,1776561182000
1776561184.266,184.266,0.19,0.2,0.8,0.81,0.01,0.01,75676.46,1776561182000
1776561184.675,184.675,0.15,0.16,0.83,0.86,0.01,0.03,75676.46,1776561183000
1776561185.021,185.021,0.14,0.15,0.85,0.86,0.01,0.01,75676.46,1776561183000
1776561185.382,185.382,0.14,0.15,0.85,0.86,0.01,0.01,75676.46,1776561183000
1776561186.508,186.508,0.14,0.15,0.85,0.86,0.01,0.01,75676.78,1776561185000
1776561186.999,186.999,0.13,0.14,0.85,0.86,0.01,0.01,75676.78,1776561185000
1776561187.36,187.36,0.12,0.14,0.86,0.87,0.02,0.01,75674.03,1776561186000
1776561188.567,188.567,0.12,0.14,0.86,0.88,0.02,0.02,75672.4,1776561187000
1776561189.031,189.031,0.12,0.14,0.86,0.87,0.02,0.01,75672.4,1776561187000
1776561189.388,189.388,0.12,0.14,0.86,0.88,0.02,0.02,75672.77,1776561188000
1776561189.893,189.893,0.13,0.14,0.86,0.87,0.01,0.01,75672.77,1776561188000
1776561190.503,190.503,0.13,0.14,0.86,0.87,0.01,0.01,75672.77,1776561188000
1776561190.851,190.851,0.13,0.14,0.86,0.87,0.01,0.01,75672.1,1776561189000
1776561191.321,191.321,0.12,0.14,0.86,0.88,0.02,0.02,75672.1,1776561189000
1776561191.707,191.707,0.12,0.14,0.86,0.88,0.02,0.02,75672.13,1776561190000
1776561192.091,192.091,0.13,0.14,0.86,0.88,0.01,0.02,75672.13,1776561190000
1776561192.427,192.427,0.15,0.16,0.87,0.89,0.01,0.02,75672.13,1776561191000
1776561192.761,192.761,0.15,0.16,0.84,0.85,0.01,0.01,75672.13,1776561191000
1776561193.108,193.108,0.12,0.13,0.87,0.88,0.01,0.01,75672.05,1776561192000
1776561193.521,193.521,0.12,0.13,0.87,0.88,0.01,0.01,75672.05,1776561192000
1776561193.906,193.906,0.1,0.12,0.87,0.9,0.02,0.03,75672.05,1776561192000
1776561194.261,194.261,0.11,0.12,0.88,0.9,0.01,0.02,75672.05,1776561192000
1776561194.695,194.695,0.1,0.11,0.89,0.9,0.01,0.01,75672.05,1776561192000
1776561195.258,195.258,0.1,0.11,0.89,0.9,0.01,0.01,75671.84,1776561193000
1776561195.664,195.664,0.1,0.11,0.89,0.9,0.01,0.01,75671.1,1776561194000
1776561196.552,196.552,0.1,0.11,0.89,0.9,0.01,0.01,75670.52,1776561195000
1776561197.157,197.157,0.1,0.11,0.89,0.9,0.01,0.01,75665.95,1776561196000
1776561197.497,197.497,0.1,0.11,0.89,0.9,0.01,0.01,75665.95,1776561196000
1776561197.951,197.951,0.1,0.11,0.89,0.9,0.01,0.01,75665.95,1776561196000
1776561198.373,198.373,0.1,0.11,0.89,0.9,0.01,0.01,75665.95,1776561196000
1776561198.718,198.718,0.1,0.11,0.89,0.9,0.01,0.01,75665.95,1776561196000
1776561199.551,199.551,0.1,0.11,0.89,0.9,0.01,0.01,75668.28,1776561198000
1776561200.18,200.18,0.1,0.11,0.89,0.9,0.01,0.01,75668.25,1776561199000
1776561200.84,200.84,0.1,0.11,0.89,0.9,0.01,0.01,75668.25,1776561199000
1776561201.182,201.182,0.1,0.11,0.89,0.9,0.01,0.01,75668.18,1776561200000
1776561201.764,201.764,0.1,0.11,0.89,0.9,0.01,0.01,75668.18,1776561200000
1776561202.099,202.099,0.1,0.11,0.89,0.9,0.01,0.01,75668.18,1776561200000
1776561202.453,202.453,0.1,0.11,0.89,0.9,0.01,0.01,75668.04,1776561201000
1776561202.848,202.848,0.1,0.11,0.89,0.9,0.01,0.01,75668.04,1776561201000
1776561203.3,203.3,0.1,0.11,0.89,0.9,0.01,0.01,75667.81,1776561202000
1776561203.76,203.76,0.1,0.11,0.89,0.9,0.01,0.01,75667.81,1776561202000
1776561204.167,204.167,0.1,0.11,0.89,0.9,0.01,0.01,75667.81,1776561202000
1776561204.678,204.678,0.1,0.11,0.89,0.9,0.01,0.01,75667.71,1776561203000
1776561205.04,205.04,0.09,0.11,0.89,0.9,0.02,0.01,75667.71,1776561203000
1776561205.468,205.468,0.1,0.11,0.89,0.9,0.01,0.01,75666.51,1776561204000
1776561206.069,206.069,0.1,0.11,0.89,0.9,0.01,0.01,75666.5,1776561205000
1776561206.573,206.573,0.1,0.11,0.89,0.9,0.01,0.01,75666.5,1776561205000
1776561207.074,207.074,0.09,0.11,0.89,0.91,0.02,0.02,75665.8,1776561206000
1776561207.574,207.574,0.09,0.1,0.89,0.91,0.01,0.02,75665.8,1776561206000
1776561208.049,208.049,0.09,0.1,0.9,0.91,0.01,0.01,75666.03,1776561207000
1776561208.652,208.652,0.08,0.1,0.9,0.91,0.02,0.01,75666.03,1776561207000
1776561209.062,209.062,0.08,0.09,0.91,0.92,0.01,0.01,75666.41,1776561208000
1776561209.435,209.435,0.08,0.09,0.91,0.92,0.01,0.01,75666.41,1776561208000
1776561209.962,209.962,0.08,0.09,0.91,0.92,0.01,0.01,75666.41,1776561208000
1776561210.365,210.365,0.07,0.08,0.91,0.93,0.01,0.02,75666.41,1776561208000
1776561210.703,210.703,0.07,0.08,0.92,0.93,0.01,0.01,75666.08,1776561209000
1776561211.183,211.183,0.07,0.08,0.92,0.93,0.01,0.01,75665.94,1776561210000
1776561212.038,212.038,0.07,0.08,0.92,0.93,0.01,0.01,75665.94,1776561210000
1776561212.54,212.54,0.07,0.08,0.92,0.93,0.01,0.01,75665.94,1776561210000
1776561213.1,213.1,0.07,0.08,0.92,0.93,0.01,0.01,75665.99,1776561211000
1776561213.7,213.7,0.07,0.08,0.92,0.93,0.01,0.01,75666.19,1776561212000
1776561214.154,214.154,0.07,0.08,0.92,0.93,0.01,0.01,75666.19,1776561212000
1776561214.901,214.901,0.07,0.08,0.92,0.93,0.01,0.01,75666.19,1776561213000
1776561215.284,215.284,0.07,0.08,0.92,0.93,0.01,0.01,75666.19,1776561213000
1776561215.625,215.625,0.07,0.08,0.92,0.93,0.01,0.01,75666.49,1776561214000
1776561216.035,216.035,0.06,0.08,0.92,0.94,0.02,0.02,75666.49,1776561215000
1776561216.588,216.588,0.06,0.07,0.92,0.94,0.01,0.02,75666.49,1776561215000
1776561216.975,216.975,0.06,0.07,0.93,0.94,0.01,0.01,75666.49,1776561215000
1776561217.693,217.693,0.06,0.07,0.93,0.94,0.01,0.01,75666.34,1776561216000
1776561218.42,218.42,0.06,0.07,0.93,0.94,0.01,0.01,75664.73,1776561217000
1776561218.995,218.995,0.06,0.07,0.93,0.94,0.01,0.01,75664.73,1776561217000
1776561219.438,219.438,0.06,0.07,0.93,0.94,0.01,0.01,75665.26,1776561218000
1776561220.042,220.042,0.06,0.07,0.93,0.94,0.01,0.01,75666.13,1776561219000
1776561220.66,220.66,0.06,0.07,0.93,0.94,0.01,0.01,75666.13,1776561219000
1776561221.171,221.171,0.06,0.07,0.93,0.94,0.01,0.01,75665.41,1776561220000
1776561221.654,221.654,0.06,0.08,0.93,0.94,0.02,0.01,75665.41,1776561220000
1776561222.05,222.05,0.08,0.09,0.91,0.92,0.01,0.01,75665.41,1776561220000
1776561222.383,222.383,0.09,0.1,0.9,0.91,0.01,0.01,75665.5,1776561221000
1776561222.729,222.729,0.09,0.11,0.9,0.91,0.02,0.01,75665.5,1776561221000
1776561223.083,223.083,0.1,0.11,0.89,0.9,0.01,0.01,75665.5,1776561221000
1776561223.532,223.532,0.1,0.11,0.89,0.9,0.01,0.01,75666.19,1776561222000
1776561224.042,224.042,0.1,0.11,0.89,0.9,0.01,0.01,75666.29,1776561223000
1776561224.493,224.493,0.1,0.11,0.89,0.9,0.01,0.01,75666.29,1776561223000
1776561225.112,225.112,0.1,0.11,0.89,0.9,0.01,0.01,75666.29,1776561223000
1776561225.52,225.52,0.1,0.11,0.89,0.9,0.01,0.01,75671.77,1776561224000
1776561225.989,225.989,0.14,0.15,0.85,0.86,0.01,0.01,75671.77,1776561224000
1776561226.375,226.375,0.14,0.15,0.85,0.86,0.01,0.01,75671.77,1776561224000
1776561226.71,226.71,0.14,0.15,0.85,0.86,0.01,0.01,75671.89,1776561225000
1776561227.048,227.048,0.14,0.15,0.85,0.86,0.01,0.01,75671.89,1776561226000
1776561227.537,227.537,0.14,0.15,0.85,0.86,0.01,0.01,75671.89,1776561226000
1776561228.28,228.28,0.14,0.15,0.85,0.86,0.01,0.01,75673.4,1776561227000
1776561229.493,229.493,0.14,0.15,0.85,0.86,0.01,0.01,75673.4,1776561227000
1776561229.916,229.916,0.14,0.15,0.85,0.86,0.01,0.01,75677.12,1776561228000
1776561230.339,230.339,0.14,0.15,0.82,0.86,0.01,0.04,75677.16,1776561229000
1776561230.743,230.743,0.14,0.15,0.85,0.86,0.01,0.01,75677.16,1776561229000
1776561231.273,231.273,0.16,0.17,0.82,0.86,0.01,0.04,75677.16,1776561229000
1776561231.613,231.613,0.19,0.2,0.8,0.81,0.01,0.01,75677.18,1776561230000
1776561231.958,231.958,0.19,0.21,0.8,0.81,0.02,0.01,75677.18,1776561230000
1776561232.305,232.305,0.12,0.14,0.85,0.88,0.02,0.03,75677.19,1776561231000
1776561232.707,232.707,0.12,0.13,0.87,0.88,0.01,0.01,75677.19,1776561231000
1776561233.14,233.14,0.12,0.13,0.87,0.88,0.01,0.01,75677.19,1776561231000
1776561233.58,233.58,0.12,0.14,0.86,0.88,0.02,0.02,75677.09,1776561232000
1776561233.918,233.918,0.14,0.21,0.84,0.86,0.07,0.02,75677.09,1776561232000
1776561234.301,234.301,0.15,0.17,0.84,0.85,0.02,0.01,75676.14,1776561233000
1776561234.702,234.702,0.17,0.19,0.82,0.84,0.02,0.02,75676.14,1776561233000
1776561235.143,235.143,0.18,0.19,0.81,0.82,0.01,0.01,75676.14,1776561233000
1776561235.485,235.485,0.18,0.19,0.81,0.82,0.01,0.01,75673.34,1776561234000
1776561235.826,235.826,0.18,0.19,0.81,0.82,0.01,0.01,75673.34,1776561234000
1776561236.247,236.247,0.18,0.19,0.81,0.82,0.01,0.01,75673.34,1776561234000
1776561236.583,236.583,0.19,0.2,0.8,0.81,0.01,0.01,75670.93,1776561235000
1776561236.92,236.92,0.19,0.2,0.8,0.81,0.01,0.01,75670.93,1776561235000
1776561237.337,237.337,0.2,0.21,0.8,0.81,0.01,0.01,75669.96,1776561236000
1776561237.708,237.708,0.2,0.21,0.79,0.8,0.01,0.01,75669.96,1776561236000
1776561238.041,238.041,0.19,0.2,0.8,0.81,0.01,0.01,75669.96,1776561236000
1776561238.407,238.407,0.19,0.2,0.8,0.81,0.01,0.01,75669.96,1776561236000
1776561238.782,238.782,0.21,0.27,0.78,0.79,0.06,0.01,75670.21,1776561237000
1776561239.117,239.117,0.25,0.26,0.73,0.77,0.01,0.04,75670.21,1776561237000
1776561239.45,239.45,0.25,0.26,0.74,0.75,0.01,0.01,75670.21,1776561238000
1776561239.829,239.829,0.25,0.26,0.74,0.75,0.01,0.01,75670.21,1776561238000
1776561240.195,240.195,0.25,0.26,0.74,0.75,0.01,0.01,75670.21,1776561238000
1776561240.585,240.585,0.27,0.28,0.72,0.73,0.01,0.01,75670.95,1776561239000
1776561240.987,240.987,0.27,0.28,0.72,0.73,0.01,0.01,75670.95,1776561239000
1776561241.486,241.486,0.27,0.28,0.72,0.73,0.01,0.01,75675.15,1776561240000
1776561241.908,241.908,0.24,0.25,0.74,0.76,0.01,0.02,75675.15,1776561240000
1776561242.281,242.281,0.24,0.25,0.75,0.76,0.01,0.01,75675.15,1776561240000
1776561242.727,242.727,0.23,0.24,0.75,0.76,0.01,0.01,75675.68,1776561241000
1776561243.11,243.11,0.22,0.23,0.77,0.78,0.01,0.01,75674.51,1776561242000
1776561243.528,243.528,0.22,0.23,0.77,0.78,0.01,0.01,75674.51,1776561242000
1776561244.035,244.035,0.22,0.23,0.77,0.78,0.01,0.01,75674.51,1776561242000
1776561244.436,244.436,0.21,0.22,0.78,0.79,0.01,0.01,75674.51,1776561242000
1776561244.86,244.86,0.23,0.24,0.76,0.77,0.01,0.01,75671.36,1776561243000
1776561245.208,245.208,0.23,0.24,0.76,0.77,0.01,0.01,75671.36,1776561243000
1776561245.555,245.555,0.25,0.27,0.73,0.75,0.02,0.02,75669.73,1776561244000
1776561245.977,245.977,0.25,0.26,0.74,0.75,0.01,0.01,75669.73,1776561244000
1776561246.314,246.314,0.28,0.31,0.7,0.72,0.03,0.02,75669.73,1776561244000
1776561246.79,246.79,0.29,0.3,0.7,0.71,0.01,0.01,75668.67,1776561245000
1776561247.192,247.192,0.29,0.3,0.7,0.71,0.01,0.01,75668.67,1776561245000
1776561247.53,247.53,0.29,0.3,0.7,0.71,0.01,0.01,75668.73,1776561246000
1776561247.895,247.895,0.29,0.3,0.7,0.71,0.01,0.01,75668.73,1776561246000
1776561248.306,248.306,0.28,0.29,0.71,0.72,0.01,0.01,75670.51,1776561247000
1776561248.705,248.705,0.28,0.29,0.71,0.72,0.01,0.01,75670.51,1776561247000
1776561249.09,249.09,0.28,0.29,0.71,0.72,0.01,0.01,75670.51,1776561247000
1776561249.426,249.426,0.28,0.29,0.71,0.72,0.01,0.01,75671.21,1776561248000
1776561249.816,249.816,0.28,0.3,0.71,0.72,0.02,0.01,75671.21,1776561248000
1776561250.206,250.206,0.29,0.3,0.7,0.71,0.01,0.01,75671.21,1776561248000
1776561250.59,250.59,0.26,0.29,0.72,0.75,0.03,0.03,75671.21,1776561248000
1776561250.976,250.976,0.27,0.28,0.72,0.74,0.01,0.02,75671.98,1776561249000
1776561251.323,251.323,0.23,0.24,0.76,0.77,0.01,0.01,75671.98,1776561250000
1776561251.695,251.695,0.22,0.23,0.77,0.78,0.01,0.01,75671.98,1776561250000
1776561252.065,252.065,0.24,0.25,0.74,0.78,0.01,0.04,75671.98,1776561250000
1776561252.413,252.413,0.24,0.28,0.75,0.76,0.04,0.01,75671.98,1776561250000
1776561252.841,252.841,0.27,0.28,0.72,0.73,0.01,0.01,75671.16,1776561251000
1776561253.25,253.25,0.24,0.25,0.73,0.76,0.01,0.03,75671.16,1776561252000
1776561253.585,253.585,0.24,0.25,0.75,0.76,0.01,0.01,75671.16,1776561252000
1776561253.978,253.978,0.26,0.27,0.73,0.74,0.01,0.01,75671.16,1776561252000
1776561254.548,254.548,0.26,0.27,0.73,0.74,0.01,0.01,75671.16,1776561252000
1776561254.889,254.889,0.26,0.27,0.73,0.74,0.01,0.01,75670.81,1776561253000
1776561255.409,255.409,0.26,0.27,0.73,0.74,0.01,0.01,75670.81,1776561254000
1776561255.749,255.749,0.26,0.27,0.73,0.74,0.01,0.01,75670.81,1776561254000
1776561256.16,256.16,0.26,0.28,0.73,0.74,0.02,0.01,75670.81,1776561254000
1776561256.557,256.557,0.27,0.28,0.72,0.73,0.01,0.01,75670.81,1776561254000
1776561256.897,256.897,0.26,0.27,0.73,0.74,0.01,0.01,75670.02,1776561255000
1776561257.301,257.301,0.29,0.3,0.7,0.74,0.01,0.04,75669.69,1776561256000
1776561257.83,257.83,0.29,0.3,0.7,0.71,0.01,0.01,75669.69,1776561256000
1776561258.192,258.192,0.31,0.32,0.68,0.69,0.01,0.01,75669.69,1776561256000
1776561258.543,258.543,0.3,0.31,0.68,0.71,0.01,0.03,75669.69,1776561256000
1776561258.891,258.891,0.29,0.3,0.7,0.71,0.01,0.01,75669.7,1776561257000
1776561259.244,259.244,0.3,0.31,0.69,0.7,0.01,0.01,75670.32,1776561258000
1776561259.578,259.578,0.3,0.31,0.69,0.7,0.01,0.01,75670.32,1776561258000
1776561260.135,260.135,0.3,0.31,0.69,0.7,0.01,0.01,75670.32,1776561258000
1776561260.592,260.592,0.3,0.31,0.69,0.7,0.01,0.01,75670.32,1776561258000
1776561260.98,260.98,0.25,0.26,0.74,0.75,0.01,0.01,75670.32,1776561258000
1776561261.365,261.365,0.25,0.26,0.74,0.75,0.01,0.01,75670.39,1776561259000
1776561261.74,261.74,0.27,0.28,0.73,0.74,0.01,0.01,75670.39,1776561260000
1776561262.081,262.081,0.27,0.28,0.72,0.73,0.01,0.01,75670.39,1776561260000
1776561262.414,262.414,0.26,0.27,0.73,0.74,0.01,0.01,75670.39,1776561261000
1776561262.811,262.811,0.27,0.28,0.72,0.73,0.01,0.01,75670.39,1776561261000
1776561263.172,263.172,0.27,0.28,0.72,0.73,0.01,0.01,75670.39,1776561261000
1776561263.513,263.513,0.27,0.28,0.72,0.73,0.01,0.01,75668.04,1776561262000
1776561263.865,263.865,0.27,0.28,0.72,0.73,0.01,0.01,75668.04,1776561262000
1776561264.259,264.259,0.27,0.28,0.72,0.73,0.01,0.01,75668.04,1776561262000
1776561264.671,264.671,0.27,0.28,0.72,0.73,0.01,0.01,75665.67,1776561263000
1776561265.083,265.083,0.26,0.27,0.72,0.74,0.01,0.02,75665.67,1776561263000
1776561265.5,265.5,0.26,0.27,0.73,0.74,0.01,0.01,75665.67,1776561264000
1776561265.894,265.894,0.27,0.28,0.72,0.73,0.01,0.01,75665.67,1776561264000
1776561266.247,266.247,0.27,0.28,0.72,0.73,0.01,0.01,75665.67,1776561264000
1776561266.599,266.599,0.27,0.28,0.72,0.73,0.01,0.01,75665.72,1776561265000
1776561266.98,266.98,0.28,0.29,0.71,0.72,0.01,0.01,75665.72,1776561265000
1776561267.383,267.383,0.31,0.32,0.69,0.7,0.01,0.01,75665.72,1776561265000
1776561267.754,267.754,0.31,0.32,0.68,0.69,0.01,0.01,75666.21,1776561266000
1776561268.118,268.118,0.31,0.32,0.68,0.69,0.01,0.01,75666.21,1776561266000
1776561268.543,268.543,0.31,0.32,0.68,0.69,0.01,0.01,75666.21,1776561267000
1776561268.904,268.904,0.31,0.33,0.66,0.7,0.02,0.04,75666.21,1776561267000
1776561269.24,269.24,0.32,0.33,0.67,0.68,0.01,0.01,75666.21,1776561267000
1776561270.042,270.042,0.33,0.34,0.66,0.68,0.01,0.02,75666.16,1776561268000
1776561270.443,270.443,0.26,0.34,0.66,0.67,0.08,0.01,75666.16,1776561268000
1776561270.814,270.814,0.33,0.34,0.66,0.67,0.01,0.01,75666.34,1776561269000
1776561271.205,271.205,0.29,0.3,0.66,0.74,0.01,0.08,75666.51,1776561270000
1776561271.72,271.72,0.32,0.33,0.66,0.69,0.01,0.03,75666.51,1776561270000
1776561272.104,272.104,0.3,0.34,0.68,0.7,0.04,0.02,75666.51,1776561270000
1776561272.473,272.473,0.33,0.34,0.66,0.67,0.01,0.01,75666.75,1776561271000
1776561272.863,272.863,0.33,0.34,0.66,0.67,0.01,0.01,75666.75,1776561271000
1776561273.279,273.279,0.37,0.38,0.62,0.63,0.01,0.01,75666.75,1776561271000
1776561273.641,273.641,0.37,0.38,0.62,0.63,0.01,0.01,75666.75,1776561272000
1776561273.99,273.99,0.38,0.39,0.61,0.62,0.01,0.01,75666.75,1776561272000
1776561274.395,274.395,0.41,0.42,0.58,0.6,0.01,0.02,75666.75,1776561273000
1776561274.768,274.768,0.41,0.42,0.58,0.59,0.01,0.01,75666.75,1776561273000
1776561275.172,275.172,0.41,0.42,0.58,0.59,0.01,0.01,75666.75,1776561273000
1776561275.511,275.511,0.41,0.42,0.58,0.59,0.01,0.01,75666.39,1776561274000
1776561275.871,275.871,0.42,0.43,0.57,0.58,0.01,0.01,75666.39,1776561274000
1776561276.298,276.298,0.43,0.44,0.56,0.58,0.01,0.02,75666.39,1776561274000
1776561276.718,276.718,0.43,0.44,0.56,0.57,0.01,0.01,75665.75,1776561275000
1776561277.069,277.069,0.43,0.44,0.56,0.57,0.01,0.01,75665.75,1776561275000
1776561277.423,277.423,0.44,0.45,0.55,0.57,0.01,0.02,75665.75,1776561276000
1776561277.843,277.843,0.44,0.45,0.55,0.56,0.01,0.01,75665.75,1776561276000
1776561278.342,278.342,0.44,0.45,0.55,0.56,0.01,0.01,75665.75,1776561276000
1776561278.747,278.747,0.44,0.45,0.55,0.56,0.01,0.01,75665.62,1776561277000
1776561279.328,279.328,0.44,0.45,0.55,0.56,0.01,0.01,75665.62,1776561277000
1776561279.704,279.704,0.44,0.45,0.55,0.56,0.01,0.01,75666.73,1776561278000
1776561280.067,280.067,0.45,0.46,0.54,0.55,0.01,0.01,75666.73,1776561278000
1776561280.41,280.41,0.45,0.46,0.54,0.55,0.01,0.01,75665.8,1776561279000
1776561280.785,280.785,0.39,0.46,0.54,0.61,0.07,0.07,75665.8,1776561279000
1776561281.278,281.278,0.39,0.4,0.59,0.61,0.01,0.02,75665.8,1776561279000
1776561281.622,281.622,0.45,0.46,0.54,0.55,0.01,0.01,75665.8,1776561280000
1776561282.012,282.012,0.45,0.46,0.54,0.55,0.01,0.01,75665.8,1776561280000
1776561282.352,282.352,0.45,0.46,0.54,0.55,0.01,0.01,75665.58,1776561281000
1776561282.727,282.727,0.45,0.46,0.54,0.55,0.01,0.01,75665.58,1776561281000
1776561283.235,283.235,0.41,0.42,0.58,0.59,0.01,0.01,75665.49,1776561282000
1776561283.706,283.706,0.41,0.42,0.58,0.59,0.01,0.01,75665.49,1776561282000
1776561284.1,284.1,0.38,0.39,0.61,0.62,0.01,0.01,75665.49,1776561282000
1776561284.438,284.438,0.38,0.39,0.61,0.62,0.01,0.01,75665.49,1776561282000
1776561284.786,284.786,0.38,0.39,0.61,0.62,0.01,0.01,75665.25,1776561283000
1776561285.174,285.174,0.38,0.39,0.61,0.62,0.01,0.01,75665.25,1776561283000
1776561285.515,285.515,0.37,0.38,0.62,0.63,0.01,0.01,75665.25,1776561283000
1776561285.848,285.848,0.37,0.38,0.62,0.63,0.01,0.01,75665.14,1776561284000
1776561286.224,286.224,0.36,0.37,0.63,0.64,0.01,0.01,75665.14,1776561285000
1776561286.689,286.689,0.36,0.37,0.63,0.64,0.01,0.01,75665.14,1776561285000
1776561287.051,287.051,0.5,0.51,0.49,0.5,0.01,0.01,75665.14,1776561285000
1776561287.39,287.39,0.5,0.51,0.49,0.5,0.01,0.01,75665.14,1776561285000
1776561287.747,287.747,0.5,0.51,0.49,0.5,0.01,0.01,75665.07,1776561286000
1776561288.08,288.08,0.57,0.6,0.4,0.47,0.03,0.07,75665.07,1776561286000
1776561288.415,288.415,0.58,0.6,0.4,0.42,0.02,0.02,75665.07,1776561287000
1776561288.776,288.776,0.59,0.6,0.4,0.41,0.01,0.01,75665.07,1776561287000
1776561289.112,289.112,0.62,0.63,0.37,0.38,0.01,0.01,75665.07,1776561287000
1776561289.455,289.455,0.63,0.64,0.36,0.37,0.01,0.01,75664.93,1776561288000
1776561289.807,289.807,0.64,0.66,0.34,0.36,0.02,0.02,75664.93,1776561288000
1776561290.272,290.272,0.67,0.69,0.32,0.33,0.02,0.01,75664.93,1776561288000
1776561290.613,290.613,0.77,0.81,0.19,0.23,0.04,0.04,75663.03,1776561289000
1776561290.958,290.958,0.79,0.8,0.2,0.21,0.01,0.01,75663.03,1776561289000
1776561291.299,291.299,0.8,0.81,0.19,0.2,0.01,0.01,75661.59,1776561290000
1776561291.639,291.639,0.79,0.8,0.19,0.21,0.01,0.02,75661.59,1776561290000
1776561291.991,291.991,0.66,0.69,0.3,0.38,0.03,0.08,75661.59,1776561290000
1776561292.367,292.367,0.62,0.65,0.33,0.36,0.03,0.03,75661.59,1776561290000
1776561292.73,292.73,0.68,0.73,0.27,0.33,0.05,0.06,75661.63,1776561291000
1776561293.094,293.094,0.72,0.73,0.27,0.28,0.01,0.01,75661.63,1776561291000
1776561293.456,293.456,0.74,0.75,0.25,0.27,0.01,0.02,75661.63,1776561292000
1776561293.802,293.802,0.75,0.76,0.24,0.25,0.01,0.01,75661.63,1776561292000
1776561294.135,294.135,0.75,0.76,0.24,0.25,0.01,0.01,75661.63,1776561292000
1776561294.471,294.471,0.68,0.69,0.31,0.32,0.01,0.01,75659.04,1776561293000
1776561294.839,294.839,0.69,0.7,0.3,0.31,0.01,0.01,75659.04,1776561293000
1776561295.28,295.28,0.75,0.77,0.24,0.25,0.02,0.01,75659.04,1776561293000
1776561295.618,295.618,0.86,0.92,0.11,0.14,0.06,0.03,75653.3,1776561294000
1776561295.953,295.953,0.76,0.97,0.03,0.24,0.21,0.21,75653.3,1776561294000
1776561296.298,296.298,0.95,0.97,0.03,0.05,0.02,0.02,75653.3,1776561294000
1776561296.735,296.735,0.8,0.97,0.03,0.19,0.17,0.16,75653.3,1776561294000
1776561297.07,297.07,0.86,0.92,0.08,0.12,0.06,0.04,75652.55,1776561295000
1776561297.406,297.406,0.83,0.96,0.04,0.17,0.13,0.13,75652.55,1776561295000
1776561297.748,297.748,0.8,0.86,0.02,0.2,0.06,0.18,75652.55,1776561295000
1776561298.09,298.09,0.92,0.98,0.02,0.05,0.06,0.03,75690.28,1776561296000
1776561298.433,298.433,0.82,0.99,0.01,0.04,0.17,0.03,75698.26,1776561297000
1776561298.778,298.778,0.98,0.99,0.01,0.02,0.01,0.01,75698.26,1776561297000
1776561299.118,299.118,0.98,0.99,0.01,0.02,0.01,0.01,75698.26,1776561297000
1776561299.503,299.503,0.99,0.99,0.01,0.01,0.0,0.0,75698.26,1776561297000
1776561299.852,299.852,0.99,0.99,0.01,0.01,0.0,0.0,75698.26,1776561297000
1776561300.216,300.216,0.99,0.99,0.01,0.01,0.0,0.0,75698.26,1776561297000
1776561300.556,300.556,0.99,0.99,0.01,0.01,0.0,0.0,75703.23,1776561298000
1776561300.908,300.908,0.99,0.99,0.01,0.01,0.0,0.0,75703.23,1776561298000
1776561302.216,302.216,0.99,0.99,0.01,0.01,0.0,0.0,75702.52,1776561300000
1776561302.824,302.824,0.99,0.99,0.01,0.01,0.0,0.0,75702.52,1776561301000

# RESULT,winner=Up,slug=btc-updown-5m-1776561000,ticks=651
