timestamp,elapsed_sec,up_bid,up_ask,down_bid,down_ask,up_spread,down_spread,btc_price,btc_oracle_ts
1777344600.611,0.611,0.58,0.59,0.44,0.45,0.01,0.01,76696.8,1777344598000
1777344600.946,0.946,0.58,0.59,0.41,0.42,0.01,0.01,76696.6,1777344599000
1777344601.377,1.377,0.58,0.59,0.41,0.42,0.01,0.01,76696.6,1777344599000
1777344601.856,1.856,0.58,0.59,0.41,0.42,0.01,0.01,76696.56,1777344600000
1777344602.199,2.199,0.58,0.59,0.41,0.42,0.01,0.01,76698.66,1777344601000
1777344602.538,2.538,0.64,0.65,0.35,0.36,0.01,0.01,76698.66,1777344601000
1777344603.457,3.457,0.64,0.65,0.35,0.36,0.01,0.01,76700.53,1777344602000
1777344603.802,3.802,0.64,0.65,0.35,0.36,0.01,0.01,76700.53,1777344602000
1777344604.202,4.202,0.64,0.65,0.35,0.36,0.01,0.01,76700.53,1777344602000
1777344604.541,4.541,0.64,0.65,0.35,0.36,0.01,0.01,76706.45,1777344603000
1777344604.922,4.922,0.65,0.66,0.34,0.36,0.01,0.02,76706.45,1777344603000
1777344605.306,5.306,0.65,0.66,0.34,0.35,0.01,0.01,76706.45,1777344603000
1777344605.693,5.693,0.65,0.66,0.34,0.35,0.01,0.01,76712.49,1777344604000
1777344606.176,6.176,0.65,0.66,0.34,0.35,0.01,0.01,76712.49,1777344604000
1777344606.534,6.534,0.65,0.66,0.34,0.35,0.01,0.01,76714.21,1777344605000
1777344606.885,6.885,0.65,0.66,0.34,0.35,0.01,0.01,76714.21,1777344605000
1777344607.424,7.424,0.66,0.67,0.33,0.34,0.01,0.01,76714.21,1777344605000
1777344607.81,7.81,0.66,0.67,0.33,0.34,0.01,0.01,76714.21,1777344605000
1777344608.167,8.167,0.67,0.69,0.32,0.33,0.02,0.01,76715.82,1777344607000
1777344608.515,8.515,0.68,0.69,0.31,0.32,0.01,0.01,76715.82,1777344607000
1777344608.852,8.852,0.68,0.69,0.31,0.32,0.01,0.01,76715.82,1777344607000
1777344609.312,9.312,0.68,0.69,0.31,0.32,0.01,0.01,76719.95,1777344608000
1777344609.735,9.735,0.68,0.69,0.31,0.32,0.01,0.01,76719.95,1777344608000
1777344610.146,10.146,0.68,0.69,0.31,0.32,0.01,0.01,76719.95,1777344608000
1777344610.507,10.507,0.68,0.69,0.31,0.32,0.01,0.01,76722.82,1777344609000
1777344610.841,10.841,0.68,0.69,0.31,0.32,0.01,0.01,76722.82,1777344609000
1777344611.184,11.184,0.68,0.7,0.3,0.32,0.02,0.02,76723.33,1777344610000
1777344611.566,11.566,0.69,0.7,0.3,0.31,0.01,0.01,76723.33,1777344610000
1777344611.908,11.908,0.69,0.7,0.3,0.31,0.01,0.01,76723.33,1777344610000
1777344612.34,12.34,0.69,0.7,0.3,0.31,0.01,0.01,76727.98,1777344611000
1777344612.724,12.724,0.68,0.69,0.3,0.32,0.01,0.02,76727.98,1777344611000
1777344613.06,13.06,0.68,0.69,0.31,0.32,0.01,0.01,76728.58,1777344612000
1777344613.607,13.607,0.68,0.69,0.31,0.32,0.01,0.01,76728.58,1777344612000
1777344614.005,14.005,0.68,0.69,0.31,0.32,0.01,0.01,76728.58,1777344612000
1777344614.363,14.363,0.68,0.69,0.31,0.32,0.01,0.01,76728.39,1777344613000
1777344614.922,14.922,0.68,0.69,0.31,0.32,0.01,0.01,76728.39,1777344613000
1777344615.349,15.349,0.68,0.69,0.31,0.32,0.01,0.01,76729.12,1777344614000
1777344615.685,15.685,0.67,0.68,0.32,0.33,0.01,0.01,76729.12,1777344614000
1777344616.346,16.346,0.68,0.69,0.32,0.33,0.01,0.01,76727.77,1777344615000
1777344616.991,16.991,0.68,0.69,0.31,0.32,0.01,0.01,76727.77,1777344615000
1777344617.355,17.355,0.68,0.69,0.31,0.32,0.01,0.01,76729.49,1777344616000
1777344617.727,17.727,0.68,0.69,0.31,0.32,0.01,0.01,76729.49,1777344616000
1777344618.14,18.14,0.68,0.69,0.31,0.32,0.01,0.01,76729.4,1777344617000
1777344618.768,18.768,0.68,0.69,0.31,0.32,0.01,0.01,76729.4,1777344617000
1777344619.154,19.154,0.75,0.76,0.24,0.25,0.01,0.01,76728.7,1777344618000
1777344619.516,19.516,0.75,0.76,0.24,0.25,0.01,0.01,76728.7,1777344618000
1777344619.912,19.912,0.76,0.78,0.23,0.24,0.02,0.01,76728.7,1777344618000
1777344620.347,20.347,0.77,0.78,0.22,0.23,0.01,0.01,76730.57,1777344619000
1777344620.7,20.7,0.77,0.78,0.22,0.23,0.01,0.01,76730.57,1777344619000
1777344621.208,21.208,0.77,0.78,0.22,0.23,0.01,0.01,76730.57,1777344619000
1777344621.755,21.755,0.76,0.79,0.21,0.23,0.03,0.02,76738.73,1777344620000
1777344622.128,22.128,0.77,0.79,0.21,0.23,0.02,0.02,76738.73,1777344620000
1777344622.653,22.653,0.82,0.83,0.17,0.18,0.01,0.01,76738.73,1777344620000
1777344623.127,23.127,0.82,0.83,0.17,0.18,0.01,0.01,76738.73,1777344620000
1777344623.511,23.511,0.83,0.84,0.14,0.18,0.01,0.04,76744.02,1777344622000
1777344624.047,24.047,0.83,0.84,0.16,0.17,0.01,0.01,76744.02,1777344622000
1777344624.431,24.431,0.84,0.85,0.15,0.16,0.01,0.01,76744.02,1777344622000
1777344624.804,24.804,0.84,0.85,0.15,0.16,0.01,0.01,76753.72,1777344623000
1777344625.243,25.243,0.82,0.83,0.17,0.18,0.01,0.01,76754.32,1777344624000
1777344625.736,25.736,0.82,0.83,0.17,0.18,0.01,0.01,76754.32,1777344624000
1777344626.25,26.25,0.82,0.84,0.17,0.18,0.02,0.01,76754.32,1777344624000
1777344626.682,26.682,0.86,0.87,0.13,0.14,0.01,0.01,76756.49,1777344625000
1777344627.016,27.016,0.86,0.87,0.13,0.14,0.01,0.01,76756.49,1777344625000
1777344627.372,27.372,0.86,0.87,0.13,0.14,0.01,0.01,76759.66,1777344626000
1777344627.706,27.706,0.87,0.88,0.12,0.13,0.01,0.01,76759.66,1777344626000
1777344628.042,28.042,0.88,0.89,0.11,0.12,0.01,0.01,76759.66,1777344626000
1777344628.456,28.456,0.88,0.89,0.11,0.12,0.01,0.01,76759.06,1777344627000
1777344628.824,28.824,0.88,0.89,0.11,0.12,0.01,0.01,76759.06,1777344627000
1777344629.16,29.16,0.73,0.89,0.11,0.12,0.16,0.01,76759.06,1777344627000
1777344629.501,29.501,0.87,0.88,0.12,0.13,0.01,0.01,76759.06,1777344627000
1777344629.928,29.928,0.87,0.88,0.12,0.13,0.01,0.01,76773.1,1777344628000
1777344630.337,30.337,0.87,0.88,0.12,0.13,0.01,0.01,76773.1,1777344628000
1777344630.724,30.724,0.87,0.89,0.12,0.13,0.02,0.01,76780.86,1777344629000
1777344631.094,31.094,0.87,0.88,0.12,0.13,0.01,0.01,76780.86,1777344629000
1777344631.466,31.466,0.87,0.88,0.12,0.13,0.01,0.01,76780.86,1777344629000
1777344631.855,31.855,0.87,0.88,0.12,0.13,0.01,0.01,76785.58,1777344630000
1777344632.317,32.317,0.87,0.88,0.12,0.13,0.01,0.01,76785.98,1777344631000
1777344632.844,32.844,0.87,0.88,0.12,0.13,0.01,0.01,76785.98,1777344631000
1777344633.199,33.199,0.88,0.89,0.11,0.12,0.01,0.01,76785.98,1777344631000
1777344633.594,33.594,0.88,0.89,0.11,0.12,0.01,0.01,76785.92,1777344632000
1777344634.152,34.152,0.88,0.89,0.11,0.12,0.01,0.01,76785.92,1777344632000
1777344634.6,34.6,0.88,0.89,0.11,0.12,0.01,0.01,76786.04,1777344633000
1777344635.041,35.041,0.88,0.89,0.11,0.12,0.01,0.01,76786.04,1777344633000
1777344635.412,35.412,0.88,0.89,0.11,0.12,0.01,0.01,76786.74,1777344634000
1777344635.878,35.878,0.88,0.89,0.11,0.12,0.01,0.01,76786.74,1777344634000
1777344636.229,36.229,0.88,0.89,0.11,0.12,0.01,0.01,76790.25,1777344635000
1777344636.687,36.687,0.88,0.89,0.11,0.12,0.01,0.01,76790.25,1777344635000
1777344637.308,37.308,0.88,0.89,0.11,0.12,0.01,0.01,76788.52,1777344636000
1777344637.789,37.789,0.88,0.89,0.11,0.12,0.01,0.01,76788.52,1777344636000
1777344638.866,38.866,0.87,0.9,0.12,0.13,0.03,0.01,76788.52,1777344636000
1777344639.213,39.213,0.89,0.9,0.1,0.11,0.01,0.01,76788.52,1777344637000
1777344639.552,39.552,0.89,0.9,0.1,0.11,0.01,0.01,76788.52,1777344637000
1777344639.887,39.887,0.91,0.93,0.07,0.09,0.02,0.02,76788.41,1777344638000
1777344640.263,40.263,0.92,0.93,0.07,0.08,0.01,0.01,76788.43,1777344639000
1777344640.625,40.625,0.92,0.93,0.07,0.08,0.01,0.01,76788.43,1777344639000
1777344640.988,40.988,0.93,0.94,0.06,0.07,0.01,0.01,76788.43,1777344639000
1777344641.37,41.37,0.91,0.92,0.06,0.11,0.01,0.05,76795.07,1777344640000
1777344641.735,41.735,0.89,0.9,0.09,0.11,0.01,0.02,76795.07,1777344640000
1777344642.074,42.074,0.89,0.9,0.1,0.11,0.01,0.01,76795.07,1777344640000
1777344642.413,42.413,0.87,0.88,0.12,0.13,0.01,0.01,76812.44,1777344641000
1777344642.756,42.756,0.89,0.9,0.1,0.13,0.01,0.03,76812.44,1777344641000
1777344643.089,43.089,0.86,0.87,0.12,0.14,0.01,0.02,76812.44,1777344641000
1777344643.427,43.427,0.86,0.87,0.13,0.14,0.01,0.01,76812.42,1777344642000
1777344643.807,43.807,0.85,0.86,0.14,0.15,0.01,0.01,76812.42,1777344642000
1777344644.178,44.178,0.85,0.86,0.14,0.15,0.01,0.01,76812.42,1777344642000
1777344644.511,44.511,0.82,0.83,0.17,0.18,0.01,0.01,76813.44,1777344643000
1777344644.861,44.861,0.84,0.85,0.15,0.19,0.01,0.04,76813.44,1777344643000
1777344645.21,45.21,0.84,0.85,0.15,0.16,0.01,0.01,76813.44,1777344643000
1777344645.557,45.557,0.84,0.86,0.14,0.16,0.02,0.02,76814.76,1777344644000
1777344645.997,45.997,0.85,0.86,0.14,0.15,0.01,0.01,76814.76,1777344644000
1777344646.387,46.387,0.85,0.86,0.14,0.16,0.01,0.02,76814.76,1777344644000
1777344646.727,46.727,0.86,0.87,0.13,0.14,0.01,0.01,76815.05,1777344645000
1777344647.095,47.095,0.85,0.87,0.13,0.14,0.02,0.01,76815.05,1777344645000
1777344647.457,47.457,0.85,0.87,0.13,0.15,0.02,0.02,76815.3,1777344646000
1777344647.802,47.802,0.85,0.87,0.13,0.15,0.02,0.02,76815.3,1777344646000
1777344648.212,48.212,0.85,0.86,0.13,0.15,0.01,0.02,76815.42,1777344647000
1777344648.66,48.66,0.86,0.87,0.13,0.14,0.01,0.01,76815.42,1777344647000
1777344649.048,49.048,0.86,0.88,0.13,0.14,0.02,0.01,76816.42,1777344648000
1777344649.382,49.382,0.87,0.88,0.12,0.13,0.01,0.01,76816.42,1777344648000
1777344649.731,49.731,0.89,0.9,0.1,0.11,0.01,0.01,76816.42,1777344648000
1777344650.11,50.11,0.9,0.91,0.09,0.1,0.01,0.01,76819.12,1777344649000
1777344650.479,50.479,0.9,0.92,0.08,0.09,0.02,0.01,76819.12,1777344649000
1777344650.856,50.856,0.89,0.9,0.09,0.11,0.01,0.02,76819.12,1777344649000
1777344651.252,51.252,0.89,0.91,0.1,0.11,0.02,0.01,76831.71,1777344650000
1777344651.737,51.737,0.89,0.9,0.1,0.11,0.01,0.01,76831.71,1777344650000
1777344652.08,52.08,0.87,0.88,0.12,0.13,0.01,0.01,76831.71,1777344650000
1777344652.421,52.421,0.89,0.91,0.09,0.1,0.02,0.01,76831.71,1777344650000
1777344652.757,52.757,0.91,0.92,0.08,0.09,0.01,0.01,76848.53,1777344651000
1777344653.098,53.098,0.92,0.93,0.07,0.08,0.01,0.01,76848.53,1777344651000
1777344653.435,53.435,0.92,0.93,0.07,0.08,0.01,0.01,76849.02,1777344652000
1777344653.779,53.779,0.92,0.93,0.07,0.08,0.01,0.01,76849.02,1777344652000
1777344654.162,54.162,0.93,0.94,0.06,0.08,0.01,0.02,76849.02,1777344652000
1777344654.525,54.525,0.93,0.94,0.06,0.07,0.01,0.01,76848.84,1777344653000
1777344654.87,54.87,0.93,0.94,0.06,0.07,0.01,0.01,76848.84,1777344653000
1777344655.208,55.208,0.93,0.94,0.06,0.07,0.01,0.01,76849.59,1777344654000
1777344655.587,55.587,0.92,0.93,0.07,0.08,0.01,0.01,76849.59,1777344654000
1777344655.975,55.975,0.91,0.93,0.07,0.08,0.02,0.01,76849.59,1777344654000
1777344656.34,56.34,0.91,0.92,0.08,0.09,0.01,0.01,76852.85,1777344655000
1777344656.689,56.689,0.91,0.92,0.08,0.09,0.01,0.01,76852.85,1777344655000
1777344657.071,57.071,0.91,0.92,0.08,0.09,0.01,0.01,76852.85,1777344655000
1777344657.458,57.458,0.92,0.94,0.06,0.07,0.02,0.01,76857.36,1777344656000
1777344658.0,58.0,0.91,0.94,0.06,0.09,0.03,0.03,76857.84,1777344657000
1777344658.351,58.351,0.92,0.93,0.07,0.08,0.01,0.01,76857.84,1777344657000
1777344658.696,58.696,0.91,0.93,0.07,0.08,0.02,0.01,76857.84,1777344657000
1777344659.055,59.055,0.91,0.92,0.08,0.09,0.01,0.01,76857.84,1777344657000
1777344659.455,59.455,0.91,0.93,0.08,0.09,0.02,0.01,76857.92,1777344658000
1777344659.83,59.83,0.9,0.91,0.07,0.1,0.01,0.03,76857.92,1777344658000
1777344660.26,60.26,0.92,0.93,0.07,0.08,0.01,0.01,76857.92,1777344658000
1777344660.73,60.73,0.89,0.9,0.1,0.11,0.01,0.01,76858.57,1777344659000
1777344661.155,61.155,0.88,0.89,0.1,0.12,0.01,0.02,76858.57,1777344659000
1777344661.503,61.503,0.85,0.86,0.14,0.15,0.01,0.01,76858.34,1777344660000
1777344661.849,61.849,0.86,0.87,0.14,0.15,0.01,0.01,76858.34,1777344660000
1777344662.256,62.256,0.88,0.89,0.11,0.12,0.01,0.01,76855.43,1777344661000
1777344662.605,62.605,0.87,0.88,0.12,0.14,0.01,0.02,76855.43,1777344661000
1777344662.952,62.952,0.86,0.87,0.13,0.14,0.01,0.01,76855.43,1777344661000
1777344663.335,63.335,0.89,0.9,0.1,0.11,0.01,0.01,76855.43,1777344661000
1777344663.942,63.942,0.89,0.91,0.1,0.11,0.02,0.01,76846.52,1777344662000
1777344664.313,64.313,0.89,0.91,0.1,0.11,0.02,0.01,76846.14,1777344663000
1777344664.65,64.65,0.89,0.9,0.1,0.11,0.01,0.01,76846.14,1777344663000
1777344665.094,65.094,0.89,0.9,0.1,0.11,0.01,0.01,76846.14,1777344663000
1777344665.447,65.447,0.89,0.91,0.1,0.11,0.02,0.01,76841.07,1777344664000
1777344665.796,65.796,0.9,0.91,0.09,0.1,0.01,0.01,76841.07,1777344664000
1777344666.416,66.416,0.92,0.93,0.07,0.08,0.01,0.01,76840.52,1777344665000
1777344666.849,66.849,0.92,0.93,0.07,0.08,0.01,0.01,76840.52,1777344665000
1777344667.232,67.232,0.92,0.93,0.07,0.08,0.01,0.01,76839.92,1777344666000
1777344667.618,67.618,0.92,0.93,0.07,0.08,0.01,0.01,76839.92,1777344666000
1777344668.088,68.088,0.92,0.93,0.07,0.08,0.01,0.01,76839.92,1777344666000
1777344668.668,68.668,0.92,0.93,0.07,0.08,0.01,0.01,76839.65,1777344667000
1777344669.188,69.188,0.92,0.93,0.07,0.08,0.01,0.01,76839.65,1777344667000
1777344669.526,69.526,0.92,0.93,0.07,0.08,0.01,0.01,76839.67,1777344668000
1777344669.884,69.884,0.92,0.93,0.07,0.08,0.01,0.01,76839.67,1777344668000
1777344670.261,70.261,0.92,0.93,0.07,0.08,0.01,0.01,76839.67,1777344668000
1777344670.621,70.621,0.92,0.93,0.07,0.08,0.01,0.01,76839.66,1777344669000
1777344671.041,71.041,0.92,0.93,0.07,0.08,0.01,0.01,76839.66,1777344669000
1777344671.528,71.528,0.92,0.93,0.07,0.08,0.01,0.01,76839.64,1777344670000
1777344672.036,72.036,0.92,0.93,0.07,0.08,0.01,0.01,76839.64,1777344670000
1777344672.375,72.375,0.92,0.93,0.07,0.08,0.01,0.01,76839.64,1777344670000
1777344672.832,72.832,0.92,0.93,0.07,0.08,0.01,0.01,76839.64,1777344671000
1777344673.226,73.226,0.92,0.93,0.07,0.08,0.01,0.01,76838.15,1777344672000
1777344673.692,73.692,0.92,0.93,0.07,0.08,0.01,0.01,76838.15,1777344672000
1777344674.196,74.196,0.92,0.93,0.07,0.08,0.01,0.01,76837.89,1777344673000
1777344674.581,74.581,0.92,0.93,0.07,0.08,0.01,0.01,76837.89,1777344673000
1777344674.957,74.957,0.92,0.93,0.07,0.08,0.01,0.01,76837.89,1777344673000
1777344675.34,75.34,0.93,0.94,0.06,0.08,0.01,0.02,76836.63,1777344674000
1777344675.749,75.749,0.93,0.94,0.06,0.07,0.01,0.01,76836.63,1777344674000
1777344676.205,76.205,0.93,0.94,0.06,0.07,0.01,0.01,76836.63,1777344674000
1777344676.573,76.573,0.93,0.94,0.06,0.07,0.01,0.01,76830.83,1777344675000
1777344676.996,76.996,0.93,0.94,0.06,0.07,0.01,0.01,76830.78,1777344676000
1777344677.58,77.58,0.93,0.94,0.06,0.07,0.01,0.01,76830.78,1777344676000
1777344678.0,78.0,0.93,0.94,0.06,0.07,0.01,0.01,76830.78,1777344676000
1777344678.453,78.453,0.93,0.94,0.06,0.07,0.01,0.01,76839.43,1777344677000
1777344678.824,78.824,0.93,0.94,0.06,0.07,0.01,0.01,76839.43,1777344677000
1777344679.275,79.275,0.93,0.94,0.06,0.07,0.01,0.01,76839.43,1777344677000
1777344679.893,79.893,0.93,0.94,0.06,0.07,0.01,0.01,76840.06,1777344678000
1777344680.349,80.349,0.93,0.94,0.06,0.07,0.01,0.01,76839.83,1777344679000
1777344680.745,80.745,0.93,0.94,0.06,0.07,0.01,0.01,76839.83,1777344679000
1777344681.124,81.124,0.93,0.94,0.06,0.07,0.01,0.01,76838.44,1777344680000
1777344681.569,81.569,0.93,0.94,0.06,0.07,0.01,0.01,76838.44,1777344680000
1777344682.108,82.108,0.93,0.94,0.06,0.07,0.01,0.01,76838.44,1777344680000
1777344682.525,82.525,0.93,0.94,0.06,0.07,0.01,0.01,76837.44,1777344681000
1777344682.903,82.903,0.93,0.94,0.06,0.07,0.01,0.01,76835.5,1777344682000
1777344683.347,83.347,0.93,0.94,0.06,0.07,0.01,0.01,76835.5,1777344682000
1777344683.902,83.902,0.93,0.94,0.06,0.07,0.01,0.01,76835.5,1777344682000
1777344684.406,84.406,0.93,0.94,0.06,0.07,0.01,0.01,76834.39,1777344683000
1777344684.878,84.878,0.93,0.94,0.06,0.07,0.01,0.01,76836.2,1777344684000
1777344685.239,85.239,0.93,0.94,0.06,0.07,0.01,0.01,76836.2,1777344684000
1777344685.762,85.762,0.93,0.94,0.06,0.07,0.01,0.01,76836.2,1777344684000
1777344686.135,86.135,0.93,0.94,0.06,0.07,0.01,0.01,76836.62,1777344685000
1777344686.505,86.505,0.93,0.94,0.06,0.07,0.01,0.01,76836.62,1777344685000
1777344686.887,86.887,0.93,0.94,0.06,0.07,0.01,0.01,76839.09,1777344686000
1777344687.266,87.266,0.93,0.94,0.06,0.07,0.01,0.01,76839.09,1777344686000
1777344687.772,87.772,0.93,0.94,0.06,0.07,0.01,0.01,76839.09,1777344686000
1777344688.138,88.138,0.93,0.94,0.06,0.07,0.01,0.01,76839.09,1777344686000
1777344688.606,88.606,0.93,0.94,0.06,0.07,0.01,0.01,76839.09,1777344686000
1777344689.376,89.376,0.93,0.94,0.06,0.07,0.01,0.01,76839.59,1777344687000
1777344689.726,89.726,0.93,0.94,0.06,0.07,0.01,0.01,76840.08,1777344688000
1777344690.105,90.105,0.93,0.94,0.06,0.07,0.01,0.01,76840.08,1777344688000
1777344690.476,90.476,0.93,0.94,0.06,0.07,0.01,0.01,76840.08,1777344688000
1777344690.832,90.832,0.93,0.94,0.06,0.07,0.01,0.01,76840.71,1777344689000
1777344691.502,91.502,0.93,0.94,0.06,0.07,0.01,0.01,76839.97,1777344690000
1777344691.942,91.942,0.93,0.95,0.06,0.07,0.02,0.01,76839.97,1777344690000
1777344692.394,92.394,0.94,0.95,0.05,0.06,0.01,0.01,76839.45,1777344691000
1777344692.801,92.801,0.94,0.95,0.05,0.06,0.01,0.01,76839.45,1777344691000
1777344693.229,93.229,0.94,0.95,0.05,0.06,0.01,0.01,76839.45,1777344691000
1777344693.622,93.622,0.94,0.95,0.05,0.06,0.01,0.01,76840.49,1777344692000
1777344693.995,93.995,0.94,0.95,0.05,0.06,0.01,0.01,76840.49,1777344692000
1777344694.466,94.466,0.94,0.95,0.05,0.06,0.01,0.01,76840.49,1777344692000
1777344694.887,94.887,0.94,0.95,0.05,0.06,0.01,0.01,76840.59,1777344693000
1777344695.345,95.345,0.94,0.95,0.05,0.06,0.01,0.01,76840.27,1777344694000
1777344695.741,95.741,0.94,0.95,0.05,0.06,0.01,0.01,76840.27,1777344694000
1777344696.248,96.248,0.94,0.95,0.05,0.06,0.01,0.01,76840.27,1777344694000
1777344696.596,96.596,0.94,0.95,0.05,0.06,0.01,0.01,76840.27,1777344694000
1777344696.971,96.971,0.94,0.95,0.05,0.06,0.01,0.01,76840.95,1777344695000
1777344697.459,97.459,0.94,0.95,0.05,0.06,0.01,0.01,76840.31,1777344696000
1777344698.133,98.133,0.94,0.95,0.05,0.06,0.01,0.01,76840.31,1777344697000
1777344698.492,98.492,0.94,0.95,0.05,0.06,0.01,0.01,76840.31,1777344697000
1777344698.825,98.825,0.94,0.95,0.05,0.06,0.01,0.01,76840.31,1777344697000
1777344699.181,99.181,0.94,0.95,0.05,0.06,0.01,0.01,76840.31,1777344697000
1777344699.568,99.568,0.94,0.95,0.05,0.06,0.01,0.01,76838.17,1777344698000
1777344700.03,100.03,0.94,0.95,0.05,0.06,0.01,0.01,76838.17,1777344698000
1777344700.393,100.393,0.94,0.95,0.05,0.06,0.01,0.01,76838.17,1777344698000
1777344700.733,100.733,0.94,0.95,0.05,0.06,0.01,0.01,76838.17,1777344699000
1777344701.098,101.098,0.94,0.95,0.05,0.06,0.01,0.01,76838.17,1777344699000
1777344701.64,101.64,0.94,0.95,0.05,0.06,0.01,0.01,76838.5,1777344700000
1777344702.03,102.03,0.94,0.95,0.05,0.06,0.01,0.01,76838.5,1777344700000
1777344702.63,102.63,0.94,0.95,0.05,0.06,0.01,0.01,76839.1,1777344701000
1777344703.003,103.003,0.94,0.95,0.05,0.06,0.01,0.01,76839.1,1777344701000
1777344703.491,103.491,0.94,0.95,0.05,0.06,0.01,0.01,76839.71,1777344702000
1777344703.936,103.936,0.94,0.95,0.05,0.06,0.01,0.01,76839.71,1777344702000
1777344704.354,104.354,0.94,0.95,0.05,0.06,0.01,0.01,76843.54,1777344703000
1777344704.715,104.715,0.94,0.95,0.05,0.06,0.01,0.01,76843.54,1777344703000
1777344705.055,105.055,0.93,0.94,0.06,0.07,0.01,0.01,76843.54,1777344703000
1777344705.469,105.469,0.93,0.94,0.06,0.07,0.01,0.01,76846.67,1777344704000
1777344705.857,105.857,0.93,0.94,0.06,0.07,0.01,0.01,76846.67,1777344704000
1777344706.354,106.354,0.93,0.94,0.06,0.07,0.01,0.01,76847.84,1777344705000
1777344706.878,106.878,0.93,0.94,0.06,0.07,0.01,0.01,76847.84,1777344705000
1777344707.393,107.393,0.93,0.94,0.06,0.07,0.01,0.01,76847.84,1777344705000
1777344708.146,108.146,0.93,0.94,0.06,0.07,0.01,0.01,76842.45,1777344707000
1777344708.689,108.689,0.93,0.94,0.05,0.07,0.01,0.02,76842.45,1777344707000
1777344709.11,109.11,0.93,0.94,0.06,0.07,0.01,0.01,76842.45,1777344707000
1777344709.486,109.486,0.93,0.94,0.06,0.07,0.01,0.01,76842.22,1777344708000
1777344710.172,110.172,0.93,0.95,0.06,0.07,0.02,0.01,76842.22,1777344708000
1777344711.106,111.106,0.94,0.95,0.05,0.06,0.01,0.01,76841.26,1777344710000
1777344712.161,112.161,0.94,0.95,0.05,0.06,0.01,0.01,76841.29,1777344711000
1777344712.682,112.682,0.94,0.95,0.05,0.06,0.01,0.01,76841.29,1777344711000
1777344713.304,113.304,0.94,0.95,0.05,0.06,0.01,0.01,76840.69,1777344712000
1777344713.707,113.707,0.94,0.95,0.05,0.06,0.01,0.01,76840.69,1777344712000
1777344714.161,114.161,0.94,0.95,0.05,0.06,0.01,0.01,76840.69,1777344712000
1777344714.651,114.651,0.94,0.95,0.05,0.06,0.01,0.01,76840.58,1777344713000
1777344715.322,115.322,0.94,0.95,0.05,0.06,0.01,0.01,76840.49,1777344714000
1777344715.728,115.728,0.94,0.95,0.05,0.06,0.01,0.01,76840.49,1777344714000
1777344716.273,116.273,0.94,0.95,0.05,0.06,0.01,0.01,76841.12,1777344715000
1777344716.659,116.659,0.94,0.95,0.05,0.06,0.01,0.01,76841.12,1777344715000
1777344717.164,117.164,0.94,0.95,0.05,0.06,0.01,0.01,76841.12,1777344715000
1777344717.58,117.58,0.94,0.95,0.05,0.06,0.01,0.01,76841.1,1777344716000
1777344717.953,117.953,0.94,0.95,0.05,0.06,0.01,0.01,76841.1,1777344716000
1777344718.422,118.422,0.94,0.95,0.05,0.06,0.01,0.01,76841.11,1777344717000
1777344718.763,118.763,0.94,0.95,0.05,0.06,0.01,0.01,76841.11,1777344717000
1777344719.14,119.14,0.95,0.96,0.04,0.05,0.01,0.01,76842.54,1777344718000
1777344719.494,119.494,0.95,0.96,0.04,0.05,0.01,0.01,76842.54,1777344718000
1777344719.853,119.853,0.95,0.96,0.04,0.05,0.01,0.01,76842.54,1777344718000
1777344720.406,120.406,0.95,0.96,0.04,0.05,0.01,0.01,76844.14,1777344719000
1777344720.746,120.746,0.95,0.96,0.04,0.05,0.01,0.01,76844.14,1777344719000
1777344721.081,121.081,0.95,0.96,0.04,0.05,0.01,0.01,76844.14,1777344719000
1777344721.428,121.428,0.95,0.96,0.04,0.05,0.01,0.01,76844.79,1777344720000
1777344721.82,121.82,0.95,0.96,0.04,0.05,0.01,0.01,76844.79,1777344720000
1777344722.154,122.154,0.95,0.96,0.04,0.05,0.01,0.01,76844.83,1777344721000
1777344722.526,122.526,0.95,0.96,0.04,0.05,0.01,0.01,76844.83,1777344721000
1777344723.121,123.121,0.95,0.96,0.04,0.05,0.01,0.01,76846.54,1777344722000
1777344723.856,123.856,0.95,0.96,0.04,0.05,0.01,0.01,76846.54,1777344722000
1777344724.304,124.304,0.95,0.96,0.04,0.05,0.01,0.01,76846.54,1777344723000
1777344724.643,124.643,0.95,0.96,0.04,0.05,0.01,0.01,76846.54,1777344723000
1777344725.049,125.049,0.95,0.96,0.04,0.05,0.01,0.01,76846.54,1777344723000
1777344725.462,125.462,0.96,0.97,0.03,0.04,0.01,0.01,76846.54,1777344723000
1777344726.092,126.092,0.96,0.97,0.03,0.04,0.01,0.01,76844.23,1777344724000
1777344726.639,126.639,0.96,0.97,0.03,0.04,0.01,0.01,76843.5,1777344725000
1777344727.049,127.049,0.96,0.97,0.03,0.04,0.01,0.01,76843.5,1777344726000
1777344727.631,127.631,0.96,0.97,0.03,0.04,0.01,0.01,76843.5,1777344726000
1777344728.056,128.056,0.96,0.97,0.03,0.04,0.01,0.01,76846.65,1777344727000
1777344728.462,128.462,0.96,0.97,0.03,0.04,0.01,0.01,76846.65,1777344727000
1777344728.97,128.97,0.96,0.97,0.03,0.04,0.01,0.01,76846.65,1777344727000
1777344729.479,129.479,0.96,0.97,0.03,0.04,0.01,0.01,76849.59,1777344728000
1777344729.903,129.903,0.96,0.97,0.03,0.04,0.01,0.01,76849.59,1777344728000
1777344730.258,130.258,0.96,0.97,0.03,0.04,0.01,0.01,76849.59,1777344728000
1777344731.37,131.37,0.96,0.98,0.03,0.04,0.02,0.01,76850.92,1777344729000
1777344732.104,132.104,0.97,0.98,0.02,0.03,0.01,0.01,76850.84,1777344731000
1777344732.478,132.478,0.97,0.98,0.02,0.03,0.01,0.01,76850.84,1777344731000
1777344733.026,133.026,0.97,0.98,0.02,0.03,0.01,0.01,76850.84,1777344731000
1777344733.466,133.466,0.97,0.98,0.02,0.03,0.01,0.01,76851.29,1777344732000
1777344734.141,134.141,0.97,0.98,0.02,0.03,0.01,0.01,76851.29,1777344732000
1777344735.028,135.028,0.97,0.98,0.02,0.03,0.01,0.01,76852.54,1777344733000
1777344735.493,135.493,0.97,0.98,0.02,0.03,0.01,0.01,76854.55,1777344734000
1777344736.005,136.005,0.97,0.98,0.02,0.03,0.01,0.01,76854.72,1777344735000
1777344736.979,136.979,0.97,0.98,0.02,0.03,0.01,0.01,76854.72,1777344735000
1777344737.349,137.349,0.96,0.98,0.02,0.04,0.02,0.02,76852.21,1777344736000
1777344737.812,137.812,0.97,0.98,0.02,0.03,0.01,0.01,76852.21,1777344736000
1777344738.814,138.814,0.97,0.98,0.02,0.03,0.01,0.01,76846.29,1777344737000
1777344739.852,139.852,0.97,0.98,0.02,0.03,0.01,0.01,76846.29,1777344737000
1777344740.251,140.251,0.97,0.98,0.02,0.03,0.01,0.01,76847.92,1777344738000
1777344740.72,140.72,0.97,0.98,0.02,0.03,0.01,0.01,76849.98,1777344739000
1777344741.602,141.602,0.97,0.98,0.02,0.03,0.01,0.01,76850.64,1777344740000
1777344742.13,142.13,0.97,0.98,0.02,0.03,0.01,0.01,76850.64,1777344740000
1777344742.471,142.471,0.97,0.98,0.02,0.03,0.01,0.01,76853.66,1777344741000
1777344743.433,143.433,0.97,0.98,0.02,0.03,0.01,0.01,76853.66,1777344741000
1777344743.777,143.777,0.97,0.98,0.02,0.03,0.01,0.01,76854.6,1777344742000
1777344744.372,144.372,0.97,0.98,0.02,0.03,0.01,0.01,76854.35,1777344743000
1777344745.362,145.362,0.97,0.98,0.02,0.03,0.01,0.01,76854.35,1777344743000
1777344745.818,145.818,0.97,0.98,0.02,0.03,0.01,0.01,76854.35,1777344744000
1777344746.268,146.268,0.97,0.98,0.02,0.03,0.01,0.01,76854.35,1777344745000
1777344746.876,146.876,0.97,0.98,0.02,0.03,0.01,0.01,76854.35,1777344745000
1777344747.995,147.995,0.97,0.98,0.02,0.03,0.01,0.01,76854.35,1777344745000
1777344748.547,148.547,0.97,0.98,0.02,0.03,0.01,0.01,76845.14,1777344746000
1777344749.119,149.119,0.97,0.98,0.02,0.03,0.01,0.01,76845.0,1777344747000
1777344749.75,149.75,0.97,0.98,0.02,0.03,0.01,0.01,76845.0,1777344747000
1777344750.368,150.368,0.97,0.98,0.02,0.03,0.01,0.01,76845.34,1777344748000
1777344750.725,150.725,0.97,0.98,0.02,0.03,0.01,0.01,76845.34,1777344749000
1777344751.342,151.342,0.97,0.98,0.02,0.03,0.01,0.01,76845.27,1777344750000
1777344751.805,151.805,0.97,0.98,0.02,0.03,0.01,0.01,76845.27,1777344750000
1777344752.299,152.299,0.97,0.98,0.02,0.03,0.01,0.01,76844.06,1777344751000
1777344753.28,153.28,0.97,0.98,0.02,0.03,0.01,0.01,76842.29,1777344752000
1777344753.763,153.763,0.97,0.98,0.02,0.03,0.01,0.01,76842.29,1777344752000
1777344754.294,154.294,0.97,0.98,0.02,0.03,0.01,0.01,76842.29,1777344752000
1777344754.669,154.669,0.97,0.98,0.02,0.03,0.01,0.01,76842.29,1777344752000
1777344755.257,155.257,0.97,0.98,0.02,0.03,0.01,0.01,76839.71,1777344754000
1777344756.159,156.159,0.97,0.98,0.02,0.03,0.01,0.01,76839.71,1777344754000
1777344756.609,156.609,0.97,0.98,0.02,0.03,0.01,0.01,76834.07,1777344755000
1777344757.304,157.304,0.97,0.98,0.02,0.03,0.01,0.01,76832.72,1777344756000
1777344758.457,158.457,0.97,0.98,0.02,0.03,0.01,0.01,76832.72,1777344756000
1777344758.866,158.866,0.97,0.98,0.02,0.03,0.01,0.01,76832.72,1777344756000
1777344759.35,159.35,0.97,0.98,0.02,0.03,0.01,0.01,76831.83,1777344758000
1777344759.931,159.931,0.97,0.98,0.02,0.03,0.01,0.01,76831.95,1777344759000
1777344760.49,160.49,0.97,0.98,0.02,0.03,0.01,0.01,76831.95,1777344759000
1777344760.898,160.898,0.97,0.98,0.02,0.03,0.01,0.01,76831.95,1777344760000
1777344761.278,161.278,0.97,0.98,0.02,0.03,0.01,0.01,76831.95,1777344760000
1777344761.894,161.894,0.97,0.98,0.02,0.03,0.01,0.01,76831.95,1777344761000
1777344762.56,162.56,0.97,0.98,0.02,0.03,0.01,0.01,76831.95,1777344761000
1777344762.96,162.96,0.97,0.98,0.02,0.03,0.01,0.01,76831.96,1777344762000
1777344763.444,163.444,0.97,0.98,0.02,0.03,0.01,0.01,76831.96,1777344762000
1777344763.796,163.796,0.97,0.98,0.02,0.03,0.01,0.01,76831.96,1777344762000
1777344765.004,165.004,0.97,0.98,0.02,0.03,0.01,0.01,76832.89,1777344764000
1777344766.06,166.06,0.97,0.98,0.02,0.03,0.01,0.01,76833.34,1777344765000
1777344766.466,166.466,0.97,0.98,0.02,0.03,0.01,0.01,76833.34,1777344765000
1777344767.131,167.131,0.97,0.98,0.02,0.03,0.01,0.01,76833.38,1777344766000
1777344767.907,167.907,0.97,0.98,0.02,0.03,0.01,0.01,76833.38,1777344766000
1777344768.791,168.791,0.97,0.98,0.02,0.03,0.01,0.01,76833.72,1777344767000
1777344769.316,169.316,0.97,0.98,0.02,0.03,0.01,0.01,76832.88,1777344768000
1777344769.679,169.679,0.97,0.98,0.02,0.03,0.01,0.01,76832.88,1777344768000
1777344770.051,170.051,0.97,0.98,0.02,0.03,0.01,0.01,76832.88,1777344768000
1777344770.703,170.703,0.97,0.98,0.02,0.03,0.01,0.01,76833.16,1777344769000
1777344771.09,171.09,0.97,0.98,0.02,0.03,0.01,0.01,76837.21,1777344770000
1777344771.656,171.656,0.97,0.98,0.02,0.03,0.01,0.01,76837.21,1777344770000
1777344772.239,172.239,0.97,0.98,0.02,0.03,0.01,0.01,76842.81,1777344771000
1777344772.707,172.707,0.97,0.98,0.02,0.03,0.01,0.01,76842.81,1777344771000
1777344773.09,173.09,0.97,0.98,0.02,0.03,0.01,0.01,76842.81,1777344771000
1777344773.536,173.536,0.97,0.98,0.02,0.03,0.01,0.01,76843.47,1777344772000
1777344774.149,174.149,0.97,0.98,0.02,0.03,0.01,0.01,76843.47,1777344772000
1777344774.688,174.688,0.97,0.98,0.02,0.03,0.01,0.01,76844.74,1777344773000
1777344775.384,175.384,0.97,0.98,0.02,0.03,0.01,0.01,76844.74,1777344773000
1777344775.866,175.866,0.97,0.98,0.02,0.03,0.01,0.01,76845.72,1777344774000
1777344776.208,176.208,0.98,0.99,0.01,0.02,0.01,0.01,76845.72,1777344774000
1777344776.547,176.547,0.98,0.99,0.01,0.02,0.01,0.01,76845.73,1777344775000
1777344776.924,176.924,0.98,0.99,0.01,0.02,0.01,0.01,76845.73,1777344775000
1777344777.278,177.278,0.98,0.99,0.01,0.02,0.01,0.01,76845.73,1777344776000
1777344777.628,177.628,0.98,0.99,0.01,0.02,0.01,0.01,76845.73,1777344776000
1777344778.326,178.326,0.98,0.99,0.01,0.02,0.01,0.01,76845.62,1777344777000
1777344778.939,178.939,0.98,0.99,0.01,0.02,0.01,0.01,76845.62,1777344777000
1777344779.966,179.966,0.98,0.99,0.01,0.02,0.01,0.01,76843.18,1777344778000
1777344780.428,180.428,0.98,0.99,0.01,0.02,0.01,0.01,76843.18,1777344778000
1777344780.786,180.786,0.98,0.99,0.01,0.02,0.01,0.01,76842.87,1777344779000
1777344781.138,181.138,0.98,0.99,0.01,0.02,0.01,0.01,76842.87,1777344779000
1777344781.508,181.508,0.98,0.99,0.01,0.02,0.01,0.01,76842.87,1777344779000
1777344781.965,181.965,0.98,0.99,0.01,0.02,0.01,0.01,76844.06,1777344780000
1777344782.471,182.471,0.98,0.99,0.01,0.02,0.01,0.01,76844.1,1777344781000
1777344782.83,182.83,0.98,0.99,0.01,0.02,0.01,0.01,76844.1,1777344781000
1777344783.261,183.261,0.98,0.99,0.01,0.02,0.01,0.01,76844.1,1777344781000
1777344783.735,183.735,0.98,0.99,0.01,0.02,0.01,0.01,76844.64,1777344782000
1777344784.199,184.199,0.98,0.99,0.01,0.02,0.01,0.01,76844.64,1777344782000
1777344784.574,184.574,0.98,0.99,0.01,0.02,0.01,0.01,76843.42,1777344783000
1777344785.166,185.166,0.98,0.99,0.01,0.02,0.01,0.01,76843,1777344784000
1777344786.393,186.393,0.98,0.99,0.01,0.02,0.01,0.01,76843,1777344784000
1777344786.76,186.76,0.98,0.99,0.01,0.02,0.01,0.01,76843.09,1777344785000
1777344787.118,187.118,0.98,0.99,0.01,0.02,0.01,0.01,76843.09,1777344785000
1777344787.494,187.494,0.98,0.99,0.01,0.02,0.01,0.01,76844.45,1777344786000
1777344788.173,188.173,0.98,0.99,0.01,0.02,0.01,0.01,76844.45,1777344786000
1777344788.546,188.546,0.98,0.99,0.01,0.02,0.01,0.01,76844.45,1777344786000
1777344788.936,188.936,0.98,0.99,0.01,0.02,0.01,0.01,76843.47,1777344787000
1777344789.515,189.515,0.98,0.99,0.01,0.02,0.01,0.01,76843.47,1777344787000
1777344790.293,190.293,0.98,0.99,0.01,0.02,0.01,0.01,76843.5,1777344788000
1777344790.696,190.696,0.98,0.99,0.01,0.02,0.01,0.01,76843.5,1777344788000
1777344791.186,191.186,0.98,0.99,0.01,0.02,0.01,0.01,76844.85,1777344790000
1777344791.574,191.574,0.98,0.99,0.01,0.02,0.01,0.01,76844.85,1777344790000
1777344791.917,191.917,0.98,0.99,0.01,0.02,0.01,0.01,76844.85,1777344790000
1777344792.318,192.318,0.98,0.99,0.01,0.02,0.01,0.01,76844.56,1777344791000
1777344792.771,192.771,0.98,0.99,0.01,0.02,0.01,0.01,76844.56,1777344791000
1777344793.106,193.106,0.98,0.99,0.01,0.02,0.01,0.01,76844.56,1777344791000
1777344793.499,193.499,0.98,0.99,0.01,0.02,0.01,0.01,76845.68,1777344792000
1777344794.315,194.315,0.98,0.99,0.01,0.02,0.01,0.01,76845.68,1777344792000
1777344794.657,194.657,0.98,0.99,0.01,0.02,0.01,0.01,76848.37,1777344793000
1777344795.028,195.028,0.98,0.99,0.01,0.02,0.01,0.01,76848.28,1777344794000
1777344795.953,195.953,0.98,0.99,0.01,0.02,0.01,0.01,76848.28,1777344795000
1777344796.29,196.29,0.98,0.99,0.01,0.02,0.01,0.01,76848.28,1777344795000
1777344796.686,196.686,0.98,0.99,0.01,0.02,0.01,0.01,76848.28,1777344795000
1777344797.275,197.275,0.98,0.99,0.01,0.02,0.01,0.01,76847.89,1777344796000
1777344797.627,197.627,0.98,0.99,0.01,0.02,0.01,0.01,76847.89,1777344796000
1777344798.011,198.011,0.98,0.99,0.01,0.02,0.01,0.01,76847.89,1777344797000
1777344798.368,198.368,0.98,0.99,0.01,0.02,0.01,0.01,76847.89,1777344797000
1777344798.909,198.909,0.98,0.99,0.01,0.02,0.01,0.01,76847.89,1777344797000
1777344799.324,199.324,0.98,0.99,0.01,0.02,0.01,0.01,76847.71,1777344798000
1777344799.823,199.823,0.98,0.99,0.01,0.02,0.01,0.01,76847.71,1777344798000
1777344800.467,200.467,0.98,0.99,0.01,0.02,0.01,0.01,76844.29,1777344799000
1777344800.801,200.801,0.98,0.99,0.01,0.02,0.01,0.01,76844.29,1777344799000
1777344801.157,201.157,0.98,0.99,0.01,0.02,0.01,0.01,76838.56,1777344800000
1777344801.552,201.552,0.98,0.99,0.01,0.02,0.01,0.01,76838.56,1777344800000
1777344802.159,202.159,0.98,0.99,0.01,0.02,0.01,0.01,76838.56,1777344800000
1777344803.026,203.026,0.98,0.99,0.01,0.02,0.01,0.01,76838.07,1777344801000
1777344803.498,203.498,0.98,0.99,0.01,0.02,0.01,0.01,76837.92,1777344802000
1777344804.128,204.128,0.98,0.99,0.01,0.02,0.01,0.01,76835.99,1777344803000
1777344804.465,204.465,0.98,0.99,0.01,0.02,0.01,0.01,76835.99,1777344803000
1777344805.182,205.182,0.98,0.99,0.01,0.02,0.01,0.01,76835.99,1777344803000
1777344805.559,205.559,0.98,0.99,0.01,0.02,0.01,0.01,76834.98,1777344804000
1777344805.943,205.943,0.98,0.99,0.01,0.02,0.01,0.01,76834.98,1777344804000
1777344806.449,206.449,0.98,0.99,0.01,0.02,0.01,0.01,76834.98,1777344804000
1777344806.862,206.862,0.98,0.99,0.01,0.02,0.01,0.01,76833.77,1777344805000
1777344807.257,207.257,0.98,0.99,0.01,0.02,0.01,0.01,76833.98,1777344806000
1777344807.866,207.866,0.98,0.99,0.01,0.02,0.01,0.01,76833.98,1777344806000
1777344808.208,208.208,0.98,0.99,0.01,0.02,0.01,0.01,76833.98,1777344807000
1777344808.796,208.796,0.98,0.99,0.01,0.02,0.01,0.01,76833.98,1777344807000
1777344809.131,209.131,0.98,0.99,0.01,0.02,0.01,0.01,76833.98,1777344807000
1777344809.557,209.557,0.98,0.99,0.01,0.02,0.01,0.01,76833.68,1777344808000
1777344809.903,209.903,0.98,0.99,0.01,0.02,0.01,0.01,76833.68,1777344808000
1777344810.391,210.391,0.98,0.99,0.01,0.02,0.01,0.01,76833.68,1777344809000
1777344810.83,210.83,0.98,0.99,0.01,0.02,0.01,0.01,76833.68,1777344809000
1777344811.255,211.255,0.98,0.99,0.01,0.02,0.01,0.01,76833.68,1777344810000
1777344811.658,211.658,0.98,0.99,0.01,0.02,0.01,0.01,76833.68,1777344810000
1777344812.045,212.045,0.98,0.99,0.01,0.02,0.01,0.01,76833.68,1777344810000
1777344812.426,212.426,0.98,0.99,0.01,0.02,0.01,0.01,76833.68,1777344810000
1777344812.924,212.924,0.98,0.99,0.01,0.02,0.01,0.01,76833.46,1777344811000
1777344813.479,213.479,0.98,0.99,0.01,0.02,0.01,0.01,76833.46,1777344812000
1777344813.878,213.878,0.98,0.99,0.01,0.02,0.01,0.01,76833.46,1777344812000
1777344814.323,214.323,0.99,0.99,0.01,0.01,0.0,0.0,76833.52,1777344813000
1777344814.665,214.665,0.99,0.99,0.01,0.01,0.0,0.0,76833.52,1777344813000
1777344815.03,215.03,0.99,0.99,0.01,0.01,0.0,0.0,76833.52,1777344813000
1777344815.395,215.395,0.99,0.99,0.01,0.01,0.0,0.0,76832.88,1777344814000
1777344816.16,216.16,0.99,0.99,0.01,0.01,0.0,0.0,76832.88,1777344814000
1777344816.496,216.496,0.99,0.99,0.01,0.01,0.0,0.0,76832.84,1777344815000
1777344817.123,217.123,0.99,0.99,0.01,0.01,0.0,0.0,76833.96,1777344816000
1777344817.672,217.672,0.99,0.99,0.01,0.01,0.0,0.0,76833.96,1777344816000
1777344818.061,218.061,0.99,0.99,0.01,0.01,0.0,0.0,76832.62,1777344817000
1777344819.125,219.125,0.99,0.99,0.01,0.01,0.0,0.0,76833.82,1777344818000
1777344820.002,220.002,0.99,0.99,0.01,0.01,0.0,0.0,76833.82,1777344818000
1777344821.056,221.056,0.99,0.99,0.01,0.01,0.0,0.0,76833.47,1777344819000
1777344821.477,221.477,0.99,0.99,0.01,0.01,0.0,0.0,76833.47,1777344820000
1777344822.348,222.348,0.99,0.99,0.01,0.01,0.0,0.0,76832.17,1777344821000
1777344823.31,223.31,0.99,0.99,0.01,0.01,0.0,0.0,76831.62,1777344822000
1777344824.114,224.114,0.99,0.99,0.01,0.01,0.0,0.0,76831.62,1777344822000
1777344824.962,224.962,0.99,0.99,0.01,0.01,0.0,0.0,76830.65,1777344824000
1777344825.317,225.317,0.998,0.999,0.001,0.002,0.001,0.001,76830.65,1777344824000
1777344825.708,225.708,0.998,0.999,0.001,0.002,0.001,0.001,76830.65,1777344824000
1777344826.083,226.083,0.998,0.999,0.001,0.002,0.001,0.001,76829.78,1777344825000
1777344826.491,226.491,0.998,0.999,0.001,0.002,0.001,0.001,76829.78,1777344825000
1777344826.906,226.906,0.998,0.999,0.001,0.002,0.001,0.001,76829.78,1777344825000
1777344827.299,227.299,0.99,0.992,0.001,0.01,0.002,0.009,76829.78,1777344825000
1777344827.708,227.708,0.992,0.993,0.008,0.01,0.001,0.002,76829.76,1777344826000
1777344828.681,228.681,0.992,0.993,0.007,0.008,0.001,0.001,76830.03,1777344827000
1777344829.199,229.199,0.992,0.993,0.007,0.008,0.001,0.001,76825.77,1777344828000
1777344829.713,229.713,0.99,0.991,0.007,0.008,0.001,0.001,76825.77,1777344828000
1777344830.066,230.066,0.99,0.991,0.009,0.01,0.001,0.001,76825.77,1777344828000
1777344830.681,230.681,0.993,0.994,0.009,0.01,0.001,0.001,76822.86,1777344829000
1777344831.069,231.069,0.993,0.994,0.006,0.007,0.001,0.001,76822.86,1777344829000
1777344831.48,231.48,0.993,0.994,0.006,0.007,0.001,0.001,76822.66,1777344830000
1777344831.865,231.865,0.993,0.995,0.007,0.009,0.002,0.002,76822.66,1777344830000
1777344832.216,232.216,0.993,0.995,0.005,0.007,0.002,0.002,76822.6,1777344831000
1777344832.558,232.558,0.994,0.995,0.005,0.007,0.001,0.002,76822.6,1777344831000
1777344833.07,233.07,0.995,0.996,0.005,0.006,0.001,0.001,76822.6,1777344831000
1777344833.548,233.548,0.991,0.996,0.004,0.009,0.005,0.005,76823.29,1777344832000
1777344834.196,234.196,0.99,0.996,0.004,0.01,0.006,0.006,76824.69,1777344833000
1777344835.051,235.051,0.991,0.996,0.004,0.009,0.005,0.005,76827.17,1777344834000
1777344835.413,235.413,0.99,0.991,0.009,0.01,0.001,0.001,76827.17,1777344834000
1777344836.025,236.025,0.99,0.991,0.009,0.01,0.001,0.001,76830.34,1777344835000
1777344836.937,236.937,0.994,0.995,0.008,0.01,0.001,0.002,76830.34,1777344835000
1777344837.898,237.898,0.994,0.996,0.005,0.006,0.002,0.001,76829.35,1777344836000
1777344838.264,238.264,0.995,0.996,0.004,0.005,0.001,0.001,76830.05,1777344837000
1777344839.02,239.02,0.995,0.996,0.004,0.005,0.001,0.001,76829.88,1777344838000
1777344839.378,239.378,0.994,0.996,0.004,0.006,0.002,0.002,76829.88,1777344838000
1777344839.992,239.992,0.994,0.996,0.004,0.006,0.002,0.002,76829.16,1777344839000
1777344841.014,241.014,0.993,0.996,0.004,0.006,0.003,0.002,76829.16,1777344839000
1777344841.599,241.599,0.993,0.996,0.004,0.009,0.003,0.005,76829.35,1777344840000
1777344841.994,241.994,0.993,0.996,0.004,0.007,0.003,0.003,76829.41,1777344841000
1777344842.375,242.375,0.993,0.996,0.004,0.007,0.003,0.003,76829.41,1777344841000
1777344842.88,242.88,0.991,0.992,0.004,0.007,0.001,0.003,76829.41,1777344841000
1777344843.8,243.8,0.991,0.993,0.007,0.009,0.002,0.002,76829.95,1777344842000
1777344844.335,244.335,0.994,0.995,0.007,0.009,0.001,0.002,76829.17,1777344843000
1777344845.019,245.019,0.994,0.995,0.005,0.006,0.001,0.001,76821.76,1777344844000
1777344845.49,245.49,0.94,0.993,0.007,0.009,0.053,0.002,76821.76,1777344844000
1777344845.836,245.836,0.972,0.99,0.02,0.028,0.018,0.008,76821.76,1777344844000
1777344846.242,246.242,0.95,0.993,0.007,0.05,0.043,0.043,76821.76,1777344844000
1777344846.576,246.576,0.93,0.96,0.04,0.06,0.03,0.02,76821.76,1777344844000
1777344846.914,246.914,0.97,0.98,0.02,0.025,0.01,0.005,76818.0,1777344845000
1777344847.261,247.261,0.93,0.94,0.06,0.07,0.01,0.01,76819.4,1777344846000
1777344847.603,247.603,0.92,0.93,0.07,0.08,0.01,0.01,76819.4,1777344846000
1777344847.951,247.951,0.929,0.93,0.07,0.071,0.001,0.001,76819.4,1777344846000
1777344848.312,248.312,0.935,0.94,0.06,0.065,0.005,0.005,76819.4,1777344846000
1777344848.664,248.664,0.94,0.947,0.065,0.07,0.007,0.005,76820.46,1777344847000
1777344849.019,249.019,0.94,0.946,0.05,0.06,0.006,0.01,76820.46,1777344847000
1777344849.358,249.358,0.946,0.95,0.05,0.054,0.004,0.004,76828.57,1777344848000
1777344849.728,249.728,0.94,0.95,0.05,0.06,0.01,0.01,76828.57,1777344848000
1777344850.089,250.089,0.94,0.95,0.05,0.06,0.01,0.01,76828.57,1777344848000
1777344850.428,250.428,0.94,0.95,0.05,0.06,0.01,0.01,76829.5,1777344849000
1777344850.819,250.819,0.94,0.95,0.05,0.06,0.01,0.01,76829.5,1777344849000
1777344851.163,251.163,0.93,0.95,0.05,0.06,0.02,0.01,76831.09,1777344850000
1777344851.557,251.557,0.94,0.95,0.05,0.06,0.01,0.01,76831.09,1777344850000
1777344851.904,251.904,0.95,0.96,0.04,0.05,0.01,0.01,76831.09,1777344850000
1777344852.261,252.261,0.95,0.96,0.04,0.05,0.01,0.01,76830.99,1777344851000
1777344852.604,252.604,0.95,0.962,0.039,0.05,0.012,0.011,76830.99,1777344851000
1777344852.988,252.988,0.96,0.976,0.03,0.04,0.016,0.01,76830.99,1777344851000
1777344853.448,253.448,0.97,0.978,0.024,0.03,0.008,0.006,76830.2,1777344852000
1777344853.781,253.781,0.97,0.98,0.021,0.03,0.01,0.009,76830.2,1777344852000
1777344854.136,254.136,0.97,0.98,0.02,0.03,0.01,0.01,76829.19,1777344853000
1777344854.658,254.658,0.97,0.98,0.02,0.03,0.01,0.01,76829.19,1777344853000
1777344855.035,255.035,0.97,0.98,0.02,0.03,0.01,0.01,76829.19,1777344853000
1777344855.497,255.497,0.991,0.992,0.008,0.009,0.001,0.001,76832.24,1777344854000
1777344855.985,255.985,0.991,0.994,0.006,0.009,0.003,0.003,76832.24,1777344854000
1777344856.421,256.421,0.991,0.994,0.006,0.009,0.003,0.003,76829.85,1777344855000
1777344856.83,256.83,0.996,0.999,0.001,0.004,0.003,0.003,76829.85,1777344855000
1777344857.199,257.199,0.993,0.997,0.003,0.008,0.004,0.005,76829.85,1777344855000
1777344858.23,258.23,0.993,0.998,0.002,0.007,0.005,0.005,76829.37,1777344856000
1777344858.583,258.583,0.992,0.997,0.003,0.009,0.005,0.006,76828.89,1777344857000
1777344859.121,259.121,0.991,0.997,0.003,0.009,0.006,0.006,76828.89,1777344857000
1777344859.513,259.513,0.992,0.997,0.002,0.007,0.005,0.005,76829.4,1777344858000
1777344859.942,259.942,0.99,0.991,0.003,0.01,0.001,0.007,76829.4,1777344858000
1777344860.307,260.307,0.99,0.991,0.009,0.01,0.001,0.001,76829.32,1777344859000
1777344860.828,260.828,0.99,0.996,0.009,0.01,0.006,0.001,76829.32,1777344859000
1777344861.185,261.185,0.99,0.996,0.004,0.01,0.006,0.006,76829.32,1777344859000
1777344861.591,261.591,0.99,0.996,0.004,0.01,0.006,0.006,76828.25,1777344860000
1777344862.449,262.449,0.99,0.996,0.004,0.01,0.006,0.006,76826.98,1777344861000
1777344862.811,262.811,0.991,0.997,0.004,0.01,0.006,0.006,76826.98,1777344861000
1777344863.401,263.401,0.991,0.997,0.003,0.009,0.006,0.006,76825.06,1777344862000
1777344863.737,263.737,0.994,0.998,0.002,0.006,0.004,0.004,76825.06,1777344862000
1777344865.176,265.176,0.994,0.998,0.002,0.006,0.004,0.004,76823.19,1777344864000
1777344865.927,265.927,0.995,0.998,0.002,0.005,0.003,0.003,76823.19,1777344864000
1777344866.459,266.459,0.994,0.998,0.002,0.006,0.004,0.004,76821.66,1777344865000
1777344867.307,267.307,0.994,0.998,0.002,0.006,0.004,0.004,76820.49,1777344866000
1777344867.843,267.843,0.993,0.998,0.002,0.006,0.005,0.004,76820.49,1777344866000
1777344868.411,268.411,0.993,0.998,0.002,0.007,0.005,0.005,76820.55,1777344867000
1777344868.876,268.876,0.994,0.996,0.004,0.009,0.002,0.005,76820.55,1777344867000
1777344869.283,269.283,0.994,0.996,0.004,0.006,0.002,0.002,76821.61,1777344868000
1777344869.98,269.98,0.994,0.996,0.004,0.006,0.002,0.002,76821.95,1777344869000
1777344870.332,270.332,0.994,0.996,0.004,0.006,0.002,0.002,76821.95,1777344869000
1777344870.708,270.708,0.991,0.998,0.002,0.008,0.007,0.006,76821.95,1777344869000
1777344871.27,271.27,0.992,0.998,0.002,0.009,0.006,0.007,76821.88,1777344870000
1777344871.955,271.955,0.999,0.993,0.007,0.001,-0.006,-0.006,76821.86,1777344871000
1777344872.455,272.455,0.999,0.993,0.007,0.001,-0.006,-0.006,76821.86,1777344871000
1777344872.792,272.792,0.999,0.993,0.007,0.001,-0.006,-0.006,76821.86,1777344871000
1777344873.735,273.735,0.992,0.993,0.007,0.001,0.001,-0.006,76821.83,1777344872000
1777344874.265,274.265,0.992,0.999,0.007,0.008,0.007,0.001,76821.86,1777344873000
1777344874.949,274.949,0.992,0.999,0.001,0.008,0.007,0.007,76821.86,1777344873000
1777344876.113,276.113,0.992,0.999,0.001,0.008,0.007,0.007,76821.85,1777344875000
1777344876.656,276.656,0.992,0.999,0.001,0.008,0.007,0.007,76821.85,1777344875000
1777344877.041,277.041,0.992,0.999,0.001,0.008,0.007,0.007,76821.75,1777344876000
1777344877.403,277.403,0.992,0.999,0.001,0.008,0.007,0.007,76821.75,1777344876000
1777344878.0,278.0,0.992,0.999,0.001,0.008,0.007,0.007,76821.75,1777344876000
1777344879.146,279.146,0.992,0.999,0.001,0.008,0.007,0.007,76822.4,1777344878000
1777344880.068,280.068,0.992,0.999,0.001,0.008,0.007,0.007,76822.4,1777344879000
1777344880.87,280.87,0.993,0.999,0.001,0.008,0.006,0.007,76822.4,1777344879000
1777344882.081,282.081,0.993,0.999,0.001,0.007,0.006,0.006,76822.6,1777344881000
1777344883.112,283.112,0.993,0.999,0.001,0.007,0.006,0.006,76822.41,1777344882000
1777344883.901,283.901,0.995,0.999,0.001,0.007,0.004,0.006,76822.41,1777344882000
1777344885.052,285.052,0.995,0.999,0.001,0.005,0.004,0.004,76824.62,1777344884000
1777344885.397,285.397,0.995,0.999,0.001,0.005,0.004,0.004,76824.62,1777344884000
1777344885.989,285.989,0.995,0.999,0.001,0.005,0.004,0.004,76829.64,1777344885000
1777344886.574,286.574,0.995,0.999,0.001,0.003,0.004,0.002,76829.64,1777344885000
1777344887.358,287.358,0.996,0.999,0.001,0.005,0.003,0.004,76829.64,1777344885000
1777344887.855,287.855,0.996,0.999,0.001,0.004,0.003,0.003,76829.64,1777344885000
1777344888.356,288.356,0.996,0.999,0.001,0.004,0.003,0.003,76829.64,1777344885000
1777344888.957,288.957,0.996,0.999,0.001,0.004,0.003,0.003,76834.16,1777344887000
1777344889.358,289.358,0.996,0.999,0.001,0.004,0.003,0.003,76835.5,1777344888000
1777344889.743,289.743,0.995,0.999,0.001,0.005,0.004,0.004,76835.5,1777344888000
1777344890.412,290.412,0.999,0.999,0.001,0.005,0.0,0.004,76835.5,1777344888000
1777344890.942,290.942,0.999,0.999,0.001,0.001,0.0,0.0,76836.01,1777344889000
1777344892.446,292.446,0.996,0.999,0.001,0.004,0.003,0.003,76837.76,1777344891000
1777344893.092,293.092,0.996,0.999,0.001,0.004,0.003,0.003,76840.8,1777344892000
1777344894.427,294.427,0.999,0.999,0.001,0.004,0.0,0.003,76840.8,1777344892000
1777344895.268,295.268,0.999,0.999,0.001,0.001,0.0,0.0,76846.75,1777344894000
1777344895.719,295.719,0.999,0.999,0.001,0.001,0.0,0.0,76846.75,1777344894000
1777344896.642,296.642,0.999,0.999,0.001,0.001,0.0,0.0,76847.68,1777344895000
1777344897.357,297.357,0.999,0.999,0.001,0.001,0.0,0.0,76847.75,1777344896000
1777344898.686,298.686,0.999,0.999,0.001,0.001,0.0,0.0,76848.28,1777344897000
1777344899.083,299.083,0.999,0.999,0.001,0.001,0.0,0.0,76848.28,1777344897000
1777344899.835,299.835,0.999,0.999,0.001,0.001,0.0,0.0,76844.09,1777344898000
1777344900.288,300.288,0.999,0.999,0.001,0.001,0.0,0.0,76844.09,1777344898000
1777344900.693,300.693,0.999,0.999,0.001,0.001,0.0,0.0,76844.02,1777344899000

# RESULT,winner=Up,slug=btc-updown-5m-1777344600,ticks=611
