timestamp,elapsed_sec,up_bid,up_ask,down_bid,down_ask,up_spread,down_spread,btc_price,btc_oracle_ts
1776633300.618,0.618,0.49,0.5,0.5,0.51,0.01,0.01,74716.64,1776633299000
1776633300.977,0.977,0.5,0.51,0.49,0.5,0.01,0.01,74716.64,1776633299000
1776633301.372,1.372,0.5,0.51,0.49,0.5,0.01,0.01,74715.74,1776633300000
1776633301.879,1.879,0.49,0.5,0.49,0.5,0.01,0.01,74715.74,1776633300000
1776633302.222,2.222,0.49,0.5,0.5,0.51,0.01,0.01,74715.74,1776633300000
1776633302.614,2.614,0.49,0.5,0.5,0.51,0.01,0.01,74711.92,1776633301000
1776633303.039,3.039,0.49,0.5,0.5,0.51,0.01,0.01,74711.92,1776633301000
1776633303.417,3.417,0.49,0.5,0.5,0.51,0.01,0.01,74710.93,1776633302000
1776633304.264,4.264,0.49,0.5,0.5,0.51,0.01,0.01,74710.93,1776633302000
1776633304.604,4.604,0.4,0.44,0.56,0.59,0.04,0.03,74710.77,1776633303000
1776633304.972,4.972,0.4,0.41,0.59,0.6,0.01,0.01,74710.77,1776633303000
1776633305.504,5.504,0.4,0.41,0.59,0.6,0.01,0.01,74710.77,1776633303000
1776633305.855,5.855,0.38,0.39,0.6,0.61,0.01,0.01,74709.77,1776633304000
1776633306.193,6.193,0.38,0.39,0.61,0.62,0.01,0.01,74709.77,1776633304000
1776633306.719,6.719,0.38,0.39,0.61,0.62,0.01,0.01,74707.13,1776633305000
1776633307.108,7.108,0.38,0.39,0.61,0.62,0.01,0.01,74700.31,1776633306000
1776633308.027,8.027,0.38,0.39,0.61,0.62,0.01,0.01,74700.31,1776633306000
1776633308.405,8.405,0.38,0.39,0.61,0.62,0.01,0.01,74693.65,1776633307000
1776633309.047,9.047,0.36,0.37,0.62,0.63,0.01,0.01,74693.65,1776633307000
1776633309.692,9.692,0.35,0.36,0.64,0.65,0.01,0.01,74692.74,1776633308000
1776633310.033,10.033,0.35,0.36,0.64,0.65,0.01,0.01,74692.74,1776633308000
1776633310.432,10.432,0.35,0.36,0.64,0.65,0.01,0.01,74692.73,1776633309000
1776633310.841,10.841,0.35,0.36,0.64,0.65,0.01,0.01,74692.73,1776633309000
1776633311.205,11.205,0.35,0.36,0.64,0.65,0.01,0.01,74692.73,1776633309000
1776633311.568,11.568,0.35,0.36,0.64,0.65,0.01,0.01,74689.22,1776633310000
1776633311.912,11.912,0.36,0.37,0.63,0.64,0.01,0.01,74689.22,1776633310000
1776633312.408,12.408,0.37,0.38,0.62,0.63,0.01,0.01,74688.91,1776633311000
1776633312.745,12.745,0.37,0.38,0.62,0.63,0.01,0.01,74688.91,1776633311000
1776633313.105,13.105,0.37,0.38,0.62,0.63,0.01,0.01,74688.91,1776633311000
1776633313.468,13.468,0.37,0.38,0.62,0.63,0.01,0.01,74688.83,1776633312000
1776633314.09,14.09,0.37,0.38,0.62,0.63,0.01,0.01,74688.83,1776633312000
1776633314.459,14.459,0.37,0.38,0.62,0.63,0.01,0.01,74690.74,1776633313000
1776633315.027,15.027,0.37,0.38,0.62,0.63,0.01,0.01,74690.74,1776633313000
1776633315.5,15.5,0.37,0.38,0.62,0.63,0.01,0.01,74690.74,1776633313000
1776633315.927,15.927,0.37,0.38,0.62,0.63,0.01,0.01,74690.74,1776633314000
1776633316.325,16.325,0.37,0.38,0.62,0.63,0.01,0.01,74690.6,1776633315000
1776633316.687,16.687,0.36,0.37,0.63,0.64,0.01,0.01,74690.6,1776633315000
1776633317.314,17.314,0.36,0.37,0.63,0.64,0.01,0.01,74690.6,1776633315000
1776633317.65,17.65,0.36,0.37,0.63,0.64,0.01,0.01,74690.6,1776633316000
1776633318.177,18.177,0.35,0.37,0.63,0.64,0.02,0.01,74690.6,1776633316000
1776633318.552,18.552,0.35,0.36,0.64,0.65,0.01,0.01,74690.55,1776633317000
1776633318.9,18.9,0.34,0.35,0.65,0.66,0.01,0.01,74690.55,1776633317000
1776633320.227,20.227,0.34,0.35,0.65,0.66,0.01,0.01,74689.95,1776633318000
1776633320.66,20.66,0.33,0.34,0.65,0.67,0.01,0.02,74689.9,1776633319000
1776633321.125,21.125,0.33,0.34,0.66,0.67,0.01,0.01,74689.9,1776633319000
1776633321.507,21.507,0.33,0.34,0.66,0.67,0.01,0.01,74689.9,1776633319000
1776633321.893,21.893,0.33,0.34,0.66,0.67,0.01,0.01,74689.9,1776633320000
1776633322.235,22.235,0.34,0.35,0.64,0.65,0.01,0.01,74689.9,1776633320000
1776633322.615,22.615,0.34,0.35,0.65,0.66,0.01,0.01,74689.36,1776633321000
1776633322.97,22.97,0.35,0.36,0.64,0.65,0.01,0.01,74689.36,1776633321000
1776633323.342,23.342,0.36,0.37,0.63,0.64,0.01,0.01,74689.36,1776633321000
1776633324.041,24.041,0.36,0.37,0.63,0.64,0.01,0.01,74687.84,1776633323000
1776633324.376,24.376,0.37,0.39,0.61,0.63,0.02,0.02,74687.84,1776633323000
1776633324.798,24.798,0.39,0.4,0.6,0.61,0.01,0.01,74687.84,1776633323000
1776633325.343,25.343,0.4,0.41,0.59,0.61,0.01,0.02,74687.84,1776633323000
1776633325.722,25.722,0.42,0.43,0.57,0.58,0.01,0.01,74691.83,1776633324000
1776633326.062,26.062,0.44,0.45,0.55,0.56,0.01,0.01,74691.83,1776633324000
1776633326.56,26.56,0.45,0.46,0.54,0.56,0.01,0.02,74694.29,1776633325000
1776633326.899,26.899,0.47,0.52,0.48,0.54,0.05,0.06,74694.29,1776633325000
1776633327.248,27.248,0.5,0.52,0.49,0.5,0.02,0.01,74694.29,1776633325000
1776633327.682,27.682,0.51,0.52,0.48,0.49,0.01,0.01,74703.12,1776633326000
1776633328.071,28.071,0.51,0.52,0.48,0.49,0.01,0.01,74703.12,1776633326000
1776633328.408,28.408,0.51,0.52,0.48,0.49,0.01,0.01,74703.12,1776633326000
1776633328.741,28.741,0.51,0.52,0.48,0.49,0.01,0.01,74707.08,1776633327000
1776633329.1,29.1,0.51,0.52,0.48,0.49,0.01,0.01,74707.08,1776633327000
1776633329.685,29.685,0.51,0.52,0.48,0.49,0.01,0.01,74710.01,1776633328000
1776633330.209,30.209,0.51,0.52,0.48,0.49,0.01,0.01,74710.01,1776633328000
1776633330.731,30.731,0.51,0.52,0.48,0.49,0.01,0.01,74711.42,1776633329000
1776633331.196,31.196,0.51,0.52,0.48,0.49,0.01,0.01,74711.83,1776633330000
1776633331.631,31.631,0.51,0.52,0.48,0.49,0.01,0.01,74711.83,1776633330000
1776633332.055,32.055,0.51,0.52,0.48,0.49,0.01,0.01,74711.83,1776633330000
1776633332.389,32.389,0.41,0.43,0.57,0.59,0.02,0.02,74711.46,1776633331000
1776633332.731,32.731,0.42,0.44,0.56,0.58,0.02,0.02,74711.46,1776633331000
1776633333.066,33.066,0.42,0.43,0.57,0.58,0.01,0.01,74711.46,1776633331000
1776633333.426,33.426,0.45,0.46,0.54,0.56,0.01,0.02,74710.86,1776633332000
1776633333.776,33.776,0.47,0.48,0.52,0.53,0.01,0.01,74710.86,1776633332000
1776633334.167,34.167,0.5,0.51,0.48,0.52,0.01,0.04,74710.86,1776633332000
1776633334.507,34.507,0.5,0.51,0.49,0.5,0.01,0.01,74710.86,1776633332000
1776633334.86,34.86,0.5,0.51,0.49,0.5,0.01,0.01,74704.96,1776633333000
1776633335.259,35.259,0.5,0.51,0.49,0.5,0.01,0.01,74704.96,1776633333000
1776633335.592,35.592,0.5,0.51,0.49,0.5,0.01,0.01,74710.94,1776633334000
1776633335.927,35.927,0.51,0.52,0.48,0.49,0.01,0.01,74710.94,1776633334000
1776633336.274,36.274,0.51,0.52,0.48,0.49,0.01,0.01,74710.94,1776633334000
1776633336.646,36.646,0.51,0.52,0.48,0.49,0.01,0.01,74710.94,1776633334000
1776633337.022,37.022,0.51,0.52,0.48,0.49,0.01,0.01,74713.47,1776633335000
1776633337.445,37.445,0.51,0.52,0.48,0.49,0.01,0.01,74713.47,1776633335000
1776633337.895,37.895,0.51,0.52,0.48,0.49,0.01,0.01,74713.47,1776633335000
1776633338.23,38.23,0.51,0.52,0.48,0.49,0.01,0.01,74713.39,1776633336000
1776633338.648,38.648,0.52,0.53,0.47,0.49,0.01,0.02,74713.7,1776633337000
1776633338.983,38.983,0.52,0.53,0.47,0.48,0.01,0.01,74713.7,1776633337000
1776633339.324,39.324,0.52,0.53,0.47,0.48,0.01,0.01,74713.88,1776633338000
1776633340.102,40.102,0.52,0.53,0.47,0.48,0.01,0.01,74713.88,1776633338000
1776633340.524,40.524,0.52,0.53,0.47,0.48,0.01,0.01,74714.01,1776633339000
1776633341.114,41.114,0.52,0.53,0.47,0.48,0.01,0.01,74714.01,1776633339000
1776633341.456,41.456,0.52,0.53,0.47,0.48,0.01,0.01,74714.01,1776633339000
1776633342.148,42.148,0.52,0.53,0.47,0.48,0.01,0.01,74713.68,1776633341000
1776633342.552,42.552,0.52,0.53,0.47,0.48,0.01,0.01,74713.68,1776633341000
1776633343.249,43.249,0.52,0.53,0.47,0.48,0.01,0.01,74713.6,1776633342000
1776633343.608,43.608,0.48,0.49,0.51,0.52,0.01,0.01,74713.6,1776633342000
1776633344.013,44.013,0.46,0.48,0.52,0.53,0.02,0.01,74713.6,1776633342000
1776633344.41,44.41,0.47,0.48,0.52,0.53,0.01,0.01,74713.77,1776633343000
1776633344.804,44.804,0.47,0.48,0.52,0.53,0.01,0.01,74713.77,1776633343000
1776633345.305,45.305,0.47,0.48,0.52,0.53,0.01,0.01,74713.74,1776633344000
1776633345.735,45.735,0.47,0.48,0.52,0.53,0.01,0.01,74713.74,1776633344000
1776633346.127,46.127,0.47,0.48,0.52,0.53,0.01,0.01,74711.62,1776633345000
1776633346.515,46.515,0.47,0.48,0.5,0.53,0.01,0.03,74711.62,1776633345000
1776633346.952,46.952,0.48,0.49,0.51,0.52,0.01,0.01,74711.62,1776633345000
1776633347.346,47.346,0.5,0.52,0.49,0.51,0.02,0.02,74711.62,1776633345000
1776633347.773,47.773,0.55,0.56,0.44,0.46,0.01,0.02,74710.39,1776633346000
1776633348.115,48.115,0.55,0.57,0.44,0.45,0.02,0.01,74710.39,1776633346000
1776633348.529,48.529,0.56,0.57,0.43,0.44,0.01,0.01,74710.42,1776633347000
1776633348.887,48.887,0.56,0.57,0.43,0.44,0.01,0.01,74710.42,1776633347000
1776633349.276,49.276,0.57,0.58,0.42,0.43,0.01,0.01,74713.88,1776633348000
1776633349.619,49.619,0.57,0.58,0.42,0.43,0.01,0.01,74713.88,1776633348000
1776633349.988,49.988,0.57,0.58,0.42,0.43,0.01,0.01,74713.88,1776633348000
1776633350.439,50.439,0.57,0.58,0.42,0.43,0.01,0.01,74719.05,1776633349000
1776633350.804,50.804,0.57,0.58,0.42,0.43,0.01,0.01,74719.05,1776633349000
1776633351.307,51.307,0.54,0.56,0.42,0.44,0.02,0.02,74719.05,1776633349000
1776633351.903,51.903,0.54,0.55,0.45,0.46,0.01,0.01,74719.87,1776633350000
1776633352.289,52.289,0.54,0.55,0.45,0.46,0.01,0.01,74719.99,1776633351000
1776633352.65,52.65,0.54,0.55,0.45,0.46,0.01,0.01,74719.99,1776633351000
1776633353.201,53.201,0.54,0.55,0.45,0.46,0.01,0.01,74719.99,1776633351000
1776633353.626,53.626,0.54,0.55,0.45,0.46,0.01,0.01,74719.62,1776633352000
1776633354.181,54.181,0.54,0.55,0.45,0.46,0.01,0.01,74719.56,1776633353000
1776633355.021,55.021,0.54,0.55,0.45,0.46,0.01,0.01,74719.7,1776633354000
1776633355.412,55.412,0.54,0.55,0.45,0.46,0.01,0.01,74719.7,1776633354000
1776633356.045,56.045,0.54,0.55,0.45,0.46,0.01,0.01,74719.76,1776633355000
1776633356.435,56.435,0.54,0.55,0.45,0.46,0.01,0.01,74719.76,1776633355000
1776633357.118,57.118,0.54,0.55,0.45,0.46,0.01,0.01,74719.86,1776633356000
1776633357.912,57.912,0.55,0.56,0.45,0.46,0.01,0.01,74719.86,1776633356000
1776633358.523,58.523,0.55,0.56,0.44,0.45,0.01,0.01,74719.87,1776633357000
1776633358.908,58.908,0.55,0.56,0.44,0.45,0.01,0.01,74719.91,1776633358000
1776633359.267,59.267,0.55,0.56,0.44,0.45,0.01,0.01,74719.91,1776633358000
1776633359.838,59.838,0.55,0.56,0.44,0.45,0.01,0.01,74719.92,1776633359000
1776633360.226,60.226,0.55,0.56,0.44,0.45,0.01,0.01,74719.92,1776633359000
1776633360.581,60.581,0.56,0.57,0.43,0.44,0.01,0.01,74719.92,1776633359000
1776633360.992,60.992,0.56,0.57,0.43,0.44,0.01,0.01,74719.92,1776633359000
1776633361.362,61.362,0.56,0.57,0.43,0.44,0.01,0.01,74719.95,1776633360000
1776633361.835,61.835,0.56,0.57,0.43,0.44,0.01,0.01,74719.95,1776633360000
1776633362.407,62.407,0.56,0.57,0.43,0.44,0.01,0.01,74719.95,1776633361000
1776633362.892,62.892,0.56,0.57,0.43,0.44,0.01,0.01,74719.95,1776633361000
1776633363.527,63.527,0.56,0.57,0.43,0.44,0.01,0.01,74719.95,1776633362000
1776633364.007,64.007,0.56,0.57,0.43,0.44,0.01,0.01,74719.95,1776633362000
1776633364.373,64.373,0.56,0.57,0.43,0.44,0.01,0.01,74719.95,1776633363000
1776633364.78,64.78,0.57,0.58,0.42,0.44,0.01,0.02,74719.95,1776633363000
1776633365.37,65.37,0.57,0.58,0.42,0.43,0.01,0.01,74719.95,1776633363000
1776633365.957,65.957,0.57,0.58,0.42,0.43,0.01,0.01,74719.95,1776633363000
1776633366.782,66.782,0.57,0.58,0.42,0.43,0.01,0.01,74719.71,1776633365000
1776633367.183,67.183,0.57,0.58,0.42,0.43,0.01,0.01,74719.71,1776633365000
1776633367.672,67.672,0.57,0.58,0.42,0.43,0.01,0.01,74721.69,1776633366000
1776633368.121,68.121,0.57,0.58,0.42,0.43,0.01,0.01,74721.69,1776633366000
1776633368.489,68.489,0.57,0.58,0.42,0.43,0.01,0.01,74721.56,1776633367000
1776633369.054,69.054,0.57,0.58,0.42,0.43,0.01,0.01,74721.56,1776633367000
1776633369.633,69.633,0.57,0.58,0.42,0.43,0.01,0.01,74721.59,1776633368000
1776633370.281,70.281,0.58,0.59,0.41,0.42,0.01,0.01,74721.59,1776633368000
1776633370.723,70.723,0.57,0.58,0.41,0.43,0.01,0.02,74721.55,1776633369000
1776633371.658,71.658,0.57,0.58,0.42,0.43,0.01,0.01,74721.55,1776633369000
1776633372.12,72.12,0.57,0.58,0.42,0.43,0.01,0.01,74721.55,1776633369000
1776633372.481,72.481,0.57,0.58,0.42,0.43,0.01,0.01,74721.81,1776633371000
1776633373.21,73.21,0.57,0.58,0.42,0.43,0.01,0.01,74721.81,1776633371000
1776633373.737,73.737,0.57,0.58,0.42,0.43,0.01,0.01,74721.72,1776633372000
1776633374.438,74.438,0.57,0.58,0.42,0.43,0.01,0.01,74721.72,1776633372000
1776633374.878,74.878,0.57,0.58,0.42,0.43,0.01,0.01,74721.72,1776633373000
1776633375.335,75.335,0.57,0.58,0.42,0.43,0.01,0.01,74721.72,1776633374000
1776633375.683,75.683,0.57,0.58,0.42,0.43,0.01,0.01,74721.72,1776633374000
1776633376.07,76.07,0.57,0.58,0.42,0.43,0.01,0.01,74721.72,1776633374000
1776633376.629,76.629,0.57,0.58,0.42,0.43,0.01,0.01,74721.72,1776633374000
1776633377.026,77.026,0.57,0.58,0.42,0.43,0.01,0.01,74721.7,1776633375000
1776633377.474,77.474,0.57,0.58,0.42,0.43,0.01,0.01,74721.7,1776633376000
1776633378.023,78.023,0.57,0.58,0.42,0.43,0.01,0.01,74721.71,1776633377000
1776633378.426,78.426,0.57,0.58,0.42,0.43,0.01,0.01,74721.71,1776633377000
1776633378.8,78.8,0.57,0.58,0.42,0.43,0.01,0.01,74721.71,1776633377000
1776633379.323,79.323,0.57,0.58,0.42,0.43,0.01,0.01,74721.73,1776633378000
1776633380.03,80.03,0.57,0.58,0.42,0.43,0.01,0.01,74721.73,1776633379000
1776633381.263,81.263,0.57,0.58,0.42,0.43,0.01,0.01,74721.73,1776633379000
1776633381.731,81.731,0.57,0.58,0.42,0.43,0.01,0.01,74721.73,1776633380000
1776633382.353,82.353,0.57,0.58,0.42,0.43,0.01,0.01,74721.73,1776633380000
1776633383.05,83.05,0.55,0.58,0.42,0.43,0.03,0.01,74721.8,1776633381000
1776633383.6,83.6,0.55,0.58,0.42,0.45,0.03,0.03,74721.81,1776633382000
1776633384.045,84.045,0.55,0.56,0.42,0.45,0.01,0.03,74721.81,1776633382000
1776633384.51,84.51,0.54,0.55,0.45,0.46,0.01,0.01,74721.95,1776633383000
1776633384.954,84.954,0.54,0.55,0.45,0.46,0.01,0.01,74721.95,1776633383000
1776633385.315,85.315,0.54,0.55,0.45,0.46,0.01,0.01,74721.95,1776633383000
1776633385.743,85.743,0.54,0.55,0.45,0.46,0.01,0.01,74721.95,1776633384000
1776633386.169,86.169,0.54,0.55,0.45,0.46,0.01,0.01,74721.95,1776633384000
1776633386.573,86.573,0.54,0.55,0.45,0.46,0.01,0.01,74721.95,1776633384000
1776633387.038,87.038,0.54,0.56,0.44,0.46,0.02,0.02,74721.93,1776633385000
1776633387.583,87.583,0.55,0.56,0.44,0.45,0.01,0.01,74721.22,1776633386000
1776633388.237,88.237,0.55,0.56,0.44,0.45,0.01,0.01,74721.22,1776633386000
1776633389.228,89.228,0.55,0.56,0.44,0.45,0.01,0.01,74721.19,1776633387000
1776633389.685,89.685,0.55,0.56,0.44,0.45,0.01,0.01,74721.19,1776633387000
1776633390.325,90.325,0.55,0.56,0.44,0.45,0.01,0.01,74721.91,1776633388000
1776633390.74,90.74,0.55,0.56,0.44,0.45,0.01,0.01,74721.9,1776633389000
1776633391.121,91.121,0.47,0.49,0.48,0.53,0.02,0.05,74721.9,1776633389000
1776633391.506,91.506,0.46,0.47,0.53,0.54,0.01,0.01,74721.9,1776633390000
1776633391.929,91.929,0.45,0.46,0.54,0.55,0.01,0.01,74721.9,1776633390000
1776633392.287,92.287,0.37,0.38,0.6,0.63,0.01,0.03,74721.9,1776633390000
1776633392.632,92.632,0.31,0.34,0.66,0.69,0.03,0.03,74721.9,1776633390000
1776633392.973,92.973,0.3,0.32,0.69,0.7,0.02,0.01,74720.51,1776633391000
1776633393.348,93.348,0.3,0.31,0.69,0.7,0.01,0.01,74720.51,1776633391000
1776633393.827,93.827,0.3,0.31,0.69,0.7,0.01,0.01,74712.84,1776633392000
1776633394.364,94.364,0.3,0.31,0.69,0.7,0.01,0.01,74712.84,1776633392000
1776633394.701,94.701,0.28,0.29,0.71,0.72,0.01,0.01,74688.15,1776633393000
1776633395.042,95.042,0.28,0.29,0.71,0.72,0.01,0.01,74688.15,1776633393000
1776633395.495,95.495,0.28,0.29,0.71,0.72,0.01,0.01,74684.5,1776633394000
1776633396.106,96.106,0.28,0.29,0.71,0.72,0.01,0.01,74684.5,1776633394000
1776633396.459,96.459,0.28,0.29,0.71,0.72,0.01,0.01,74684.5,1776633394000
1776633396.921,96.921,0.28,0.29,0.71,0.72,0.01,0.01,74684.18,1776633395000
1776633397.269,97.269,0.28,0.29,0.71,0.72,0.01,0.01,74682.0,1776633396000
1776633397.753,97.753,0.28,0.29,0.71,0.72,0.01,0.01,74682.0,1776633396000
1776633398.3,98.3,0.28,0.29,0.71,0.72,0.01,0.01,74682.0,1776633396000
1776633398.733,98.733,0.28,0.29,0.71,0.72,0.01,0.01,74680.78,1776633397000
1776633399.153,99.153,0.28,0.29,0.71,0.72,0.01,0.01,74680.78,1776633397000
1776633399.578,99.578,0.28,0.29,0.71,0.72,0.01,0.01,74680.67,1776633398000
1776633400.002,100.002,0.28,0.29,0.71,0.72,0.01,0.01,74680.67,1776633398000
1776633400.338,100.338,0.27,0.29,0.71,0.72,0.02,0.01,74680.67,1776633398000
1776633400.733,100.733,0.27,0.29,0.72,0.73,0.02,0.01,74680.34,1776633399000
1776633401.072,101.072,0.29,0.3,0.7,0.71,0.01,0.01,74680.34,1776633399000
1776633401.438,101.438,0.34,0.35,0.66,0.69,0.01,0.03,74680.34,1776633399000
1776633401.788,101.788,0.34,0.35,0.65,0.66,0.01,0.01,74679.92,1776633400000
1776633402.154,102.154,0.34,0.35,0.65,0.66,0.01,0.01,74679.92,1776633400000
1776633402.496,102.496,0.34,0.35,0.65,0.66,0.01,0.01,74680.25,1776633401000
1776633402.832,102.832,0.34,0.35,0.65,0.66,0.01,0.01,74680.25,1776633401000
1776633403.231,103.231,0.34,0.35,0.65,0.66,0.01,0.01,74680.25,1776633401000
1776633403.622,103.622,0.34,0.35,0.65,0.66,0.01,0.01,74681.21,1776633402000
1776633404.009,104.009,0.34,0.35,0.65,0.66,0.01,0.01,74681.21,1776633402000
1776633404.503,104.503,0.34,0.36,0.65,0.66,0.02,0.01,74689.91,1776633403000
1776633404.839,104.839,0.35,0.36,0.64,0.65,0.01,0.01,74689.91,1776633403000
1776633405.598,105.598,0.35,0.36,0.64,0.65,0.01,0.01,74690.75,1776633404000
1776633405.932,105.932,0.35,0.36,0.64,0.65,0.01,0.01,74690.75,1776633404000
1776633406.289,106.289,0.35,0.36,0.64,0.65,0.01,0.01,74690.75,1776633405000
1776633407.084,107.084,0.32,0.33,0.67,0.68,0.01,0.01,74690.75,1776633405000
1776633407.431,107.431,0.32,0.33,0.67,0.68,0.01,0.01,74688.92,1776633406000
1776633407.94,107.94,0.32,0.33,0.67,0.68,0.01,0.01,74688.92,1776633406000
1776633408.342,108.342,0.31,0.32,0.68,0.69,0.01,0.01,74688.92,1776633406000
1776633408.7,108.7,0.29,0.3,0.7,0.71,0.01,0.01,74690.34,1776633407000
1776633409.191,109.191,0.28,0.29,0.7,0.72,0.01,0.02,74690.34,1776633407000
1776633409.545,109.545,0.28,0.29,0.71,0.72,0.01,0.01,74689.24,1776633408000
1776633410.066,110.066,0.28,0.29,0.71,0.72,0.01,0.01,74689.24,1776633408000
1776633410.497,110.497,0.28,0.29,0.71,0.72,0.01,0.01,74688.39,1776633409000
1776633410.93,110.93,0.28,0.29,0.71,0.72,0.01,0.01,74688.39,1776633409000
1776633411.331,111.331,0.28,0.29,0.71,0.72,0.01,0.01,74686.48,1776633410000
1776633411.718,111.718,0.28,0.29,0.71,0.72,0.01,0.01,74686.48,1776633410000
1776633412.06,112.06,0.28,0.29,0.71,0.72,0.01,0.01,74686.48,1776633410000
1776633412.48,112.48,0.28,0.29,0.71,0.72,0.01,0.01,74685.04,1776633411000
1776633413.08,113.08,0.28,0.29,0.71,0.72,0.01,0.01,74685.04,1776633411000
1776633413.982,113.982,0.28,0.29,0.71,0.72,0.01,0.01,74684.39,1776633412000
1776633414.69,114.69,0.28,0.29,0.71,0.72,0.01,0.01,74683.13,1776633413000
1776633415.138,115.138,0.28,0.29,0.71,0.72,0.01,0.01,74683.13,1776633413000
1776633417.058,117.058,0.28,0.29,0.71,0.72,0.01,0.01,74683.64,1776633415000
1776633417.653,117.653,0.28,0.29,0.71,0.72,0.01,0.01,74683.69,1776633416000
1776633418.037,118.037,0.28,0.29,0.71,0.72,0.01,0.01,74683.69,1776633416000
1776633418.541,118.541,0.28,0.29,0.71,0.72,0.01,0.01,74683.6,1776633417000
1776633419.14,119.14,0.28,0.29,0.71,0.72,0.01,0.01,74683.6,1776633417000
1776633419.657,119.657,0.28,0.29,0.71,0.72,0.01,0.01,74683.6,1776633418000
1776633420.064,120.064,0.28,0.29,0.71,0.72,0.01,0.01,74683.6,1776633418000
1776633420.567,120.567,0.28,0.29,0.71,0.72,0.01,0.01,74683.6,1776633418000
1776633420.956,120.956,0.28,0.29,0.71,0.72,0.01,0.01,74683.63,1776633419000
1776633421.309,121.309,0.28,0.29,0.71,0.72,0.01,0.01,74683.63,1776633419000
1776633421.725,121.725,0.28,0.29,0.71,0.72,0.01,0.01,74683.63,1776633420000
1776633422.18,122.18,0.27,0.29,0.71,0.72,0.02,0.01,74683.63,1776633420000
1776633422.61,122.61,0.27,0.28,0.71,0.73,0.01,0.02,74683.68,1776633421000
1776633423.107,123.107,0.27,0.28,0.72,0.73,0.01,0.01,74683.68,1776633421000
1776633423.807,123.807,0.27,0.28,0.72,0.73,0.01,0.01,74683.91,1776633422000
1776633424.151,124.151,0.26,0.27,0.72,0.74,0.01,0.02,74683.91,1776633422000
1776633424.57,124.57,0.26,0.27,0.73,0.74,0.01,0.01,74682.66,1776633423000
1776633424.959,124.959,0.26,0.27,0.73,0.74,0.01,0.01,74682.66,1776633423000
1776633425.332,125.332,0.26,0.27,0.73,0.74,0.01,0.01,74682.3,1776633424000
1776633425.695,125.695,0.26,0.27,0.73,0.74,0.01,0.01,74682.3,1776633424000
1776633426.417,126.417,0.26,0.27,0.73,0.74,0.01,0.01,74682.3,1776633424000
1776633426.755,126.755,0.26,0.27,0.73,0.74,0.01,0.01,74678.06,1776633425000
1776633427.234,127.234,0.26,0.27,0.73,0.74,0.01,0.01,74678.06,1776633425000
1776633428.087,128.087,0.26,0.27,0.73,0.74,0.01,0.01,74678.06,1776633426000
1776633428.475,128.475,0.26,0.27,0.73,0.74,0.01,0.01,74678.06,1776633427000
1776633428.938,128.938,0.26,0.27,0.73,0.74,0.01,0.01,74678.06,1776633427000
1776633429.281,129.281,0.26,0.27,0.73,0.74,0.01,0.01,74678.06,1776633427000
1776633429.614,129.614,0.26,0.27,0.73,0.74,0.01,0.01,74678.06,1776633427000
1776633429.99,129.99,0.26,0.27,0.73,0.74,0.01,0.01,74678.07,1776633428000
1776633430.416,130.416,0.23,0.24,0.76,0.77,0.01,0.01,74678.07,1776633429000
1776633430.816,130.816,0.23,0.24,0.76,0.77,0.01,0.01,74678.07,1776633429000
1776633431.153,131.153,0.23,0.24,0.76,0.77,0.01,0.01,74678.07,1776633429000
1776633431.64,131.64,0.23,0.24,0.76,0.77,0.01,0.01,74678.07,1776633429000
1776633432.234,132.234,0.23,0.24,0.76,0.77,0.01,0.01,74678.07,1776633430000
1776633432.641,132.641,0.23,0.24,0.76,0.77,0.01,0.01,74677.66,1776633431000
1776633433.038,133.038,0.23,0.24,0.76,0.77,0.01,0.01,74677.37,1776633432000
1776633433.651,133.651,0.23,0.24,0.76,0.77,0.01,0.01,74677.37,1776633432000
1776633434.09,134.09,0.23,0.25,0.76,0.77,0.02,0.01,74677.37,1776633432000
1776633434.482,134.482,0.23,0.24,0.75,0.77,0.01,0.02,74677.37,1776633432000
1776633434.869,134.869,0.23,0.24,0.76,0.77,0.01,0.01,74677.34,1776633433000
1776633435.409,135.409,0.23,0.24,0.76,0.77,0.01,0.01,74677.34,1776633433000
1776633435.932,135.932,0.23,0.24,0.76,0.77,0.01,0.01,74678.15,1776633434000
1776633436.495,136.495,0.23,0.24,0.76,0.77,0.01,0.01,74678.15,1776633435000
1776633436.961,136.961,0.24,0.25,0.75,0.76,0.01,0.01,74678.15,1776633435000
1776633437.347,137.347,0.24,0.25,0.75,0.76,0.01,0.01,74678.15,1776633436000
1776633437.716,137.716,0.24,0.25,0.75,0.76,0.01,0.01,74678.15,1776633436000
1776633438.057,138.057,0.24,0.25,0.75,0.76,0.01,0.01,74678.15,1776633436000
1776633438.626,138.626,0.22,0.23,0.76,0.77,0.01,0.01,74678.16,1776633437000
1776633438.96,138.96,0.22,0.23,0.77,0.78,0.01,0.01,74678.16,1776633437000
1776633439.405,139.405,0.22,0.23,0.77,0.78,0.01,0.01,74678.16,1776633438000
1776633440.013,140.013,0.22,0.23,0.77,0.78,0.01,0.01,74678.16,1776633438000
1776633440.402,140.402,0.21,0.23,0.77,0.78,0.02,0.01,74675.02,1776633439000
1776633440.742,140.742,0.2,0.21,0.79,0.8,0.01,0.01,74675.02,1776633439000
1776633441.137,141.137,0.19,0.2,0.8,0.81,0.01,0.01,74675.02,1776633439000
1776633441.512,141.512,0.19,0.2,0.8,0.81,0.01,0.01,74673.43,1776633440000
1776633441.933,141.933,0.19,0.2,0.8,0.81,0.01,0.01,74673.43,1776633440000
1776633442.304,142.304,0.19,0.2,0.8,0.81,0.01,0.01,74673.43,1776633440000
1776633442.85,142.85,0.19,0.2,0.8,0.81,0.01,0.01,74667.12,1776633441000
1776633443.483,143.483,0.19,0.2,0.8,0.81,0.01,0.01,74667.04,1776633442000
1776633443.87,143.87,0.19,0.2,0.8,0.81,0.01,0.01,74667.04,1776633442000
1776633444.87,144.87,0.19,0.2,0.8,0.81,0.01,0.01,74667.04,1776633443000
1776633445.29,145.29,0.19,0.2,0.8,0.81,0.01,0.01,74665.56,1776633444000
1776633445.859,145.859,0.19,0.2,0.8,0.81,0.01,0.01,74665.56,1776633444000
1776633446.256,146.256,0.19,0.2,0.8,0.81,0.01,0.01,74667.05,1776633445000
1776633446.604,146.604,0.19,0.2,0.8,0.81,0.01,0.01,74667.05,1776633445000
1776633446.994,146.994,0.19,0.2,0.8,0.81,0.01,0.01,74667.01,1776633446000
1776633447.391,147.391,0.19,0.2,0.8,0.81,0.01,0.01,74667.01,1776633446000
1776633447.768,147.768,0.19,0.2,0.8,0.81,0.01,0.01,74667.01,1776633446000
1776633448.332,148.332,0.19,0.2,0.8,0.81,0.01,0.01,74667.03,1776633447000
1776633448.878,148.878,0.19,0.2,0.8,0.81,0.01,0.01,74667.03,1776633447000
1776633449.382,149.382,0.19,0.2,0.8,0.81,0.01,0.01,74667.03,1776633448000
1776633449.827,149.827,0.18,0.2,0.8,0.81,0.02,0.01,74667.03,1776633448000
1776633450.25,150.25,0.18,0.19,0.81,0.82,0.01,0.01,74667.03,1776633448000
1776633450.584,150.584,0.18,0.19,0.81,0.82,0.01,0.01,74667.34,1776633449000
1776633451.202,151.202,0.18,0.19,0.81,0.82,0.01,0.01,74667.34,1776633449000
1776633451.61,151.61,0.18,0.19,0.81,0.82,0.01,0.01,74667.32,1776633450000
1776633452.076,152.076,0.18,0.19,0.81,0.82,0.01,0.01,74667.32,1776633451000
1776633452.706,152.706,0.18,0.19,0.81,0.82,0.01,0.01,74667.32,1776633451000
1776633453.396,153.396,0.18,0.19,0.81,0.82,0.01,0.01,74667.32,1776633451000
1776633454.406,154.406,0.18,0.2,0.81,0.82,0.02,0.01,74667.34,1776633452000
1776633454.941,154.941,0.2,0.21,0.79,0.8,0.01,0.01,74667.41,1776633453000
1776633455.274,155.274,0.2,0.21,0.79,0.8,0.01,0.01,74667.41,1776633454000
1776633455.611,155.611,0.2,0.21,0.79,0.8,0.01,0.01,74667.41,1776633454000
1776633455.988,155.988,0.2,0.21,0.79,0.8,0.01,0.01,74667.41,1776633454000
1776633456.505,156.505,0.2,0.21,0.79,0.8,0.01,0.01,74668.6,1776633455000
1776633457.302,157.302,0.2,0.21,0.79,0.8,0.01,0.01,74668.6,1776633455000
1776633457.972,157.972,0.2,0.21,0.79,0.8,0.01,0.01,74669.74,1776633457000
1776633458.442,158.442,0.16,0.17,0.83,0.84,0.01,0.01,74669.74,1776633457000
1776633458.837,158.837,0.16,0.17,0.83,0.84,0.01,0.01,74669.74,1776633457000
1776633459.188,159.188,0.16,0.17,0.83,0.84,0.01,0.01,74670.14,1776633458000
1776633460.32,160.32,0.16,0.17,0.83,0.84,0.01,0.01,74669.34,1776633459000
1776633460.853,160.853,0.15,0.16,0.83,0.85,0.01,0.02,74669.34,1776633459000
1776633461.192,161.192,0.13,0.14,0.86,0.87,0.01,0.01,74669.34,1776633459000
1776633461.561,161.561,0.12,0.13,0.87,0.88,0.01,0.01,74669.34,1776633459000
1776633461.985,161.985,0.12,0.13,0.87,0.88,0.01,0.01,74665.99,1776633460000
1776633462.621,162.621,0.12,0.13,0.87,0.88,0.01,0.01,74665.99,1776633460000
1776633463.043,163.043,0.12,0.13,0.87,0.88,0.01,0.01,74665.99,1776633460000
1776633463.479,163.479,0.12,0.13,0.87,0.88,0.01,0.01,74665.99,1776633460000
1776633463.859,163.859,0.12,0.13,0.87,0.88,0.01,0.01,74665.99,1776633460000
1776633464.391,164.391,0.12,0.13,0.87,0.88,0.01,0.01,74665.99,1776633460000
1776633464.76,164.76,0.12,0.13,0.87,0.88,0.01,0.01,74665.99,1776633460000
1776633465.71,165.71,0.12,0.13,0.87,0.88,0.01,0.01,74665.99,1776633460000
1776633466.053,166.053,0.12,0.13,0.87,0.88,0.01,0.01,74665.99,1776633460000
1776633466.792,166.792,0.12,0.13,0.87,0.88,0.01,0.01,74665.99,1776633460000
1776633467.158,167.158,0.11,0.13,0.87,0.88,0.02,0.01,74665.99,1776633460000
1776633467.644,167.644,0.12,0.13,0.87,0.89,0.01,0.02,74665.99,1776633460000
1776633467.986,167.986,0.12,0.13,0.87,0.88,0.01,0.01,74665.99,1776633460000
1776633468.427,168.427,0.12,0.13,0.87,0.88,0.01,0.01,74665.99,1776633460000
1776633468.891,168.891,0.12,0.13,0.87,0.88,0.01,0.01,74665.99,1776633460000
1776633469.245,169.245,0.12,0.13,0.86,0.88,0.01,0.02,74665.99,1776633460000
1776633469.709,169.709,0.12,0.13,0.87,0.88,0.01,0.01,74656.86,1776633468000
1776633470.175,170.175,0.12,0.13,0.87,0.88,0.01,0.01,74656.87,1776633469000
1776633470.857,170.857,0.12,0.13,0.87,0.88,0.01,0.01,74656.87,1776633469000
1776633471.625,171.625,0.12,0.13,0.87,0.88,0.01,0.01,74657.43,1776633470000
1776633471.984,171.984,0.13,0.14,0.86,0.87,0.01,0.01,74657.43,1776633470000
1776633472.4,172.4,0.13,0.14,0.86,0.87,0.01,0.01,74657.63,1776633471000
1776633472.886,172.886,0.13,0.14,0.86,0.87,0.01,0.01,74657.63,1776633471000
1776633473.662,173.662,0.13,0.14,0.86,0.87,0.01,0.01,74656.74,1776633472000
1776633474.022,174.022,0.13,0.14,0.86,0.87,0.01,0.01,74656.74,1776633472000
1776633474.466,174.466,0.13,0.14,0.86,0.87,0.01,0.01,74657.82,1776633473000
1776633475.104,175.104,0.12,0.13,0.86,0.88,0.01,0.02,74657.82,1776633473000
1776633475.669,175.669,0.12,0.13,0.87,0.88,0.01,0.01,74659.2,1776633474000
1776633476.959,176.959,0.11,0.13,0.87,0.88,0.02,0.01,74659.15,1776633475000
1776633477.314,177.314,0.11,0.12,0.87,0.89,0.01,0.02,74658.05,1776633476000
1776633477.651,177.651,0.11,0.12,0.88,0.89,0.01,0.01,74658.05,1776633476000
1776633477.988,177.988,0.11,0.12,0.88,0.89,0.01,0.01,74658.05,1776633476000
1776633478.442,178.442,0.11,0.12,0.88,0.89,0.01,0.01,74657.66,1776633477000
1776633479.057,179.057,0.11,0.12,0.88,0.89,0.01,0.01,74657.66,1776633477000
1776633479.725,179.725,0.11,0.12,0.88,0.89,0.01,0.01,74657.66,1776633478000
1776633480.102,180.102,0.11,0.12,0.88,0.89,0.01,0.01,74657.66,1776633478000
1776633480.467,180.467,0.11,0.12,0.88,0.89,0.01,0.01,74657.68,1776633479000
1776633481.217,181.217,0.09,0.1,0.88,0.91,0.01,0.03,74657.68,1776633479000
1776633481.58,181.58,0.09,0.1,0.9,0.91,0.01,0.01,74657.42,1776633480000
1776633482.104,182.104,0.09,0.1,0.9,0.91,0.01,0.01,74657.42,1776633480000
1776633482.468,182.468,0.09,0.1,0.9,0.91,0.01,0.01,74657.54,1776633481000
1776633482.854,182.854,0.09,0.1,0.9,0.91,0.01,0.01,74657.54,1776633481000
1776633483.249,183.249,0.09,0.1,0.9,0.91,0.01,0.01,74657.54,1776633482000
1776633483.624,183.624,0.07,0.08,0.91,0.93,0.01,0.02,74657.54,1776633482000
1776633483.958,183.958,0.07,0.08,0.92,0.93,0.01,0.01,74657.54,1776633482000
1776633484.318,184.318,0.06,0.07,0.93,0.94,0.01,0.01,74657.54,1776633482000
1776633484.666,184.666,0.05,0.06,0.94,0.95,0.01,0.01,74657.35,1776633483000
1776633485.013,185.013,0.05,0.06,0.94,0.95,0.01,0.01,74657.35,1776633483000
1776633485.349,185.349,0.05,0.06,0.94,0.95,0.01,0.01,74653.36,1776633484000
1776633485.712,185.712,0.05,0.06,0.94,0.96,0.01,0.02,74653.36,1776633484000
1776633486.292,186.292,0.05,0.06,0.94,0.95,0.01,0.01,74645.68,1776633485000
1776633486.784,186.784,0.05,0.06,0.94,0.95,0.01,0.01,74645.68,1776633485000
1776633487.48,187.48,0.05,0.06,0.94,0.95,0.01,0.01,74639.03,1776633486000
1776633487.87,187.87,0.05,0.06,0.94,0.95,0.01,0.01,74639.03,1776633486000
1776633488.278,188.278,0.05,0.06,0.94,0.97,0.01,0.03,74639.03,1776633486000
1776633488.758,188.758,0.05,0.06,0.94,0.95,0.01,0.01,74637.13,1776633487000
1776633489.283,189.283,0.04,0.05,0.95,0.96,0.01,0.01,74637.13,1776633487000
1776633489.689,189.689,0.04,0.05,0.95,0.96,0.01,0.01,74636.66,1776633488000
1776633490.208,190.208,0.04,0.05,0.95,0.96,0.01,0.01,74636.96,1776633489000
1776633490.598,190.598,0.04,0.05,0.95,0.96,0.01,0.01,74636.96,1776633489000
1776633491.044,191.044,0.04,0.05,0.95,0.96,0.01,0.01,74636.96,1776633489000
1776633491.386,191.386,0.04,0.05,0.95,0.96,0.01,0.01,74639.04,1776633490000
1776633491.73,191.73,0.04,0.05,0.95,0.96,0.01,0.01,74639.04,1776633490000
1776633492.438,192.438,0.04,0.05,0.95,0.96,0.01,0.01,74638.97,1776633491000
1776633492.854,192.854,0.04,0.05,0.95,0.96,0.01,0.01,74638.97,1776633491000
1776633493.275,193.275,0.04,0.05,0.95,0.96,0.01,0.01,74638.97,1776633491000
1776633493.666,193.666,0.04,0.05,0.95,0.96,0.01,0.01,74639.24,1776633492000
1776633494.011,194.011,0.04,0.05,0.95,0.96,0.01,0.01,74639.24,1776633493000
1776633494.543,194.543,0.04,0.05,0.95,0.96,0.01,0.01,74639.24,1776633493000
1776633495.066,195.066,0.04,0.05,0.95,0.96,0.01,0.01,74639.24,1776633493000
1776633495.731,195.731,0.04,0.05,0.95,0.96,0.01,0.01,74638.98,1776633494000
1776633496.389,196.389,0.04,0.05,0.95,0.96,0.01,0.01,74638.74,1776633495000
1776633497.013,197.013,0.03,0.05,0.95,0.96,0.02,0.01,74638.74,1776633495000
1776633497.451,197.451,0.04,0.05,0.95,0.96,0.01,0.01,74638.74,1776633495000
1776633497.85,197.85,0.04,0.05,0.95,0.96,0.01,0.01,74638.74,1776633495000
1776633498.197,198.197,0.03,0.04,0.95,0.97,0.01,0.02,74638.74,1776633495000
1776633498.553,198.553,0.03,0.04,0.96,0.97,0.01,0.01,74638.19,1776633497000
1776633499.595,199.595,0.03,0.04,0.96,0.97,0.01,0.01,74638.19,1776633497000
1776633500.099,200.099,0.03,0.04,0.96,0.97,0.01,0.01,74636.41,1776633498000
1776633500.457,200.457,0.03,0.04,0.96,0.97,0.01,0.01,74635.99,1776633499000
1776633500.808,200.808,0.03,0.04,0.96,0.97,0.01,0.01,74635.99,1776633499000
1776633501.488,201.488,0.03,0.05,0.96,0.97,0.02,0.01,74635.99,1776633499000
1776633501.852,201.852,0.03,0.04,0.96,0.97,0.01,0.01,74636.55,1776633500000
1776633502.592,202.592,0.03,0.04,0.96,0.97,0.01,0.01,74636.44,1776633501000
1776633503.416,203.416,0.03,0.04,0.96,0.97,0.01,0.01,74636.44,1776633501000
1776633503.881,203.881,0.03,0.04,0.96,0.97,0.01,0.01,74633.71,1776633502000
1776633504.227,204.227,0.03,0.04,0.96,0.97,0.01,0.01,74633.48,1776633503000
1776633504.661,204.661,0.03,0.04,0.96,0.97,0.01,0.01,74633.48,1776633503000
1776633505.336,205.336,0.03,0.04,0.96,0.97,0.01,0.01,74635.31,1776633504000
1776633505.936,205.936,0.03,0.04,0.96,0.97,0.01,0.01,74635.31,1776633504000
1776633506.337,206.337,0.03,0.04,0.96,0.97,0.01,0.01,74635.31,1776633505000
1776633507.08,207.08,0.03,0.04,0.96,0.97,0.01,0.01,74635.31,1776633505000
1776633507.49,207.49,0.03,0.04,0.96,0.97,0.01,0.01,74636.17,1776633506000
1776633508.076,208.076,0.03,0.04,0.96,0.97,0.01,0.01,74636.17,1776633506000
1776633508.44,208.44,0.03,0.04,0.96,0.97,0.01,0.01,74636.17,1776633506000
1776633509.173,209.173,0.03,0.04,0.96,0.97,0.01,0.01,74635.45,1776633508000
1776633510.345,210.345,0.03,0.04,0.96,0.97,0.01,0.01,74635.45,1776633508000
1776633511.036,211.036,0.03,0.04,0.96,0.97,0.01,0.01,74635.36,1776633510000
1776633511.516,211.516,0.03,0.19,0.96,0.97,0.16,0.01,74635.36,1776633510000
1776633511.956,211.956,0.07,0.08,0.92,0.97,0.01,0.05,74635.36,1776633510000
1776633512.313,212.313,0.06,0.08,0.92,0.93,0.02,0.01,74635.36,1776633510000
1776633512.657,212.657,0.06,0.07,0.93,0.94,0.01,0.01,74636.01,1776633511000
1776633513.033,213.033,0.06,0.07,0.93,0.94,0.01,0.01,74636.01,1776633512000
1776633513.379,213.379,0.06,0.07,0.93,0.94,0.01,0.01,74636.01,1776633512000
1776633513.781,213.781,0.06,0.07,0.93,0.94,0.01,0.01,74636.01,1776633512000
1776633514.221,214.221,0.06,0.07,0.93,0.94,0.01,0.01,74636.24,1776633513000
1776633514.602,214.602,0.05,0.06,0.93,0.95,0.01,0.02,74636.24,1776633513000
1776633514.951,214.951,0.05,0.06,0.94,0.95,0.01,0.01,74636.24,1776633513000
1776633515.293,215.293,0.04,0.05,0.95,0.96,0.01,0.01,74636.24,1776633513000
1776633515.644,215.644,0.03,0.04,0.95,0.97,0.01,0.02,74636.24,1776633513000
1776633515.993,215.993,0.03,0.04,0.96,0.97,0.01,0.01,74636.08,1776633514000
1776633516.387,216.387,0.02,0.03,0.97,0.98,0.01,0.01,74635.68,1776633515000
1776633516.854,216.854,0.02,0.03,0.97,0.98,0.01,0.01,74635.68,1776633515000
1776633517.305,217.305,0.02,0.03,0.97,0.98,0.01,0.01,74635.68,1776633515000
1776633517.775,217.775,0.02,0.03,0.97,0.98,0.01,0.01,74617.43,1776633516000
1776633518.119,218.119,0.02,0.03,0.97,0.98,0.01,0.01,74617.43,1776633516000
1776633518.535,218.535,0.02,0.03,0.97,0.98,0.01,0.01,74615.24,1776633517000
1776633518.93,218.93,0.02,0.03,0.97,0.98,0.01,0.01,74615.24,1776633517000
1776633519.399,219.399,0.02,0.03,0.97,0.98,0.01,0.01,74615.24,1776633517000
1776633519.78,219.78,0.02,0.03,0.97,0.98,0.01,0.01,74613.05,1776633518000
1776633520.182,220.182,0.02,0.03,0.97,0.98,0.01,0.01,74612.09,1776633519000
1776633520.704,220.704,0.02,0.03,0.97,0.98,0.01,0.01,74612.09,1776633519000
1776633521.121,221.121,0.02,0.03,0.97,0.99,0.01,0.02,74612.09,1776633519000
1776633521.475,221.475,0.02,0.03,0.97,0.98,0.01,0.01,74610.91,1776633520000
1776633521.827,221.827,0.02,0.03,0.97,0.98,0.01,0.01,74610.91,1776633520000
1776633522.183,222.183,0.02,0.03,0.97,0.98,0.01,0.01,74613.03,1776633521000
1776633522.572,222.572,0.02,0.03,0.97,0.98,0.01,0.01,74613.03,1776633521000
1776633522.928,222.928,0.02,0.03,0.97,0.98,0.01,0.01,74613.03,1776633521000
1776633523.274,223.274,0.02,0.03,0.97,0.98,0.01,0.01,74614.37,1776633522000
1776633523.622,223.622,0.02,0.03,0.97,0.98,0.01,0.01,74614.37,1776633522000
1776633523.972,223.972,0.02,0.03,0.97,0.98,0.01,0.01,74614.37,1776633522000
1776633524.314,224.314,0.02,0.03,0.97,0.98,0.01,0.01,74612.92,1776633523000
1776633524.987,224.987,0.02,0.03,0.97,0.98,0.01,0.01,74612.92,1776633523000
1776633525.501,225.501,0.02,0.03,0.97,0.98,0.01,0.01,74612.2,1776633524000
1776633525.884,225.884,0.02,0.03,0.97,0.98,0.01,0.01,74612.2,1776633524000
1776633526.308,226.308,0.02,0.03,0.97,0.98,0.01,0.01,74612.19,1776633525000
1776633526.665,226.665,0.02,0.03,0.97,0.98,0.01,0.01,74612.19,1776633525000
1776633527.214,227.214,0.02,0.03,0.97,0.98,0.01,0.01,74612.19,1776633525000
1776633527.566,227.566,0.03,0.04,0.96,0.98,0.01,0.02,74612.19,1776633526000
1776633527.958,227.958,0.03,0.04,0.96,0.97,0.01,0.01,74612.19,1776633526000
1776633528.389,228.389,0.03,0.04,0.96,0.97,0.01,0.01,74613.21,1776633527000
1776633528.754,228.754,0.03,0.04,0.96,0.97,0.01,0.01,74613.21,1776633527000
1776633529.273,229.273,0.03,0.04,0.96,0.97,0.01,0.01,74613.31,1776633528000
1776633529.916,229.916,0.03,0.04,0.96,0.97,0.01,0.01,74613.31,1776633528000
1776633530.415,230.415,0.03,0.04,0.96,0.97,0.01,0.01,74613.49,1776633529000
1776633530.989,230.989,0.03,0.04,0.96,0.97,0.01,0.01,74613.49,1776633530000
1776633531.406,231.406,0.03,0.04,0.96,0.97,0.01,0.01,74613.49,1776633530000
1776633531.909,231.909,0.03,0.04,0.96,0.97,0.01,0.01,74618.91,1776633531000
1776633532.272,232.272,0.03,0.04,0.96,0.97,0.01,0.01,74618.91,1776633531000
1776633532.89,232.89,0.03,0.04,0.96,0.97,0.01,0.01,74625.92,1776633532000
1776633533.59,233.59,0.03,0.04,0.96,0.97,0.01,0.01,74625.92,1776633532000
1776633534.234,234.234,0.03,0.04,0.96,0.97,0.01,0.01,74627.44,1776633533000
1776633534.572,234.572,0.03,0.04,0.96,0.97,0.01,0.01,74627.44,1776633533000
1776633535.025,235.025,0.03,0.04,0.96,0.97,0.01,0.01,74627.44,1776633533000
1776633535.383,235.383,0.03,0.04,0.96,0.97,0.01,0.01,74627.91,1776633534000
1776633535.936,235.936,0.03,0.04,0.96,0.97,0.01,0.01,74627.91,1776633534000
1776633536.315,236.315,0.03,0.04,0.96,0.97,0.01,0.01,74628.2,1776633535000
1776633536.668,236.668,0.03,0.04,0.96,0.97,0.01,0.01,74628.2,1776633535000
1776633537.307,237.307,0.03,0.04,0.96,0.97,0.01,0.01,74628.2,1776633535000
1776633537.733,237.733,0.03,0.04,0.96,0.97,0.01,0.01,74629.43,1776633536000
1776633538.135,238.135,0.03,0.04,0.96,0.97,0.01,0.01,74629.43,1776633536000
1776633538.65,238.65,0.03,0.04,0.96,0.97,0.01,0.01,74629.35,1776633537000
1776633539.163,239.163,0.03,0.04,0.96,0.97,0.01,0.01,74629.35,1776633537000
1776633539.654,239.654,0.03,0.04,0.96,0.97,0.01,0.01,74628.92,1776633538000
1776633540.012,240.012,0.03,0.04,0.96,0.97,0.01,0.01,74628.92,1776633538000
1776633540.35,240.35,0.03,0.04,0.96,0.97,0.01,0.01,74628.92,1776633538000
1776633540.683,240.683,0.02,0.03,0.96,0.97,0.01,0.01,74627.91,1776633539000
1776633541.027,241.027,0.02,0.03,0.97,0.98,0.01,0.01,74625.19,1776633540000
1776633541.376,241.376,0.01,0.03,0.97,0.98,0.02,0.01,74625.19,1776633540000
1776633541.764,241.764,0.01,0.02,0.98,0.99,0.01,0.01,74625.19,1776633540000
1776633542.098,242.098,0.01,0.02,0.98,0.99,0.01,0.01,74620.79,1776633541000
1776633542.531,242.531,0.01,0.02,0.98,0.99,0.01,0.01,74620.79,1776633541000
1776633542.868,242.868,0.01,0.02,0.98,0.99,0.01,0.01,74620.79,1776633541000
1776633543.218,243.218,0.011,0.02,0.98,0.987,0.009,0.007,74620.79,1776633541000
1776633543.576,243.576,0.01,0.02,0.98,0.99,0.01,0.01,74620.79,1776633541000
1776633543.927,243.927,0.01,0.018,0.982,0.99,0.008,0.008,74620.41,1776633542000
1776633544.295,244.295,0.01,0.019,0.981,0.99,0.009,0.009,74620.41,1776633542000
1776633544.638,244.638,0.01,0.019,0.981,0.99,0.009,0.009,74620.25,1776633543000
1776633545.047,245.047,0.01,0.019,0.981,0.99,0.009,0.009,74620.25,1776633543000
1776633545.424,245.424,0.01,0.019,0.98,0.99,0.009,0.01,74620.25,1776633543000
1776633545.801,245.801,0.01,0.018,0.982,0.99,0.008,0.008,74616.56,1776633544000
1776633546.142,246.142,0.01,0.018,0.982,0.99,0.008,0.008,74616.56,1776633544000
1776633546.573,246.573,0.01,0.017,0.983,0.99,0.007,0.007,74611.64,1776633545000
1776633546.958,246.958,0.01,0.017,0.983,0.99,0.007,0.007,74611.64,1776633545000
1776633547.299,247.299,0.01,0.017,0.983,0.99,0.007,0.007,74611.64,1776633545000
1776633547.834,247.834,0.01,0.017,0.983,0.99,0.007,0.007,74611.64,1776633545000
1776633548.169,248.169,0.01,0.017,0.983,0.99,0.007,0.007,74604.96,1776633546000
1776633548.584,248.584,0.01,0.017,0.983,0.99,0.007,0.007,74604.96,1776633546000
1776633549.08,249.08,0.01,0.017,0.983,0.99,0.007,0.007,74604.96,1776633546000
1776633549.443,249.443,0.01,0.016,0.984,0.99,0.006,0.006,74602.05,1776633548000
1776633549.827,249.827,0.01,0.016,0.984,0.99,0.006,0.006,74602.05,1776633548000
1776633550.25,250.25,0.01,0.016,0.984,0.99,0.006,0.006,74602.05,1776633548000
1776633550.643,250.643,0.01,0.016,0.984,0.99,0.006,0.006,74602.05,1776633548000
1776633550.976,250.976,0.01,0.016,0.984,0.99,0.006,0.006,74602.05,1776633548000
1776633551.501,251.501,0.01,0.016,0.984,0.99,0.006,0.006,74602.05,1776633548000
1776633551.974,251.974,0.01,0.017,0.983,0.99,0.007,0.007,74602.05,1776633548000
1776633552.577,252.577,0.01,0.017,0.983,0.99,0.007,0.007,74602.05,1776633548000
1776633552.91,252.91,0.01,0.014,0.983,0.99,0.004,0.007,74601.97,1776633551000
1776633553.265,253.265,0.01,0.014,0.986,0.99,0.004,0.004,74601.77,1776633552000
1776633553.639,253.639,0.011,0.014,0.986,0.99,0.003,0.004,74601.77,1776633552000
1776633554.122,254.122,0.009,0.01,0.99,0.991,0.001,0.001,74601.77,1776633552000
1776633554.487,254.487,0.008,0.01,0.99,0.991,0.002,0.001,74602.13,1776633553000
1776633554.974,254.974,0.014,0.02,0.98,0.99,0.006,0.01,74602.13,1776633553000
1776633555.315,255.315,0.01,0.02,0.98,0.99,0.01,0.01,74602.13,1776633553000
1776633555.917,255.917,0.008,0.009,0.991,0.992,0.001,0.001,74610.4,1776633555000
1776633556.401,256.401,0.007,0.01,0.99,0.992,0.003,0.002,74610.4,1776633555000
1776633557.015,257.015,0.008,0.01,0.99,0.993,0.002,0.003,74610.4,1776633555000
1776633557.405,257.405,0.009,0.01,0.99,0.991,0.001,0.001,74610.59,1776633556000
1776633557.77,257.77,0.009,0.01,0.99,0.991,0.001,0.001,74610.59,1776633556000
1776633558.206,258.206,0.009,0.01,0.99,0.991,0.001,0.001,74610.59,1776633556000
1776633558.778,258.778,0.007,0.01,0.99,0.993,0.003,0.003,74610.75,1776633557000
1776633559.165,259.165,0.009,0.01,0.99,0.991,0.001,0.001,74611.11,1776633558000
1776633559.5,259.5,0.004,0.01,0.99,0.998,0.006,0.008,74611.11,1776633558000
1776633560.187,260.187,0.007,0.01,0.99,0.993,0.003,0.003,74620.46,1776633559000
1776633560.632,260.632,0.007,0.009,0.991,0.993,0.002,0.002,74620.46,1776633559000
1776633561.021,261.021,0.007,0.009,0.991,0.993,0.002,0.002,74620.46,1776633559000
1776633561.364,261.364,0.007,0.009,0.991,0.993,0.002,0.002,74620.46,1776633559000
1776633561.862,261.862,0.007,0.009,0.991,0.993,0.002,0.002,74624.43,1776633560000
1776633562.432,262.432,0.007,0.009,0.991,0.993,0.002,0.002,74625.83,1776633561000
1776633563.239,263.239,0.006,0.009,0.991,0.994,0.003,0.003,74625.83,1776633561000
1776633563.923,263.923,0.005,0.009,0.991,0.995,0.004,0.004,74625.93,1776633562000
1776633564.333,264.333,0.005,0.009,0.991,0.995,0.004,0.004,74626.1,1776633563000
1776633564.782,264.782,0.004,0.005,0.991,0.995,0.001,0.004,74626.1,1776633563000
1776633565.511,265.511,0.004,0.005,0.995,0.996,0.001,0.001,74626.25,1776633564000
1776633565.933,265.933,0.004,0.005,0.995,0.996,0.001,0.001,74626.25,1776633565000
1776633566.396,266.396,0.004,0.005,0.995,0.996,0.001,0.001,74626.25,1776633565000
1776633567.406,267.406,0.003,0.009,0.995,0.996,0.006,0.001,74626.25,1776633565000
1776633567.744,267.744,0.003,0.009,0.991,0.997,0.006,0.006,74628.5,1776633566000
1776633568.104,268.104,0.003,0.009,0.991,0.997,0.006,0.006,74628.5,1776633566000
1776633568.76,268.76,0.003,0.009,0.991,0.997,0.006,0.006,74628.5,1776633566000
1776633569.237,269.237,0.004,0.009,0.991,0.997,0.005,0.006,74628.97,1776633567000
1776633569.615,269.615,0.006,0.009,0.991,0.996,0.003,0.005,74628.97,1776633567000
1776633570.01,270.01,0.008,0.009,0.991,0.992,0.001,0.001,74628.97,1776633567000
1776633570.374,270.374,0.008,0.009,0.991,0.992,0.001,0.001,74628.35,1776633568000
1776633570.788,270.788,0.007,0.01,0.99,0.993,0.003,0.003,74628.35,1776633568000
1776633571.141,271.141,0.002,0.01,0.99,0.998,0.008,0.008,74628.85,1776633569000
1776633571.498,271.498,0.002,0.01,0.99,0.998,0.008,0.008,74628.85,1776633569000
1776633572.669,272.669,0.002,0.01,0.99,0.998,0.008,0.008,74646.55,1776633571000
1776633573.286,273.286,0.002,0.01,0.99,0.998,0.008,0.008,74646.55,1776633571000
1776633573.676,273.676,0.001,0.01,0.99,0.998,0.009,0.008,74647.72,1776633572000
1776633574.151,274.151,0.001,0.01,0.99,0.999,0.009,0.009,74647.3,1776633573000
1776633574.842,274.842,0.001,0.01,0.99,0.999,0.009,0.009,74647.3,1776633573000
1776633575.62,275.62,0.001,0.01,0.99,0.999,0.009,0.009,74645.64,1776633574000
1776633576.335,276.335,0.001,0.01,0.99,0.999,0.009,0.009,74645.64,1776633575000
1776633576.848,276.848,0.001,0.01,0.99,0.999,0.009,0.009,74645.64,1776633575000
1776633577.567,277.567,0.001,0.01,0.99,0.999,0.009,0.009,74645.91,1776633576000
1776633578.242,278.242,0.001,0.01,0.99,0.999,0.009,0.009,74645.91,1776633576000
1776633578.674,278.674,0.001,0.01,0.99,0.999,0.009,0.009,74648.51,1776633577000
1776633579.213,279.213,0.001,0.01,0.99,0.999,0.009,0.009,74653.46,1776633578000
1776633579.592,279.592,0.001,0.01,0.99,0.999,0.009,0.009,74653.46,1776633578000
1776633579.971,279.971,0.001,0.01,0.99,0.999,0.009,0.009,74653.46,1776633578000
1776633580.454,280.454,0.001,0.01,0.99,0.999,0.009,0.009,74653.46,1776633578000
1776633580.879,280.879,0.001,0.01,0.998,0.999,0.009,0.001,74655.12,1776633579000
1776633581.231,281.231,0.008,0.01,0.99,0.992,0.002,0.002,74655.12,1776633579000
1776633581.921,281.921,0.008,0.001,0.999,0.992,-0.007,-0.007,74655.12,1776633580000
1776633582.272,282.272,0.008,0.001,0.999,0.992,-0.007,-0.007,74655.12,1776633580000
1776633582.853,282.853,0.008,0.01,0.99,0.992,0.002,0.002,74658.49,1776633581000
1776633583.23,283.23,0.008,0.01,0.99,0.992,0.002,0.002,74658.49,1776633581000
1776633583.598,283.598,0.008,0.01,0.99,0.992,0.002,0.002,74657.06,1776633582000
1776633584.303,284.303,0.008,0.01,0.99,0.992,0.002,0.002,74652.07,1776633583000
1776633584.904,284.904,0.008,0.01,0.99,0.992,0.002,0.002,74652.07,1776633583000
1776633585.572,285.572,0.001,0.01,0.99,0.992,0.009,0.002,74652.07,1776633583000
1776633585.912,285.912,0.001,0.01,0.99,0.999,0.009,0.009,74655.63,1776633584000
1776633586.474,286.474,0.001,0.01,0.99,0.999,0.009,0.009,74657.27,1776633585000
1776633586.922,286.922,0.001,0.01,0.99,0.999,0.009,0.009,74657.27,1776633585000
1776633587.477,287.477,0.001,0.01,0.99,0.999,0.009,0.009,74657.36,1776633586000
1776633587.931,287.931,0.001,0.01,0.99,0.999,0.009,0.009,74657.36,1776633586000
1776633588.945,288.945,0.001,0.01,0.99,0.999,0.009,0.009,74664.23,1776633587000
1776633589.329,289.329,0.001,0.01,0.99,0.999,0.009,0.009,74664.23,1776633587000
1776633589.943,289.943,0.001,0.01,0.99,0.999,0.009,0.009,74656.89,1776633588000
1776633590.412,290.412,0.001,0.01,0.99,0.999,0.009,0.009,74655.25,1776633589000
1776633590.954,290.954,0.001,0.01,0.99,0.999,0.009,0.009,74655.25,1776633590000
1776633591.333,291.333,0.001,0.01,0.99,0.999,0.009,0.009,74655.25,1776633590000
1776633591.814,291.814,0.001,0.01,0.99,0.999,0.009,0.009,74655.25,1776633590000
1776633592.899,292.899,0.001,0.01,0.999,0.999,0.009,0.0,74655.26,1776633591000
1776633593.289,293.289,0.001,0.01,0.99,0.999,0.009,0.009,74655.25,1776633592000
1776633593.983,293.983,0.001,0.01,0.99,0.999,0.009,0.009,74655.25,1776633592000
1776633594.659,294.659,0.001,0.01,0.99,0.999,0.009,0.009,74655.14,1776633593000
1776633595.25,295.25,0.001,0.01,0.99,0.999,0.009,0.009,74655.21,1776633594000
1776633596.156,296.156,0.001,0.009,0.991,0.999,0.008,0.008,74654.91,1776633595000
1776633596.591,296.591,0.001,0.001,0.991,0.999,0.0,0.008,74654.91,1776633595000
1776633597.447,297.447,0.001,0.001,0.999,0.999,0.0,0.0,74655.1,1776633596000
1776633598.013,298.013,0.001,0.001,0.999,0.999,0.0,0.0,74655.1,1776633596000
1776633599.111,299.111,0.001,0.001,0.999,0.999,0.0,0.0,74655.16,1776633598000
1776633600.235,300.235,0.001,0.001,0.999,0.999,0.0,0.0,74655.25,1776633599000
1776633600.8,300.8,0.001,0.001,0.999,0.999,0.0,0.0,74655.25,1776633599000

# RESULT,winner=Down,slug=btc-updown-5m-1776633300,ticks=629
