timestamp,elapsed_sec,up_bid,up_ask,down_bid,down_ask,up_spread,down_spread,btc_price,btc_oracle_ts
1776426600.663,0.663,0.49,0.5,0.5,0.51,0.01,0.01,75489.99,1776426599000
1776426601.171,1.171,0.49,0.5,0.5,0.51,0.01,0.01,75490.03,1776426600000
1776426601.556,1.556,0.49,0.5,0.5,0.51,0.01,0.01,75490.03,1776426600000
1776426601.969,1.969,0.49,0.5,0.5,0.51,0.01,0.01,75490.03,1776426600000
1776426602.315,2.315,0.48,0.49,0.5,0.52,0.01,0.02,75490.04,1776426601000
1776426602.805,2.805,0.49,0.5,0.51,0.52,0.01,0.01,75490.04,1776426601000
1776426603.586,3.586,0.49,0.5,0.5,0.51,0.01,0.01,75493.91,1776426602000
1776426603.967,3.967,0.49,0.5,0.5,0.51,0.01,0.01,75490.74,1776426603000
1776426604.336,4.336,0.49,0.5,0.5,0.51,0.01,0.01,75490.74,1776426603000
1776426604.756,4.756,0.49,0.5,0.5,0.51,0.01,0.01,75490.74,1776426603000
1776426605.1,5.1,0.5,0.51,0.49,0.5,0.01,0.01,75490.98,1776426604000
1776426605.477,5.477,0.5,0.51,0.49,0.5,0.01,0.01,75490.98,1776426604000
1776426605.926,5.926,0.5,0.51,0.49,0.5,0.01,0.01,75490.98,1776426604000
1776426606.398,6.398,0.5,0.51,0.49,0.5,0.01,0.01,75490.99,1776426605000
1776426606.747,6.747,0.5,0.52,0.49,0.5,0.02,0.01,75490.99,1776426605000
1776426607.741,7.741,0.51,0.52,0.48,0.49,0.01,0.01,75491.3,1776426606000
1776426608.151,8.151,0.51,0.52,0.48,0.49,0.01,0.01,75491.3,1776426606000
1776426608.795,8.795,0.51,0.52,0.48,0.49,0.01,0.01,75491.28,1776426607000
1776426609.292,9.292,0.51,0.52,0.48,0.49,0.01,0.01,75491.29,1776426608000
1776426609.661,9.661,0.51,0.52,0.48,0.49,0.01,0.01,75491.29,1776426608000
1776426610.001,10.001,0.5,0.51,0.49,0.5,0.01,0.01,75491.29,1776426608000
1776426610.424,10.424,0.5,0.51,0.49,0.5,0.01,0.01,75491.24,1776426609000
1776426610.829,10.829,0.49,0.5,0.49,0.5,0.01,0.01,75491.24,1776426609000
1776426611.177,11.177,0.49,0.5,0.5,0.51,0.01,0.01,75490.22,1776426610000
1776426611.613,11.613,0.49,0.5,0.5,0.51,0.01,0.01,75490.22,1776426610000
1776426612.072,12.072,0.49,0.5,0.5,0.51,0.01,0.01,75490.22,1776426610000
1776426612.411,12.411,0.49,0.5,0.5,0.51,0.01,0.01,75489.92,1776426611000
1776426612.856,12.856,0.49,0.5,0.5,0.51,0.01,0.01,75489.92,1776426611000
1776426613.233,13.233,0.49,0.5,0.5,0.51,0.01,0.01,75489.92,1776426611000
1776426613.803,13.803,0.49,0.5,0.5,0.51,0.01,0.01,75489.93,1776426612000
1776426614.199,14.199,0.49,0.5,0.5,0.51,0.01,0.01,75490.01,1776426613000
1776426614.609,14.609,0.49,0.5,0.5,0.51,0.01,0.01,75490.01,1776426613000
1776426614.972,14.972,0.49,0.5,0.5,0.51,0.01,0.01,75490.01,1776426613000
1776426615.623,15.623,0.49,0.5,0.5,0.51,0.01,0.01,75489.97,1776426614000
1776426616.258,16.258,0.49,0.5,0.5,0.51,0.01,0.01,75489.97,1776426615000
1776426616.903,16.903,0.49,0.5,0.5,0.51,0.01,0.01,75489.97,1776426615000
1776426617.271,17.271,0.49,0.5,0.5,0.51,0.01,0.01,75489.97,1776426616000
1776426618.333,18.333,0.49,0.5,0.5,0.51,0.01,0.01,75489.97,1776426617000
1776426618.901,18.901,0.49,0.5,0.5,0.51,0.01,0.01,75489.97,1776426617000
1776426619.355,19.355,0.49,0.5,0.5,0.51,0.01,0.01,75489.97,1776426618000
1776426619.886,19.886,0.49,0.5,0.5,0.51,0.01,0.01,75489.97,1776426618000
1776426620.335,20.335,0.49,0.5,0.5,0.51,0.01,0.01,75489.97,1776426619000
1776426620.677,20.677,0.49,0.5,0.5,0.51,0.01,0.01,75489.97,1776426619000
1776426621.18,21.18,0.49,0.5,0.5,0.51,0.01,0.01,75489.97,1776426619000
1776426621.542,21.542,0.48,0.49,0.5,0.52,0.01,0.02,75489.97,1776426619000
1776426622.098,22.098,0.48,0.49,0.51,0.52,0.01,0.01,75491.26,1776426620000
1776426622.455,22.455,0.48,0.49,0.51,0.52,0.01,0.01,75491.26,1776426620000
1776426622.844,22.844,0.48,0.49,0.51,0.52,0.01,0.01,75493.0,1776426621000
1776426623.543,23.543,0.48,0.49,0.51,0.52,0.01,0.01,75493.84,1776426622000
1776426624.071,24.071,0.48,0.49,0.51,0.52,0.01,0.01,75490.07,1776426623000
1776426624.81,24.81,0.48,0.49,0.51,0.52,0.01,0.01,75490.07,1776426623000
1776426625.151,25.151,0.48,0.49,0.51,0.52,0.01,0.01,75490.07,1776426623000
1776426625.992,25.992,0.48,0.49,0.51,0.52,0.01,0.01,75489.91,1776426625000
1776426626.828,26.828,0.48,0.49,0.51,0.52,0.01,0.01,75489.91,1776426625000
1776426627.191,27.191,0.48,0.49,0.51,0.52,0.01,0.01,75489.91,1776426626000
1776426627.8,27.8,0.48,0.49,0.51,0.52,0.01,0.01,75489.91,1776426626000
1776426628.276,28.276,0.48,0.49,0.51,0.52,0.01,0.01,75489.91,1776426626000
1776426628.629,28.629,0.48,0.49,0.51,0.52,0.01,0.01,75489.24,1776426627000
1776426628.971,28.971,0.48,0.49,0.51,0.52,0.01,0.01,75489.24,1776426628000
1776426629.462,29.462,0.48,0.49,0.51,0.52,0.01,0.01,75489.24,1776426628000
1776426629.848,29.848,0.48,0.49,0.51,0.52,0.01,0.01,75489.24,1776426628000
1776426630.394,30.394,0.48,0.49,0.51,0.52,0.01,0.01,75490.42,1776426629000
1776426630.734,30.734,0.48,0.49,0.51,0.52,0.01,0.01,75490.42,1776426629000
1776426631.348,31.348,0.48,0.49,0.51,0.52,0.01,0.01,75490.42,1776426629000
1776426632.058,32.058,0.48,0.49,0.51,0.52,0.01,0.01,75489.16,1776426630000
1776426632.614,32.614,0.48,0.49,0.51,0.52,0.01,0.01,75489.21,1776426631000
1776426632.991,32.991,0.48,0.49,0.51,0.52,0.01,0.01,75489.21,1776426632000
1776426633.512,33.512,0.48,0.49,0.51,0.52,0.01,0.01,75489.21,1776426632000
1776426634.173,34.173,0.48,0.49,0.51,0.52,0.01,0.01,75489.21,1776426632000
1776426634.593,34.593,0.48,0.49,0.51,0.52,0.01,0.01,75489.21,1776426633000
1776426635.459,35.459,0.48,0.49,0.51,0.52,0.01,0.01,75488.73,1776426634000
1776426635.882,35.882,0.48,0.49,0.51,0.52,0.01,0.01,75488.73,1776426634000
1776426636.261,36.261,0.48,0.49,0.51,0.52,0.01,0.01,75488.73,1776426635000
1776426636.928,36.928,0.48,0.49,0.51,0.52,0.01,0.01,75488.73,1776426635000
1776426637.415,37.415,0.48,0.49,0.51,0.52,0.01,0.01,75488.7,1776426636000
1776426637.754,37.754,0.48,0.49,0.51,0.52,0.01,0.01,75488.7,1776426636000
1776426638.118,38.118,0.48,0.49,0.51,0.52,0.01,0.01,75488.7,1776426636000
1776426638.661,38.661,0.48,0.49,0.51,0.52,0.01,0.01,75488.78,1776426637000
1776426639.067,39.067,0.48,0.5,0.5,0.52,0.02,0.02,75488.78,1776426638000
1776426639.412,39.412,0.5,0.52,0.49,0.51,0.02,0.02,75488.78,1776426638000
1776426639.822,39.822,0.53,0.54,0.46,0.48,0.01,0.02,75488.78,1776426638000
1776426640.218,40.218,0.54,0.55,0.45,0.46,0.01,0.01,75488.77,1776426639000
1776426640.611,40.611,0.54,0.55,0.45,0.46,0.01,0.01,75488.77,1776426639000
1776426640.975,40.975,0.54,0.55,0.45,0.46,0.01,0.01,75488.77,1776426639000
1776426641.339,41.339,0.54,0.55,0.45,0.46,0.01,0.01,75495.97,1776426640000
1776426641.725,41.725,0.54,0.55,0.45,0.46,0.01,0.01,75495.97,1776426640000
1776426642.195,42.195,0.54,0.55,0.45,0.46,0.01,0.01,75495.97,1776426640000
1776426642.593,42.593,0.54,0.55,0.45,0.46,0.01,0.01,75499.29,1776426641000
1776426643.023,43.023,0.54,0.55,0.45,0.46,0.01,0.01,75499.7,1776426642000
1776426643.456,43.456,0.55,0.56,0.44,0.45,0.01,0.01,75499.7,1776426642000
1776426643.791,43.791,0.55,0.56,0.44,0.45,0.01,0.01,75499.7,1776426642000
1776426644.175,44.175,0.55,0.56,0.44,0.45,0.01,0.01,75495.31,1776426643000
1776426644.877,44.877,0.55,0.56,0.44,0.45,0.01,0.01,75495.31,1776426643000
1776426645.271,45.271,0.55,0.56,0.44,0.45,0.01,0.01,75495.58,1776426644000
1776426645.681,45.681,0.55,0.56,0.44,0.45,0.01,0.01,75495.58,1776426644000
1776426646.245,46.245,0.56,0.58,0.43,0.45,0.02,0.02,75495.58,1776426644000
1776426646.579,46.579,0.59,0.65,0.39,0.41,0.06,0.02,75498.22,1776426645000
1776426646.966,46.966,0.63,0.66,0.33,0.37,0.03,0.04,75498.22,1776426645000
1776426647.37,47.37,0.64,0.65,0.35,0.36,0.01,0.01,75498.22,1776426645000
1776426647.706,47.706,0.64,0.65,0.35,0.36,0.01,0.01,75498.22,1776426646000
1776426648.049,48.049,0.64,0.65,0.35,0.36,0.01,0.01,75507.8,1776426647000
1776426648.421,48.421,0.64,0.65,0.35,0.36,0.01,0.01,75507.8,1776426647000
1776426648.773,48.773,0.64,0.65,0.35,0.36,0.01,0.01,75507.8,1776426647000
1776426649.109,49.109,0.64,0.65,0.35,0.36,0.01,0.01,75507.22,1776426648000
1776426649.59,49.59,0.63,0.64,0.36,0.37,0.01,0.01,75507.22,1776426648000
1776426649.982,49.982,0.63,0.64,0.36,0.37,0.01,0.01,75507.22,1776426648000
1776426650.576,50.576,0.62,0.63,0.37,0.38,0.01,0.01,75507.31,1776426649000
1776426651.276,51.276,0.62,0.63,0.37,0.38,0.01,0.01,75507.31,1776426649000
1776426651.636,51.636,0.6,0.62,0.38,0.4,0.02,0.02,75507.31,1776426649000
1776426652.004,52.004,0.6,0.61,0.39,0.4,0.01,0.01,75506.96,1776426650000
1776426652.351,52.351,0.6,0.61,0.39,0.4,0.01,0.01,75506.96,1776426650000
1776426652.69,52.69,0.6,0.61,0.39,0.4,0.01,0.01,75506.96,1776426651000
1776426653.144,53.144,0.6,0.61,0.39,0.4,0.01,0.01,75506.96,1776426651000
1776426653.537,53.537,0.6,0.61,0.39,0.4,0.01,0.01,75506.94,1776426652000
1776426653.907,53.907,0.61,0.62,0.38,0.39,0.01,0.01,75506.94,1776426652000
1776426654.246,54.246,0.61,0.62,0.38,0.39,0.01,0.01,75506.94,1776426652000
1776426654.582,54.582,0.61,0.62,0.37,0.39,0.01,0.02,75506.94,1776426652000
1776426655.27,55.27,0.61,0.62,0.38,0.39,0.01,0.01,75506.82,1776426654000
1776426655.733,55.733,0.61,0.62,0.38,0.39,0.01,0.01,75506.82,1776426654000
1776426656.131,56.131,0.61,0.62,0.38,0.39,0.01,0.01,75506.82,1776426654000
1776426656.651,56.651,0.61,0.62,0.38,0.39,0.01,0.01,75506.94,1776426655000
1776426657.053,57.053,0.62,0.65,0.35,0.38,0.03,0.03,75506.94,1776426656000
1776426657.387,57.387,0.64,0.65,0.35,0.36,0.01,0.01,75506.94,1776426656000
1776426657.739,57.739,0.65,0.66,0.33,0.35,0.01,0.02,75506.94,1776426656000
1776426658.082,58.082,0.65,0.66,0.34,0.35,0.01,0.01,75506.94,1776426656000
1776426658.76,58.76,0.66,0.67,0.33,0.35,0.01,0.02,75506.94,1776426657000
1776426659.158,59.158,0.66,0.67,0.33,0.34,0.01,0.01,75506.94,1776426657000
1776426659.525,59.525,0.66,0.67,0.33,0.34,0.01,0.01,75508.36,1776426658000
1776426659.863,59.863,0.66,0.67,0.33,0.34,0.01,0.01,75508.36,1776426658000
1776426660.385,60.385,0.66,0.68,0.33,0.34,0.02,0.01,75512.05,1776426659000
1776426660.733,60.733,0.67,0.68,0.32,0.33,0.01,0.01,75512.05,1776426659000
1776426661.092,61.092,0.67,0.68,0.32,0.33,0.01,0.01,75512.05,1776426659000
1776426661.433,61.433,0.67,0.68,0.32,0.33,0.01,0.01,75509.34,1776426660000
1776426661.789,61.789,0.67,0.68,0.32,0.33,0.01,0.01,75509.34,1776426660000
1776426662.355,62.355,0.67,0.68,0.32,0.33,0.01,0.01,75509.34,1776426660000
1776426662.709,62.709,0.67,0.68,0.32,0.33,0.01,0.01,75509.48,1776426661000
1776426663.117,63.117,0.67,0.68,0.32,0.33,0.01,0.01,75509.48,1776426662000
1776426663.463,63.463,0.67,0.68,0.32,0.33,0.01,0.01,75509.48,1776426662000
1776426663.868,63.868,0.67,0.68,0.32,0.33,0.01,0.01,75509.48,1776426662000
1776426664.235,64.235,0.67,0.68,0.32,0.33,0.01,0.01,75509.8,1776426663000
1776426664.572,64.572,0.67,0.68,0.32,0.33,0.01,0.01,75509.8,1776426663000
1776426665.238,65.238,0.67,0.68,0.32,0.33,0.01,0.01,75509.8,1776426663000
1776426665.731,65.731,0.67,0.68,0.32,0.33,0.01,0.01,75509.81,1776426664000
1776426666.207,66.207,0.67,0.68,0.32,0.33,0.01,0.01,75509.81,1776426664000
1776426666.601,66.601,0.68,0.69,0.31,0.32,0.01,0.01,75509.91,1776426665000
1776426666.974,66.974,0.68,0.69,0.31,0.32,0.01,0.01,75509.91,1776426665000
1776426667.547,67.547,0.68,0.69,0.31,0.32,0.01,0.01,75509.96,1776426666000
1776426668.202,68.202,0.68,0.69,0.31,0.32,0.01,0.01,75509.96,1776426666000
1776426668.573,68.573,0.68,0.69,0.31,0.32,0.01,0.01,75509.99,1776426667000
1776426669.315,69.315,0.68,0.69,0.31,0.32,0.01,0.01,75509.99,1776426668000
1776426669.916,69.916,0.68,0.69,0.31,0.32,0.01,0.01,75509.99,1776426668000
1776426670.443,70.443,0.68,0.69,0.31,0.32,0.01,0.01,75509.99,1776426668000
1776426670.834,70.834,0.68,0.69,0.31,0.32,0.01,0.01,75509.99,1776426669000
1776426671.503,71.503,0.68,0.69,0.31,0.32,0.01,0.01,75509.99,1776426670000
1776426672.091,72.091,0.68,0.69,0.31,0.32,0.01,0.01,75509.97,1776426671000
1776426672.834,72.834,0.68,0.69,0.31,0.32,0.01,0.01,75509.97,1776426671000
1776426673.222,73.222,0.68,0.69,0.31,0.32,0.01,0.01,75509.98,1776426672000
1776426673.619,73.619,0.68,0.69,0.31,0.32,0.01,0.01,75509.98,1776426672000
1776426674.034,74.034,0.68,0.69,0.31,0.32,0.01,0.01,75509.98,1776426672000
1776426674.569,74.569,0.68,0.69,0.31,0.32,0.01,0.01,75509.99,1776426673000
1776426675.024,75.024,0.68,0.69,0.31,0.32,0.01,0.01,75509.99,1776426673000
1776426675.38,75.38,0.68,0.69,0.31,0.32,0.01,0.01,75509.99,1776426673000
1776426675.871,75.871,0.68,0.69,0.31,0.32,0.01,0.01,75510.0,1776426674000
1776426676.222,76.222,0.68,0.69,0.31,0.32,0.01,0.01,75510.0,1776426675000
1776426676.751,76.751,0.68,0.69,0.31,0.32,0.01,0.01,75510.0,1776426675000
1776426677.19,77.19,0.68,0.69,0.31,0.32,0.01,0.01,75509.97,1776426676000
1776426677.664,77.664,0.7,0.71,0.31,0.32,0.01,0.01,75509.97,1776426676000
1776426678.109,78.109,0.73,0.74,0.25,0.29,0.01,0.04,75509.97,1776426676000
1776426678.444,78.444,0.73,0.76,0.24,0.27,0.03,0.03,75510.05,1776426677000
1776426678.792,78.792,0.75,0.77,0.23,0.24,0.02,0.01,75510.05,1776426677000
1776426679.174,79.174,0.76,0.78,0.22,0.24,0.02,0.02,75510.05,1776426677000
1776426679.519,79.519,0.78,0.79,0.21,0.22,0.01,0.01,75515.19,1776426678000
1776426679.854,79.854,0.79,0.81,0.2,0.22,0.02,0.02,75515.19,1776426678000
1776426680.241,80.241,0.79,0.8,0.2,0.21,0.01,0.01,75528.54,1776426679000
1776426680.599,80.599,0.79,0.8,0.2,0.21,0.01,0.01,75528.54,1776426679000
1776426680.933,80.933,0.78,0.79,0.2,0.22,0.01,0.02,75528.54,1776426679000
1776426681.353,81.353,0.78,0.79,0.21,0.22,0.01,0.01,75528.54,1776426679000
1776426681.78,81.78,0.78,0.79,0.21,0.22,0.01,0.01,75528.54,1776426679000
1776426682.136,82.136,0.78,0.79,0.21,0.22,0.01,0.01,75530.8,1776426680000
1776426682.474,82.474,0.78,0.79,0.21,0.22,0.01,0.01,75530.8,1776426681000
1776426682.822,82.822,0.77,0.79,0.21,0.23,0.02,0.02,75530.8,1776426681000
1776426683.185,83.185,0.77,0.78,0.22,0.23,0.01,0.01,75530.8,1776426682000
1776426683.658,83.658,0.77,0.78,0.22,0.23,0.01,0.01,75530.8,1776426682000
1776426684.071,84.071,0.77,0.78,0.22,0.23,0.01,0.01,75530.8,1776426682000
1776426684.542,84.542,0.78,0.79,0.21,0.22,0.01,0.01,75529.59,1776426683000
1776426685.184,85.184,0.78,0.79,0.21,0.22,0.01,0.01,75529.59,1776426683000
1776426685.523,85.523,0.8,0.81,0.19,0.2,0.01,0.01,75529.55,1776426684000
1776426686.033,86.033,0.79,0.81,0.19,0.2,0.02,0.01,75529.55,1776426684000
1776426686.755,86.755,0.79,0.8,0.2,0.21,0.01,0.01,75529.65,1776426685000
1776426687.119,87.119,0.79,0.8,0.2,0.21,0.01,0.01,75529.65,1776426686000
1776426687.529,87.529,0.8,0.81,0.19,0.2,0.01,0.01,75529.65,1776426686000
1776426687.96,87.96,0.8,0.81,0.19,0.2,0.01,0.01,75529.65,1776426686000
1776426688.403,88.403,0.8,0.81,0.19,0.2,0.01,0.01,75529.64,1776426687000
1776426688.757,88.757,0.8,0.81,0.19,0.2,0.01,0.01,75529.64,1776426687000
1776426689.138,89.138,0.82,0.84,0.16,0.2,0.02,0.04,75529.64,1776426687000
1776426689.532,89.532,0.82,0.83,0.17,0.18,0.01,0.01,75529.73,1776426688000
1776426689.869,89.869,0.82,0.83,0.17,0.18,0.01,0.01,75529.73,1776426688000
1776426690.216,90.216,0.85,0.86,0.14,0.16,0.01,0.02,75529.74,1776426689000
1776426690.581,90.581,0.85,0.86,0.14,0.15,0.01,0.01,75529.74,1776426689000
1776426690.977,90.977,0.85,0.86,0.14,0.15,0.01,0.01,75529.74,1776426689000
1776426691.423,91.423,0.85,0.86,0.14,0.15,0.01,0.01,75534.03,1776426690000
1776426691.85,91.85,0.87,0.88,0.12,0.13,0.01,0.01,75534.03,1776426690000
1776426692.187,92.187,0.87,0.88,0.12,0.13,0.01,0.01,75534.03,1776426690000
1776426692.529,92.529,0.87,0.88,0.12,0.13,0.01,0.01,75535.23,1776426691000
1776426692.872,92.872,0.88,0.89,0.11,0.12,0.01,0.01,75535.23,1776426691000
1776426693.374,93.374,0.87,0.89,0.11,0.12,0.02,0.01,75535.23,1776426691000
1776426693.72,93.72,0.88,0.89,0.11,0.13,0.01,0.02,75541.63,1776426692000
1776426694.068,94.068,0.88,0.89,0.11,0.12,0.01,0.01,75541.63,1776426692000
1776426694.402,94.402,0.88,0.89,0.11,0.12,0.01,0.01,75542.08,1776426693000
1776426694.946,94.946,0.88,0.89,0.11,0.12,0.01,0.01,75542.08,1776426693000
1776426695.362,95.362,0.88,0.89,0.11,0.12,0.01,0.01,75542.25,1776426694000
1776426695.712,95.712,0.88,0.89,0.11,0.12,0.01,0.01,75542.25,1776426694000
1776426696.045,96.045,0.89,0.9,0.09,0.11,0.01,0.02,75542.25,1776426694000
1776426696.386,96.386,0.89,0.9,0.1,0.11,0.01,0.01,75542.25,1776426694000
1776426696.859,96.859,0.89,0.9,0.1,0.11,0.01,0.01,75542.25,1776426694000
1776426697.425,97.425,0.89,0.9,0.1,0.11,0.01,0.01,75547.24,1776426695000
1776426698.024,98.024,0.89,0.9,0.1,0.11,0.01,0.01,75551.99,1776426696000
1776426698.581,98.581,0.89,0.9,0.1,0.11,0.01,0.01,75551.99,1776426696000
1776426698.937,98.937,0.89,0.9,0.1,0.11,0.01,0.01,75553.09,1776426697000
1776426699.288,99.288,0.89,0.9,0.1,0.11,0.01,0.01,75553.09,1776426697000
1776426699.729,99.729,0.89,0.9,0.1,0.11,0.01,0.01,75553.09,1776426697000
1776426700.358,100.358,0.89,0.9,0.1,0.11,0.01,0.01,75553.95,1776426698000
1776426700.718,100.718,0.89,0.9,0.1,0.11,0.01,0.01,75553.95,1776426699000
1776426701.136,101.136,0.89,0.9,0.1,0.11,0.01,0.01,75553.95,1776426699000
1776426701.469,101.469,0.87,0.88,0.12,0.13,0.01,0.01,75553.58,1776426700000
1776426701.815,101.815,0.87,0.88,0.12,0.13,0.01,0.01,75553.58,1776426700000
1776426702.221,102.221,0.87,0.88,0.12,0.13,0.01,0.01,75553.58,1776426700000
1776426702.567,102.567,0.86,0.87,0.12,0.14,0.01,0.02,75553.58,1776426700000
1776426702.921,102.921,0.85,0.86,0.14,0.15,0.01,0.01,75553.0,1776426701000
1776426703.363,103.363,0.85,0.86,0.14,0.15,0.01,0.01,75550.62,1776426702000
1776426703.706,103.706,0.85,0.86,0.14,0.15,0.01,0.01,75550.62,1776426702000
1776426704.107,104.107,0.85,0.86,0.14,0.15,0.01,0.01,75549.83,1776426703000
1776426704.569,104.569,0.85,0.86,0.14,0.15,0.01,0.01,75549.83,1776426703000
1776426704.903,104.903,0.85,0.86,0.14,0.15,0.01,0.01,75549.83,1776426703000
1776426705.499,105.499,0.85,0.86,0.14,0.15,0.01,0.01,75547.44,1776426704000
1776426705.834,105.834,0.82,0.83,0.16,0.17,0.01,0.01,75547.44,1776426704000
1776426706.176,106.176,0.82,0.83,0.17,0.18,0.01,0.01,75547.44,1776426704000
1776426706.577,106.577,0.82,0.83,0.17,0.18,0.01,0.01,75547.47,1776426705000
1776426707.049,107.049,0.82,0.83,0.17,0.18,0.01,0.01,75547.47,1776426705000
1776426707.563,107.563,0.81,0.82,0.18,0.19,0.01,0.01,75547.47,1776426705000
1776426708.164,108.164,0.82,0.83,0.17,0.19,0.01,0.02,75544.66,1776426706000
1776426708.506,108.506,0.82,0.83,0.17,0.18,0.01,0.01,75543.8,1776426707000
1776426708.912,108.912,0.82,0.83,0.17,0.18,0.01,0.01,75543.8,1776426707000
1776426709.251,109.251,0.82,0.83,0.17,0.18,0.01,0.01,75543.8,1776426707000
1776426709.605,109.605,0.82,0.83,0.17,0.18,0.01,0.01,75542.67,1776426708000
1776426709.953,109.953,0.82,0.83,0.17,0.18,0.01,0.01,75542.67,1776426708000
1776426710.347,110.347,0.88,0.89,0.11,0.12,0.01,0.01,75542.67,1776426708000
1776426710.684,110.684,0.88,0.89,0.11,0.12,0.01,0.01,75542.05,1776426709000
1776426711.105,111.105,0.88,0.89,0.11,0.12,0.01,0.01,75542.05,1776426709000
1776426711.513,111.513,0.88,0.89,0.11,0.12,0.01,0.01,75543.01,1776426710000
1776426711.921,111.921,0.88,0.89,0.11,0.12,0.01,0.01,75543.01,1776426710000
1776426712.449,112.449,0.86,0.89,0.11,0.14,0.03,0.03,75543.97,1776426711000
1776426713.163,113.163,0.86,0.88,0.12,0.14,0.02,0.02,75546.19,1776426712000
1776426713.545,113.545,0.86,0.87,0.12,0.14,0.01,0.02,75546.19,1776426712000
1776426714.001,114.001,0.86,0.87,0.13,0.14,0.01,0.01,75546.19,1776426712000
1776426714.381,114.381,0.86,0.87,0.13,0.14,0.01,0.01,75546.19,1776426712000
1776426714.786,114.786,0.86,0.87,0.13,0.14,0.01,0.01,75546.2,1776426713000
1776426715.326,115.326,0.82,0.83,0.17,0.19,0.01,0.02,75546.2,1776426713000
1776426715.775,115.775,0.82,0.83,0.17,0.18,0.01,0.01,75546.41,1776426714000
1776426716.13,116.13,0.81,0.82,0.17,0.19,0.01,0.02,75546.41,1776426714000
1776426716.506,116.506,0.81,0.82,0.18,0.19,0.01,0.01,75544.28,1776426715000
1776426716.869,116.869,0.81,0.82,0.18,0.19,0.01,0.01,75544.28,1776426715000
1776426717.265,117.265,0.81,0.82,0.18,0.19,0.01,0.01,75540.74,1776426716000
1776426717.609,117.609,0.81,0.82,0.18,0.19,0.01,0.01,75540.74,1776426716000
1776426718.123,118.123,0.81,0.82,0.18,0.19,0.01,0.01,75539.14,1776426717000
1776426718.479,118.479,0.81,0.82,0.18,0.19,0.01,0.01,75539.14,1776426717000
1776426718.861,118.861,0.81,0.83,0.18,0.19,0.02,0.01,75539.14,1776426717000
1776426719.277,119.277,0.82,0.83,0.17,0.18,0.01,0.01,75539.11,1776426718000
1776426720.036,120.036,0.82,0.83,0.17,0.18,0.01,0.01,75539.11,1776426718000
1776426720.369,120.369,0.82,0.83,0.17,0.18,0.01,0.01,75539.09,1776426719000
1776426720.811,120.811,0.82,0.83,0.17,0.18,0.01,0.01,75539.09,1776426719000
1776426721.159,121.159,0.82,0.83,0.17,0.18,0.01,0.01,75539.09,1776426719000
1776426721.58,121.58,0.84,0.85,0.15,0.16,0.01,0.01,75539.11,1776426720000
1776426722.083,122.083,0.84,0.85,0.15,0.16,0.01,0.01,75539.11,1776426720000
1776426722.452,122.452,0.84,0.85,0.15,0.16,0.01,0.01,75539.15,1776426721000
1776426722.871,122.871,0.84,0.85,0.15,0.16,0.01,0.01,75539.15,1776426721000
1776426723.423,123.423,0.84,0.85,0.15,0.16,0.01,0.01,75540.48,1776426722000
1776426723.857,123.857,0.84,0.85,0.15,0.16,0.01,0.01,75540.48,1776426722000
1776426724.334,124.334,0.84,0.85,0.15,0.16,0.01,0.01,75541.46,1776426723000
1776426724.919,124.919,0.84,0.85,0.15,0.16,0.01,0.01,75541.03,1776426724000
1776426725.278,125.278,0.84,0.86,0.15,0.16,0.02,0.01,75541.03,1776426724000
1776426725.869,125.869,0.84,0.86,0.14,0.16,0.02,0.02,75540.66,1776426725000
1776426726.383,126.383,0.85,0.86,0.14,0.15,0.01,0.01,75540.66,1776426725000
1776426726.738,126.738,0.87,0.88,0.12,0.13,0.01,0.01,75540.66,1776426725000
1776426727.183,127.183,0.87,0.88,0.12,0.13,0.01,0.01,75541.57,1776426726000
1776426727.798,127.798,0.87,0.88,0.12,0.13,0.01,0.01,75541.57,1776426726000
1776426728.164,128.164,0.88,0.89,0.11,0.12,0.01,0.01,75543.69,1776426727000
1776426728.505,128.505,0.88,0.89,0.11,0.12,0.01,0.01,75543.69,1776426727000
1776426729.033,129.033,0.88,0.89,0.11,0.12,0.01,0.01,75543.69,1776426727000
1776426729.393,129.393,0.88,0.89,0.11,0.12,0.01,0.01,75544.06,1776426728000
1776426729.788,129.788,0.88,0.89,0.11,0.12,0.01,0.01,75544.06,1776426728000
1776426730.231,130.231,0.88,0.89,0.11,0.12,0.01,0.01,75544.07,1776426729000
1776426730.766,130.766,0.89,0.9,0.1,0.12,0.01,0.02,75544.07,1776426729000
1776426731.2,131.2,0.89,0.9,0.1,0.11,0.01,0.01,75544.07,1776426729000
1776426731.542,131.542,0.88,0.89,0.1,0.12,0.01,0.02,75544.07,1776426730000
1776426732.039,132.039,0.88,0.89,0.11,0.12,0.01,0.01,75544.08,1776426731000
1776426732.454,132.454,0.84,0.85,0.15,0.16,0.01,0.01,75544.08,1776426731000
1776426732.827,132.827,0.84,0.85,0.15,0.16,0.01,0.01,75544.08,1776426731000
1776426733.176,133.176,0.85,0.86,0.15,0.16,0.01,0.01,75544.08,1776426731000
1776426733.995,133.995,0.87,0.88,0.12,0.13,0.01,0.01,75543.88,1776426732000
1776426734.431,134.431,0.87,0.88,0.12,0.13,0.01,0.01,75542.09,1776426733000
1776426734.827,134.827,0.87,0.88,0.12,0.13,0.01,0.01,75542.09,1776426733000
1776426735.292,135.292,0.87,0.88,0.12,0.13,0.01,0.01,75541.22,1776426734000
1776426735.732,135.732,0.87,0.88,0.12,0.13,0.01,0.01,75541.22,1776426734000
1776426736.376,136.376,0.87,0.88,0.12,0.13,0.01,0.01,75541.22,1776426734000
1776426736.949,136.949,0.87,0.88,0.12,0.13,0.01,0.01,75542.56,1776426735000
1776426737.292,137.292,0.87,0.88,0.12,0.13,0.01,0.01,75542.56,1776426735000
1776426737.693,137.693,0.87,0.88,0.12,0.13,0.01,0.01,75542.35,1776426736000
1776426738.048,138.048,0.87,0.88,0.12,0.13,0.01,0.01,75542.35,1776426736000
1776426738.863,138.863,0.88,0.91,0.12,0.13,0.03,0.01,75542.35,1776426737000
1776426739.224,139.224,0.91,0.92,0.08,0.09,0.01,0.01,75542.35,1776426737000
1776426739.567,139.567,0.91,0.92,0.08,0.09,0.01,0.01,75542.35,1776426737000
1776426739.94,139.94,0.91,0.92,0.08,0.09,0.01,0.01,75542.84,1776426738000
1776426740.428,140.428,0.91,0.92,0.08,0.09,0.01,0.01,75546.03,1776426739000
1776426740.919,140.919,0.91,0.92,0.08,0.09,0.01,0.01,75546.03,1776426739000
1776426741.285,141.285,0.91,0.92,0.08,0.09,0.01,0.01,75553.47,1776426740000
1776426741.754,141.754,0.91,0.92,0.08,0.09,0.01,0.01,75553.47,1776426740000
1776426742.115,142.115,0.93,0.94,0.06,0.07,0.01,0.01,75553.47,1776426740000
1776426742.464,142.464,0.93,0.94,0.06,0.07,0.01,0.01,75553.47,1776426740000
1776426742.847,142.847,0.93,0.94,0.06,0.07,0.01,0.01,75560.28,1776426741000
1776426743.305,143.305,0.93,0.94,0.06,0.07,0.01,0.01,75561.26,1776426742000
1776426743.751,143.751,0.94,0.95,0.05,0.06,0.01,0.01,75561.26,1776426742000
1776426744.123,144.123,0.94,0.95,0.05,0.06,0.01,0.01,75561.26,1776426742000
1776426744.528,144.528,0.94,0.95,0.05,0.06,0.01,0.01,75561.26,1776426742000
1776426744.96,144.96,0.94,0.95,0.05,0.06,0.01,0.01,75567.13,1776426743000
1776426745.296,145.296,0.94,0.95,0.05,0.06,0.01,0.01,75567.13,1776426743000
1776426745.659,145.659,0.94,0.95,0.05,0.06,0.01,0.01,75568.37,1776426744000
1776426746.009,146.009,0.94,0.95,0.05,0.06,0.01,0.01,75568.37,1776426744000
1776426746.373,146.373,0.92,0.94,0.05,0.07,0.02,0.02,75567.44,1776426745000
1776426746.707,146.707,0.92,0.93,0.07,0.08,0.01,0.01,75567.44,1776426745000
1776426747.272,147.272,0.92,0.93,0.07,0.08,0.01,0.01,75567.44,1776426745000
1776426747.791,147.791,0.92,0.93,0.07,0.08,0.01,0.01,75563.79,1776426746000
1776426748.135,148.135,0.91,0.93,0.07,0.09,0.02,0.02,75563.79,1776426746000
1776426748.544,148.544,0.91,0.92,0.08,0.09,0.01,0.01,75561.97,1776426747000
1776426748.89,148.89,0.91,0.92,0.08,0.09,0.01,0.01,75561.97,1776426747000
1776426749.276,149.276,0.91,0.92,0.08,0.09,0.01,0.01,75561.97,1776426747000
1776426749.709,149.709,0.91,0.92,0.08,0.09,0.01,0.01,75561.51,1776426748000
1776426750.142,150.142,0.91,0.92,0.08,0.09,0.01,0.01,75561.63,1776426749000
1776426750.551,150.551,0.91,0.92,0.08,0.09,0.01,0.01,75561.63,1776426749000
1776426750.899,150.899,0.91,0.92,0.08,0.09,0.01,0.01,75561.63,1776426749000
1776426751.245,151.245,0.91,0.92,0.08,0.09,0.01,0.01,75560.94,1776426750000
1776426751.614,151.614,0.91,0.92,0.08,0.09,0.01,0.01,75560.94,1776426750000
1776426751.977,151.977,0.91,0.92,0.08,0.09,0.01,0.01,75560.94,1776426750000
1776426752.521,152.521,0.91,0.92,0.08,0.09,0.01,0.01,75557.91,1776426751000
1776426752.879,152.879,0.91,0.92,0.08,0.09,0.01,0.01,75557.91,1776426751000
1776426753.434,153.434,0.91,0.92,0.08,0.09,0.01,0.01,75557.39,1776426752000
1776426753.889,153.889,0.91,0.92,0.08,0.09,0.01,0.01,75557.39,1776426752000
1776426754.225,154.225,0.9,0.92,0.08,0.09,0.02,0.01,75556.3,1776426753000
1776426754.759,154.759,0.9,0.91,0.08,0.09,0.01,0.01,75556.3,1776426753000
1776426755.297,155.297,0.9,0.91,0.09,0.1,0.01,0.01,75556.46,1776426754000
1776426755.827,155.827,0.9,0.91,0.09,0.1,0.01,0.01,75556.46,1776426754000
1776426756.255,156.255,0.9,0.91,0.09,0.1,0.01,0.01,75556.44,1776426755000
1776426756.927,156.927,0.9,0.91,0.09,0.1,0.01,0.01,75556.44,1776426755000
1776426757.438,157.438,0.9,0.91,0.09,0.1,0.01,0.01,75555.91,1776426756000
1776426757.875,157.875,0.89,0.9,0.1,0.11,0.01,0.01,75555.91,1776426756000
1776426758.386,158.386,0.89,0.9,0.1,0.11,0.01,0.01,75555.45,1776426757000
1776426758.743,158.743,0.89,0.9,0.1,0.11,0.01,0.01,75555.45,1776426757000
1776426759.156,159.156,0.89,0.9,0.1,0.11,0.01,0.01,75554.43,1776426758000
1776426759.732,159.732,0.89,0.9,0.1,0.11,0.01,0.01,75554.43,1776426758000
1776426761.868,161.868,0.88,0.9,0.1,0.12,0.02,0.02,75548.22,1776426760000
1776426762.212,162.212,0.88,0.89,0.11,0.12,0.01,0.01,75548.22,1776426760000
1776426762.616,162.616,0.91,0.93,0.07,0.09,0.02,0.02,75568.29,1776426761000
1776426762.953,162.953,0.94,0.95,0.05,0.06,0.01,0.01,75568.29,1776426761000
1776426763.293,163.293,0.94,0.95,0.05,0.07,0.01,0.02,75568.29,1776426761000
1776426763.643,163.643,0.95,0.96,0.04,0.05,0.01,0.01,75579.86,1776426762000
1776426764.062,164.062,0.95,0.96,0.04,0.05,0.01,0.01,75579.86,1776426762000
1776426764.399,164.399,0.95,0.96,0.04,0.05,0.01,0.01,75579.86,1776426762000
1776426764.742,164.742,0.95,0.96,0.04,0.05,0.01,0.01,75581.53,1776426763000
1776426765.126,165.126,0.96,0.97,0.03,0.04,0.01,0.01,75584.98,1776426764000
1776426765.46,165.46,0.96,0.97,0.03,0.04,0.01,0.01,75584.98,1776426764000
1776426765.883,165.883,0.96,0.97,0.03,0.04,0.01,0.01,75584.98,1776426764000
1776426766.233,166.233,0.96,0.97,0.03,0.04,0.01,0.01,75584.98,1776426764000
1776426766.578,166.578,0.96,0.97,0.03,0.04,0.01,0.01,75592.38,1776426765000
1776426767.189,167.189,0.96,0.97,0.03,0.04,0.01,0.01,75592.38,1776426765000
1776426767.526,167.526,0.96,0.97,0.03,0.04,0.01,0.01,75598.7,1776426766000
1776426767.975,167.975,0.96,0.97,0.03,0.04,0.01,0.01,75598.7,1776426766000
1776426768.414,168.414,0.96,0.97,0.03,0.04,0.01,0.01,75600.37,1776426767000
1776426768.885,168.885,0.96,0.97,0.03,0.04,0.01,0.01,75600.37,1776426767000
1776426769.354,169.354,0.96,0.97,0.03,0.04,0.01,0.01,75595.42,1776426768000
1776426769.738,169.738,0.96,0.97,0.03,0.04,0.01,0.01,75595.42,1776426768000
1776426770.133,170.133,0.96,0.97,0.03,0.04,0.01,0.01,75595.42,1776426768000
1776426770.5,170.5,0.96,0.97,0.03,0.04,0.01,0.01,75592.19,1776426769000
1776426771.048,171.048,0.96,0.97,0.03,0.04,0.01,0.01,75592.7,1776426770000
1776426771.426,171.426,0.96,0.97,0.03,0.04,0.01,0.01,75592.7,1776426770000
1776426771.902,171.902,0.96,0.97,0.03,0.04,0.01,0.01,75592.7,1776426770000
1776426772.324,172.324,0.96,0.97,0.03,0.04,0.01,0.01,75594.75,1776426771000
1776426772.672,172.672,0.96,0.97,0.03,0.04,0.01,0.01,75594.75,1776426771000
1776426773.142,173.142,0.96,0.97,0.03,0.04,0.01,0.01,75594.75,1776426771000
1776426773.513,173.513,0.96,0.97,0.03,0.04,0.01,0.01,75599.61,1776426772000
1776426773.931,173.931,0.96,0.97,0.03,0.04,0.01,0.01,75599.61,1776426772000
1776426775.068,175.068,0.96,0.97,0.03,0.04,0.01,0.01,75598.65,1776426773000
1776426775.515,175.515,0.96,0.97,0.03,0.04,0.01,0.01,75596.34,1776426774000
1776426775.904,175.904,0.96,0.97,0.03,0.04,0.01,0.01,75596.34,1776426774000
1776426776.262,176.262,0.96,0.97,0.03,0.04,0.01,0.01,75596.34,1776426774000
1776426776.791,176.791,0.96,0.97,0.03,0.04,0.01,0.01,75596.34,1776426774000
1776426777.481,177.481,0.96,0.97,0.03,0.04,0.01,0.01,75593.86,1776426776000
1776426777.817,177.817,0.96,0.97,0.03,0.04,0.01,0.01,75593.86,1776426776000
1776426778.509,178.509,0.96,0.97,0.03,0.04,0.01,0.01,75592.14,1776426777000
1776426778.938,178.938,0.96,0.97,0.03,0.04,0.01,0.01,75592.14,1776426777000
1776426779.456,179.456,0.96,0.97,0.03,0.04,0.01,0.01,75587.85,1776426778000
1776426779.967,179.967,0.96,0.97,0.03,0.04,0.01,0.01,75587.85,1776426778000
1776426780.836,180.836,0.96,0.97,0.03,0.04,0.01,0.01,75586.54,1776426779000
1776426781.27,181.27,0.96,0.97,0.03,0.04,0.01,0.01,75585.98,1776426780000
1776426781.724,181.724,0.96,0.97,0.03,0.04,0.01,0.01,75585.98,1776426780000
1776426782.085,182.085,0.96,0.97,0.03,0.04,0.01,0.01,75585.97,1776426781000
1776426782.466,182.466,0.96,0.97,0.03,0.04,0.01,0.01,75585.97,1776426781000
1776426782.862,182.862,0.96,0.97,0.03,0.04,0.01,0.01,75585.97,1776426781000
1776426783.321,183.321,0.96,0.97,0.03,0.04,0.01,0.01,75584.84,1776426782000
1776426783.687,183.687,0.96,0.97,0.03,0.04,0.01,0.01,75584.84,1776426782000
1776426784.115,184.115,0.96,0.97,0.03,0.04,0.01,0.01,75584.84,1776426782000
1776426784.516,184.516,0.96,0.98,0.03,0.04,0.02,0.01,75583.49,1776426783000
1776426784.981,184.981,0.97,0.98,0.02,0.03,0.01,0.01,75583.49,1776426783000
1776426785.363,185.363,0.97,0.98,0.02,0.03,0.01,0.01,75588.36,1776426784000
1776426785.875,185.875,0.97,0.98,0.02,0.03,0.01,0.01,75588.36,1776426784000
1776426786.244,186.244,0.97,0.98,0.02,0.03,0.01,0.01,75588.36,1776426784000
1776426786.593,186.593,0.97,0.98,0.02,0.03,0.01,0.01,75594.73,1776426785000
1776426786.971,186.971,0.97,0.98,0.02,0.03,0.01,0.01,75594.73,1776426785000
1776426787.379,187.379,0.97,0.98,0.02,0.03,0.01,0.01,75594.71,1776426786000
1776426787.804,187.804,0.97,0.98,0.02,0.03,0.01,0.01,75594.71,1776426786000
1776426788.162,188.162,0.97,0.98,0.02,0.03,0.01,0.01,75594.71,1776426786000
1776426788.915,188.915,0.97,0.98,0.02,0.03,0.01,0.01,75594.73,1776426787000
1776426789.305,189.305,0.97,0.98,0.02,0.03,0.01,0.01,75595.28,1776426788000
1776426789.736,189.736,0.97,0.98,0.02,0.03,0.01,0.01,75595.28,1776426788000
1776426790.255,190.255,0.97,0.98,0.02,0.03,0.01,0.01,75595.58,1776426789000
1776426790.814,190.814,0.97,0.98,0.02,0.03,0.01,0.01,75595.58,1776426789000
1776426791.19,191.19,0.97,0.98,0.02,0.03,0.01,0.01,75595.58,1776426789000
1776426791.788,191.788,0.97,0.98,0.02,0.03,0.01,0.01,75596.93,1776426790000
1776426792.159,192.159,0.97,0.98,0.02,0.03,0.01,0.01,75596.93,1776426790000
1776426792.494,192.494,0.97,0.98,0.02,0.03,0.01,0.01,75601.35,1776426791000
1776426793.192,193.192,0.97,0.98,0.02,0.03,0.01,0.01,75601.35,1776426791000
1776426793.647,193.647,0.97,0.98,0.02,0.03,0.01,0.01,75605.2,1776426792000
1776426793.988,193.988,0.97,0.98,0.02,0.03,0.01,0.01,75604.69,1776426793000
1776426794.333,194.333,0.97,0.98,0.02,0.03,0.01,0.01,75604.69,1776426793000
1776426794.73,194.73,0.97,0.98,0.02,0.03,0.01,0.01,75604.69,1776426793000
1776426795.188,195.188,0.97,0.98,0.02,0.03,0.01,0.01,75602.75,1776426794000
1776426795.677,195.677,0.97,0.98,0.02,0.03,0.01,0.01,75602.75,1776426794000
1776426796.057,196.057,0.97,0.98,0.02,0.03,0.01,0.01,75602.65,1776426795000
1776426796.392,196.392,0.97,0.98,0.02,0.03,0.01,0.01,75602.65,1776426795000
1776426797.025,197.025,0.97,0.98,0.02,0.03,0.01,0.01,75602.65,1776426796000
1776426797.371,197.371,0.97,0.98,0.02,0.03,0.01,0.01,75602.65,1776426796000
1776426797.719,197.719,0.97,0.98,0.02,0.03,0.01,0.01,75602.65,1776426796000
1776426798.185,198.185,0.98,0.99,0.01,0.02,0.01,0.01,75603.46,1776426797000
1776426798.537,198.537,0.98,0.99,0.01,0.02,0.01,0.01,75603.46,1776426797000
1776426798.918,198.918,0.98,0.99,0.01,0.02,0.01,0.01,75603.91,1776426798000
1776426799.254,199.254,0.98,0.99,0.01,0.02,0.01,0.01,75603.91,1776426798000
1776426799.66,199.66,0.98,0.99,0.01,0.02,0.01,0.01,75603.91,1776426798000
1776426800.006,200.006,0.98,0.99,0.01,0.02,0.01,0.01,75605.16,1776426799000
1776426800.342,200.342,0.98,0.99,0.01,0.02,0.01,0.01,75605.16,1776426799000
1776426800.681,200.681,0.98,0.99,0.01,0.02,0.01,0.01,75605.16,1776426799000
1776426801.041,201.041,0.98,0.99,0.01,0.02,0.01,0.01,75606.98,1776426800000
1776426801.56,201.56,0.98,0.99,0.01,0.02,0.01,0.01,75606.98,1776426800000
1776426802.013,202.013,0.98,0.99,0.01,0.02,0.01,0.01,75607.38,1776426801000
1776426802.424,202.424,0.98,0.99,0.01,0.02,0.01,0.01,75607.38,1776426801000
1776426802.833,202.833,0.98,0.99,0.01,0.02,0.01,0.01,75607.38,1776426801000
1776426803.17,203.17,0.98,0.99,0.01,0.02,0.01,0.01,75607.38,1776426801000
1776426803.646,203.646,0.98,0.99,0.01,0.02,0.01,0.01,75607.59,1776426802000
1776426804.128,204.128,0.98,0.99,0.01,0.02,0.01,0.01,75607.59,1776426802000
1776426804.495,204.495,0.98,0.99,0.01,0.02,0.01,0.01,75607.59,1776426802000
1776426804.88,204.88,0.98,0.99,0.01,0.02,0.01,0.01,75613.7,1776426803000
1776426805.296,205.296,0.98,0.99,0.01,0.02,0.01,0.01,75613.7,1776426803000
1776426806.127,206.127,0.98,0.99,0.01,0.02,0.01,0.01,75613.15,1776426804000
1776426806.719,206.719,0.98,0.99,0.01,0.02,0.01,0.01,75610.1,1776426805000
1776426807.348,207.348,0.98,0.99,0.01,0.02,0.01,0.01,75610.1,1776426805000
1776426807.758,207.758,0.98,0.99,0.01,0.02,0.01,0.01,75610.1,1776426805000
1776426808.502,208.502,0.98,0.99,0.01,0.02,0.01,0.01,75607.13,1776426807000
1776426809.071,209.071,0.98,0.99,0.01,0.02,0.01,0.01,75607.13,1776426807000
1776426809.509,209.509,0.98,0.99,0.01,0.02,0.01,0.01,75607.11,1776426808000
1776426809.844,209.844,0.98,0.99,0.01,0.02,0.01,0.01,75607.11,1776426808000
1776426810.453,210.453,0.98,0.99,0.01,0.02,0.01,0.01,75607.11,1776426808000
1776426810.841,210.841,0.98,0.99,0.01,0.02,0.01,0.01,75606.96,1776426809000
1776426811.196,211.196,0.98,0.99,0.01,0.02,0.01,0.01,75606.96,1776426809000
1776426811.605,211.605,0.98,0.99,0.01,0.02,0.01,0.01,75606.62,1776426810000
1776426812.03,212.03,0.98,0.99,0.01,0.02,0.01,0.01,75606.62,1776426810000
1776426812.621,212.621,0.98,0.99,0.01,0.02,0.01,0.01,75606.62,1776426810000
1776426812.984,212.984,0.98,0.99,0.01,0.02,0.01,0.01,75606.98,1776426811000
1776426813.327,213.327,0.98,0.99,0.01,0.02,0.01,0.01,75606.98,1776426811000
1776426813.839,213.839,0.99,0.99,0.01,0.01,0.0,0.0,75606.95,1776426812000
1776426814.177,214.177,0.99,0.99,0.01,0.01,0.0,0.0,75606.95,1776426812000
1776426814.55,214.55,0.99,0.99,0.01,0.01,0.0,0.0,75606.95,1776426812000
1776426814.974,214.974,0.99,0.99,0.01,0.01,0.0,0.0,75607.03,1776426813000
1776426815.486,215.486,0.99,0.99,0.01,0.01,0.0,0.0,75607.03,1776426813000
1776426816.122,216.122,0.99,0.99,0.01,0.01,0.0,0.0,75605.34,1776426814000
1776426816.511,216.511,0.99,0.99,0.01,0.01,0.0,0.0,75608.56,1776426815000
1776426816.862,216.862,0.99,0.99,0.01,0.01,0.0,0.0,75608.56,1776426815000
1776426817.198,217.198,0.99,0.99,0.01,0.01,0.0,0.0,75608.56,1776426815000
1776426817.534,217.534,0.99,0.99,0.01,0.01,0.0,0.0,75608.56,1776426815000
1776426817.964,217.964,0.99,0.99,0.01,0.01,0.0,0.0,75605.33,1776426816000
1776426818.344,218.344,0.99,0.99,0.01,0.01,0.0,0.0,75605.22,1776426817000
1776426818.739,218.739,0.99,0.99,0.01,0.01,0.0,0.0,75605.22,1776426817000
1776426819.289,219.289,0.99,0.99,0.01,0.01,0.0,0.0,75605.22,1776426817000
1776426819.66,219.66,0.99,0.99,0.01,0.01,0.0,0.0,75599.39,1776426818000
1776426820.221,220.221,0.99,0.99,0.01,0.01,0.0,0.0,75598.54,1776426819000
1776426820.81,220.81,0.99,0.99,0.01,0.01,0.0,0.0,75598.54,1776426819000
1776426821.274,221.274,0.99,0.99,0.01,0.01,0.0,0.0,75598.54,1776426819000
1776426822.161,222.161,0.99,0.99,0.01,0.01,0.0,0.0,75598.54,1776426819000
1776426822.505,222.505,0.99,0.99,0.01,0.01,0.0,0.0,75595.65,1776426821000
1776426823.037,223.037,0.99,0.99,0.01,0.01,0.0,0.0,75595.65,1776426821000
1776426823.564,223.564,0.99,0.99,0.01,0.01,0.0,0.0,75595.65,1776426821000
1776426824.228,224.228,0.99,0.99,0.01,0.01,0.0,0.0,75589.81,1776426822000
1776426825.388,225.388,0.99,0.99,0.01,0.01,0.0,0.0,75589.64,1776426824000
1776426825.881,225.881,0.99,0.99,0.01,0.01,0.0,0.0,75589.64,1776426824000
1776426827.335,227.335,0.99,0.99,0.01,0.01,0.0,0.0,75586.6,1776426825000
1776426827.701,227.701,0.99,0.99,0.01,0.01,0.0,0.0,75590.87,1776426826000
1776426829.016,229.016,0.99,0.99,0.01,0.01,0.0,0.0,75590.87,1776426827000
1776426829.531,229.531,0.99,0.99,0.01,0.01,0.0,0.0,75591.85,1776426828000
1776426830.248,230.248,0.99,0.99,0.01,0.01,0.0,0.0,75591.85,1776426828000
1776426831.422,231.422,0.99,0.99,0.01,0.01,0.0,0.0,75592.08,1776426830000
1776426832.035,232.035,0.99,0.99,0.01,0.01,0.0,0.0,75592.02,1776426831000
1776426832.427,232.427,0.99,0.99,0.01,0.01,0.0,0.0,75592.02,1776426831000
1776426832.807,232.807,0.99,0.99,0.01,0.01,0.0,0.0,75592.02,1776426831000
1776426833.263,233.263,0.99,0.99,0.01,0.01,0.0,0.0,75591.48,1776426832000
1776426833.718,233.718,0.99,0.99,0.01,0.01,0.0,0.0,75591.48,1776426832000
1776426834.19,234.19,0.99,0.99,0.01,0.01,0.0,0.0,75591.48,1776426832000
1776426834.54,234.54,0.99,0.99,0.01,0.01,0.0,0.0,75591.51,1776426833000
1776426835.046,235.046,0.99,0.99,0.01,0.01,0.0,0.0,75591.5,1776426834000
1776426836.134,236.134,0.99,0.99,0.01,0.01,0.0,0.0,75591.55,1776426835000
1776426837.915,237.915,0.99,0.99,0.01,0.01,0.0,0.0,75591.52,1776426836000
1776426838.84,238.84,0.99,0.99,0.01,0.01,0.0,0.0,75591.56,1776426837000
1776426839.533,239.533,0.99,0.99,0.01,0.01,0.0,0.0,75591.56,1776426838000
1776426840.504,240.504,0.99,0.99,0.01,0.01,0.0,0.0,75591.56,1776426838000
1776426840.949,240.949,0.99,0.99,0.01,0.01,0.0,0.0,75591.45,1776426839000
1776426841.362,241.362,0.99,0.99,0.01,0.01,0.0,0.0,75591.44,1776426840000
1776426841.799,241.799,0.99,0.99,0.01,0.01,0.0,0.0,75591.44,1776426840000
1776426842.451,242.451,0.99,0.99,0.01,0.01,0.0,0.0,75589.84,1776426841000
1776426843.296,243.296,0.99,0.99,0.01,0.01,0.0,0.0,75586.96,1776426842000
1776426844.455,244.455,0.99,0.99,0.01,0.01,0.0,0.0,75583.12,1776426843000
1776426845.296,245.296,0.99,0.99,0.01,0.01,0.0,0.0,75588.88,1776426844000
1776426846.003,246.003,0.99,0.99,0.01,0.01,0.0,0.0,75588.88,1776426844000
1776426846.618,246.618,0.99,0.99,0.01,0.01,0.0,0.0,75584.78,1776426845000
1776426847.414,247.414,0.99,0.99,0.01,0.01,0.0,0.0,75584.73,1776426846000
1776426848.773,248.773,0.99,0.99,0.01,0.01,0.0,0.0,75584.87,1776426847000
1776426849.54,249.54,0.99,0.99,0.01,0.01,0.0,0.0,75583.54,1776426848000
1776426850.305,250.305,0.99,0.99,0.01,0.01,0.0,0.0,75583.48,1776426849000
1776426851.262,251.262,0.99,0.99,0.01,0.01,0.0,0.0,75583.48,1776426849000
1776426852.176,252.176,0.99,0.99,0.01,0.01,0.0,0.0,75583.43,1776426851000
1776426852.904,252.904,0.99,0.99,0.01,0.01,0.0,0.0,75583.43,1776426851000
1776426853.592,253.592,0.99,0.99,0.01,0.01,0.0,0.0,75583.43,1776426851000
1776426854.369,254.369,0.99,0.99,0.01,0.01,0.0,0.0,75583.2,1776426853000
1776426854.957,254.957,0.99,0.99,0.01,0.01,0.0,0.0,75583.2,1776426853000
1776426855.779,255.779,0.99,0.99,0.01,0.01,0.0,0.0,75583.2,1776426854000
1776426856.121,256.121,0.99,0.99,0.01,0.01,0.0,0.0,75583.2,1776426854000
1776426856.456,256.456,0.99,0.99,0.01,0.01,0.0,0.0,75583.1,1776426855000
1776426856.841,256.841,0.99,0.99,0.01,0.01,0.0,0.0,75583.1,1776426855000
1776426857.208,257.208,0.99,0.99,0.01,0.01,0.0,0.0,75582.66,1776426856000
1776426857.661,257.661,0.99,0.99,0.01,0.01,0.0,0.0,75582.66,1776426856000
1776426858.403,258.403,0.99,0.99,0.01,0.01,0.0,0.0,75580.24,1776426857000
1776426859.911,259.911,0.99,0.99,0.01,0.01,0.0,0.0,75580.24,1776426857000
1776426860.323,260.323,0.99,0.99,0.01,0.01,0.0,0.0,75580.24,1776426857000
1776426861.272,261.272,0.99,0.99,0.01,0.01,0.0,0.0,75574.6,1776426859000
1776426861.941,261.941,0.99,0.99,0.01,0.01,0.0,0.0,75574.53,1776426860000
1776426862.374,262.374,0.99,0.99,0.01,0.01,0.0,0.0,75574.49,1776426861000
1776426862.855,262.855,0.99,0.99,0.01,0.01,0.0,0.0,75574.49,1776426861000
1776426863.434,263.434,0.99,0.99,0.01,0.01,0.0,0.0,75573.99,1776426862000
1776426863.91,263.91,0.99,0.99,0.01,0.01,0.0,0.0,75573.98,1776426863000
1776426864.86,264.86,0.99,0.99,0.01,0.01,0.0,0.0,75573.95,1776426864000
1776426865.97,265.97,0.99,0.99,0.01,0.01,0.0,0.0,75572.35,1776426865000
1776426867.009,267.009,0.99,0.99,0.01,0.01,0.0,0.0,75573.2,1776426866000
1776426868.056,268.056,0.99,0.99,0.01,0.01,0.0,0.0,75573.11,1776426867000
1776426868.986,268.986,0.99,0.99,0.01,0.01,0.0,0.0,75573.49,1776426868000
1776426870.035,270.035,0.99,0.99,0.01,0.01,0.0,0.0,75573.49,1776426868000
1776426870.578,270.578,0.99,0.99,0.01,0.01,0.0,0.0,75573.02,1776426869000
1776426870.957,270.957,0.99,0.99,0.01,0.01,0.0,0.0,75573.02,1776426869000
1776426871.612,271.612,0.99,0.99,0.01,0.01,0.0,0.0,75573.04,1776426870000
1776426871.981,271.981,0.99,0.99,0.01,0.01,0.0,0.0,75567.71,1776426871000
1776426872.438,272.438,0.99,0.99,0.01,0.01,0.0,0.0,75567.71,1776426871000
1776426872.895,272.895,0.99,0.99,0.01,0.01,0.0,0.0,75567.64,1776426872000
1776426873.487,273.487,0.99,0.99,0.01,0.01,0.0,0.0,75567.64,1776426872000
1776426873.845,273.845,0.99,0.99,0.01,0.01,0.0,0.0,75567.64,1776426872000
1776426874.287,274.287,0.99,0.99,0.01,0.01,0.0,0.0,75566.37,1776426873000
1776426874.892,274.892,0.99,0.99,0.01,0.01,0.0,0.0,75566.37,1776426873000
1776426875.816,275.816,0.99,0.99,0.01,0.01,0.0,0.0,75565.75,1776426874000
1776426876.216,276.216,0.99,0.99,0.01,0.01,0.0,0.0,75565.75,1776426875000
1776426876.764,276.764,0.99,0.99,0.01,0.01,0.0,0.0,75565.75,1776426875000
1776426877.54,277.54,0.99,0.99,0.01,0.01,0.0,0.0,75569.38,1776426876000
1776426878.173,278.173,0.99,0.99,0.01,0.01,0.0,0.0,75569.66,1776426877000
1776426878.526,278.526,0.99,0.99,0.01,0.01,0.0,0.0,75569.66,1776426877000
1776426879.251,279.251,0.99,0.99,0.01,0.01,0.0,0.0,75569.9,1776426878000
1776426880.36,280.36,0.99,0.99,0.01,0.01,0.0,0.0,75575.68,1776426879000
1776426880.901,280.901,0.99,0.99,0.01,0.01,0.0,0.0,75578.11,1776426880000
1776426881.601,281.601,0.99,0.99,0.01,0.01,0.0,0.0,75578.11,1776426880000
1776426882.123,282.123,0.99,0.99,0.01,0.01,0.0,0.0,75570.59,1776426881000
1776426883.102,283.102,0.99,0.99,0.01,0.01,0.0,0.0,75570.57,1776426882000
1776426884.095,284.095,0.99,0.99,0.01,0.01,0.0,0.0,75570.58,1776426883000
1776426885.645,285.645,0.99,0.99,0.01,0.01,0.0,0.0,75570.58,1776426884000
1776426886.14,286.14,0.99,0.99,0.01,0.01,0.0,0.0,75570.63,1776426885000
1776426887.241,287.241,0.99,0.99,0.01,0.01,0.0,0.0,75571.3,1776426886000
1776426887.719,287.719,0.99,0.99,0.01,0.01,0.0,0.0,75571.3,1776426886000
1776426888.429,288.429,0.99,0.99,0.01,0.01,0.0,0.0,75571.07,1776426887000
1776426889.005,289.005,0.99,0.99,0.01,0.01,0.0,0.0,75570.76,1776426888000
1776426890.274,290.274,0.99,0.99,0.01,0.01,0.0,0.0,75569.25,1776426889000
1776426891.237,291.237,0.99,0.99,0.01,0.01,0.0,0.0,75569.25,1776426889000
1776426892.106,292.106,0.99,0.99,0.01,0.01,0.0,0.0,75569.52,1776426891000
1776426892.463,292.463,0.99,0.99,0.01,0.01,0.0,0.0,75569.52,1776426891000
1776426893.019,293.019,0.99,0.99,0.01,0.01,0.0,0.0,75569.52,1776426891000
1776426894.067,294.067,0.99,0.99,0.01,0.01,0.0,0.0,75571.1,1776426893000
1776426895.275,295.275,0.99,0.99,0.01,0.01,0.0,0.0,75571.15,1776426894000
1776426896.499,296.499,0.99,0.99,0.01,0.01,0.0,0.0,75571.16,1776426895000
1776426897.16,297.16,0.99,0.99,0.01,0.01,0.0,0.0,75580.39,1776426896000
1776426898.331,298.331,0.99,0.99,0.01,0.01,0.0,0.0,75585.81,1776426897000
1776426899.465,299.465,0.99,0.99,0.01,0.01,0.0,0.0,75586.29,1776426898000
1776426900.064,300.064,0.99,0.99,0.01,0.01,0.0,0.0,75587.17,1776426899000
1776426900.559,300.559,0.99,0.99,0.01,0.01,0.0,0.0,75587.17,1776426899000
1776426901.267,301.267,0.99,0.99,0.01,0.01,0.0,0.0,75582.19,1776426900000
1776426902.449,302.449,0.99,0.99,0.01,0.01,0.0,0.0,75585.34,1776426901000
1776426902.919,302.919,0.99,0.99,0.01,0.01,0.0,0.0,75583.16,1776426902000

# RESULT,winner=Up,slug=btc-updown-5m-1776426600,ticks=605
