timestamp,elapsed_sec,up_bid,up_ask,down_bid,down_ask,up_spread,down_spread,btc_price,btc_oracle_ts
1776811800.54,0.54,0.49,0.5,0.51,0.52,0.01,0.01,75509.78,1776811799000
1776811800.922,0.922,0.49,0.5,0.5,0.51,0.01,0.01,75509.78,1776811799000
1776811801.279,1.279,0.51,0.52,0.48,0.5,0.01,0.02,75509.78,1776811799000
1776811801.685,1.685,0.59,0.6,0.4,0.43,0.01,0.03,75509.78,1776811799000
1776811802.169,2.169,0.59,0.6,0.4,0.41,0.01,0.01,75509.71,1776811800000
1776811802.659,2.659,0.59,0.6,0.4,0.41,0.01,0.01,75510.05,1776811801000
1776811803.02,3.02,0.59,0.6,0.4,0.41,0.01,0.01,75510.05,1776811801000
1776811803.365,3.365,0.59,0.6,0.4,0.41,0.01,0.01,75510.05,1776811801000
1776811803.734,3.734,0.59,0.6,0.4,0.41,0.01,0.01,75515.61,1776811802000
1776811804.249,4.249,0.59,0.6,0.4,0.41,0.01,0.01,75515.61,1776811802000
1776811804.707,4.707,0.59,0.6,0.4,0.41,0.01,0.01,75519.52,1776811803000
1776811805.509,5.509,0.59,0.6,0.4,0.41,0.01,0.01,75519.52,1776811803000
1776811805.899,5.899,0.59,0.6,0.4,0.41,0.01,0.01,75521.12,1776811804000
1776811806.294,6.294,0.59,0.6,0.4,0.41,0.01,0.01,75521.12,1776811804000
1776811806.729,6.729,0.59,0.6,0.4,0.41,0.01,0.01,75521.17,1776811805000
1776811807.083,7.083,0.59,0.6,0.4,0.41,0.01,0.01,75521.17,1776811805000
1776811807.69,7.69,0.59,0.6,0.4,0.41,0.01,0.01,75522.48,1776811806000
1776811808.05,8.05,0.59,0.6,0.4,0.41,0.01,0.01,75522.48,1776811806000
1776811808.481,8.481,0.59,0.6,0.4,0.41,0.01,0.01,75522.48,1776811806000
1776811808.845,8.845,0.59,0.6,0.4,0.41,0.01,0.01,75525.15,1776811807000
1776811809.194,9.194,0.59,0.6,0.4,0.41,0.01,0.01,75523.35,1776811808000
1776811809.803,9.803,0.59,0.6,0.4,0.41,0.01,0.01,75523.35,1776811808000
1776811810.304,10.304,0.59,0.6,0.4,0.41,0.01,0.01,75523.35,1776811808000
1776811810.734,10.734,0.59,0.6,0.4,0.41,0.01,0.01,75525.16,1776811809000
1776811811.118,11.118,0.59,0.6,0.4,0.41,0.01,0.01,75525.16,1776811810000
1776811811.951,11.951,0.59,0.6,0.4,0.41,0.01,0.01,75525.16,1776811810000
1776811812.286,12.286,0.59,0.6,0.4,0.41,0.01,0.01,75525.16,1776811810000
1776811812.868,12.868,0.57,0.6,0.4,0.41,0.03,0.01,75525.13,1776811811000
1776811813.552,13.552,0.57,0.58,0.42,0.43,0.01,0.01,75525.13,1776811812000
1776811814.095,14.095,0.57,0.58,0.42,0.43,0.01,0.01,75525.13,1776811812000
1776811814.582,14.582,0.57,0.58,0.42,0.43,0.01,0.01,75525.16,1776811813000
1776811814.97,14.97,0.57,0.58,0.42,0.43,0.01,0.01,75525.16,1776811813000
1776811815.645,15.645,0.57,0.58,0.42,0.43,0.01,0.01,75525.14,1776811814000
1776811816.009,16.009,0.57,0.58,0.42,0.43,0.01,0.01,75525.14,1776811814000
1776811816.349,16.349,0.57,0.58,0.42,0.43,0.01,0.01,75525.14,1776811814000
1776811816.938,16.938,0.57,0.58,0.42,0.43,0.01,0.01,75525.14,1776811815000
1776811817.278,17.278,0.57,0.58,0.42,0.43,0.01,0.01,75523.33,1776811816000
1776811817.692,17.692,0.57,0.58,0.42,0.43,0.01,0.01,75523.33,1776811816000
1776811818.104,18.104,0.58,0.59,0.41,0.42,0.01,0.01,75523.33,1776811816000
1776811818.455,18.455,0.58,0.59,0.41,0.42,0.01,0.01,75523.33,1776811816000
1776811818.816,18.816,0.58,0.59,0.41,0.42,0.01,0.01,75524.91,1776811817000
1776811819.519,19.519,0.58,0.59,0.41,0.42,0.01,0.01,75524.91,1776811817000
1776811819.856,19.856,0.58,0.6,0.41,0.42,0.02,0.01,75525.07,1776811818000
1776811820.201,20.201,0.65,0.69,0.31,0.35,0.04,0.04,75525.09,1776811819000
1776811820.537,20.537,0.68,0.69,0.31,0.32,0.01,0.01,75525.09,1776811819000
1776811820.887,20.887,0.68,0.69,0.31,0.32,0.01,0.01,75525.09,1776811819000
1776811821.22,21.22,0.68,0.69,0.31,0.32,0.01,0.01,75525.09,1776811820000
1776811821.593,21.593,0.68,0.69,0.31,0.32,0.01,0.01,75525.09,1776811820000
1776811821.994,21.994,0.68,0.69,0.31,0.32,0.01,0.01,75525.09,1776811820000
1776811822.338,22.338,0.68,0.69,0.31,0.32,0.01,0.01,75527.13,1776811821000
1776811822.709,22.709,0.68,0.69,0.31,0.32,0.01,0.01,75527.13,1776811821000
1776811823.051,23.051,0.68,0.69,0.31,0.32,0.01,0.01,75527.13,1776811821000
1776811823.504,23.504,0.68,0.69,0.31,0.32,0.01,0.01,75532.23,1776811822000
1776811823.847,23.847,0.67,0.68,0.32,0.33,0.01,0.01,75532.23,1776811822000
1776811824.39,24.39,0.67,0.68,0.32,0.33,0.01,0.01,75532.23,1776811822000
1776811824.89,24.89,0.67,0.68,0.32,0.33,0.01,0.01,75536.25,1776811823000
1776811825.379,25.379,0.67,0.68,0.32,0.33,0.01,0.01,75536.44,1776811824000
1776811825.74,25.74,0.67,0.68,0.32,0.33,0.01,0.01,75536.44,1776811824000
1776811826.083,26.083,0.66,0.68,0.32,0.33,0.02,0.01,75536.44,1776811824000
1776811826.47,26.47,0.66,0.67,0.33,0.34,0.01,0.01,75536.29,1776811825000
1776811826.92,26.92,0.66,0.67,0.33,0.34,0.01,0.01,75536.29,1776811825000
1776811827.263,27.263,0.66,0.67,0.33,0.34,0.01,0.01,75534.02,1776811826000
1776811827.705,27.705,0.66,0.67,0.33,0.34,0.01,0.01,75534.02,1776811826000
1776811828.14,28.14,0.65,0.66,0.33,0.35,0.01,0.02,75534.02,1776811826000
1776811828.565,28.565,0.65,0.66,0.34,0.35,0.01,0.01,75534.02,1776811827000
1776811829.048,29.048,0.65,0.66,0.34,0.35,0.01,0.01,75534.02,1776811827000
1776811829.392,29.392,0.65,0.66,0.34,0.35,0.01,0.01,75536.51,1776811828000
1776811829.763,29.763,0.65,0.66,0.34,0.35,0.01,0.01,75536.51,1776811828000
1776811830.11,30.11,0.65,0.66,0.34,0.35,0.01,0.01,75536.51,1776811828000
1776811830.676,30.676,0.65,0.66,0.34,0.35,0.01,0.01,75536.94,1776811829000
1776811831.037,31.037,0.64,0.66,0.34,0.35,0.02,0.01,75536.94,1776811829000
1776811831.409,31.409,0.64,0.66,0.34,0.35,0.02,0.01,75536.03,1776811830000
1776811831.825,31.825,0.64,0.65,0.35,0.36,0.01,0.01,75536.03,1776811830000
1776811832.172,32.172,0.64,0.65,0.35,0.36,0.01,0.01,75535.83,1776811831000
1776811832.566,32.566,0.64,0.65,0.35,0.36,0.01,0.01,75535.83,1776811831000
1776811832.914,32.914,0.64,0.65,0.35,0.36,0.01,0.01,75535.83,1776811831000
1776811833.259,33.259,0.64,0.65,0.35,0.36,0.01,0.01,75535.83,1776811831000
1776811833.592,33.592,0.65,0.66,0.34,0.35,0.01,0.01,75533.66,1776811832000
1776811833.985,33.985,0.65,0.66,0.34,0.35,0.01,0.01,75533.66,1776811832000
1776811834.39,34.39,0.65,0.66,0.34,0.35,0.01,0.01,75533.77,1776811833000
1776811834.801,34.801,0.65,0.66,0.34,0.35,0.01,0.01,75533.77,1776811833000
1776811835.371,35.371,0.65,0.66,0.34,0.35,0.01,0.01,75533.77,1776811833000
1776811835.827,35.827,0.65,0.66,0.34,0.35,0.01,0.01,75536.42,1776811834000
1776811836.426,36.426,0.65,0.66,0.34,0.35,0.01,0.01,75536.42,1776811835000
1776811836.759,36.759,0.63,0.66,0.36,0.37,0.03,0.01,75536.42,1776811835000
1776811837.095,37.095,0.54,0.55,0.45,0.46,0.01,0.01,75536.42,1776811835000
1776811837.43,37.43,0.54,0.55,0.45,0.46,0.01,0.01,75537.23,1776811836000
1776811837.836,37.836,0.54,0.55,0.45,0.46,0.01,0.01,75537.23,1776811836000
1776811838.189,38.189,0.54,0.55,0.45,0.46,0.01,0.01,75537.23,1776811836000
1776811838.668,38.668,0.54,0.55,0.45,0.46,0.01,0.01,75537.23,1776811836000
1776811839.272,39.272,0.54,0.55,0.45,0.46,0.01,0.01,75525.7,1776811837000
1776811839.633,39.633,0.53,0.54,0.46,0.47,0.01,0.01,75524.87,1776811838000
1776811840.044,40.044,0.53,0.54,0.46,0.47,0.01,0.01,75524.87,1776811838000
1776811840.39,40.39,0.53,0.54,0.46,0.47,0.01,0.01,75524.35,1776811839000
1776811840.851,40.851,0.53,0.54,0.46,0.47,0.01,0.01,75524.35,1776811839000
1776811841.317,41.317,0.53,0.54,0.46,0.47,0.01,0.01,75524.35,1776811839000
1776811841.71,41.71,0.53,0.54,0.46,0.47,0.01,0.01,75522.12,1776811840000
1776811842.051,42.051,0.54,0.55,0.45,0.47,0.01,0.02,75522.12,1776811840000
1776811842.448,42.448,0.54,0.55,0.45,0.46,0.01,0.01,75522.46,1776811841000
1776811842.958,42.958,0.54,0.56,0.45,0.46,0.02,0.01,75522.46,1776811841000
1776811843.314,43.314,0.56,0.57,0.43,0.45,0.01,0.02,75522.46,1776811841000
1776811843.675,43.675,0.56,0.57,0.43,0.44,0.01,0.01,75523.46,1776811842000
1776811844.108,44.108,0.56,0.57,0.43,0.44,0.01,0.01,75523.46,1776811842000
1776811844.678,44.678,0.56,0.57,0.43,0.44,0.01,0.01,75523.46,1776811843000
1776811845.182,45.182,0.57,0.58,0.42,0.43,0.01,0.01,75523.46,1776811843000
1776811845.805,45.805,0.57,0.58,0.42,0.43,0.01,0.01,75523.46,1776811843000
1776811846.316,46.316,0.57,0.58,0.42,0.43,0.01,0.01,75524.35,1776811844000
1776811846.752,46.752,0.57,0.58,0.42,0.43,0.01,0.01,75524.35,1776811845000
1776811847.117,47.117,0.57,0.58,0.42,0.43,0.01,0.01,75524.35,1776811845000
1776811847.519,47.519,0.57,0.58,0.42,0.43,0.01,0.01,75524.35,1776811846000
1776811847.866,47.866,0.57,0.58,0.42,0.43,0.01,0.01,75524.35,1776811846000
1776811848.335,48.335,0.58,0.59,0.41,0.42,0.01,0.01,75524.35,1776811846000
1776811848.738,48.738,0.58,0.59,0.41,0.42,0.01,0.01,75525.84,1776811847000
1776811849.166,49.166,0.58,0.59,0.41,0.42,0.01,0.01,75525.84,1776811847000
1776811849.557,49.557,0.58,0.59,0.41,0.42,0.01,0.01,75525.84,1776811848000
1776811849.913,49.913,0.58,0.59,0.41,0.42,0.01,0.01,75525.84,1776811848000
1776811850.255,50.255,0.59,0.61,0.39,0.41,0.02,0.02,75525.84,1776811848000
1776811850.765,50.765,0.6,0.62,0.37,0.4,0.02,0.03,75526.91,1776811849000
1776811851.116,51.116,0.61,0.63,0.37,0.39,0.02,0.02,75526.91,1776811849000
1776811851.559,51.559,0.62,0.63,0.37,0.38,0.01,0.01,75526.91,1776811849000
1776811851.909,51.909,0.62,0.63,0.37,0.38,0.01,0.01,75527.19,1776811850000
1776811852.377,52.377,0.62,0.63,0.37,0.38,0.01,0.01,75527.2,1776811851000
1776811852.712,52.712,0.62,0.63,0.36,0.38,0.01,0.02,75527.2,1776811851000
1776811853.1,53.1,0.62,0.64,0.37,0.38,0.02,0.01,75527.2,1776811851000
1776811853.549,53.549,0.63,0.64,0.36,0.37,0.01,0.01,75529.72,1776811852000
1776811853.999,53.999,0.63,0.64,0.36,0.37,0.01,0.01,75529.72,1776811852000
1776811854.354,54.354,0.63,0.64,0.36,0.37,0.01,0.01,75529.36,1776811853000
1776811854.731,54.731,0.66,0.68,0.32,0.34,0.02,0.02,75529.36,1776811853000
1776811855.071,55.071,0.7,0.72,0.28,0.31,0.02,0.03,75529.72,1776811854000
1776811855.407,55.407,0.72,0.74,0.26,0.27,0.02,0.01,75529.72,1776811854000
1776811855.74,55.74,0.73,0.74,0.26,0.27,0.01,0.01,75529.72,1776811854000
1776811856.132,56.132,0.73,0.74,0.26,0.27,0.01,0.01,75529.43,1776811855000
1776811856.67,56.67,0.73,0.74,0.26,0.27,0.01,0.01,75529.43,1776811855000
1776811857.033,57.033,0.72,0.74,0.26,0.28,0.02,0.02,75529.43,1776811855000
1776811857.502,57.502,0.73,0.74,0.26,0.27,0.01,0.01,75535.19,1776811856000
1776811857.853,57.853,0.73,0.74,0.26,0.27,0.01,0.01,75535.19,1776811856000
1776811858.219,58.219,0.73,0.74,0.26,0.27,0.01,0.01,75535.19,1776811856000
1776811858.554,58.554,0.73,0.74,0.26,0.27,0.01,0.01,75535.19,1776811856000
1776811858.9,58.9,0.73,0.74,0.26,0.27,0.01,0.01,75536.49,1776811857000
1776811859.241,59.241,0.73,0.74,0.26,0.27,0.01,0.01,75536.49,1776811857000
1776811859.625,59.625,0.73,0.74,0.26,0.27,0.01,0.01,75536.49,1776811857000
1776811859.984,59.984,0.72,0.73,0.27,0.28,0.01,0.01,75537.08,1776811858000
1776811860.391,60.391,0.72,0.73,0.27,0.28,0.01,0.01,75537.2,1776811859000
1776811860.773,60.773,0.72,0.73,0.27,0.28,0.01,0.01,75537.2,1776811859000
1776811861.169,61.169,0.72,0.73,0.27,0.28,0.01,0.01,75537.2,1776811859000
1776811861.608,61.608,0.72,0.73,0.27,0.28,0.01,0.01,75538.14,1776811860000
1776811861.973,61.973,0.72,0.73,0.27,0.28,0.01,0.01,75538.14,1776811860000
1776811862.374,62.374,0.72,0.73,0.27,0.28,0.01,0.01,75538.14,1776811860000
1776811863.035,63.035,0.72,0.73,0.27,0.28,0.01,0.01,75541.63,1776811861000
1776811863.569,63.569,0.72,0.73,0.27,0.28,0.01,0.01,75541.84,1776811862000
1776811863.973,63.973,0.72,0.73,0.27,0.28,0.01,0.01,75541.84,1776811862000
1776811864.539,64.539,0.71,0.73,0.27,0.28,0.02,0.01,75541.85,1776811863000
1776811865.098,65.098,0.67,0.68,0.32,0.33,0.01,0.01,75541.85,1776811863000
1776811865.579,65.579,0.67,0.68,0.32,0.33,0.01,0.01,75541.85,1776811864000
1776811865.957,65.957,0.67,0.68,0.32,0.33,0.01,0.01,75541.85,1776811864000
1776811866.329,66.329,0.67,0.68,0.32,0.33,0.01,0.01,75541.85,1776811864000
1776811866.716,66.716,0.67,0.68,0.32,0.33,0.01,0.01,75538.98,1776811865000
1776811867.258,67.258,0.67,0.68,0.32,0.33,0.01,0.01,75538.8,1776811866000
1776811867.909,67.909,0.67,0.68,0.32,0.33,0.01,0.01,75538.8,1776811866000
1776811868.446,68.446,0.67,0.68,0.32,0.33,0.01,0.01,75540.02,1776811867000
1776811868.81,68.81,0.67,0.68,0.32,0.33,0.01,0.01,75540.02,1776811867000
1776811869.258,69.258,0.67,0.68,0.32,0.33,0.01,0.01,75539.43,1776811868000
1776811869.628,69.628,0.67,0.68,0.32,0.33,0.01,0.01,75539.43,1776811868000
1776811870.134,70.134,0.67,0.68,0.32,0.33,0.01,0.01,75539.43,1776811868000
1776811870.83,70.83,0.67,0.68,0.32,0.33,0.01,0.01,75539.43,1776811869000
1776811871.258,71.258,0.67,0.68,0.32,0.33,0.01,0.01,75539.43,1776811869000
1776811871.699,71.699,0.67,0.68,0.32,0.33,0.01,0.01,75539.43,1776811869000
1776811872.034,72.034,0.67,0.68,0.32,0.33,0.01,0.01,75539.73,1776811870000
1776811872.452,72.452,0.67,0.68,0.32,0.33,0.01,0.01,75539.73,1776811870000
1776811872.908,72.908,0.68,0.69,0.32,0.33,0.01,0.01,75540.27,1776811871000
1776811873.265,73.265,0.68,0.69,0.31,0.32,0.01,0.01,75540.27,1776811872000
1776811873.623,73.623,0.68,0.69,0.31,0.32,0.01,0.01,75540.27,1776811872000
1776811874.017,74.017,0.68,0.69,0.31,0.32,0.01,0.01,75540.27,1776811872000
1776811874.478,74.478,0.68,0.69,0.31,0.32,0.01,0.01,75540.27,1776811872000
1776811874.82,74.82,0.68,0.69,0.31,0.32,0.01,0.01,75541.8,1776811873000
1776811875.197,75.197,0.68,0.69,0.31,0.32,0.01,0.01,75541.8,1776811873000
1776811875.541,75.541,0.68,0.69,0.31,0.32,0.01,0.01,75540.33,1776811874000
1776811875.91,75.91,0.68,0.69,0.31,0.32,0.01,0.01,75540.33,1776811874000
1776811876.254,76.254,0.68,0.69,0.31,0.32,0.01,0.01,75541.31,1776811875000
1776811876.617,76.617,0.68,0.69,0.31,0.32,0.01,0.01,75541.31,1776811875000
1776811876.959,76.959,0.68,0.69,0.31,0.32,0.01,0.01,75541.31,1776811875000
1776811877.483,77.483,0.68,0.69,0.31,0.32,0.01,0.01,75541.31,1776811875000
1776811877.826,77.826,0.68,0.69,0.31,0.32,0.01,0.01,75541.69,1776811876000
1776811878.198,78.198,0.72,0.74,0.29,0.32,0.02,0.03,75541.79,1776811877000
1776811878.65,78.65,0.75,0.76,0.25,0.26,0.01,0.01,75541.79,1776811877000
1776811879.008,79.008,0.77,0.78,0.22,0.24,0.01,0.02,75541.79,1776811877000
1776811879.352,79.352,0.77,0.78,0.22,0.23,0.01,0.01,75541.7,1776811878000
1776811879.805,79.805,0.77,0.78,0.22,0.23,0.01,0.01,75541.7,1776811878000
1776811880.244,80.244,0.77,0.78,0.22,0.23,0.01,0.01,75541.7,1776811878000
1776811880.677,80.677,0.77,0.78,0.22,0.23,0.01,0.01,75542.97,1776811879000
1776811881.227,81.227,0.77,0.78,0.22,0.23,0.01,0.01,75542.97,1776811879000
1776811881.572,81.572,0.77,0.78,0.22,0.23,0.01,0.01,75542.97,1776811879000
1776811882.021,82.021,0.77,0.78,0.22,0.23,0.01,0.01,75548.39,1776811880000
1776811882.52,82.52,0.77,0.78,0.22,0.23,0.01,0.01,75548.39,1776811880000
1776811882.964,82.964,0.77,0.78,0.22,0.23,0.01,0.01,75551.34,1776811882000
1776811883.437,83.437,0.77,0.78,0.22,0.23,0.01,0.01,75551.34,1776811882000
1776811883.835,83.835,0.77,0.78,0.22,0.23,0.01,0.01,75551.34,1776811882000
1776811884.176,84.176,0.77,0.78,0.22,0.23,0.01,0.01,75551.35,1776811883000
1776811884.687,84.687,0.78,0.79,0.21,0.22,0.01,0.01,75551.35,1776811883000
1776811885.022,85.022,0.78,0.79,0.21,0.22,0.01,0.01,75551.46,1776811884000
1776811885.602,85.602,0.78,0.79,0.21,0.22,0.01,0.01,75551.46,1776811884000
1776811885.937,85.937,0.78,0.79,0.21,0.22,0.01,0.01,75551.39,1776811885000
1776811886.912,86.912,0.78,0.79,0.21,0.22,0.01,0.01,75551.39,1776811885000
1776811887.271,87.271,0.78,0.79,0.21,0.22,0.01,0.01,75551.4,1776811886000
1776811887.894,87.894,0.78,0.79,0.21,0.22,0.01,0.01,75548.8,1776811887000
1776811888.352,88.352,0.78,0.79,0.21,0.22,0.01,0.01,75548.8,1776811887000
1776811888.729,88.729,0.78,0.79,0.21,0.22,0.01,0.01,75548.8,1776811887000
1776811889.076,89.076,0.78,0.79,0.21,0.22,0.01,0.01,75551.57,1776811888000
1776811889.47,89.47,0.78,0.79,0.21,0.22,0.01,0.01,75551.57,1776811888000
1776811889.812,89.812,0.78,0.79,0.21,0.22,0.01,0.01,75551.57,1776811888000
1776811890.267,90.267,0.78,0.79,0.21,0.22,0.01,0.01,75551.61,1776811889000
1776811890.616,90.616,0.78,0.8,0.21,0.22,0.02,0.01,75551.61,1776811889000
1776811891.039,91.039,0.79,0.8,0.2,0.21,0.01,0.01,75551.75,1776811890000
1776811891.456,91.456,0.79,0.8,0.2,0.21,0.01,0.01,75551.75,1776811890000
1776811891.839,91.839,0.79,0.8,0.2,0.21,0.01,0.01,75551.75,1776811890000
1776811892.267,92.267,0.79,0.8,0.2,0.21,0.01,0.01,75551.75,1776811891000
1776811892.686,92.686,0.79,0.8,0.2,0.21,0.01,0.01,75551.75,1776811891000
1776811893.064,93.064,0.79,0.8,0.2,0.21,0.01,0.01,75551.75,1776811891000
1776811893.505,93.505,0.79,0.8,0.2,0.21,0.01,0.01,75552.06,1776811892000
1776811893.913,93.913,0.79,0.8,0.2,0.21,0.01,0.01,75552.06,1776811892000
1776811894.567,94.567,0.79,0.8,0.2,0.21,0.01,0.01,75552.06,1776811892000
1776811895.331,95.331,0.79,0.8,0.2,0.21,0.01,0.01,75552.35,1776811894000
1776811895.677,95.677,0.79,0.8,0.2,0.21,0.01,0.01,75552.35,1776811894000
1776811896.208,96.208,0.79,0.8,0.2,0.21,0.01,0.01,75552.35,1776811894000
1776811896.562,96.562,0.8,0.81,0.19,0.2,0.01,0.01,75552.46,1776811895000
1776811896.897,96.897,0.81,0.82,0.18,0.19,0.01,0.01,75552.46,1776811895000
1776811897.232,97.232,0.82,0.83,0.17,0.18,0.01,0.01,75552.48,1776811896000
1776811897.585,97.585,0.82,0.83,0.17,0.18,0.01,0.01,75552.48,1776811896000
1776811897.973,97.973,0.82,0.83,0.17,0.18,0.01,0.01,75552.48,1776811896000
1776811898.384,98.384,0.82,0.83,0.17,0.18,0.01,0.01,75553.1,1776811897000
1776811898.905,98.905,0.82,0.83,0.17,0.18,0.01,0.01,75553.1,1776811897000
1776811899.271,99.271,0.84,0.85,0.15,0.16,0.01,0.01,75553.1,1776811897000
1776811899.65,99.65,0.84,0.85,0.15,0.16,0.01,0.01,75557.13,1776811898000
1776811900.049,100.049,0.84,0.85,0.15,0.16,0.01,0.01,75557.13,1776811898000
1776811900.384,100.384,0.84,0.85,0.15,0.16,0.01,0.01,75557.39,1776811899000
1776811901.068,101.068,0.84,0.85,0.15,0.16,0.01,0.01,75557.39,1776811899000
1776811901.405,101.405,0.84,0.85,0.15,0.16,0.01,0.01,75562.17,1776811900000
1776811901.75,101.75,0.84,0.85,0.15,0.16,0.01,0.01,75562.17,1776811900000
1776811902.09,102.09,0.84,0.85,0.15,0.16,0.01,0.01,75562.17,1776811900000
1776811902.427,102.427,0.84,0.85,0.15,0.16,0.01,0.01,75563.17,1776811901000
1776811902.964,102.964,0.84,0.85,0.15,0.16,0.01,0.01,75563.17,1776811901000
1776811903.355,103.355,0.84,0.85,0.15,0.16,0.01,0.01,75563.17,1776811901000
1776811903.78,103.78,0.84,0.85,0.15,0.16,0.01,0.01,75564.66,1776811902000
1776811904.405,104.405,0.84,0.85,0.15,0.16,0.01,0.01,75564.66,1776811903000
1776811904.868,104.868,0.84,0.85,0.15,0.16,0.01,0.01,75564.66,1776811903000
1776811905.64,105.64,0.84,0.85,0.15,0.16,0.01,0.01,75565.91,1776811904000
1776811906.028,106.028,0.84,0.86,0.15,0.16,0.02,0.01,75565.91,1776811904000
1776811906.413,106.413,0.85,0.86,0.14,0.15,0.01,0.01,75565.92,1776811905000
1776811906.82,106.82,0.85,0.86,0.14,0.15,0.01,0.01,75565.92,1776811905000
1776811907.227,107.227,0.85,0.86,0.14,0.15,0.01,0.01,75565.92,1776811905000
1776811907.922,107.922,0.85,0.86,0.14,0.15,0.01,0.01,75565.83,1776811906000
1776811908.299,108.299,0.85,0.86,0.14,0.15,0.01,0.01,75563.49,1776811907000
1776811908.823,108.823,0.85,0.86,0.14,0.15,0.01,0.01,75563.49,1776811907000
1776811909.168,109.168,0.85,0.86,0.14,0.15,0.01,0.01,75563.49,1776811907000
1776811909.566,109.566,0.85,0.86,0.14,0.15,0.01,0.01,75563.32,1776811908000
1776811910.094,110.094,0.85,0.86,0.14,0.15,0.01,0.01,75565.57,1776811909000
1776811910.462,110.462,0.85,0.86,0.14,0.15,0.01,0.01,75565.57,1776811909000
1776811910.861,110.861,0.85,0.87,0.14,0.15,0.02,0.01,75565.57,1776811909000
1776811911.217,111.217,0.86,0.87,0.13,0.14,0.01,0.01,75565.52,1776811910000
1776811911.657,111.657,0.86,0.87,0.13,0.14,0.01,0.01,75565.52,1776811910000
1776811912.098,112.098,0.85,0.87,0.13,0.15,0.02,0.02,75565.52,1776811910000
1776811912.502,112.502,0.85,0.86,0.14,0.15,0.01,0.01,75565.52,1776811911000
1776811912.884,112.884,0.85,0.86,0.14,0.15,0.01,0.01,75565.52,1776811911000
1776811913.382,113.382,0.85,0.86,0.14,0.15,0.01,0.01,75563.07,1776811912000
1776811913.964,113.964,0.85,0.86,0.14,0.15,0.01,0.01,75563.07,1776811912000
1776811914.576,114.576,0.85,0.86,0.14,0.15,0.01,0.01,75560.17,1776811913000
1776811914.958,114.958,0.85,0.86,0.14,0.15,0.01,0.01,75560.17,1776811913000
1776811915.314,115.314,0.85,0.86,0.14,0.15,0.01,0.01,75560.07,1776811914000
1776811915.675,115.675,0.85,0.86,0.14,0.15,0.01,0.01,75560.07,1776811914000
1776811916.105,116.105,0.85,0.86,0.14,0.15,0.01,0.01,75560.07,1776811914000
1776811916.448,116.448,0.85,0.86,0.14,0.15,0.01,0.01,75560.05,1776811915000
1776811916.836,116.836,0.85,0.86,0.14,0.15,0.01,0.01,75560.05,1776811915000
1776811917.247,117.247,0.85,0.86,0.14,0.15,0.01,0.01,75559.46,1776811916000
1776811917.627,117.627,0.85,0.86,0.14,0.15,0.01,0.01,75559.46,1776811916000
1776811917.972,117.972,0.85,0.86,0.14,0.15,0.01,0.01,75559.46,1776811916000
1776811918.369,118.369,0.85,0.86,0.14,0.15,0.01,0.01,75559.11,1776811917000
1776811918.715,118.715,0.85,0.86,0.14,0.15,0.01,0.01,75559.11,1776811917000
1776811919.095,119.095,0.85,0.86,0.14,0.15,0.01,0.01,75559.11,1776811917000
1776811919.433,119.433,0.85,0.86,0.14,0.15,0.01,0.01,75559.11,1776811917000
1776811919.963,119.963,0.85,0.86,0.14,0.15,0.01,0.01,75558.19,1776811919000
1776811920.303,120.303,0.85,0.86,0.14,0.15,0.01,0.01,75558.19,1776811919000
1776811920.656,120.656,0.85,0.86,0.14,0.15,0.01,0.01,75558.19,1776811919000
1776811920.995,120.995,0.85,0.86,0.14,0.15,0.01,0.01,75557.86,1776811920000
1776811921.379,121.379,0.85,0.86,0.14,0.15,0.01,0.01,75557.86,1776811920000
1776811921.728,121.728,0.85,0.86,0.14,0.15,0.01,0.01,75557.86,1776811920000
1776811922.266,122.266,0.85,0.86,0.14,0.15,0.01,0.01,75557.34,1776811921000
1776811923.107,123.107,0.85,0.86,0.14,0.15,0.01,0.01,75557.34,1776811921000
1776811923.613,123.613,0.85,0.86,0.14,0.15,0.01,0.01,75557.54,1776811922000
1776811923.988,123.988,0.85,0.86,0.14,0.15,0.01,0.01,75557.54,1776811922000
1776811924.626,124.626,0.85,0.86,0.14,0.15,0.01,0.01,75557.34,1776811923000
1776811925.194,125.194,0.85,0.86,0.14,0.15,0.01,0.01,75557.34,1776811923000
1776811925.54,125.54,0.85,0.86,0.14,0.15,0.01,0.01,75557.35,1776811924000
1776811925.917,125.917,0.85,0.86,0.14,0.15,0.01,0.01,75557.35,1776811924000
1776811926.499,126.499,0.85,0.86,0.14,0.15,0.01,0.01,75556.71,1776811925000
1776811926.832,126.832,0.85,0.86,0.14,0.15,0.01,0.01,75556.71,1776811925000
1776811927.236,127.236,0.84,0.85,0.14,0.16,0.01,0.02,75556.72,1776811926000
1776811927.763,127.763,0.84,0.85,0.15,0.16,0.01,0.01,75556.72,1776811926000
1776811928.121,128.121,0.84,0.85,0.15,0.16,0.01,0.01,75556.72,1776811926000
1776811928.485,128.485,0.84,0.85,0.15,0.16,0.01,0.01,75556.65,1776811927000
1776811928.838,128.838,0.84,0.85,0.15,0.16,0.01,0.01,75556.65,1776811927000
1776811929.208,129.208,0.84,0.85,0.15,0.16,0.01,0.01,75556.65,1776811927000
1776811930.028,130.028,0.84,0.85,0.15,0.16,0.01,0.01,75556.65,1776811929000
1776811930.604,130.604,0.84,0.85,0.15,0.16,0.01,0.01,75556.65,1776811929000
1776811931.017,131.017,0.84,0.85,0.15,0.16,0.01,0.01,75556.65,1776811929000
1776811931.375,131.375,0.84,0.85,0.15,0.16,0.01,0.01,75556.65,1776811929000
1776811931.747,131.747,0.85,0.86,0.14,0.16,0.01,0.02,75556.91,1776811930000
1776811932.087,132.087,0.85,0.86,0.14,0.15,0.01,0.01,75556.91,1776811930000
1776811932.454,132.454,0.85,0.86,0.14,0.15,0.01,0.01,75556.73,1776811931000
1776811932.989,132.989,0.86,0.87,0.13,0.15,0.01,0.02,75556.73,1776811931000
1776811933.445,133.445,0.86,0.87,0.13,0.14,0.01,0.01,75556.73,1776811932000
1776811933.8,133.8,0.85,0.87,0.13,0.14,0.02,0.01,75556.73,1776811932000
1776811934.145,134.145,0.85,0.86,0.14,0.15,0.01,0.01,75556.85,1776811933000
1776811934.719,134.719,0.85,0.86,0.14,0.15,0.01,0.01,75556.85,1776811933000
1776811935.209,135.209,0.85,0.86,0.14,0.15,0.01,0.01,75556.67,1776811934000
1776811936.013,136.013,0.85,0.86,0.14,0.15,0.01,0.01,75556.67,1776811934000
1776811936.373,136.373,0.85,0.86,0.14,0.15,0.01,0.01,75557.35,1776811935000
1776811936.859,136.859,0.85,0.86,0.14,0.15,0.01,0.01,75557.35,1776811935000
1776811938.027,138.027,0.85,0.86,0.14,0.15,0.01,0.01,75556.95,1776811936000
1776811938.387,138.387,0.85,0.86,0.14,0.15,0.01,0.01,75557.68,1776811937000
1776811939.211,139.211,0.85,0.86,0.14,0.15,0.01,0.01,75558.46,1776811938000
1776811939.645,139.645,0.85,0.86,0.14,0.15,0.01,0.01,75558.46,1776811938000
1776811940.038,140.038,0.85,0.86,0.14,0.15,0.01,0.01,75558.46,1776811938000
1776811940.741,140.741,0.85,0.86,0.14,0.15,0.01,0.01,75556.64,1776811939000
1776811941.199,141.199,0.85,0.86,0.14,0.15,0.01,0.01,75556.64,1776811939000
1776811941.565,141.565,0.86,0.87,0.13,0.14,0.01,0.01,75557.03,1776811940000
1776811942.194,142.194,0.86,0.87,0.13,0.14,0.01,0.01,75557.03,1776811941000
1776811942.592,142.592,0.86,0.87,0.13,0.14,0.01,0.01,75557.03,1776811941000
1776811943.272,143.272,0.86,0.87,0.13,0.14,0.01,0.01,75557.03,1776811942000
1776811944.162,144.162,0.86,0.87,0.13,0.14,0.01,0.01,75557.27,1776811943000
1776811945.181,145.181,0.86,0.87,0.13,0.14,0.01,0.01,75557.27,1776811944000
1776811946.117,146.117,0.86,0.87,0.13,0.14,0.01,0.01,75557.46,1776811945000
1776811946.493,146.493,0.86,0.87,0.13,0.14,0.01,0.01,75557.46,1776811945000
1776811946.917,146.917,0.86,0.87,0.13,0.14,0.01,0.01,75557.46,1776811945000
1776811947.514,147.514,0.86,0.87,0.13,0.14,0.01,0.01,75557.48,1776811946000
1776811947.896,147.896,0.86,0.87,0.13,0.14,0.01,0.01,75557.48,1776811946000
1776811948.26,148.26,0.86,0.87,0.13,0.14,0.01,0.01,75557.41,1776811947000
1776811948.658,148.658,0.86,0.87,0.13,0.14,0.01,0.01,75557.41,1776811947000
1776811949.033,149.033,0.86,0.87,0.13,0.14,0.01,0.01,75557.41,1776811947000
1776811949.478,149.478,0.86,0.87,0.13,0.14,0.01,0.01,75557.47,1776811948000
1776811950.101,150.101,0.86,0.87,0.13,0.14,0.01,0.01,75557.47,1776811948000
1776811950.503,150.503,0.85,0.86,0.14,0.15,0.01,0.01,75557.47,1776811948000
1776811950.84,150.84,0.85,0.86,0.14,0.15,0.01,0.01,75557.47,1776811949000
1776811951.316,151.316,0.85,0.86,0.14,0.15,0.01,0.01,75558.72,1776811950000
1776811951.819,151.819,0.85,0.86,0.14,0.15,0.01,0.01,75558.72,1776811950000
1776811952.194,152.194,0.85,0.86,0.14,0.15,0.01,0.01,75557.46,1776811951000
1776811952.635,152.635,0.85,0.86,0.14,0.15,0.01,0.01,75557.46,1776811951000
1776811953.08,153.08,0.85,0.86,0.14,0.15,0.01,0.01,75557.46,1776811951000
1776811953.417,153.417,0.85,0.86,0.14,0.15,0.01,0.01,75557.61,1776811952000
1776811953.854,153.854,0.85,0.86,0.14,0.15,0.01,0.01,75557.61,1776811952000
1776811954.241,154.241,0.85,0.86,0.14,0.15,0.01,0.01,75557.61,1776811953000
1776811954.732,154.732,0.85,0.86,0.14,0.15,0.01,0.01,75557.61,1776811953000
1776811955.127,155.127,0.85,0.86,0.14,0.15,0.01,0.01,75557.61,1776811953000
1776811955.494,155.494,0.85,0.86,0.14,0.15,0.01,0.01,75558.04,1776811954000
1776811955.933,155.933,0.85,0.86,0.14,0.15,0.01,0.01,75558.04,1776811954000
1776811956.368,156.368,0.85,0.86,0.14,0.15,0.01,0.01,75558.81,1776811955000
1776811956.876,156.876,0.85,0.86,0.14,0.15,0.01,0.01,75558.81,1776811955000
1776811957.836,157.836,0.85,0.86,0.14,0.15,0.01,0.01,75557.87,1776811957000
1776811958.184,158.184,0.85,0.86,0.14,0.15,0.01,0.01,75557.87,1776811957000
1776811958.527,158.527,0.84,0.86,0.14,0.16,0.02,0.02,75557.87,1776811957000
1776811959.016,159.016,0.84,0.85,0.15,0.16,0.01,0.01,75557.87,1776811957000
1776811959.457,159.457,0.84,0.85,0.15,0.16,0.01,0.01,75558.62,1776811958000
1776811959.967,159.967,0.84,0.85,0.15,0.16,0.01,0.01,75558.62,1776811958000
1776811960.35,160.35,0.84,0.85,0.15,0.16,0.01,0.01,75557.98,1776811959000
1776811961.345,161.345,0.84,0.85,0.15,0.16,0.01,0.01,75557.98,1776811959000
1776811962.26,162.26,0.84,0.86,0.15,0.16,0.02,0.01,75559.82,1776811960000
1776811962.627,162.627,0.85,0.86,0.14,0.15,0.01,0.01,75557.24,1776811961000
1776811962.963,162.963,0.86,0.88,0.12,0.14,0.02,0.02,75557.24,1776811961000
1776811963.315,163.315,0.87,0.88,0.12,0.13,0.01,0.01,75557.24,1776811961000
1776811963.923,163.923,0.88,0.89,0.11,0.12,0.01,0.01,75558.94,1776811962000
1776811964.349,164.349,0.88,0.89,0.11,0.12,0.01,0.01,75558.94,1776811962000
1776811964.687,164.687,0.88,0.89,0.11,0.12,0.01,0.01,75558.97,1776811963000
1776811965.035,165.035,0.88,0.89,0.11,0.12,0.01,0.01,75559.47,1776811964000
1776811965.578,165.578,0.89,0.9,0.1,0.11,0.01,0.01,75559.47,1776811964000
1776811965.918,165.918,0.89,0.9,0.1,0.11,0.01,0.01,75559.44,1776811965000
1776811966.43,166.43,0.89,0.9,0.1,0.11,0.01,0.01,75559.44,1776811965000
1776811966.834,166.834,0.89,0.9,0.1,0.11,0.01,0.01,75559.44,1776811965000
1776811967.169,167.169,0.89,0.9,0.1,0.11,0.01,0.01,75558.88,1776811966000
1776811967.832,167.832,0.89,0.9,0.1,0.11,0.01,0.01,75558.88,1776811966000
1776811968.201,168.201,0.89,0.9,0.1,0.11,0.01,0.01,75558.88,1776811966000
1776811968.614,168.614,0.88,0.89,0.11,0.12,0.01,0.01,75557.97,1776811967000
1776811968.979,168.979,0.87,0.88,0.11,0.13,0.01,0.02,75557.97,1776811967000
1776811969.608,169.608,0.87,0.88,0.12,0.13,0.01,0.01,75559.41,1776811968000
1776811970.016,170.016,0.87,0.88,0.12,0.13,0.01,0.01,75559.41,1776811968000
1776811970.582,170.582,0.88,0.89,0.12,0.13,0.01,0.01,75557.28,1776811969000
1776811970.945,170.945,0.88,0.89,0.11,0.12,0.01,0.01,75557.28,1776811969000
1776811971.52,171.52,0.88,0.89,0.11,0.12,0.01,0.01,75557.28,1776811970000
1776811972.161,172.161,0.88,0.89,0.11,0.12,0.01,0.01,75556.87,1776811971000
1776811972.558,172.558,0.88,0.89,0.11,0.12,0.01,0.01,75556.87,1776811971000
1776811973.137,173.137,0.88,0.89,0.11,0.12,0.01,0.01,75558.18,1776811972000
1776811973.684,173.684,0.88,0.89,0.11,0.12,0.01,0.01,75558.18,1776811972000
1776811974.149,174.149,0.88,0.89,0.11,0.12,0.01,0.01,75559.97,1776811973000
1776811974.805,174.805,0.88,0.89,0.11,0.12,0.01,0.01,75559.97,1776811973000
1776811975.161,175.161,0.88,0.89,0.11,0.12,0.01,0.01,75559.98,1776811974000
1776811975.592,175.592,0.88,0.89,0.11,0.12,0.01,0.01,75559.98,1776811974000
1776811976.074,176.074,0.86,0.87,0.13,0.14,0.01,0.01,75559.98,1776811974000
1776811976.536,176.536,0.86,0.87,0.13,0.14,0.01,0.01,75559.98,1776811974000
1776811977.366,177.366,0.86,0.87,0.13,0.14,0.01,0.01,75558.2,1776811976000
1776811977.735,177.735,0.86,0.87,0.13,0.14,0.01,0.01,75558.2,1776811976000
1776811978.137,178.137,0.86,0.87,0.13,0.14,0.01,0.01,75557.12,1776811977000
1776811978.534,178.534,0.86,0.87,0.13,0.14,0.01,0.01,75557.12,1776811977000
1776811978.911,178.911,0.86,0.87,0.13,0.14,0.01,0.01,75557.12,1776811977000
1776811979.298,179.298,0.85,0.87,0.13,0.14,0.02,0.01,75557.39,1776811978000
1776811979.688,179.688,0.84,0.85,0.15,0.16,0.01,0.01,75557.39,1776811978000
1776811980.066,180.066,0.84,0.85,0.15,0.16,0.01,0.01,75557.39,1776811978000
1776811980.425,180.425,0.82,0.83,0.17,0.18,0.01,0.01,75554.12,1776811979000
1776811980.833,180.833,0.82,0.83,0.17,0.18,0.01,0.01,75554.12,1776811979000
1776811981.197,181.197,0.8,0.81,0.19,0.2,0.01,0.01,75554.12,1776811979000
1776811981.534,181.534,0.8,0.81,0.19,0.2,0.01,0.01,75554.12,1776811979000
1776811981.893,181.893,0.8,0.81,0.19,0.2,0.01,0.01,75551.88,1776811980000
1776811982.382,182.382,0.8,0.81,0.19,0.2,0.01,0.01,75548.21,1776811981000
1776811982.785,182.785,0.78,0.81,0.19,0.2,0.03,0.01,75548.21,1776811981000
1776811983.203,183.203,0.78,0.79,0.21,0.22,0.01,0.01,75542.83,1776811982000
1776811984.14,184.14,0.78,0.79,0.21,0.22,0.01,0.01,75542.83,1776811982000
1776811984.562,184.562,0.78,0.79,0.21,0.22,0.01,0.01,75540.52,1776811983000
1776811984.901,184.901,0.78,0.79,0.21,0.22,0.01,0.01,75540.52,1776811983000
1776811985.308,185.308,0.78,0.79,0.21,0.22,0.01,0.01,75537.72,1776811984000
1776811985.914,185.914,0.78,0.79,0.21,0.22,0.01,0.01,75537.72,1776811984000
1776811986.654,186.654,0.78,0.8,0.21,0.22,0.02,0.01,75537.74,1776811985000
1776811987.016,187.016,0.8,0.81,0.19,0.2,0.01,0.01,75537.74,1776811985000
1776811987.507,187.507,0.8,0.81,0.19,0.2,0.01,0.01,75537.74,1776811986000
1776811987.992,187.992,0.81,0.82,0.18,0.2,0.01,0.02,75537.74,1776811986000
1776811988.329,188.329,0.87,0.91,0.1,0.13,0.04,0.03,75538.02,1776811987000
1776811988.665,188.665,0.88,0.89,0.11,0.12,0.01,0.01,75538.02,1776811987000
1776811989.038,189.038,0.88,0.89,0.11,0.12,0.01,0.01,75538.02,1776811987000
1776811989.388,189.388,0.9,0.91,0.09,0.1,0.01,0.01,75540.8,1776811988000
1776811989.831,189.831,0.9,0.91,0.09,0.1,0.01,0.01,75540.8,1776811988000
1776811990.225,190.225,0.91,0.92,0.08,0.09,0.01,0.01,75556.17,1776811989000
1776811990.991,190.991,0.91,0.92,0.08,0.09,0.01,0.01,75556.17,1776811989000
1776811991.329,191.329,0.91,0.92,0.08,0.09,0.01,0.01,75556.17,1776811989000
1776811991.817,191.817,0.91,0.92,0.08,0.09,0.01,0.01,75559.28,1776811990000
1776811992.357,192.357,0.91,0.92,0.08,0.1,0.01,0.02,75559.28,1776811990000
1776811992.762,192.762,0.91,0.92,0.08,0.09,0.01,0.01,75558.76,1776811991000
1776811993.27,193.27,0.91,0.92,0.08,0.09,0.01,0.01,75558.76,1776811991000
1776811993.835,193.835,0.91,0.92,0.08,0.09,0.01,0.01,75558.76,1776811991000
1776811994.186,194.186,0.91,0.92,0.08,0.09,0.01,0.01,75558.81,1776811992000
1776811994.813,194.813,0.91,0.92,0.08,0.09,0.01,0.01,75560.0,1776811993000
1776811995.207,195.207,0.91,0.92,0.08,0.09,0.01,0.01,75560.0,1776811993000
1776811996.115,196.115,0.91,0.92,0.08,0.09,0.01,0.01,75559.74,1776811994000
1776811997.546,197.546,0.91,0.92,0.08,0.09,0.01,0.01,75560.0,1776811995000
1776811998.034,198.034,0.91,0.92,0.08,0.09,0.01,0.01,75560.0,1776811996000
1776811998.43,198.43,0.91,0.92,0.08,0.09,0.01,0.01,75560.0,1776811996000
1776811998.776,198.776,0.91,0.92,0.08,0.09,0.01,0.01,75560.01,1776811997000
1776811999.114,199.114,0.91,0.92,0.08,0.09,0.01,0.01,75560.01,1776811997000
1776811999.552,199.552,0.91,0.92,0.08,0.09,0.01,0.01,75560.01,1776811998000
1776812000.219,200.219,0.91,0.92,0.08,0.09,0.01,0.01,75560.01,1776811998000
1776812000.721,200.721,0.91,0.92,0.08,0.09,0.01,0.01,75560.01,1776811999000
1776812001.144,201.144,0.91,0.92,0.08,0.09,0.01,0.01,75560.01,1776811999000
1776812001.477,201.477,0.92,0.93,0.07,0.08,0.01,0.01,75560.01,1776811999000
1776812001.83,201.83,0.92,0.93,0.07,0.08,0.01,0.01,75560.01,1776811999000
1776812002.216,202.216,0.9,0.93,0.07,0.09,0.03,0.02,75559.03,1776812000000
1776812002.586,202.586,0.91,0.92,0.07,0.1,0.01,0.03,75559.03,1776812000000
1776812003.196,203.196,0.91,0.92,0.08,0.09,0.01,0.01,75560.01,1776812001000
1776812003.576,203.576,0.91,0.92,0.08,0.09,0.01,0.01,75559.86,1776812002000
1776812003.923,203.923,0.91,0.92,0.08,0.09,0.01,0.01,75559.86,1776812002000
1776812004.838,204.838,0.91,0.92,0.08,0.09,0.01,0.01,75558.26,1776812003000
1776812005.583,205.583,0.91,0.92,0.08,0.09,0.01,0.01,75558.26,1776812003000
1776812005.952,205.952,0.91,0.92,0.08,0.09,0.01,0.01,75557.88,1776812004000
1776812006.372,206.372,0.91,0.92,0.08,0.09,0.01,0.01,75557.88,1776812004000
1776812007.395,207.395,0.91,0.92,0.08,0.09,0.01,0.01,75558.97,1776812006000
1776812007.746,207.746,0.91,0.92,0.08,0.09,0.01,0.01,75558.97,1776812006000
1776812008.1,208.1,0.91,0.92,0.08,0.09,0.01,0.01,75558.98,1776812007000
1776812008.868,208.868,0.91,0.92,0.08,0.09,0.01,0.01,75558.98,1776812007000
1776812009.461,209.461,0.91,0.92,0.08,0.09,0.01,0.01,75558.98,1776812007000
1776812010.124,210.124,0.92,0.93,0.08,0.09,0.01,0.01,75560.0,1776812008000
1776812010.457,210.457,0.92,0.93,0.07,0.08,0.01,0.01,75560.0,1776812009000
1776812011.142,211.142,0.92,0.93,0.07,0.08,0.01,0.01,75560.0,1776812009000
1776812011.704,211.704,0.92,0.93,0.07,0.08,0.01,0.01,75560.0,1776812009000
1776812012.364,212.364,0.92,0.93,0.07,0.08,0.01,0.01,75558.88,1776812010000
1776812012.812,212.812,0.92,0.93,0.07,0.08,0.01,0.01,75560.53,1776812011000
1776812013.182,213.182,0.92,0.93,0.07,0.08,0.01,0.01,75560.53,1776812011000
1776812013.527,213.527,0.92,0.93,0.07,0.08,0.01,0.01,75560.53,1776812012000
1776812014.287,214.287,0.92,0.93,0.07,0.08,0.01,0.01,75560.0,1776812013000
1776812014.714,214.714,0.92,0.93,0.07,0.08,0.01,0.01,75560.0,1776812013000
1776812015.084,215.084,0.92,0.93,0.07,0.08,0.01,0.01,75560.0,1776812013000
1776812015.544,215.544,0.92,0.93,0.07,0.08,0.01,0.01,75560.0,1776812014000
1776812015.882,215.882,0.93,0.94,0.07,0.08,0.01,0.01,75560.0,1776812014000
1776812016.274,216.274,0.94,0.95,0.05,0.06,0.01,0.01,75560.0,1776812014000
1776812016.622,216.622,0.94,0.95,0.05,0.06,0.01,0.01,75559.99,1776812015000
1776812016.957,216.957,0.94,0.95,0.05,0.06,0.01,0.01,75559.99,1776812015000
1776812017.343,217.343,0.94,0.95,0.05,0.06,0.01,0.01,75562.1,1776812016000
1776812017.815,217.815,0.94,0.95,0.05,0.06,0.01,0.01,75562.1,1776812016000
1776812018.233,218.233,0.94,0.95,0.05,0.06,0.01,0.01,75562.1,1776812016000
1776812018.618,218.618,0.95,0.96,0.04,0.05,0.01,0.01,75569.37,1776812017000
1776812019.062,219.062,0.95,0.96,0.04,0.05,0.01,0.01,75569.37,1776812017000
1776812019.517,219.517,0.95,0.96,0.04,0.05,0.01,0.01,75574.0,1776812018000
1776812019.883,219.883,0.95,0.96,0.04,0.05,0.01,0.01,75574.0,1776812018000
1776812020.254,220.254,0.95,0.96,0.04,0.05,0.01,0.01,75574.0,1776812018000
1776812020.608,220.608,0.95,0.96,0.04,0.05,0.01,0.01,75574.19,1776812019000
1776812021.065,221.065,0.95,0.96,0.04,0.05,0.01,0.01,75574.19,1776812019000
1776812021.406,221.406,0.95,0.96,0.04,0.05,0.01,0.01,75574.19,1776812020000
1776812021.837,221.837,0.95,0.96,0.04,0.05,0.01,0.01,75574.19,1776812020000
1776812022.194,222.194,0.95,0.96,0.04,0.05,0.01,0.01,75574.19,1776812020000
1776812022.587,222.587,0.95,0.96,0.04,0.05,0.01,0.01,75575.52,1776812021000
1776812022.931,222.931,0.95,0.96,0.04,0.05,0.01,0.01,75575.52,1776812021000
1776812023.279,223.279,0.95,0.96,0.04,0.05,0.01,0.01,75575.52,1776812021000
1776812023.615,223.615,0.94,0.96,0.04,0.06,0.02,0.02,75575.56,1776812022000
1776812023.955,223.955,0.94,0.95,0.05,0.06,0.01,0.01,75575.56,1776812022000
1776812024.295,224.295,0.95,0.96,0.04,0.05,0.01,0.01,75575.56,1776812023000
1776812024.862,224.862,0.95,0.96,0.04,0.05,0.01,0.01,75575.56,1776812023000
1776812025.578,225.578,0.95,0.96,0.04,0.05,0.01,0.01,75566.54,1776812024000
1776812025.911,225.911,0.95,0.96,0.04,0.05,0.01,0.01,75566.54,1776812024000
1776812026.341,226.341,0.95,0.96,0.04,0.05,0.01,0.01,75567.9,1776812025000
1776812026.687,226.687,0.94,0.96,0.04,0.06,0.02,0.02,75567.9,1776812025000
1776812027.211,227.211,0.94,0.95,0.05,0.06,0.01,0.01,75566.03,1776812026000
1776812027.647,227.647,0.93,0.94,0.05,0.06,0.01,0.01,75566.03,1776812026000
1776812028.192,228.192,0.93,0.94,0.06,0.07,0.01,0.01,75566.03,1776812026000
1776812028.853,228.853,0.9,0.91,0.09,0.11,0.01,0.02,75564.02,1776812027000
1776812029.356,229.356,0.92,0.93,0.07,0.09,0.01,0.02,75564.02,1776812027000
1776812029.697,229.697,0.92,0.93,0.07,0.08,0.01,0.01,75563.57,1776812028000
1776812030.072,230.072,0.92,0.93,0.07,0.08,0.01,0.01,75563.57,1776812028000
1776812030.46,230.46,0.92,0.94,0.06,0.08,0.02,0.02,75556.91,1776812029000
1776812030.814,230.814,0.94,0.95,0.05,0.07,0.01,0.02,75556.91,1776812029000
1776812031.198,231.198,0.94,0.95,0.05,0.06,0.01,0.01,75559.44,1776812030000
1776812031.625,231.625,0.95,0.96,0.04,0.06,0.01,0.02,75559.44,1776812030000
1776812032.125,232.125,0.95,0.96,0.04,0.05,0.01,0.01,75559.44,1776812031000
1776812032.685,232.685,0.95,0.96,0.04,0.05,0.01,0.01,75559.44,1776812031000
1776812033.219,233.219,0.95,0.96,0.04,0.05,0.01,0.01,75562.87,1776812032000
1776812033.802,233.802,0.95,0.96,0.04,0.05,0.01,0.01,75562.87,1776812032000
1776812034.138,234.138,0.95,0.96,0.04,0.05,0.01,0.01,75562.87,1776812032000
1776812034.875,234.875,0.95,0.96,0.04,0.05,0.01,0.01,75563.52,1776812033000
1776812035.407,235.407,0.95,0.96,0.04,0.05,0.01,0.01,75563.62,1776812034000
1776812035.85,235.85,0.95,0.97,0.04,0.05,0.02,0.01,75563.62,1776812034000
1776812036.258,236.258,0.95,0.97,0.03,0.05,0.02,0.02,75565.98,1776812035000
1776812036.826,236.826,0.96,0.97,0.03,0.09,0.01,0.06,75565.98,1776812035000
1776812037.171,237.171,0.96,0.97,0.03,0.04,0.01,0.01,75568.24,1776812036000
1776812037.518,237.518,0.96,0.97,0.03,0.04,0.01,0.01,75568.24,1776812036000
1776812037.882,237.882,0.96,0.97,0.03,0.04,0.01,0.01,75568.24,1776812036000
1776812038.235,238.235,0.96,0.97,0.03,0.04,0.01,0.01,75570.82,1776812037000
1776812038.803,238.803,0.96,0.97,0.03,0.04,0.01,0.01,75570.82,1776812037000
1776812039.158,239.158,0.96,0.97,0.03,0.04,0.01,0.01,75570.82,1776812037000
1776812039.511,239.511,0.96,0.97,0.03,0.04,0.01,0.01,75570.82,1776812037000
1776812039.923,239.923,0.96,0.97,0.03,0.04,0.01,0.01,75570.11,1776812038000
1776812040.295,240.295,0.95,0.97,0.03,0.04,0.02,0.01,75570.11,1776812038000
1776812040.681,240.681,0.96,0.97,0.03,0.04,0.01,0.01,75567.38,1776812039000
1776812041.118,241.118,0.96,0.97,0.03,0.04,0.01,0.01,75570.83,1776812040000
1776812041.454,241.454,0.96,0.97,0.03,0.04,0.01,0.01,75570.83,1776812040000
1776812041.815,241.815,0.97,0.98,0.02,0.03,0.01,0.01,75570.83,1776812040000
1776812042.197,242.197,0.97,0.98,0.02,0.03,0.01,0.01,75571.45,1776812041000
1776812042.644,242.644,0.97,0.98,0.02,0.03,0.01,0.01,75571.45,1776812041000
1776812042.986,242.986,0.97,0.98,0.02,0.03,0.01,0.01,75571.45,1776812041000
1776812043.337,243.337,0.97,0.98,0.02,0.03,0.01,0.01,75570.88,1776812042000
1776812043.809,243.809,0.97,0.98,0.02,0.03,0.01,0.01,75570.88,1776812042000
1776812044.365,244.365,0.97,0.98,0.02,0.03,0.01,0.01,75570.88,1776812042000
1776812044.703,244.703,0.97,0.98,0.02,0.03,0.01,0.01,75573.05,1776812043000
1776812045.097,245.097,0.97,0.98,0.02,0.03,0.01,0.01,75573.68,1776812044000
1776812045.653,245.653,0.97,0.98,0.02,0.03,0.01,0.01,75573.68,1776812044000
1776812046.056,246.056,0.97,0.98,0.02,0.03,0.01,0.01,75573.68,1776812044000
1776812046.409,246.409,0.97,0.98,0.02,0.03,0.01,0.01,75573.76,1776812045000
1776812046.753,246.753,0.97,0.98,0.02,0.03,0.01,0.01,75573.76,1776812045000
1776812047.101,247.101,0.98,0.99,0.01,0.03,0.01,0.02,75573.76,1776812045000
1776812047.463,247.463,0.98,0.99,0.01,0.02,0.01,0.01,75573.76,1776812045000
1776812047.923,247.923,0.98,0.99,0.01,0.02,0.01,0.01,75573.76,1776812046000
1776812048.371,248.371,0.98,0.99,0.01,0.02,0.01,0.01,75574.71,1776812047000
1776812048.716,248.716,0.98,0.99,0.01,0.02,0.01,0.01,75574.71,1776812047000
1776812049.093,249.093,0.98,0.99,0.01,0.02,0.01,0.01,75574.71,1776812048000
1776812049.71,249.71,0.98,0.99,0.01,0.02,0.01,0.01,75574.71,1776812048000
1776812050.22,250.22,0.98,0.99,0.01,0.02,0.01,0.01,75574.71,1776812048000
1776812050.779,250.779,0.98,0.99,0.01,0.02,0.01,0.01,75576.4,1776812049000
1776812051.3,251.3,0.98,0.99,0.01,0.02,0.01,0.01,75576.56,1776812050000
1776812051.702,251.702,0.98,0.99,0.01,0.02,0.01,0.01,75576.56,1776812050000
1776812052.338,252.338,0.98,0.99,0.01,0.02,0.01,0.01,75576.56,1776812050000
1776812052.911,252.911,0.98,0.99,0.01,0.02,0.01,0.01,75573.29,1776812051000
1776812053.312,253.312,0.98,0.99,0.01,0.02,0.01,0.01,75576.63,1776812052000
1776812053.671,253.671,0.98,0.99,0.01,0.02,0.01,0.01,75576.63,1776812052000
1776812054.316,254.316,0.98,0.99,0.01,0.02,0.01,0.01,75576.63,1776812052000
1776812054.898,254.898,0.98,0.99,0.01,0.02,0.01,0.01,75576.49,1776812053000
1776812055.307,255.307,0.98,0.99,0.01,0.02,0.01,0.01,75576.8,1776812054000
1776812055.797,255.797,0.98,0.99,0.01,0.02,0.01,0.01,75576.8,1776812054000
1776812056.232,256.232,0.98,0.99,0.01,0.02,0.01,0.01,75579.69,1776812055000
1776812056.728,256.728,0.98,0.99,0.01,0.02,0.01,0.01,75579.69,1776812055000
1776812057.196,257.196,0.98,0.99,0.01,0.02,0.01,0.01,75581.11,1776812056000
1776812057.727,257.727,0.99,0.99,0.01,0.01,0.0,0.0,75581.11,1776812056000
1776812058.07,258.07,0.99,0.99,0.01,0.01,0.0,0.0,75581.11,1776812056000
1776812058.417,258.417,0.99,0.99,0.01,0.01,0.0,0.0,75581.52,1776812057000
1776812058.95,258.95,0.99,0.99,0.01,0.01,0.0,0.0,75581.52,1776812057000
1776812059.307,259.307,0.99,0.99,0.01,0.01,0.0,0.0,75582.69,1776812058000
1776812059.681,259.681,0.99,0.99,0.01,0.01,0.0,0.0,75582.69,1776812058000
1776812060.349,260.349,0.99,0.99,0.01,0.01,0.0,0.0,75582.69,1776812058000
1776812061.031,261.031,0.99,0.99,0.01,0.01,0.0,0.0,75583.17,1776812059000
1776812061.402,261.402,0.99,0.99,0.01,0.01,0.0,0.0,75589.22,1776812060000
1776812061.963,261.963,0.99,0.99,0.01,0.01,0.0,0.0,75589.57,1776812061000
1776812062.58,262.58,0.99,0.99,0.01,0.01,0.0,0.0,75589.57,1776812061000
1776812063.006,263.006,0.99,0.99,0.01,0.01,0.0,0.0,75593.61,1776812062000
1776812063.896,263.896,0.99,0.99,0.01,0.01,0.0,0.0,75593.61,1776812062000
1776812064.698,264.698,0.99,0.99,0.01,0.01,0.0,0.0,75597.76,1776812063000
1776812065.108,265.108,0.99,0.99,0.01,0.01,0.0,0.0,75597.77,1776812064000
1776812066.118,266.118,0.99,0.99,0.01,0.01,0.0,0.0,75597.76,1776812065000
1776812067.16,267.16,0.99,0.99,0.01,0.01,0.0,0.0,75597.76,1776812066000
1776812068.373,268.373,0.99,0.99,0.01,0.01,0.0,0.0,75597.76,1776812067000
1776812069.547,269.547,0.99,0.99,0.01,0.01,0.0,0.0,75597.76,1776812068000
1776812070.206,270.206,0.99,0.99,0.01,0.01,0.0,0.0,75598.46,1776812069000
1776812071.761,271.761,0.99,0.99,0.01,0.01,0.0,0.0,75595.52,1776812070000
1776812072.45,272.45,0.99,0.99,0.01,0.01,0.0,0.0,75592.87,1776812071000
1776812073.308,273.308,0.99,0.99,0.01,0.01,0.0,0.0,75593.15,1776812072000
1776812074.122,274.122,0.99,0.99,0.01,0.01,0.0,0.0,75593.15,1776812072000
1776812074.76,274.76,0.99,0.99,0.01,0.01,0.0,0.0,75591.75,1776812073000
1776812075.676,275.676,0.99,0.99,0.01,0.01,0.0,0.0,75592.07,1776812074000
1776812076.393,276.393,0.99,0.99,0.01,0.01,0.0,0.0,75592.51,1776812075000
1776812077.08,277.08,0.99,0.99,0.01,0.01,0.0,0.0,75591.92,1776812076000
1776812078.625,278.625,0.99,0.99,0.01,0.01,0.0,0.0,75591.54,1776812077000
1776812079.311,279.311,0.99,0.99,0.01,0.01,0.0,0.0,75591.41,1776812078000
1776812080.597,280.597,0.99,0.99,0.01,0.01,0.0,0.0,75591.41,1776812078000
1776812081.515,281.515,0.99,0.99,0.01,0.01,0.0,0.0,75591.45,1776812080000
1776812082.315,282.315,0.99,0.99,0.01,0.01,0.0,0.0,75592.09,1776812081000
1776812083.804,283.804,0.99,0.99,0.01,0.01,0.0,0.0,75590.11,1776812082000
1776812084.639,284.639,0.99,0.99,0.01,0.01,0.0,0.0,75590.98,1776812083000
1776812085.268,285.268,0.99,0.99,0.01,0.01,0.0,0.0,75593.81,1776812084000
1776812086.634,286.634,0.99,0.99,0.01,0.01,0.0,0.0,75593.87,1776812085000
1776812087.84,287.84,0.99,0.99,0.01,0.01,0.0,0.0,75594.02,1776812086000
1776812088.434,288.434,0.99,0.99,0.01,0.01,0.0,0.0,75594.15,1776812087000
1776812089.105,289.105,0.99,0.99,0.01,0.01,0.0,0.0,75597.03,1776812088000
1776812089.927,289.927,0.99,0.99,0.01,0.01,0.0,0.0,75597.03,1776812088000
1776812090.305,290.305,0.99,0.99,0.01,0.01,0.0,0.0,75594.48,1776812089000
1776812091.415,291.415,0.99,0.99,0.01,0.01,0.0,0.0,75592.37,1776812090000
1776812091.811,291.811,0.99,0.99,0.01,0.01,0.0,0.0,75592.37,1776812090000
1776812093.218,293.218,0.99,0.99,0.01,0.01,0.0,0.0,75589.75,1776812092000
1776812094.296,294.296,0.99,0.99,0.01,0.01,0.0,0.0,75589.09,1776812093000
1776812095.539,295.539,0.99,0.99,0.01,0.01,0.0,0.0,75588.38,1776812094000
1776812095.982,295.982,0.99,0.99,0.01,0.01,0.0,0.0,75588.38,1776812095000
1776812097.243,297.243,0.99,0.99,0.01,0.01,0.0,0.0,75591.2,1776812096000
1776812098.149,298.149,0.99,0.99,0.01,0.01,0.0,0.0,75591.2,1776812096000
1776812098.872,298.872,0.99,0.99,0.01,0.01,0.0,0.0,75591.98,1776812098000
1776812099.989,299.989,0.99,0.99,0.01,0.01,0.0,0.0,75591.6,1776812099000
1776812100.351,300.351,0.99,0.99,0.01,0.01,0.0,0.0,75591.6,1776812099000
1776812100.796,300.796,0.99,0.99,0.01,0.01,0.0,0.0,75591.6,1776812099000

# RESULT,winner=Up,slug=btc-updown-5m-1776811800,ticks=625
