timestamp,elapsed_sec,up_bid,up_ask,down_bid,down_ask,up_spread,down_spread,btc_price,btc_oracle_ts
1775923200.777,0.777,0.47,0.48,0.52,0.53,0.01,0.01,72888.75,1775923199000
1775923201.274,1.274,0.47,0.48,0.52,0.53,0.01,0.01,72888.75,1775923199000
1775923201.64,1.64,0.45,0.48,0.52,0.55,0.03,0.03,72885.85,1775923200000
1775923201.98,1.98,0.46,0.47,0.53,0.54,0.01,0.01,72885.85,1775923200000
1775923202.383,2.383,0.46,0.47,0.53,0.54,0.01,0.01,72885.85,1775923200000
1775923202.844,2.844,0.46,0.47,0.53,0.54,0.01,0.01,72885.7,1775923201000
1775923203.209,3.209,0.47,0.49,0.51,0.53,0.02,0.02,72884.57,1775923202000
1775923203.717,3.717,0.47,0.49,0.52,0.53,0.02,0.01,72884.57,1775923202000
1775923204.067,4.067,0.49,0.5,0.5,0.52,0.01,0.02,72884.57,1775923202000
1775923204.415,4.415,0.45,0.49,0.5,0.52,0.04,0.02,72884.57,1775923202000
1775923204.767,4.767,0.48,0.49,0.51,0.52,0.01,0.01,72884.35,1775923203000
1775923205.122,5.122,0.49,0.5,0.5,0.51,0.01,0.01,72884.35,1775923203000
1775923205.467,5.467,0.49,0.5,0.5,0.51,0.01,0.01,72884.35,1775923203000
1775923205.807,5.807,0.49,0.5,0.5,0.51,0.01,0.01,72884.33,1775923204000
1775923206.289,6.289,0.49,0.5,0.5,0.51,0.01,0.01,72884.63,1775923205000
1775923206.623,6.623,0.49,0.5,0.5,0.51,0.01,0.01,72884.63,1775923205000
1775923207.053,7.053,0.49,0.5,0.5,0.51,0.01,0.01,72884.63,1775923205000
1775923207.437,7.437,0.48,0.5,0.5,0.52,0.02,0.02,72884.63,1775923205000
1775923207.778,7.778,0.48,0.5,0.51,0.52,0.02,0.01,72889.09,1775923206000
1775923208.171,8.171,0.49,0.5,0.5,0.51,0.01,0.01,72889.09,1775923206000
1775923208.535,8.535,0.47,0.48,0.5,0.53,0.01,0.03,72889.91,1775923207000
1775923208.878,8.878,0.48,0.49,0.51,0.52,0.01,0.01,72889.91,1775923207000
1775923209.297,9.297,0.49,0.5,0.5,0.51,0.01,0.01,72889.91,1775923207000
1775923210.017,10.017,0.49,0.5,0.5,0.51,0.01,0.01,72890.23,1775923208000
1775923210.404,10.404,0.5,0.55,0.45,0.5,0.05,0.05,72890.36,1775923209000
1775923210.753,10.753,0.49,0.51,0.49,0.51,0.02,0.02,72890.36,1775923209000
1775923211.161,11.161,0.47,0.49,0.51,0.52,0.02,0.01,72890.36,1775923209000
1775923211.519,11.519,0.48,0.49,0.51,0.52,0.01,0.01,72890.54,1775923210000
1775923211.872,11.872,0.48,0.49,0.51,0.52,0.01,0.01,72890.54,1775923210000
1775923212.248,12.248,0.48,0.49,0.51,0.52,0.01,0.01,72890.54,1775923210000
1775923212.609,12.609,0.48,0.49,0.51,0.52,0.01,0.01,72891.27,1775923211000
1775923212.954,12.954,0.48,0.49,0.51,0.52,0.01,0.01,72891.27,1775923211000
1775923213.331,13.331,0.48,0.49,0.51,0.52,0.01,0.01,72891.27,1775923211000
1775923213.872,13.872,0.48,0.49,0.51,0.52,0.01,0.01,72889.45,1775923212000
1775923214.269,14.269,0.49,0.5,0.5,0.51,0.01,0.01,72889.45,1775923212000
1775923214.782,14.782,0.49,0.5,0.49,0.5,0.01,0.01,72888.72,1775923213000
1775923215.283,15.283,0.49,0.5,0.5,0.51,0.01,0.01,72888.72,1775923213000
1775923215.893,15.893,0.49,0.5,0.5,0.51,0.01,0.01,72888.72,1775923213000
1775923216.359,16.359,0.49,0.5,0.5,0.51,0.01,0.01,72887.23,1775923214000
1775923216.928,16.928,0.49,0.5,0.5,0.51,0.01,0.01,72888.97,1775923215000
1775923217.268,17.268,0.52,0.53,0.47,0.48,0.01,0.01,72888.97,1775923215000
1775923217.662,17.662,0.52,0.53,0.47,0.48,0.01,0.01,72888.54,1775923216000
1775923218.106,18.106,0.52,0.53,0.47,0.48,0.01,0.01,72888.54,1775923216000
1775923218.45,18.45,0.52,0.53,0.47,0.48,0.01,0.01,72888.45,1775923217000
1775923218.824,18.824,0.51,0.52,0.48,0.49,0.01,0.01,72888.45,1775923217000
1775923219.17,19.17,0.51,0.52,0.48,0.49,0.01,0.01,72888.45,1775923217000
1775923219.698,19.698,0.51,0.55,0.47,0.49,0.04,0.02,72888.45,1775923218000
1775923220.077,20.077,0.54,0.55,0.45,0.46,0.01,0.01,72888.45,1775923218000
1775923220.472,20.472,0.54,0.55,0.45,0.46,0.01,0.01,72888.45,1775923218000
1775923220.894,20.894,0.54,0.55,0.45,0.46,0.01,0.01,72888.99,1775923219000
1775923221.241,21.241,0.54,0.55,0.45,0.46,0.01,0.01,72888.99,1775923219000
1775923221.581,21.581,0.53,0.56,0.44,0.46,0.03,0.02,72890.04,1775923220000
1775923221.952,21.952,0.54,0.55,0.45,0.47,0.01,0.02,72890.04,1775923220000
1775923222.366,22.366,0.55,0.56,0.44,0.45,0.01,0.01,72891.71,1775923221000
1775923222.704,22.704,0.55,0.56,0.44,0.45,0.01,0.01,72891.71,1775923221000
1775923223.287,23.287,0.55,0.56,0.44,0.45,0.01,0.01,72891.71,1775923221000
1775923223.636,23.636,0.57,0.58,0.42,0.43,0.01,0.01,72892.39,1775923222000
1775923223.992,23.992,0.58,0.59,0.41,0.42,0.01,0.01,72892.39,1775923222000
1775923224.337,24.337,0.58,0.59,0.41,0.42,0.01,0.01,72893.03,1775923223000
1775923224.684,24.684,0.58,0.59,0.4,0.42,0.01,0.02,72893.03,1775923223000
1775923225.234,25.234,0.58,0.59,0.41,0.42,0.01,0.01,72893.03,1775923223000
1775923225.605,25.605,0.59,0.6,0.4,0.41,0.01,0.01,72893.1,1775923224000
1775923226.02,26.02,0.59,0.6,0.4,0.41,0.01,0.01,72893.1,1775923224000
1775923226.395,26.395,0.59,0.6,0.4,0.41,0.01,0.01,72894.93,1775923225000
1775923226.733,26.733,0.59,0.6,0.4,0.41,0.01,0.01,72894.93,1775923225000
1775923227.216,27.216,0.58,0.59,0.4,0.42,0.01,0.02,72894.93,1775923225000
1775923227.671,27.671,0.57,0.59,0.41,0.42,0.02,0.01,72895.58,1775923226000
1775923228.037,28.037,0.57,0.58,0.42,0.43,0.01,0.01,72895.58,1775923226000
1775923228.371,28.371,0.57,0.58,0.42,0.43,0.01,0.01,72899.55,1775923227000
1775923228.763,28.763,0.58,0.59,0.4,0.42,0.01,0.02,72899.55,1775923227000
1775923229.317,29.317,0.59,0.6,0.4,0.41,0.01,0.01,72898.88,1775923228000
1775923229.666,29.666,0.59,0.6,0.4,0.41,0.01,0.01,72898.88,1775923228000
1775923230.0,30.0,0.59,0.6,0.4,0.41,0.01,0.01,72898.88,1775923228000
1775923230.375,30.375,0.58,0.59,0.41,0.42,0.01,0.01,72898.83,1775923229000
1775923230.822,30.822,0.61,0.63,0.37,0.41,0.02,0.04,72898.83,1775923229000
1775923231.167,31.167,0.62,0.63,0.35,0.38,0.01,0.03,72898.83,1775923229000
1775923231.516,31.516,0.64,0.66,0.35,0.36,0.02,0.01,72898.83,1775923230000
1775923231.881,31.881,0.65,0.66,0.34,0.35,0.01,0.01,72898.83,1775923230000
1775923232.306,32.306,0.64,0.66,0.34,0.36,0.02,0.02,72899.73,1775923231000
1775923232.696,32.696,0.65,0.66,0.34,0.35,0.01,0.01,72899.73,1775923231000
1775923233.033,33.033,0.65,0.66,0.34,0.35,0.01,0.01,72899.73,1775923231000
1775923233.394,33.394,0.62,0.65,0.35,0.38,0.03,0.03,72899.73,1775923231000
1775923233.786,33.786,0.62,0.63,0.35,0.38,0.01,0.03,72901.75,1775923232000
1775923234.125,34.125,0.56,0.63,0.37,0.38,0.07,0.01,72901.75,1775923232000
1775923234.488,34.488,0.59,0.61,0.39,0.41,0.02,0.02,72902.82,1775923233000
1775923234.864,34.864,0.59,0.6,0.4,0.41,0.01,0.01,72902.82,1775923233000
1775923235.274,35.274,0.58,0.59,0.41,0.42,0.01,0.01,72902.82,1775923233000
1775923235.717,35.717,0.58,0.59,0.41,0.42,0.01,0.01,72901.53,1775923234000
1775923236.308,36.308,0.58,0.59,0.41,0.42,0.01,0.01,72898.35,1775923235000
1775923236.786,36.786,0.58,0.59,0.41,0.42,0.01,0.01,72898.35,1775923235000
1775923237.143,37.143,0.57,0.58,0.42,0.43,0.01,0.01,72898.35,1775923235000
1775923237.511,37.511,0.56,0.57,0.43,0.44,0.01,0.01,72898.35,1775923235000
1775923237.85,37.85,0.56,0.57,0.43,0.44,0.01,0.01,72896.86,1775923236000
1775923238.237,38.237,0.56,0.57,0.43,0.44,0.01,0.01,72896.86,1775923236000
1775923238.576,38.576,0.56,0.57,0.43,0.44,0.01,0.01,72896.93,1775923237000
1775923238.995,38.995,0.56,0.57,0.43,0.44,0.01,0.01,72896.93,1775923237000
1775923239.382,39.382,0.56,0.57,0.43,0.44,0.01,0.01,72896.1,1775923238000
1775923239.763,39.763,0.56,0.57,0.43,0.44,0.01,0.01,72896.1,1775923238000
1775923240.335,40.335,0.55,0.56,0.44,0.45,0.01,0.01,72895.26,1775923239000
1775923240.911,40.911,0.55,0.56,0.44,0.45,0.01,0.01,72895.26,1775923239000
1775923241.576,41.576,0.55,0.56,0.44,0.45,0.01,0.01,72895.26,1775923240000
1775923241.915,41.915,0.55,0.56,0.44,0.45,0.01,0.01,72895.26,1775923240000
1775923242.283,42.283,0.55,0.56,0.44,0.45,0.01,0.01,72894.21,1775923241000
1775923242.771,42.771,0.55,0.56,0.44,0.45,0.01,0.01,72894.21,1775923241000
1775923243.128,43.128,0.55,0.56,0.44,0.45,0.01,0.01,72893.03,1775923242000
1775923243.562,43.562,0.55,0.56,0.44,0.45,0.01,0.01,72893.03,1775923242000
1775923243.939,43.939,0.55,0.56,0.44,0.45,0.01,0.01,72893.03,1775923242000
1775923244.275,44.275,0.54,0.55,0.44,0.46,0.01,0.02,72893.03,1775923242000
1775923244.677,44.677,0.54,0.55,0.45,0.46,0.01,0.01,72892.74,1775923243000
1775923245.08,45.08,0.54,0.55,0.45,0.46,0.01,0.01,72892.74,1775923243000
1775923245.453,45.453,0.54,0.55,0.45,0.46,0.01,0.01,72892.23,1775923244000
1775923246.01,46.01,0.54,0.55,0.45,0.46,0.01,0.01,72892.23,1775923244000
1775923246.455,46.455,0.51,0.55,0.45,0.49,0.04,0.04,72892.23,1775923245000
1775923246.983,46.983,0.53,0.59,0.45,0.48,0.06,0.03,72892.23,1775923245000
1775923247.452,47.452,0.55,0.56,0.44,0.45,0.01,0.01,72892.39,1775923246000
1775923247.805,47.805,0.55,0.57,0.44,0.45,0.02,0.01,72892.39,1775923246000
1775923248.299,48.299,0.56,0.57,0.43,0.44,0.01,0.01,72892.39,1775923247000
1775923248.689,48.689,0.56,0.59,0.43,0.44,0.03,0.01,72892.39,1775923247000
1775923249.159,49.159,0.58,0.59,0.41,0.44,0.01,0.03,72892.39,1775923247000
1775923249.507,49.507,0.57,0.58,0.42,0.43,0.01,0.01,72893.15,1775923248000
1775923249.863,49.863,0.58,0.59,0.41,0.42,0.01,0.01,72893.15,1775923248000
1775923250.273,50.273,0.56,0.57,0.42,0.44,0.01,0.02,72893.15,1775923248000
1775923250.693,50.693,0.56,0.57,0.43,0.44,0.01,0.01,72893.15,1775923248000
1775923251.187,51.187,0.56,0.57,0.43,0.44,0.01,0.01,72892.39,1775923249000
1775923251.795,51.795,0.56,0.57,0.43,0.44,0.01,0.01,72892.7,1775923250000
1775923252.289,52.289,0.55,0.56,0.44,0.45,0.01,0.01,72892.7,1775923250000
1775923252.675,52.675,0.55,0.56,0.44,0.45,0.01,0.01,72892.49,1775923251000
1775923253.077,53.077,0.57,0.58,0.42,0.43,0.01,0.01,72892.78,1775923252000
1775923253.417,53.417,0.57,0.58,0.42,0.43,0.01,0.01,72892.78,1775923252000
1775923253.822,53.822,0.57,0.58,0.42,0.43,0.01,0.01,72892.78,1775923252000
1775923254.706,54.706,0.57,0.58,0.42,0.43,0.01,0.01,72892.78,1775923253000
1775923255.058,55.058,0.58,0.59,0.41,0.43,0.01,0.02,72892.07,1775923254000
1775923255.404,55.404,0.58,0.59,0.41,0.42,0.01,0.01,72892.07,1775923254000
1775923255.9,55.9,0.58,0.59,0.41,0.42,0.01,0.01,72891.66,1775923255000
1775923256.288,56.288,0.57,0.59,0.41,0.42,0.02,0.01,72891.66,1775923255000
1775923256.872,56.872,0.57,0.59,0.41,0.43,0.02,0.02,72891.66,1775923255000
1775923257.272,57.272,0.56,0.57,0.43,0.44,0.01,0.01,72891.66,1775923256000
1775923257.74,57.74,0.56,0.57,0.43,0.44,0.01,0.01,72891.66,1775923256000
1775923258.526,58.526,0.55,0.56,0.44,0.45,0.01,0.01,72891.49,1775923257000
1775923258.875,58.875,0.54,0.55,0.45,0.46,0.01,0.01,72891.49,1775923257000
1775923259.427,59.427,0.53,0.54,0.46,0.47,0.01,0.01,72890.76,1775923258000
1775923259.851,59.851,0.53,0.54,0.46,0.47,0.01,0.01,72890.76,1775923258000
1775923260.198,60.198,0.53,0.54,0.46,0.47,0.01,0.01,72890.72,1775923259000
1775923260.812,60.812,0.53,0.54,0.46,0.47,0.01,0.01,72890.72,1775923259000
1775923261.217,61.217,0.52,0.53,0.47,0.48,0.01,0.01,72890.72,1775923259000
1775923261.577,61.577,0.52,0.53,0.47,0.48,0.01,0.01,72887.77,1775923260000
1775923261.924,61.924,0.52,0.53,0.47,0.48,0.01,0.01,72887.77,1775923260000
1775923262.336,62.336,0.53,0.54,0.46,0.47,0.01,0.01,72887.77,1775923261000
1775923262.826,62.826,0.53,0.54,0.46,0.47,0.01,0.01,72887.77,1775923261000
1775923263.196,63.196,0.53,0.54,0.46,0.47,0.01,0.01,72887.77,1775923261000
1775923263.687,63.687,0.55,0.56,0.44,0.48,0.01,0.04,72887.16,1775923262000
1775923264.025,64.025,0.55,0.56,0.44,0.45,0.01,0.01,72887.16,1775923262000
1775923264.405,64.405,0.55,0.56,0.44,0.45,0.01,0.01,72887.16,1775923262000
1775923264.745,64.745,0.54,0.55,0.45,0.46,0.01,0.01,72886.92,1775923263000
1775923265.516,65.516,0.53,0.54,0.46,0.47,0.01,0.01,72886.81,1775923264000
1775923265.969,65.969,0.53,0.54,0.46,0.47,0.01,0.01,72886.81,1775923264000
1775923266.369,66.369,0.53,0.54,0.46,0.47,0.01,0.01,72886.77,1775923265000
1775923266.745,66.745,0.52,0.54,0.46,0.47,0.02,0.01,72886.77,1775923265000
1775923267.43,67.43,0.52,0.53,0.47,0.48,0.01,0.01,72886.76,1775923266000
1775923267.988,67.988,0.52,0.53,0.47,0.48,0.01,0.01,72886.84,1775923267000
1775923268.67,68.67,0.52,0.53,0.47,0.48,0.01,0.01,72886.84,1775923267000
1775923269.03,69.03,0.52,0.53,0.47,0.48,0.01,0.01,72886.84,1775923267000
1775923270.647,70.647,0.52,0.53,0.47,0.48,0.01,0.01,72887.14,1775923269000
1775923271.1,71.1,0.51,0.53,0.47,0.48,0.02,0.01,72887.14,1775923269000
1775923271.658,71.658,0.47,0.5,0.5,0.51,0.03,0.01,72887.4,1775923270000
1775923272.513,72.513,0.46,0.48,0.51,0.53,0.02,0.02,72887.4,1775923270000
1775923272.916,72.916,0.46,0.47,0.52,0.55,0.01,0.03,72882.67,1775923271000
1775923273.401,73.401,0.45,0.46,0.54,0.55,0.01,0.01,72883.4,1775923272000
1775923273.821,73.821,0.45,0.46,0.54,0.55,0.01,0.01,72883.4,1775923272000
1775923274.283,74.283,0.44,0.45,0.55,0.56,0.01,0.01,72881.62,1775923273000
1775923274.806,74.806,0.43,0.44,0.56,0.57,0.01,0.01,72881.62,1775923273000
1775923275.195,75.195,0.42,0.43,0.56,0.58,0.01,0.02,72881.62,1775923273000
1775923275.578,75.578,0.42,0.43,0.57,0.58,0.01,0.01,72880.18,1775923274000
1775923275.928,75.928,0.42,0.43,0.57,0.58,0.01,0.01,72880.18,1775923274000
1775923276.267,76.267,0.41,0.42,0.57,0.6,0.01,0.03,72880.18,1775923274000
1775923276.609,76.609,0.41,0.42,0.58,0.59,0.01,0.01,72880.18,1775923274000
1775923276.946,76.946,0.41,0.42,0.58,0.59,0.01,0.01,72880.18,1775923274000
1775923277.381,77.381,0.41,0.42,0.58,0.59,0.01,0.01,72878.62,1775923276000
1775923277.829,77.829,0.4,0.41,0.58,0.6,0.01,0.02,72878.62,1775923276000
1775923278.243,78.243,0.4,0.41,0.59,0.6,0.01,0.01,72878.62,1775923276000
1775923278.721,78.721,0.4,0.41,0.59,0.6,0.01,0.01,72878.34,1775923277000
1775923279.37,79.37,0.4,0.41,0.59,0.6,0.01,0.01,72878.34,1775923277000
1775923279.728,79.728,0.35,0.37,0.63,0.64,0.02,0.01,72878.58,1775923278000
1775923280.062,80.062,0.35,0.36,0.64,0.65,0.01,0.01,72878.58,1775923278000
1775923280.679,80.679,0.35,0.36,0.64,0.65,0.01,0.01,72878.34,1775923279000
1775923281.024,81.024,0.34,0.35,0.65,0.66,0.01,0.01,72878.34,1775923280000
1775923281.422,81.422,0.34,0.35,0.65,0.66,0.01,0.01,72878.34,1775923280000
1775923281.927,81.927,0.34,0.35,0.65,0.66,0.01,0.01,72878.34,1775923280000
1775923282.304,82.304,0.33,0.34,0.66,0.67,0.01,0.01,72870.21,1775923281000
1775923282.799,82.799,0.33,0.34,0.66,0.67,0.01,0.01,72870.21,1775923281000
1775923283.179,83.179,0.33,0.34,0.66,0.67,0.01,0.01,72870.21,1775923281000
1775923283.516,83.516,0.33,0.34,0.66,0.67,0.01,0.01,72869.17,1775923282000
1775923283.873,83.873,0.32,0.33,0.66,0.68,0.01,0.02,72869.17,1775923282000
1775923284.388,84.388,0.32,0.33,0.67,0.68,0.01,0.01,72869.17,1775923283000
1775923284.754,84.754,0.32,0.33,0.67,0.68,0.01,0.01,72869.17,1775923283000
1775923285.141,85.141,0.32,0.33,0.67,0.68,0.01,0.01,72869.17,1775923283000
1775923285.639,85.639,0.32,0.33,0.67,0.68,0.01,0.01,72869.17,1775923283000
1775923285.974,85.974,0.32,0.33,0.67,0.68,0.01,0.01,72867.67,1775923284000
1775923286.313,86.313,0.32,0.33,0.67,0.68,0.01,0.01,72867.67,1775923285000
1775923286.652,86.652,0.32,0.33,0.67,0.68,0.01,0.01,72867.67,1775923285000
1775923287.028,87.028,0.32,0.33,0.67,0.68,0.01,0.01,72865.99,1775923286000
1775923287.655,87.655,0.32,0.33,0.67,0.68,0.01,0.01,72865.99,1775923286000
1775923287.99,87.99,0.31,0.32,0.68,0.69,0.01,0.01,72865.99,1775923286000
1775923288.33,88.33,0.31,0.32,0.68,0.69,0.01,0.01,72867.45,1775923287000
1775923288.726,88.726,0.31,0.32,0.68,0.69,0.01,0.01,72867.45,1775923287000
1775923289.153,89.153,0.31,0.32,0.68,0.69,0.01,0.01,72867.45,1775923287000
1775923289.509,89.509,0.3,0.31,0.69,0.7,0.01,0.01,72867.36,1775923288000
1775923289.849,89.849,0.3,0.31,0.69,0.7,0.01,0.01,72867.36,1775923288000
1775923290.185,90.185,0.3,0.31,0.69,0.7,0.01,0.01,72866.01,1775923289000
1775923290.546,90.546,0.31,0.32,0.68,0.7,0.01,0.02,72866.01,1775923289000
1775923290.962,90.962,0.31,0.32,0.68,0.7,0.01,0.02,72866.01,1775923289000
1775923291.311,91.311,0.29,0.31,0.69,0.71,0.02,0.02,72864.5,1775923290000
1775923291.646,91.646,0.25,0.26,0.73,0.74,0.01,0.01,72864.5,1775923290000
1775923291.983,91.983,0.25,0.26,0.74,0.75,0.01,0.01,72864.5,1775923290000
1775923292.323,92.323,0.25,0.26,0.74,0.75,0.01,0.01,72861.84,1775923291000
1775923292.694,92.694,0.25,0.26,0.74,0.75,0.01,0.01,72861.84,1775923291000
1775923293.26,93.26,0.25,0.26,0.74,0.75,0.01,0.01,72860.98,1775923292000
1775923293.612,93.612,0.25,0.26,0.74,0.75,0.01,0.01,72860.98,1775923292000
1775923293.968,93.968,0.25,0.26,0.74,0.75,0.01,0.01,72860.98,1775923292000
1775923294.318,94.318,0.25,0.26,0.74,0.75,0.01,0.01,72860.98,1775923292000
1775923294.754,94.754,0.25,0.26,0.74,0.75,0.01,0.01,72858.69,1775923293000
1775923295.14,95.14,0.23,0.24,0.76,0.77,0.01,0.01,72858.69,1775923293000
1775923295.521,95.521,0.23,0.24,0.76,0.77,0.01,0.01,72858.69,1775923294000
1775923295.858,95.858,0.23,0.24,0.76,0.77,0.01,0.01,72858.69,1775923294000
1775923296.2,96.2,0.22,0.24,0.76,0.77,0.02,0.01,72858.69,1775923294000
1775923296.547,96.547,0.22,0.23,0.77,0.78,0.01,0.01,72858.22,1775923295000
1775923297.016,97.016,0.23,0.24,0.77,0.78,0.01,0.01,72858.22,1775923295000
1775923297.392,97.392,0.23,0.24,0.76,0.77,0.01,0.01,72857.46,1775923296000
1775923297.74,97.74,0.24,0.25,0.75,0.76,0.01,0.01,72857.46,1775923296000
1775923298.153,98.153,0.24,0.25,0.75,0.76,0.01,0.01,72853.84,1775923297000
1775923298.554,98.554,0.23,0.24,0.76,0.77,0.01,0.01,72853.84,1775923297000
1775923298.917,98.917,0.24,0.25,0.75,0.77,0.01,0.02,72853.84,1775923297000
1775923299.276,99.276,0.23,0.24,0.76,0.77,0.01,0.01,72853.84,1775923297000
1775923299.613,99.613,0.25,0.26,0.74,0.75,0.01,0.01,72853.49,1775923298000
1775923299.964,99.964,0.23,0.24,0.75,0.77,0.01,0.02,72853.49,1775923298000
1775923300.312,100.312,0.23,0.24,0.76,0.77,0.01,0.01,72853.48,1775923299000
1775923300.653,100.653,0.23,0.24,0.76,0.77,0.01,0.01,72853.48,1775923299000
1775923301.003,101.003,0.23,0.24,0.76,0.77,0.01,0.01,72853.48,1775923299000
1775923301.339,101.339,0.23,0.24,0.76,0.77,0.01,0.01,72855.12,1775923300000
1775923301.678,101.678,0.23,0.24,0.76,0.78,0.01,0.02,72855.12,1775923300000
1775923302.03,102.03,0.22,0.23,0.77,0.78,0.01,0.01,72855.12,1775923300000
1775923302.379,102.379,0.21,0.23,0.77,0.78,0.02,0.01,72852.93,1775923301000
1775923302.934,102.934,0.22,0.23,0.77,0.78,0.01,0.01,72852.93,1775923301000
1775923303.361,103.361,0.21,0.22,0.76,0.79,0.01,0.03,72852.93,1775923301000
1775923303.743,103.743,0.21,0.22,0.78,0.8,0.01,0.02,72852.73,1775923302000
1775923304.087,104.087,0.21,0.22,0.78,0.79,0.01,0.01,72852.73,1775923302000
1775923304.441,104.441,0.21,0.22,0.78,0.79,0.01,0.01,72855.09,1775923303000
1775923304.832,104.832,0.21,0.23,0.77,0.79,0.02,0.02,72855.09,1775923303000
1775923305.222,105.222,0.21,0.22,0.77,0.8,0.01,0.03,72855.09,1775923303000
1775923305.565,105.565,0.21,0.22,0.78,0.79,0.01,0.01,72854.16,1775923304000
1775923305.911,105.911,0.21,0.22,0.78,0.79,0.01,0.01,72854.16,1775923304000
1775923306.286,106.286,0.21,0.22,0.78,0.79,0.01,0.01,72854.16,1775923304000
1775923306.625,106.625,0.2,0.22,0.78,0.79,0.02,0.01,72851.59,1775923305000
1775923306.969,106.969,0.2,0.21,0.79,0.8,0.01,0.01,72851.59,1775923305000
1775923307.308,107.308,0.2,0.21,0.79,0.8,0.01,0.01,72851.59,1775923305000
1775923307.652,107.652,0.2,0.21,0.79,0.8,0.01,0.01,72850.82,1775923306000
1775923308.249,108.249,0.2,0.21,0.79,0.8,0.01,0.01,72850.82,1775923306000
1775923308.667,108.667,0.2,0.21,0.79,0.8,0.01,0.01,72850.82,1775923306000
1775923309.046,109.046,0.2,0.21,0.79,0.8,0.01,0.01,72850.78,1775923307000
1775923309.382,109.382,0.2,0.21,0.79,0.8,0.01,0.01,72848.88,1775923308000
1775923309.835,109.835,0.2,0.21,0.79,0.8,0.01,0.01,72848.88,1775923308000
1775923310.178,110.178,0.2,0.21,0.79,0.8,0.01,0.01,72848.79,1775923309000
1775923310.568,110.568,0.2,0.21,0.79,0.8,0.01,0.01,72848.79,1775923309000
1775923311.186,111.186,0.2,0.21,0.79,0.8,0.01,0.01,72848.79,1775923309000
1775923311.533,111.533,0.27,0.28,0.72,0.75,0.01,0.03,72848.79,1775923309000
1775923311.945,111.945,0.27,0.3,0.71,0.73,0.03,0.02,72848.84,1775923310000
1775923312.324,112.324,0.27,0.3,0.7,0.73,0.03,0.03,72848.84,1775923311000
1775923312.822,112.822,0.28,0.3,0.7,0.72,0.02,0.02,72848.84,1775923311000
1775923313.177,113.177,0.28,0.29,0.71,0.72,0.01,0.01,72848.84,1775923311000
1775923313.606,113.606,0.28,0.29,0.71,0.72,0.01,0.01,72848.84,1775923311000
1775923313.964,113.964,0.28,0.29,0.71,0.72,0.01,0.01,72853.19,1775923312000
1775923314.304,114.304,0.27,0.29,0.71,0.73,0.02,0.02,72853.19,1775923312000
1775923314.659,114.659,0.27,0.28,0.72,0.73,0.01,0.01,72861.1,1775923313000
1775923315.047,115.047,0.27,0.28,0.72,0.73,0.01,0.01,72861.1,1775923313000
1775923315.437,115.437,0.27,0.28,0.72,0.73,0.01,0.01,72861.1,1775923313000
1775923315.775,115.775,0.27,0.28,0.72,0.73,0.01,0.01,72861.1,1775923313000
1775923316.179,116.179,0.27,0.28,0.72,0.73,0.01,0.01,72859.99,1775923314000
1775923316.78,116.78,0.27,0.28,0.72,0.73,0.01,0.01,72859.99,1775923315000
1775923317.218,117.218,0.25,0.26,0.72,0.75,0.01,0.03,72859.99,1775923315000
1775923317.621,117.621,0.26,0.27,0.73,0.74,0.01,0.01,72858.54,1775923316000
1775923318.039,118.039,0.27,0.28,0.72,0.73,0.01,0.01,72858.54,1775923316000
1775923318.527,118.527,0.28,0.29,0.71,0.72,0.01,0.01,72858.51,1775923317000
1775923319.134,119.134,0.26,0.27,0.71,0.73,0.01,0.02,72858.51,1775923317000
1775923319.523,119.523,0.24,0.25,0.75,0.76,0.01,0.01,72858.37,1775923318000
1775923319.914,119.914,0.24,0.25,0.75,0.76,0.01,0.01,72858.37,1775923318000
1775923320.387,120.387,0.24,0.25,0.75,0.76,0.01,0.01,72858.37,1775923318000
1775923320.726,120.726,0.24,0.25,0.75,0.76,0.01,0.01,72858.34,1775923319000
1775923321.278,121.278,0.25,0.26,0.74,0.75,0.01,0.01,72858.34,1775923319000
1775923321.62,121.62,0.25,0.26,0.74,0.75,0.01,0.01,72856.46,1775923320000
1775923321.962,121.962,0.25,0.26,0.74,0.75,0.01,0.01,72856.46,1775923320000
1775923322.304,122.304,0.25,0.26,0.74,0.75,0.01,0.01,72856.46,1775923320000
1775923322.701,122.701,0.25,0.26,0.74,0.75,0.01,0.01,72854.5,1775923321000
1775923323.048,123.048,0.26,0.27,0.73,0.74,0.01,0.01,72854.5,1775923321000
1775923323.491,123.491,0.28,0.29,0.72,0.75,0.01,0.03,72854.15,1775923322000
1775923323.934,123.934,0.28,0.29,0.71,0.72,0.01,0.01,72854.15,1775923322000
1775923324.394,124.394,0.26,0.29,0.71,0.72,0.03,0.01,72854.15,1775923322000
1775923324.8,124.8,0.26,0.27,0.73,0.74,0.01,0.01,72854.18,1775923323000
1775923325.159,125.159,0.23,0.25,0.73,0.77,0.02,0.04,72854.18,1775923323000
1775923325.524,125.524,0.24,0.25,0.75,0.76,0.01,0.01,72854.18,1775923324000
1775923325.862,125.862,0.24,0.25,0.75,0.76,0.01,0.01,72854.18,1775923324000
1775923326.214,126.214,0.24,0.25,0.75,0.76,0.01,0.01,72854.18,1775923324000
1775923326.658,126.658,0.24,0.25,0.75,0.76,0.01,0.01,72852.85,1775923325000
1775923327.026,127.026,0.24,0.25,0.75,0.76,0.01,0.01,72852.85,1775923325000
1775923327.397,127.397,0.24,0.25,0.75,0.76,0.01,0.01,72852.39,1775923326000
1775923327.836,127.836,0.24,0.25,0.75,0.76,0.01,0.01,72852.39,1775923326000
1775923328.217,128.217,0.23,0.25,0.75,0.76,0.02,0.01,72852.4,1775923327000
1775923328.784,128.784,0.24,0.25,0.75,0.77,0.01,0.02,72852.4,1775923327000
1775923329.195,129.195,0.24,0.25,0.75,0.76,0.01,0.01,72852.37,1775923328000
1775923329.734,129.734,0.24,0.26,0.74,0.75,0.02,0.01,72852.37,1775923328000
1775923330.081,130.081,0.2,0.21,0.79,0.8,0.01,0.01,72852.48,1775923329000
1775923330.503,130.503,0.19,0.21,0.79,0.81,0.02,0.02,72852.48,1775923329000
1775923330.847,130.847,0.18,0.19,0.81,0.82,0.01,0.01,72852.48,1775923329000
1775923331.188,131.188,0.18,0.19,0.81,0.82,0.01,0.01,72852.48,1775923329000
1775923331.555,131.555,0.18,0.19,0.81,0.82,0.01,0.01,72852.12,1775923330000
1775923332.01,132.01,0.18,0.19,0.81,0.82,0.01,0.01,72852.12,1775923330000
1775923332.413,132.413,0.18,0.19,0.81,0.82,0.01,0.01,72847.38,1775923331000
1775923332.809,132.809,0.18,0.19,0.81,0.82,0.01,0.01,72847.38,1775923331000
1775923333.281,133.281,0.18,0.19,0.81,0.82,0.01,0.01,72844.45,1775923332000
1775923333.692,133.692,0.16,0.17,0.82,0.83,0.01,0.01,72844.45,1775923332000
1775923334.192,134.192,0.16,0.17,0.83,0.84,0.01,0.01,72841.82,1775923333000
1775923334.563,134.563,0.17,0.18,0.82,0.84,0.01,0.02,72841.82,1775923333000
1775923334.899,134.899,0.17,0.18,0.82,0.83,0.01,0.01,72841.82,1775923333000
1775923335.287,135.287,0.16,0.17,0.83,0.84,0.01,0.01,72841.82,1775923333000
1775923336.257,136.257,0.17,0.18,0.82,0.83,0.01,0.01,72841.82,1775923335000
1775923336.636,136.636,0.17,0.18,0.82,0.83,0.01,0.01,72841.82,1775923335000
1775923337.192,137.192,0.17,0.18,0.82,0.83,0.01,0.01,72841.82,1775923335000
1775923337.643,137.643,0.16,0.18,0.82,0.83,0.02,0.01,72841.85,1775923336000
1775923337.977,137.977,0.17,0.18,0.82,0.84,0.01,0.02,72841.85,1775923336000
1775923338.344,138.344,0.16,0.17,0.83,0.84,0.01,0.01,72845.34,1775923337000
1775923338.783,138.783,0.16,0.17,0.83,0.84,0.01,0.01,72845.34,1775923337000
1775923339.123,139.123,0.16,0.17,0.83,0.84,0.01,0.01,72845.34,1775923338000
1775923339.491,139.491,0.19,0.22,0.78,0.81,0.03,0.03,72845.34,1775923338000
1775923339.985,139.985,0.2,0.21,0.79,0.8,0.01,0.01,72845.34,1775923338000
1775923340.424,140.424,0.2,0.21,0.79,0.8,0.01,0.01,72845.63,1775923339000
1775923340.839,140.839,0.2,0.21,0.79,0.8,0.01,0.01,72845.63,1775923339000
1775923341.306,141.306,0.2,0.21,0.79,0.8,0.01,0.01,72846.14,1775923340000
1775923341.888,141.888,0.21,0.22,0.78,0.8,0.01,0.02,72846.14,1775923340000
1775923342.23,142.23,0.21,0.22,0.78,0.79,0.01,0.01,72849.6,1775923341000
1775923342.685,142.685,0.21,0.23,0.78,0.79,0.02,0.01,72849.6,1775923341000
1775923343.025,143.025,0.22,0.23,0.77,0.78,0.01,0.01,72849.6,1775923341000
1775923343.377,143.377,0.22,0.23,0.77,0.78,0.01,0.01,72848.45,1775923342000
1775923343.743,143.743,0.22,0.23,0.77,0.78,0.01,0.01,72848.45,1775923342000
1775923344.102,144.102,0.25,0.28,0.73,0.77,0.03,0.04,72848.45,1775923342000
1775923344.464,144.464,0.28,0.3,0.7,0.72,0.02,0.02,72848.45,1775923342000
1775923344.8,144.8,0.31,0.32,0.68,0.69,0.01,0.01,72852.06,1775923343000
1775923345.193,145.193,0.31,0.34,0.68,0.69,0.03,0.01,72852.06,1775923344000
1775923345.606,145.606,0.33,0.34,0.64,0.67,0.01,0.03,72852.06,1775923344000
1775923345.993,145.993,0.33,0.34,0.65,0.67,0.01,0.02,72852.06,1775923344000
1775923346.437,146.437,0.33,0.34,0.66,0.67,0.01,0.01,72854.83,1775923345000
1775923346.926,146.926,0.33,0.34,0.66,0.67,0.01,0.01,72854.83,1775923345000
1775923347.279,147.279,0.33,0.34,0.66,0.67,0.01,0.01,72860.75,1775923346000
1775923347.628,147.628,0.35,0.36,0.59,0.67,0.01,0.08,72860.75,1775923346000
1775923347.998,147.998,0.35,0.36,0.64,0.65,0.01,0.01,72860.75,1775923346000
1775923348.333,148.333,0.35,0.36,0.64,0.65,0.01,0.01,72862.97,1775923347000
1775923348.678,148.678,0.35,0.36,0.64,0.65,0.01,0.01,72862.97,1775923347000
1775923349.248,149.248,0.35,0.36,0.64,0.65,0.01,0.01,72863.39,1775923348000
1775923349.646,149.646,0.35,0.36,0.64,0.65,0.01,0.01,72863.39,1775923348000
1775923350.182,150.182,0.35,0.36,0.64,0.65,0.01,0.01,72863.39,1775923348000
1775923350.525,150.525,0.36,0.37,0.63,0.64,0.01,0.01,72865.13,1775923349000
1775923350.889,150.889,0.37,0.38,0.62,0.63,0.01,0.01,72865.13,1775923349000
1775923351.228,151.228,0.37,0.38,0.62,0.63,0.01,0.01,72865.13,1775923349000
1775923351.568,151.568,0.37,0.38,0.62,0.63,0.01,0.01,72865.13,1775923350000
1775923351.926,151.926,0.33,0.34,0.65,0.67,0.01,0.02,72865.13,1775923350000
1775923352.315,152.315,0.32,0.33,0.67,0.68,0.01,0.01,72865.13,1775923351000
1775923352.723,152.723,0.32,0.33,0.67,0.68,0.01,0.01,72865.13,1775923351000
1775923353.14,153.14,0.32,0.33,0.67,0.68,0.01,0.01,72865.13,1775923351000
1775923353.513,153.513,0.32,0.33,0.67,0.68,0.01,0.01,72865.34,1775923352000
1775923353.857,153.857,0.32,0.33,0.67,0.68,0.01,0.01,72865.34,1775923352000
1775923354.226,154.226,0.32,0.33,0.67,0.68,0.01,0.01,72864.83,1775923353000
1775923354.705,154.705,0.32,0.33,0.67,0.68,0.01,0.01,72864.83,1775923353000
1775923355.058,155.058,0.32,0.33,0.67,0.68,0.01,0.01,72864.83,1775923353000
1775923355.52,155.52,0.32,0.33,0.67,0.68,0.01,0.01,72864.19,1775923354000
1775923356.176,156.176,0.31,0.32,0.68,0.69,0.01,0.01,72864.19,1775923354000
1775923356.607,156.607,0.31,0.32,0.68,0.69,0.01,0.01,72864.15,1775923355000
1775923357.0,157.0,0.31,0.32,0.68,0.69,0.01,0.01,72864.15,1775923355000
1775923357.391,157.391,0.31,0.32,0.68,0.69,0.01,0.01,72864.13,1775923356000
1775923357.76,157.76,0.31,0.32,0.68,0.69,0.01,0.01,72864.13,1775923356000
1775923358.143,158.143,0.31,0.32,0.68,0.69,0.01,0.01,72864.13,1775923357000
1775923358.482,158.482,0.31,0.32,0.68,0.69,0.01,0.01,72864.13,1775923357000
1775923359.094,159.094,0.31,0.32,0.68,0.69,0.01,0.01,72864.18,1775923358000
1775923359.673,159.673,0.31,0.32,0.68,0.69,0.01,0.01,72864.18,1775923358000
1775923360.016,160.016,0.31,0.32,0.68,0.69,0.01,0.01,72864.33,1775923359000
1775923360.409,160.409,0.31,0.32,0.68,0.69,0.01,0.01,72864.33,1775923359000
1775923360.904,160.904,0.31,0.32,0.68,0.69,0.01,0.01,72864.33,1775923359000
1775923361.285,161.285,0.31,0.32,0.68,0.69,0.01,0.01,72864.23,1775923360000
1775923361.785,161.785,0.31,0.32,0.68,0.69,0.01,0.01,72864.23,1775923360000
1775923362.606,162.606,0.31,0.34,0.68,0.69,0.03,0.01,72864.09,1775923361000
1775923363.135,163.135,0.31,0.32,0.68,0.69,0.01,0.01,72864.09,1775923361000
1775923364.18,164.18,0.31,0.32,0.68,0.69,0.01,0.01,72864.07,1775923362000
1775923364.582,164.582,0.31,0.32,0.68,0.69,0.01,0.01,72864.07,1775923363000
1775923364.918,164.918,0.31,0.32,0.68,0.69,0.01,0.01,72864.07,1775923363000
1775923365.265,165.265,0.31,0.32,0.68,0.69,0.01,0.01,72864.07,1775923363000
1775923365.603,165.603,0.31,0.32,0.68,0.69,0.01,0.01,72864.07,1775923363000
1775923365.974,165.974,0.31,0.32,0.68,0.69,0.01,0.01,72864.07,1775923363000
1775923366.316,166.316,0.31,0.32,0.68,0.69,0.01,0.01,72864.27,1775923365000
1775923366.866,166.866,0.31,0.32,0.68,0.69,0.01,0.01,72864.27,1775923365000
1775923367.437,167.437,0.32,0.33,0.68,0.69,0.01,0.01,72864.25,1775923366000
1775923368.072,168.072,0.32,0.33,0.67,0.68,0.01,0.01,72864.25,1775923367000
1775923369.135,169.135,0.32,0.33,0.67,0.68,0.01,0.01,72864.08,1775923368000
1775923370.208,170.208,0.32,0.33,0.67,0.68,0.01,0.01,72864.08,1775923369000
1775923370.59,170.59,0.32,0.33,0.67,0.68,0.01,0.01,72864.08,1775923369000
1775923371.739,171.739,0.32,0.33,0.67,0.68,0.01,0.01,72864.17,1775923370000
1775923372.196,172.196,0.32,0.33,0.67,0.68,0.01,0.01,72864.17,1775923370000
1775923372.746,172.746,0.32,0.33,0.67,0.68,0.01,0.01,72864.02,1775923371000
1775923373.104,173.104,0.3,0.31,0.69,0.7,0.01,0.01,72864.02,1775923371000
1775923373.576,173.576,0.3,0.31,0.69,0.7,0.01,0.01,72863.62,1775923372000
1775923373.958,173.958,0.3,0.31,0.69,0.7,0.01,0.01,72863.62,1775923372000
1775923374.344,174.344,0.3,0.31,0.69,0.7,0.01,0.01,72863.62,1775923373000
1775923374.682,174.682,0.3,0.31,0.69,0.7,0.01,0.01,72863.62,1775923373000
1775923375.238,175.238,0.3,0.31,0.69,0.7,0.01,0.01,72863.62,1775923373000
1775923375.581,175.581,0.3,0.31,0.69,0.7,0.01,0.01,72861.88,1775923374000
1775923375.967,175.967,0.3,0.31,0.69,0.7,0.01,0.01,72861.88,1775923374000
1775923376.435,176.435,0.29,0.3,0.7,0.71,0.01,0.01,72861.88,1775923374000
1775923376.804,176.804,0.29,0.3,0.7,0.71,0.01,0.01,72861.15,1775923375000
1775923377.266,177.266,0.29,0.3,0.7,0.71,0.01,0.01,72859.88,1775923376000
1775923377.832,177.832,0.29,0.3,0.7,0.71,0.01,0.01,72859.88,1775923376000
1775923378.373,178.373,0.29,0.3,0.7,0.71,0.01,0.01,72859.79,1775923377000
1775923378.773,178.773,0.29,0.3,0.7,0.71,0.01,0.01,72859.79,1775923377000
1775923379.273,179.273,0.29,0.3,0.7,0.71,0.01,0.01,72859.79,1775923377000
1775923379.677,179.677,0.29,0.3,0.7,0.71,0.01,0.01,72859.88,1775923378000
1775923380.011,180.011,0.29,0.3,0.7,0.71,0.01,0.01,72859.88,1775923378000
1775923380.527,180.527,0.29,0.3,0.7,0.71,0.01,0.01,72859.84,1775923379000
1775923380.863,180.863,0.28,0.3,0.7,0.71,0.02,0.01,72859.84,1775923379000
1775923381.226,181.226,0.22,0.27,0.73,0.77,0.05,0.04,72859.84,1775923379000
1775923381.566,181.566,0.21,0.23,0.77,0.79,0.02,0.02,72859.84,1775923379000
1775923382.036,182.036,0.21,0.22,0.78,0.79,0.01,0.01,72860.55,1775923380000
1775923382.475,182.475,0.21,0.22,0.78,0.79,0.01,0.01,72860.27,1775923381000
1775923382.893,182.893,0.21,0.22,0.78,0.79,0.01,0.01,72860.27,1775923381000
1775923383.241,183.241,0.21,0.22,0.78,0.79,0.01,0.01,72860.27,1775923381000
1775923383.588,183.588,0.21,0.22,0.78,0.79,0.01,0.01,72856.43,1775923382000
1775923383.924,183.924,0.21,0.22,0.78,0.79,0.01,0.01,72856.43,1775923382000
1775923384.26,184.26,0.21,0.22,0.78,0.79,0.01,0.01,72856.43,1775923382000
1775923384.738,184.738,0.21,0.22,0.78,0.79,0.01,0.01,72855.53,1775923383000
1775923385.752,185.752,0.21,0.22,0.78,0.79,0.01,0.01,72855.53,1775923384000
1775923386.113,186.113,0.21,0.22,0.78,0.79,0.01,0.01,72855.53,1775923385000
1775923386.474,186.474,0.21,0.22,0.78,0.79,0.01,0.01,72855.53,1775923385000
1775923386.934,186.934,0.21,0.22,0.77,0.8,0.01,0.03,72855.53,1775923385000
1775923387.288,187.288,0.22,0.23,0.77,0.78,0.01,0.01,72856.34,1775923386000
1775923387.994,187.994,0.22,0.23,0.77,0.78,0.01,0.01,72856.34,1775923386000
1775923388.331,188.331,0.22,0.23,0.77,0.78,0.01,0.01,72856.34,1775923386000
1775923388.858,188.858,0.21,0.22,0.78,0.79,0.01,0.01,72856.68,1775923387000
1775923389.23,189.23,0.2,0.22,0.78,0.79,0.02,0.01,72856.68,1775923387000
1775923389.686,189.686,0.2,0.21,0.79,0.8,0.01,0.01,72856.68,1775923388000
1775923390.025,190.025,0.2,0.21,0.79,0.8,0.01,0.01,72856.68,1775923389000
1775923390.495,190.495,0.2,0.21,0.79,0.8,0.01,0.01,72856.68,1775923389000
1775923390.916,190.916,0.2,0.21,0.79,0.8,0.01,0.01,72856.68,1775923389000
1775923391.576,191.576,0.2,0.21,0.79,0.8,0.01,0.01,72855.3,1775923390000
1775923392.071,192.071,0.2,0.21,0.79,0.8,0.01,0.01,72854.43,1775923391000
1775923392.427,192.427,0.2,0.21,0.79,0.8,0.01,0.01,72854.43,1775923391000
1775923392.804,192.804,0.2,0.21,0.79,0.8,0.01,0.01,72854.43,1775923391000
1775923393.196,193.196,0.2,0.21,0.79,0.8,0.01,0.01,72854.43,1775923392000
1775923393.55,193.55,0.18,0.21,0.78,0.82,0.03,0.04,72854.43,1775923392000
1775923393.888,193.888,0.2,0.21,0.79,0.8,0.01,0.01,72854.43,1775923392000
1775923394.27,194.27,0.2,0.21,0.79,0.8,0.01,0.01,72854.53,1775923393000
1775923394.741,194.741,0.19,0.21,0.79,0.8,0.02,0.01,72854.53,1775923393000
1775923395.826,195.826,0.19,0.2,0.8,0.81,0.01,0.01,72853.52,1775923394000
1775923396.42,196.42,0.19,0.2,0.8,0.81,0.01,0.01,72854.28,1775923395000
1775923397.266,197.266,0.19,0.2,0.8,0.81,0.01,0.01,72854.22,1775923396000
1775923397.659,197.659,0.19,0.2,0.8,0.81,0.01,0.01,72854.22,1775923396000
1775923398.002,198.002,0.2,0.21,0.78,0.8,0.01,0.02,72854.22,1775923396000
1775923398.801,198.801,0.2,0.27,0.79,0.8,0.07,0.01,72854.22,1775923397000
1775923399.181,199.181,0.23,0.24,0.76,0.77,0.01,0.01,72854.22,1775923397000
1775923399.522,199.522,0.22,0.24,0.76,0.77,0.02,0.01,72856.35,1775923398000
1775923399.987,199.987,0.22,0.23,0.76,0.78,0.01,0.02,72856.35,1775923398000
1775923400.381,200.381,0.22,0.23,0.77,0.78,0.01,0.01,72857.26,1775923399000
1775923401.148,201.148,0.22,0.23,0.77,0.78,0.01,0.01,72857.26,1775923399000
1775923401.574,201.574,0.22,0.23,0.77,0.78,0.01,0.01,72857.22,1775923400000
1775923401.955,201.955,0.22,0.23,0.77,0.78,0.01,0.01,72857.22,1775923400000
1775923402.384,202.384,0.22,0.23,0.77,0.78,0.01,0.01,72857.22,1775923401000
1775923402.735,202.735,0.22,0.23,0.77,0.78,0.01,0.01,72857.22,1775923401000
1775923403.126,203.126,0.22,0.23,0.77,0.78,0.01,0.01,72857.22,1775923401000
1775923403.465,203.465,0.22,0.23,0.77,0.79,0.01,0.02,72857.22,1775923402000
1775923403.845,203.845,0.23,0.24,0.76,0.77,0.01,0.01,72857.22,1775923402000
1775923404.258,204.258,0.23,0.24,0.76,0.77,0.01,0.01,72857.23,1775923403000
1775923404.72,204.72,0.25,0.26,0.74,0.75,0.01,0.01,72857.23,1775923403000
1775923405.061,205.061,0.25,0.26,0.74,0.75,0.01,0.01,72857.23,1775923403000
1775923405.485,205.485,0.26,0.27,0.73,0.74,0.01,0.01,72857.21,1775923404000
1775923405.881,205.881,0.26,0.27,0.73,0.74,0.01,0.01,72857.21,1775923404000
1775923406.262,206.262,0.27,0.29,0.72,0.73,0.02,0.01,72857.21,1775923404000
1775923406.716,206.716,0.29,0.3,0.7,0.71,0.01,0.01,72857.25,1775923405000
1775923407.192,207.192,0.31,0.32,0.68,0.7,0.01,0.02,72857.25,1775923405000
1775923407.566,207.566,0.31,0.32,0.68,0.69,0.01,0.01,72858.92,1775923406000
1775923407.941,207.941,0.32,0.33,0.67,0.68,0.01,0.01,72858.92,1775923406000
1775923408.281,208.281,0.32,0.33,0.67,0.68,0.01,0.01,72858.92,1775923406000
1775923408.624,208.624,0.32,0.33,0.67,0.68,0.01,0.01,72858.92,1775923406000
1775923408.975,208.975,0.32,0.33,0.67,0.68,0.01,0.01,72860.98,1775923407000
1775923409.431,209.431,0.32,0.33,0.67,0.68,0.01,0.01,72862.94,1775923408000
1775923409.811,209.811,0.35,0.36,0.64,0.65,0.01,0.01,72862.94,1775923408000
1775923410.168,210.168,0.35,0.36,0.64,0.65,0.01,0.01,72863.09,1775923409000
1775923410.502,210.502,0.32,0.33,0.67,0.68,0.01,0.01,72863.09,1775923409000
1775923410.938,210.938,0.31,0.32,0.68,0.69,0.01,0.01,72863.09,1775923409000
1775923411.297,211.297,0.31,0.32,0.68,0.69,0.01,0.01,72863.21,1775923410000
1775923411.658,211.658,0.31,0.32,0.68,0.69,0.01,0.01,72863.21,1775923410000
1775923412.065,212.065,0.31,0.32,0.68,0.69,0.01,0.01,72863.21,1775923410000
1775923412.4,212.4,0.31,0.32,0.68,0.69,0.01,0.01,72863.31,1775923411000
1775923412.757,212.757,0.31,0.32,0.68,0.69,0.01,0.01,72863.31,1775923411000
1775923413.105,213.105,0.31,0.32,0.68,0.69,0.01,0.01,72864.16,1775923412000
1775923413.527,213.527,0.33,0.34,0.66,0.67,0.01,0.01,72864.16,1775923412000
1775923413.96,213.96,0.33,0.34,0.66,0.67,0.01,0.01,72864.16,1775923412000
1775923414.297,214.297,0.32,0.33,0.67,0.68,0.01,0.01,72864.17,1775923413000
1775923414.674,214.674,0.32,0.33,0.67,0.68,0.01,0.01,72864.17,1775923413000
1775923415.008,215.008,0.31,0.32,0.68,0.69,0.01,0.01,72864.17,1775923413000
1775923415.353,215.353,0.3,0.31,0.68,0.7,0.01,0.02,72864.18,1775923414000
1775923415.746,215.746,0.3,0.31,0.69,0.71,0.01,0.02,72864.18,1775923414000
1775923416.126,216.126,0.29,0.3,0.7,0.71,0.01,0.01,72864.22,1775923415000
1775923416.522,216.522,0.28,0.29,0.7,0.72,0.01,0.02,72864.22,1775923415000
1775923416.939,216.939,0.28,0.29,0.71,0.72,0.01,0.01,72864.22,1775923415000
1775923417.372,217.372,0.28,0.3,0.71,0.72,0.02,0.01,72864.21,1775923416000
1775923417.73,217.73,0.29,0.3,0.7,0.71,0.01,0.01,72864.21,1775923416000
1775923418.079,218.079,0.27,0.28,0.72,0.73,0.01,0.01,72864.23,1775923417000
1775923418.42,218.42,0.27,0.28,0.72,0.73,0.01,0.01,72864.23,1775923417000
1775923418.78,218.78,0.28,0.29,0.71,0.72,0.01,0.01,72864.23,1775923417000
1775923419.127,219.127,0.28,0.29,0.71,0.72,0.01,0.01,72864.21,1775923418000
1775923419.486,219.486,0.27,0.29,0.71,0.72,0.02,0.01,72864.21,1775923418000
1775923420.006,220.006,0.27,0.28,0.72,0.73,0.01,0.01,72864.06,1775923419000
1775923420.448,220.448,0.25,0.27,0.73,0.74,0.02,0.01,72864.06,1775923419000
1775923420.839,220.839,0.26,0.27,0.73,0.75,0.01,0.02,72864.06,1775923419000
1775923421.368,221.368,0.26,0.27,0.73,0.75,0.01,0.02,72864.06,1775923419000
1775923421.716,221.716,0.24,0.27,0.73,0.74,0.03,0.01,72861.56,1775923420000
1775923422.235,222.235,0.24,0.27,0.73,0.76,0.03,0.03,72863.99,1775923421000
1775923422.744,222.744,0.24,0.25,0.73,0.76,0.01,0.03,72863.99,1775923421000
1775923423.141,223.141,0.24,0.25,0.75,0.76,0.01,0.01,72863.99,1775923421000
1775923423.655,223.655,0.24,0.25,0.75,0.76,0.01,0.01,72861.38,1775923422000
1775923423.995,223.995,0.25,0.27,0.74,0.76,0.02,0.02,72861.38,1775923422000
1775923424.639,224.639,0.26,0.27,0.72,0.75,0.01,0.03,72864.0,1775923423000
1775923425.443,225.443,0.25,0.28,0.72,0.75,0.03,0.03,72863.97,1775923424000
1775923425.845,225.845,0.27,0.28,0.72,0.73,0.01,0.01,72863.97,1775923424000
1775923426.204,226.204,0.25,0.27,0.72,0.75,0.02,0.03,72864.0,1775923425000
1775923426.849,226.849,0.26,0.27,0.73,0.74,0.01,0.01,72864.0,1775923425000
1775923427.495,227.495,0.26,0.27,0.73,0.74,0.01,0.01,72864.1,1775923426000
1775923428.159,228.159,0.26,0.27,0.73,0.74,0.01,0.01,72864.1,1775923427000
1775923429.253,229.253,0.26,0.28,0.72,0.74,0.02,0.02,72864.1,1775923427000
1775923429.67,229.67,0.27,0.28,0.72,0.74,0.01,0.02,72864.1,1775923428000
1775923430.027,230.027,0.26,0.27,0.73,0.74,0.01,0.01,72864.1,1775923428000
1775923430.521,230.521,0.26,0.27,0.73,0.74,0.01,0.01,72864.1,1775923429000
1775923431.119,231.119,0.25,0.26,0.73,0.75,0.01,0.02,72864.1,1775923429000
1775923431.598,231.598,0.25,0.26,0.74,0.75,0.01,0.01,72864.1,1775923429000
1775923431.955,231.955,0.29,0.3,0.71,0.72,0.01,0.01,72864.37,1775923430000
1775923432.353,232.353,0.28,0.29,0.7,0.71,0.01,0.01,72864.37,1775923430000
1775923432.743,232.743,0.28,0.29,0.71,0.72,0.01,0.01,72864.37,1775923431000
1775923433.373,233.373,0.28,0.29,0.71,0.72,0.01,0.01,72864.27,1775923432000
1775923433.78,233.78,0.28,0.29,0.71,0.72,0.01,0.01,72864.27,1775923432000
1775923434.241,234.241,0.28,0.29,0.71,0.72,0.01,0.01,72864.27,1775923433000
1775923434.676,234.676,0.3,0.31,0.69,0.7,0.01,0.01,72864.27,1775923433000
1775923435.183,235.183,0.24,0.31,0.69,0.7,0.07,0.01,72864.27,1775923433000
1775923435.854,235.854,0.25,0.26,0.69,0.76,0.01,0.07,72864.34,1775923434000
1775923436.613,236.613,0.25,0.26,0.74,0.75,0.01,0.01,72864.34,1775923434000
1775923437.129,237.129,0.25,0.26,0.74,0.75,0.01,0.01,72863.92,1775923435000
1775923437.479,237.479,0.25,0.26,0.73,0.75,0.01,0.02,72863.92,1775923436000
1775923438.025,238.025,0.25,0.26,0.74,0.75,0.01,0.01,72863.92,1775923436000
1775923438.487,238.487,0.25,0.26,0.74,0.75,0.01,0.01,72863.92,1775923437000
1775923438.827,238.827,0.25,0.26,0.74,0.75,0.01,0.01,72863.92,1775923437000
1775923439.307,239.307,0.25,0.26,0.74,0.75,0.01,0.01,72863.92,1775923437000
1775923439.769,239.769,0.25,0.27,0.74,0.75,0.02,0.01,72864.04,1775923438000
1775923440.243,240.243,0.26,0.27,0.74,0.75,0.01,0.01,72864.02,1775923439000
1775923440.638,240.638,0.28,0.29,0.71,0.72,0.01,0.01,72864.02,1775923439000
1775923441.014,241.014,0.28,0.29,0.71,0.72,0.01,0.01,72864.02,1775923439000
1775923441.374,241.374,0.28,0.29,0.71,0.72,0.01,0.01,72864.02,1775923439000
1775923441.776,241.776,0.3,0.31,0.71,0.72,0.01,0.01,72864.03,1775923440000
1775923442.138,242.138,0.3,0.31,0.69,0.71,0.01,0.02,72864.03,1775923440000
1775923442.966,242.966,0.3,0.31,0.69,0.7,0.01,0.01,72864.06,1775923441000
1775923443.326,243.326,0.29,0.3,0.7,0.71,0.01,0.01,72864.06,1775923441000
1775923443.784,243.784,0.29,0.31,0.7,0.71,0.02,0.01,72864.1,1775923442000
1775923444.252,244.252,0.29,0.3,0.69,0.71,0.01,0.02,72864.1,1775923442000
1775923444.683,244.683,0.29,0.3,0.74,0.75,0.01,0.01,72864.12,1775923443000
1775923445.139,245.139,0.29,0.3,0.7,0.71,0.01,0.01,72864.1,1775923444000
1775923446.096,246.096,0.28,0.29,0.71,0.72,0.01,0.01,72864.1,1775923444000
1775923446.594,246.594,0.25,0.27,0.71,0.74,0.02,0.03,72864.1,1775923444000
1775923447.016,247.016,0.28,0.29,0.71,0.72,0.01,0.01,72864.11,1775923445000
1775923447.399,247.399,0.28,0.29,0.71,0.72,0.01,0.01,72864.11,1775923446000
1775923447.77,247.77,0.28,0.29,0.71,0.72,0.01,0.01,72864.11,1775923446000
1775923448.224,248.224,0.28,0.29,0.71,0.72,0.01,0.01,72864.11,1775923447000
1775923448.769,248.769,0.28,0.29,0.71,0.72,0.01,0.01,72864.11,1775923447000
1775923449.15,249.15,0.28,0.29,0.71,0.72,0.01,0.01,72864.11,1775923447000
1775923449.527,249.527,0.27,0.28,0.72,0.73,0.01,0.01,72864.11,1775923447000
1775923449.892,249.892,0.27,0.3,0.72,0.73,0.03,0.01,72863.91,1775923448000
1775923450.238,250.238,0.29,0.3,0.7,0.71,0.01,0.01,72863.91,1775923449000
1775923450.594,250.594,0.28,0.29,0.71,0.72,0.01,0.01,72863.91,1775923449000
1775923450.936,250.936,0.29,0.3,0.7,0.71,0.01,0.01,72863.91,1775923449000
1775923451.317,251.317,0.29,0.3,0.7,0.71,0.01,0.01,72863.91,1775923449000
1775923451.662,251.662,0.29,0.3,0.7,0.71,0.01,0.01,72863.91,1775923449000
1775923451.995,251.995,0.29,0.3,0.7,0.71,0.01,0.01,72863.94,1775923450000
1775923452.345,252.345,0.29,0.3,0.7,0.71,0.01,0.01,72863.94,1775923450000
1775923452.727,252.727,0.3,0.31,0.69,0.7,0.01,0.01,72861.37,1775923451000
1775923453.081,253.081,0.31,0.32,0.68,0.69,0.01,0.01,72861.37,1775923451000
1775923453.542,253.542,0.31,0.32,0.68,0.69,0.01,0.01,72861.32,1775923452000
1775923453.884,253.884,0.31,0.32,0.68,0.69,0.01,0.01,72861.32,1775923452000
1775923454.241,254.241,0.33,0.34,0.66,0.67,0.01,0.01,72861.32,1775923452000
1775923454.615,254.615,0.31,0.33,0.66,0.68,0.02,0.02,72861.32,1775923452000
1775923455.016,255.016,0.31,0.32,0.68,0.69,0.01,0.01,72863.67,1775923453000
1775923455.384,255.384,0.31,0.32,0.68,0.69,0.01,0.01,72863.67,1775923453000
1775923455.907,255.907,0.31,0.32,0.68,0.69,0.01,0.01,72863.67,1775923454000
1775923456.353,256.353,0.31,0.32,0.68,0.69,0.01,0.01,72863.67,1775923455000
1775923456.812,256.812,0.3,0.32,0.68,0.69,0.02,0.01,72863.67,1775923455000
1775923457.19,257.19,0.3,0.31,0.69,0.7,0.01,0.01,72863.67,1775923455000
1775923458.139,258.139,0.29,0.3,0.69,0.7,0.01,0.01,72863.67,1775923455000
1775923458.705,258.705,0.27,0.28,0.71,0.73,0.01,0.02,72863.64,1775923457000
1775923459.078,259.078,0.27,0.28,0.72,0.73,0.01,0.01,72863.64,1775923457000
1775923459.427,259.427,0.28,0.29,0.71,0.72,0.01,0.01,72863.7,1775923458000
1775923459.854,259.854,0.28,0.3,0.71,0.72,0.02,0.01,72863.7,1775923458000
1775923460.22,260.22,0.3,0.31,0.69,0.7,0.01,0.01,72863.7,1775923459000
1775923460.601,260.601,0.31,0.32,0.67,0.7,0.01,0.03,72863.7,1775923459000
1775923460.972,260.972,0.31,0.32,0.68,0.69,0.01,0.01,72863.7,1775923459000
1775923461.343,261.343,0.31,0.32,0.68,0.69,0.01,0.01,72862.3,1775923460000
1775923461.771,261.771,0.31,0.32,0.68,0.69,0.01,0.01,72862.3,1775923460000
1775923462.199,262.199,0.3,0.32,0.68,0.69,0.02,0.01,72862.35,1775923461000
1775923462.557,262.557,0.3,0.31,0.69,0.7,0.01,0.01,72862.35,1775923461000
1775923462.902,262.902,0.3,0.31,0.69,0.7,0.01,0.01,72862.35,1775923461000
1775923463.28,263.28,0.3,0.31,0.69,0.7,0.01,0.01,72863.14,1775923462000
1775923463.618,263.618,0.3,0.31,0.69,0.7,0.01,0.01,72863.14,1775923462000
1775923464.237,264.237,0.27,0.31,0.69,0.7,0.04,0.01,72863.19,1775923463000
1775923465.045,265.045,0.28,0.29,0.71,0.72,0.01,0.01,72863.19,1775923463000
1775923465.521,265.521,0.28,0.29,0.71,0.72,0.01,0.01,72863.32,1775923464000
1775923465.873,265.873,0.28,0.29,0.71,0.72,0.01,0.01,72863.32,1775923464000
1775923466.376,266.376,0.26,0.27,0.71,0.75,0.01,0.04,72863.32,1775923464000
1775923466.908,266.908,0.26,0.27,0.73,0.74,0.01,0.01,72863.37,1775923465000
1775923467.328,267.328,0.25,0.27,0.73,0.74,0.02,0.01,72863.41,1775923466000
1775923467.844,267.844,0.33,0.34,0.65,0.67,0.01,0.02,72863.41,1775923466000
1775923468.184,268.184,0.3,0.33,0.67,0.68,0.03,0.01,72863.41,1775923466000
1775923468.635,268.635,0.31,0.32,0.68,0.69,0.01,0.01,72863.42,1775923467000
1775923469.015,269.015,0.33,0.35,0.65,0.67,0.02,0.02,72863.42,1775923467000
1775923469.356,269.356,0.31,0.32,0.67,0.68,0.01,0.01,72863.63,1775923468000
1775923469.732,269.732,0.33,0.35,0.66,0.67,0.02,0.01,72863.63,1775923468000
1775923470.071,270.071,0.35,0.37,0.63,0.64,0.02,0.01,72863.63,1775923468000
1775923470.404,270.404,0.36,0.37,0.66,0.67,0.01,0.01,72863.73,1775923469000
1775923470.857,270.857,0.39,0.4,0.6,0.61,0.01,0.01,72863.73,1775923469000
1775923471.217,271.217,0.39,0.4,0.59,0.61,0.01,0.02,72863.64,1775923470000
1775923471.608,271.608,0.36,0.37,0.63,0.64,0.01,0.01,72863.64,1775923470000
1775923471.967,271.967,0.37,0.38,0.62,0.63,0.01,0.01,72863.64,1775923470000
1775923472.36,272.36,0.35,0.37,0.61,0.67,0.02,0.06,72863.95,1775923471000
1775923472.695,272.695,0.37,0.38,0.62,0.63,0.01,0.01,72863.95,1775923471000
1775923473.042,273.042,0.39,0.41,0.59,0.62,0.02,0.03,72863.95,1775923471000
1775923473.386,273.386,0.51,0.52,0.49,0.5,0.01,0.01,72864.1,1775923472000
1775923473.75,273.75,0.54,0.55,0.45,0.46,0.01,0.01,72864.1,1775923472000
1775923474.202,274.202,0.52,0.53,0.47,0.48,0.01,0.01,72863.33,1775923473000
1775923474.547,274.547,0.52,0.53,0.47,0.48,0.01,0.01,72863.33,1775923473000
1775923474.925,274.925,0.52,0.53,0.47,0.48,0.01,0.01,72863.33,1775923473000
1775923475.265,275.265,0.52,0.53,0.47,0.48,0.01,0.01,72864.9,1775923474000
1775923475.674,275.674,0.52,0.56,0.47,0.48,0.04,0.01,72864.9,1775923474000
1775923476.024,276.024,0.64,0.65,0.35,0.36,0.01,0.01,72865.69,1775923475000
1775923476.358,276.358,0.64,0.65,0.35,0.36,0.01,0.01,72865.69,1775923475000
1775923476.714,276.714,0.64,0.65,0.35,0.36,0.01,0.01,72865.69,1775923475000
1775923477.064,277.064,0.64,0.65,0.34,0.36,0.01,0.02,72866.14,1775923476000
1775923477.401,277.401,0.67,0.68,0.32,0.33,0.01,0.01,72866.14,1775923476000
1775923477.787,277.787,0.65,0.66,0.34,0.35,0.01,0.01,72866.14,1775923476000
1775923478.259,278.259,0.66,0.68,0.33,0.37,0.02,0.04,72866.14,1775923476000
1775923478.596,278.596,0.66,0.67,0.32,0.34,0.01,0.02,72868.16,1775923477000
1775923478.938,278.938,0.68,0.7,0.31,0.33,0.02,0.02,72868.16,1775923477000
1775923479.283,279.283,0.69,0.7,0.3,0.31,0.01,0.01,72868.66,1775923478000
1775923479.624,279.624,0.69,0.7,0.3,0.31,0.01,0.01,72868.66,1775923478000
1775923479.958,279.958,0.69,0.7,0.3,0.31,0.01,0.01,72868.66,1775923478000
1775923480.299,280.299,0.69,0.7,0.3,0.32,0.01,0.02,72868.66,1775923478000
1775923480.633,280.633,0.7,0.71,0.29,0.3,0.01,0.01,72868.66,1775923479000
1775923481.017,281.017,0.68,0.69,0.31,0.32,0.01,0.01,72868.66,1775923479000
1775923481.409,281.409,0.72,0.75,0.25,0.29,0.03,0.04,72868.66,1775923479000
1775923481.803,281.803,0.77,0.78,0.22,0.24,0.01,0.02,72868.66,1775923480000
1775923482.136,282.136,0.75,0.78,0.22,0.25,0.03,0.03,72868.66,1775923480000
1775923482.544,282.544,0.75,0.76,0.24,0.25,0.01,0.01,72869.3,1775923481000
1775923482.884,282.884,0.75,0.76,0.24,0.25,0.01,0.01,72869.3,1775923481000
1775923483.224,283.224,0.75,0.76,0.24,0.25,0.01,0.01,72869.3,1775923481000
1775923483.559,283.559,0.74,0.75,0.25,0.26,0.01,0.01,72870.24,1775923482000
1775923483.911,283.911,0.74,0.76,0.24,0.27,0.02,0.03,72870.24,1775923482000
1775923484.266,284.266,0.76,0.77,0.23,0.27,0.01,0.04,72872.82,1775923483000
1775923484.604,284.604,0.74,0.75,0.24,0.26,0.01,0.02,72872.82,1775923483000
1775923484.942,284.942,0.75,0.76,0.24,0.25,0.01,0.01,72872.82,1775923483000
1775923485.279,285.279,0.77,0.78,0.21,0.23,0.01,0.02,72872.82,1775923483000
1775923485.699,285.699,0.78,0.79,0.21,0.22,0.01,0.01,72872.97,1775923484000
1775923486.047,286.047,0.78,0.8,0.21,0.22,0.02,0.01,72872.97,1775923484000
1775923486.466,286.466,0.78,0.79,0.21,0.22,0.01,0.01,72872.97,1775923484000
1775923486.853,286.853,0.75,0.76,0.24,0.26,0.01,0.02,72873.0,1775923485000
1775923487.206,287.206,0.77,0.78,0.21,0.23,0.01,0.02,72873.0,1775923485000
1775923487.6,287.6,0.74,0.75,0.26,0.27,0.01,0.01,72873.0,1775923486000
1775923487.946,287.946,0.76,0.79,0.23,0.24,0.03,0.01,72873.0,1775923486000
1775923488.283,288.283,0.79,0.8,0.18,0.21,0.01,0.03,72876.81,1775923487000
1775923488.733,288.733,0.78,0.79,0.2,0.24,0.01,0.04,72876.81,1775923487000
1775923489.078,289.078,0.68,0.7,0.29,0.31,0.02,0.02,72878.68,1775923488000
1775923489.498,289.498,0.62,0.65,0.35,0.37,0.03,0.02,72878.68,1775923488000
1775923489.839,289.839,0.62,0.63,0.37,0.38,0.01,0.01,72878.68,1775923488000
1775923490.232,290.232,0.62,0.63,0.37,0.38,0.01,0.01,72878.88,1775923489000
1775923490.622,290.622,0.61,0.62,0.38,0.39,0.01,0.01,72878.88,1775923489000
1775923490.962,290.962,0.45,0.51,0.49,0.55,0.06,0.06,72878.88,1775923489000
1775923491.361,291.361,0.47,0.48,0.52,0.53,0.01,0.01,72873.14,1775923490000
1775923491.704,291.704,0.47,0.48,0.52,0.53,0.01,0.01,72873.14,1775923490000
1775923492.077,292.077,0.47,0.48,0.52,0.55,0.01,0.03,72873.14,1775923490000
1775923492.459,292.459,0.47,0.48,0.52,0.53,0.01,0.01,72870.95,1775923491000
1775923492.809,292.809,0.46,0.47,0.52,0.54,0.01,0.02,72870.95,1775923491000
1775923493.151,293.151,0.46,0.47,0.53,0.54,0.01,0.01,72870.95,1775923491000
1775923493.497,293.497,0.46,0.47,0.53,0.54,0.01,0.01,72863.36,1775923492000
1775923493.866,293.866,0.42,0.43,0.57,0.58,0.01,0.01,72863.36,1775923492000
1775923494.204,294.204,0.42,0.43,0.57,0.58,0.01,0.01,72863.36,1775923492000
1775923494.57,294.57,0.5,0.51,0.49,0.5,0.01,0.01,72861.11,1775923493000
1775923494.904,294.904,0.5,0.51,0.49,0.5,0.01,0.01,72861.11,1775923493000
1775923495.241,295.241,0.55,0.59,0.45,0.46,0.04,0.01,72861.11,1775923493000
1775923495.692,295.692,0.58,0.59,0.4,0.41,0.01,0.01,72861.11,1775923493000
1775923496.026,296.026,0.51,0.55,0.44,0.47,0.04,0.03,72859.95,1775923494000
1775923496.365,296.365,0.52,0.54,0.45,0.48,0.02,0.03,72859.95,1775923494000
1775923496.722,296.722,0.48,0.5,0.5,0.52,0.02,0.02,72859.56,1775923495000
1775923497.067,297.067,0.44,0.45,0.55,0.62,0.01,0.07,72859.56,1775923495000
1775923497.401,297.401,0.38,0.39,0.61,0.62,0.01,0.01,72864.83,1775923496000
1775923497.736,297.736,0.43,0.44,0.56,0.57,0.01,0.01,72864.83,1775923496000
1775923498.084,298.084,0.71,0.76,0.27,0.33,0.05,0.06,72869.31,1775923497000
1775923498.419,298.419,0.72,0.85,0.15,0.28,0.13,0.13,72869.31,1775923497000
1775923498.783,298.783,0.82,0.83,0.17,0.18,0.01,0.01,72869.31,1775923497000
1775923499.138,299.138,0.78,0.85,0.2,0.29,0.07,0.09,72869.31,1775923497000
1775923499.491,299.491,0.76,0.86,0.14,0.15,0.1,0.01,72871.59,1775923498000
1775923499.867,299.867,0.8,0.85,0.1,0.5,0.05,0.4,72871.59,1775923498000
1775923500.211,300.211,0.67,0.69,0.3,0.34,0.02,0.04,72876.91,1775923499000
1775923500.547,300.547,0.65,0.76,0.24,0.35,0.11,0.11,72876.91,1775923499000
1775923500.883,300.883,0.58,0.65,0.38,0.7,0.07,0.32,72876.91,1775923499000
1775923501.531,301.531,0.08,0.48,0.52,0.92,0.4,0.4,72886.29,1775923500000
1775923502.388,302.388,0.08,0.48,0.52,0.92,0.4,0.4,72887.98,1775923501000

# RESULT,winner=Up,slug=btc-updown-5m-1775923200,ticks=711
