timestamp,elapsed_sec,up_bid,up_ask,down_bid,down_ask,up_spread,down_spread,btc_price,btc_oracle_ts
1776595500.673,0.673,0.5,0.51,0.49,0.5,0.01,0.01,75113.73,1776595499000
1776595501.128,1.128,0.5,0.51,0.49,0.5,0.01,0.01,75113.79,1776595500000
1776595501.996,1.996,0.5,0.51,0.49,0.5,0.01,0.01,75113.79,1776595500000
1776595502.402,2.402,0.5,0.51,0.49,0.5,0.01,0.01,75114.76,1776595501000
1776595502.771,2.771,0.5,0.51,0.49,0.5,0.01,0.01,75114.76,1776595501000
1776595503.147,3.147,0.5,0.51,0.49,0.5,0.01,0.01,75114.72,1776595502000
1776595503.58,3.58,0.5,0.51,0.49,0.5,0.01,0.01,75114.72,1776595502000
1776595504.322,4.322,0.5,0.51,0.49,0.5,0.01,0.01,75114.72,1776595503000
1776595504.7,4.7,0.5,0.51,0.49,0.5,0.01,0.01,75114.72,1776595503000
1776595505.207,5.207,0.5,0.51,0.49,0.5,0.01,0.01,75114.66,1776595504000
1776595505.785,5.785,0.5,0.51,0.49,0.5,0.01,0.01,75114.66,1776595504000
1776595506.13,6.13,0.5,0.51,0.49,0.5,0.01,0.01,75114.66,1776595504000
1776595506.653,6.653,0.5,0.51,0.49,0.5,0.01,0.01,75114.63,1776595505000
1776595507.128,7.128,0.5,0.51,0.49,0.5,0.01,0.01,75114.63,1776595505000
1776595507.536,7.536,0.51,0.52,0.48,0.5,0.01,0.02,75114.64,1776595506000
1776595507.985,7.985,0.51,0.52,0.48,0.49,0.01,0.01,75114.88,1776595507000
1776595508.359,8.359,0.51,0.52,0.48,0.49,0.01,0.01,75114.88,1776595507000
1776595508.696,8.696,0.51,0.52,0.48,0.49,0.01,0.01,75114.88,1776595507000
1776595509.089,9.089,0.51,0.52,0.48,0.49,0.01,0.01,75114.88,1776595508000
1776595510.055,10.055,0.51,0.52,0.48,0.49,0.01,0.01,75115.03,1776595509000
1776595510.549,10.549,0.51,0.52,0.48,0.49,0.01,0.01,75115.03,1776595509000
1776595511.118,11.118,0.51,0.52,0.48,0.49,0.01,0.01,75115.25,1776595510000
1776595511.522,11.522,0.51,0.52,0.48,0.49,0.01,0.01,75115.25,1776595510000
1776595511.987,11.987,0.51,0.52,0.48,0.49,0.01,0.01,75115.25,1776595510000
1776595512.382,12.382,0.51,0.52,0.48,0.49,0.01,0.01,75115.11,1776595511000
1776595512.88,12.88,0.51,0.55,0.48,0.49,0.04,0.01,75115.11,1776595511000
1776595513.225,13.225,0.54,0.55,0.45,0.47,0.01,0.02,75115.11,1776595512000
1776595513.927,13.927,0.53,0.54,0.46,0.47,0.01,0.01,75115.11,1776595512000
1776595514.263,14.263,0.53,0.54,0.46,0.47,0.01,0.01,75115.12,1776595513000
1776595514.664,14.664,0.53,0.54,0.46,0.47,0.01,0.01,75115.12,1776595513000
1776595515.167,15.167,0.53,0.54,0.46,0.47,0.01,0.01,75115.12,1776595513000
1776595515.545,15.545,0.53,0.54,0.46,0.47,0.01,0.01,75115.12,1776595514000
1776595515.985,15.985,0.53,0.54,0.46,0.47,0.01,0.01,75115.16,1776595515000
1776595517.255,17.255,0.53,0.54,0.46,0.47,0.01,0.01,75115.16,1776595515000
1776595517.764,17.764,0.53,0.54,0.46,0.47,0.01,0.01,75115.13,1776595516000
1776595518.395,18.395,0.53,0.54,0.46,0.47,0.01,0.01,75115.16,1776595517000
1776595518.905,18.905,0.54,0.55,0.45,0.46,0.01,0.01,75115.16,1776595517000
1776595519.443,19.443,0.56,0.57,0.45,0.46,0.01,0.01,75115.16,1776595518000
1776595519.778,19.778,0.58,0.6,0.41,0.42,0.02,0.01,75115.16,1776595518000
1776595520.117,20.117,0.55,0.58,0.42,0.45,0.03,0.03,75115.16,1776595518000
1776595520.468,20.468,0.55,0.56,0.44,0.45,0.01,0.01,75115.16,1776595519000
1776595520.943,20.943,0.55,0.56,0.44,0.45,0.01,0.01,75115.16,1776595519000
1776595521.316,21.316,0.55,0.56,0.44,0.45,0.01,0.01,75115.16,1776595519000
1776595521.692,21.692,0.55,0.56,0.44,0.45,0.01,0.01,75115.42,1776595520000
1776595522.058,22.058,0.55,0.56,0.44,0.45,0.01,0.01,75115.42,1776595520000
1776595522.466,22.466,0.55,0.56,0.44,0.45,0.01,0.01,75117.1,1776595521000
1776595522.817,22.817,0.55,0.56,0.44,0.45,0.01,0.01,75117.1,1776595521000
1776595523.213,23.213,0.55,0.56,0.44,0.45,0.01,0.01,75117.1,1776595521000
1776595523.711,23.711,0.55,0.56,0.44,0.45,0.01,0.01,75117.07,1776595522000
1776595524.101,24.101,0.55,0.56,0.44,0.45,0.01,0.01,75117.07,1776595523000
1776595524.52,24.52,0.55,0.56,0.44,0.45,0.01,0.01,75117.07,1776595523000
1776595524.924,24.924,0.56,0.57,0.43,0.44,0.01,0.01,75117.07,1776595523000
1776595525.306,25.306,0.57,0.58,0.42,0.43,0.01,0.01,75116.99,1776595524000
1776595525.799,25.799,0.57,0.58,0.42,0.43,0.01,0.01,75116.99,1776595524000
1776595526.195,26.195,0.57,0.58,0.42,0.43,0.01,0.01,75116.99,1776595524000
1776595526.944,26.944,0.57,0.58,0.42,0.43,0.01,0.01,75117.29,1776595525000
1776595527.36,27.36,0.57,0.58,0.42,0.43,0.01,0.01,75117.57,1776595526000
1776595527.86,27.86,0.57,0.58,0.42,0.43,0.01,0.01,75117.57,1776595526000
1776595528.651,28.651,0.58,0.59,0.42,0.43,0.01,0.01,75117.72,1776595527000
1776595529.229,29.229,0.58,0.59,0.41,0.42,0.01,0.01,75119.63,1776595528000
1776595529.661,29.661,0.58,0.59,0.41,0.42,0.01,0.01,75119.63,1776595528000
1776595530.016,30.016,0.58,0.59,0.41,0.42,0.01,0.01,75119.63,1776595528000
1776595530.369,30.369,0.59,0.61,0.4,0.41,0.02,0.01,75119.62,1776595529000
1776595530.768,30.768,0.6,0.61,0.39,0.4,0.01,0.01,75119.62,1776595529000
1776595531.122,31.122,0.61,0.62,0.38,0.39,0.01,0.01,75119.93,1776595530000
1776595531.495,31.495,0.61,0.62,0.38,0.39,0.01,0.01,75119.93,1776595530000
1776595531.834,31.834,0.62,0.63,0.37,0.38,0.01,0.01,75119.93,1776595530000
1776595532.364,32.364,0.62,0.63,0.37,0.38,0.01,0.01,75119.96,1776595531000
1776595532.848,32.848,0.62,0.63,0.37,0.38,0.01,0.01,75119.96,1776595531000
1776595533.192,33.192,0.52,0.57,0.42,0.48,0.05,0.06,75120.03,1776595532000
1776595533.531,33.531,0.52,0.54,0.46,0.48,0.02,0.02,75120.03,1776595532000
1776595533.88,33.88,0.51,0.52,0.48,0.49,0.01,0.01,75120.55,1776595533000
1776595534.219,34.219,0.51,0.52,0.48,0.49,0.01,0.01,75120.55,1776595533000
1776595534.552,34.552,0.51,0.52,0.48,0.49,0.01,0.01,75120.55,1776595533000
1776595535.127,35.127,0.5,0.51,0.48,0.5,0.01,0.02,75115.23,1776595534000
1776595535.544,35.544,0.5,0.51,0.49,0.5,0.01,0.01,75115.23,1776595534000
1776595536.268,36.268,0.5,0.51,0.49,0.5,0.01,0.01,75113.19,1776595535000
1776595536.736,36.736,0.5,0.51,0.49,0.5,0.01,0.01,75113.19,1776595535000
1776595537.069,37.069,0.5,0.51,0.49,0.5,0.01,0.01,75113.19,1776595535000
1776595537.435,37.435,0.5,0.51,0.49,0.5,0.01,0.01,75113.15,1776595536000
1776595537.783,37.783,0.5,0.51,0.49,0.5,0.01,0.01,75113.15,1776595536000
1776595538.3,38.3,0.5,0.51,0.49,0.5,0.01,0.01,75112.14,1776595537000
1776595538.778,38.778,0.5,0.51,0.49,0.5,0.01,0.01,75112.14,1776595537000
1776595539.215,39.215,0.49,0.5,0.49,0.5,0.01,0.01,75112.14,1776595537000
1776595539.552,39.552,0.49,0.5,0.5,0.51,0.01,0.01,75112.34,1776595538000
1776595539.933,39.933,0.49,0.5,0.5,0.51,0.01,0.01,75112.34,1776595538000
1776595540.431,40.431,0.49,0.5,0.5,0.51,0.01,0.01,75112.34,1776595538000
1776595540.855,40.855,0.49,0.5,0.5,0.51,0.01,0.01,75112.61,1776595539000
1776595541.26,41.26,0.49,0.5,0.5,0.51,0.01,0.01,75112.61,1776595539000
1776595542.319,42.319,0.49,0.5,0.5,0.51,0.01,0.01,75112.93,1776595541000
1776595542.671,42.671,0.49,0.5,0.5,0.51,0.01,0.01,75112.93,1776595541000
1776595543.012,43.012,0.49,0.5,0.5,0.51,0.01,0.01,75112.93,1776595542000
1776595543.382,43.382,0.49,0.5,0.5,0.51,0.01,0.01,75112.93,1776595542000
1776595543.954,43.954,0.49,0.5,0.5,0.51,0.01,0.01,75113.08,1776595543000
1776595544.459,44.459,0.49,0.5,0.5,0.51,0.01,0.01,75113.08,1776595543000
1776595544.995,44.995,0.49,0.5,0.5,0.51,0.01,0.01,75113.07,1776595544000
1776595545.669,45.669,0.49,0.51,0.5,0.51,0.02,0.01,75113.07,1776595544000
1776595546.173,46.173,0.49,0.51,0.49,0.51,0.02,0.02,75113.69,1776595545000
1776595546.571,46.571,0.5,0.51,0.49,0.5,0.01,0.01,75113.69,1776595545000
1776595547.173,47.173,0.5,0.51,0.49,0.5,0.01,0.01,75113.69,1776595545000
1776595548.376,48.376,0.5,0.51,0.49,0.5,0.01,0.01,75115.25,1776595547000
1776595548.836,48.836,0.5,0.51,0.49,0.5,0.01,0.01,75115.25,1776595547000
1776595549.25,49.25,0.5,0.53,0.49,0.5,0.03,0.01,75115.08,1776595548000
1776595549.593,49.593,0.52,0.54,0.46,0.48,0.02,0.02,75115.08,1776595548000
1776595550.017,50.017,0.53,0.55,0.46,0.47,0.02,0.01,75115.08,1776595548000
1776595550.361,50.361,0.54,0.55,0.45,0.46,0.01,0.01,75115.08,1776595549000
1776595550.74,50.74,0.54,0.55,0.45,0.46,0.01,0.01,75115.08,1776595549000
1776595551.229,51.229,0.54,0.55,0.45,0.46,0.01,0.01,75115.31,1776595550000
1776595551.636,51.636,0.54,0.56,0.45,0.46,0.02,0.01,75115.31,1776595550000
1776595552.064,52.064,0.55,0.56,0.44,0.45,0.01,0.01,75115.31,1776595550000
1776595552.479,52.479,0.56,0.57,0.43,0.44,0.01,0.01,75115.88,1776595551000
1776595552.973,52.973,0.56,0.57,0.43,0.44,0.01,0.01,75115.88,1776595551000
1776595553.353,53.353,0.56,0.57,0.43,0.44,0.01,0.01,75115.88,1776595551000
1776595553.807,53.807,0.56,0.57,0.43,0.44,0.01,0.01,75116.49,1776595552000
1776595554.156,54.156,0.56,0.58,0.43,0.44,0.02,0.01,75116.49,1776595553000
1776595554.514,54.514,0.57,0.58,0.42,0.43,0.01,0.01,75116.49,1776595553000
1776595555.02,55.02,0.58,0.59,0.41,0.42,0.01,0.01,75116.49,1776595553000
1776595555.358,55.358,0.58,0.59,0.41,0.42,0.01,0.01,75116.91,1776595554000
1776595555.928,55.928,0.58,0.59,0.41,0.42,0.01,0.01,75116.91,1776595554000
1776595556.486,56.486,0.58,0.59,0.41,0.42,0.01,0.01,75116.91,1776595554000
1776595556.832,56.832,0.6,0.61,0.39,0.4,0.01,0.01,75116.87,1776595555000
1776595557.246,57.246,0.6,0.61,0.39,0.4,0.01,0.01,75116.93,1776595556000
1776595557.591,57.591,0.6,0.61,0.39,0.4,0.01,0.01,75116.93,1776595556000
1776595558.018,58.018,0.6,0.61,0.39,0.4,0.01,0.01,75116.93,1776595556000
1776595558.599,58.599,0.6,0.61,0.39,0.4,0.01,0.01,75116.93,1776595557000
1776595559.001,59.001,0.6,0.61,0.39,0.4,0.01,0.01,75117.39,1776595558000
1776595559.366,59.366,0.6,0.61,0.39,0.4,0.01,0.01,75117.39,1776595558000
1776595559.733,59.733,0.62,0.63,0.37,0.38,0.01,0.01,75117.39,1776595558000
1776595560.07,60.07,0.61,0.62,0.38,0.39,0.01,0.01,75118.18,1776595559000
1776595560.527,60.527,0.6,0.61,0.39,0.4,0.01,0.01,75118.18,1776595559000
1776595560.893,60.893,0.53,0.58,0.44,0.47,0.05,0.03,75118.18,1776595559000
1776595561.278,61.278,0.51,0.55,0.45,0.49,0.04,0.04,75118.18,1776595559000
1776595561.672,61.672,0.49,0.5,0.49,0.51,0.01,0.02,75118.74,1776595560000
1776595562.056,62.056,0.49,0.5,0.5,0.51,0.01,0.01,75118.74,1776595560000
1776595562.391,62.391,0.48,0.49,0.51,0.52,0.01,0.01,75118.74,1776595560000
1776595562.742,62.742,0.48,0.49,0.51,0.52,0.01,0.01,75117.15,1776595561000
1776595563.122,63.122,0.48,0.49,0.51,0.52,0.01,0.01,75117.15,1776595561000
1776595563.51,63.51,0.48,0.49,0.51,0.52,0.01,0.01,75114.93,1776595562000
1776595563.867,63.867,0.48,0.49,0.51,0.52,0.01,0.01,75114.93,1776595562000
1776595564.22,64.22,0.48,0.49,0.51,0.52,0.01,0.01,75114.93,1776595562000
1776595564.594,64.594,0.48,0.49,0.51,0.52,0.01,0.01,75114.93,1776595562000
1776595564.953,64.953,0.48,0.49,0.51,0.52,0.01,0.01,75111.26,1776595563000
1776595565.294,65.294,0.48,0.49,0.51,0.52,0.01,0.01,75111.26,1776595563000
1776595565.656,65.656,0.48,0.49,0.51,0.52,0.01,0.01,75111.78,1776595564000
1776595566.023,66.023,0.48,0.49,0.51,0.52,0.01,0.01,75111.78,1776595564000
1776595566.474,66.474,0.48,0.49,0.51,0.52,0.01,0.01,75112.53,1776595565000
1776595566.862,66.862,0.48,0.49,0.51,0.52,0.01,0.01,75112.53,1776595565000
1776595567.214,67.214,0.48,0.49,0.51,0.52,0.01,0.01,75112.53,1776595565000
1776595567.593,67.593,0.48,0.49,0.51,0.52,0.01,0.01,75112.53,1776595565000
1776595567.932,67.932,0.48,0.49,0.51,0.52,0.01,0.01,75112.57,1776595566000
1776595568.305,68.305,0.48,0.49,0.51,0.52,0.01,0.01,75112.57,1776595566000
1776595568.648,68.648,0.48,0.49,0.51,0.52,0.01,0.01,75113.51,1776595567000
1776595569.036,69.036,0.48,0.49,0.51,0.52,0.01,0.01,75113.51,1776595568000
1776595569.438,69.438,0.48,0.49,0.51,0.52,0.01,0.01,75113.51,1776595568000
1776595569.821,69.821,0.48,0.49,0.51,0.52,0.01,0.01,75113.51,1776595568000
1776595570.3,70.3,0.48,0.49,0.51,0.52,0.01,0.01,75113.51,1776595568000
1776595570.689,70.689,0.48,0.49,0.51,0.52,0.01,0.01,75113.65,1776595569000
1776595571.051,71.051,0.48,0.49,0.51,0.52,0.01,0.01,75113.65,1776595569000
1776595571.424,71.424,0.48,0.49,0.51,0.52,0.01,0.01,75113.65,1776595569000
1776595571.759,71.759,0.46,0.47,0.53,0.54,0.01,0.01,75113.65,1776595569000
1776595572.128,72.128,0.46,0.47,0.53,0.54,0.01,0.01,75113.65,1776595569000
1776595572.462,72.462,0.46,0.47,0.53,0.54,0.01,0.01,75113.65,1776595569000
1776595572.836,72.836,0.46,0.47,0.53,0.54,0.01,0.01,75113.78,1776595571000
1776595573.179,73.179,0.46,0.47,0.53,0.54,0.01,0.01,75113.62,1776595572000
1776595573.756,73.756,0.46,0.47,0.53,0.54,0.01,0.01,75113.62,1776595572000
1776595574.129,74.129,0.46,0.47,0.53,0.54,0.01,0.01,75113.62,1776595572000
1776595574.484,74.484,0.46,0.47,0.53,0.54,0.01,0.01,75110.83,1776595573000
1776595574.881,74.881,0.46,0.47,0.53,0.54,0.01,0.01,75110.83,1776595573000
1776595575.224,75.224,0.46,0.47,0.53,0.54,0.01,0.01,75110.48,1776595574000
1776595575.665,75.665,0.46,0.47,0.53,0.54,0.01,0.01,75110.48,1776595574000
1776595576.012,76.012,0.46,0.47,0.53,0.54,0.01,0.01,75110.48,1776595574000
1776595576.534,76.534,0.46,0.47,0.53,0.54,0.01,0.01,75109.93,1776595575000
1776595577.147,77.147,0.46,0.47,0.53,0.54,0.01,0.01,75109.93,1776595575000
1776595577.508,77.508,0.46,0.47,0.53,0.54,0.01,0.01,75109.93,1776595576000
1776595577.996,77.996,0.46,0.47,0.53,0.54,0.01,0.01,75109.93,1776595576000
1776595578.402,78.402,0.45,0.47,0.53,0.54,0.02,0.01,75110,1776595577000
1776595578.818,78.818,0.45,0.46,0.54,0.55,0.01,0.01,75110,1776595577000
1776595579.789,79.789,0.45,0.46,0.54,0.55,0.01,0.01,75110.25,1776595578000
1776595580.494,80.494,0.45,0.46,0.54,0.55,0.01,0.01,75110.25,1776595579000
1776595580.938,80.938,0.45,0.46,0.54,0.55,0.01,0.01,75110.25,1776595579000
1776595581.928,81.928,0.45,0.46,0.54,0.55,0.01,0.01,75110.37,1776595580000
1776595582.341,82.341,0.45,0.46,0.54,0.55,0.01,0.01,75111.87,1776595581000
1776595583.006,83.006,0.45,0.46,0.54,0.55,0.01,0.01,75111.87,1776595581000
1776595583.914,83.914,0.45,0.46,0.54,0.55,0.01,0.01,75112.16,1776595582000
1776595584.534,84.534,0.45,0.47,0.54,0.55,0.02,0.01,75112.59,1776595583000
1776595585.206,85.206,0.49,0.5,0.5,0.52,0.01,0.02,75112.59,1776595583000
1776595585.813,85.813,0.49,0.5,0.5,0.51,0.01,0.01,75112.87,1776595584000
1776595586.339,86.339,0.49,0.5,0.5,0.51,0.01,0.01,75112.91,1776595585000
1776595586.676,86.676,0.47,0.5,0.5,0.52,0.03,0.02,75112.91,1776595585000
1776595587.015,87.015,0.3,0.34,0.66,0.7,0.04,0.04,75112.91,1776595585000
1776595587.39,87.39,0.21,0.39,0.61,0.79,0.18,0.18,75114.25,1776595586000
1776595587.735,87.735,0.25,0.29,0.71,0.75,0.04,0.04,75114.25,1776595586000
1776595588.084,88.084,0.21,0.29,0.71,0.79,0.08,0.08,75114.25,1776595586000
1776595588.465,88.465,0.27,0.28,0.72,0.73,0.01,0.01,75106.37,1776595587000
1776595588.821,88.821,0.26,0.27,0.72,0.74,0.01,0.02,75106.37,1776595587000
1776595589.183,89.183,0.26,0.27,0.73,0.74,0.01,0.01,75106.37,1776595587000
1776595589.531,89.531,0.26,0.27,0.73,0.74,0.01,0.01,75088.07,1776595588000
1776595589.91,89.91,0.26,0.27,0.73,0.74,0.01,0.01,75088.07,1776595589000
1776595590.261,90.261,0.26,0.27,0.73,0.74,0.01,0.01,75088.07,1776595589000
1776595590.634,90.634,0.26,0.27,0.73,0.74,0.01,0.01,75088.07,1776595589000
1776595591.01,91.01,0.26,0.27,0.73,0.74,0.01,0.01,75088.07,1776595589000
1776595591.38,91.38,0.25,0.26,0.74,0.75,0.01,0.01,75088.98,1776595590000
1776595591.823,91.823,0.25,0.26,0.74,0.75,0.01,0.01,75088.98,1776595590000
1776595592.284,92.284,0.25,0.26,0.74,0.75,0.01,0.01,75088.98,1776595591000
1776595592.631,92.631,0.25,0.26,0.74,0.75,0.01,0.01,75088.98,1776595591000
1776595593.161,93.161,0.25,0.26,0.74,0.75,0.01,0.01,75088.98,1776595591000
1776595593.568,93.568,0.25,0.26,0.74,0.75,0.01,0.01,75089.21,1776595592000
1776595594.072,94.072,0.25,0.26,0.74,0.75,0.01,0.01,75089.4,1776595593000
1776595594.625,94.625,0.25,0.26,0.74,0.75,0.01,0.01,75089.4,1776595593000
1776595594.989,94.989,0.25,0.26,0.74,0.75,0.01,0.01,75089.4,1776595593000
1776595595.333,95.333,0.25,0.26,0.74,0.75,0.01,0.01,75089.4,1776595594000
1776595595.702,95.702,0.25,0.26,0.74,0.75,0.01,0.01,75089.4,1776595594000
1776595596.181,96.181,0.25,0.26,0.74,0.75,0.01,0.01,75089.43,1776595595000
1776595596.516,96.516,0.25,0.26,0.74,0.75,0.01,0.01,75089.43,1776595595000
1776595596.923,96.923,0.25,0.26,0.74,0.75,0.01,0.01,75089.43,1776595595000
1776595597.492,97.492,0.25,0.26,0.74,0.75,0.01,0.01,75089.22,1776595596000
1776595597.87,97.87,0.25,0.26,0.74,0.75,0.01,0.01,75089.22,1776595596000
1776595598.431,98.431,0.25,0.26,0.74,0.75,0.01,0.01,75089.43,1776595597000
1776595598.776,98.776,0.25,0.26,0.74,0.75,0.01,0.01,75089.43,1776595597000
1776595599.263,99.263,0.25,0.26,0.74,0.75,0.01,0.01,75089.43,1776595597000
1776595600.019,100.019,0.25,0.26,0.74,0.75,0.01,0.01,75089.25,1776595598000
1776595600.611,100.611,0.25,0.26,0.74,0.75,0.01,0.01,75089.25,1776595598000
1776595601.122,101.122,0.25,0.26,0.74,0.75,0.01,0.01,75089.24,1776595599000
1776595601.493,101.493,0.25,0.26,0.74,0.75,0.01,0.01,75089.24,1776595600000
1776595601.981,101.981,0.25,0.26,0.74,0.75,0.01,0.01,75089.24,1776595600000
1776595602.36,102.36,0.23,0.24,0.74,0.77,0.01,0.03,75089.24,1776595600000
1776595602.814,102.814,0.23,0.24,0.76,0.77,0.01,0.01,75089.24,1776595600000
1776595603.188,103.188,0.23,0.24,0.76,0.77,0.01,0.01,75089.4,1776595601000
1776595603.544,103.544,0.23,0.24,0.76,0.77,0.01,0.01,75089.48,1776595602000
1776595604.404,104.404,0.23,0.24,0.76,0.77,0.01,0.01,75089.21,1776595603000
1776595604.784,104.784,0.23,0.24,0.76,0.77,0.01,0.01,75089.21,1776595603000
1776595605.19,105.19,0.23,0.24,0.76,0.77,0.01,0.01,75089.2,1776595604000
1776595605.585,105.585,0.23,0.24,0.76,0.77,0.01,0.01,75089.2,1776595604000
1776595605.937,105.937,0.22,0.24,0.76,0.77,0.02,0.01,75089.2,1776595604000
1776595606.309,106.309,0.22,0.23,0.76,0.78,0.01,0.02,75089.2,1776595604000
1776595606.722,106.722,0.22,0.23,0.77,0.78,0.01,0.01,75089.0,1776595605000
1776595607.066,107.066,0.22,0.23,0.77,0.78,0.01,0.01,75089.0,1776595605000
1776595607.993,107.993,0.22,0.23,0.77,0.78,0.01,0.01,75088.95,1776595607000
1776595608.36,108.36,0.22,0.23,0.77,0.78,0.01,0.01,75088.95,1776595607000
1776595608.841,108.841,0.22,0.23,0.77,0.78,0.01,0.01,75088.95,1776595607000
1776595609.247,109.247,0.22,0.23,0.77,0.78,0.01,0.01,75088.95,1776595607000
1776595609.676,109.676,0.23,0.24,0.76,0.78,0.01,0.02,75088.99,1776595608000
1776595610.052,110.052,0.23,0.25,0.76,0.77,0.02,0.01,75088.99,1776595608000
1776595610.435,110.435,0.24,0.25,0.75,0.76,0.01,0.01,75089.01,1776595609000
1776595610.979,110.979,0.24,0.25,0.75,0.76,0.01,0.01,75089.01,1776595609000
1776595611.523,111.523,0.24,0.25,0.75,0.76,0.01,0.01,75089.01,1776595609000
1776595612.112,112.112,0.24,0.25,0.75,0.76,0.01,0.01,75088.95,1776595610000
1776595612.618,112.618,0.24,0.25,0.75,0.76,0.01,0.01,75089.44,1776595611000
1776595613.177,113.177,0.26,0.27,0.74,0.76,0.01,0.02,75089.44,1776595611000
1776595613.524,113.524,0.27,0.28,0.72,0.73,0.01,0.01,75089.44,1776595611000
1776595613.869,113.869,0.27,0.28,0.72,0.73,0.01,0.01,75089.52,1776595612000
1776595614.265,114.265,0.27,0.28,0.72,0.73,0.01,0.01,75089.52,1776595612000
1776595614.819,114.819,0.27,0.28,0.72,0.73,0.01,0.01,75089.58,1776595613000
1776595615.305,115.305,0.27,0.28,0.72,0.73,0.01,0.01,75089.58,1776595613000
1776595615.706,115.706,0.27,0.28,0.72,0.73,0.01,0.01,75089.58,1776595613000
1776595616.191,116.191,0.27,0.28,0.72,0.73,0.01,0.01,75091.72,1776595614000
1776595616.584,116.584,0.27,0.28,0.72,0.73,0.01,0.01,75091.72,1776595614000
1776595617.81,117.81,0.27,0.28,0.72,0.73,0.01,0.01,75092.15,1776595616000
1776595618.673,118.673,0.27,0.28,0.72,0.73,0.01,0.01,75092.2,1776595617000
1776595619.087,119.087,0.24,0.26,0.73,0.75,0.02,0.02,75092.2,1776595617000
1776595619.452,119.452,0.25,0.26,0.74,0.75,0.01,0.01,75092.2,1776595618000
1776595619.798,119.798,0.24,0.25,0.74,0.76,0.01,0.02,75092.2,1776595618000
1776595620.174,120.174,0.24,0.25,0.75,0.76,0.01,0.01,75092.2,1776595618000
1776595620.548,120.548,0.24,0.25,0.75,0.76,0.01,0.01,75091.82,1776595619000
1776595621.069,121.069,0.22,0.24,0.75,0.76,0.02,0.01,75091.82,1776595619000
1776595621.63,121.63,0.2,0.21,0.79,0.8,0.01,0.01,75091.82,1776595619000
1776595621.969,121.969,0.2,0.21,0.79,0.82,0.01,0.03,75089.65,1776595620000
1776595622.323,122.323,0.17,0.18,0.82,0.83,0.01,0.01,75089.65,1776595620000
1776595622.686,122.686,0.17,0.18,0.82,0.83,0.01,0.01,75088.79,1776595621000
1776595623.019,123.019,0.14,0.16,0.84,0.86,0.02,0.02,75088.79,1776595621000
1776595623.441,123.441,0.14,0.15,0.84,0.86,0.01,0.02,75086.01,1776595622000
1776595623.986,123.986,0.14,0.15,0.85,0.86,0.01,0.01,75086.01,1776595622000
1776595624.416,124.416,0.12,0.13,0.85,0.88,0.01,0.03,75086.01,1776595622000
1776595624.789,124.789,0.12,0.13,0.87,0.88,0.01,0.01,75079.77,1776595623000
1776595625.122,125.122,0.12,0.14,0.87,0.88,0.02,0.01,75079.77,1776595623000
1776595625.486,125.486,0.12,0.14,0.86,0.87,0.02,0.01,75077.52,1776595624000
1776595625.886,125.886,0.13,0.14,0.87,0.88,0.01,0.01,75077.52,1776595624000
1776595626.414,126.414,0.13,0.14,0.86,0.87,0.01,0.01,75076.94,1776595625000
1776595626.792,126.792,0.12,0.13,0.87,0.88,0.01,0.01,75076.94,1776595625000
1776595627.239,127.239,0.12,0.13,0.87,0.88,0.01,0.01,75076.94,1776595625000
1776595627.573,127.573,0.12,0.13,0.87,0.88,0.01,0.01,75076.94,1776595626000
1776595627.995,127.995,0.12,0.13,0.87,0.88,0.01,0.01,75076.94,1776595626000
1776595628.491,128.491,0.12,0.13,0.87,0.88,0.01,0.01,75076.51,1776595627000
1776595628.899,128.899,0.12,0.13,0.87,0.88,0.01,0.01,75076.51,1776595627000
1776595629.236,129.236,0.12,0.13,0.87,0.88,0.01,0.01,75076.51,1776595627000
1776595629.6,129.6,0.12,0.13,0.87,0.88,0.01,0.01,75076.6,1776595628000
1776595630.133,130.133,0.12,0.13,0.87,0.88,0.01,0.01,75076.6,1776595628000
1776595630.564,130.564,0.11,0.12,0.87,0.89,0.01,0.02,75076.24,1776595629000
1776595630.911,130.911,0.11,0.12,0.88,0.89,0.01,0.01,75076.24,1776595629000
1776595631.359,131.359,0.11,0.12,0.88,0.89,0.01,0.01,75076.24,1776595629000
1776595631.732,131.732,0.11,0.12,0.88,0.89,0.01,0.01,75074.87,1776595630000
1776595632.288,132.288,0.11,0.12,0.88,0.89,0.01,0.01,75074.87,1776595630000
1776595632.637,132.637,0.11,0.12,0.88,0.89,0.01,0.01,75072.44,1776595631000
1776595633.066,133.066,0.11,0.12,0.88,0.89,0.01,0.01,75072.44,1776595631000
1776595633.629,133.629,0.11,0.12,0.88,0.89,0.01,0.01,75072.64,1776595632000
1776595634.293,134.293,0.11,0.12,0.88,0.89,0.01,0.01,75072.64,1776595632000
1776595634.76,134.76,0.12,0.13,0.87,0.89,0.01,0.02,75072.87,1776595633000
1776595635.145,135.145,0.12,0.13,0.87,0.88,0.01,0.01,75072.87,1776595633000
1776595635.609,135.609,0.12,0.13,0.87,0.88,0.01,0.01,75073.39,1776595634000
1776595636.045,136.045,0.12,0.13,0.87,0.88,0.01,0.01,75073.39,1776595634000
1776595636.574,136.574,0.12,0.13,0.87,0.88,0.01,0.01,75073.39,1776595635000
1776595637.339,137.339,0.13,0.14,0.86,0.88,0.01,0.02,75073.39,1776595635000
1776595637.747,137.747,0.13,0.14,0.86,0.87,0.01,0.01,75073.35,1776595636000
1776595638.144,138.144,0.15,0.16,0.84,0.85,0.01,0.01,75073.57,1776595637000
1776595638.625,138.625,0.15,0.16,0.84,0.85,0.01,0.01,75073.57,1776595637000
1776595638.96,138.96,0.17,0.18,0.82,0.83,0.01,0.01,75073.57,1776595638000
1776595639.428,139.428,0.18,0.19,0.81,0.82,0.01,0.01,75073.57,1776595638000
1776595639.804,139.804,0.18,0.19,0.81,0.82,0.01,0.01,75073.57,1776595638000
1776595640.355,140.355,0.18,0.19,0.81,0.82,0.01,0.01,75074.15,1776595639000
1776595640.857,140.857,0.16,0.17,0.82,0.84,0.01,0.02,75074.15,1776595639000
1776595641.359,141.359,0.16,0.17,0.83,0.84,0.01,0.01,75079.4,1776595640000
1776595641.991,141.991,0.16,0.17,0.83,0.84,0.01,0.01,75079.4,1776595640000
1776595642.818,142.818,0.16,0.17,0.83,0.84,0.01,0.01,75081.94,1776595641000
1776595643.17,143.17,0.16,0.17,0.83,0.84,0.01,0.01,75081.86,1776595642000
1776595643.621,143.621,0.16,0.17,0.83,0.84,0.01,0.01,75081.86,1776595642000
1776595643.968,143.968,0.16,0.17,0.83,0.84,0.01,0.01,75081.63,1776595643000
1776595644.355,144.355,0.15,0.17,0.83,0.84,0.02,0.01,75081.63,1776595643000
1776595644.759,144.759,0.15,0.16,0.83,0.85,0.01,0.02,75081.63,1776595643000
1776595646.029,146.029,0.14,0.15,0.85,0.86,0.01,0.01,75081.55,1776595645000
1776595646.394,146.394,0.14,0.15,0.85,0.86,0.01,0.01,75081.55,1776595645000
1776595646.754,146.754,0.14,0.15,0.85,0.86,0.01,0.01,75081.55,1776595645000
1776595647.311,147.311,0.14,0.15,0.85,0.86,0.01,0.01,75081.35,1776595646000
1776595647.975,147.975,0.15,0.16,0.84,0.86,0.01,0.02,75081.35,1776595646000
1776595648.69,148.69,0.15,0.17,0.84,0.85,0.02,0.01,75081.35,1776595647000
1776595649.118,149.118,0.15,0.16,0.84,0.85,0.01,0.01,75081.41,1776595648000
1776595649.699,149.699,0.15,0.16,0.84,0.85,0.01,0.01,75081.41,1776595648000
1776595650.034,150.034,0.18,0.19,0.81,0.82,0.01,0.01,75081.41,1776595648000
1776595650.368,150.368,0.18,0.19,0.81,0.82,0.01,0.01,75081.3,1776595649000
1776595650.794,150.794,0.19,0.2,0.81,0.82,0.01,0.01,75081.3,1776595649000
1776595651.233,151.233,0.19,0.2,0.8,0.81,0.01,0.01,75081.3,1776595649000
1776595651.641,151.641,0.19,0.2,0.8,0.81,0.01,0.01,75081.31,1776595650000
1776595652.025,152.025,0.19,0.2,0.8,0.81,0.01,0.01,75081.31,1776595650000
1776595652.567,152.567,0.19,0.2,0.8,0.81,0.01,0.01,75081.31,1776595650000
1776595652.93,152.93,0.2,0.21,0.79,0.8,0.01,0.01,75084.25,1776595651000
1776595653.284,153.284,0.2,0.21,0.79,0.8,0.01,0.01,75085.84,1776595652000
1776595653.799,153.799,0.2,0.21,0.79,0.8,0.01,0.01,75085.84,1776595652000
1776595654.699,154.699,0.19,0.21,0.79,0.81,0.02,0.02,75086.18,1776595653000
1776595655.193,155.193,0.19,0.2,0.8,0.82,0.01,0.02,75086.18,1776595653000
1776595655.594,155.594,0.19,0.2,0.8,0.81,0.01,0.01,75086.35,1776595654000
1776595656.078,156.078,0.19,0.2,0.8,0.81,0.01,0.01,75086.35,1776595654000
1776595656.429,156.429,0.19,0.2,0.8,0.81,0.01,0.01,75086.32,1776595655000
1776595657.028,157.028,0.19,0.2,0.8,0.81,0.01,0.01,75086.32,1776595655000
1776595657.853,157.853,0.2,0.21,0.79,0.8,0.01,0.01,75086.33,1776595656000
1776595658.223,158.223,0.2,0.21,0.79,0.8,0.01,0.01,75086.34,1776595657000
1776595658.784,158.784,0.2,0.21,0.79,0.8,0.01,0.01,75086.34,1776595657000
1776595659.371,159.371,0.2,0.21,0.79,0.8,0.01,0.01,75086.83,1776595658000
1776595660.166,160.166,0.2,0.21,0.79,0.8,0.01,0.01,75086.83,1776595658000
1776595660.748,160.748,0.2,0.21,0.79,0.8,0.01,0.01,75086.78,1776595659000
1776595661.903,161.903,0.2,0.21,0.79,0.8,0.01,0.01,75086.78,1776595660000
1776595663.308,163.308,0.2,0.21,0.79,0.8,0.01,0.01,75087.17,1776595661000
1776595663.664,163.664,0.22,0.23,0.76,0.78,0.01,0.02,75087.17,1776595661000
1776595664.202,164.202,0.22,0.23,0.77,0.78,0.01,0.01,75088.3,1776595663000
1776595664.535,164.535,0.23,0.24,0.76,0.77,0.01,0.01,75088.3,1776595663000
1776595665.134,165.134,0.24,0.25,0.75,0.77,0.01,0.02,75088.3,1776595663000
1776595665.513,165.513,0.24,0.26,0.74,0.76,0.02,0.02,75088.3,1776595663000
1776595665.85,165.85,0.26,0.27,0.73,0.74,0.01,0.01,75088.3,1776595663000
1776595666.289,166.289,0.26,0.27,0.73,0.74,0.01,0.01,75092.38,1776595665000
1776595667.205,167.205,0.26,0.27,0.73,0.74,0.01,0.01,75092.42,1776595666000
1776595667.754,167.754,0.26,0.27,0.73,0.74,0.01,0.01,75092.42,1776595666000
1776595668.241,168.241,0.26,0.27,0.73,0.74,0.01,0.01,75092.42,1776595666000
1776595668.841,168.841,0.26,0.27,0.73,0.74,0.01,0.01,75093.89,1776595667000
1776595669.176,169.176,0.26,0.27,0.73,0.74,0.01,0.01,75093.89,1776595667000
1776595669.658,169.658,0.26,0.27,0.73,0.74,0.01,0.01,75093.9,1776595668000
1776595670.014,170.014,0.26,0.27,0.73,0.74,0.01,0.01,75093.9,1776595668000
1776595670.928,170.928,0.26,0.27,0.73,0.74,0.01,0.01,75093.88,1776595670000
1776595671.292,171.292,0.26,0.27,0.73,0.74,0.01,0.01,75093.88,1776595670000
1776595671.72,171.72,0.26,0.27,0.73,0.74,0.01,0.01,75093.88,1776595670000
1776595672.055,172.055,0.26,0.27,0.73,0.74,0.01,0.01,75093.89,1776595671000
1776595672.661,172.661,0.25,0.27,0.73,0.74,0.02,0.01,75093.89,1776595671000
1776595673.03,173.03,0.25,0.26,0.74,0.75,0.01,0.01,75093.89,1776595671000
1776595673.527,173.527,0.25,0.26,0.74,0.75,0.01,0.01,75093.92,1776595672000
1776595673.956,173.956,0.25,0.26,0.74,0.75,0.01,0.01,75093.98,1776595673000
1776595675.082,175.082,0.25,0.26,0.74,0.75,0.01,0.01,75094.38,1776595674000
1776595675.895,175.895,0.25,0.26,0.74,0.75,0.01,0.01,75094.38,1776595674000
1776595676.274,176.274,0.24,0.26,0.74,0.76,0.02,0.02,75094.39,1776595675000
1776595676.616,176.616,0.25,0.26,0.74,0.75,0.01,0.01,75094.39,1776595675000
1776595676.968,176.968,0.24,0.25,0.75,0.76,0.01,0.01,75094.39,1776595675000
1776595677.317,177.317,0.23,0.24,0.75,0.77,0.01,0.02,75094.39,1776595675000
1776595677.771,177.771,0.23,0.24,0.76,0.77,0.01,0.01,75094.4,1776595676000
1776595678.108,178.108,0.23,0.24,0.76,0.77,0.01,0.01,75094.38,1776595677000
1776595679.367,179.367,0.23,0.24,0.76,0.77,0.01,0.01,75094.38,1776595678000
1776595679.98,179.98,0.23,0.24,0.76,0.77,0.01,0.01,75094.4,1776595679000
1776595680.433,180.433,0.23,0.24,0.76,0.78,0.01,0.02,75094.4,1776595679000
1776595680.845,180.845,0.23,0.24,0.76,0.77,0.01,0.01,75094.4,1776595679000
1776595681.269,181.269,0.23,0.24,0.76,0.77,0.01,0.01,75094.4,1776595679000
1776595681.635,181.635,0.23,0.24,0.76,0.77,0.01,0.01,75094.0,1776595680000
1776595682.023,182.023,0.23,0.24,0.76,0.77,0.01,0.01,75093.98,1776595681000
1776595682.644,182.644,0.22,0.24,0.76,0.77,0.02,0.01,75093.98,1776595681000
1776595682.979,182.979,0.22,0.23,0.76,0.78,0.01,0.02,75093.98,1776595681000
1776595683.411,183.411,0.22,0.23,0.77,0.78,0.01,0.01,75093.91,1776595682000
1776595683.818,183.818,0.23,0.24,0.76,0.77,0.01,0.01,75093.91,1776595682000
1776595684.157,184.157,0.25,0.26,0.74,0.75,0.01,0.01,75093.91,1776595683000
1776595684.585,184.585,0.25,0.26,0.74,0.75,0.01,0.01,75093.91,1776595683000
1776595684.969,184.969,0.25,0.26,0.74,0.75,0.01,0.01,75093.56,1776595684000
1776595685.366,185.366,0.25,0.26,0.74,0.75,0.01,0.01,75093.56,1776595684000
1776595685.95,185.95,0.25,0.26,0.74,0.75,0.01,0.01,75093.56,1776595685000
1776595686.316,186.316,0.25,0.26,0.74,0.75,0.01,0.01,75093.56,1776595685000
1776595686.674,186.674,0.25,0.26,0.74,0.75,0.01,0.01,75093.56,1776595685000
1776595687.067,187.067,0.25,0.26,0.74,0.75,0.01,0.01,75095.0,1776595686000
1776595687.69,187.69,0.24,0.25,0.74,0.76,0.01,0.02,75095.0,1776595686000
1776595688.434,188.434,0.24,0.25,0.75,0.76,0.01,0.01,75095.21,1776595687000
1776595688.861,188.861,0.24,0.25,0.75,0.76,0.01,0.01,75095.18,1776595688000
1776595689.551,189.551,0.24,0.25,0.75,0.76,0.01,0.01,75095.18,1776595688000
1776595689.921,189.921,0.27,0.28,0.72,0.73,0.01,0.01,75095.18,1776595688000
1776595690.269,190.269,0.27,0.28,0.72,0.73,0.01,0.01,75095.18,1776595689000
1776595690.745,190.745,0.27,0.28,0.72,0.73,0.01,0.01,75095.18,1776595689000
1776595691.103,191.103,0.27,0.28,0.72,0.73,0.01,0.01,75095.18,1776595689000
1776595691.449,191.449,0.27,0.28,0.72,0.73,0.01,0.01,75095.19,1776595690000
1776595691.786,191.786,0.27,0.28,0.72,0.73,0.01,0.01,75095.19,1776595690000
1776595692.198,192.198,0.27,0.28,0.72,0.73,0.01,0.01,75098.32,1776595691000
1776595692.869,192.869,0.27,0.28,0.72,0.73,0.01,0.01,75098.32,1776595691000
1776595693.217,193.217,0.27,0.28,0.72,0.73,0.01,0.01,75098.3,1776595692000
1776595694.234,194.234,0.27,0.28,0.72,0.73,0.01,0.01,75098.45,1776595693000
1776595694.8,194.8,0.28,0.29,0.71,0.72,0.01,0.01,75098.45,1776595693000
1776595695.309,195.309,0.28,0.29,0.71,0.72,0.01,0.01,75098.89,1776595694000
1776595695.744,195.744,0.28,0.29,0.71,0.72,0.01,0.01,75098.89,1776595694000
1776595696.277,196.277,0.28,0.29,0.71,0.72,0.01,0.01,75098.89,1776595694000
1776595696.649,196.649,0.28,0.3,0.71,0.72,0.02,0.01,75102.22,1776595695000
1776595696.999,196.999,0.29,0.3,0.69,0.71,0.01,0.02,75102.22,1776595695000
1776595697.349,197.349,0.29,0.3,0.7,0.71,0.01,0.01,75102.49,1776595696000
1776595697.71,197.71,0.29,0.3,0.7,0.71,0.01,0.01,75102.49,1776595696000
1776595698.162,198.162,0.29,0.3,0.7,0.71,0.01,0.01,75102.49,1776595696000
1776595698.517,198.517,0.29,0.3,0.7,0.71,0.01,0.01,75102.69,1776595697000
1776595698.856,198.856,0.29,0.3,0.7,0.71,0.01,0.01,75102.69,1776595697000
1776595699.198,199.198,0.29,0.3,0.7,0.71,0.01,0.01,75102.69,1776595697000
1776595699.562,199.562,0.29,0.3,0.7,0.71,0.01,0.01,75102.99,1776595698000
1776595699.913,199.913,0.29,0.3,0.7,0.71,0.01,0.01,75102.99,1776595698000
1776595700.255,200.255,0.29,0.3,0.7,0.71,0.01,0.01,75103.13,1776595699000
1776595700.606,200.606,0.29,0.3,0.7,0.71,0.01,0.01,75103.13,1776595699000
1776595701.196,201.196,0.29,0.3,0.7,0.71,0.01,0.01,75103.13,1776595699000
1776595701.811,201.811,0.29,0.3,0.7,0.71,0.01,0.01,75102.48,1776595700000
1776595702.362,202.362,0.29,0.3,0.7,0.71,0.01,0.01,75102.53,1776595701000
1776595702.973,202.973,0.29,0.3,0.7,0.71,0.01,0.01,75102.53,1776595701000
1776595704.229,204.229,0.29,0.3,0.7,0.71,0.01,0.01,75102.81,1776595703000
1776595705.107,205.107,0.29,0.3,0.7,0.71,0.01,0.01,75102.81,1776595703000
1776595706.147,206.147,0.29,0.3,0.7,0.71,0.01,0.01,75102.85,1776595704000
1776595707.104,207.104,0.29,0.3,0.7,0.71,0.01,0.01,75102.84,1776595705000
1776595707.463,207.463,0.29,0.32,0.68,0.71,0.03,0.03,75102.93,1776595706000
1776595707.838,207.838,0.31,0.32,0.68,0.69,0.01,0.01,75102.93,1776595706000
1776595708.213,208.213,0.31,0.32,0.68,0.69,0.01,0.01,75102.93,1776595706000
1776595708.571,208.571,0.31,0.32,0.68,0.69,0.01,0.01,75106.65,1776595707000
1776595709.095,209.095,0.31,0.32,0.68,0.69,0.01,0.01,75106.67,1776595708000
1776595709.475,209.475,0.31,0.32,0.68,0.69,0.01,0.01,75106.67,1776595708000
1776595709.986,209.986,0.31,0.32,0.68,0.69,0.01,0.01,75106.67,1776595708000
1776595711.298,211.298,0.31,0.32,0.68,0.69,0.01,0.01,75106.69,1776595710000
1776595711.948,211.948,0.31,0.32,0.68,0.69,0.01,0.01,75106.08,1776595711000
1776595712.508,212.508,0.31,0.32,0.68,0.69,0.01,0.01,75106.08,1776595711000
1776595712.921,212.921,0.31,0.32,0.68,0.69,0.01,0.01,75106.08,1776595711000
1776595713.513,213.513,0.31,0.32,0.68,0.69,0.01,0.01,75106.08,1776595712000
1776595713.971,213.971,0.31,0.32,0.68,0.69,0.01,0.01,75106.08,1776595712000
1776595714.735,214.735,0.31,0.32,0.68,0.69,0.01,0.01,75106.58,1776595713000
1776595715.106,215.106,0.31,0.32,0.68,0.69,0.01,0.01,75106.58,1776595713000
1776595715.498,215.498,0.31,0.32,0.68,0.69,0.01,0.01,75106.77,1776595714000
1776595715.93,215.93,0.31,0.32,0.68,0.69,0.01,0.01,75106.77,1776595714000
1776595716.385,216.385,0.31,0.32,0.68,0.69,0.01,0.01,75106.77,1776595714000
1776595717.055,217.055,0.31,0.32,0.68,0.69,0.01,0.01,75106.78,1776595716000
1776595717.933,217.933,0.31,0.32,0.68,0.69,0.01,0.01,75106.78,1776595716000
1776595718.432,218.432,0.31,0.32,0.68,0.69,0.01,0.01,75106.79,1776595717000
1776595719.352,219.352,0.31,0.32,0.68,0.69,0.01,0.01,75106.79,1776595718000
1776595720.483,220.483,0.31,0.32,0.68,0.69,0.01,0.01,75106.78,1776595719000
1776595721.096,221.096,0.31,0.32,0.68,0.69,0.01,0.01,75106.76,1776595720000
1776595721.523,221.523,0.31,0.32,0.68,0.69,0.01,0.01,75106.76,1776595720000
1776595722.058,222.058,0.31,0.32,0.68,0.69,0.01,0.01,75106.76,1776595720000
1776595722.396,222.396,0.31,0.32,0.68,0.69,0.01,0.01,75106.76,1776595720000
1776595722.773,222.773,0.31,0.32,0.68,0.69,0.01,0.01,75106.8,1776595721000
1776595724.18,224.18,0.32,0.33,0.67,0.68,0.01,0.01,75106.82,1776595723000
1776595724.554,224.554,0.32,0.34,0.66,0.68,0.02,0.02,75106.82,1776595723000
1776595725.064,225.064,0.33,0.34,0.66,0.67,0.01,0.01,75106.82,1776595723000
1776595725.397,225.397,0.34,0.35,0.65,0.66,0.01,0.01,75106.81,1776595724000
1776595725.846,225.846,0.34,0.35,0.65,0.66,0.01,0.01,75106.81,1776595724000
1776595726.211,226.211,0.34,0.35,0.65,0.66,0.01,0.01,75106.81,1776595725000
1776595726.551,226.551,0.4,0.46,0.6,0.65,0.06,0.05,75106.81,1776595725000
1776595726.929,226.929,0.47,0.48,0.5,0.53,0.01,0.03,75106.81,1776595725000
1776595727.267,227.267,0.48,0.53,0.47,0.52,0.05,0.05,75107.08,1776595726000
1776595727.622,227.622,0.53,0.55,0.45,0.47,0.02,0.02,75107.08,1776595726000
1776595727.968,227.968,0.53,0.56,0.44,0.46,0.03,0.02,75107.08,1776595726000
1776595728.304,228.304,0.55,0.56,0.44,0.45,0.01,0.01,75107.1,1776595727000
1776595728.655,228.655,0.57,0.58,0.42,0.43,0.01,0.01,75107.1,1776595727000
1776595728.996,228.996,0.57,0.58,0.42,0.43,0.01,0.01,75107.1,1776595727000
1776595729.332,229.332,0.57,0.58,0.41,0.43,0.01,0.02,75107.1,1776595727000
1776595729.677,229.677,0.58,0.59,0.41,0.42,0.01,0.01,75112.89,1776595728000
1776595730.01,230.01,0.58,0.59,0.41,0.42,0.01,0.01,75112.89,1776595728000
1776595730.357,230.357,0.62,0.63,0.37,0.38,0.01,0.01,75112.89,1776595728000
1776595730.701,230.701,0.63,0.64,0.36,0.37,0.01,0.01,75113.93,1776595729000
1776595731.037,231.037,0.64,0.65,0.35,0.36,0.01,0.01,75114.14,1776595730000
1776595731.416,231.416,0.64,0.65,0.35,0.36,0.01,0.01,75114.14,1776595730000
1776595731.757,231.757,0.64,0.65,0.35,0.36,0.01,0.01,75114.14,1776595730000
1776595732.124,232.124,0.65,0.66,0.34,0.35,0.01,0.01,75114.14,1776595730000
1776595732.477,232.477,0.65,0.66,0.34,0.35,0.01,0.01,75114.91,1776595731000
1776595732.866,232.866,0.65,0.66,0.34,0.35,0.01,0.01,75114.91,1776595731000
1776595733.216,233.216,0.65,0.66,0.34,0.35,0.01,0.01,75116.23,1776595732000
1776595733.589,233.589,0.65,0.66,0.34,0.35,0.01,0.01,75116.23,1776595732000
1776595733.962,233.962,0.65,0.66,0.34,0.35,0.01,0.01,75116.23,1776595732000
1776595734.325,234.325,0.65,0.66,0.34,0.35,0.01,0.01,75115.85,1776595733000
1776595734.737,234.737,0.65,0.66,0.34,0.35,0.01,0.01,75115.85,1776595733000
1776595735.356,235.356,0.65,0.66,0.34,0.35,0.01,0.01,75115.85,1776595734000
1776595735.722,235.722,0.65,0.66,0.34,0.35,0.01,0.01,75115.85,1776595734000
1776595736.163,236.163,0.65,0.66,0.34,0.35,0.01,0.01,75115.97,1776595735000
1776595736.519,236.519,0.65,0.66,0.34,0.35,0.01,0.01,75115.97,1776595735000
1776595736.905,236.905,0.65,0.66,0.34,0.35,0.01,0.01,75115.97,1776595735000
1776595737.338,237.338,0.65,0.66,0.34,0.35,0.01,0.01,75115.97,1776595735000
1776595737.969,237.969,0.65,0.66,0.34,0.35,0.01,0.01,75115.97,1776595735000
1776595738.335,238.335,0.64,0.65,0.34,0.35,0.01,0.01,75116.4,1776595736000
1776595738.676,238.676,0.64,0.65,0.35,0.36,0.01,0.01,75116.4,1776595736000
1776595739.014,239.014,0.64,0.65,0.35,0.36,0.01,0.01,75116.33,1776595737000
1776595739.347,239.347,0.58,0.59,0.41,0.42,0.01,0.01,75116.33,1776595737000
1776595739.681,239.681,0.52,0.59,0.41,0.48,0.07,0.07,75116.58,1776595738000
1776595740.025,240.025,0.56,0.57,0.43,0.44,0.01,0.01,75116.58,1776595738000
1776595740.393,240.393,0.55,0.56,0.43,0.45,0.01,0.02,75116.58,1776595738000
1776595740.727,240.727,0.54,0.56,0.44,0.45,0.02,0.01,75116.57,1776595739000
1776595741.124,241.124,0.55,0.56,0.44,0.45,0.01,0.01,75116.57,1776595740000
1776595741.457,241.457,0.5,0.55,0.45,0.5,0.05,0.05,75116.57,1776595740000
1776595741.956,241.956,0.5,0.51,0.49,0.5,0.01,0.01,75116.57,1776595740000
1776595742.574,242.574,0.49,0.5,0.5,0.51,0.01,0.01,75116.57,1776595740000
1776595742.982,242.982,0.48,0.49,0.5,0.52,0.01,0.02,75115.9,1776595741000
1776595743.323,243.323,0.48,0.49,0.51,0.52,0.01,0.01,75115.08,1776595742000
1776595743.704,243.704,0.48,0.49,0.51,0.52,0.01,0.01,75115.08,1776595742000
1776595744.06,244.06,0.48,0.49,0.51,0.52,0.01,0.01,75115.08,1776595742000
1776595744.477,244.477,0.48,0.49,0.51,0.52,0.01,0.01,75115.08,1776595742000
1776595745.007,245.007,0.48,0.49,0.51,0.52,0.01,0.01,75115.08,1776595743000
1776595745.427,245.427,0.48,0.49,0.51,0.52,0.01,0.01,75115.08,1776595743000
1776595745.829,245.829,0.48,0.49,0.51,0.52,0.01,0.01,75115.08,1776595744000
1776595746.225,246.225,0.48,0.49,0.51,0.52,0.01,0.01,75115.36,1776595745000
1776595746.684,246.684,0.48,0.49,0.51,0.52,0.01,0.01,75115.36,1776595745000
1776595747.207,247.207,0.48,0.49,0.51,0.52,0.01,0.01,75115.36,1776595745000
1776595747.555,247.555,0.48,0.49,0.51,0.52,0.01,0.01,75115.4,1776595746000
1776595747.957,247.957,0.45,0.46,0.52,0.55,0.01,0.03,75115.4,1776595746000
1776595748.325,248.325,0.45,0.46,0.54,0.55,0.01,0.01,75115.4,1776595746000
1776595748.664,248.664,0.47,0.48,0.52,0.54,0.01,0.02,75115.39,1776595747000
1776595749.127,249.127,0.47,0.48,0.52,0.53,0.01,0.01,75115.36,1776595748000
1776595749.484,249.484,0.47,0.48,0.52,0.53,0.01,0.01,75115.36,1776595748000
1776595749.826,249.826,0.48,0.49,0.51,0.52,0.01,0.01,75115.36,1776595748000
1776595750.162,250.162,0.51,0.58,0.43,0.51,0.07,0.08,75115.36,1776595748000
1776595750.535,250.535,0.62,0.63,0.37,0.41,0.01,0.04,75115.36,1776595748000
1776595750.874,250.874,0.64,0.65,0.35,0.36,0.01,0.01,75114.09,1776595749000
1776595751.23,251.23,0.65,0.66,0.34,0.35,0.01,0.01,75114.09,1776595749000
1776595751.567,251.567,0.66,0.67,0.34,0.35,0.01,0.01,75114.09,1776595750000
1776595751.925,251.925,0.66,0.67,0.33,0.34,0.01,0.01,75114.09,1776595750000
1776595752.264,252.264,0.66,0.67,0.33,0.34,0.01,0.01,75114.28,1776595751000
1776595752.769,252.769,0.67,0.68,0.32,0.33,0.01,0.01,75114.28,1776595751000
1776595753.123,253.123,0.68,0.69,0.31,0.32,0.01,0.01,75114.28,1776595751000
1776595753.481,253.481,0.69,0.71,0.3,0.31,0.02,0.01,75118.47,1776595752000
1776595753.84,253.84,0.72,0.73,0.27,0.29,0.01,0.02,75118.47,1776595752000
1776595754.202,254.202,0.72,0.73,0.27,0.28,0.01,0.01,75118.46,1776595753000
1776595754.535,254.535,0.73,0.74,0.26,0.27,0.01,0.01,75118.46,1776595753000
1776595754.87,254.87,0.77,0.78,0.22,0.23,0.01,0.01,75118.46,1776595753000
1776595755.225,255.225,0.77,0.78,0.22,0.23,0.01,0.01,75118.46,1776595753000
1776595755.602,255.602,0.77,0.78,0.22,0.23,0.01,0.01,75118.46,1776595753000
1776595756.024,256.024,0.78,0.79,0.21,0.23,0.01,0.02,75118.46,1776595753000
1776595756.422,256.422,0.79,0.8,0.21,0.22,0.01,0.01,75118.46,1776595753000
1776595756.756,256.756,0.82,0.83,0.17,0.18,0.01,0.01,75120.34,1776595755000
1776595757.089,257.089,0.91,0.92,0.08,0.09,0.01,0.01,75120.76,1776595756000
1776595757.423,257.423,0.92,0.94,0.07,0.08,0.02,0.01,75120.76,1776595756000
1776595757.92,257.92,0.93,0.94,0.06,0.07,0.01,0.01,75120.76,1776595756000
1776595758.253,258.253,0.93,0.94,0.06,0.07,0.01,0.01,75121.97,1776595757000
1776595758.636,258.636,0.93,0.94,0.06,0.07,0.01,0.01,75121.97,1776595757000
1776595758.979,258.979,0.93,0.94,0.06,0.07,0.01,0.01,75121.97,1776595757000
1776595759.321,259.321,0.93,0.94,0.06,0.07,0.01,0.01,75121.97,1776595757000
1776595759.75,259.75,0.93,0.94,0.06,0.07,0.01,0.01,75135.25,1776595758000
1776595760.142,260.142,0.94,0.95,0.05,0.06,0.01,0.01,75136.43,1776595759000
1776595760.499,260.499,0.94,0.95,0.05,0.06,0.01,0.01,75136.43,1776595759000
1776595760.835,260.835,0.95,0.96,0.04,0.05,0.01,0.01,75136.43,1776595759000
1776595761.202,261.202,0.95,0.96,0.04,0.05,0.01,0.01,75136.43,1776595759000
1776595761.582,261.582,0.95,0.96,0.04,0.05,0.01,0.01,75137.67,1776595760000
1776595761.925,261.925,0.95,0.96,0.04,0.05,0.01,0.01,75137.67,1776595760000
1776595762.276,262.276,0.95,0.96,0.04,0.05,0.01,0.01,75137.67,1776595760000
1776595762.629,262.629,0.95,0.96,0.04,0.05,0.01,0.01,75138.18,1776595761000
1776595762.963,262.963,0.95,0.96,0.04,0.05,0.01,0.01,75138.18,1776595761000
1776595763.303,263.303,0.95,0.96,0.04,0.05,0.01,0.01,75138.18,1776595761000
1776595763.673,263.673,0.95,0.97,0.04,0.05,0.02,0.01,75138.18,1776595762000
1776595764.069,264.069,0.96,0.97,0.03,0.04,0.01,0.01,75138.96,1776595763000
1776595764.402,264.402,0.96,0.97,0.03,0.04,0.01,0.01,75138.96,1776595763000
1776595764.737,264.737,0.96,0.97,0.03,0.04,0.01,0.01,75138.96,1776595763000
1776595765.172,265.172,0.96,0.97,0.03,0.04,0.01,0.01,75139.02,1776595764000
1776595765.657,265.657,0.97,0.98,0.02,0.03,0.01,0.01,75139.02,1776595764000
1776595766.053,266.053,0.97,0.98,0.02,0.03,0.01,0.01,75139.02,1776595764000
1776595766.456,266.456,0.97,0.98,0.02,0.03,0.01,0.01,75139.51,1776595765000
1776595766.879,266.879,0.97,0.98,0.02,0.03,0.01,0.01,75139.51,1776595765000
1776595767.398,267.398,0.97,0.98,0.02,0.03,0.01,0.01,75139.57,1776595766000
1776595767.844,267.844,0.97,0.98,0.02,0.03,0.01,0.01,75139.57,1776595766000
1776595768.237,268.237,0.97,0.98,0.02,0.03,0.01,0.01,75140.1,1776595767000
1776595768.6,268.6,0.97,0.98,0.02,0.03,0.01,0.01,75140.1,1776595767000
1776595769.02,269.02,0.97,0.98,0.02,0.03,0.01,0.01,75140.1,1776595767000
1776595769.407,269.407,0.97,0.98,0.02,0.03,0.01,0.01,75140.13,1776595768000
1776595769.742,269.742,0.97,0.98,0.02,0.03,0.01,0.01,75140.13,1776595768000
1776595770.11,270.11,0.97,0.98,0.02,0.03,0.01,0.01,75140.13,1776595768000
1776595770.45,270.45,0.97,0.98,0.02,0.03,0.01,0.01,75142.13,1776595769000
1776595771.056,271.056,0.97,0.98,0.02,0.03,0.01,0.01,75142.13,1776595769000
1776595771.392,271.392,0.97,0.98,0.02,0.03,0.01,0.01,75142.13,1776595769000
1776595771.912,271.912,0.97,0.98,0.02,0.03,0.01,0.01,75143.77,1776595770000
1776595772.276,272.276,0.97,0.98,0.02,0.03,0.01,0.01,75143.77,1776595770000
1776595772.639,272.639,0.97,0.98,0.02,0.03,0.01,0.01,75143.77,1776595770000
1776595773.074,273.074,0.97,0.98,0.02,0.03,0.01,0.01,75143.8,1776595771000
1776595773.411,273.411,0.96,0.97,0.03,0.04,0.01,0.01,75143.8,1776595771000
1776595773.775,273.775,0.96,0.97,0.03,0.04,0.01,0.01,75144.39,1776595772000
1776595774.177,274.177,0.96,0.97,0.03,0.04,0.01,0.01,75144.56,1776595773000
1776595774.755,274.755,0.97,0.98,0.02,0.03,0.01,0.01,75144.56,1776595773000
1776595775.124,275.124,0.97,0.98,0.02,0.03,0.01,0.01,75144.56,1776595773000
1776595775.608,275.608,0.97,0.98,0.02,0.03,0.01,0.01,75144.39,1776595774000
1776595775.955,275.955,0.97,0.98,0.02,0.03,0.01,0.01,75144.39,1776595774000
1776595776.326,276.326,0.97,0.98,0.02,0.03,0.01,0.01,75144.51,1776595775000
1776595776.67,276.67,0.97,0.98,0.02,0.03,0.01,0.01,75144.51,1776595775000
1776595777.015,277.015,0.97,0.98,0.02,0.03,0.01,0.01,75144.51,1776595775000
1776595777.484,277.484,0.97,0.98,0.02,0.03,0.01,0.01,75144.62,1776595776000
1776595777.831,277.831,0.97,0.98,0.02,0.03,0.01,0.01,75144.62,1776595776000
1776595778.202,278.202,0.97,0.98,0.02,0.03,0.01,0.01,75144.62,1776595776000
1776595778.631,278.631,0.97,0.98,0.02,0.03,0.01,0.01,75144.62,1776595776000
1776595779.05,279.05,0.97,0.98,0.02,0.03,0.01,0.01,75144.63,1776595777000
1776595779.547,279.547,0.97,0.98,0.02,0.03,0.01,0.01,75144.63,1776595777000
1776595779.92,279.92,0.97,0.98,0.02,0.03,0.01,0.01,75144.75,1776595778000
1776595780.271,280.271,0.97,0.98,0.02,0.03,0.01,0.01,75144.71,1776595779000
1776595780.617,280.617,0.97,0.98,0.02,0.03,0.01,0.01,75144.71,1776595779000
1776595781.078,281.078,0.97,0.98,0.02,0.03,0.01,0.01,75144.71,1776595779000
1776595781.415,281.415,0.97,0.98,0.02,0.03,0.01,0.01,75144.71,1776595779000
1776595781.763,281.763,0.97,0.98,0.02,0.03,0.01,0.01,75144.71,1776595780000
1776595782.162,282.162,0.97,0.98,0.02,0.03,0.01,0.01,75144.72,1776595781000
1776595782.732,282.732,0.97,0.98,0.02,0.03,0.01,0.01,75144.72,1776595781000
1776595783.179,283.179,0.97,0.98,0.02,0.03,0.01,0.01,75144.72,1776595781000
1776595783.524,283.524,0.97,0.98,0.02,0.03,0.01,0.01,75144.72,1776595782000
1776595783.949,283.949,0.97,0.98,0.02,0.03,0.01,0.01,75144.72,1776595782000
1776595784.289,284.289,0.97,0.98,0.02,0.03,0.01,0.01,75144.8,1776595783000
1776595784.971,284.971,0.98,0.99,0.01,0.02,0.01,0.01,75144.8,1776595783000
1776595785.31,285.31,0.98,0.99,0.01,0.02,0.01,0.01,75144.8,1776595784000
1776595785.646,285.646,0.98,0.99,0.01,0.02,0.01,0.01,75144.8,1776595784000
1776595786.027,286.027,0.98,0.99,0.01,0.02,0.01,0.01,75144.8,1776595784000
1776595786.405,286.405,0.99,0.99,0.01,0.01,0.0,0.0,75144.8,1776595784000
1776595786.816,286.816,0.99,0.99,0.01,0.01,0.0,0.0,75144.83,1776595785000
1776595787.5,287.5,0.99,0.99,0.01,0.01,0.0,0.0,75144.83,1776595786000
1776595788.536,288.536,0.99,0.99,0.01,0.01,0.0,0.0,75144.83,1776595786000
1776595788.893,288.893,0.99,0.99,0.01,0.01,0.0,0.0,75144.83,1776595787000
1776595789.994,289.994,0.99,0.99,0.01,0.01,0.0,0.0,75144.83,1776595787000
1776595790.422,290.422,0.99,0.99,0.01,0.01,0.0,0.0,75144.83,1776595789000
1776595791.006,291.006,0.99,0.99,0.01,0.01,0.0,0.0,75144.83,1776595790000
1776595791.397,291.397,0.99,0.99,0.01,0.01,0.0,0.0,75144.83,1776595790000
1776595791.974,291.974,0.99,0.99,0.01,0.01,0.0,0.0,75144.83,1776595790000
1776595792.887,292.887,0.99,0.99,0.01,0.01,0.0,0.0,75144.86,1776595791000
1776595793.638,293.638,0.99,0.99,0.01,0.01,0.0,0.0,75145.83,1776595792000
1776595795.005,295.005,0.99,0.99,0.01,0.01,0.0,0.0,75147.95,1776595794000
1776595795.966,295.966,0.99,0.99,0.01,0.01,0.0,0.0,75147.96,1776595795000
1776595796.954,296.954,0.99,0.99,0.01,0.01,0.0,0.0,75147.95,1776595796000
1776595797.717,297.717,0.99,0.99,0.01,0.01,0.0,0.0,75147.95,1776595796000
1776595798.701,298.701,0.99,0.99,0.01,0.01,0.0,0.0,75148.05,1776595797000
1776595799.937,299.937,0.99,0.99,0.01,0.01,0.0,0.0,75148.06,1776595799000
1776595800.962,300.962,0.99,0.99,0.01,0.01,0.0,0.0,75148.05,1776595800000
1776595801.872,301.872,0.99,0.99,0.01,0.01,0.0,0.0,75148.46,1776595801000

# RESULT,winner=Up,slug=btc-updown-5m-1776595500,ticks=645
