timestamp,elapsed_sec,up_bid,up_ask,down_bid,down_ask,up_spread,down_spread,btc_price,btc_oracle_ts
1777284600.574,0.574,0.55,0.57,0.44,0.45,0.02,0.01,77836.89,1777284599000
1777284601.0,1.0,0.55,0.65,0.44,0.45,0.1,0.01,77836.89,1777284599000
1777284601.354,1.354,0.61,0.62,0.38,0.39,0.01,0.01,77836.89,1777284599000
1777284601.748,1.748,0.58,0.6,0.42,0.43,0.02,0.01,77836.89,1777284599000
1777284602.253,2.253,0.59,0.6,0.4,0.41,0.01,0.01,77836.34,1777284600000
1777284602.676,2.676,0.58,0.59,0.41,0.42,0.01,0.01,77836.57,1777284601000
1777284603.129,3.129,0.58,0.59,0.41,0.42,0.01,0.01,77836.57,1777284601000
1777284603.484,3.484,0.56,0.59,0.41,0.42,0.03,0.01,77836.57,1777284601000
1777284603.872,3.872,0.54,0.55,0.45,0.46,0.01,0.01,77836.57,1777284601000
1777284604.396,4.396,0.54,0.55,0.45,0.46,0.01,0.01,77836.21,1777284602000
1777284604.796,4.796,0.54,0.55,0.45,0.46,0.01,0.01,77836.13,1777284603000
1777284605.247,5.247,0.54,0.55,0.45,0.46,0.01,0.01,77836.2,1777284604000
1777284605.773,5.773,0.54,0.55,0.45,0.46,0.01,0.01,77836.2,1777284604000
1777284606.171,6.171,0.54,0.55,0.45,0.46,0.01,0.01,77836.39,1777284605000
1777284606.551,6.551,0.54,0.55,0.45,0.46,0.01,0.01,77836.39,1777284605000
1777284606.902,6.902,0.54,0.55,0.45,0.46,0.01,0.01,77836.39,1777284605000
1777284607.951,7.951,0.54,0.55,0.45,0.46,0.01,0.01,77836.39,1777284605000
1777284608.508,8.508,0.54,0.55,0.45,0.46,0.01,0.01,77836.63,1777284607000
1777284608.847,8.847,0.52,0.53,0.45,0.48,0.01,0.03,77836.63,1777284607000
1777284609.207,9.207,0.52,0.53,0.47,0.48,0.01,0.01,77836.63,1777284607000
1777284609.667,9.667,0.52,0.53,0.47,0.48,0.01,0.01,77836.24,1777284608000
1777284610.449,10.449,0.52,0.53,0.47,0.48,0.01,0.01,77836.19,1777284609000
1777284611.228,11.228,0.52,0.53,0.47,0.48,0.01,0.01,77836.19,1777284609000
1777284611.572,11.572,0.53,0.54,0.46,0.47,0.01,0.01,77836.19,1777284609000
1777284612.014,12.014,0.53,0.54,0.46,0.47,0.01,0.01,77836.35,1777284610000
1777284612.389,12.389,0.53,0.55,0.46,0.47,0.02,0.01,77836.35,1777284610000
1777284612.842,12.842,0.54,0.55,0.45,0.46,0.01,0.01,77836.35,1777284610000
1777284613.19,13.19,0.54,0.55,0.45,0.46,0.01,0.01,77837.31,1777284611000
1777284613.581,13.581,0.54,0.55,0.45,0.46,0.01,0.01,77838.68,1777284612000
1777284614.015,14.015,0.54,0.55,0.45,0.46,0.01,0.01,77838.68,1777284612000
1777284614.519,14.519,0.54,0.55,0.45,0.46,0.01,0.01,77838.68,1777284612000
1777284614.861,14.861,0.54,0.55,0.45,0.46,0.01,0.01,77838.93,1777284613000
1777284615.197,15.197,0.54,0.55,0.45,0.46,0.01,0.01,77838.93,1777284613000
1777284615.751,15.751,0.56,0.57,0.43,0.44,0.01,0.01,77839.57,1777284614000
1777284616.156,16.156,0.56,0.57,0.43,0.44,0.01,0.01,77839.57,1777284614000
1777284616.525,16.525,0.56,0.57,0.43,0.44,0.01,0.01,77839.57,1777284615000
1777284616.966,16.966,0.56,0.57,0.43,0.44,0.01,0.01,77839.57,1777284615000
1777284617.435,17.435,0.56,0.57,0.43,0.44,0.01,0.01,77839.36,1777284616000
1777284617.793,17.793,0.56,0.57,0.43,0.44,0.01,0.01,77839.36,1777284616000
1777284618.211,18.211,0.56,0.57,0.43,0.44,0.01,0.01,77839.36,1777284616000
1777284618.552,18.552,0.56,0.57,0.43,0.44,0.01,0.01,77839.37,1777284617000
1777284619.096,19.096,0.56,0.57,0.43,0.44,0.01,0.01,77839.37,1777284617000
1777284619.546,19.546,0.56,0.57,0.43,0.44,0.01,0.01,77840.56,1777284618000
1777284619.911,19.911,0.55,0.56,0.44,0.45,0.01,0.01,77840.56,1777284618000
1777284620.278,20.278,0.55,0.56,0.44,0.45,0.01,0.01,77840.56,1777284618000
1777284620.962,20.962,0.55,0.56,0.44,0.45,0.01,0.01,77840.43,1777284619000
1777284621.318,21.318,0.55,0.56,0.44,0.45,0.01,0.01,77840.43,1777284619000
1777284621.787,21.787,0.55,0.56,0.44,0.45,0.01,0.01,77840.1,1777284620000
1777284622.251,22.251,0.55,0.56,0.44,0.45,0.01,0.01,77840.17,1777284621000
1777284622.697,22.697,0.56,0.59,0.43,0.44,0.03,0.01,77840.17,1777284621000
1777284623.148,23.148,0.56,0.57,0.41,0.44,0.01,0.03,77840.17,1777284621000
1777284623.568,23.568,0.56,0.57,0.43,0.44,0.01,0.01,77840.45,1777284622000
1777284623.969,23.969,0.56,0.57,0.43,0.44,0.01,0.01,77840.45,1777284622000
1777284624.318,24.318,0.56,0.57,0.43,0.44,0.01,0.01,77840.15,1777284623000
1777284624.71,24.71,0.56,0.57,0.43,0.44,0.01,0.01,77840.15,1777284623000
1777284625.203,25.203,0.56,0.57,0.43,0.44,0.01,0.01,77840.15,1777284623000
1777284626.11,26.11,0.57,0.58,0.42,0.43,0.01,0.01,77840.16,1777284624000
1777284626.478,26.478,0.57,0.58,0.42,0.43,0.01,0.01,77840.11,1777284625000
1777284626.829,26.829,0.57,0.58,0.42,0.43,0.01,0.01,77840.11,1777284625000
1777284627.194,27.194,0.57,0.58,0.42,0.43,0.01,0.01,77839.87,1777284626000
1777284627.643,27.643,0.57,0.58,0.42,0.43,0.01,0.01,77839.87,1777284626000
1777284627.995,27.995,0.57,0.58,0.42,0.43,0.01,0.01,77839.87,1777284626000
1777284628.329,28.329,0.59,0.6,0.4,0.41,0.01,0.01,77839.87,1777284627000
1777284628.669,28.669,0.59,0.61,0.39,0.4,0.02,0.01,77839.87,1777284627000
1777284629.015,29.015,0.61,0.62,0.38,0.39,0.01,0.01,77839.87,1777284627000
1777284629.407,29.407,0.61,0.62,0.38,0.39,0.01,0.01,77839.83,1777284628000
1777284629.84,29.84,0.61,0.62,0.38,0.39,0.01,0.01,77839.83,1777284628000
1777284630.187,30.187,0.61,0.63,0.38,0.39,0.02,0.01,77839.83,1777284628000
1777284630.548,30.548,0.62,0.63,0.37,0.38,0.01,0.01,77841.89,1777284629000
1777284630.944,30.944,0.62,0.63,0.37,0.38,0.01,0.01,77841.89,1777284629000
1777284631.358,31.358,0.62,0.63,0.37,0.38,0.01,0.01,77843.56,1777284630000
1777284632.215,32.215,0.62,0.63,0.37,0.38,0.01,0.01,77843.56,1777284630000
1777284632.63,32.63,0.62,0.63,0.37,0.38,0.01,0.01,77844.89,1777284631000
1777284632.99,32.99,0.61,0.62,0.37,0.39,0.01,0.02,77844.89,1777284631000
1777284633.422,33.422,0.61,0.62,0.38,0.39,0.01,0.01,77844.89,1777284631000
1777284633.88,33.88,0.6,0.61,0.38,0.4,0.01,0.02,77843.52,1777284632000
1777284634.219,34.219,0.6,0.61,0.39,0.4,0.01,0.01,77843.52,1777284632000
1777284634.606,34.606,0.6,0.61,0.39,0.4,0.01,0.01,77843.67,1777284633000
1777284634.955,34.955,0.6,0.61,0.39,0.4,0.01,0.01,77843.58,1777284634000
1777284635.7,35.7,0.59,0.6,0.4,0.41,0.01,0.01,77843.58,1777284634000
1777284636.126,36.126,0.59,0.6,0.4,0.41,0.01,0.01,77845.11,1777284635000
1777284636.74,36.74,0.58,0.6,0.4,0.41,0.02,0.01,77845.11,1777284635000
1777284637.085,37.085,0.53,0.54,0.45,0.46,0.01,0.01,77843.29,1777284636000
1777284637.445,37.445,0.53,0.54,0.46,0.47,0.01,0.01,77843.29,1777284636000
1777284637.826,37.826,0.53,0.54,0.46,0.47,0.01,0.01,77843.29,1777284636000
1777284638.221,38.221,0.53,0.54,0.46,0.47,0.01,0.01,77842.93,1777284637000
1777284638.798,38.798,0.53,0.54,0.46,0.47,0.01,0.01,77842.93,1777284637000
1777284639.227,39.227,0.53,0.54,0.46,0.47,0.01,0.01,77841.85,1777284638000
1777284640.03,40.03,0.53,0.54,0.46,0.47,0.01,0.01,77839.78,1777284639000
1777284640.382,40.382,0.53,0.54,0.46,0.47,0.01,0.01,77839.78,1777284639000
1777284640.843,40.843,0.53,0.54,0.46,0.47,0.01,0.01,77839.78,1777284639000
1777284641.32,41.32,0.53,0.54,0.46,0.47,0.01,0.01,77839.09,1777284640000
1777284641.784,41.784,0.53,0.54,0.46,0.47,0.01,0.01,77839.09,1777284640000
1777284642.142,42.142,0.53,0.54,0.46,0.47,0.01,0.01,77838.86,1777284641000
1777284642.541,42.541,0.53,0.54,0.46,0.47,0.01,0.01,77838.86,1777284641000
1777284642.885,42.885,0.53,0.54,0.46,0.47,0.01,0.01,77838.86,1777284641000
1777284643.395,43.395,0.53,0.54,0.46,0.47,0.01,0.01,77839.24,1777284642000
1777284643.796,43.796,0.54,0.55,0.45,0.47,0.01,0.02,77839.24,1777284642000
1777284644.192,44.192,0.54,0.55,0.45,0.46,0.01,0.01,77839.5,1777284643000
1777284645.068,45.068,0.54,0.55,0.45,0.46,0.01,0.01,77839.55,1777284644000
1777284645.576,45.576,0.54,0.55,0.45,0.46,0.01,0.01,77839.55,1777284644000
1777284645.939,45.939,0.54,0.55,0.45,0.46,0.01,0.01,77839.55,1777284644000
1777284646.279,46.279,0.54,0.55,0.45,0.46,0.01,0.01,77839.25,1777284645000
1777284646.937,46.937,0.54,0.55,0.45,0.46,0.01,0.01,77839.25,1777284645000
1777284647.309,47.309,0.54,0.55,0.45,0.46,0.01,0.01,77839.25,1777284645000
1777284647.702,47.702,0.54,0.55,0.45,0.46,0.01,0.01,77838.08,1777284646000
1777284648.144,48.144,0.54,0.55,0.45,0.46,0.01,0.01,77839.44,1777284647000
1777284649.028,49.028,0.54,0.55,0.45,0.46,0.01,0.01,77839.44,1777284647000
1777284649.409,49.409,0.54,0.55,0.45,0.46,0.01,0.01,77839.44,1777284648000
1777284650.08,50.08,0.54,0.55,0.45,0.46,0.01,0.01,77839.44,1777284649000
1777284650.561,50.561,0.54,0.55,0.45,0.46,0.01,0.01,77839.44,1777284649000
1777284650.942,50.942,0.54,0.55,0.45,0.46,0.01,0.01,77839.44,1777284649000
1777284651.517,51.517,0.54,0.55,0.45,0.46,0.01,0.01,77839.44,1777284650000
1777284652.2,52.2,0.54,0.55,0.45,0.46,0.01,0.01,77839.44,1777284650000
1777284652.845,52.845,0.54,0.55,0.45,0.46,0.01,0.01,77839.44,1777284651000
1777284653.485,53.485,0.53,0.55,0.45,0.47,0.02,0.02,77839.43,1777284652000
1777284654.308,54.308,0.53,0.54,0.46,0.47,0.01,0.01,77839.43,1777284652000
1777284655.021,55.021,0.53,0.54,0.46,0.47,0.01,0.01,77839.38,1777284654000
1777284655.577,55.577,0.53,0.54,0.46,0.47,0.01,0.01,77839.38,1777284654000
1777284656.209,56.209,0.53,0.54,0.46,0.47,0.01,0.01,77838.47,1777284655000
1777284657.252,57.252,0.53,0.54,0.46,0.47,0.01,0.01,77838.47,1777284655000
1777284658.014,58.014,0.53,0.54,0.46,0.47,0.01,0.01,77838.25,1777284657000
1777284658.839,58.839,0.53,0.54,0.46,0.47,0.01,0.01,77838.25,1777284657000
1777284659.279,59.279,0.53,0.54,0.46,0.47,0.01,0.01,77839.4,1777284658000
1777284659.98,59.98,0.53,0.54,0.46,0.47,0.01,0.01,77839.4,1777284658000
1777284660.326,60.326,0.52,0.54,0.46,0.48,0.02,0.02,77839.4,1777284658000
1777284660.659,60.659,0.52,0.53,0.47,0.48,0.01,0.01,77839.4,1777284659000
1777284661.1,61.1,0.52,0.53,0.47,0.48,0.01,0.01,77839.4,1777284660000
1777284661.863,61.863,0.52,0.53,0.47,0.48,0.01,0.01,77839.4,1777284660000
1777284663.297,63.297,0.51,0.53,0.47,0.48,0.02,0.01,77839.4,1777284660000
1777284663.641,63.641,0.52,0.53,0.47,0.48,0.01,0.01,77839.41,1777284661000
1777284663.991,63.991,0.52,0.53,0.47,0.48,0.01,0.01,77839.41,1777284661000
1777284664.408,64.408,0.52,0.53,0.47,0.48,0.01,0.01,77839.41,1777284661000
1777284664.772,64.772,0.52,0.53,0.47,0.48,0.01,0.01,77839.41,1777284661000
1777284665.115,65.115,0.52,0.53,0.47,0.48,0.01,0.01,77839.41,1777284661000
1777284665.449,65.449,0.54,0.56,0.44,0.46,0.02,0.02,77839.39,1777284663000
1777284666.041,66.041,0.54,0.55,0.45,0.46,0.01,0.01,77839.39,1777284663000
1777284666.45,66.45,0.54,0.55,0.45,0.46,0.01,0.01,77836.67,1777284664000
1777284666.852,66.852,0.54,0.55,0.45,0.46,0.01,0.01,77836.67,1777284664000
1777284667.288,67.288,0.54,0.55,0.45,0.46,0.01,0.01,77836.67,1777284664000
1777284667.686,67.686,0.55,0.56,0.44,0.46,0.01,0.02,77837.31,1777284665000
1777284668.077,68.077,0.55,0.56,0.44,0.45,0.01,0.01,77837.31,1777284665000
1777284668.471,68.471,0.55,0.56,0.44,0.45,0.01,0.01,77839.08,1777284666000
1777284668.864,68.864,0.55,0.56,0.44,0.45,0.01,0.01,77839.08,1777284666000
1777284669.319,69.319,0.55,0.56,0.44,0.45,0.01,0.01,77839.08,1777284666000
1777284669.656,69.656,0.55,0.56,0.44,0.45,0.01,0.01,77839.17,1777284668000
1777284670.449,70.449,0.55,0.56,0.44,0.45,0.01,0.01,77839.17,1777284669000
1777284670.998,70.998,0.55,0.56,0.44,0.45,0.01,0.01,77839.17,1777284669000
1777284671.378,71.378,0.55,0.56,0.44,0.45,0.01,0.01,77839.17,1777284669000
1777284672.253,72.253,0.55,0.56,0.44,0.45,0.01,0.01,77839.17,1777284669000
1777284672.795,72.795,0.55,0.56,0.44,0.45,0.01,0.01,77840.31,1777284670000
1777284673.297,73.297,0.55,0.56,0.44,0.45,0.01,0.01,77840.31,1777284670000
1777284673.724,73.724,0.55,0.56,0.44,0.45,0.01,0.01,77839.04,1777284671000
1777284674.334,74.334,0.55,0.56,0.44,0.45,0.01,0.01,77839.04,1777284671000
1777284674.766,74.766,0.54,0.55,0.45,0.46,0.01,0.01,77839.04,1777284671000
1777284675.152,75.152,0.54,0.55,0.45,0.46,0.01,0.01,77839.04,1777284673000
1777284675.52,75.52,0.54,0.55,0.45,0.46,0.01,0.01,77839.04,1777284673000
1777284675.867,75.867,0.54,0.56,0.45,0.46,0.02,0.01,77839.04,1777284673000
1777284676.322,76.322,0.55,0.56,0.44,0.45,0.01,0.01,77840.44,1777284674000
1777284676.658,76.658,0.55,0.56,0.44,0.45,0.01,0.01,77840.44,1777284674000
1777284677.198,77.198,0.55,0.56,0.44,0.45,0.01,0.01,77839.12,1777284675000
1777284677.856,77.856,0.55,0.56,0.44,0.45,0.01,0.01,77839.14,1777284676000
1777284678.842,78.842,0.55,0.56,0.44,0.45,0.01,0.01,77841.58,1777284677000
1777284679.267,79.267,0.55,0.56,0.44,0.45,0.01,0.01,77841.58,1777284677000
1777284679.832,79.832,0.54,0.55,0.45,0.46,0.01,0.01,77841.58,1777284678000
1777284680.308,80.308,0.54,0.55,0.45,0.46,0.01,0.01,77841.58,1777284678000
1777284680.714,80.714,0.54,0.56,0.44,0.45,0.02,0.01,77841.58,1777284678000
1777284681.164,81.164,0.54,0.55,0.45,0.46,0.01,0.01,77841.69,1777284679000
1777284681.509,81.509,0.54,0.55,0.45,0.46,0.01,0.01,77841.69,1777284679000
1777284681.937,81.937,0.55,0.56,0.44,0.45,0.01,0.01,77839.21,1777284680000
1777284682.288,82.288,0.55,0.56,0.44,0.45,0.01,0.01,77839.21,1777284680000
1777284682.67,82.67,0.55,0.56,0.44,0.45,0.01,0.01,77839.21,1777284680000
1777284683.04,83.04,0.55,0.56,0.44,0.45,0.01,0.01,77839.21,1777284681000
1777284683.461,83.461,0.55,0.56,0.44,0.45,0.01,0.01,77839.21,1777284681000
1777284683.964,83.964,0.55,0.56,0.44,0.45,0.01,0.01,77840.53,1777284682000
1777284685.073,85.073,0.55,0.56,0.44,0.45,0.01,0.01,77841.69,1777284683000
1777284685.433,85.433,0.55,0.56,0.44,0.45,0.01,0.01,77841.69,1777284683000
1777284686.118,86.118,0.55,0.56,0.44,0.45,0.01,0.01,77839.57,1777284684000
1777284686.799,86.799,0.54,0.56,0.44,0.45,0.02,0.01,77839.57,1777284684000
1777284687.644,87.644,0.52,0.53,0.46,0.48,0.01,0.02,77839.57,1777284685000
1777284688.004,88.004,0.52,0.53,0.47,0.48,0.01,0.01,77839.51,1777284686000
1777284688.411,88.411,0.52,0.53,0.47,0.48,0.01,0.01,77839.51,1777284686000
1777284688.781,88.781,0.52,0.53,0.47,0.48,0.01,0.01,77839.51,1777284686000
1777284689.123,89.123,0.52,0.53,0.47,0.48,0.01,0.01,77838.75,1777284687000
1777284689.476,89.476,0.51,0.52,0.48,0.49,0.01,0.01,77838.75,1777284687000
1777284689.86,89.86,0.5,0.52,0.48,0.5,0.02,0.02,77838.75,1777284687000
1777284690.222,90.222,0.5,0.51,0.49,0.5,0.01,0.01,77839.32,1777284688000
1777284690.557,90.557,0.5,0.51,0.49,0.5,0.01,0.01,77839.32,1777284688000
1777284690.894,90.894,0.5,0.51,0.49,0.5,0.01,0.01,77839.32,1777284689000
1777284691.229,91.229,0.5,0.51,0.49,0.5,0.01,0.01,77839.2,1777284690000
1777284691.597,91.597,0.5,0.51,0.49,0.5,0.01,0.01,77839.2,1777284690000
1777284692.099,92.099,0.5,0.51,0.49,0.5,0.01,0.01,77835.98,1777284691000
1777284692.573,92.573,0.49,0.51,0.49,0.5,0.02,0.01,77835.98,1777284691000
1777284692.944,92.944,0.49,0.5,0.5,0.51,0.01,0.01,77835.98,1777284691000
1777284693.383,93.383,0.49,0.5,0.5,0.51,0.01,0.01,77838.68,1777284692000
1777284693.967,93.967,0.49,0.5,0.5,0.51,0.01,0.01,77838.68,1777284692000
1777284694.342,94.342,0.49,0.5,0.5,0.51,0.01,0.01,77837.32,1777284693000
1777284694.789,94.789,0.49,0.5,0.5,0.51,0.01,0.01,77837.32,1777284693000
1777284695.231,95.231,0.49,0.5,0.5,0.51,0.01,0.01,77836.82,1777284694000
1777284695.565,95.565,0.49,0.5,0.5,0.51,0.01,0.01,77836.82,1777284694000
1777284696.267,96.267,0.49,0.5,0.5,0.51,0.01,0.01,77836.82,1777284694000
1777284697.335,97.335,0.49,0.5,0.5,0.51,0.01,0.01,77838.82,1777284695000
1777284697.729,97.729,0.49,0.51,0.5,0.51,0.02,0.01,77836.43,1777284696000
1777284698.226,98.226,0.5,0.51,0.49,0.5,0.01,0.01,77836.43,1777284696000
1777284698.605,98.605,0.5,0.51,0.49,0.5,0.01,0.01,77835.73,1777284697000
1777284699.038,99.038,0.49,0.5,0.49,0.5,0.01,0.01,77835.73,1777284697000
1777284699.537,99.537,0.49,0.5,0.5,0.51,0.01,0.01,77838.54,1777284698000
1777284699.888,99.888,0.49,0.5,0.5,0.51,0.01,0.01,77838.54,1777284698000
1777284700.246,100.246,0.49,0.5,0.5,0.51,0.01,0.01,77838.54,1777284698000
1777284700.649,100.649,0.48,0.49,0.51,0.52,0.01,0.01,77838.47,1777284699000
1777284700.997,100.997,0.48,0.49,0.51,0.52,0.01,0.01,77838.47,1777284699000
1777284701.381,101.381,0.48,0.49,0.51,0.52,0.01,0.01,77838.77,1777284700000
1777284701.815,101.815,0.48,0.49,0.51,0.52,0.01,0.01,77838.77,1777284700000
1777284702.833,102.833,0.48,0.49,0.51,0.52,0.01,0.01,77838.56,1777284701000
1777284703.177,103.177,0.48,0.49,0.51,0.52,0.01,0.01,77838.56,1777284701000
1777284703.556,103.556,0.48,0.49,0.51,0.52,0.01,0.01,77837.72,1777284702000
1777284703.957,103.957,0.48,0.5,0.5,0.51,0.02,0.01,77837.72,1777284702000
1777284704.346,104.346,0.48,0.49,0.51,0.52,0.01,0.01,77837.55,1777284703000
1777284704.727,104.727,0.47,0.48,0.52,0.53,0.01,0.01,77837.55,1777284703000
1777284705.085,105.085,0.47,0.48,0.52,0.53,0.01,0.01,77837.55,1777284703000
1777284705.429,105.429,0.47,0.48,0.52,0.53,0.01,0.01,77837.55,1777284704000
1777284705.835,105.835,0.46,0.48,0.52,0.53,0.02,0.01,77837.55,1777284704000
1777284706.393,106.393,0.46,0.47,0.53,0.54,0.01,0.01,77837.26,1777284705000
1777284706.952,106.952,0.46,0.47,0.53,0.54,0.01,0.01,77836.34,1777284706000
1777284707.36,107.36,0.46,0.47,0.53,0.54,0.01,0.01,77836.34,1777284706000
1777284707.846,107.846,0.46,0.47,0.53,0.54,0.01,0.01,77836.34,1777284706000
1777284708.27,108.27,0.46,0.47,0.53,0.54,0.01,0.01,77835.01,1777284707000
1777284708.922,108.922,0.46,0.47,0.53,0.54,0.01,0.01,77835.01,1777284707000
1777284709.28,109.28,0.46,0.47,0.53,0.54,0.01,0.01,77836.61,1777284708000
1777284709.652,109.652,0.46,0.47,0.53,0.54,0.01,0.01,77836.61,1777284708000
1777284709.989,109.989,0.46,0.48,0.52,0.54,0.02,0.02,77836.83,1777284709000
1777284710.362,110.362,0.47,0.48,0.52,0.54,0.01,0.02,77836.83,1777284709000
1777284710.781,110.781,0.47,0.48,0.52,0.53,0.01,0.01,77836.83,1777284709000
1777284711.133,111.133,0.47,0.48,0.52,0.53,0.01,0.01,77837.01,1777284710000
1777284711.587,111.587,0.47,0.48,0.52,0.53,0.01,0.01,77837.01,1777284710000
1777284711.988,111.988,0.53,0.55,0.45,0.47,0.02,0.02,77837.01,1777284711000
1777284712.322,112.322,0.54,0.55,0.45,0.46,0.01,0.01,77837.01,1777284711000
1777284712.663,112.663,0.55,0.56,0.44,0.45,0.01,0.01,77837.01,1777284711000
1777284713.01,113.01,0.55,0.56,0.44,0.45,0.01,0.01,77837.01,1777284711000
1777284713.468,113.468,0.55,0.56,0.44,0.45,0.01,0.01,77837.08,1777284712000
1777284713.999,113.999,0.55,0.56,0.44,0.45,0.01,0.01,77837.08,1777284712000
1777284714.676,114.676,0.55,0.56,0.44,0.45,0.01,0.01,77838.04,1777284713000
1777284715.083,115.083,0.55,0.56,0.44,0.45,0.01,0.01,77837.95,1777284714000
1777284716.049,116.049,0.55,0.56,0.44,0.45,0.01,0.01,77837.95,1777284714000
1777284716.512,116.512,0.55,0.56,0.44,0.45,0.01,0.01,77837.95,1777284714000
1777284716.901,116.901,0.53,0.54,0.45,0.47,0.01,0.02,77838.26,1777284715000
1777284717.798,117.798,0.49,0.5,0.46,0.51,0.01,0.05,77836.5,1777284716000
1777284718.187,118.187,0.49,0.5,0.5,0.51,0.01,0.01,77836.5,1777284717000
1777284718.972,118.972,0.49,0.5,0.5,0.51,0.01,0.01,77836.5,1777284717000
1777284719.362,119.362,0.49,0.5,0.5,0.51,0.01,0.01,77836.5,1777284717000
1777284719.837,119.837,0.49,0.5,0.5,0.51,0.01,0.01,77837.64,1777284718000
1777284720.203,120.203,0.49,0.5,0.5,0.51,0.01,0.01,77837.55,1777284719000
1777284721.008,121.008,0.49,0.5,0.5,0.51,0.01,0.01,77837.55,1777284719000
1777284721.409,121.409,0.49,0.5,0.5,0.51,0.01,0.01,77837.69,1777284720000
1777284722.143,122.143,0.49,0.5,0.5,0.51,0.01,0.01,77837.69,1777284720000
1777284722.745,122.745,0.49,0.5,0.5,0.51,0.01,0.01,77837.81,1777284721000
1777284723.277,123.277,0.49,0.5,0.5,0.51,0.01,0.01,77837.81,1777284721000
1777284723.672,123.672,0.49,0.5,0.5,0.51,0.01,0.01,77837.52,1777284722000
1777284724.043,124.043,0.5,0.51,0.5,0.51,0.01,0.01,77837.52,1777284722000
1777284724.438,124.438,0.5,0.51,0.49,0.5,0.01,0.01,77837.52,1777284723000
1777284724.811,124.811,0.5,0.51,0.49,0.5,0.01,0.01,77837.52,1777284723000
1777284725.178,125.178,0.5,0.51,0.49,0.5,0.01,0.01,77837.52,1777284723000
1777284725.615,125.615,0.51,0.52,0.48,0.49,0.01,0.01,77836.96,1777284724000
1777284725.951,125.951,0.51,0.52,0.48,0.49,0.01,0.01,77836.96,1777284724000
1777284726.303,126.303,0.51,0.52,0.48,0.49,0.01,0.01,77835.73,1777284725000
1777284726.718,126.718,0.51,0.52,0.48,0.49,0.01,0.01,77835.73,1777284725000
1777284727.426,127.426,0.51,0.52,0.48,0.49,0.01,0.01,77836.65,1777284726000
1777284727.771,127.771,0.51,0.52,0.48,0.49,0.01,0.01,77836.65,1777284726000
1777284728.541,128.541,0.51,0.52,0.48,0.49,0.01,0.01,77837.56,1777284727000
1777284729.124,129.124,0.51,0.52,0.48,0.49,0.01,0.01,77837.6,1777284728000
1777284729.742,129.742,0.51,0.52,0.48,0.49,0.01,0.01,77837.6,1777284728000
1777284730.106,130.106,0.48,0.49,0.5,0.52,0.01,0.02,77837.6,1777284728000
1777284730.509,130.509,0.48,0.49,0.51,0.52,0.01,0.01,77837.72,1777284729000
1777284730.916,130.916,0.48,0.49,0.51,0.52,0.01,0.01,77837.72,1777284729000
1777284731.411,131.411,0.48,0.49,0.51,0.52,0.01,0.01,77837.72,1777284729000
1777284731.927,131.927,0.48,0.49,0.51,0.52,0.01,0.01,77837.79,1777284730000
1777284732.32,132.32,0.48,0.49,0.51,0.52,0.01,0.01,77837.2,1777284731000
1777284732.794,132.794,0.49,0.5,0.51,0.52,0.01,0.01,77837.2,1777284731000
1777284733.263,133.263,0.49,0.5,0.5,0.51,0.01,0.01,77837.32,1777284732000
1777284733.629,133.629,0.5,0.51,0.49,0.5,0.01,0.01,77837.32,1777284732000
1777284734.072,134.072,0.5,0.51,0.49,0.5,0.01,0.01,77837.32,1777284732000
1777284734.455,134.455,0.5,0.51,0.49,0.5,0.01,0.01,77837.44,1777284733000
1777284734.947,134.947,0.5,0.51,0.49,0.5,0.01,0.01,77837.44,1777284733000
1777284735.412,135.412,0.5,0.51,0.49,0.5,0.01,0.01,77837.44,1777284734000
1777284735.879,135.879,0.5,0.51,0.49,0.5,0.01,0.01,77837.44,1777284734000
1777284736.412,136.412,0.5,0.51,0.49,0.5,0.01,0.01,77837.34,1777284735000
1777284736.842,136.842,0.5,0.51,0.49,0.5,0.01,0.01,77837.34,1777284735000
1777284737.587,137.587,0.5,0.51,0.49,0.5,0.01,0.01,77837.55,1777284736000
1777284737.997,137.997,0.5,0.51,0.49,0.5,0.01,0.01,77837.55,1777284736000
1777284738.535,138.535,0.5,0.51,0.49,0.5,0.01,0.01,77837.55,1777284737000
1777284738.891,138.891,0.5,0.51,0.49,0.5,0.01,0.01,77837.55,1777284737000
1777284739.346,139.346,0.5,0.52,0.49,0.5,0.02,0.01,77837.55,1777284737000
1777284739.845,139.845,0.51,0.52,0.48,0.5,0.01,0.02,77837.76,1777284738000
1777284740.201,140.201,0.51,0.52,0.48,0.49,0.01,0.01,77837.53,1777284739000
1777284740.867,140.867,0.51,0.52,0.48,0.49,0.01,0.01,77837.53,1777284739000
1777284741.219,141.219,0.51,0.52,0.48,0.49,0.01,0.01,77837.53,1777284739000
1777284741.626,141.626,0.51,0.52,0.48,0.49,0.01,0.01,77837.58,1777284740000
1777284742.039,142.039,0.51,0.52,0.48,0.49,0.01,0.01,77837.58,1777284740000
1777284742.639,142.639,0.5,0.51,0.49,0.5,0.01,0.01,77837.54,1777284741000
1777284742.981,142.981,0.5,0.51,0.49,0.5,0.01,0.01,77837.54,1777284741000
1777284743.32,143.32,0.5,0.51,0.49,0.5,0.01,0.01,77837.54,1777284741000
1777284743.811,143.811,0.5,0.51,0.49,0.5,0.01,0.01,77836.06,1777284742000
1777284744.262,144.262,0.5,0.51,0.49,0.5,0.01,0.01,77837.59,1777284743000
1777284744.627,144.627,0.5,0.51,0.49,0.5,0.01,0.01,77837.59,1777284743000
1777284745.415,145.415,0.5,0.51,0.49,0.5,0.01,0.01,77837.58,1777284744000
1777284745.824,145.824,0.5,0.51,0.49,0.5,0.01,0.01,77837.58,1777284744000
1777284746.292,146.292,0.49,0.5,0.49,0.51,0.01,0.02,77837.33,1777284745000
1777284746.903,146.903,0.49,0.5,0.5,0.51,0.01,0.01,77837.33,1777284745000
1777284747.334,147.334,0.49,0.51,0.5,0.51,0.02,0.01,77837.33,1777284745000
1777284748.017,148.017,0.5,0.51,0.49,0.5,0.01,0.01,77837.33,1777284746000
1777284748.433,148.433,0.48,0.5,0.5,0.51,0.02,0.01,77837.33,1777284746000
1777284748.775,148.775,0.48,0.49,0.51,0.52,0.01,0.01,77837.34,1777284747000
1777284749.165,149.165,0.48,0.49,0.51,0.52,0.01,0.01,77837.34,1777284747000
1777284749.507,149.507,0.48,0.49,0.51,0.52,0.01,0.01,77837.18,1777284748000
1777284750.038,150.038,0.48,0.49,0.51,0.52,0.01,0.01,77837.18,1777284748000
1777284750.374,150.374,0.48,0.49,0.51,0.52,0.01,0.01,77836.41,1777284749000
1777284751.234,151.234,0.48,0.49,0.51,0.52,0.01,0.01,77836.17,1777284750000
1777284751.572,151.572,0.48,0.49,0.51,0.52,0.01,0.01,77836.17,1777284750000
1777284751.905,151.905,0.48,0.49,0.51,0.52,0.01,0.01,77836.17,1777284750000
1777284752.246,152.246,0.48,0.49,0.51,0.52,0.01,0.01,77836.02,1777284751000
1777284752.626,152.626,0.48,0.49,0.51,0.52,0.01,0.01,77836.02,1777284751000
1777284753.165,153.165,0.47,0.48,0.52,0.53,0.01,0.01,77835.96,1777284752000
1777284753.558,153.558,0.47,0.48,0.52,0.53,0.01,0.01,77835.96,1777284752000
1777284754.046,154.046,0.47,0.48,0.52,0.53,0.01,0.01,77835.96,1777284752000
1777284754.44,154.44,0.47,0.48,0.52,0.53,0.01,0.01,77835.96,1777284753000
1777284754.831,154.831,0.47,0.48,0.52,0.53,0.01,0.01,77835.96,1777284753000
1777284755.277,155.277,0.47,0.48,0.52,0.53,0.01,0.01,77835.46,1777284754000
1777284755.616,155.616,0.47,0.48,0.52,0.53,0.01,0.01,77835.46,1777284754000
1777284755.952,155.952,0.45,0.48,0.52,0.54,0.03,0.02,77835.46,1777284754000
1777284756.994,156.994,0.45,0.48,0.52,0.55,0.03,0.03,77834.78,1777284756000
1777284757.56,157.56,0.46,0.47,0.53,0.54,0.01,0.01,77834.78,1777284756000
1777284757.965,157.965,0.45,0.47,0.53,0.55,0.02,0.02,77835.52,1777284757000
1777284758.322,158.322,0.45,0.47,0.53,0.55,0.02,0.02,77835.52,1777284757000
1777284758.721,158.721,0.45,0.46,0.54,0.55,0.01,0.01,77835.52,1777284757000
1777284759.059,159.059,0.45,0.46,0.54,0.55,0.01,0.01,77835.52,1777284757000
1777284759.507,159.507,0.45,0.46,0.54,0.55,0.01,0.01,77835.52,1777284757000
1777284759.885,159.885,0.45,0.46,0.54,0.55,0.01,0.01,77834.74,1777284758000
1777284760.239,160.239,0.45,0.46,0.54,0.55,0.01,0.01,77834.3,1777284759000
1777284760.992,160.992,0.45,0.46,0.54,0.55,0.01,0.01,77834.3,1777284759000
1777284761.432,161.432,0.45,0.46,0.54,0.55,0.01,0.01,77834.24,1777284760000
1777284761.865,161.865,0.45,0.46,0.54,0.55,0.01,0.01,77834.24,1777284760000
1777284762.207,162.207,0.45,0.46,0.54,0.55,0.01,0.01,77834.5,1777284761000
1777284762.57,162.57,0.45,0.46,0.54,0.55,0.01,0.01,77834.5,1777284761000
1777284763.137,163.137,0.45,0.46,0.54,0.55,0.01,0.01,77834.5,1777284761000
1777284763.654,163.654,0.45,0.46,0.54,0.55,0.01,0.01,77834.5,1777284762000
1777284764.13,164.13,0.45,0.46,0.54,0.55,0.01,0.01,77834.5,1777284762000
1777284764.764,164.764,0.45,0.46,0.54,0.55,0.01,0.01,77834.5,1777284763000
1777284765.156,165.156,0.45,0.46,0.54,0.55,0.01,0.01,77834.49,1777284764000
1777284765.489,165.489,0.45,0.46,0.54,0.55,0.01,0.01,77834.49,1777284764000
1777284766.129,166.129,0.45,0.46,0.54,0.55,0.01,0.01,77834.49,1777284764000
1777284766.506,166.506,0.45,0.46,0.54,0.55,0.01,0.01,77832.85,1777284765000
1777284766.858,166.858,0.45,0.46,0.54,0.55,0.01,0.01,77832.85,1777284765000
1777284767.426,167.426,0.45,0.46,0.54,0.55,0.01,0.01,77832.85,1777284765000
1777284767.965,167.965,0.45,0.46,0.54,0.55,0.01,0.01,77831.7,1777284766000
1777284768.339,168.339,0.45,0.46,0.54,0.55,0.01,0.01,77831.7,1777284766000
1777284768.777,168.777,0.45,0.46,0.54,0.55,0.01,0.01,77834.08,1777284767000
1777284769.313,169.313,0.45,0.46,0.54,0.55,0.01,0.01,77834.08,1777284767000
1777284769.692,169.692,0.45,0.46,0.54,0.55,0.01,0.01,77834.09,1777284768000
1777284770.028,170.028,0.45,0.46,0.54,0.55,0.01,0.01,77834.09,1777284769000
1777284770.431,170.431,0.45,0.46,0.54,0.55,0.01,0.01,77834.09,1777284769000
1777284770.821,170.821,0.45,0.46,0.54,0.55,0.01,0.01,77834.09,1777284769000
1777284771.155,171.155,0.45,0.46,0.54,0.55,0.01,0.01,77834.43,1777284770000
1777284771.58,171.58,0.45,0.46,0.54,0.55,0.01,0.01,77834.43,1777284770000
1777284772.015,172.015,0.45,0.46,0.54,0.55,0.01,0.01,77834.39,1777284771000
1777284772.642,172.642,0.45,0.47,0.54,0.55,0.02,0.01,77834.39,1777284771000
1777284772.992,172.992,0.45,0.47,0.53,0.55,0.02,0.02,77834.39,1777284771000
1777284773.613,173.613,0.58,0.59,0.41,0.42,0.01,0.01,77834.39,1777284771000
1777284773.956,173.956,0.57,0.58,0.42,0.43,0.01,0.01,77834.34,1777284772000
1777284774.333,174.333,0.57,0.58,0.42,0.43,0.01,0.01,77834.34,1777284772000
1777284774.694,174.694,0.57,0.58,0.42,0.43,0.01,0.01,77834.69,1777284773000
1777284775.278,175.278,0.56,0.57,0.43,0.44,0.01,0.01,77834.69,1777284773000
1777284775.619,175.619,0.56,0.57,0.43,0.44,0.01,0.01,77835.29,1777284774000
1777284776.134,176.134,0.56,0.57,0.43,0.44,0.01,0.01,77835.29,1777284774000
1777284776.5,176.5,0.56,0.57,0.43,0.44,0.01,0.01,77837.38,1777284775000
1777284777.032,177.032,0.55,0.56,0.43,0.45,0.01,0.02,77837.38,1777284775000
1777284777.49,177.49,0.55,0.56,0.44,0.45,0.01,0.01,77837.38,1777284775000
1777284777.833,177.833,0.55,0.56,0.44,0.45,0.01,0.01,77837.49,1777284776000
1777284778.544,178.544,0.55,0.56,0.44,0.45,0.01,0.01,77837.49,1777284777000
1777284779.137,179.137,0.55,0.56,0.44,0.45,0.01,0.01,77837.49,1777284777000
1777284779.539,179.539,0.55,0.56,0.44,0.45,0.01,0.01,77837.43,1777284778000
1777284780.004,180.004,0.55,0.56,0.44,0.45,0.01,0.01,77837.43,1777284778000
1777284780.392,180.392,0.55,0.56,0.44,0.45,0.01,0.01,77837.43,1777284778000
1777284781.199,181.199,0.55,0.56,0.44,0.45,0.01,0.01,77837.54,1777284780000
1777284781.54,181.54,0.55,0.56,0.44,0.45,0.01,0.01,77837.54,1777284780000
1777284781.921,181.921,0.55,0.56,0.44,0.45,0.01,0.01,77837.54,1777284780000
1777284782.509,182.509,0.55,0.56,0.44,0.45,0.01,0.01,77837.54,1777284781000
1777284782.844,182.844,0.55,0.56,0.44,0.45,0.01,0.01,77837.54,1777284781000
1777284783.195,183.195,0.54,0.55,0.45,0.46,0.01,0.01,77837.54,1777284782000
1777284783.656,183.656,0.54,0.55,0.45,0.46,0.01,0.01,77837.54,1777284782000
1777284784.216,184.216,0.54,0.56,0.44,0.46,0.02,0.02,77837.39,1777284783000
1777284785.004,185.004,0.55,0.56,0.44,0.45,0.01,0.01,77837.39,1777284783000
1777284785.438,185.438,0.55,0.56,0.44,0.45,0.01,0.01,77837.39,1777284784000
1777284785.795,185.795,0.58,0.59,0.39,0.45,0.01,0.06,77837.39,1777284784000
1777284786.146,186.146,0.58,0.59,0.41,0.42,0.01,0.01,77837.39,1777284784000
1777284786.489,186.489,0.66,0.71,0.29,0.34,0.05,0.05,77837.39,1777284785000
1777284786.826,186.826,0.74,0.76,0.25,0.26,0.02,0.01,77837.39,1777284785000
1777284787.165,187.165,0.71,0.72,0.28,0.29,0.01,0.01,77837.39,1777284785000
1777284787.498,187.498,0.72,0.74,0.26,0.28,0.02,0.02,77837.38,1777284786000
1777284787.894,187.894,0.72,0.73,0.27,0.28,0.01,0.01,77837.38,1777284786000
1777284788.24,188.24,0.72,0.73,0.27,0.28,0.01,0.01,77837.38,1777284786000
1777284788.62,188.62,0.72,0.73,0.27,0.28,0.01,0.01,77837.38,1777284786000
1777284789.097,189.097,0.71,0.72,0.27,0.29,0.01,0.02,77843.58,1777284787000
1777284789.493,189.493,0.71,0.72,0.28,0.29,0.01,0.01,77843.93,1777284788000
1777284789.865,189.865,0.71,0.72,0.28,0.29,0.01,0.01,77843.93,1777284788000
1777284790.198,190.198,0.71,0.72,0.28,0.29,0.01,0.01,77844.69,1777284789000
1777284790.579,190.579,0.71,0.72,0.28,0.29,0.01,0.01,77844.69,1777284789000
1777284790.913,190.913,0.71,0.72,0.28,0.29,0.01,0.01,77844.69,1777284789000
1777284791.257,191.257,0.71,0.72,0.28,0.29,0.01,0.01,77844.69,1777284789000
1777284791.769,191.769,0.71,0.72,0.28,0.29,0.01,0.01,77844.69,1777284790000
1777284792.158,192.158,0.71,0.72,0.28,0.29,0.01,0.01,77844.69,1777284790000
1777284792.494,192.494,0.71,0.72,0.28,0.29,0.01,0.01,77844.77,1777284791000
1777284792.861,192.861,0.73,0.74,0.26,0.27,0.01,0.01,77844.77,1777284791000
1777284793.246,193.246,0.73,0.74,0.26,0.27,0.01,0.01,77844.77,1777284791000
1777284793.626,193.626,0.72,0.73,0.27,0.28,0.01,0.01,77844.62,1777284792000
1777284794.002,194.002,0.72,0.74,0.27,0.28,0.02,0.01,77844.62,1777284792000
1777284794.342,194.342,0.75,0.76,0.24,0.25,0.01,0.01,77844.62,1777284792000
1777284794.832,194.832,0.74,0.75,0.25,0.26,0.01,0.01,77844.81,1777284793000
1777284795.182,195.182,0.74,0.75,0.25,0.26,0.01,0.01,77844.81,1777284793000
1777284795.524,195.524,0.72,0.74,0.25,0.27,0.02,0.02,77844.81,1777284793000
1777284795.866,195.866,0.72,0.73,0.27,0.28,0.01,0.01,77844.92,1777284794000
1777284796.276,196.276,0.73,0.74,0.26,0.27,0.01,0.01,77844.84,1777284795000
1777284796.631,196.631,0.73,0.74,0.26,0.27,0.01,0.01,77844.84,1777284795000
1777284797.212,197.212,0.73,0.74,0.26,0.27,0.01,0.01,77845.83,1777284796000
1777284797.606,197.606,0.71,0.72,0.28,0.29,0.01,0.01,77845.83,1777284796000
1777284797.963,197.963,0.71,0.72,0.28,0.29,0.01,0.01,77845.83,1777284796000
1777284798.31,198.31,0.71,0.72,0.28,0.29,0.01,0.01,77844.83,1777284797000
1777284798.664,198.664,0.71,0.72,0.28,0.29,0.01,0.01,77844.83,1777284797000
1777284799.011,199.011,0.71,0.72,0.28,0.29,0.01,0.01,77844.83,1777284797000
1777284799.467,199.467,0.72,0.73,0.27,0.28,0.01,0.01,77844.78,1777284798000
1777284799.836,199.836,0.72,0.73,0.27,0.28,0.01,0.01,77844.78,1777284798000
1777284800.179,200.179,0.72,0.73,0.27,0.28,0.01,0.01,77844.78,1777284799000
1777284800.534,200.534,0.72,0.73,0.27,0.28,0.01,0.01,77844.78,1777284799000
1777284800.914,200.914,0.71,0.72,0.28,0.29,0.01,0.01,77844.78,1777284799000
1777284801.267,201.267,0.71,0.72,0.28,0.29,0.01,0.01,77844.78,1777284800000
1777284801.717,201.717,0.71,0.72,0.28,0.29,0.01,0.01,77844.78,1777284800000
1777284802.309,202.309,0.71,0.72,0.28,0.29,0.01,0.01,77844.69,1777284801000
1777284802.747,202.747,0.71,0.72,0.28,0.29,0.01,0.01,77844.69,1777284801000
1777284803.175,203.175,0.71,0.72,0.28,0.29,0.01,0.01,77844.69,1777284801000
1777284803.529,203.529,0.71,0.72,0.28,0.29,0.01,0.01,77844.93,1777284802000
1777284803.955,203.955,0.71,0.72,0.28,0.31,0.01,0.03,77844.93,1777284802000
1777284804.384,204.384,0.71,0.72,0.28,0.29,0.01,0.01,77844.92,1777284803000
1777284804.854,204.854,0.7,0.71,0.29,0.3,0.01,0.01,77844.92,1777284803000
1777284805.452,205.452,0.7,0.71,0.29,0.3,0.01,0.01,77844.92,1777284803000
1777284806.01,206.01,0.7,0.71,0.29,0.3,0.01,0.01,77844.92,1777284804000
1777284806.349,206.349,0.7,0.71,0.29,0.3,0.01,0.01,77845.2,1777284805000
1777284806.821,206.821,0.7,0.71,0.29,0.3,0.01,0.01,77845.2,1777284805000
1777284807.214,207.214,0.7,0.71,0.29,0.3,0.01,0.01,77845.2,1777284805000
1777284807.61,207.61,0.7,0.71,0.29,0.3,0.01,0.01,77845.09,1777284806000
1777284807.994,207.994,0.72,0.73,0.27,0.28,0.01,0.01,77845.0,1777284807000
1777284808.498,208.498,0.73,0.74,0.26,0.28,0.01,0.02,77845.0,1777284807000
1777284808.834,208.834,0.73,0.74,0.26,0.27,0.01,0.01,77845.0,1777284807000
1777284809.24,209.24,0.73,0.74,0.26,0.27,0.01,0.01,77845.0,1777284807000
1777284809.799,209.799,0.73,0.74,0.26,0.27,0.01,0.01,77844.98,1777284808000
1777284810.148,210.148,0.59,0.6,0.39,0.41,0.01,0.02,77844.98,1777284808000
1777284810.595,210.595,0.59,0.6,0.4,0.41,0.01,0.01,77844.98,1777284809000
1777284810.99,210.99,0.59,0.6,0.4,0.41,0.01,0.01,77844.98,1777284809000
1777284811.37,211.37,0.58,0.59,0.41,0.42,0.01,0.01,77844.98,1777284809000
1777284811.72,211.72,0.57,0.59,0.41,0.43,0.02,0.02,77843.39,1777284810000
1777284812.47,212.47,0.57,0.58,0.42,0.43,0.01,0.01,77842.35,1777284811000
1777284812.827,212.827,0.57,0.58,0.42,0.43,0.01,0.01,77842.35,1777284811000
1777284813.331,213.331,0.57,0.58,0.42,0.43,0.01,0.01,77842.35,1777284811000
1777284813.675,213.675,0.45,0.46,0.53,0.55,0.01,0.02,77842.35,1777284811000
1777284814.066,214.066,0.45,0.46,0.54,0.55,0.01,0.01,77841.62,1777284812000
1777284814.435,214.435,0.45,0.46,0.54,0.55,0.01,0.01,77841.94,1777284813000
1777284814.852,214.852,0.45,0.46,0.54,0.55,0.01,0.01,77841.94,1777284813000
1777284815.219,215.219,0.45,0.46,0.54,0.55,0.01,0.01,77839.34,1777284814000
1777284815.593,215.593,0.45,0.46,0.54,0.55,0.01,0.01,77839.34,1777284814000
1777284815.968,215.968,0.43,0.44,0.56,0.57,0.01,0.01,77839.34,1777284814000
1777284816.307,216.307,0.44,0.45,0.55,0.56,0.01,0.01,77833.89,1777284815000
1777284816.663,216.663,0.44,0.45,0.55,0.56,0.01,0.01,77833.89,1777284815000
1777284817.071,217.071,0.44,0.45,0.55,0.56,0.01,0.01,77833.89,1777284815000
1777284817.418,217.418,0.43,0.44,0.56,0.57,0.01,0.01,77833.89,1777284815000
1777284818.199,218.199,0.44,0.45,0.56,0.57,0.01,0.01,77834.29,1777284816000
1777284818.578,218.578,0.44,0.45,0.55,0.56,0.01,0.01,77834.29,1777284816000
1777284818.929,218.929,0.4,0.41,0.59,0.6,0.01,0.01,77834.27,1777284817000
1777284819.301,219.301,0.4,0.41,0.59,0.6,0.01,0.01,77834.27,1777284818000
1777284819.813,219.813,0.4,0.41,0.59,0.6,0.01,0.01,77834.27,1777284818000
1777284820.2,220.2,0.38,0.39,0.61,0.62,0.01,0.01,77834.27,1777284818000
1777284820.565,220.565,0.38,0.39,0.61,0.62,0.01,0.01,77833.38,1777284819000
1777284820.903,220.903,0.38,0.39,0.61,0.62,0.01,0.01,77833.38,1777284819000
1777284821.28,221.28,0.38,0.39,0.61,0.62,0.01,0.01,77833.38,1777284819000
1777284821.635,221.635,0.38,0.39,0.61,0.62,0.01,0.01,77833.38,1777284819000
1777284822.27,222.27,0.36,0.38,0.61,0.63,0.02,0.02,77827.97,1777284820000
1777284822.618,222.618,0.35,0.36,0.63,0.64,0.01,0.01,77827.97,1777284821000
1777284823.031,223.031,0.26,0.29,0.68,0.75,0.03,0.07,77827.97,1777284821000
1777284823.372,223.372,0.24,0.26,0.74,0.76,0.02,0.02,77827.52,1777284822000
1777284823.723,223.723,0.25,0.26,0.74,0.75,0.01,0.01,77827.52,1777284822000
1777284824.114,224.114,0.24,0.25,0.75,0.76,0.01,0.01,77827.52,1777284822000
1777284824.484,224.484,0.24,0.25,0.75,0.76,0.01,0.01,77827.52,1777284822000
1777284825.065,225.065,0.24,0.25,0.75,0.76,0.01,0.01,77827.52,1777284823000
1777284825.472,225.472,0.24,0.25,0.75,0.76,0.01,0.01,77826.46,1777284824000
1777284825.834,225.834,0.24,0.25,0.75,0.76,0.01,0.01,77826.46,1777284824000
1777284826.272,226.272,0.22,0.23,0.77,0.78,0.01,0.01,77824.88,1777284825000
1777284826.678,226.678,0.21,0.22,0.78,0.79,0.01,0.01,77824.88,1777284825000
1777284827.042,227.042,0.21,0.22,0.78,0.79,0.01,0.01,77824.88,1777284825000
1777284827.382,227.382,0.21,0.22,0.78,0.79,0.01,0.01,77824.88,1777284825000
1777284827.734,227.734,0.21,0.22,0.78,0.79,0.01,0.01,77822.33,1777284826000
1777284828.108,228.108,0.2,0.22,0.79,0.8,0.02,0.01,77822.33,1777284826000
1777284828.462,228.462,0.27,0.28,0.71,0.73,0.01,0.02,77822.33,1777284826000
1777284828.799,228.799,0.28,0.29,0.71,0.72,0.01,0.01,77820.32,1777284827000
1777284829.157,229.157,0.31,0.32,0.68,0.69,0.01,0.01,77820.32,1777284827000
1777284829.51,229.51,0.31,0.32,0.68,0.69,0.01,0.01,77820.32,1777284828000
1777284829.879,229.879,0.32,0.33,0.67,0.69,0.01,0.02,77820.32,1777284828000
1777284830.231,230.231,0.32,0.34,0.67,0.68,0.02,0.01,77820.32,1777284828000
1777284830.648,230.648,0.33,0.34,0.66,0.67,0.01,0.01,77821.82,1777284829000
1777284830.994,230.994,0.33,0.34,0.66,0.67,0.01,0.01,77821.82,1777284829000
1777284831.339,231.339,0.33,0.34,0.66,0.67,0.01,0.01,77821.82,1777284829000
1777284831.713,231.713,0.33,0.34,0.66,0.67,0.01,0.01,77821.97,1777284830000
1777284832.063,232.063,0.35,0.36,0.64,0.65,0.01,0.01,77821.97,1777284830000
1777284832.417,232.417,0.35,0.36,0.64,0.65,0.01,0.01,77821.36,1777284831000
1777284832.755,232.755,0.34,0.35,0.65,0.66,0.01,0.01,77821.36,1777284831000
1777284833.097,233.097,0.34,0.35,0.65,0.66,0.01,0.01,77821.36,1777284831000
1777284834.0,234.0,0.33,0.34,0.66,0.67,0.01,0.01,77825.69,1777284832000
1777284834.367,234.367,0.33,0.34,0.66,0.67,0.01,0.01,77825.43,1777284833000
1777284834.701,234.701,0.33,0.34,0.66,0.67,0.01,0.01,77825.43,1777284833000
1777284835.318,235.318,0.31,0.32,0.66,0.7,0.01,0.04,77825.43,1777284833000
1777284835.663,235.663,0.31,0.32,0.68,0.69,0.01,0.01,77825.46,1777284834000
1777284836.024,236.024,0.31,0.32,0.68,0.69,0.01,0.01,77825.51,1777284835000
1777284836.402,236.402,0.31,0.32,0.68,0.69,0.01,0.01,77825.51,1777284835000
1777284836.922,236.922,0.31,0.32,0.68,0.69,0.01,0.01,77825.51,1777284835000
1777284837.27,237.27,0.31,0.32,0.68,0.69,0.01,0.01,77826.07,1777284836000
1777284837.901,237.901,0.3,0.32,0.68,0.69,0.02,0.01,77826.07,1777284836000
1777284838.354,238.354,0.3,0.31,0.69,0.7,0.01,0.01,77824.38,1777284837000
1777284838.714,238.714,0.3,0.31,0.69,0.7,0.01,0.01,77824.38,1777284837000
1777284839.061,239.061,0.3,0.31,0.69,0.7,0.01,0.01,77824.38,1777284837000
1777284839.57,239.57,0.3,0.31,0.69,0.7,0.01,0.01,77824.01,1777284838000
1777284839.937,239.937,0.29,0.31,0.69,0.71,0.02,0.02,77824.01,1777284838000
1777284840.43,240.43,0.26,0.27,0.72,0.74,0.01,0.02,77824.01,1777284838000
1777284840.769,240.769,0.25,0.26,0.74,0.75,0.01,0.01,77826.2,1777284839000
1777284841.152,241.152,0.25,0.26,0.74,0.75,0.01,0.01,77826.2,1777284839000
1777284841.51,241.51,0.24,0.26,0.74,0.76,0.02,0.02,77826.49,1777284840000
1777284841.887,241.887,0.24,0.25,0.75,0.76,0.01,0.01,77826.49,1777284840000
1777284842.384,242.384,0.24,0.25,0.75,0.76,0.01,0.01,77826.06,1777284841000
1777284842.768,242.768,0.23,0.24,0.75,0.77,0.01,0.02,77826.06,1777284841000
1777284843.109,243.109,0.23,0.24,0.76,0.77,0.01,0.01,77826.14,1777284842000
1777284844.038,244.038,0.23,0.24,0.76,0.77,0.01,0.01,77826.05,1777284843000
1777284844.407,244.407,0.22,0.24,0.76,0.77,0.02,0.01,77826.05,1777284843000
1777284845.056,245.056,0.21,0.22,0.78,0.79,0.01,0.01,77826.05,1777284843000
1777284845.528,245.528,0.21,0.22,0.78,0.79,0.01,0.01,77823.18,1777284844000
1777284845.92,245.92,0.21,0.22,0.78,0.79,0.01,0.01,77823.18,1777284844000
1777284846.258,246.258,0.21,0.22,0.78,0.79,0.01,0.01,77823.18,1777284845000
1777284846.643,246.643,0.2,0.22,0.78,0.79,0.02,0.01,77823.18,1777284845000
1777284847.18,247.18,0.19,0.21,0.79,0.8,0.02,0.01,77823.18,1777284845000
1777284847.53,247.53,0.16,0.18,0.82,0.84,0.02,0.02,77823.18,1777284845000
1777284847.867,247.867,0.15,0.17,0.83,0.84,0.02,0.01,77823.18,1777284845000
1777284848.203,248.203,0.14,0.15,0.84,0.86,0.01,0.02,77823.58,1777284846000
1777284848.604,248.604,0.14,0.15,0.85,0.86,0.01,0.01,77824.12,1777284847000
1777284849.009,249.009,0.13,0.14,0.86,0.87,0.01,0.01,77824.12,1777284847000
1777284849.432,249.432,0.13,0.14,0.86,0.87,0.01,0.01,77823.43,1777284848000
1777284849.807,249.807,0.13,0.14,0.86,0.87,0.01,0.01,77823.43,1777284848000
1777284850.367,250.367,0.13,0.14,0.86,0.87,0.01,0.01,77823.43,1777284848000
1777284850.714,250.714,0.12,0.13,0.87,0.88,0.01,0.01,77822.45,1777284849000
1777284851.053,251.053,0.12,0.13,0.87,0.89,0.01,0.02,77822.45,1777284849000
1777284851.393,251.393,0.12,0.13,0.87,0.88,0.01,0.01,77821.69,1777284850000
1777284851.807,251.807,0.13,0.14,0.86,0.87,0.01,0.01,77821.69,1777284850000
1777284852.148,252.148,0.12,0.13,0.87,0.88,0.01,0.01,77821.69,1777284850000
1777284852.49,252.49,0.16,0.22,0.82,0.84,0.06,0.02,77821.82,1777284851000
1777284853.078,253.078,0.25,0.26,0.74,0.75,0.01,0.01,77821.82,1777284851000
1777284853.427,253.427,0.26,0.27,0.73,0.74,0.01,0.01,77821.82,1777284851000
1777284853.889,253.889,0.27,0.28,0.72,0.73,0.01,0.01,77820.31,1777284852000
1777284854.35,254.35,0.26,0.27,0.73,0.74,0.01,0.01,77821.7,1777284853000
1777284854.706,254.706,0.27,0.28,0.72,0.73,0.01,0.01,77821.7,1777284853000
1777284855.046,255.046,0.27,0.28,0.72,0.73,0.01,0.01,77821.7,1777284853000
1777284855.7,255.7,0.27,0.28,0.72,0.73,0.01,0.01,77822.89,1777284854000
1777284856.248,256.248,0.26,0.27,0.73,0.74,0.01,0.01,77822.89,1777284854000
1777284856.621,256.621,0.26,0.27,0.73,0.74,0.01,0.01,77823.14,1777284855000
1777284857.111,257.111,0.26,0.27,0.73,0.74,0.01,0.01,77823.14,1777284856000
1777284857.565,257.565,0.24,0.26,0.73,0.75,0.02,0.02,77823.14,1777284856000
1777284858.166,258.166,0.23,0.24,0.76,0.77,0.01,0.01,77823.14,1777284856000
1777284858.614,258.614,0.24,0.26,0.74,0.77,0.02,0.03,77826.21,1777284857000
1777284859.073,259.073,0.22,0.23,0.77,0.78,0.01,0.01,77826.21,1777284857000
1777284859.48,259.48,0.22,0.23,0.77,0.78,0.01,0.01,77826.21,1777284857000
1777284859.84,259.84,0.22,0.23,0.77,0.78,0.01,0.01,77825.65,1777284858000
1777284860.225,260.225,0.21,0.23,0.77,0.78,0.02,0.01,77825.49,1777284859000
1777284860.588,260.588,0.21,0.22,0.78,0.79,0.01,0.01,77825.49,1777284859000
1777284861.101,261.101,0.23,0.24,0.76,0.77,0.01,0.01,77825.49,1777284859000
1777284861.462,261.462,0.23,0.24,0.76,0.77,0.01,0.01,77825.5,1777284860000
1777284862.129,262.129,0.21,0.23,0.76,0.77,0.02,0.01,77825.5,1777284860000
1777284862.577,262.577,0.21,0.22,0.78,0.79,0.01,0.01,77825.5,1777284860000
1777284863.549,263.549,0.2,0.21,0.78,0.79,0.01,0.01,77825.55,1777284861000
1777284863.96,263.96,0.2,0.21,0.79,0.8,0.01,0.01,77825.33,1777284862000
1777284864.3,264.3,0.2,0.21,0.79,0.8,0.01,0.01,77825.33,1777284862000
1777284864.749,264.749,0.19,0.23,0.77,0.81,0.04,0.04,77823.22,1777284863000
1777284865.13,265.13,0.2,0.21,0.79,0.8,0.01,0.01,77823.22,1777284863000
1777284865.538,265.538,0.2,0.21,0.79,0.8,0.01,0.01,77823.4,1777284864000
1777284865.982,265.982,0.18,0.21,0.79,0.8,0.03,0.01,77823.4,1777284864000
1777284866.5,266.5,0.17,0.18,0.79,0.82,0.01,0.03,77824.7,1777284865000
1777284867.486,267.486,0.17,0.18,0.82,0.83,0.01,0.01,77824.7,1777284865000
1777284867.915,267.915,0.17,0.18,0.82,0.83,0.01,0.01,77825.65,1777284866000
1777284868.388,268.388,0.17,0.18,0.82,0.83,0.01,0.01,77825.65,1777284867000
1777284868.771,268.771,0.17,0.18,0.82,0.83,0.01,0.01,77825.65,1777284867000
1777284869.107,269.107,0.18,0.19,0.81,0.82,0.01,0.01,77825.65,1777284867000
1777284869.454,269.454,0.19,0.2,0.81,0.82,0.01,0.01,77825.65,1777284867000
1777284869.793,269.793,0.22,0.23,0.77,0.78,0.01,0.01,77826.19,1777284868000
1777284870.216,270.216,0.22,0.23,0.77,0.78,0.01,0.01,77826.19,1777284868000
1777284870.659,270.659,0.22,0.23,0.77,0.78,0.01,0.01,77826.74,1777284869000
1777284871.023,271.023,0.22,0.23,0.77,0.78,0.01,0.01,77826.74,1777284869000
1777284871.38,271.38,0.22,0.23,0.77,0.78,0.01,0.01,77825.53,1777284870000
1777284871.719,271.719,0.21,0.22,0.77,0.79,0.01,0.02,77825.53,1777284870000
1777284872.121,272.121,0.18,0.2,0.78,0.82,0.02,0.04,77825.53,1777284870000
1777284872.474,272.474,0.15,0.16,0.84,0.85,0.01,0.01,77825.53,1777284870000
1777284872.82,272.82,0.14,0.15,0.85,0.86,0.01,0.01,77824.26,1777284871000
1777284873.161,273.161,0.11,0.12,0.88,0.89,0.01,0.01,77824.26,1777284872000
1777284873.587,273.587,0.11,0.12,0.88,0.89,0.01,0.01,77824.26,1777284872000
1777284873.933,273.933,0.1,0.11,0.89,0.9,0.01,0.01,77824.26,1777284872000
1777284874.306,274.306,0.1,0.11,0.89,0.9,0.01,0.01,77824.26,1777284872000
1777284874.641,274.641,0.09,0.1,0.9,0.91,0.01,0.01,77826.16,1777284873000
1777284874.98,274.98,0.09,0.1,0.9,0.91,0.01,0.01,77826.16,1777284873000
1777284875.317,275.317,0.07,0.08,0.9,0.91,0.01,0.01,77826.16,1777284873000
1777284875.729,275.729,0.06,0.07,0.92,0.94,0.01,0.02,77824.17,1777284874000
1777284876.168,276.168,0.06,0.07,0.93,0.94,0.01,0.01,77824.17,1777284874000
1777284876.533,276.533,0.05,0.06,0.94,0.95,0.01,0.01,77824.34,1777284875000
1777284876.972,276.972,0.05,0.06,0.94,0.95,0.01,0.01,77824.34,1777284875000
1777284877.472,277.472,0.05,0.06,0.94,0.95,0.01,0.01,77823.62,1777284876000
1777284877.963,277.963,0.05,0.06,0.94,0.95,0.01,0.01,77823.62,1777284876000
1777284878.39,278.39,0.05,0.06,0.94,0.95,0.01,0.01,77823.62,1777284876000
1777284878.867,278.867,0.05,0.06,0.94,0.95,0.01,0.01,77824.41,1777284877000
1777284879.275,279.275,0.05,0.18,0.94,0.95,0.13,0.01,77824.41,1777284877000
1777284879.922,279.922,0.05,0.06,0.94,0.95,0.01,0.01,77823.53,1777284878000
1777284880.346,280.346,0.05,0.06,0.94,0.95,0.01,0.01,77823.53,1777284878000
1777284880.747,280.747,0.07,0.08,0.92,0.94,0.01,0.02,77822.62,1777284879000
1777284881.108,281.108,0.06,0.07,0.92,0.94,0.01,0.02,77822.62,1777284879000
1777284881.62,281.62,0.05,0.06,0.94,0.95,0.01,0.01,77822.62,1777284879000
1777284881.999,281.999,0.06,0.08,0.92,0.93,0.02,0.01,77822.62,1777284880000
1777284882.409,282.409,0.05,0.06,0.94,0.95,0.01,0.01,77822.62,1777284880000
1777284882.761,282.761,0.04,0.05,0.94,0.96,0.01,0.02,77824.41,1777284881000
1777284883.201,283.201,0.05,0.06,0.94,0.95,0.01,0.01,77824.41,1777284881000
1777284883.644,283.644,0.05,0.06,0.94,0.95,0.01,0.01,77824.41,1777284881000
1777284884.076,284.076,0.05,0.06,0.94,0.95,0.01,0.01,77824.42,1777284882000
1777284884.429,284.429,0.05,0.06,0.94,0.95,0.01,0.01,77822.75,1777284883000
1777284884.863,284.863,0.05,0.06,0.94,0.95,0.01,0.01,77822.75,1777284883000
1777284885.233,285.233,0.05,0.06,0.94,0.95,0.01,0.01,77822.75,1777284883000
1777284885.569,285.569,0.04,0.06,0.94,0.95,0.02,0.01,77822.75,1777284883000
1777284886.153,286.153,0.04,0.05,0.95,0.96,0.01,0.01,77823.01,1777284884000
1777284886.528,286.528,0.04,0.05,0.95,0.96,0.01,0.01,77823.01,1777284885000
1777284886.891,286.891,0.04,0.05,0.95,0.96,0.01,0.01,77823.01,1777284885000
1777284887.234,287.234,0.04,0.05,0.95,0.96,0.01,0.01,77823.01,1777284885000
1777284887.668,287.668,0.04,0.05,0.95,0.96,0.01,0.01,77823.01,1777284886000
1777284888.095,288.095,0.03,0.05,0.95,0.96,0.02,0.01,77823.01,1777284886000
1777284888.514,288.514,0.03,0.04,0.96,0.97,0.01,0.01,77823.05,1777284887000
1777284888.854,288.854,0.03,0.04,0.96,0.97,0.01,0.01,77823.05,1777284887000
1777284889.231,289.231,0.03,0.04,0.96,0.97,0.01,0.01,77823.05,1777284887000
1777284889.572,289.572,0.03,0.04,0.96,0.97,0.01,0.01,77823.05,1777284887000
1777284889.916,289.916,0.03,0.04,0.96,0.97,0.01,0.01,77826.87,1777284888000
1777284890.318,290.318,0.03,0.04,0.96,0.97,0.01,0.01,77826.87,1777284888000
1777284890.689,290.689,0.03,0.04,0.96,0.97,0.01,0.01,77825.09,1777284889000
1777284891.166,291.166,0.03,0.04,0.96,0.97,0.01,0.01,77825.09,1777284889000
1777284891.514,291.514,0.03,0.01,0.96,0.97,-0.02,0.01,77824.42,1777284890000
1777284891.957,291.957,0.03,0.01,0.99,0.97,-0.02,-0.02,77824.42,1777284890000
1777284892.797,292.797,0.03,0.01,0.99,0.97,-0.02,-0.02,77824.42,1777284891000
1777284893.349,293.349,0.03,0.01,0.99,0.97,-0.02,-0.02,77824.42,1777284892000
1777284894.575,294.575,0.03,0.01,0.99,0.97,-0.02,-0.02,77824.42,1777284892000
1777284895.155,295.155,0.03,0.01,0.99,0.97,-0.02,-0.02,77824.42,1777284893000
1777284895.618,295.618,0.03,0.01,0.99,0.97,-0.02,-0.02,77824.42,1777284894000
1777284896.239,296.239,0.03,0.01,0.99,0.97,-0.02,-0.02,77824.42,1777284894000
1777284896.606,296.606,0.03,0.01,0.99,0.97,-0.02,-0.02,77824.42,1777284895000
1777284897.25,297.25,0.03,0.01,0.99,0.97,-0.02,-0.02,77824.42,1777284896000
1777284897.617,297.617,0.03,0.01,0.99,0.97,-0.02,-0.02,77824.42,1777284896000
1777284898.062,298.062,0.03,0.01,0.99,0.97,-0.02,-0.02,77824.42,1777284896000
1777284898.697,298.697,0.03,0.01,0.99,0.97,-0.02,-0.02,77822.21,1777284897000
1777284899.14,299.14,0.03,0.01,0.99,0.97,-0.02,-0.02,77822.21,1777284897000
1777284899.882,299.882,0.03,0.01,0.99,0.97,-0.02,-0.02,77824.44,1777284898000
1777284900.366,300.366,0.03,0.01,0.99,0.97,-0.02,-0.02,77822.24,1777284899000
1777284900.956,300.956,0.03,0.01,0.99,0.97,-0.02,-0.02,77822.24,1777284900000
1777284901.954,301.954,0.03,0.01,0.99,0.97,-0.02,-0.02,77822.52,1777284901000

# RESULT,winner=Down,slug=btc-updown-5m-1777284600,ticks=665
