timestamp,elapsed_sec,up_bid,up_ask,down_bid,down_ask,up_spread,down_spread,btc_price,btc_oracle_ts
1776117000.523,0.523,0.49,0.5,0.5,0.51,0.01,0.01,73293.97,1776116999000
1776117001.031,1.031,0.49,0.5,0.5,0.51,0.01,0.01,73293.97,1776116999000
1776117001.47,1.47,0.49,0.5,0.5,0.51,0.01,0.01,73293.49,1776117000000
1776117001.803,1.803,0.47,0.48,0.51,0.53,0.01,0.02,73293.49,1776117000000
1776117002.141,2.141,0.47,0.48,0.52,0.53,0.01,0.01,73293.63,1776117001000
1776117002.616,2.616,0.47,0.48,0.52,0.53,0.01,0.01,73293.63,1776117001000
1776117003.067,3.067,0.47,0.48,0.52,0.53,0.01,0.01,73293.63,1776117001000
1776117003.449,3.449,0.47,0.48,0.52,0.53,0.01,0.01,73293.51,1776117002000
1776117003.953,3.953,0.47,0.48,0.52,0.53,0.01,0.01,73293.51,1776117002000
1776117004.616,4.616,0.47,0.48,0.52,0.53,0.01,0.01,73292.93,1776117003000
1776117005.295,5.295,0.47,0.48,0.52,0.53,0.01,0.01,73292.44,1776117004000
1776117005.708,5.708,0.46,0.48,0.52,0.53,0.02,0.01,73292.44,1776117004000
1776117006.263,6.263,0.46,0.48,0.52,0.54,0.02,0.02,73292.25,1776117005000
1776117006.623,6.623,0.47,0.48,0.52,0.53,0.01,0.01,73292.25,1776117005000
1776117006.959,6.959,0.46,0.47,0.53,0.54,0.01,0.01,73292.25,1776117005000
1776117007.312,7.312,0.46,0.47,0.53,0.54,0.01,0.01,73292.25,1776117005000
1776117007.754,7.754,0.46,0.47,0.53,0.54,0.01,0.01,73292.36,1776117006000
1776117008.349,8.349,0.45,0.46,0.53,0.55,0.01,0.02,73292.36,1776117006000
1776117008.706,8.706,0.45,0.46,0.54,0.55,0.01,0.01,73291.29,1776117007000
1776117009.123,9.123,0.45,0.46,0.54,0.55,0.01,0.01,73290.91,1776117008000
1776117009.462,9.462,0.43,0.45,0.55,0.57,0.02,0.02,73290.91,1776117008000
1776117009.825,9.825,0.41,0.42,0.57,0.6,0.01,0.03,73290.91,1776117008000
1776117010.179,10.179,0.4,0.41,0.59,0.6,0.01,0.01,73290.91,1776117008000
1776117010.552,10.552,0.4,0.41,0.59,0.6,0.01,0.01,73286.18,1776117009000
1776117010.892,10.892,0.39,0.41,0.59,0.6,0.02,0.01,73286.18,1776117009000
1776117011.239,11.239,0.39,0.4,0.6,0.61,0.01,0.01,73286.18,1776117009000
1776117011.761,11.761,0.39,0.4,0.6,0.61,0.01,0.01,73286.18,1776117009000
1776117012.095,12.095,0.39,0.4,0.6,0.61,0.01,0.01,73286.18,1776117009000
1776117012.539,12.539,0.39,0.4,0.6,0.61,0.01,0.01,73286.18,1776117009000
1776117012.911,12.911,0.38,0.39,0.61,0.62,0.01,0.01,73284.41,1776117010000
1776117013.28,13.28,0.38,0.39,0.61,0.62,0.01,0.01,73273.83,1776117012000
1776117013.695,13.695,0.38,0.39,0.61,0.62,0.01,0.01,73273.83,1776117012000
1776117014.185,14.185,0.38,0.39,0.61,0.62,0.01,0.01,73273.83,1776117012000
1776117014.844,14.844,0.38,0.39,0.61,0.62,0.01,0.01,73272.58,1776117013000
1776117015.202,15.202,0.38,0.39,0.61,0.62,0.01,0.01,73272.96,1776117014000
1776117015.779,15.779,0.38,0.39,0.61,0.62,0.01,0.01,73272.96,1776117014000
1776117016.193,16.193,0.38,0.39,0.61,0.62,0.01,0.01,73272.58,1776117015000
1776117016.572,16.572,0.38,0.39,0.61,0.62,0.01,0.01,73272.58,1776117015000
1776117016.917,16.917,0.38,0.39,0.61,0.62,0.01,0.01,73272.58,1776117015000
1776117017.339,17.339,0.38,0.39,0.61,0.62,0.01,0.01,73272.07,1776117016000
1776117017.679,17.679,0.37,0.38,0.61,0.63,0.01,0.02,73272.07,1776117016000
1776117018.06,18.06,0.37,0.38,0.62,0.63,0.01,0.01,73271.69,1776117017000
1776117018.549,18.549,0.37,0.38,0.62,0.63,0.01,0.01,73271.69,1776117017000
1776117018.92,18.92,0.37,0.38,0.62,0.63,0.01,0.01,73271.69,1776117017000
1776117019.3,19.3,0.37,0.38,0.62,0.63,0.01,0.01,73271.52,1776117018000
1776117019.761,19.761,0.34,0.35,0.65,0.66,0.01,0.01,73271.52,1776117018000
1776117020.146,20.146,0.34,0.35,0.65,0.66,0.01,0.01,73271.24,1776117019000
1776117020.562,20.562,0.34,0.35,0.65,0.66,0.01,0.01,73271.24,1776117019000
1776117020.904,20.904,0.34,0.35,0.65,0.66,0.01,0.01,73271.24,1776117019000
1776117021.319,21.319,0.34,0.35,0.65,0.66,0.01,0.01,73268.66,1776117020000
1776117021.656,21.656,0.34,0.35,0.65,0.66,0.01,0.01,73268.66,1776117020000
1776117022.008,22.008,0.34,0.35,0.65,0.66,0.01,0.01,73268.66,1776117020000
1776117022.513,22.513,0.34,0.35,0.65,0.66,0.01,0.01,73268.46,1776117021000
1776117023.071,23.071,0.37,0.38,0.62,0.65,0.01,0.03,73268.46,1776117021000
1776117023.438,23.438,0.37,0.38,0.62,0.63,0.01,0.01,73268.25,1776117022000
1776117023.782,23.782,0.37,0.38,0.62,0.63,0.01,0.01,73268.25,1776117022000
1776117024.682,24.682,0.37,0.38,0.62,0.63,0.01,0.01,73270.23,1776117023000
1776117025.019,25.019,0.37,0.4,0.6,0.63,0.03,0.03,73272.2,1776117024000
1776117025.58,25.58,0.4,0.41,0.59,0.61,0.01,0.02,73272.2,1776117024000
1776117026.044,26.044,0.42,0.43,0.57,0.58,0.01,0.01,73272.75,1776117025000
1776117026.398,26.398,0.42,0.44,0.57,0.58,0.02,0.01,73272.75,1776117025000
1776117026.849,26.849,0.43,0.44,0.56,0.57,0.01,0.01,73275.39,1776117026000
1776117027.264,27.264,0.43,0.44,0.56,0.57,0.01,0.01,73275.39,1776117026000
1776117027.673,27.673,0.43,0.44,0.56,0.57,0.01,0.01,73275.39,1776117026000
1776117028.28,28.28,0.43,0.44,0.56,0.57,0.01,0.01,73280.66,1776117027000
1776117028.638,28.638,0.43,0.44,0.56,0.57,0.01,0.01,73280.66,1776117027000
1776117029.356,29.356,0.43,0.44,0.56,0.57,0.01,0.01,73280.66,1776117027000
1776117029.854,29.854,0.43,0.44,0.56,0.57,0.01,0.01,73279.84,1776117028000
1776117030.274,30.274,0.43,0.44,0.56,0.57,0.01,0.01,73281.42,1776117029000
1776117030.654,30.654,0.43,0.44,0.56,0.57,0.01,0.01,73281.42,1776117029000
1776117031.0,31.0,0.43,0.44,0.56,0.57,0.01,0.01,73281.42,1776117029000
1776117031.35,31.35,0.43,0.44,0.56,0.57,0.01,0.01,73281.48,1776117030000
1776117031.945,31.945,0.43,0.44,0.56,0.57,0.01,0.01,73281.48,1776117030000
1776117032.281,32.281,0.43,0.44,0.56,0.57,0.01,0.01,73281.48,1776117031000
1776117032.717,32.717,0.43,0.44,0.56,0.57,0.01,0.01,73281.48,1776117031000
1776117033.185,33.185,0.43,0.44,0.56,0.57,0.01,0.01,73281.56,1776117032000
1776117033.639,33.639,0.43,0.44,0.56,0.57,0.01,0.01,73281.56,1776117032000
1776117034.106,34.106,0.43,0.44,0.56,0.57,0.01,0.01,73281.56,1776117032000
1776117034.517,34.517,0.43,0.44,0.56,0.57,0.01,0.01,73281.56,1776117033000
1776117034.907,34.907,0.43,0.44,0.56,0.57,0.01,0.01,73281.56,1776117033000
1776117035.262,35.262,0.43,0.44,0.56,0.57,0.01,0.01,73281.56,1776117033000
1776117035.599,35.599,0.43,0.44,0.56,0.57,0.01,0.01,73281.78,1776117034000
1776117035.937,35.937,0.43,0.44,0.56,0.57,0.01,0.01,73281.78,1776117034000
1776117036.301,36.301,0.43,0.44,0.56,0.57,0.01,0.01,73281.78,1776117035000
1776117036.634,36.634,0.43,0.44,0.56,0.57,0.01,0.01,73281.78,1776117035000
1776117037.1,37.1,0.43,0.44,0.56,0.57,0.01,0.01,73281.78,1776117035000
1776117037.758,37.758,0.44,0.45,0.55,0.57,0.01,0.02,73281.79,1776117036000
1776117038.257,38.257,0.44,0.45,0.55,0.56,0.01,0.01,73281.79,1776117036000
1776117038.908,38.908,0.44,0.45,0.55,0.56,0.01,0.01,73281.8,1776117037000
1776117039.535,39.535,0.44,0.45,0.55,0.56,0.01,0.01,73281.8,1776117038000
1776117039.877,39.877,0.44,0.45,0.55,0.56,0.01,0.01,73281.8,1776117038000
1776117040.387,40.387,0.44,0.45,0.55,0.56,0.01,0.01,73281.8,1776117039000
1776117041.0,41.0,0.44,0.45,0.55,0.56,0.01,0.01,73281.8,1776117039000
1776117041.459,41.459,0.44,0.45,0.55,0.56,0.01,0.01,73281.8,1776117039000
1776117042.099,42.099,0.44,0.45,0.55,0.56,0.01,0.01,73280.02,1776117040000
1776117042.565,42.565,0.44,0.45,0.55,0.56,0.01,0.01,73280.85,1776117041000
1776117042.949,42.949,0.44,0.45,0.55,0.56,0.01,0.01,73280.85,1776117041000
1776117043.543,43.543,0.44,0.45,0.55,0.56,0.01,0.01,73280.85,1776117041000
1776117044.151,44.151,0.44,0.45,0.55,0.56,0.01,0.01,73281.93,1776117043000
1776117044.563,44.563,0.44,0.45,0.55,0.56,0.01,0.01,73281.93,1776117043000
1776117045.279,45.279,0.44,0.46,0.54,0.56,0.02,0.02,73281.91,1776117044000
1776117045.621,45.621,0.41,0.42,0.58,0.59,0.01,0.01,73281.91,1776117044000
1776117045.964,45.964,0.41,0.42,0.58,0.59,0.01,0.01,73281.91,1776117044000
1776117046.329,46.329,0.41,0.42,0.58,0.59,0.01,0.01,73281.91,1776117044000
1776117046.693,46.693,0.38,0.39,0.61,0.63,0.01,0.02,73281.12,1776117045000
1776117047.034,47.034,0.38,0.39,0.61,0.62,0.01,0.01,73274.83,1776117046000
1776117047.453,47.453,0.35,0.36,0.64,0.65,0.01,0.01,73274.83,1776117046000
1776117047.814,47.814,0.34,0.35,0.64,0.66,0.01,0.02,73274.83,1776117046000
1776117048.18,48.18,0.33,0.34,0.65,0.67,0.01,0.02,73274.83,1776117046000
1776117048.522,48.522,0.33,0.34,0.66,0.67,0.01,0.01,73269.12,1776117047000
1776117049.095,49.095,0.32,0.33,0.66,0.68,0.01,0.02,73269.12,1776117047000
1776117049.483,49.483,0.31,0.32,0.68,0.69,0.01,0.01,73260.46,1776117048000
1776117049.996,49.996,0.31,0.32,0.68,0.69,0.01,0.01,73260.46,1776117048000
1776117050.546,50.546,0.3,0.31,0.68,0.7,0.01,0.02,73256.96,1776117049000
1776117050.893,50.893,0.3,0.31,0.69,0.7,0.01,0.01,73256.96,1776117049000
1776117051.355,51.355,0.3,0.31,0.69,0.7,0.01,0.01,73256.96,1776117049000
1776117051.864,51.864,0.3,0.31,0.69,0.7,0.01,0.01,73256.96,1776117050000
1776117052.75,52.75,0.3,0.31,0.69,0.7,0.01,0.01,73256.36,1776117051000
1776117053.14,53.14,0.3,0.31,0.69,0.7,0.01,0.01,73256.36,1776117051000
1776117053.508,53.508,0.3,0.31,0.69,0.7,0.01,0.01,73255.2,1776117052000
1776117053.874,53.874,0.3,0.31,0.69,0.7,0.01,0.01,73256.03,1776117053000
1776117054.233,54.233,0.3,0.31,0.69,0.7,0.01,0.01,73256.03,1776117053000
1776117054.573,54.573,0.29,0.3,0.69,0.7,0.01,0.01,73256.03,1776117053000
1776117054.914,54.914,0.29,0.3,0.7,0.71,0.01,0.01,73256.03,1776117053000
1776117055.566,55.566,0.29,0.3,0.7,0.71,0.01,0.01,73255.6,1776117054000
1776117056.157,56.157,0.29,0.3,0.7,0.71,0.01,0.01,73255.28,1776117055000
1776117056.752,56.752,0.29,0.3,0.7,0.71,0.01,0.01,73255.28,1776117055000
1776117057.193,57.193,0.29,0.3,0.7,0.71,0.01,0.01,73255.28,1776117055000
1776117057.567,57.567,0.29,0.3,0.7,0.71,0.01,0.01,73255.04,1776117056000
1776117057.917,57.917,0.29,0.31,0.7,0.71,0.02,0.01,73255.04,1776117056000
1776117058.319,58.319,0.3,0.31,0.69,0.7,0.01,0.01,73255.04,1776117056000
1776117058.681,58.681,0.3,0.31,0.69,0.7,0.01,0.01,73256.03,1776117057000
1776117059.04,59.04,0.3,0.31,0.69,0.7,0.01,0.01,73256.03,1776117057000
1776117059.526,59.526,0.3,0.31,0.69,0.7,0.01,0.01,73254.88,1776117058000
1776117059.9,59.9,0.3,0.31,0.69,0.7,0.01,0.01,73254.88,1776117058000
1776117060.242,60.242,0.3,0.31,0.69,0.7,0.01,0.01,73254.88,1776117058000
1776117060.626,60.626,0.3,0.31,0.69,0.71,0.01,0.02,73255.08,1776117059000
1776117061.05,61.05,0.3,0.31,0.69,0.7,0.01,0.01,73255.08,1776117059000
1776117061.385,61.385,0.29,0.3,0.69,0.71,0.01,0.02,73255.08,1776117059000
1776117061.726,61.726,0.29,0.3,0.7,0.71,0.01,0.01,73254.76,1776117060000
1776117062.134,62.134,0.29,0.3,0.7,0.71,0.01,0.01,73255.61,1776117061000
1776117062.516,62.516,0.29,0.3,0.7,0.71,0.01,0.01,73255.61,1776117061000
1776117062.91,62.91,0.29,0.3,0.7,0.71,0.01,0.01,73255.61,1776117061000
1776117063.553,63.553,0.29,0.3,0.7,0.71,0.01,0.01,73254.52,1776117062000
1776117063.89,63.89,0.3,0.31,0.69,0.7,0.01,0.01,73254.52,1776117062000
1776117064.256,64.256,0.3,0.31,0.69,0.7,0.01,0.01,73255.42,1776117063000
1776117064.7,64.7,0.3,0.31,0.69,0.7,0.01,0.01,73255.42,1776117063000
1776117065.429,65.429,0.3,0.31,0.69,0.7,0.01,0.01,73255.91,1776117064000
1776117065.914,65.914,0.3,0.31,0.69,0.7,0.01,0.01,73255.91,1776117064000
1776117066.399,66.399,0.3,0.31,0.69,0.7,0.01,0.01,73255.91,1776117065000
1776117066.768,66.768,0.3,0.31,0.69,0.7,0.01,0.01,73255.91,1776117065000
1776117067.117,67.117,0.3,0.31,0.69,0.7,0.01,0.01,73255.8,1776117066000
1776117067.491,67.491,0.3,0.31,0.69,0.7,0.01,0.01,73255.8,1776117066000
1776117067.896,67.896,0.3,0.31,0.69,0.7,0.01,0.01,73255.8,1776117066000
1776117068.261,68.261,0.3,0.31,0.69,0.7,0.01,0.01,73256.57,1776117067000
1776117068.634,68.634,0.3,0.31,0.69,0.7,0.01,0.01,73256.57,1776117067000
1776117069.092,69.092,0.3,0.31,0.69,0.7,0.01,0.01,73257.63,1776117068000
1776117069.464,69.464,0.3,0.31,0.69,0.7,0.01,0.01,73257.63,1776117068000
1776117069.948,69.948,0.3,0.31,0.68,0.7,0.01,0.02,73257.63,1776117068000
1776117070.561,70.561,0.3,0.31,0.69,0.7,0.01,0.01,73257.61,1776117069000
1776117071.12,71.12,0.3,0.32,0.69,0.7,0.02,0.01,73257.61,1776117069000
1776117071.549,71.549,0.3,0.31,0.69,0.7,0.01,0.01,73257.49,1776117070000
1776117071.966,71.966,0.3,0.31,0.69,0.7,0.01,0.01,73257.49,1776117070000
1776117072.31,72.31,0.3,0.34,0.66,0.7,0.04,0.04,73257.38,1776117071000
1776117072.682,72.682,0.35,0.36,0.63,0.65,0.01,0.02,73257.38,1776117071000
1776117073.063,73.063,0.36,0.37,0.63,0.64,0.01,0.01,73257.38,1776117071000
1776117073.405,73.405,0.36,0.37,0.63,0.64,0.01,0.01,73257.91,1776117072000
1776117073.953,73.953,0.36,0.37,0.63,0.64,0.01,0.01,73257.91,1776117072000
1776117074.309,74.309,0.36,0.37,0.63,0.64,0.01,0.01,73261.84,1776117073000
1776117074.853,74.853,0.36,0.37,0.63,0.64,0.01,0.01,73261.84,1776117073000
1776117075.537,75.537,0.36,0.37,0.63,0.64,0.01,0.01,73267.78,1776117074000
1776117075.889,75.889,0.36,0.37,0.63,0.64,0.01,0.01,73267.78,1776117074000
1776117076.229,76.229,0.36,0.37,0.63,0.64,0.01,0.01,73267.83,1776117075000
1776117076.586,76.586,0.36,0.37,0.63,0.64,0.01,0.01,73267.83,1776117075000
1776117077.21,77.21,0.37,0.39,0.61,0.63,0.02,0.02,73268.37,1776117076000
1776117077.581,77.581,0.38,0.39,0.61,0.62,0.01,0.01,73268.37,1776117076000
1776117077.917,77.917,0.38,0.39,0.61,0.62,0.01,0.01,73268.37,1776117076000
1776117078.299,78.299,0.39,0.4,0.6,0.61,0.01,0.01,73268.37,1776117076000
1776117078.76,78.76,0.39,0.4,0.6,0.61,0.01,0.01,73268.39,1776117077000
1776117079.095,79.095,0.39,0.4,0.6,0.61,0.01,0.01,73268.39,1776117077000
1776117079.437,79.437,0.39,0.4,0.6,0.61,0.01,0.01,73269.32,1776117078000
1776117079.776,79.776,0.39,0.4,0.6,0.61,0.01,0.01,73269.32,1776117078000
1776117080.233,80.233,0.39,0.4,0.6,0.61,0.01,0.01,73269.32,1776117078000
1776117080.625,80.625,0.39,0.4,0.6,0.61,0.01,0.01,73269.42,1776117079000
1776117081.12,81.12,0.39,0.4,0.6,0.61,0.01,0.01,73269.42,1776117079000
1776117081.6,81.6,0.39,0.4,0.6,0.61,0.01,0.01,73271.24,1776117080000
1776117082.239,82.239,0.39,0.4,0.6,0.61,0.01,0.01,73270.76,1776117081000
1776117082.885,82.885,0.39,0.4,0.6,0.61,0.01,0.01,73270.76,1776117081000
1776117083.384,83.384,0.39,0.4,0.6,0.61,0.01,0.01,73272.19,1776117082000
1776117083.89,83.89,0.39,0.4,0.6,0.61,0.01,0.01,73272.19,1776117082000
1776117084.314,84.314,0.39,0.4,0.6,0.61,0.01,0.01,73272.19,1776117083000
1776117084.784,84.784,0.39,0.4,0.6,0.61,0.01,0.01,73272.19,1776117083000
1776117085.149,85.149,0.39,0.4,0.6,0.61,0.01,0.01,73272.19,1776117084000
1776117085.562,85.562,0.39,0.4,0.6,0.61,0.01,0.01,73272.19,1776117084000
1776117086.005,86.005,0.39,0.4,0.6,0.61,0.01,0.01,73272.19,1776117085000
1776117086.419,86.419,0.39,0.4,0.6,0.61,0.01,0.01,73272.19,1776117085000
1776117086.896,86.896,0.39,0.4,0.6,0.61,0.01,0.01,73272.19,1776117085000
1776117087.836,87.836,0.39,0.4,0.6,0.61,0.01,0.01,73271.92,1776117086000
1776117088.202,88.202,0.39,0.4,0.6,0.61,0.01,0.01,73271.92,1776117087000
1776117088.804,88.804,0.38,0.39,0.6,0.61,0.01,0.01,73271.92,1776117087000
1776117089.157,89.157,0.38,0.39,0.61,0.62,0.01,0.01,73271.76,1776117088000
1776117089.509,89.509,0.38,0.39,0.61,0.62,0.01,0.01,73271.76,1776117088000
1776117089.859,89.859,0.38,0.39,0.61,0.62,0.01,0.01,73270.87,1776117089000
1776117090.514,90.514,0.38,0.39,0.61,0.62,0.01,0.01,73270.87,1776117089000
1776117090.908,90.908,0.38,0.39,0.61,0.62,0.01,0.01,73270.87,1776117089000
1776117091.271,91.271,0.38,0.39,0.61,0.62,0.01,0.01,73270.87,1776117089000
1776117091.614,91.614,0.38,0.39,0.61,0.62,0.01,0.01,73270.29,1776117090000
1776117092.31,92.31,0.38,0.39,0.61,0.62,0.01,0.01,73270.29,1776117090000
1776117092.719,92.719,0.37,0.38,0.61,0.63,0.01,0.02,73270.29,1776117090000
1776117093.11,93.11,0.36,0.38,0.62,0.63,0.02,0.01,73269.25,1776117091000
1776117093.449,93.449,0.37,0.38,0.62,0.63,0.01,0.01,73269.25,1776117092000
1776117093.913,93.913,0.36,0.37,0.63,0.64,0.01,0.01,73269.25,1776117092000
1776117094.266,94.266,0.36,0.37,0.63,0.64,0.01,0.01,73269.29,1776117093000
1776117095.182,95.182,0.36,0.37,0.63,0.64,0.01,0.01,73269.46,1776117094000
1776117095.546,95.546,0.36,0.37,0.63,0.64,0.01,0.01,73269.46,1776117094000
1776117095.927,95.927,0.36,0.37,0.63,0.64,0.01,0.01,73269.46,1776117094000
1776117096.849,96.849,0.36,0.37,0.63,0.64,0.01,0.01,73269.23,1776117095000
1776117097.212,97.212,0.3,0.31,0.69,0.7,0.01,0.01,73269.22,1776117096000
1776117097.648,97.648,0.29,0.3,0.7,0.71,0.01,0.01,73269.22,1776117096000
1776117097.994,97.994,0.28,0.3,0.7,0.71,0.02,0.01,73269.22,1776117096000
1776117098.351,98.351,0.28,0.29,0.71,0.72,0.01,0.01,73267.88,1776117097000
1776117098.762,98.762,0.27,0.29,0.71,0.72,0.02,0.01,73267.88,1776117097000
1776117099.187,99.187,0.27,0.28,0.72,0.73,0.01,0.01,73267.88,1776117097000
1776117099.532,99.532,0.27,0.28,0.72,0.73,0.01,0.01,73258.79,1776117098000
1776117099.907,99.907,0.29,0.3,0.7,0.71,0.01,0.01,73258.79,1776117098000
1776117100.352,100.352,0.31,0.32,0.68,0.71,0.01,0.03,73256.94,1776117099000
1776117100.699,100.699,0.31,0.33,0.67,0.69,0.02,0.02,73256.94,1776117099000
1776117101.045,101.045,0.33,0.36,0.66,0.68,0.03,0.02,73256.94,1776117099000
1776117101.411,101.411,0.35,0.36,0.64,0.65,0.01,0.01,73257.33,1776117100000
1776117101.793,101.793,0.35,0.36,0.64,0.65,0.01,0.01,73257.33,1776117100000
1776117102.372,102.372,0.35,0.36,0.64,0.65,0.01,0.01,73259.23,1776117101000
1776117102.765,102.765,0.36,0.37,0.63,0.64,0.01,0.01,73259.23,1776117101000
1776117103.171,103.171,0.37,0.38,0.62,0.64,0.01,0.02,73262.07,1776117102000
1776117103.64,103.64,0.37,0.38,0.62,0.63,0.01,0.01,73262.07,1776117102000
1776117104.031,104.031,0.37,0.38,0.62,0.63,0.01,0.01,73266.95,1776117103000
1776117104.693,104.693,0.37,0.38,0.62,0.63,0.01,0.01,73266.95,1776117103000
1776117105.256,105.256,0.37,0.38,0.62,0.63,0.01,0.01,73266.95,1776117103000
1776117105.652,105.652,0.37,0.38,0.62,0.63,0.01,0.01,73266.95,1776117103000
1776117106.124,106.124,0.37,0.38,0.62,0.63,0.01,0.01,73268.81,1776117104000
1776117106.578,106.578,0.37,0.38,0.62,0.63,0.01,0.01,73269.67,1776117105000
1776117107.557,107.557,0.37,0.38,0.62,0.63,0.01,0.01,73269.67,1776117105000
1776117108.117,108.117,0.37,0.38,0.62,0.63,0.01,0.01,73269.81,1776117106000
1776117108.625,108.625,0.37,0.38,0.62,0.63,0.01,0.01,73269.81,1776117107000
1776117108.965,108.965,0.37,0.38,0.62,0.63,0.01,0.01,73269.81,1776117107000
1776117109.337,109.337,0.37,0.38,0.62,0.63,0.01,0.01,73269.79,1776117108000
1776117109.901,109.901,0.37,0.38,0.62,0.63,0.01,0.01,73269.79,1776117108000
1776117111.167,111.167,0.37,0.38,0.62,0.63,0.01,0.01,73269.69,1776117109000
1776117111.653,111.653,0.38,0.39,0.61,0.63,0.01,0.02,73269.66,1776117110000
1776117112.012,112.012,0.38,0.4,0.6,0.62,0.02,0.02,73269.66,1776117110000
1776117112.466,112.466,0.39,0.4,0.6,0.61,0.01,0.01,73269.66,1776117111000
1776117112.916,112.916,0.39,0.4,0.6,0.61,0.01,0.01,73269.66,1776117111000
1776117113.276,113.276,0.39,0.41,0.6,0.61,0.02,0.01,73270.32,1776117112000
1776117113.673,113.673,0.4,0.41,0.59,0.6,0.01,0.01,73270.32,1776117112000
1776117114.265,114.265,0.4,0.41,0.59,0.6,0.01,0.01,73270.32,1776117112000
1776117114.68,114.68,0.4,0.41,0.59,0.6,0.01,0.01,73272.66,1776117113000
1776117115.095,115.095,0.4,0.41,0.59,0.6,0.01,0.01,73273.46,1776117114000
1776117115.452,115.452,0.4,0.41,0.59,0.6,0.01,0.01,73273.46,1776117114000
1776117116.145,116.145,0.4,0.41,0.59,0.6,0.01,0.01,73273.46,1776117114000
1776117116.74,116.74,0.4,0.41,0.59,0.6,0.01,0.01,73273.5,1776117115000
1776117117.588,117.588,0.4,0.41,0.59,0.6,0.01,0.01,73273.5,1776117116000
1776117118.018,118.018,0.4,0.41,0.59,0.6,0.01,0.01,73273.5,1776117116000
1776117118.916,118.916,0.4,0.41,0.59,0.6,0.01,0.01,73273.5,1776117117000
1776117119.274,119.274,0.38,0.39,0.61,0.62,0.01,0.01,73273.92,1776117118000
1776117119.95,119.95,0.38,0.39,0.61,0.62,0.01,0.01,73273.92,1776117118000
1776117120.309,120.309,0.37,0.39,0.61,0.62,0.02,0.01,73273.92,1776117118000
1776117120.69,120.69,0.37,0.38,0.62,0.63,0.01,0.01,73273.92,1776117119000
1776117121.14,121.14,0.37,0.38,0.62,0.63,0.01,0.01,73273.92,1776117120000
1776117121.608,121.608,0.37,0.38,0.62,0.63,0.01,0.01,73273.92,1776117120000
1776117122.126,122.126,0.37,0.38,0.62,0.63,0.01,0.01,73272.5,1776117121000
1776117122.467,122.467,0.37,0.38,0.62,0.63,0.01,0.01,73272.5,1776117121000
1776117123.156,123.156,0.37,0.38,0.62,0.63,0.01,0.01,73273.59,1776117122000
1776117123.689,123.689,0.37,0.38,0.62,0.63,0.01,0.01,73273.59,1776117122000
1776117124.127,124.127,0.37,0.38,0.62,0.63,0.01,0.01,73273.59,1776117122000
1776117124.819,124.819,0.37,0.38,0.62,0.63,0.01,0.01,73273.71,1776117123000
1776117125.559,125.559,0.37,0.38,0.62,0.63,0.01,0.01,73273.49,1776117124000
1776117126.127,126.127,0.37,0.38,0.62,0.63,0.01,0.01,73273.5,1776117125000
1776117126.792,126.792,0.37,0.38,0.62,0.63,0.01,0.01,73273.5,1776117125000
1776117127.135,127.135,0.37,0.38,0.62,0.63,0.01,0.01,73273.4,1776117126000
1776117127.761,127.761,0.37,0.38,0.62,0.63,0.01,0.01,73273.4,1776117126000
1776117128.186,128.186,0.37,0.38,0.62,0.63,0.01,0.01,73273.41,1776117127000
1776117128.542,128.542,0.37,0.38,0.62,0.63,0.01,0.01,73273.41,1776117127000
1776117128.974,128.974,0.37,0.38,0.62,0.63,0.01,0.01,73273.41,1776117127000
1776117130.009,130.009,0.37,0.38,0.62,0.63,0.01,0.01,73273.55,1776117128000
1776117130.5,130.5,0.37,0.38,0.62,0.63,0.01,0.01,73273.55,1776117129000
1776117130.909,130.909,0.37,0.38,0.62,0.63,0.01,0.01,73273.55,1776117129000
1776117131.626,131.626,0.37,0.38,0.62,0.63,0.01,0.01,73273.54,1776117130000
1776117132.281,132.281,0.37,0.38,0.62,0.63,0.01,0.01,73273.54,1776117131000
1776117132.653,132.653,0.37,0.38,0.62,0.63,0.01,0.01,73273.54,1776117131000
1776117133.106,133.106,0.37,0.38,0.62,0.63,0.01,0.01,73273.54,1776117131000
1776117133.545,133.545,0.38,0.39,0.61,0.62,0.01,0.01,73273.39,1776117132000
1776117134.269,134.269,0.38,0.39,0.61,0.62,0.01,0.01,73273.39,1776117133000
1776117134.842,134.842,0.38,0.39,0.61,0.62,0.01,0.01,73273.39,1776117133000
1776117135.316,135.316,0.38,0.39,0.61,0.62,0.01,0.01,73273.48,1776117134000
1776117135.973,135.973,0.38,0.39,0.61,0.62,0.01,0.01,73273.48,1776117134000
1776117136.507,136.507,0.4,0.41,0.59,0.6,0.01,0.01,73273.64,1776117135000
1776117137.27,137.27,0.4,0.41,0.59,0.6,0.01,0.01,73274.29,1776117136000
1776117137.611,137.611,0.4,0.41,0.59,0.6,0.01,0.01,73274.29,1776117136000
1776117138.314,138.314,0.4,0.41,0.59,0.6,0.01,0.01,73275.64,1776117137000
1776117139.209,139.209,0.4,0.41,0.59,0.6,0.01,0.01,73275.64,1776117137000
1776117139.748,139.748,0.4,0.41,0.59,0.6,0.01,0.01,73275.78,1776117138000
1776117140.146,140.146,0.4,0.41,0.59,0.6,0.01,0.01,73275.78,1776117139000
1776117140.559,140.559,0.4,0.41,0.59,0.6,0.01,0.01,73275.78,1776117139000
1776117140.94,140.94,0.4,0.41,0.59,0.6,0.01,0.01,73275.76,1776117140000
1776117141.325,141.325,0.4,0.41,0.59,0.6,0.01,0.01,73275.76,1776117140000
1776117141.739,141.739,0.4,0.41,0.59,0.6,0.01,0.01,73275.76,1776117140000
1776117142.111,142.111,0.39,0.41,0.59,0.6,0.02,0.01,73275.76,1776117141000
1776117142.647,142.647,0.39,0.4,0.6,0.61,0.01,0.01,73275.76,1776117141000
1776117143.086,143.086,0.39,0.4,0.6,0.61,0.01,0.01,73275.76,1776117142000
1776117143.432,143.432,0.39,0.4,0.6,0.61,0.01,0.01,73275.76,1776117142000
1776117143.786,143.786,0.39,0.4,0.6,0.61,0.01,0.01,73275.76,1776117142000
1776117144.186,144.186,0.39,0.4,0.6,0.61,0.01,0.01,73276.34,1776117143000
1776117144.711,144.711,0.39,0.4,0.6,0.61,0.01,0.01,73276.34,1776117143000
1776117145.51,145.51,0.38,0.4,0.6,0.61,0.02,0.01,73277.02,1776117144000
1776117145.896,145.896,0.35,0.36,0.64,0.65,0.01,0.01,73277.02,1776117144000
1776117146.376,146.376,0.35,0.36,0.64,0.65,0.01,0.01,73276.27,1776117145000
1776117146.726,146.726,0.34,0.35,0.65,0.66,0.01,0.01,73276.27,1776117145000
1776117147.094,147.094,0.33,0.35,0.65,0.67,0.02,0.02,73276.02,1776117146000
1776117147.706,147.706,0.32,0.33,0.66,0.68,0.01,0.02,73276.02,1776117146000
1776117148.107,148.107,0.32,0.33,0.67,0.68,0.01,0.01,73276.02,1776117146000
1776117148.578,148.578,0.32,0.33,0.67,0.68,0.01,0.01,73276.02,1776117146000
1776117149.171,149.171,0.32,0.33,0.67,0.68,0.01,0.01,73271.14,1776117148000
1776117149.563,149.563,0.32,0.33,0.67,0.68,0.01,0.01,73271.14,1776117148000
1776117149.925,149.925,0.32,0.33,0.67,0.68,0.01,0.01,73271.14,1776117148000
1776117150.345,150.345,0.32,0.33,0.67,0.68,0.01,0.01,73270.19,1776117149000
1776117150.819,150.819,0.32,0.33,0.67,0.68,0.01,0.01,73270.19,1776117149000
1776117151.164,151.164,0.32,0.33,0.67,0.68,0.01,0.01,73270.23,1776117150000
1776117151.726,151.726,0.32,0.33,0.67,0.68,0.01,0.01,73270.23,1776117150000
1776117152.159,152.159,0.32,0.33,0.67,0.68,0.01,0.01,73270.23,1776117150000
1776117152.649,152.649,0.32,0.33,0.67,0.68,0.01,0.01,73270.35,1776117151000
1776117153.017,153.017,0.32,0.33,0.67,0.68,0.01,0.01,73270.35,1776117151000
1776117153.465,153.465,0.31,0.32,0.68,0.69,0.01,0.01,73270.3,1776117152000
1776117154.008,154.008,0.31,0.32,0.68,0.69,0.01,0.01,73270.14,1776117153000
1776117154.546,154.546,0.31,0.32,0.68,0.69,0.01,0.01,73270.14,1776117153000
1776117155.095,155.095,0.31,0.32,0.68,0.69,0.01,0.01,73270.05,1776117154000
1776117155.513,155.513,0.31,0.32,0.68,0.69,0.01,0.01,73270.05,1776117154000
1776117156.143,156.143,0.31,0.32,0.68,0.69,0.01,0.01,73270.05,1776117154000
1776117156.635,156.635,0.31,0.32,0.68,0.69,0.01,0.01,73270.35,1776117155000
1776117157.043,157.043,0.31,0.32,0.68,0.69,0.01,0.01,73270.35,1776117155000
1776117157.542,157.542,0.31,0.32,0.68,0.69,0.01,0.01,73270.58,1776117156000
1776117158.478,158.478,0.31,0.32,0.68,0.69,0.01,0.01,73271.25,1776117157000
1776117158.969,158.969,0.31,0.32,0.68,0.69,0.01,0.01,73271.25,1776117157000
1776117159.493,159.493,0.31,0.32,0.68,0.69,0.01,0.01,73271.25,1776117158000
1776117159.982,159.982,0.31,0.32,0.68,0.69,0.01,0.01,73271.25,1776117158000
1776117160.486,160.486,0.31,0.32,0.68,0.69,0.01,0.01,73271.46,1776117159000
1776117161.057,161.057,0.31,0.32,0.68,0.69,0.01,0.01,73271.46,1776117159000
1776117161.92,161.92,0.31,0.32,0.68,0.69,0.01,0.01,73271.14,1776117161000
1776117162.306,162.306,0.31,0.32,0.66,0.69,0.01,0.03,73271.14,1776117161000
1776117162.707,162.707,0.31,0.32,0.68,0.69,0.01,0.01,73271.14,1776117161000
1776117163.57,163.57,0.31,0.32,0.68,0.69,0.01,0.01,73271.14,1776117161000
1776117163.92,163.92,0.31,0.32,0.68,0.69,0.01,0.01,73270.95,1776117162000
1776117164.31,164.31,0.33,0.34,0.66,0.69,0.01,0.03,73270.95,1776117162000
1776117164.865,164.865,0.33,0.34,0.66,0.67,0.01,0.01,73270.95,1776117163000
1776117165.549,165.549,0.33,0.34,0.66,0.67,0.01,0.01,73271.27,1776117164000
1776117166.285,166.285,0.33,0.34,0.66,0.67,0.01,0.01,73271.27,1776117164000
1776117166.626,166.626,0.33,0.34,0.66,0.67,0.01,0.01,73271.37,1776117165000
1776117167.158,167.158,0.32,0.34,0.66,0.67,0.02,0.01,73271.37,1776117165000
1776117167.648,167.648,0.32,0.33,0.67,0.68,0.01,0.01,73272.05,1776117166000
1776117168.325,168.325,0.32,0.33,0.67,0.68,0.01,0.01,73272.06,1776117167000
1776117168.692,168.692,0.31,0.33,0.67,0.68,0.02,0.01,73272.06,1776117167000
1776117169.42,169.42,0.31,0.32,0.68,0.69,0.01,0.01,73272.06,1776117167000
1776117169.981,169.981,0.31,0.32,0.68,0.69,0.01,0.01,73270.87,1776117168000
1776117170.336,170.336,0.31,0.32,0.68,0.69,0.01,0.01,73270.85,1776117169000
1776117170.899,170.899,0.28,0.3,0.7,0.71,0.02,0.01,73270.85,1776117169000
1776117171.273,171.273,0.27,0.28,0.72,0.73,0.01,0.01,73270.86,1776117170000
1776117171.613,171.613,0.26,0.27,0.73,0.74,0.01,0.01,73270.86,1776117170000
1776117172.188,172.188,0.26,0.27,0.73,0.74,0.01,0.01,73270.86,1776117170000
1776117172.776,172.776,0.26,0.27,0.73,0.74,0.01,0.01,73269.86,1776117171000
1776117173.373,173.373,0.25,0.26,0.73,0.74,0.01,0.01,73269.86,1776117171000
1776117173.765,173.765,0.25,0.26,0.74,0.75,0.01,0.01,73263.2,1776117172000
1776117174.225,174.225,0.25,0.26,0.74,0.75,0.01,0.01,73263.2,1776117172000
1776117174.642,174.642,0.25,0.26,0.74,0.75,0.01,0.01,73262.86,1776117173000
1776117175.167,175.167,0.25,0.26,0.74,0.75,0.01,0.01,73262.86,1776117173000
1776117175.575,175.575,0.25,0.26,0.74,0.75,0.01,0.01,73262.86,1776117173000
1776117175.952,175.952,0.25,0.26,0.74,0.75,0.01,0.01,73262.06,1776117174000
1776117176.503,176.503,0.25,0.26,0.74,0.75,0.01,0.01,73261.27,1776117175000
1776117177.068,177.068,0.24,0.26,0.74,0.75,0.02,0.01,73261.27,1776117175000
1776117177.434,177.434,0.24,0.25,0.75,0.76,0.01,0.01,73261.27,1776117175000
1776117177.819,177.819,0.23,0.24,0.76,0.77,0.01,0.01,73260.07,1776117176000
1776117178.289,178.289,0.23,0.24,0.76,0.77,0.01,0.01,73261.14,1776117177000
1776117178.683,178.683,0.23,0.24,0.76,0.77,0.01,0.01,73261.14,1776117177000
1776117179.28,179.28,0.22,0.23,0.77,0.78,0.01,0.01,73261.14,1776117177000
1776117179.761,179.761,0.22,0.23,0.77,0.78,0.01,0.01,73259.98,1776117178000
1776117180.276,180.276,0.21,0.22,0.78,0.79,0.01,0.01,73259.98,1776117178000
1776117180.828,180.828,0.21,0.22,0.78,0.79,0.01,0.01,73259.36,1776117179000
1776117181.175,181.175,0.21,0.22,0.78,0.79,0.01,0.01,73259.36,1776117180000
1776117181.551,181.551,0.22,0.25,0.74,0.79,0.03,0.05,73259.36,1776117180000
1776117181.927,181.927,0.22,0.25,0.75,0.78,0.03,0.03,73259.9,1776117181000
1776117182.359,182.359,0.22,0.23,0.77,0.78,0.01,0.01,73259.9,1776117181000
1776117182.843,182.843,0.22,0.23,0.77,0.78,0.01,0.01,73259.03,1776117182000
1776117183.705,183.705,0.22,0.23,0.77,0.79,0.01,0.02,73259.03,1776117182000
1776117184.286,184.286,0.2,0.23,0.77,0.8,0.03,0.03,73258.55,1776117183000
1776117185.103,185.103,0.21,0.22,0.77,0.8,0.01,0.03,73258.55,1776117183000
1776117185.47,185.47,0.21,0.22,0.78,0.79,0.01,0.01,73258.31,1776117184000
1776117185.861,185.861,0.21,0.22,0.78,0.79,0.01,0.01,73258.31,1776117184000
1776117186.505,186.505,0.21,0.22,0.78,0.79,0.01,0.01,73258.24,1776117185000
1776117186.844,186.844,0.21,0.22,0.78,0.79,0.01,0.01,73258.24,1776117185000
1776117187.296,187.296,0.21,0.22,0.78,0.79,0.01,0.01,73258.07,1776117186000
1776117187.915,187.915,0.21,0.22,0.78,0.79,0.01,0.01,73258.07,1776117186000
1776117188.372,188.372,0.21,0.22,0.78,0.79,0.01,0.01,73256.59,1776117187000
1776117188.728,188.728,0.2,0.21,0.79,0.8,0.01,0.01,73256.59,1776117187000
1776117189.507,189.507,0.19,0.2,0.8,0.81,0.01,0.01,73257.08,1776117188000
1776117189.844,189.844,0.19,0.2,0.8,0.81,0.01,0.01,73257.08,1776117188000
1776117190.218,190.218,0.19,0.2,0.8,0.81,0.01,0.01,73255.31,1776117189000
1776117190.59,190.59,0.19,0.2,0.8,0.81,0.01,0.01,73255.31,1776117189000
1776117190.959,190.959,0.19,0.21,0.8,0.81,0.02,0.01,73255.31,1776117189000
1776117191.299,191.299,0.21,0.22,0.78,0.79,0.01,0.01,73256.19,1776117190000
1776117191.707,191.707,0.21,0.22,0.78,0.79,0.01,0.01,73256.19,1776117190000
1776117192.067,192.067,0.23,0.24,0.76,0.77,0.01,0.01,73256.19,1776117190000
1776117192.599,192.599,0.23,0.24,0.76,0.77,0.01,0.01,73256.19,1776117190000
1776117193.109,193.109,0.23,0.25,0.76,0.77,0.02,0.01,73256.33,1776117191000
1776117193.467,193.467,0.25,0.26,0.74,0.76,0.01,0.02,73258.01,1776117192000
1776117194.04,194.04,0.25,0.26,0.74,0.75,0.01,0.01,73258.01,1776117192000
1776117194.378,194.378,0.26,0.27,0.73,0.74,0.01,0.01,73260.08,1776117193000
1776117194.823,194.823,0.26,0.27,0.73,0.74,0.01,0.01,73260.08,1776117193000
1776117195.23,195.23,0.27,0.31,0.69,0.73,0.04,0.04,73260.08,1776117193000
1776117195.571,195.571,0.29,0.3,0.7,0.71,0.01,0.01,73262.89,1776117194000
1776117195.936,195.936,0.3,0.32,0.69,0.7,0.02,0.01,73262.89,1776117194000
1776117196.335,196.335,0.33,0.34,0.67,0.68,0.01,0.01,73263.73,1776117195000
1776117196.705,196.705,0.32,0.33,0.67,0.68,0.01,0.01,73263.73,1776117195000
1776117197.089,197.089,0.32,0.33,0.67,0.68,0.01,0.01,73263.73,1776117195000
1776117197.475,197.475,0.32,0.33,0.67,0.68,0.01,0.01,73265.37,1776117196000
1776117197.823,197.823,0.32,0.33,0.67,0.68,0.01,0.01,73265.37,1776117196000
1776117198.163,198.163,0.32,0.33,0.67,0.68,0.01,0.01,73265.37,1776117196000
1776117198.537,198.537,0.32,0.33,0.67,0.68,0.01,0.01,73270.16,1776117197000
1776117198.915,198.915,0.32,0.33,0.67,0.68,0.01,0.01,73270.16,1776117197000
1776117199.327,199.327,0.32,0.33,0.67,0.68,0.01,0.01,73270.16,1776117197000
1776117199.775,199.775,0.32,0.33,0.67,0.68,0.01,0.01,73271.56,1776117198000
1776117200.115,200.115,0.32,0.33,0.67,0.68,0.01,0.01,73272.8,1776117199000
1776117200.599,200.599,0.32,0.33,0.67,0.68,0.01,0.01,73272.8,1776117199000
1776117200.982,200.982,0.32,0.33,0.67,0.68,0.01,0.01,73272.95,1776117200000
1776117201.397,201.397,0.32,0.33,0.67,0.68,0.01,0.01,73272.95,1776117200000
1776117201.756,201.756,0.32,0.33,0.67,0.68,0.01,0.01,73272.95,1776117200000
1776117202.139,202.139,0.32,0.33,0.67,0.68,0.01,0.01,73272.95,1776117201000
1776117202.477,202.477,0.32,0.33,0.67,0.68,0.01,0.01,73272.95,1776117201000
1776117202.825,202.825,0.32,0.33,0.67,0.68,0.01,0.01,73272.95,1776117201000
1776117203.161,203.161,0.32,0.33,0.67,0.68,0.01,0.01,73272.86,1776117202000
1776117203.637,203.637,0.32,0.33,0.67,0.68,0.01,0.01,73272.86,1776117202000
1776117204.105,204.105,0.32,0.33,0.67,0.68,0.01,0.01,73272.86,1776117202000
1776117204.648,204.648,0.33,0.34,0.66,0.67,0.01,0.01,73273.17,1776117203000
1776117205.02,205.02,0.33,0.34,0.66,0.67,0.01,0.01,73273.17,1776117203000
1776117205.477,205.477,0.33,0.34,0.66,0.67,0.01,0.01,73273.16,1776117204000
1776117205.848,205.848,0.33,0.34,0.66,0.67,0.01,0.01,73273.16,1776117204000
1776117206.235,206.235,0.33,0.34,0.66,0.67,0.01,0.01,73273.16,1776117205000
1776117206.915,206.915,0.34,0.35,0.65,0.66,0.01,0.01,73273.16,1776117205000
1776117207.364,207.364,0.33,0.35,0.65,0.66,0.02,0.01,73273.16,1776117205000
1776117207.927,207.927,0.34,0.35,0.65,0.66,0.01,0.01,73274.14,1776117207000
1776117208.314,208.314,0.33,0.34,0.66,0.67,0.01,0.01,73274.14,1776117207000
1776117208.662,208.662,0.33,0.34,0.66,0.67,0.01,0.01,73274.14,1776117207000
1776117209.237,209.237,0.3,0.31,0.69,0.7,0.01,0.01,73274.14,1776117207000
1776117209.622,209.622,0.3,0.31,0.69,0.7,0.01,0.01,73274.45,1776117208000
1776117209.958,209.958,0.3,0.31,0.69,0.7,0.01,0.01,73274.45,1776117208000
1776117210.339,210.339,0.3,0.31,0.69,0.7,0.01,0.01,73274.34,1776117209000
1776117211.131,211.131,0.3,0.31,0.69,0.7,0.01,0.01,73274.34,1776117209000
1776117211.474,211.474,0.3,0.31,0.69,0.7,0.01,0.01,73274.34,1776117209000
1776117211.842,211.842,0.3,0.31,0.69,0.7,0.01,0.01,73271.13,1776117210000
1776117212.188,212.188,0.3,0.31,0.69,0.7,0.01,0.01,73271.13,1776117210000
1776117212.862,212.862,0.3,0.31,0.69,0.7,0.01,0.01,73270.55,1776117211000
1776117213.225,213.225,0.3,0.31,0.69,0.7,0.01,0.01,73269.78,1776117212000
1776117213.601,213.601,0.3,0.31,0.69,0.7,0.01,0.01,73269.78,1776117212000
1776117213.954,213.954,0.3,0.31,0.69,0.7,0.01,0.01,73270.28,1776117213000
1776117214.38,214.38,0.3,0.31,0.69,0.7,0.01,0.01,73270.28,1776117213000
1776117214.736,214.736,0.3,0.31,0.69,0.7,0.01,0.01,73270.28,1776117213000
1776117215.203,215.203,0.31,0.32,0.68,0.7,0.01,0.02,73271.06,1776117214000
1776117215.625,215.625,0.31,0.32,0.68,0.69,0.01,0.01,73271.06,1776117214000
1776117216.185,216.185,0.31,0.32,0.68,0.69,0.01,0.01,73271.91,1776117215000
1776117216.635,216.635,0.31,0.32,0.68,0.69,0.01,0.01,73271.91,1776117215000
1776117216.989,216.989,0.31,0.32,0.68,0.69,0.01,0.01,73272.03,1776117216000
1776117217.411,217.411,0.31,0.32,0.68,0.69,0.01,0.01,73272.03,1776117216000
1776117218.039,218.039,0.31,0.32,0.68,0.69,0.01,0.01,73272.03,1776117216000
1776117218.788,218.788,0.31,0.32,0.68,0.69,0.01,0.01,73272.03,1776117217000
1776117219.17,219.17,0.31,0.32,0.68,0.69,0.01,0.01,73272.03,1776117217000
1776117220.361,220.361,0.31,0.32,0.68,0.69,0.01,0.01,73272.19,1776117219000
1776117220.942,220.942,0.31,0.32,0.68,0.69,0.01,0.01,73272.19,1776117219000
1776117221.279,221.279,0.31,0.32,0.68,0.69,0.01,0.01,73272.18,1776117220000
1776117221.859,221.859,0.31,0.32,0.68,0.69,0.01,0.01,73272.18,1776117220000
1776117222.212,222.212,0.31,0.32,0.68,0.69,0.01,0.01,73272.18,1776117220000
1776117222.599,222.599,0.31,0.32,0.68,0.69,0.01,0.01,73272.18,1776117220000
1776117222.982,222.982,0.31,0.32,0.68,0.69,0.01,0.01,73272.19,1776117221000
1776117223.954,223.954,0.31,0.32,0.68,0.69,0.01,0.01,73272.23,1776117222000
1776117225.106,225.106,0.31,0.32,0.68,0.69,0.01,0.01,73271.76,1776117223000
1776117225.536,225.536,0.31,0.32,0.68,0.69,0.01,0.01,73271.77,1776117224000
1776117225.969,225.969,0.31,0.32,0.68,0.69,0.01,0.01,73271.77,1776117224000
1776117226.804,226.804,0.31,0.32,0.68,0.69,0.01,0.01,73271.69,1776117225000
1776117227.289,227.289,0.31,0.32,0.68,0.69,0.01,0.01,73271.72,1776117226000
1776117227.648,227.648,0.31,0.32,0.68,0.69,0.01,0.01,73271.72,1776117226000
1776117228.434,228.434,0.31,0.32,0.68,0.69,0.01,0.01,73271.98,1776117227000
1776117228.794,228.794,0.31,0.32,0.68,0.69,0.01,0.01,73271.98,1776117227000
1776117229.187,229.187,0.3,0.31,0.69,0.71,0.01,0.02,73272.29,1776117228000
1776117229.62,229.62,0.3,0.31,0.69,0.7,0.01,0.01,73272.29,1776117228000
1776117230.199,230.199,0.3,0.31,0.69,0.7,0.01,0.01,73272.29,1776117229000
1776117230.67,230.67,0.3,0.31,0.69,0.7,0.01,0.01,73272.29,1776117229000
1776117231.041,231.041,0.3,0.31,0.69,0.7,0.01,0.01,73272.29,1776117229000
1776117231.495,231.495,0.3,0.31,0.69,0.7,0.01,0.01,73272.29,1776117230000
1776117231.936,231.936,0.29,0.31,0.69,0.71,0.02,0.02,73272.29,1776117231000
1776117232.527,232.527,0.29,0.3,0.7,0.71,0.01,0.01,73272.29,1776117231000
1776117233.096,233.096,0.29,0.3,0.7,0.71,0.01,0.01,73272.93,1776117232000
1776117233.518,233.518,0.29,0.3,0.7,0.71,0.01,0.01,73272.93,1776117232000
1776117233.965,233.965,0.29,0.3,0.7,0.71,0.01,0.01,73272.93,1776117232000
1776117234.353,234.353,0.29,0.3,0.7,0.71,0.01,0.01,73272.7,1776117233000
1776117234.938,234.938,0.28,0.29,0.7,0.71,0.01,0.01,73272.7,1776117233000
1776117235.46,235.46,0.28,0.29,0.71,0.72,0.01,0.01,73272.7,1776117234000
1776117235.871,235.871,0.28,0.29,0.71,0.72,0.01,0.01,73272.7,1776117234000
1776117236.565,236.565,0.28,0.29,0.71,0.72,0.01,0.01,73272.53,1776117235000
1776117237.102,237.102,0.27,0.29,0.71,0.73,0.02,0.02,73272.49,1776117236000
1776117237.517,237.517,0.27,0.28,0.71,0.73,0.01,0.02,73272.49,1776117236000
1776117237.882,237.882,0.27,0.28,0.72,0.73,0.01,0.01,73272.49,1776117236000
1776117238.229,238.229,0.27,0.28,0.72,0.73,0.01,0.01,73272.49,1776117236000
1776117238.725,238.725,0.26,0.27,0.72,0.74,0.01,0.02,73272.51,1776117237000
1776117239.364,239.364,0.25,0.27,0.73,0.74,0.02,0.01,73272.51,1776117237000
1776117239.951,239.951,0.25,0.26,0.74,0.75,0.01,0.01,73273.09,1776117238000
1776117240.285,240.285,0.24,0.26,0.74,0.76,0.02,0.02,73273.09,1776117239000
1776117240.76,240.76,0.23,0.24,0.75,0.77,0.01,0.02,73273.09,1776117239000
1776117241.094,241.094,0.17,0.18,0.8,0.83,0.01,0.03,73273.09,1776117239000
1776117241.466,241.466,0.15,0.17,0.82,0.85,0.02,0.03,73273.09,1776117239000
1776117241.874,241.874,0.14,0.15,0.84,0.86,0.01,0.02,73272.85,1776117240000
1776117242.229,242.229,0.14,0.15,0.85,0.86,0.01,0.01,73272.85,1776117240000
1776117242.563,242.563,0.13,0.14,0.86,0.87,0.01,0.01,73271.64,1776117241000
1776117242.897,242.897,0.12,0.13,0.87,0.88,0.01,0.01,73271.64,1776117241000
1776117243.245,243.245,0.12,0.13,0.87,0.88,0.01,0.01,73271.64,1776117241000
1776117243.587,243.587,0.11,0.12,0.88,0.89,0.01,0.01,73271.64,1776117241000
1776117243.971,243.971,0.1,0.11,0.88,0.9,0.01,0.02,73256.81,1776117242000
1776117244.413,244.413,0.1,0.11,0.89,0.9,0.01,0.01,73256.0,1776117243000
1776117244.792,244.792,0.09,0.1,0.89,0.9,0.01,0.01,73256.0,1776117243000
1776117245.137,245.137,0.09,0.1,0.9,0.91,0.01,0.01,73255.97,1776117244000
1776117245.483,245.483,0.09,0.1,0.9,0.91,0.01,0.01,73255.97,1776117244000
1776117245.839,245.839,0.09,0.1,0.9,0.91,0.01,0.01,73255.97,1776117244000
1776117246.216,246.216,0.08,0.09,0.91,0.92,0.01,0.01,73255.97,1776117244000
1776117246.555,246.555,0.08,0.09,0.91,0.92,0.01,0.01,73255.91,1776117245000
1776117246.907,246.907,0.08,0.09,0.91,0.92,0.01,0.01,73255.91,1776117245000
1776117247.241,247.241,0.08,0.09,0.91,0.92,0.01,0.01,73255.26,1776117246000
1776117247.617,247.617,0.08,0.09,0.91,0.92,0.01,0.01,73255.26,1776117246000
1776117247.965,247.965,0.08,0.09,0.91,0.92,0.01,0.01,73255.26,1776117246000
1776117248.337,248.337,0.08,0.09,0.91,0.92,0.01,0.01,73255.26,1776117246000
1776117248.674,248.674,0.08,0.09,0.91,0.92,0.01,0.01,73254.97,1776117247000
1776117249.019,249.019,0.08,0.09,0.91,0.92,0.01,0.01,73254.97,1776117247000
1776117249.367,249.367,0.08,0.09,0.91,0.92,0.01,0.01,73254.85,1776117248000
1776117249.772,249.772,0.08,0.09,0.91,0.92,0.01,0.01,73254.85,1776117248000
1776117250.149,250.149,0.07,0.08,0.92,0.93,0.01,0.01,73254.85,1776117248000
1776117250.515,250.515,0.07,0.08,0.92,0.93,0.01,0.01,73254.85,1776117248000
1776117250.854,250.854,0.07,0.08,0.92,0.93,0.01,0.01,73254.93,1776117249000
1776117251.229,251.229,0.07,0.08,0.92,0.93,0.01,0.01,73254.77,1776117250000
1776117251.578,251.578,0.07,0.08,0.92,0.93,0.01,0.01,73254.77,1776117250000
1776117251.922,251.922,0.06,0.07,0.93,0.94,0.01,0.01,73254.77,1776117250000
1776117252.277,252.277,0.06,0.07,0.93,0.94,0.01,0.01,73254.77,1776117250000
1776117252.633,252.633,0.06,0.07,0.93,0.94,0.01,0.01,73254.44,1776117251000
1776117253.062,253.062,0.06,0.07,0.92,0.94,0.01,0.02,73254.44,1776117251000
1776117253.404,253.404,0.07,0.08,0.92,0.93,0.01,0.01,73254.41,1776117252000
1776117253.789,253.789,0.07,0.08,0.92,0.93,0.01,0.01,73254.41,1776117252000
1776117254.123,254.123,0.07,0.08,0.92,0.93,0.01,0.01,73254.41,1776117252000
1776117254.457,254.457,0.07,0.08,0.92,0.93,0.01,0.01,73254.41,1776117252000
1776117254.892,254.892,0.07,0.08,0.92,0.93,0.01,0.01,73253.77,1776117253000
1776117255.227,255.227,0.04,0.05,0.95,0.96,0.01,0.01,73253.77,1776117254000
1776117255.597,255.597,0.04,0.05,0.95,0.96,0.01,0.01,73253.77,1776117254000
1776117255.976,255.976,0.04,0.05,0.95,0.96,0.01,0.01,73253.77,1776117254000
1776117256.459,256.459,0.04,0.05,0.95,0.96,0.01,0.01,73253.77,1776117254000
1776117256.795,256.795,0.04,0.05,0.95,0.96,0.01,0.01,73253.77,1776117254000
1776117257.146,257.146,0.04,0.05,0.95,0.96,0.01,0.01,73253.77,1776117254000
1776117257.493,257.493,0.04,0.05,0.95,0.96,0.01,0.01,73253.77,1776117254000
1776117257.836,257.836,0.04,0.05,0.95,0.96,0.01,0.01,73253.23,1776117256000
1776117258.212,258.212,0.04,0.05,0.95,0.96,0.01,0.01,73253.23,1776117256000
1776117258.674,258.674,0.04,0.05,0.95,0.96,0.01,0.01,73254.32,1776117257000
1776117259.057,259.057,0.04,0.05,0.95,0.96,0.01,0.01,73254.32,1776117257000
1776117259.423,259.423,0.04,0.05,0.95,0.96,0.01,0.01,73254.32,1776117257000
1776117259.853,259.853,0.04,0.05,0.95,0.96,0.01,0.01,73254.7,1776117258000
1776117260.249,260.249,0.04,0.05,0.95,0.96,0.01,0.01,73254.7,1776117258000
1776117260.669,260.669,0.04,0.05,0.95,0.96,0.01,0.01,73254.7,1776117258000
1776117261.036,261.036,0.04,0.05,0.95,0.96,0.01,0.01,73254.7,1776117258000
1776117261.399,261.399,0.04,0.05,0.95,0.96,0.01,0.01,73254.62,1776117259000
1776117261.799,261.799,0.04,0.05,0.95,0.96,0.01,0.01,73254.62,1776117259000
1776117262.161,262.161,0.04,0.05,0.95,0.96,0.01,0.01,73254.32,1776117260000
1776117262.5,262.5,0.04,0.05,0.95,0.96,0.01,0.01,73254.32,1776117260000
1776117263.028,263.028,0.04,0.05,0.95,0.96,0.01,0.01,73254.32,1776117261000
1776117263.396,263.396,0.04,0.05,0.95,0.96,0.01,0.01,73254.32,1776117261000
1776117263.969,263.969,0.04,0.05,0.95,0.96,0.01,0.01,73254.35,1776117262000
1776117264.314,264.314,0.04,0.05,0.95,0.96,0.01,0.01,73254.54,1776117263000
1776117264.726,264.726,0.04,0.05,0.95,0.96,0.01,0.01,73254.54,1776117263000
1776117265.322,265.322,0.04,0.05,0.95,0.96,0.01,0.01,73254.54,1776117263000
1776117265.717,265.717,0.04,0.05,0.95,0.96,0.01,0.01,73254.54,1776117263000
1776117266.082,266.082,0.04,0.05,0.95,0.96,0.01,0.01,73255.23,1776117264000
1776117266.565,266.565,0.03,0.04,0.95,0.97,0.01,0.02,73255.23,1776117264000
1776117266.927,266.927,0.03,0.04,0.96,0.97,0.01,0.01,73256.24,1776117265000
1776117267.356,267.356,0.03,0.04,0.96,0.97,0.01,0.01,73256.24,1776117266000
1776117267.74,267.74,0.03,0.04,0.96,0.97,0.01,0.01,73256.24,1776117266000
1776117268.085,268.085,0.03,0.04,0.96,0.97,0.01,0.01,73256.24,1776117266000
1776117268.48,268.48,0.03,0.04,0.96,0.97,0.01,0.01,73256.33,1776117267000
1776117269.012,269.012,0.03,0.04,0.96,0.97,0.01,0.01,73256.33,1776117267000
1776117269.425,269.425,0.03,0.04,0.96,0.97,0.01,0.01,73255.5,1776117268000
1776117269.815,269.815,0.03,0.04,0.96,0.97,0.01,0.01,73255.5,1776117268000
1776117270.318,270.318,0.03,0.04,0.96,0.97,0.01,0.01,73255.92,1776117269000
1776117270.713,270.713,0.03,0.04,0.96,0.97,0.01,0.01,73255.92,1776117269000
1776117271.092,271.092,0.03,0.04,0.96,0.97,0.01,0.01,73255.92,1776117269000
1776117271.534,271.534,0.03,0.04,0.96,0.97,0.01,0.01,73257.28,1776117270000
1776117271.918,271.918,0.03,0.04,0.96,0.97,0.01,0.01,73257.28,1776117270000
1776117272.285,272.285,0.03,0.04,0.96,0.97,0.01,0.01,73257.18,1776117271000
1776117272.858,272.858,0.03,0.04,0.96,0.97,0.01,0.01,73257.18,1776117271000
1776117273.281,273.281,0.03,0.04,0.96,0.97,0.01,0.01,73257.18,1776117271000
1776117273.632,273.632,0.03,0.04,0.96,0.97,0.01,0.01,73257.23,1776117272000
1776117274.009,274.009,0.03,0.04,0.96,0.97,0.01,0.01,73257.23,1776117272000
1776117274.358,274.358,0.03,0.04,0.96,0.97,0.01,0.01,73255.93,1776117273000
1776117274.717,274.717,0.04,0.05,0.95,0.97,0.01,0.02,73255.93,1776117273000
1776117275.17,275.17,0.04,0.05,0.95,0.96,0.01,0.01,73255.93,1776117273000
1776117275.578,275.578,0.04,0.05,0.95,0.96,0.01,0.01,73255.93,1776117273000
1776117275.971,275.971,0.04,0.05,0.95,0.96,0.01,0.01,73256.92,1776117274000
1776117276.386,276.386,0.04,0.05,0.95,0.96,0.01,0.01,73256.92,1776117274000
1776117276.763,276.763,0.03,0.05,0.95,0.96,0.02,0.01,73256.92,1776117274000
1776117277.102,277.102,0.04,0.05,0.95,0.96,0.01,0.01,73256.87,1776117275000
1776117277.522,277.522,0.04,0.05,0.95,0.96,0.01,0.01,73256.87,1776117275000
1776117277.862,277.862,0.04,0.05,0.95,0.96,0.01,0.01,73256.87,1776117276000
1776117278.198,278.198,0.04,0.05,0.95,0.96,0.01,0.01,73256.87,1776117276000
1776117278.591,278.591,0.04,0.05,0.95,0.96,0.01,0.01,73256.53,1776117277000
1776117279.05,279.05,0.04,0.05,0.95,0.96,0.01,0.01,73256.53,1776117277000
1776117279.747,279.747,0.04,0.05,0.95,0.96,0.01,0.01,73257.54,1776117278000
1776117280.331,280.331,0.03,0.04,0.96,0.97,0.01,0.01,73257.54,1776117278000
1776117281.013,281.013,0.03,0.04,0.96,0.97,0.01,0.01,73259.11,1776117279000
1776117281.697,281.697,0.03,0.04,0.96,0.97,0.01,0.01,73258.84,1776117280000
1776117282.048,282.048,0.03,0.04,0.96,0.97,0.01,0.01,73258.84,1776117280000
1776117282.464,282.464,0.02,0.03,0.97,0.98,0.01,0.01,73258.82,1776117281000
1776117282.802,282.802,0.02,0.03,0.97,0.98,0.01,0.01,73258.82,1776117281000
1776117283.225,283.225,0.02,0.03,0.97,0.98,0.01,0.01,73258.82,1776117281000
1776117283.848,283.848,0.02,0.03,0.97,0.98,0.01,0.01,73258.82,1776117282000
1776117284.191,284.191,0.02,0.03,0.97,0.98,0.01,0.01,73258.82,1776117282000
1776117284.527,284.527,0.02,0.03,0.97,0.98,0.01,0.01,73258.8,1776117283000
1776117284.946,284.946,0.02,0.03,0.97,0.98,0.01,0.01,73258.8,1776117283000
1776117285.334,285.334,0.02,0.03,0.97,0.98,0.01,0.01,73258.66,1776117284000
1776117285.738,285.738,0.02,0.03,0.97,0.98,0.01,0.01,73258.66,1776117284000
1776117286.078,286.078,0.02,0.03,0.97,0.98,0.01,0.01,73258.64,1776117285000
1776117286.549,286.549,0.02,0.03,0.97,0.98,0.01,0.01,73258.64,1776117285000
1776117286.888,286.888,0.02,0.03,0.97,0.98,0.01,0.01,73258.64,1776117285000
1776117287.29,287.29,0.02,0.03,0.97,0.98,0.01,0.01,73258.95,1776117286000
1776117287.653,287.653,0.02,0.03,0.97,0.98,0.01,0.01,73258.95,1776117286000
1776117288.176,288.176,0.02,0.03,0.97,0.98,0.01,0.01,73258.95,1776117286000
1776117288.559,288.559,0.02,0.03,0.97,0.98,0.01,0.01,73259.04,1776117287000
1776117288.999,288.999,0.02,0.03,0.97,0.98,0.01,0.01,73259.04,1776117287000
1776117289.395,289.395,0.02,0.03,0.97,0.98,0.01,0.01,73259.37,1776117288000
1776117289.833,289.833,0.02,0.03,0.97,0.98,0.01,0.01,73259.37,1776117288000
1776117290.628,290.628,0.02,0.03,0.97,0.98,0.01,0.01,73259.22,1776117289000
1776117291.0,291.0,0.02,0.03,0.97,0.98,0.01,0.01,73259.22,1776117289000
1776117291.337,291.337,0.02,0.03,0.97,0.98,0.01,0.01,73259.22,1776117289000
1776117291.688,291.688,0.02,0.03,0.97,0.98,0.01,0.01,73259.22,1776117289000
1776117292.074,292.074,0.02,0.03,0.97,0.98,0.01,0.01,73259.32,1776117290000
1776117292.474,292.474,0.01,0.03,0.97,0.98,0.02,0.01,73259.59,1776117291000
1776117292.857,292.857,0.01,0.02,0.98,0.99,0.01,0.01,73259.59,1776117291000
1776117293.335,293.335,0.01,0.02,0.98,0.99,0.01,0.01,73260.38,1776117292000
1776117293.787,293.787,0.01,0.02,0.98,0.99,0.01,0.01,73260.38,1776117292000
1776117294.333,294.333,0.01,0.02,0.98,0.99,0.01,0.01,73260.31,1776117293000
1776117294.823,294.823,0.01,0.02,0.98,0.99,0.01,0.01,73260.31,1776117293000
1776117295.457,295.457,0.01,0.02,0.98,0.99,0.01,0.01,73260.18,1776117294000
1776117295.849,295.849,0.01,0.02,0.98,0.99,0.01,0.01,73260.18,1776117294000
1776117296.253,296.253,0.01,0.02,0.98,0.99,0.01,0.01,73259.72,1776117295000
1776117296.669,296.669,0.01,0.02,0.98,0.99,0.01,0.01,73259.72,1776117295000
1776117297.029,297.029,0.01,0.02,0.98,0.99,0.01,0.01,73259.37,1776117296000
1776117297.426,297.426,0.01,0.01,0.99,0.99,0.0,0.0,73259.37,1776117296000
1776117298.027,298.027,0.01,0.01,0.99,0.99,0.0,0.0,73259.37,1776117296000
1776117298.413,298.413,0.01,0.01,0.99,0.99,0.0,0.0,73259.74,1776117297000
