timestamp,elapsed_sec,up_bid,up_ask,down_bid,down_ask,up_spread,down_spread,btc_price,btc_oracle_ts
1777305600.521,0.521,0.53,0.54,0.46,0.47,0.01,0.01,76792.25,1777305598000
1777305600.891,0.891,0.53,0.54,0.46,0.47,0.01,0.01,76788.51,1777305599000
1777305601.238,1.238,0.45,0.53,0.47,0.55,0.08,0.08,76788.72,1777305600000
1777305601.572,1.572,0.45,0.46,0.54,0.55,0.01,0.01,76788.72,1777305600000
1777305601.913,1.913,0.47,0.49,0.51,0.55,0.02,0.04,76788.72,1777305600000
1777305602.473,2.473,0.41,0.42,0.58,0.59,0.01,0.01,76788.28,1777305601000
1777305603.086,3.086,0.4,0.42,0.58,0.6,0.02,0.02,76788.28,1777305601000
1777305603.469,3.469,0.41,0.42,0.58,0.59,0.01,0.01,76788.28,1777305601000
1777305603.86,3.86,0.4,0.42,0.58,0.6,0.02,0.02,76777.44,1777305602000
1777305604.272,4.272,0.4,0.41,0.59,0.6,0.01,0.01,76777.44,1777305602000
1777305604.698,4.698,0.4,0.41,0.59,0.6,0.01,0.01,76777.44,1777305602000
1777305605.077,5.077,0.4,0.41,0.59,0.6,0.01,0.01,76761.03,1777305603000
1777305605.508,5.508,0.4,0.41,0.59,0.6,0.01,0.01,76758.16,1777305604000
1777305605.844,5.844,0.38,0.41,0.59,0.6,0.03,0.01,76758.16,1777305604000
1777305606.188,6.188,0.35,0.38,0.64,0.65,0.03,0.01,76758.16,1777305604000
1777305606.59,6.59,0.35,0.36,0.62,0.65,0.01,0.03,76755.58,1777305605000
1777305606.942,6.942,0.35,0.36,0.64,0.65,0.01,0.01,76755.58,1777305605000
1777305607.276,7.276,0.35,0.36,0.64,0.65,0.01,0.01,76755.58,1777305605000
1777305607.612,7.612,0.35,0.38,0.63,0.65,0.03,0.02,76755.58,1777305605000
1777305607.959,7.959,0.35,0.36,0.64,0.65,0.01,0.01,76755.58,1777305605000
1777305608.307,8.307,0.35,0.36,0.64,0.65,0.01,0.01,76748.83,1777305606000
1777305608.692,8.692,0.35,0.36,0.64,0.65,0.01,0.01,76748.83,1777305606000
1777305609.047,9.047,0.35,0.36,0.64,0.65,0.01,0.01,76748.44,1777305607000
1777305609.425,9.425,0.35,0.36,0.64,0.65,0.01,0.01,76747.18,1777305608000
1777305609.764,9.764,0.35,0.36,0.64,0.65,0.01,0.01,76747.18,1777305608000
1777305610.097,10.097,0.33,0.34,0.66,0.67,0.01,0.01,76747.18,1777305608000
1777305610.448,10.448,0.33,0.34,0.66,0.67,0.01,0.01,76746.29,1777305609000
1777305610.816,10.816,0.3,0.31,0.69,0.7,0.01,0.01,76746.29,1777305609000
1777305611.211,11.211,0.3,0.31,0.69,0.7,0.01,0.01,76746.04,1777305610000
1777305611.55,11.55,0.33,0.34,0.66,0.67,0.01,0.01,76746.04,1777305610000
1777305611.893,11.893,0.37,0.38,0.62,0.63,0.01,0.01,76746.04,1777305610000
1777305612.243,12.243,0.37,0.38,0.62,0.63,0.01,0.01,76746.04,1777305610000
1777305612.584,12.584,0.36,0.38,0.62,0.65,0.02,0.03,76742.72,1777305611000
1777305613.28,13.28,0.36,0.37,0.63,0.64,0.01,0.01,76742.72,1777305611000
1777305613.676,13.676,0.36,0.37,0.63,0.64,0.01,0.01,76742.72,1777305611000
1777305614.274,14.274,0.36,0.37,0.63,0.64,0.01,0.01,76742.83,1777305613000
1777305614.852,14.852,0.36,0.37,0.63,0.64,0.01,0.01,76742.83,1777305613000
1777305615.225,15.225,0.34,0.37,0.63,0.66,0.03,0.03,76742.83,1777305613000
1777305615.673,15.673,0.3,0.34,0.66,0.7,0.04,0.04,76744.29,1777305614000
1777305616.04,16.04,0.28,0.29,0.7,0.72,0.01,0.02,76744.29,1777305614000
1777305616.42,16.42,0.28,0.29,0.7,0.71,0.01,0.01,76744.29,1777305614000
1777305616.76,16.76,0.27,0.28,0.71,0.72,0.01,0.01,76744.29,1777305614000
1777305617.157,17.157,0.27,0.28,0.72,0.73,0.01,0.01,76744.29,1777305614000
1777305617.602,17.602,0.27,0.28,0.72,0.73,0.01,0.01,76736.69,1777305615000
1777305617.949,17.949,0.27,0.28,0.72,0.73,0.01,0.01,76733.73,1777305616000
1777305618.45,18.45,0.27,0.28,0.72,0.73,0.01,0.01,76733.73,1777305616000
1777305618.958,18.958,0.26,0.28,0.72,0.73,0.02,0.01,76733.73,1777305616000
1777305619.536,19.536,0.26,0.28,0.73,0.74,0.02,0.01,76733.73,1777305616000
1777305619.985,19.985,0.29,0.31,0.69,0.71,0.02,0.02,76725.26,1777305617000
1777305620.375,20.375,0.31,0.32,0.68,0.69,0.01,0.01,76725.26,1777305617000
1777305620.789,20.789,0.32,0.33,0.66,0.68,0.01,0.02,76725.8,1777305618000
1777305621.187,21.187,0.32,0.33,0.67,0.68,0.01,0.01,76725.8,1777305619000
1777305621.524,21.524,0.36,0.37,0.64,0.65,0.01,0.01,76725.8,1777305619000
1777305622.03,22.03,0.38,0.39,0.63,0.64,0.01,0.01,76725.8,1777305619000
1777305622.579,22.579,0.38,0.39,0.61,0.62,0.01,0.01,76729.16,1777305620000
1777305623.063,23.063,0.38,0.39,0.61,0.62,0.01,0.01,76731.13,1777305621000
1777305623.403,23.403,0.35,0.36,0.64,0.65,0.01,0.01,76731.13,1777305621000
1777305623.775,23.775,0.35,0.37,0.63,0.64,0.02,0.01,76744.92,1777305622000
1777305624.305,24.305,0.35,0.37,0.63,0.65,0.02,0.02,76738.52,1777305623000
1777305625.035,25.035,0.34,0.35,0.65,0.66,0.01,0.01,76738.52,1777305623000
1777305625.44,25.44,0.32,0.34,0.66,0.67,0.02,0.01,76739.26,1777305624000
1777305626.023,26.023,0.33,0.34,0.66,0.67,0.01,0.01,76739.26,1777305624000
1777305626.429,26.429,0.33,0.34,0.66,0.69,0.01,0.03,76739.26,1777305624000
1777305626.957,26.957,0.32,0.33,0.67,0.68,0.01,0.01,76738.26,1777305625000
1777305627.457,27.457,0.32,0.33,0.67,0.68,0.01,0.01,76734.91,1777305626000
1777305627.819,27.819,0.3,0.31,0.69,0.7,0.01,0.01,76734.91,1777305626000
1777305628.193,28.193,0.3,0.31,0.69,0.7,0.01,0.01,76734.91,1777305626000
1777305628.648,28.648,0.3,0.31,0.69,0.7,0.01,0.01,76734.15,1777305627000
1777305629.128,29.128,0.3,0.31,0.69,0.71,0.01,0.02,76734.15,1777305627000
1777305629.524,29.524,0.26,0.27,0.73,0.74,0.01,0.01,76734.15,1777305627000
1777305630.002,30.002,0.26,0.27,0.73,0.74,0.01,0.01,76734.52,1777305628000
1777305630.4,30.4,0.25,0.27,0.73,0.75,0.02,0.02,76734.08,1777305629000
1777305630.764,30.764,0.25,0.26,0.74,0.75,0.01,0.01,76734.08,1777305629000
1777305631.109,31.109,0.26,0.27,0.73,0.74,0.01,0.01,76734.08,1777305629000
1777305631.551,31.551,0.26,0.27,0.73,0.74,0.01,0.01,76729.96,1777305630000
1777305631.902,31.902,0.26,0.3,0.73,0.74,0.04,0.01,76729.96,1777305630000
1777305632.33,32.33,0.27,0.28,0.72,0.73,0.01,0.01,76729.96,1777305630000
1777305632.664,32.664,0.27,0.28,0.72,0.73,0.01,0.01,76729.96,1777305630000
1777305633.071,33.071,0.27,0.28,0.72,0.73,0.01,0.01,76725.08,1777305631000
1777305633.424,33.424,0.28,0.29,0.71,0.72,0.01,0.01,76725.08,1777305631000
1777305633.765,33.765,0.32,0.34,0.66,0.68,0.02,0.02,76725.08,1777305631000
1777305634.168,34.168,0.33,0.34,0.66,0.67,0.01,0.01,76726.46,1777305632000
1777305634.501,34.501,0.33,0.34,0.66,0.67,0.01,0.01,76728.07,1777305633000
1777305634.835,34.835,0.33,0.36,0.63,0.66,0.03,0.03,76728.07,1777305633000
1777305635.204,35.204,0.36,0.37,0.63,0.64,0.01,0.01,76728.07,1777305633000
1777305635.558,35.558,0.37,0.38,0.62,0.63,0.01,0.01,76735.44,1777305634000
1777305635.97,35.97,0.37,0.39,0.61,0.63,0.02,0.02,76735.44,1777305634000
1777305636.305,36.305,0.41,0.42,0.58,0.59,0.01,0.01,76744.22,1777305635000
1777305636.719,36.719,0.42,0.43,0.57,0.58,0.01,0.01,76744.22,1777305635000
1777305637.209,37.209,0.43,0.44,0.56,0.57,0.01,0.01,76744.22,1777305635000
1777305637.719,37.719,0.43,0.44,0.56,0.57,0.01,0.01,76757.05,1777305636000
1777305638.059,38.059,0.43,0.44,0.56,0.57,0.01,0.01,76761.47,1777305637000
1777305638.496,38.496,0.43,0.44,0.56,0.57,0.01,0.01,76761.47,1777305637000
1777305638.831,38.831,0.41,0.43,0.57,0.59,0.02,0.02,76761.47,1777305637000
1777305639.191,39.191,0.41,0.42,0.57,0.59,0.01,0.02,76765.82,1777305638000
1777305639.556,39.556,0.4,0.41,0.59,0.6,0.01,0.01,76765.82,1777305638000
1777305639.909,39.909,0.38,0.39,0.61,0.62,0.01,0.01,76765.82,1777305638000
1777305640.301,40.301,0.36,0.37,0.61,0.64,0.01,0.03,76762.94,1777305639000
1777305640.853,40.853,0.36,0.37,0.63,0.64,0.01,0.01,76762.94,1777305639000
1777305641.2,41.2,0.35,0.37,0.63,0.64,0.02,0.01,76762.94,1777305639000
1777305641.546,41.546,0.35,0.36,0.64,0.65,0.01,0.01,76759.99,1777305640000
1777305641.945,41.945,0.35,0.36,0.64,0.65,0.01,0.01,76759.99,1777305640000
1777305642.297,42.297,0.35,0.36,0.64,0.65,0.01,0.01,76754.43,1777305641000
1777305643.216,43.216,0.35,0.36,0.64,0.65,0.01,0.01,76754.43,1777305641000
1777305643.623,43.623,0.35,0.36,0.64,0.65,0.01,0.01,76752.94,1777305642000
1777305644.03,44.03,0.37,0.4,0.62,0.65,0.03,0.03,76752.94,1777305642000
1777305644.523,44.523,0.41,0.42,0.58,0.59,0.01,0.01,76752.94,1777305642000
1777305644.981,44.981,0.41,0.42,0.58,0.59,0.01,0.01,76750.46,1777305643000
1777305645.407,45.407,0.41,0.42,0.58,0.59,0.01,0.01,76750.91,1777305644000
1777305645.812,45.812,0.41,0.42,0.58,0.59,0.01,0.01,76750.91,1777305644000
1777305646.147,46.147,0.41,0.42,0.58,0.59,0.01,0.01,76761.07,1777305645000
1777305646.512,46.512,0.41,0.42,0.58,0.59,0.01,0.01,76761.07,1777305645000
1777305646.888,46.888,0.41,0.42,0.58,0.59,0.01,0.01,76761.07,1777305645000
1777305647.222,47.222,0.41,0.42,0.58,0.59,0.01,0.01,76761.07,1777305645000
1777305647.566,47.566,0.41,0.42,0.58,0.59,0.01,0.01,76761.26,1777305646000
1777305647.912,47.912,0.41,0.42,0.58,0.59,0.01,0.01,76761.26,1777305646000
1777305648.262,48.262,0.4,0.42,0.58,0.59,0.02,0.01,76761.26,1777305646000
1777305648.907,48.907,0.4,0.41,0.58,0.6,0.01,0.02,76760.87,1777305647000
1777305649.276,49.276,0.4,0.41,0.59,0.6,0.01,0.01,76763.14,1777305648000
1777305649.7,49.7,0.4,0.41,0.58,0.6,0.01,0.02,76763.14,1777305648000
1777305650.132,50.132,0.41,0.43,0.57,0.6,0.02,0.03,76763.14,1777305648000
1777305650.673,50.673,0.42,0.43,0.56,0.58,0.01,0.02,76762.99,1777305649000
1777305651.015,51.015,0.38,0.43,0.57,0.62,0.05,0.05,76762.99,1777305649000
1777305651.357,51.357,0.38,0.43,0.57,0.62,0.05,0.05,76763.21,1777305650000
1777305652.076,52.076,0.39,0.4,0.6,0.61,0.01,0.01,76763.21,1777305650000
1777305652.422,52.422,0.37,0.4,0.6,0.61,0.03,0.01,76763.23,1777305651000
1777305652.924,52.924,0.37,0.38,0.62,0.63,0.01,0.01,76763.23,1777305651000
1777305653.376,53.376,0.37,0.38,0.62,0.63,0.01,0.01,76762.23,1777305652000
1777305653.977,53.977,0.37,0.38,0.62,0.63,0.01,0.01,76762.23,1777305652000
1777305654.328,54.328,0.31,0.32,0.68,0.69,0.01,0.01,76759.57,1777305653000
1777305654.677,54.677,0.32,0.33,0.67,0.68,0.01,0.01,76759.57,1777305653000
1777305655.043,55.043,0.32,0.35,0.67,0.68,0.03,0.01,76755.26,1777305654000
1777305655.389,55.389,0.34,0.36,0.65,0.66,0.02,0.01,76755.26,1777305654000
1777305655.855,55.855,0.35,0.36,0.64,0.65,0.01,0.01,76755.26,1777305654000
1777305656.255,56.255,0.35,0.37,0.63,0.65,0.02,0.02,76749.69,1777305655000
1777305656.717,56.717,0.36,0.37,0.63,0.64,0.01,0.01,76749.69,1777305655000
1777305657.312,57.312,0.36,0.37,0.63,0.64,0.01,0.01,76749.69,1777305655000
1777305657.676,57.676,0.36,0.37,0.63,0.64,0.01,0.01,76751.67,1777305656000
1777305658.01,58.01,0.36,0.37,0.63,0.64,0.01,0.01,76751.67,1777305656000
1777305658.395,58.395,0.36,0.37,0.63,0.64,0.01,0.01,76751.67,1777305656000
1777305658.773,58.773,0.32,0.34,0.65,0.68,0.02,0.03,76754.13,1777305657000
1777305659.127,59.127,0.3,0.32,0.68,0.7,0.02,0.02,76753.03,1777305658000
1777305659.511,59.511,0.3,0.31,0.69,0.7,0.01,0.01,76753.03,1777305658000
1777305659.865,59.865,0.29,0.3,0.7,0.71,0.01,0.01,76753.03,1777305658000
1777305660.211,60.211,0.29,0.3,0.7,0.71,0.01,0.01,76751.53,1777305659000
1777305660.555,60.555,0.29,0.3,0.7,0.71,0.01,0.01,76751.53,1777305659000
1777305660.946,60.946,0.29,0.3,0.7,0.71,0.01,0.01,76751.53,1777305659000
1777305661.426,61.426,0.29,0.3,0.7,0.71,0.01,0.01,76751.53,1777305659000
1777305661.899,61.899,0.29,0.3,0.7,0.71,0.01,0.01,76742.01,1777305660000
1777305662.315,62.315,0.29,0.3,0.7,0.71,0.01,0.01,76742.01,1777305660000
1777305662.778,62.778,0.28,0.29,0.71,0.72,0.01,0.01,76738.25,1777305661000
1777305663.154,63.154,0.32,0.35,0.65,0.68,0.03,0.03,76739.4,1777305662000
1777305663.679,63.679,0.35,0.36,0.64,0.65,0.01,0.01,76739.4,1777305662000
1777305664.095,64.095,0.36,0.37,0.63,0.64,0.01,0.01,76739.4,1777305662000
1777305664.556,64.556,0.36,0.37,0.63,0.64,0.01,0.01,76736.87,1777305663000
1777305665.012,65.012,0.36,0.37,0.63,0.64,0.01,0.01,76736.87,1777305663000
1777305665.384,65.384,0.36,0.37,0.63,0.64,0.01,0.01,76747.5,1777305664000
1777305665.767,65.767,0.35,0.37,0.63,0.65,0.02,0.02,76747.5,1777305664000
1777305666.231,66.231,0.35,0.36,0.64,0.65,0.01,0.01,76747.5,1777305664000
1777305666.59,66.59,0.35,0.36,0.64,0.65,0.01,0.01,76754.3,1777305665000
1777305667.02,67.02,0.35,0.36,0.64,0.65,0.01,0.01,76754.3,1777305665000
1777305667.365,67.365,0.35,0.36,0.64,0.65,0.01,0.01,76752.46,1777305666000
1777305667.818,67.818,0.34,0.35,0.65,0.66,0.01,0.01,76752.46,1777305666000
1777305668.352,68.352,0.34,0.35,0.65,0.66,0.01,0.01,76750.16,1777305667000
1777305668.824,68.824,0.34,0.35,0.65,0.66,0.01,0.01,76750.16,1777305667000
1777305669.257,69.257,0.33,0.35,0.65,0.67,0.02,0.02,76750.16,1777305667000
1777305669.647,69.647,0.33,0.34,0.66,0.67,0.01,0.01,76748.92,1777305668000
1777305670.058,70.058,0.33,0.34,0.66,0.67,0.01,0.01,76748.92,1777305668000
1777305670.421,70.421,0.32,0.34,0.66,0.67,0.02,0.01,76743.8,1777305669000
1777305670.889,70.889,0.32,0.33,0.67,0.68,0.01,0.01,76743.8,1777305669000
1777305671.343,71.343,0.32,0.33,0.67,0.68,0.01,0.01,76743.8,1777305669000
1777305671.683,71.683,0.31,0.33,0.67,0.68,0.02,0.01,76742.51,1777305670000
1777305672.133,72.133,0.31,0.32,0.68,0.69,0.01,0.01,76742.51,1777305670000
1777305672.481,72.481,0.3,0.32,0.68,0.69,0.02,0.01,76742.75,1777305671000
1777305672.827,72.827,0.29,0.31,0.69,0.7,0.02,0.01,76742.75,1777305671000
1777305673.421,73.421,0.29,0.3,0.69,0.71,0.01,0.02,76742.75,1777305671000
1777305674.073,74.073,0.26,0.29,0.7,0.74,0.03,0.04,76742.7,1777305672000
1777305674.49,74.49,0.25,0.27,0.71,0.74,0.02,0.03,76742.7,1777305672000
1777305676.047,76.047,0.25,0.27,0.73,0.75,0.02,0.02,76741.82,1777305673000
1777305676.696,76.696,0.25,0.27,0.73,0.75,0.02,0.02,76721.71,1777305675000
1777305677.052,77.052,0.25,0.27,0.73,0.75,0.02,0.02,76721.71,1777305675000
1777305677.5,77.5,0.26,0.27,0.73,0.74,0.01,0.01,76721.71,1777305675000
1777305677.861,77.861,0.26,0.27,0.73,0.74,0.01,0.01,76722.96,1777305676000
1777305678.211,78.211,0.25,0.27,0.73,0.75,0.02,0.02,76722.96,1777305676000
1777305678.552,78.552,0.26,0.27,0.73,0.74,0.01,0.01,76725.13,1777305677000
1777305678.917,78.917,0.26,0.27,0.73,0.74,0.01,0.01,76725.13,1777305677000
1777305679.264,79.264,0.26,0.27,0.73,0.74,0.01,0.01,76724.91,1777305678000
1777305679.691,79.691,0.26,0.27,0.72,0.74,0.01,0.02,76724.91,1777305678000
1777305680.164,80.164,0.26,0.27,0.73,0.74,0.01,0.01,76724.91,1777305678000
1777305680.572,80.572,0.26,0.27,0.73,0.74,0.01,0.01,76724.18,1777305679000
1777305680.981,80.981,0.26,0.27,0.73,0.74,0.01,0.01,76725.69,1777305680000
1777305682.394,82.394,0.26,0.28,0.72,0.74,0.02,0.02,76726.68,1777305681000
1777305682.874,82.874,0.26,0.27,0.72,0.74,0.01,0.02,76726.68,1777305681000
1777305683.226,83.226,0.26,0.27,0.73,0.74,0.01,0.01,76726.68,1777305681000
1777305683.582,83.582,0.26,0.27,0.73,0.74,0.01,0.01,76723.15,1777305682000
1777305684.025,84.025,0.26,0.27,0.73,0.74,0.01,0.01,76723.15,1777305682000
1777305684.36,84.36,0.24,0.27,0.73,0.76,0.03,0.03,76722.03,1777305683000
1777305684.751,84.751,0.21,0.22,0.76,0.79,0.01,0.03,76722.03,1777305683000
1777305685.12,85.12,0.2,0.22,0.78,0.8,0.02,0.02,76722.03,1777305683000
1777305685.472,85.472,0.22,0.23,0.77,0.78,0.01,0.01,76720.79,1777305684000
1777305685.88,85.88,0.22,0.23,0.77,0.78,0.01,0.01,76720.79,1777305684000
1777305686.625,86.625,0.22,0.23,0.77,0.78,0.01,0.01,76719.7,1777305685000
1777305687.147,87.147,0.23,0.24,0.76,0.77,0.01,0.01,76719.7,1777305685000
1777305687.524,87.524,0.24,0.25,0.75,0.76,0.01,0.01,76720.01,1777305686000
1777305687.903,87.903,0.24,0.25,0.75,0.76,0.01,0.01,76720.01,1777305686000
1777305688.264,88.264,0.24,0.25,0.75,0.76,0.01,0.01,76720.01,1777305686000
1777305688.62,88.62,0.24,0.25,0.75,0.76,0.01,0.01,76719.12,1777305687000
1777305689.216,89.216,0.24,0.25,0.75,0.76,0.01,0.01,76719.12,1777305687000
1777305690.091,90.091,0.24,0.25,0.75,0.76,0.01,0.01,76720.32,1777305689000
1777305690.778,90.778,0.24,0.25,0.75,0.76,0.01,0.01,76720.32,1777305689000
1777305691.425,91.425,0.24,0.25,0.75,0.76,0.01,0.01,76720.32,1777305689000
1777305691.773,91.773,0.24,0.25,0.75,0.76,0.01,0.01,76720.32,1777305689000
1777305692.11,92.11,0.24,0.26,0.74,0.76,0.02,0.02,76728.09,1777305690000
1777305692.459,92.459,0.25,0.27,0.74,0.75,0.02,0.01,76728.09,1777305690000
1777305692.857,92.857,0.25,0.28,0.72,0.75,0.03,0.03,76736.18,1777305691000
1777305693.203,93.203,0.25,0.29,0.71,0.75,0.04,0.04,76736.18,1777305691000
1777305693.547,93.547,0.28,0.3,0.7,0.72,0.02,0.02,76741.2,1777305692000
1777305693.881,93.881,0.28,0.3,0.7,0.72,0.02,0.02,76741.2,1777305692000
1777305694.214,94.214,0.28,0.3,0.7,0.72,0.02,0.02,76741.2,1777305692000
1777305695.017,95.017,0.28,0.29,0.71,0.72,0.01,0.01,76739.83,1777305693000
1777305695.423,95.423,0.28,0.29,0.71,0.72,0.01,0.01,76739.83,1777305694000
1777305695.759,95.759,0.28,0.29,0.71,0.72,0.01,0.01,76739.83,1777305694000
1777305696.126,96.126,0.25,0.26,0.73,0.75,0.01,0.02,76739.83,1777305694000
1777305696.536,96.536,0.24,0.26,0.75,0.76,0.02,0.01,76737.36,1777305695000
1777305696.934,96.934,0.24,0.26,0.74,0.76,0.02,0.02,76737.36,1777305695000
1777305697.292,97.292,0.24,0.26,0.74,0.76,0.02,0.02,76724.25,1777305696000
1777305697.652,97.652,0.23,0.26,0.75,0.77,0.03,0.02,76724.25,1777305696000
1777305698.187,98.187,0.23,0.26,0.74,0.77,0.03,0.03,76724.25,1777305696000
1777305698.619,98.619,0.23,0.24,0.76,0.77,0.01,0.01,76718.3,1777305697000
1777305699.0,99.0,0.24,0.25,0.75,0.76,0.01,0.01,76718.3,1777305697000
1777305699.41,99.41,0.24,0.25,0.75,0.76,0.01,0.01,76716.96,1777305698000
1777305699.753,99.753,0.23,0.24,0.76,0.77,0.01,0.01,76716.96,1777305698000
1777305700.115,100.115,0.23,0.24,0.76,0.77,0.01,0.01,76716.96,1777305698000
1777305700.458,100.458,0.24,0.25,0.75,0.76,0.01,0.01,76715.69,1777305699000
1777305700.842,100.842,0.24,0.25,0.75,0.76,0.01,0.01,76715.69,1777305699000
1777305701.226,101.226,0.24,0.25,0.75,0.76,0.01,0.01,76721.71,1777305700000
1777305701.56,101.56,0.24,0.25,0.74,0.76,0.01,0.02,76721.71,1777305700000
1777305701.906,101.906,0.27,0.28,0.72,0.73,0.01,0.01,76721.71,1777305700000
1777305702.286,102.286,0.27,0.28,0.72,0.73,0.01,0.01,76721.71,1777305700000
1777305702.629,102.629,0.26,0.27,0.72,0.75,0.01,0.03,76723.08,1777305701000
1777305702.962,102.962,0.24,0.27,0.75,0.76,0.03,0.01,76723.08,1777305701000
1777305703.402,103.402,0.25,0.26,0.74,0.75,0.01,0.01,76723.08,1777305701000
1777305703.85,103.85,0.25,0.26,0.74,0.75,0.01,0.01,76726.04,1777305702000
1777305704.264,104.264,0.24,0.25,0.74,0.75,0.01,0.01,76727.81,1777305703000
1777305704.82,104.82,0.22,0.24,0.75,0.77,0.02,0.02,76727.81,1777305703000
1777305705.211,105.211,0.22,0.23,0.77,0.78,0.01,0.01,76728.49,1777305704000
1777305705.868,105.868,0.22,0.23,0.77,0.78,0.01,0.01,76728.49,1777305704000
1777305706.206,106.206,0.21,0.22,0.78,0.79,0.01,0.01,76723.98,1777305705000
1777305706.572,106.572,0.2,0.22,0.78,0.79,0.02,0.01,76723.98,1777305705000
1777305706.968,106.968,0.21,0.22,0.78,0.8,0.01,0.02,76723.98,1777305705000
1777305707.62,107.62,0.21,0.22,0.78,0.79,0.01,0.01,76722.49,1777305706000
1777305707.954,107.954,0.21,0.22,0.78,0.79,0.01,0.01,76722.49,1777305706000
1777305708.332,108.332,0.21,0.22,0.78,0.79,0.01,0.01,76722.49,1777305706000
1777305708.978,108.978,0.21,0.22,0.78,0.79,0.01,0.01,76720.85,1777305707000
1777305709.359,109.359,0.21,0.25,0.75,0.79,0.04,0.04,76720.85,1777305707000
1777305709.759,109.759,0.21,0.22,0.78,0.79,0.01,0.01,76720.85,1777305707000
1777305710.254,110.254,0.21,0.22,0.78,0.79,0.01,0.01,76720.32,1777305708000
1777305710.634,110.634,0.21,0.22,0.78,0.79,0.01,0.01,76720.68,1777305709000
1777305711.046,111.046,0.21,0.22,0.78,0.79,0.01,0.01,76720.68,1777305709000
1777305711.42,111.42,0.23,0.25,0.75,0.77,0.02,0.02,76720.84,1777305710000
1777305711.844,111.844,0.24,0.25,0.75,0.76,0.01,0.01,76720.84,1777305710000
1777305712.21,112.21,0.24,0.25,0.75,0.76,0.01,0.01,76720.84,1777305710000
1777305712.615,112.615,0.24,0.25,0.75,0.76,0.01,0.01,76721.49,1777305711000
1777305712.998,112.998,0.24,0.25,0.75,0.76,0.01,0.01,76721.49,1777305711000
1777305713.353,113.353,0.2,0.25,0.75,0.76,0.05,0.01,76723.88,1777305712000
1777305713.829,113.829,0.19,0.22,0.78,0.81,0.03,0.03,76723.88,1777305712000
1777305714.431,114.431,0.19,0.22,0.78,0.81,0.03,0.03,76724.57,1777305713000
1777305714.796,114.796,0.19,0.21,0.79,0.81,0.02,0.02,76724.57,1777305713000
1777305715.181,115.181,0.19,0.21,0.79,0.81,0.02,0.02,76722.84,1777305714000
1777305715.523,115.523,0.19,0.2,0.79,0.81,0.01,0.02,76722.84,1777305714000
1777305715.872,115.872,0.18,0.19,0.81,0.82,0.01,0.01,76722.84,1777305714000
1777305716.226,116.226,0.2,0.21,0.79,0.8,0.01,0.01,76722.84,1777305714000
1777305716.566,116.566,0.19,0.21,0.79,0.81,0.02,0.02,76717.96,1777305715000
1777305716.944,116.944,0.24,0.28,0.72,0.76,0.04,0.04,76722.65,1777305716000
1777305717.287,117.287,0.27,0.29,0.71,0.73,0.02,0.02,76722.65,1777305716000
1777305717.655,117.655,0.27,0.28,0.72,0.73,0.01,0.01,76722.65,1777305716000
1777305718.033,118.033,0.27,0.28,0.72,0.73,0.01,0.01,76722.65,1777305716000
1777305718.371,118.371,0.28,0.29,0.71,0.72,0.01,0.01,76722.65,1777305716000
1777305718.742,118.742,0.28,0.29,0.71,0.72,0.01,0.01,76734.14,1777305717000
1777305719.12,119.12,0.28,0.3,0.7,0.72,0.02,0.02,76738.33,1777305718000
1777305719.467,119.467,0.28,0.29,0.71,0.72,0.01,0.01,76738.33,1777305718000
1777305719.876,119.876,0.28,0.29,0.71,0.72,0.01,0.01,76738.33,1777305718000
1777305720.226,120.226,0.28,0.29,0.71,0.72,0.01,0.01,76738.33,1777305718000
1777305720.586,120.586,0.28,0.29,0.71,0.72,0.01,0.01,76738.33,1777305718000
1777305720.946,120.946,0.28,0.29,0.71,0.72,0.01,0.01,76739.66,1777305719000
1777305721.398,121.398,0.28,0.29,0.71,0.72,0.01,0.01,76739.42,1777305720000
1777305721.908,121.908,0.28,0.29,0.71,0.72,0.01,0.01,76739.42,1777305720000
1777305722.264,122.264,0.28,0.29,0.71,0.72,0.01,0.01,76739.32,1777305721000
1777305722.641,122.641,0.28,0.29,0.71,0.72,0.01,0.01,76739.32,1777305721000
1777305722.985,122.985,0.24,0.29,0.71,0.75,0.05,0.04,76739.32,1777305721000
1777305723.422,123.422,0.23,0.24,0.76,0.77,0.01,0.01,76739.32,1777305721000
1777305724.08,124.08,0.23,0.24,0.76,0.77,0.01,0.01,76738.71,1777305722000
1777305724.456,124.456,0.23,0.24,0.76,0.77,0.01,0.01,76738.71,1777305722000
1777305724.805,124.805,0.25,0.29,0.74,0.75,0.04,0.01,76729.64,1777305723000
1777305725.342,125.342,0.26,0.27,0.73,0.74,0.01,0.01,76726.8,1777305724000
1777305725.696,125.696,0.24,0.27,0.73,0.74,0.03,0.01,76726.8,1777305724000
1777305726.031,126.031,0.26,0.27,0.73,0.74,0.01,0.01,76726.8,1777305724000
1777305726.601,126.601,0.27,0.28,0.71,0.74,0.01,0.03,76730.61,1777305725000
1777305726.954,126.954,0.27,0.29,0.71,0.73,0.02,0.02,76730.61,1777305725000
1777305727.321,127.321,0.28,0.3,0.71,0.72,0.02,0.01,76730.61,1777305725000
1777305727.683,127.683,0.29,0.3,0.7,0.71,0.01,0.01,76731.86,1777305726000
1777305728.118,128.118,0.31,0.32,0.68,0.69,0.01,0.01,76731.86,1777305726000
1777305728.534,128.534,0.31,0.33,0.67,0.69,0.02,0.02,76738.59,1777305727000
1777305728.882,128.882,0.32,0.34,0.66,0.68,0.02,0.02,76738.59,1777305727000
1777305729.233,129.233,0.33,0.34,0.66,0.67,0.01,0.01,76742.15,1777305728000
1777305729.603,129.603,0.34,0.35,0.65,0.66,0.01,0.01,76742.15,1777305728000
1777305730.063,130.063,0.34,0.35,0.65,0.66,0.01,0.01,76742.15,1777305728000
1777305730.608,130.608,0.33,0.34,0.66,0.67,0.01,0.01,76750.63,1777305729000
1777305730.975,130.975,0.32,0.34,0.66,0.67,0.02,0.01,76750.63,1777305729000
1777305731.44,131.44,0.32,0.33,0.67,0.68,0.01,0.01,76753.61,1777305730000
1777305731.802,131.802,0.32,0.33,0.67,0.68,0.01,0.01,76753.61,1777305730000
1777305732.195,132.195,0.3,0.31,0.69,0.7,0.01,0.01,76753.61,1777305730000
1777305732.546,132.546,0.3,0.31,0.69,0.7,0.01,0.01,76754.78,1777305731000
1777305733.014,133.014,0.28,0.29,0.71,0.72,0.01,0.01,76754.78,1777305731000
1777305733.527,133.527,0.28,0.29,0.71,0.72,0.01,0.01,76754.78,1777305731000
1777305734.059,134.059,0.28,0.3,0.7,0.72,0.02,0.02,76753.2,1777305733000
1777305734.868,134.868,0.29,0.3,0.7,0.71,0.01,0.01,76753.2,1777305733000
1777305735.304,135.304,0.29,0.3,0.7,0.71,0.01,0.01,76749.08,1777305734000
1777305735.679,135.679,0.29,0.3,0.7,0.71,0.01,0.01,76749.08,1777305734000
1777305736.057,136.057,0.29,0.3,0.7,0.71,0.01,0.01,76749.08,1777305734000
1777305736.453,136.453,0.29,0.3,0.7,0.71,0.01,0.01,76748.48,1777305735000
1777305736.883,136.883,0.29,0.3,0.7,0.71,0.01,0.01,76748.48,1777305735000
1777305737.262,137.262,0.29,0.3,0.7,0.71,0.01,0.01,76748.48,1777305735000
1777305737.875,137.875,0.29,0.3,0.7,0.71,0.01,0.01,76748.59,1777305736000
1777305738.374,138.374,0.28,0.29,0.7,0.72,0.01,0.02,76748.59,1777305736000
1777305738.765,138.765,0.28,0.29,0.71,0.72,0.01,0.01,76748.59,1777305736000
1777305739.149,139.149,0.28,0.3,0.71,0.72,0.02,0.01,76748.57,1777305737000
1777305739.519,139.519,0.29,0.3,0.7,0.71,0.01,0.01,76748.57,1777305738000
1777305739.893,139.893,0.31,0.32,0.68,0.71,0.01,0.03,76748.57,1777305738000
1777305740.227,140.227,0.31,0.32,0.68,0.69,0.01,0.01,76748.59,1777305739000
1777305740.97,140.97,0.31,0.32,0.68,0.69,0.01,0.01,76748.59,1777305739000
1777305741.359,141.359,0.31,0.32,0.68,0.69,0.01,0.01,76751.93,1777305740000
1777305741.696,141.696,0.31,0.32,0.68,0.69,0.01,0.01,76751.93,1777305740000
1777305742.046,142.046,0.31,0.32,0.68,0.69,0.01,0.01,76751.93,1777305740000
1777305742.456,142.456,0.34,0.36,0.65,0.66,0.02,0.01,76751.93,1777305740000
1777305742.83,142.83,0.36,0.38,0.62,0.65,0.02,0.03,76753.55,1777305741000
1777305743.189,143.189,0.37,0.38,0.62,0.63,0.01,0.01,76753.55,1777305741000
1777305743.53,143.53,0.37,0.38,0.62,0.63,0.01,0.01,76753.55,1777305742000
1777305743.9,143.9,0.35,0.38,0.62,0.63,0.03,0.01,76753.55,1777305742000
1777305744.275,144.275,0.35,0.37,0.63,0.64,0.02,0.01,76753.55,1777305742000
1777305744.629,144.629,0.34,0.36,0.64,0.65,0.02,0.01,76759.88,1777305743000
1777305745.184,145.184,0.3,0.32,0.64,0.7,0.02,0.06,76759.88,1777305743000
1777305745.53,145.53,0.32,0.33,0.67,0.68,0.01,0.01,76759.88,1777305743000
1777305745.986,145.986,0.3,0.33,0.67,0.69,0.03,0.02,76759.81,1777305744000
1777305746.38,146.38,0.3,0.32,0.67,0.7,0.02,0.03,76759.58,1777305745000
1777305746.834,146.834,0.3,0.32,0.68,0.7,0.02,0.02,76759.58,1777305745000
1777305747.174,147.174,0.29,0.32,0.68,0.71,0.03,0.03,76759.58,1777305745000
1777305747.518,147.518,0.28,0.29,0.71,0.72,0.01,0.01,76754.08,1777305746000
1777305747.862,147.862,0.28,0.31,0.7,0.72,0.03,0.02,76754.08,1777305746000
1777305748.362,148.362,0.22,0.25,0.75,0.78,0.03,0.03,76750.15,1777305747000
1777305748.696,148.696,0.23,0.24,0.76,0.77,0.01,0.01,76750.15,1777305747000
1777305749.211,149.211,0.23,0.24,0.76,0.77,0.01,0.01,76750.15,1777305747000
1777305749.637,149.637,0.22,0.23,0.77,0.78,0.01,0.01,76739.27,1777305748000
1777305750.051,150.051,0.22,0.23,0.77,0.78,0.01,0.01,76733.92,1777305749000
1777305750.393,150.393,0.21,0.23,0.77,0.79,0.02,0.02,76733.92,1777305749000
1777305750.763,150.763,0.21,0.22,0.78,0.79,0.01,0.01,76733.92,1777305749000
1777305751.155,151.155,0.2,0.22,0.78,0.8,0.02,0.02,76727.38,1777305750000
1777305751.535,151.535,0.18,0.2,0.8,0.82,0.02,0.02,76727.38,1777305750000
1777305751.883,151.883,0.17,0.18,0.8,0.82,0.01,0.02,76727.38,1777305750000
1777305752.268,152.268,0.16,0.17,0.76,0.84,0.01,0.08,76727.38,1777305750000
1777305752.729,152.729,0.16,0.17,0.83,0.85,0.01,0.02,76723.04,1777305751000
1777305753.062,153.062,0.16,0.17,0.83,0.84,0.01,0.01,76723.04,1777305751000
1777305753.598,153.598,0.16,0.17,0.83,0.84,0.01,0.01,76723.04,1777305751000
1777305754.091,154.091,0.17,0.18,0.83,0.84,0.01,0.01,76723.04,1777305751000
1777305754.499,154.499,0.18,0.19,0.81,0.82,0.01,0.01,76723.04,1777305751000
1777305755.125,155.125,0.18,0.19,0.81,0.82,0.01,0.01,76720.92,1777305752000
1777305755.47,155.47,0.18,0.19,0.81,0.82,0.01,0.01,76720.92,1777305752000
1777305755.924,155.924,0.18,0.19,0.81,0.82,0.01,0.01,76721.11,1777305754000
1777305756.411,156.411,0.18,0.19,0.81,0.82,0.01,0.01,76721.11,1777305754000
1777305756.783,156.783,0.18,0.19,0.81,0.82,0.01,0.01,76723.65,1777305755000
1777305757.482,157.482,0.18,0.19,0.81,0.82,0.01,0.01,76724.33,1777305756000
1777305757.921,157.921,0.18,0.19,0.81,0.82,0.01,0.01,76724.33,1777305756000
1777305758.321,158.321,0.18,0.19,0.81,0.82,0.01,0.01,76724.33,1777305756000
1777305758.747,158.747,0.18,0.19,0.81,0.82,0.01,0.01,76724.33,1777305757000
1777305759.461,159.461,0.17,0.18,0.82,0.83,0.01,0.01,76724.33,1777305757000
1777305759.799,159.799,0.17,0.18,0.82,0.83,0.01,0.01,76722.39,1777305758000
1777305760.407,160.407,0.17,0.18,0.82,0.83,0.01,0.01,76722.39,1777305758000
1777305761.458,161.458,0.17,0.18,0.82,0.83,0.01,0.01,76717.31,1777305760000
1777305762.111,162.111,0.17,0.18,0.82,0.83,0.01,0.01,76717.31,1777305760000
1777305762.473,162.473,0.17,0.18,0.82,0.83,0.01,0.01,76717.2,1777305761000
1777305762.807,162.807,0.17,0.18,0.82,0.83,0.01,0.01,76717.2,1777305761000
1777305763.184,163.184,0.17,0.18,0.82,0.83,0.01,0.01,76717.2,1777305761000
1777305763.838,163.838,0.16,0.18,0.82,0.83,0.02,0.01,76717.98,1777305762000
1777305764.208,164.208,0.16,0.17,0.83,0.84,0.01,0.01,76717.98,1777305762000
1777305764.618,164.618,0.16,0.17,0.83,0.84,0.01,0.01,76717.98,1777305762000
1777305764.996,164.996,0.16,0.17,0.83,0.84,0.01,0.01,76717.23,1777305763000
1777305765.421,165.421,0.16,0.17,0.83,0.84,0.01,0.01,76717.23,1777305763000
1777305765.756,165.756,0.15,0.16,0.84,0.85,0.01,0.01,76715.5,1777305764000
1777305766.349,166.349,0.14,0.15,0.84,0.88,0.01,0.04,76715.5,1777305764000
1777305766.71,166.71,0.14,0.15,0.85,0.86,0.01,0.01,76712.96,1777305765000
1777305767.053,167.053,0.14,0.15,0.85,0.86,0.01,0.01,76712.96,1777305765000
1777305767.522,167.522,0.14,0.15,0.85,0.86,0.01,0.01,76706.92,1777305766000
1777305767.868,167.868,0.14,0.15,0.85,0.86,0.01,0.01,76706.92,1777305766000
1777305768.354,168.354,0.14,0.15,0.85,0.86,0.01,0.01,76706.3,1777305767000
1777305769.653,169.653,0.14,0.15,0.85,0.86,0.01,0.01,76706.3,1777305767000
1777305770.067,170.067,0.14,0.15,0.85,0.86,0.01,0.01,76706.96,1777305768000
1777305770.43,170.43,0.14,0.15,0.85,0.86,0.01,0.01,76706.96,1777305768000
1777305770.824,170.824,0.14,0.15,0.85,0.86,0.01,0.01,76706.96,1777305768000
1777305771.27,171.27,0.14,0.15,0.85,0.86,0.01,0.01,76706.96,1777305769000
1777305771.641,171.641,0.14,0.15,0.85,0.86,0.01,0.01,76706.96,1777305769000
1777305772.211,172.211,0.14,0.15,0.85,0.86,0.01,0.01,76707.7,1777305770000
1777305772.547,172.547,0.12,0.13,0.87,0.88,0.01,0.01,76707.7,1777305770000
1777305773.006,173.006,0.12,0.13,0.87,0.88,0.01,0.01,76709.44,1777305771000
1777305773.407,173.407,0.12,0.13,0.87,0.88,0.01,0.01,76709.44,1777305771000
1777305773.95,173.95,0.12,0.13,0.87,0.88,0.01,0.01,76709.44,1777305772000
1777305774.374,174.374,0.12,0.13,0.87,0.88,0.01,0.01,76709.75,1777305773000
1777305774.712,174.712,0.12,0.13,0.87,0.88,0.01,0.01,76709.75,1777305773000
1777305775.124,175.124,0.12,0.13,0.87,0.88,0.01,0.01,76709.49,1777305774000
1777305776.168,176.168,0.13,0.14,0.86,0.88,0.01,0.02,76709.49,1777305774000
1777305776.811,176.811,0.13,0.14,0.86,0.87,0.01,0.01,76709.49,1777305774000
1777305777.528,177.528,0.13,0.14,0.86,0.87,0.01,0.01,76709.49,1777305776000
1777305778.101,178.101,0.13,0.14,0.86,0.87,0.01,0.01,76709.49,1777305776000
1777305778.622,178.622,0.13,0.14,0.86,0.87,0.01,0.01,76709.49,1777305777000
1777305779.199,179.199,0.13,0.14,0.86,0.87,0.01,0.01,76709.49,1777305777000
1777305779.554,179.554,0.13,0.14,0.86,0.87,0.01,0.01,76709.49,1777305777000
1777305780.021,180.021,0.13,0.14,0.86,0.87,0.01,0.01,76709.5,1777305778000
1777305780.694,180.694,0.13,0.14,0.86,0.87,0.01,0.01,76709.43,1777305779000
1777305781.098,181.098,0.13,0.14,0.86,0.87,0.01,0.01,76708.47,1777305780000
1777305781.445,181.445,0.13,0.14,0.86,0.87,0.01,0.01,76708.47,1777305780000
1777305781.873,181.873,0.13,0.14,0.86,0.87,0.01,0.01,76708.47,1777305780000
1777305782.268,182.268,0.12,0.13,0.87,0.88,0.01,0.01,76709.2,1777305781000
1777305782.715,182.715,0.12,0.13,0.87,0.88,0.01,0.01,76709.2,1777305781000
1777305783.077,183.077,0.12,0.13,0.87,0.88,0.01,0.01,76709.2,1777305781000
1777305783.444,183.444,0.12,0.13,0.87,0.88,0.01,0.01,76708.59,1777305782000
1777305783.787,183.787,0.12,0.13,0.87,0.88,0.01,0.01,76708.59,1777305782000
1777305784.161,184.161,0.12,0.13,0.87,0.88,0.01,0.01,76708.59,1777305782000
1777305784.623,184.623,0.12,0.13,0.87,0.88,0.01,0.01,76701.7,1777305783000
1777305785.055,185.055,0.12,0.13,0.87,0.88,0.01,0.01,76702.51,1777305784000
1777305785.524,185.524,0.12,0.13,0.87,0.88,0.01,0.01,76702.51,1777305784000
1777305786.155,186.155,0.12,0.13,0.87,0.88,0.01,0.01,76702.51,1777305784000
1777305786.516,186.516,0.12,0.13,0.87,0.88,0.01,0.01,76706.23,1777305785000
1777305786.85,186.85,0.12,0.13,0.87,0.88,0.01,0.01,76706.23,1777305785000
1777305787.331,187.331,0.12,0.13,0.87,0.88,0.01,0.01,76706.23,1777305785000
1777305787.664,187.664,0.12,0.13,0.87,0.88,0.01,0.01,76706.26,1777305786000
1777305788.174,188.174,0.12,0.13,0.87,0.88,0.01,0.01,76706.26,1777305786000
1777305788.775,188.775,0.12,0.13,0.87,0.88,0.01,0.01,76704.59,1777305787000
1777305789.207,189.207,0.12,0.13,0.87,0.88,0.01,0.01,76703.88,1777305788000
1777305789.64,189.64,0.12,0.13,0.87,0.88,0.01,0.01,76703.88,1777305788000
1777305790.22,190.22,0.12,0.13,0.87,0.88,0.01,0.01,76706.2,1777305789000
1777305790.562,190.562,0.12,0.13,0.87,0.88,0.01,0.01,76706.2,1777305789000
1777305791.051,191.051,0.12,0.13,0.87,0.88,0.01,0.01,76706.2,1777305789000
1777305791.666,191.666,0.12,0.13,0.87,0.88,0.01,0.01,76706.2,1777305789000
1777305792.314,192.314,0.12,0.13,0.87,0.88,0.01,0.01,76708.41,1777305790000
1777305793.419,193.419,0.11,0.13,0.87,0.89,0.02,0.02,76676.44,1777305792000
1777305793.942,193.942,0.1,0.13,0.87,0.89,0.03,0.02,76676.44,1777305792000
1777305794.516,194.516,0.1,0.13,0.87,0.9,0.03,0.03,76676.44,1777305792000
1777305794.887,194.887,0.1,0.12,0.88,0.9,0.02,0.02,76687.82,1777305793000
1777305795.276,195.276,0.1,0.12,0.88,0.9,0.02,0.02,76687.82,1777305793000
1777305795.612,195.612,0.09,0.1,0.9,0.91,0.01,0.01,76691.76,1777305794000
1777305795.957,195.957,0.09,0.1,0.9,0.91,0.01,0.01,76691.76,1777305794000
1777305796.347,196.347,0.09,0.1,0.9,0.91,0.01,0.01,76696.04,1777305795000
1777305796.701,196.701,0.07,0.09,0.91,0.93,0.02,0.02,76696.04,1777305795000
1777305797.072,197.072,0.08,0.09,0.91,0.92,0.01,0.01,76696.04,1777305795000
1777305797.414,197.414,0.08,0.09,0.91,0.92,0.01,0.01,76696.04,1777305795000
1777305797.804,197.804,0.08,0.09,0.91,0.92,0.01,0.01,76697.24,1777305796000
1777305798.149,198.149,0.08,0.09,0.91,0.92,0.01,0.01,76697.24,1777305796000
1777305798.484,198.484,0.08,0.09,0.91,0.92,0.01,0.01,76697.24,1777305797000
1777305798.932,198.932,0.08,0.09,0.91,0.92,0.01,0.01,76697.24,1777305797000
1777305799.412,199.412,0.08,0.09,0.91,0.92,0.01,0.01,76697.24,1777305798000
1777305799.874,199.874,0.08,0.09,0.91,0.92,0.01,0.01,76697.24,1777305798000
1777305800.267,200.267,0.08,0.09,0.91,0.92,0.01,0.01,76699.09,1777305799000
1777305800.89,200.89,0.08,0.09,0.91,0.92,0.01,0.01,76694.71,1777305800000
1777305801.942,201.942,0.08,0.09,0.91,0.92,0.01,0.01,76694.71,1777305800000
1777305802.474,202.474,0.08,0.09,0.91,0.92,0.01,0.01,76691.15,1777305801000
1777305802.846,202.846,0.07,0.09,0.91,0.93,0.02,0.02,76691.15,1777305801000
1777305803.22,203.22,0.07,0.09,0.91,0.93,0.02,0.02,76690.43,1777305802000
1777305803.599,203.599,0.07,0.09,0.91,0.93,0.02,0.02,76690.43,1777305802000
1777305803.981,203.981,0.06,0.09,0.91,0.94,0.03,0.03,76690.43,1777305802000
1777305804.344,204.344,0.08,0.09,0.91,0.92,0.01,0.01,76694.63,1777305803000
1777305804.686,204.686,0.08,0.14,0.91,0.92,0.06,0.01,76694.63,1777305803000
1777305805.146,205.146,0.08,0.09,0.9,0.92,0.01,0.02,76694.63,1777305803000
1777305805.581,205.581,0.08,0.09,0.91,0.92,0.01,0.01,76694.63,1777305803000
1777305805.926,205.926,0.08,0.09,0.91,0.92,0.01,0.01,76694.63,1777305803000
1777305806.342,206.342,0.09,0.1,0.9,0.91,0.01,0.01,76695.82,1777305804000
1777305806.704,206.704,0.09,0.1,0.9,0.91,0.01,0.01,76695.82,1777305804000
1777305807.084,207.084,0.09,0.1,0.9,0.91,0.01,0.01,76697.38,1777305805000
1777305807.689,207.689,0.09,0.1,0.9,0.91,0.01,0.01,76697.38,1777305805000
1777305808.106,208.106,0.09,0.1,0.9,0.91,0.01,0.01,76697.47,1777305806000
1777305808.59,208.59,0.09,0.1,0.9,0.91,0.01,0.01,76697.68,1777305807000
1777305809.454,209.454,0.09,0.1,0.9,0.91,0.01,0.01,76697.68,1777305807000
1777305809.793,209.793,0.09,0.1,0.9,0.91,0.01,0.01,76700.1,1777305808000
1777305810.454,210.454,0.08,0.1,0.9,0.91,0.02,0.01,76700.1,1777305808000
1777305811.138,211.138,0.08,0.1,0.9,0.92,0.02,0.02,76698.26,1777305810000
1777305811.475,211.475,0.08,0.09,0.9,0.92,0.01,0.02,76698.26,1777305810000
1777305812.141,212.141,0.08,0.1,0.9,0.92,0.02,0.02,76698.26,1777305810000
1777305812.48,212.48,0.07,0.09,0.91,0.93,0.02,0.02,76698.26,1777305810000
1777305812.913,212.913,0.07,0.08,0.92,0.93,0.01,0.01,76698.37,1777305811000
1777305813.269,213.269,0.07,0.08,0.92,0.93,0.01,0.01,76698.37,1777305811000
1777305813.624,213.624,0.06,0.07,0.93,0.94,0.01,0.01,76695.95,1777305812000
1777305814.146,214.146,0.06,0.07,0.93,0.94,0.01,0.01,76695.95,1777305812000
1777305814.571,214.571,0.06,0.07,0.93,0.94,0.01,0.01,76695.95,1777305812000
1777305814.936,214.936,0.06,0.07,0.93,0.94,0.01,0.01,76695.02,1777305813000
1777305815.635,215.635,0.06,0.07,0.93,0.94,0.01,0.01,76696.14,1777305814000
1777305816.187,216.187,0.06,0.07,0.93,0.94,0.01,0.01,76697.65,1777305815000
1777305816.702,216.702,0.06,0.07,0.93,0.94,0.01,0.01,76697.65,1777305815000
1777305817.261,217.261,0.06,0.07,0.93,0.94,0.01,0.01,76697.65,1777305815000
1777305817.673,217.673,0.06,0.07,0.93,0.94,0.01,0.01,76701.55,1777305816000
1777305818.191,218.191,0.06,0.07,0.93,0.94,0.01,0.01,76701.94,1777305817000
1777305818.669,218.669,0.06,0.07,0.93,0.94,0.01,0.01,76701.94,1777305817000
1777305819.031,219.031,0.06,0.07,0.93,0.94,0.01,0.01,76701.94,1777305817000
1777305819.703,219.703,0.06,0.07,0.93,0.94,0.01,0.01,76699.0,1777305818000
1777305820.295,220.295,0.06,0.07,0.93,0.94,0.01,0.01,76694.77,1777305819000
1777305820.697,220.697,0.05,0.07,0.93,0.95,0.02,0.02,76694.77,1777305819000
1777305821.036,221.036,0.05,0.06,0.94,0.95,0.01,0.01,76694.77,1777305819000
1777305821.378,221.378,0.05,0.06,0.94,0.95,0.01,0.01,76694.77,1777305819000
1777305821.711,221.711,0.05,0.06,0.94,0.95,0.01,0.01,76686.59,1777305820000
1777305822.228,222.228,0.05,0.06,0.94,0.95,0.01,0.01,76685.99,1777305821000
1777305822.572,222.572,0.05,0.06,0.94,0.95,0.01,0.01,76685.99,1777305821000
1777305822.99,222.99,0.05,0.06,0.94,0.95,0.01,0.01,76685.99,1777305821000
1777305823.358,223.358,0.05,0.06,0.94,0.95,0.01,0.01,76684.0,1777305822000
1777305824.261,224.261,0.05,0.06,0.94,0.95,0.01,0.01,76684.0,1777305822000
1777305824.656,224.656,0.05,0.06,0.94,0.95,0.01,0.01,76685.24,1777305823000
1777305825.444,225.444,0.05,0.06,0.94,0.95,0.01,0.01,76685.3,1777305824000
1777305825.934,225.934,0.05,0.06,0.94,0.95,0.01,0.01,76685.3,1777305824000
1777305826.392,226.392,0.05,0.06,0.94,0.95,0.01,0.01,76688.17,1777305825000
1777305826.977,226.977,0.05,0.06,0.94,0.95,0.01,0.01,76688.17,1777305825000
1777305827.343,227.343,0.05,0.06,0.94,0.95,0.01,0.01,76688.17,1777305825000
1777305827.712,227.712,0.05,0.06,0.94,0.95,0.01,0.01,76694.51,1777305826000
1777305828.056,228.056,0.05,0.06,0.94,0.95,0.01,0.01,76695.95,1777305827000
1777305828.538,228.538,0.03,0.06,0.94,0.97,0.03,0.03,76695.95,1777305827000
1777305828.879,228.879,0.03,0.05,0.94,0.97,0.02,0.03,76695.95,1777305827000
1777305829.25,229.25,0.05,0.06,0.94,0.97,0.01,0.03,76695.99,1777305828000
1777305829.619,229.619,0.04,0.06,0.95,0.97,0.02,0.02,76695.99,1777305828000
1777305830.044,230.044,0.03,0.05,0.95,0.96,0.02,0.01,76695.99,1777305828000
1777305830.398,230.398,0.03,0.05,0.95,0.96,0.02,0.01,76695.99,1777305828000
1777305830.796,230.796,0.03,0.04,0.96,0.97,0.01,0.01,76695.74,1777305829000
1777305831.143,231.143,0.03,0.04,0.96,0.97,0.01,0.01,76693.95,1777305830000
1777305831.848,231.848,0.02,0.03,0.97,0.98,0.01,0.01,76693.95,1777305830000
1777305832.536,232.536,0.02,0.03,0.97,0.98,0.01,0.01,76694.62,1777305831000
1777305832.974,232.974,0.02,0.03,0.97,0.98,0.01,0.01,76694.62,1777305831000
1777305834.019,234.019,0.02,0.03,0.97,0.98,0.01,0.01,76687.67,1777305832000
1777305834.741,234.741,0.02,0.03,0.97,0.98,0.01,0.01,76687.58,1777305833000
1777305835.166,235.166,0.02,0.03,0.97,0.98,0.01,0.01,76687.58,1777305833000
1777305835.532,235.532,0.02,0.03,0.97,0.98,0.01,0.01,76687.58,1777305833000
1777305835.869,235.869,0.02,0.03,0.97,0.98,0.01,0.01,76687.42,1777305834000
1777305836.321,236.321,0.02,0.03,0.97,0.98,0.01,0.01,76687.42,1777305835000
1777305837.015,237.015,0.02,0.03,0.97,0.98,0.01,0.01,76687.42,1777305835000
1777305837.444,237.444,0.02,0.04,0.97,0.98,0.02,0.01,76688.39,1777305836000
1777305837.78,237.78,0.04,0.05,0.95,0.96,0.01,0.01,76688.39,1777305836000
1777305838.124,238.124,0.04,0.06,0.94,0.96,0.02,0.02,76687.8,1777305837000
1777305838.626,238.626,0.05,0.06,0.94,0.95,0.01,0.01,76687.8,1777305837000
1777305838.972,238.972,0.05,0.06,0.94,0.95,0.01,0.01,76687.8,1777305837000
1777305839.33,239.33,0.02,0.06,0.94,0.98,0.04,0.04,76695.19,1777305838000
1777305839.783,239.783,0.04,0.05,0.96,0.97,0.01,0.01,76695.19,1777305838000
1777305840.142,240.142,0.04,0.05,0.95,0.96,0.01,0.01,76695.19,1777305838000
1777305840.625,240.625,0.04,0.05,0.95,0.96,0.01,0.01,76697.52,1777305839000
1777305840.993,240.993,0.04,0.05,0.95,0.96,0.01,0.01,76697.52,1777305839000
1777305842.194,242.194,0.04,0.05,0.95,0.96,0.01,0.01,76701.36,1777305841000
1777305842.95,242.95,0.04,0.05,0.95,0.96,0.01,0.01,76701.36,1777305841000
1777305843.294,243.294,0.04,0.05,0.95,0.96,0.01,0.01,76703.33,1777305842000
1777305843.633,243.633,0.04,0.05,0.95,0.96,0.01,0.01,76703.33,1777305842000
1777305844.304,244.304,0.04,0.05,0.95,0.96,0.01,0.01,76703.33,1777305842000
1777305844.982,244.982,0.04,0.05,0.95,0.96,0.01,0.01,76704.78,1777305843000
1777305845.454,245.454,0.04,0.05,0.95,0.96,0.01,0.01,76704.64,1777305844000
1777305845.93,245.93,0.04,0.05,0.95,0.96,0.01,0.01,76704.64,1777305844000
1777305846.372,246.372,0.05,0.06,0.94,0.95,0.01,0.01,76705.57,1777305845000
1777305846.716,246.716,0.11,0.14,0.86,0.89,0.03,0.03,76705.57,1777305845000
1777305847.069,247.069,0.16,0.17,0.82,0.86,0.01,0.04,76705.57,1777305845000
1777305847.404,247.404,0.2,0.22,0.78,0.83,0.02,0.05,76705.83,1777305846000
1777305847.83,247.83,0.2,0.21,0.79,0.8,0.01,0.01,76705.83,1777305846000
1777305848.233,248.233,0.2,0.21,0.75,0.8,0.01,0.05,76705.83,1777305846000
1777305848.603,248.603,0.2,0.21,0.79,0.8,0.01,0.01,76738.35,1777305847000
1777305848.99,248.99,0.2,0.21,0.79,0.81,0.01,0.02,76738.35,1777305847000
1777305849.33,249.33,0.21,0.25,0.75,0.79,0.04,0.04,76748.24,1777305848000
1777305849.85,249.85,0.21,0.25,0.75,0.79,0.04,0.04,76748.24,1777305848000
1777305850.32,250.32,0.21,0.22,0.75,0.79,0.01,0.04,76748.24,1777305848000
1777305850.805,250.805,0.21,0.22,0.76,0.79,0.01,0.03,76748.24,1777305848000
1777305851.217,251.217,0.24,0.26,0.74,0.76,0.02,0.02,76750.21,1777305849000
1777305851.565,251.565,0.22,0.28,0.72,0.78,0.06,0.06,76751.79,1777305850000
1777305852.053,252.053,0.35,0.4,0.64,0.77,0.05,0.13,76751.79,1777305850000
1777305852.39,252.39,0.35,0.4,0.6,0.65,0.05,0.05,76751.79,1777305850000
1777305852.725,252.725,0.32,0.4,0.6,0.68,0.08,0.08,76751.79,1777305850000
1777305853.071,253.071,0.44,0.49,0.52,0.56,0.05,0.04,76765.96,1777305851000
1777305853.424,253.424,0.49,0.51,0.49,0.51,0.02,0.02,76765.96,1777305851000
1777305853.812,253.812,0.5,0.51,0.49,0.5,0.01,0.01,76770.03,1777305852000
1777305854.169,254.169,0.52,0.53,0.47,0.48,0.01,0.01,76770.03,1777305852000
1777305854.505,254.505,0.52,0.55,0.47,0.5,0.03,0.03,76770.03,1777305852000
1777305854.881,254.881,0.53,0.54,0.46,0.47,0.01,0.01,76783.53,1777305853000
1777305855.233,255.233,0.55,0.58,0.42,0.47,0.03,0.05,76785.13,1777305854000
1777305855.571,255.571,0.56,0.57,0.43,0.44,0.01,0.01,76785.13,1777305854000
1777305856.062,256.062,0.56,0.57,0.43,0.44,0.01,0.01,76785.13,1777305854000
1777305856.418,256.418,0.53,0.57,0.43,0.47,0.04,0.04,76786.47,1777305855000
1777305856.797,256.797,0.52,0.56,0.43,0.48,0.04,0.05,76786.47,1777305855000
1777305857.188,257.188,0.54,0.57,0.44,0.46,0.03,0.02,76786.47,1777305855000
1777305857.566,257.566,0.56,0.57,0.43,0.44,0.01,0.01,76789.01,1777305856000
1777305857.901,257.901,0.55,0.57,0.43,0.45,0.02,0.02,76789.01,1777305856000
1777305858.877,258.877,0.53,0.57,0.43,0.47,0.04,0.04,76789.29,1777305857000
1777305859.388,259.388,0.52,0.55,0.45,0.48,0.03,0.03,76789.29,1777305857000
1777305859.755,259.755,0.55,0.56,0.44,0.45,0.01,0.01,76789.29,1777305857000
1777305860.09,260.09,0.69,0.7,0.3,0.31,0.01,0.01,76794.37,1777305858000
1777305860.425,260.425,0.69,0.8,0.2,0.31,0.11,0.11,76794.37,1777305858000
1777305860.789,260.789,0.69,0.74,0.26,0.28,0.05,0.02,76805.25,1777305859000
1777305861.128,261.128,0.73,0.74,0.26,0.27,0.01,0.01,76805.25,1777305859000
1777305861.535,261.535,0.73,0.74,0.26,0.28,0.01,0.02,76810.39,1777305860000
1777305861.946,261.946,0.65,0.72,0.28,0.3,0.07,0.02,76810.39,1777305860000
1777305862.311,262.311,0.62,0.64,0.35,0.38,0.02,0.03,76810.39,1777305860000
1777305862.647,262.647,0.6,0.63,0.37,0.4,0.03,0.03,76810.05,1777305861000
1777305862.99,262.99,0.56,0.62,0.38,0.44,0.06,0.06,76810.05,1777305861000
1777305863.326,263.326,0.47,0.5,0.5,0.53,0.03,0.03,76810.05,1777305861000
1777305863.679,263.679,0.49,0.5,0.5,0.51,0.01,0.01,76805.99,1777305862000
1777305864.08,264.08,0.49,0.5,0.5,0.52,0.01,0.02,76805.99,1777305862000
1777305864.426,264.426,0.44,0.46,0.54,0.56,0.02,0.02,76805.99,1777305862000
1777305864.759,264.759,0.44,0.45,0.55,0.56,0.01,0.01,76805.99,1777305862000
1777305865.305,265.305,0.44,0.45,0.55,0.56,0.01,0.01,76799.31,1777305863000
1777305865.669,265.669,0.44,0.45,0.55,0.56,0.01,0.01,76798.89,1777305864000
1777305866.041,266.041,0.44,0.45,0.55,0.56,0.01,0.01,76798.89,1777305864000
1777305866.44,266.44,0.44,0.45,0.55,0.56,0.01,0.01,76798.89,1777305864000
1777305866.835,266.835,0.44,0.45,0.55,0.56,0.01,0.01,76791.85,1777305865000
1777305867.255,267.255,0.44,0.45,0.55,0.56,0.01,0.01,76791.85,1777305865000
1777305867.589,267.589,0.44,0.45,0.55,0.56,0.01,0.01,76791.85,1777305865000
1777305868.008,268.008,0.36,0.44,0.56,0.57,0.08,0.01,76791.85,1777305865000
1777305868.383,268.383,0.43,0.44,0.56,0.57,0.01,0.01,76791.85,1777305865000
1777305868.723,268.723,0.44,0.48,0.52,0.56,0.04,0.04,76788.32,1777305866000
1777305869.107,269.107,0.57,0.6,0.3,0.43,0.03,0.13,76788.32,1777305866000
1777305869.466,269.466,0.59,0.61,0.38,0.4,0.02,0.02,76788.32,1777305866000
1777305869.859,269.859,0.6,0.61,0.39,0.4,0.01,0.01,76786.05,1777305867000
1777305870.198,270.198,0.58,0.59,0.41,0.43,0.01,0.02,76786.05,1777305867000
1777305870.608,270.608,0.57,0.58,0.42,0.43,0.01,0.01,76791.67,1777305868000
1777305871.026,271.026,0.58,0.6,0.4,0.42,0.02,0.02,76791.67,1777305868000
1777305871.409,271.409,0.55,0.56,0.33,0.45,0.01,0.12,76791.67,1777305868000
1777305871.746,271.746,0.53,0.54,0.45,0.51,0.01,0.06,76799.07,1777305869000
1777305872.112,272.112,0.53,0.56,0.47,0.48,0.03,0.01,76799.07,1777305869000
1777305872.596,272.596,0.5,0.53,0.46,0.47,0.03,0.01,76797.36,1777305870000
1777305873.229,273.229,0.5,0.51,0.49,0.5,0.01,0.01,76794.6,1777305871000
1777305873.768,273.768,0.5,0.52,0.49,0.5,0.02,0.01,76794.6,1777305871000
1777305874.164,274.164,0.5,0.52,0.48,0.5,0.02,0.02,76794.6,1777305871000
1777305874.545,274.545,0.51,0.54,0.48,0.49,0.03,0.01,76794.6,1777305871000
1777305874.926,274.926,0.45,0.52,0.48,0.55,0.07,0.07,76792.66,1777305872000
1777305875.297,275.297,0.51,0.52,0.48,0.49,0.01,0.01,76792.66,1777305872000
1777305875.886,275.886,0.48,0.49,0.51,0.53,0.01,0.02,76790.88,1777305873000
1777305876.222,276.222,0.48,0.5,0.52,0.53,0.02,0.01,76787.95,1777305874000
1777305876.599,276.599,0.51,0.57,0.36,0.5,0.06,0.14,76787.95,1777305874000
1777305876.99,276.99,0.51,0.52,0.47,0.49,0.01,0.02,76787.95,1777305874000
1777305877.377,277.377,0.47,0.48,0.52,0.53,0.01,0.01,76787.95,1777305874000
1777305877.762,277.762,0.67,0.68,0.32,0.33,0.01,0.01,76783.98,1777305875000
1777305878.102,278.102,0.66,0.67,0.33,0.34,0.01,0.01,76783.98,1777305875000
1777305878.508,278.508,0.63,0.66,0.34,0.35,0.03,0.01,76783.97,1777305876000
1777305878.847,278.847,0.63,0.64,0.36,0.37,0.01,0.01,76783.97,1777305876000
1777305879.377,279.377,0.51,0.53,0.4,0.48,0.02,0.08,76783.98,1777305877000
1777305879.712,279.712,0.49,0.52,0.48,0.53,0.03,0.05,76783.98,1777305877000
1777305880.049,280.049,0.47,0.48,0.52,0.53,0.01,0.01,76783.98,1777305877000
1777305880.4,280.4,0.47,0.48,0.52,0.53,0.01,0.01,76787.75,1777305878000
1777305880.741,280.741,0.28,0.3,0.7,0.72,0.02,0.02,76787.75,1777305878000
1777305881.08,281.08,0.29,0.3,0.7,0.71,0.01,0.01,76788.23,1777305879000
1777305881.758,281.758,0.29,0.3,0.7,0.73,0.01,0.03,76788.23,1777305879000
1777305882.121,282.121,0.27,0.3,0.7,0.73,0.03,0.03,76788.23,1777305879000
1777305882.523,282.523,0.26,0.3,0.7,0.73,0.04,0.03,76788.23,1777305879000
1777305883.086,283.086,0.29,0.3,0.7,0.74,0.01,0.04,76777.0,1777305880000
1777305883.439,283.439,0.29,0.3,0.7,0.71,0.01,0.01,76777.0,1777305880000
1777305883.794,283.794,0.31,0.32,0.68,0.69,0.01,0.01,76772.65,1777305881000
1777305884.135,284.135,0.34,0.35,0.65,0.66,0.01,0.01,76772.65,1777305881000
1777305884.542,284.542,0.34,0.35,0.65,0.66,0.01,0.01,76772.91,1777305882000
1777305884.886,284.886,0.39,0.4,0.6,0.61,0.01,0.01,76774.07,1777305883000
1777305885.355,285.355,0.4,0.41,0.6,0.61,0.01,0.01,76774.07,1777305883000
1777305885.702,285.702,0.45,0.47,0.53,0.55,0.02,0.02,76774.07,1777305883000
1777305886.04,286.04,0.37,0.4,0.6,0.63,0.03,0.03,76774.07,1777305883000
1777305886.48,286.48,0.3,0.34,0.66,0.7,0.04,0.04,76774.22,1777305884000
1777305886.94,286.94,0.28,0.29,0.7,0.72,0.01,0.02,76774.22,1777305884000
1777305887.295,287.295,0.24,0.26,0.74,0.76,0.02,0.02,76774.22,1777305884000
1777305887.659,287.659,0.17,0.18,0.8,0.85,0.01,0.05,76776.91,1777305885000
1777305888.153,288.153,0.16,0.17,0.83,0.84,0.01,0.01,76776.91,1777305885000
1777305888.543,288.543,0.13,0.17,0.83,0.89,0.04,0.06,76780.92,1777305886000
1777305888.885,288.885,0.1,0.13,0.87,0.9,0.03,0.03,76781.57,1777305887000
1777305889.222,289.222,0.12,0.13,0.87,0.88,0.01,0.01,76781.57,1777305887000
1777305889.557,289.557,0.12,0.36,0.64,0.88,0.24,0.24,76781.57,1777305887000
1777305890.335,290.335,0.18,0.2,0.8,0.82,0.02,0.02,76775.44,1777305888000
1777305890.686,290.686,0.13,0.2,0.8,0.87,0.07,0.07,76775.44,1777305888000
1777305891.064,291.064,0.19,0.55,0.45,0.81,0.36,0.36,76768.36,1777305889000
1777305891.421,291.421,0.12,0.2,0.8,0.88,0.08,0.08,76766.17,1777305890000
1777305891.837,291.837,0.15,0.16,0.84,0.85,0.01,0.01,76766.17,1777305890000
1777305892.185,292.185,0.21,0.23,0.79,0.81,0.02,0.02,76765.41,1777305891000
1777305892.579,292.579,0.23,0.29,0.71,0.77,0.06,0.06,76765.41,1777305891000
1777305892.973,292.973,0.13,0.16,0.82,0.84,0.03,0.02,76765.41,1777305891000
1777305893.522,293.522,0.08,0.09,0.87,0.89,0.01,0.02,76765.89,1777305892000
1777305893.922,293.922,0.04,0.05,0.95,0.97,0.01,0.02,76765.89,1777305892000
1777305894.266,294.266,0.06,0.07,0.92,0.94,0.01,0.02,76770.34,1777305893000
1777305894.605,294.605,0.03,0.04,0.95,0.97,0.01,0.02,76770.34,1777305893000
1777305894.959,294.959,0.05,0.07,0.93,0.95,0.02,0.02,76770.34,1777305893000
1777305895.34,295.34,0.04,0.05,0.95,0.97,0.01,0.02,76768.36,1777305894000
1777305895.734,295.734,0.02,0.04,0.96,0.97,0.02,0.01,76768.36,1777305894000
1777305896.105,296.105,0.01,0.02,0.98,0.99,0.01,0.01,76768.36,1777305894000
1777305896.535,296.535,0.01,0.01,0.99,0.99,0.0,0.0,76767.15,1777305895000
1777305896.878,296.878,0.03,0.01,0.99,0.97,-0.02,-0.02,76767.15,1777305895000
1777305897.262,297.262,0.03,0.01,0.99,0.97,-0.02,-0.02,76767.15,1777305895000
1777305898.42,298.42,0.03,0.01,0.99,0.97,-0.02,-0.02,76765.26,1777305897000
1777305898.94,298.94,0.03,0.01,0.99,0.97,-0.02,-0.02,76765.26,1777305897000
1777305899.274,299.274,0.03,0.01,0.99,0.97,-0.02,-0.02,76765.26,1777305897000
1777305900.016,300.016,0.03,0.01,0.99,0.97,-0.02,-0.02,76767.02,1777305898000
1777305900.377,300.377,0.03,0.01,0.99,0.97,-0.02,-0.02,76767.02,1777305898000
1777305900.977,300.977,0.03,0.01,0.99,0.97,-0.02,-0.02,76769.01,1777305899000

# RESULT,winner=Down,slug=btc-updown-5m-1777305600,ticks=690
