timestamp,elapsed_sec,up_bid,up_ask,down_bid,down_ask,up_spread,down_spread,btc_price,btc_oracle_ts
1776716100.518,0.518,0.41,0.43,0.52,0.6,0.02,0.08,76369.71,1776716098000
1776716100.854,0.854,0.47,0.5,0.5,0.53,0.03,0.03,76369.88,1776716099000
1776716101.202,1.202,0.54,0.55,0.45,0.46,0.01,0.01,76370.22,1776716100000
1776716101.616,1.616,0.54,0.55,0.45,0.46,0.01,0.01,76370.22,1776716100000
1776716102.085,2.085,0.54,0.55,0.45,0.46,0.01,0.01,76370.22,1776716100000
1776716102.425,2.425,0.63,0.66,0.35,0.4,0.03,0.05,76370.22,1776716100000
1776716102.787,2.787,0.65,0.66,0.34,0.35,0.01,0.01,76365.47,1776716101000
1776716103.15,3.15,0.65,0.66,0.34,0.35,0.01,0.01,76365.47,1776716101000
1776716103.487,3.487,0.63,0.64,0.36,0.37,0.01,0.01,76387.75,1776716102000
1776716103.833,3.833,0.62,0.63,0.37,0.38,0.01,0.01,76387.75,1776716102000
1776716104.186,4.186,0.62,0.63,0.37,0.38,0.01,0.01,76387.75,1776716102000
1776716104.551,4.551,0.61,0.63,0.37,0.39,0.02,0.02,76401.3,1776716103000
1776716104.91,4.91,0.61,0.62,0.38,0.39,0.01,0.01,76401.3,1776716103000
1776716105.28,5.28,0.61,0.62,0.38,0.39,0.01,0.01,76401.3,1776716103000
1776716105.62,5.62,0.6,0.61,0.39,0.4,0.01,0.01,76395.77,1776716104000
1776716106.008,6.008,0.59,0.6,0.4,0.41,0.01,0.01,76395.77,1776716104000
1776716106.432,6.432,0.59,0.6,0.4,0.41,0.01,0.01,76395.77,1776716104000
1776716106.874,6.874,0.59,0.6,0.4,0.41,0.01,0.01,76395.77,1776716104000
1776716107.29,7.29,0.59,0.6,0.4,0.41,0.01,0.01,76394.75,1776716105000
1776716107.644,7.644,0.59,0.6,0.4,0.41,0.01,0.01,76394.75,1776716105000
1776716108.215,8.215,0.59,0.6,0.4,0.41,0.01,0.01,76394.77,1776716106000
1776716108.553,8.553,0.59,0.6,0.4,0.41,0.01,0.01,76394.77,1776716106000
1776716108.983,8.983,0.59,0.6,0.4,0.41,0.01,0.01,76394.85,1776716107000
1776716109.321,9.321,0.61,0.62,0.38,0.41,0.01,0.03,76394.85,1776716107000
1776716109.759,9.759,0.61,0.62,0.38,0.39,0.01,0.01,76394.85,1776716107000
1776716110.116,10.116,0.61,0.62,0.38,0.39,0.01,0.01,76394.88,1776716108000
1776716110.499,10.499,0.61,0.62,0.38,0.39,0.01,0.01,76394.88,1776716108000
1776716110.997,10.997,0.61,0.62,0.38,0.39,0.01,0.01,76394.88,1776716108000
1776716111.403,11.403,0.61,0.62,0.38,0.39,0.01,0.01,76394.88,1776716109000
1776716111.739,11.739,0.61,0.62,0.38,0.39,0.01,0.01,76394.91,1776716110000
1776716112.083,12.083,0.61,0.62,0.38,0.39,0.01,0.01,76394.91,1776716110000
1776716112.459,12.459,0.61,0.62,0.38,0.39,0.01,0.01,76394.91,1776716110000
1776716112.829,12.829,0.61,0.62,0.38,0.39,0.01,0.01,76396.05,1776716111000
1776716113.352,13.352,0.61,0.62,0.38,0.39,0.01,0.01,76396.05,1776716111000
1776716113.77,13.77,0.61,0.62,0.38,0.39,0.01,0.01,76397.14,1776716112000
1776716114.148,14.148,0.61,0.62,0.38,0.39,0.01,0.01,76396.89,1776716113000
1776716114.725,14.725,0.61,0.62,0.38,0.39,0.01,0.01,76396.89,1776716113000
1776716115.161,15.161,0.59,0.6,0.39,0.41,0.01,0.02,76396.89,1776716113000
1776716115.539,15.539,0.59,0.6,0.4,0.41,0.01,0.01,76395.79,1776716114000
1776716115.932,15.932,0.59,0.6,0.4,0.41,0.01,0.01,76395.79,1776716114000
1776716116.354,16.354,0.59,0.6,0.4,0.41,0.01,0.01,76395.79,1776716114000
1776716116.75,16.75,0.59,0.6,0.4,0.41,0.01,0.01,76395.55,1776716115000
1776716117.093,17.093,0.59,0.6,0.4,0.41,0.01,0.01,76390.97,1776716116000
1776716117.454,17.454,0.59,0.6,0.4,0.41,0.01,0.01,76390.97,1776716116000
1776716117.951,17.951,0.59,0.6,0.4,0.41,0.01,0.01,76390.97,1776716116000
1776716118.424,18.424,0.59,0.6,0.4,0.41,0.01,0.01,76390.05,1776716117000
1776716118.954,18.954,0.59,0.6,0.4,0.41,0.01,0.01,76390.05,1776716118000
1776716119.494,19.494,0.59,0.6,0.4,0.41,0.01,0.01,76390.05,1776716118000
1776716119.89,19.89,0.57,0.58,0.4,0.43,0.01,0.03,76390.05,1776716118000
1776716120.271,20.271,0.57,0.58,0.42,0.43,0.01,0.01,76391.89,1776716119000
1776716120.611,20.611,0.56,0.58,0.42,0.43,0.02,0.01,76391.89,1776716119000
1776716120.983,20.983,0.56,0.57,0.43,0.44,0.01,0.01,76391.89,1776716119000
1776716121.327,21.327,0.55,0.56,0.44,0.45,0.01,0.01,76391.89,1776716119000
1776716121.697,21.697,0.55,0.56,0.44,0.45,0.01,0.01,76390.94,1776716120000
1776716122.354,22.354,0.55,0.56,0.44,0.45,0.01,0.01,76388.78,1776716121000
1776716122.687,22.687,0.55,0.56,0.44,0.45,0.01,0.01,76388.78,1776716121000
1776716123.074,23.074,0.55,0.56,0.44,0.45,0.01,0.01,76388.78,1776716121000
1776716123.48,23.48,0.55,0.56,0.44,0.45,0.01,0.01,76385.19,1776716122000
1776716123.862,23.862,0.55,0.56,0.44,0.45,0.01,0.01,76385.19,1776716123000
1776716124.398,24.398,0.55,0.56,0.44,0.45,0.01,0.01,76385.19,1776716123000
1776716124.769,24.769,0.55,0.56,0.44,0.45,0.01,0.01,76385.19,1776716123000
1776716125.159,25.159,0.55,0.56,0.44,0.45,0.01,0.01,76385.32,1776716124000
1776716125.686,25.686,0.55,0.56,0.44,0.45,0.01,0.01,76385.32,1776716124000
1776716126.052,26.052,0.55,0.56,0.44,0.45,0.01,0.01,76385.32,1776716125000
1776716126.563,26.563,0.55,0.56,0.44,0.45,0.01,0.01,76385.32,1776716125000
1776716126.904,26.904,0.55,0.57,0.43,0.45,0.02,0.02,76385.32,1776716125000
1776716127.24,27.24,0.55,0.56,0.44,0.45,0.01,0.01,76385.13,1776716126000
1776716127.611,27.611,0.54,0.56,0.44,0.45,0.02,0.01,76385.13,1776716126000
1776716128.046,28.046,0.54,0.56,0.44,0.46,0.02,0.02,76384.17,1776716127000
1776716128.773,28.773,0.54,0.55,0.44,0.46,0.01,0.02,76384.17,1776716127000
1776716129.198,29.198,0.54,0.55,0.45,0.46,0.01,0.01,76381.22,1776716128000
1776716129.78,29.78,0.53,0.54,0.46,0.47,0.01,0.01,76381.22,1776716128000
1776716130.118,30.118,0.44,0.47,0.53,0.57,0.03,0.04,76381.22,1776716128000
1776716130.454,30.454,0.4,0.44,0.56,0.58,0.04,0.02,76362.79,1776716129000
1776716130.789,30.789,0.42,0.43,0.57,0.58,0.01,0.01,76362.79,1776716129000
1776716131.14,31.14,0.4,0.43,0.57,0.6,0.03,0.03,76362.79,1776716129000
1776716131.564,31.564,0.4,0.41,0.59,0.6,0.01,0.01,76359.53,1776716130000
1776716131.958,31.958,0.4,0.41,0.59,0.6,0.01,0.01,76359.53,1776716130000
1776716132.308,32.308,0.4,0.41,0.59,0.6,0.01,0.01,76358.3,1776716131000
1776716132.977,32.977,0.39,0.4,0.6,0.61,0.01,0.01,76358.3,1776716131000
1776716133.341,33.341,0.39,0.4,0.6,0.61,0.01,0.01,76355.79,1776716132000
1776716133.682,33.682,0.38,0.39,0.6,0.62,0.01,0.02,76355.79,1776716132000
1776716134.075,34.075,0.38,0.39,0.61,0.62,0.01,0.01,76355.79,1776716132000
1776716134.427,34.427,0.38,0.39,0.61,0.62,0.01,0.01,76355.79,1776716132000
1776716134.833,34.833,0.38,0.39,0.61,0.62,0.01,0.01,76357.08,1776716133000
1776716135.74,35.74,0.38,0.39,0.61,0.62,0.01,0.01,76357.03,1776716134000
1776716136.198,36.198,0.37,0.39,0.61,0.62,0.02,0.01,76357.03,1776716134000
1776716136.559,36.559,0.35,0.36,0.64,0.65,0.01,0.01,76355.68,1776716135000
1776716136.897,36.897,0.35,0.36,0.64,0.65,0.01,0.01,76355.68,1776716135000
1776716137.325,37.325,0.35,0.36,0.64,0.65,0.01,0.01,76355.68,1776716135000
1776716137.675,37.675,0.35,0.36,0.64,0.65,0.01,0.01,76348.45,1776716136000
1776716138.085,38.085,0.35,0.36,0.64,0.65,0.01,0.01,76348.45,1776716136000
1776716138.452,38.452,0.35,0.36,0.64,0.65,0.01,0.01,76347.28,1776716137000
1776716138.798,38.798,0.35,0.36,0.64,0.65,0.01,0.01,76347.28,1776716137000
1776716139.288,39.288,0.35,0.36,0.64,0.65,0.01,0.01,76347.28,1776716138000
1776716139.706,39.706,0.35,0.36,0.64,0.65,0.01,0.01,76347.28,1776716138000
1776716140.11,40.11,0.35,0.36,0.64,0.65,0.01,0.01,76347.28,1776716139000
1776716140.534,40.534,0.35,0.36,0.64,0.65,0.01,0.01,76347.28,1776716139000
1776716140.938,40.938,0.34,0.35,0.64,0.66,0.01,0.02,76347.28,1776716139000
1776716141.283,41.283,0.33,0.35,0.66,0.67,0.02,0.01,76347.17,1776716140000
1776716141.631,41.631,0.32,0.33,0.67,0.68,0.01,0.01,76347.17,1776716140000
1776716142.257,42.257,0.32,0.33,0.67,0.68,0.01,0.01,76347.17,1776716140000
1776716142.639,42.639,0.32,0.33,0.67,0.68,0.01,0.01,76347.17,1776716140000
1776716143.041,43.041,0.32,0.33,0.67,0.68,0.01,0.01,76345.63,1776716141000
1776716143.451,43.451,0.34,0.35,0.65,0.66,0.01,0.01,76344.15,1776716142000
1776716143.787,43.787,0.37,0.38,0.62,0.63,0.01,0.01,76344.15,1776716142000
1776716144.14,44.14,0.38,0.39,0.61,0.62,0.01,0.01,76344.15,1776716142000
1776716144.512,44.512,0.39,0.41,0.6,0.61,0.02,0.01,76341.56,1776716143000
1776716144.906,44.906,0.41,0.42,0.58,0.59,0.01,0.01,76341.56,1776716143000
1776716145.294,45.294,0.41,0.42,0.58,0.59,0.01,0.01,76341.56,1776716143000
1776716145.637,45.637,0.41,0.42,0.58,0.59,0.01,0.01,76345.13,1776716144000
1776716145.984,45.984,0.41,0.42,0.58,0.59,0.01,0.01,76345.13,1776716144000
1776716146.486,46.486,0.42,0.43,0.57,0.59,0.01,0.02,76350.77,1776716145000
1776716146.826,46.826,0.42,0.43,0.57,0.58,0.01,0.01,76350.77,1776716145000
1776716147.179,47.179,0.42,0.43,0.57,0.58,0.01,0.01,76355.58,1776716146000
1776716147.525,47.525,0.42,0.44,0.57,0.58,0.02,0.01,76355.58,1776716146000
1776716147.972,47.972,0.43,0.44,0.56,0.58,0.01,0.02,76355.58,1776716146000
1776716148.394,48.394,0.43,0.44,0.56,0.57,0.01,0.01,76356.95,1776716147000
1776716149.062,49.062,0.43,0.44,0.56,0.57,0.01,0.01,76356.95,1776716147000
1776716149.511,49.511,0.43,0.44,0.56,0.57,0.01,0.01,76358.36,1776716148000
1776716150.023,50.023,0.43,0.44,0.56,0.57,0.01,0.01,76358.36,1776716148000
1776716150.467,50.467,0.43,0.44,0.56,0.57,0.01,0.01,76358.36,1776716148000
1776716150.802,50.802,0.43,0.44,0.56,0.57,0.01,0.01,76358.36,1776716148000
1776716151.179,51.179,0.43,0.44,0.56,0.57,0.01,0.01,76358.62,1776716149000
1776716151.532,51.532,0.43,0.44,0.56,0.57,0.01,0.01,76358.62,1776716149000
1776716151.868,51.868,0.43,0.45,0.55,0.57,0.02,0.02,76358.62,1776716149000
1776716152.347,52.347,0.48,0.5,0.5,0.53,0.02,0.03,76359.33,1776716150000
1776716152.714,52.714,0.49,0.5,0.5,0.51,0.01,0.01,76359.37,1776716151000
1776716153.087,53.087,0.49,0.5,0.5,0.51,0.01,0.01,76359.37,1776716151000
1776716153.465,53.465,0.49,0.51,0.49,0.51,0.02,0.02,76359.37,1776716151000
1776716153.87,53.87,0.52,0.53,0.46,0.48,0.01,0.02,76360.18,1776716152000
1776716154.207,54.207,0.52,0.54,0.46,0.48,0.02,0.02,76360.18,1776716152000
1776716154.596,54.596,0.57,0.58,0.42,0.43,0.01,0.01,76366.47,1776716153000
1776716155.023,55.023,0.57,0.58,0.42,0.43,0.01,0.01,76366.47,1776716153000
1776716155.395,55.395,0.57,0.58,0.42,0.43,0.01,0.01,76366.47,1776716153000
1776716155.76,55.76,0.57,0.58,0.42,0.43,0.01,0.01,76366.47,1776716153000
1776716156.093,56.093,0.56,0.57,0.43,0.44,0.01,0.01,76373.55,1776716154000
1776716156.504,56.504,0.56,0.57,0.43,0.44,0.01,0.01,76376.65,1776716155000
1776716157.092,57.092,0.56,0.57,0.43,0.44,0.01,0.01,76376.65,1776716155000
1776716157.579,57.579,0.56,0.57,0.43,0.44,0.01,0.01,76376.65,1776716155000
1776716157.976,57.976,0.56,0.57,0.43,0.44,0.01,0.01,76381.99,1776716156000
1776716158.37,58.37,0.56,0.57,0.43,0.44,0.01,0.01,76381.99,1776716156000
1776716158.704,58.704,0.56,0.57,0.43,0.44,0.01,0.01,76380.5,1776716157000
1776716159.132,59.132,0.55,0.56,0.43,0.44,0.01,0.01,76380.5,1776716157000
1776716159.483,59.483,0.55,0.56,0.44,0.45,0.01,0.01,76380.51,1776716158000
1776716160.119,60.119,0.55,0.56,0.44,0.45,0.01,0.01,76380.51,1776716158000
1776716160.492,60.492,0.54,0.55,0.45,0.46,0.01,0.01,76380.51,1776716158000
1776716160.912,60.912,0.53,0.55,0.45,0.47,0.02,0.02,76380.02,1776716159000
1776716161.301,61.301,0.53,0.54,0.46,0.47,0.01,0.01,76380.04,1776716160000
1776716161.643,61.643,0.53,0.54,0.46,0.47,0.01,0.01,76380.04,1776716160000
1776716162.024,62.024,0.53,0.54,0.46,0.47,0.01,0.01,76380.04,1776716160000
1776716162.476,62.476,0.53,0.54,0.46,0.47,0.01,0.01,76380.04,1776716160000
1776716162.905,62.905,0.53,0.54,0.46,0.47,0.01,0.01,76379.45,1776716161000
1776716163.258,63.258,0.53,0.54,0.46,0.47,0.01,0.01,76379.45,1776716161000
1776716163.675,63.675,0.53,0.54,0.46,0.47,0.01,0.01,76379.34,1776716162000
1776716164.14,64.14,0.53,0.54,0.46,0.47,0.01,0.01,76379.34,1776716162000
1776716164.5,64.5,0.53,0.55,0.46,0.47,0.02,0.01,76379.34,1776716162000
1776716165.179,65.179,0.54,0.55,0.45,0.47,0.01,0.02,76378.88,1776716163000
1776716165.759,65.759,0.55,0.56,0.44,0.45,0.01,0.01,76378.88,1776716164000
1776716166.199,66.199,0.55,0.56,0.44,0.45,0.01,0.01,76378.95,1776716165000
1776716166.686,66.686,0.55,0.56,0.44,0.45,0.01,0.01,76378.95,1776716165000
1776716167.254,67.254,0.55,0.56,0.44,0.45,0.01,0.01,76378.95,1776716165000
1776716167.749,67.749,0.55,0.56,0.44,0.45,0.01,0.01,76379.72,1776716166000
1776716168.1,68.1,0.55,0.56,0.44,0.45,0.01,0.01,76379.72,1776716166000
1776716168.438,68.438,0.55,0.56,0.44,0.45,0.01,0.01,76379.66,1776716167000
1776716168.877,68.877,0.55,0.56,0.44,0.45,0.01,0.01,76379.66,1776716167000
1776716169.283,69.283,0.55,0.56,0.44,0.45,0.01,0.01,76379.67,1776716168000
1776716169.886,69.886,0.55,0.56,0.44,0.45,0.01,0.01,76379.67,1776716168000
1776716170.223,70.223,0.55,0.56,0.44,0.45,0.01,0.01,76379.67,1776716169000
1776716170.594,70.594,0.55,0.56,0.44,0.45,0.01,0.01,76379.67,1776716169000
1776716170.988,70.988,0.55,0.56,0.44,0.45,0.01,0.01,76379.67,1776716169000
1776716171.421,71.421,0.55,0.56,0.44,0.45,0.01,0.01,76379.62,1776716170000
1776716171.843,71.843,0.55,0.56,0.44,0.45,0.01,0.01,76379.62,1776716170000
1776716172.525,72.525,0.54,0.56,0.44,0.46,0.02,0.02,76379.63,1776716171000
1776716173.134,73.134,0.54,0.55,0.44,0.46,0.01,0.02,76379.63,1776716171000
1776716173.668,73.668,0.54,0.55,0.45,0.46,0.01,0.01,76379.63,1776716172000
1776716174.093,74.093,0.54,0.55,0.45,0.46,0.01,0.01,76379.63,1776716172000
1776716174.446,74.446,0.54,0.55,0.45,0.46,0.01,0.01,76379.66,1776716173000
1776716175.157,75.157,0.54,0.55,0.45,0.46,0.01,0.01,76379.66,1776716173000
1776716175.736,75.736,0.54,0.55,0.45,0.46,0.01,0.01,76379.66,1776716174000
1776716176.105,76.105,0.54,0.55,0.45,0.46,0.01,0.01,76379.66,1776716174000
1776716176.735,76.735,0.54,0.55,0.45,0.46,0.01,0.01,76379.62,1776716175000
1776716177.19,77.19,0.54,0.55,0.45,0.46,0.01,0.01,76379.62,1776716175000
1776716177.682,77.682,0.54,0.55,0.45,0.46,0.01,0.01,76379.65,1776716176000
1776716178.138,78.138,0.54,0.55,0.45,0.46,0.01,0.01,76379.65,1776716176000
1776716178.734,78.734,0.54,0.55,0.45,0.46,0.01,0.01,76379.87,1776716177000
1776716179.135,79.135,0.54,0.55,0.45,0.46,0.01,0.01,76379.87,1776716177000
1776716179.547,79.547,0.54,0.55,0.45,0.46,0.01,0.01,76379.91,1776716178000
1776716179.93,79.93,0.54,0.55,0.45,0.46,0.01,0.01,76379.91,1776716179000
1776716180.966,80.966,0.54,0.55,0.45,0.46,0.01,0.01,76379.91,1776716179000
1776716181.345,81.345,0.54,0.55,0.45,0.46,0.01,0.01,76380.08,1776716180000
1776716181.92,81.92,0.54,0.55,0.45,0.46,0.01,0.01,76380.08,1776716180000
1776716182.37,82.37,0.54,0.55,0.45,0.46,0.01,0.01,76380.13,1776716181000
1776716183.141,83.141,0.54,0.55,0.45,0.46,0.01,0.01,76380.13,1776716181000
1776716183.596,83.596,0.49,0.5,0.5,0.51,0.01,0.01,76380.13,1776716181000
1776716183.981,83.981,0.49,0.5,0.5,0.51,0.01,0.01,76380.16,1776716182000
1776716184.314,84.314,0.49,0.5,0.5,0.51,0.01,0.01,76380.16,1776716182000
1776716184.689,84.689,0.49,0.5,0.5,0.51,0.01,0.01,76380.15,1776716183000
1776716185.034,85.034,0.49,0.5,0.5,0.51,0.01,0.01,76375.95,1776716184000
1776716185.445,85.445,0.49,0.5,0.5,0.51,0.01,0.01,76375.95,1776716184000
1776716185.877,85.877,0.49,0.5,0.5,0.51,0.01,0.01,76375.95,1776716184000
1776716186.439,86.439,0.49,0.5,0.5,0.51,0.01,0.01,76372.97,1776716185000
1776716186.817,86.817,0.49,0.5,0.5,0.51,0.01,0.01,76372.97,1776716185000
1776716187.226,87.226,0.49,0.5,0.5,0.51,0.01,0.01,76372.97,1776716186000
1776716188.018,88.018,0.49,0.5,0.5,0.51,0.01,0.01,76372.97,1776716186000
1776716188.378,88.378,0.49,0.5,0.5,0.51,0.01,0.01,76372.99,1776716187000
1776716189.108,89.108,0.49,0.5,0.5,0.51,0.01,0.01,76372.99,1776716187000
1776716189.444,89.444,0.49,0.5,0.5,0.51,0.01,0.01,76372.71,1776716188000
1776716189.82,89.82,0.49,0.5,0.5,0.51,0.01,0.01,76372.71,1776716188000
1776716190.153,90.153,0.49,0.5,0.5,0.51,0.01,0.01,76372.71,1776716189000
1776716190.516,90.516,0.49,0.5,0.5,0.51,0.01,0.01,76372.71,1776716189000
1776716190.861,90.861,0.49,0.5,0.5,0.51,0.01,0.01,76372.71,1776716189000
1776716191.276,91.276,0.51,0.52,0.48,0.49,0.01,0.01,76372.71,1776716190000
1776716191.71,91.71,0.51,0.52,0.48,0.49,0.01,0.01,76372.71,1776716190000
1776716192.122,92.122,0.51,0.52,0.48,0.49,0.01,0.01,76372.77,1776716191000
1776716192.518,92.518,0.51,0.52,0.48,0.49,0.01,0.01,76372.77,1776716191000
1776716193.128,93.128,0.51,0.52,0.48,0.49,0.01,0.01,76372.77,1776716191000
1776716193.535,93.535,0.51,0.52,0.48,0.49,0.01,0.01,76373.65,1776716192000
1776716194.175,94.175,0.51,0.52,0.48,0.49,0.01,0.01,76373.92,1776716193000
1776716194.614,94.614,0.5,0.51,0.49,0.5,0.01,0.01,76373.92,1776716193000
1776716195.021,95.021,0.47,0.48,0.51,0.53,0.01,0.02,76373.92,1776716193000
1776716195.623,95.623,0.47,0.48,0.52,0.53,0.01,0.01,76373.93,1776716194000
1776716195.969,95.969,0.47,0.48,0.52,0.53,0.01,0.01,76373.93,1776716194000
1776716196.306,96.306,0.47,0.48,0.52,0.53,0.01,0.01,76372.88,1776716195000
1776716196.717,96.717,0.47,0.48,0.52,0.53,0.01,0.01,76372.88,1776716195000
1776716197.117,97.117,0.47,0.48,0.52,0.53,0.01,0.01,76372.88,1776716195000
1776716197.559,97.559,0.44,0.45,0.52,0.56,0.01,0.04,76372.88,1776716195000
1776716197.937,97.937,0.42,0.43,0.57,0.58,0.01,0.01,76370.25,1776716196000
1776716198.3,98.3,0.42,0.43,0.57,0.58,0.01,0.01,76370.25,1776716197000
1776716198.761,98.761,0.43,0.44,0.56,0.58,0.01,0.02,76370.25,1776716197000
1776716199.15,99.15,0.43,0.44,0.56,0.57,0.01,0.01,76370.25,1776716197000
1776716199.814,99.814,0.43,0.44,0.56,0.57,0.01,0.01,76369.65,1776716198000
1776716200.214,100.214,0.43,0.44,0.56,0.57,0.01,0.01,76369.65,1776716198000
1776716200.628,100.628,0.43,0.44,0.56,0.57,0.01,0.01,76366.65,1776716199000
1776716201.123,101.123,0.43,0.44,0.56,0.57,0.01,0.01,76366.65,1776716199000
1776716201.491,101.491,0.43,0.44,0.56,0.57,0.01,0.01,76366.13,1776716200000
1776716201.943,101.943,0.43,0.44,0.56,0.57,0.01,0.01,76366.13,1776716201000
1776716202.338,102.338,0.43,0.44,0.56,0.57,0.01,0.01,76366.13,1776716201000
1776716202.696,102.696,0.43,0.44,0.56,0.57,0.01,0.01,76366.13,1776716201000
1776716203.097,103.097,0.43,0.44,0.56,0.57,0.01,0.01,76365.71,1776716202000
1776716203.433,103.433,0.43,0.44,0.56,0.57,0.01,0.01,76365.71,1776716202000
1776716203.806,103.806,0.43,0.44,0.56,0.57,0.01,0.01,76365.71,1776716202000
1776716204.267,104.267,0.43,0.44,0.56,0.57,0.01,0.01,76365.02,1776716203000
1776716204.742,104.742,0.43,0.44,0.56,0.57,0.01,0.01,76365.02,1776716203000
1776716205.092,105.092,0.43,0.44,0.56,0.57,0.01,0.01,76364.58,1776716204000
1776716205.918,105.918,0.43,0.44,0.56,0.57,0.01,0.01,76364.58,1776716204000
1776716206.301,106.301,0.43,0.44,0.56,0.57,0.01,0.01,76364.34,1776716205000
1776716206.889,106.889,0.43,0.44,0.56,0.57,0.01,0.01,76364.34,1776716205000
1776716207.393,107.393,0.43,0.44,0.56,0.57,0.01,0.01,76363.65,1776716206000
1776716207.865,107.865,0.43,0.44,0.56,0.57,0.01,0.01,76363.65,1776716206000
1776716208.393,108.393,0.43,0.44,0.56,0.57,0.01,0.01,76363.65,1776716206000
1776716208.775,108.775,0.43,0.44,0.56,0.57,0.01,0.01,76364.35,1776716207000
1776716209.257,109.257,0.43,0.44,0.56,0.57,0.01,0.01,76364.48,1776716208000
1776716209.977,109.977,0.43,0.44,0.56,0.57,0.01,0.01,76364.48,1776716208000
1776716210.311,110.311,0.43,0.44,0.56,0.57,0.01,0.01,76364.32,1776716209000
1776716210.655,110.655,0.43,0.44,0.56,0.57,0.01,0.01,76364.32,1776716209000
1776716211.059,111.059,0.43,0.44,0.56,0.57,0.01,0.01,76364.32,1776716209000
1776716211.523,111.523,0.43,0.44,0.56,0.57,0.01,0.01,76364.44,1776716210000
1776716211.959,111.959,0.43,0.44,0.56,0.57,0.01,0.01,76364.44,1776716210000
1776716212.293,112.293,0.43,0.44,0.56,0.57,0.01,0.01,76364.44,1776716211000
1776716212.755,112.755,0.43,0.44,0.56,0.57,0.01,0.01,76364.44,1776716211000
1776716213.137,113.137,0.43,0.44,0.56,0.57,0.01,0.01,76364.47,1776716212000
1776716213.752,113.752,0.41,0.43,0.56,0.58,0.02,0.02,76364.47,1776716212000
1776716214.091,114.091,0.4,0.41,0.59,0.6,0.01,0.01,76364.47,1776716213000
1776716214.443,114.443,0.35,0.38,0.62,0.65,0.03,0.03,76364.47,1776716213000
1776716214.792,114.792,0.35,0.36,0.64,0.65,0.01,0.01,76364.47,1776716213000
1776716215.145,115.145,0.34,0.35,0.65,0.66,0.01,0.01,76364.31,1776716214000
1776716215.492,115.492,0.34,0.35,0.65,0.66,0.01,0.01,76364.31,1776716214000
1776716215.938,115.938,0.33,0.34,0.65,0.66,0.01,0.01,76364.31,1776716214000
1776716216.575,116.575,0.33,0.34,0.66,0.67,0.01,0.01,76355.05,1776716215000
1776716216.912,116.912,0.33,0.34,0.66,0.67,0.01,0.01,76355.05,1776716215000
1776716217.522,117.522,0.33,0.34,0.66,0.67,0.01,0.01,76353.1,1776716216000
1776716217.863,117.863,0.33,0.34,0.66,0.67,0.01,0.01,76353.1,1776716216000
1776716218.314,118.314,0.28,0.31,0.69,0.72,0.03,0.03,76353.1,1776716216000
1776716218.671,118.671,0.3,0.31,0.69,0.7,0.01,0.01,76348.92,1776716217000
1776716219.023,119.023,0.41,0.45,0.52,0.59,0.04,0.07,76348.92,1776716218000
1776716219.4,119.4,0.41,0.45,0.55,0.59,0.04,0.04,76348.92,1776716218000
1776716219.784,119.784,0.41,0.42,0.58,0.59,0.01,0.01,76348.92,1776716218000
1776716220.341,120.341,0.41,0.42,0.58,0.59,0.01,0.01,76346.95,1776716219000
1776716220.701,120.701,0.43,0.45,0.56,0.57,0.02,0.01,76346.95,1776716219000
1776716221.054,121.054,0.44,0.45,0.55,0.56,0.01,0.01,76347.59,1776716220000
1776716221.387,121.387,0.44,0.45,0.55,0.56,0.01,0.01,76347.59,1776716220000
1776716221.755,121.755,0.46,0.5,0.5,0.54,0.04,0.04,76347.59,1776716220000
1776716222.187,122.187,0.5,0.51,0.49,0.51,0.01,0.02,76360.1,1776716221000
1776716222.535,122.535,0.5,0.51,0.49,0.5,0.01,0.01,76360.1,1776716221000
1776716222.923,122.923,0.5,0.51,0.49,0.5,0.01,0.01,76360.1,1776716221000
1776716223.47,123.47,0.5,0.51,0.49,0.5,0.01,0.01,76362.24,1776716222000
1776716223.867,123.867,0.5,0.51,0.49,0.5,0.01,0.01,76362.24,1776716222000
1776716224.284,124.284,0.5,0.51,0.49,0.5,0.01,0.01,76362.24,1776716222000
1776716224.679,124.679,0.5,0.51,0.49,0.5,0.01,0.01,76368.88,1776716223000
1776716225.106,125.106,0.5,0.51,0.49,0.5,0.01,0.01,76368.88,1776716223000
1776716225.505,125.505,0.5,0.51,0.49,0.5,0.01,0.01,76369.0,1776716224000
1776716225.909,125.909,0.46,0.5,0.5,0.51,0.04,0.01,76369.0,1776716224000
1776716226.415,126.415,0.44,0.45,0.55,0.56,0.01,0.01,76370.83,1776716225000
1776716226.946,126.946,0.44,0.45,0.55,0.56,0.01,0.01,76370.83,1776716225000
1776716227.606,127.606,0.44,0.45,0.55,0.56,0.01,0.01,76368.96,1776716226000
1776716228.023,128.023,0.44,0.45,0.55,0.56,0.01,0.01,76368.96,1776716226000
1776716228.546,128.546,0.44,0.45,0.55,0.56,0.01,0.01,76366.25,1776716227000
1776716228.894,128.894,0.44,0.45,0.55,0.56,0.01,0.01,76366.25,1776716227000
1776716229.302,129.302,0.44,0.45,0.55,0.56,0.01,0.01,76366.25,1776716227000
1776716229.989,129.989,0.44,0.45,0.55,0.56,0.01,0.01,76366.25,1776716228000
1776716230.469,130.469,0.44,0.45,0.55,0.56,0.01,0.01,76366.65,1776716229000
1776716230.886,130.886,0.44,0.45,0.55,0.56,0.01,0.01,76366.65,1776716230000
1776716231.321,131.321,0.44,0.45,0.55,0.56,0.01,0.01,76366.65,1776716230000
1776716231.782,131.782,0.44,0.45,0.55,0.56,0.01,0.01,76366.65,1776716230000
1776716232.322,132.322,0.44,0.45,0.55,0.56,0.01,0.01,76366.73,1776716231000
1776716232.718,132.718,0.44,0.45,0.55,0.56,0.01,0.01,76366.73,1776716231000
1776716233.158,133.158,0.44,0.45,0.55,0.56,0.01,0.01,76366.74,1776716232000
1776716234.063,134.063,0.44,0.45,0.55,0.56,0.01,0.01,76366.74,1776716233000
1776716234.546,134.546,0.44,0.45,0.55,0.56,0.01,0.01,76366.74,1776716233000
1776716234.993,134.993,0.44,0.45,0.55,0.56,0.01,0.01,76366.74,1776716233000
1776716235.742,135.742,0.44,0.45,0.55,0.56,0.01,0.01,76366.74,1776716234000
1776716236.262,136.262,0.44,0.45,0.55,0.56,0.01,0.01,76366.74,1776716235000
1776716236.756,136.756,0.44,0.45,0.55,0.56,0.01,0.01,76366.74,1776716235000
1776716237.097,137.097,0.44,0.45,0.55,0.56,0.01,0.01,76366.74,1776716235000
1776716237.483,137.483,0.43,0.44,0.56,0.59,0.01,0.03,76366.74,1776716235000
1776716237.829,137.829,0.43,0.44,0.56,0.57,0.01,0.01,76366.74,1776716236000
1776716238.405,138.405,0.43,0.44,0.56,0.57,0.01,0.01,76366.74,1776716236000
1776716239.113,139.113,0.41,0.42,0.57,0.59,0.01,0.02,76366.74,1776716237000
1776716239.584,139.584,0.41,0.42,0.58,0.59,0.01,0.01,76366.74,1776716237000
1776716240.388,140.388,0.41,0.42,0.58,0.59,0.01,0.01,76365.57,1776716239000
1776716240.753,140.753,0.4,0.42,0.58,0.6,0.02,0.02,76365.57,1776716239000
1776716241.095,141.095,0.39,0.4,0.6,0.61,0.01,0.01,76365.57,1776716239000
1776716241.531,141.531,0.39,0.4,0.6,0.61,0.01,0.01,76364.46,1776716240000
1776716241.89,141.89,0.39,0.4,0.6,0.61,0.01,0.01,76364.46,1776716240000
1776716242.355,142.355,0.39,0.4,0.6,0.61,0.01,0.01,76364.25,1776716241000
1776716242.966,142.966,0.38,0.4,0.6,0.61,0.02,0.01,76364.25,1776716241000
1776716243.333,143.333,0.37,0.38,0.62,0.63,0.01,0.01,76362.73,1776716242000
1776716243.675,143.675,0.37,0.38,0.62,0.63,0.01,0.01,76362.73,1776716242000
1776716244.267,144.267,0.37,0.38,0.62,0.63,0.01,0.01,76362.73,1776716242000
1776716244.689,144.689,0.37,0.38,0.62,0.63,0.01,0.01,76361.65,1776716243000
1776716245.052,145.052,0.37,0.38,0.62,0.63,0.01,0.01,76361.65,1776716243000
1776716245.568,145.568,0.37,0.38,0.62,0.63,0.01,0.01,76361.65,1776716243000
1776716245.924,145.924,0.37,0.38,0.62,0.63,0.01,0.01,76357.95,1776716244000
1776716246.361,146.361,0.37,0.38,0.62,0.63,0.01,0.01,76357.95,1776716245000
1776716246.869,146.869,0.37,0.38,0.62,0.63,0.01,0.01,76357.95,1776716245000
1776716247.446,147.446,0.37,0.38,0.62,0.63,0.01,0.01,76358.44,1776716246000
1776716247.796,147.796,0.37,0.38,0.62,0.63,0.01,0.01,76358.44,1776716246000
1776716248.146,148.146,0.37,0.39,0.62,0.63,0.02,0.01,76358.44,1776716246000
1776716248.867,148.867,0.38,0.39,0.61,0.63,0.01,0.02,76358.54,1776716247000
1776716249.252,149.252,0.38,0.39,0.61,0.62,0.01,0.01,76358.54,1776716247000
1776716250.041,150.041,0.38,0.39,0.61,0.62,0.01,0.01,76359.09,1776716248000
1776716250.379,150.379,0.38,0.39,0.61,0.62,0.01,0.01,76359.21,1776716249000
1776716250.812,150.812,0.38,0.39,0.61,0.62,0.01,0.01,76359.21,1776716249000
1776716251.179,151.179,0.38,0.39,0.61,0.62,0.01,0.01,76359.4,1776716250000
1776716251.558,151.558,0.38,0.39,0.61,0.62,0.01,0.01,76359.4,1776716250000
1776716251.895,151.895,0.38,0.41,0.61,0.62,0.03,0.01,76359.4,1776716250000
1776716252.228,152.228,0.54,0.56,0.44,0.46,0.02,0.02,76359.4,1776716250000
1776716252.562,152.562,0.54,0.56,0.44,0.46,0.02,0.02,76359.4,1776716250000
1776716252.909,152.909,0.54,0.69,0.44,0.46,0.15,0.02,76360.45,1776716251000
1776716253.243,153.243,0.65,0.67,0.33,0.35,0.02,0.02,76360.45,1776716251000
1776716253.577,153.577,0.65,0.67,0.33,0.34,0.02,0.01,76378.23,1776716252000
1776716253.911,153.911,0.66,0.67,0.33,0.34,0.01,0.01,76378.23,1776716252000
1776716254.274,154.274,0.66,0.67,0.33,0.34,0.01,0.01,76378.23,1776716252000
1776716254.612,154.612,0.66,0.67,0.33,0.34,0.01,0.01,76402.14,1776716253000
1776716254.961,154.961,0.66,0.67,0.33,0.34,0.01,0.01,76402.14,1776716253000
1776716255.312,155.312,0.66,0.67,0.33,0.34,0.01,0.01,76402.14,1776716253000
1776716255.652,155.652,0.66,0.67,0.33,0.34,0.01,0.01,76401.89,1776716254000
1776716256.015,156.015,0.65,0.66,0.34,0.35,0.01,0.01,76400.11,1776716255000
1776716256.558,156.558,0.6,0.61,0.39,0.4,0.01,0.01,76400.11,1776716255000
1776716256.916,156.916,0.54,0.55,0.45,0.46,0.01,0.01,76400.11,1776716255000
1776716257.251,157.251,0.54,0.55,0.45,0.46,0.01,0.01,76400.11,1776716255000
1776716257.631,157.631,0.54,0.55,0.45,0.46,0.01,0.01,76400.11,1776716255000
1776716258.047,158.047,0.54,0.55,0.45,0.46,0.01,0.01,76400.18,1776716256000
1776716258.381,158.381,0.54,0.55,0.45,0.46,0.01,0.01,76400.18,1776716256000
1776716258.727,158.727,0.54,0.55,0.45,0.46,0.01,0.01,76388.39,1776716257000
1776716259.079,159.079,0.54,0.55,0.45,0.46,0.01,0.01,76388.39,1776716257000
1776716259.426,159.426,0.54,0.55,0.45,0.46,0.01,0.01,76388.39,1776716257000
1776716259.759,159.759,0.55,0.56,0.44,0.45,0.01,0.01,76388.39,1776716257000
1776716260.132,160.132,0.55,0.56,0.44,0.45,0.01,0.01,76379.71,1776716258000
1776716260.805,160.805,0.55,0.56,0.44,0.45,0.01,0.01,76379.71,1776716258000
1776716261.181,161.181,0.55,0.56,0.44,0.45,0.01,0.01,76379.71,1776716258000
1776716261.688,161.688,0.53,0.54,0.46,0.47,0.01,0.01,76380.16,1776716259000
1776716262.054,162.054,0.53,0.54,0.46,0.47,0.01,0.01,76380.16,1776716259000
1776716262.394,162.394,0.53,0.59,0.46,0.47,0.06,0.01,76380.16,1776716259000
1776716262.81,162.81,0.57,0.59,0.41,0.42,0.02,0.01,76380.16,1776716260000
1776716263.238,163.238,0.57,0.58,0.41,0.43,0.01,0.02,76380.16,1776716260000
1776716263.914,163.914,0.57,0.58,0.42,0.43,0.01,0.01,76380.26,1776716261000
1776716264.297,164.297,0.57,0.58,0.42,0.43,0.01,0.01,76380.26,1776716261000
1776716264.649,164.649,0.57,0.58,0.42,0.43,0.01,0.01,76379.88,1776716262000
1776716265.059,165.059,0.57,0.58,0.42,0.43,0.01,0.01,76379.88,1776716262000
1776716265.533,165.533,0.56,0.58,0.42,0.44,0.02,0.02,76379.12,1776716263000
1776716265.897,165.897,0.56,0.58,0.43,0.44,0.02,0.01,76379.12,1776716263000
1776716266.3,166.3,0.6,0.61,0.39,0.4,0.01,0.01,76379.12,1776716263000
1776716266.76,166.76,0.6,0.61,0.39,0.4,0.01,0.01,76379.35,1776716264000
1776716267.303,167.303,0.58,0.59,0.41,0.42,0.01,0.01,76379.35,1776716264000
1776716267.701,167.701,0.56,0.57,0.43,0.44,0.01,0.01,76379.26,1776716265000
1776716268.043,168.043,0.56,0.57,0.43,0.44,0.01,0.01,76379.26,1776716265000
1776716268.574,168.574,0.56,0.57,0.43,0.44,0.01,0.01,76379.42,1776716266000
1776716269.008,169.008,0.56,0.57,0.43,0.44,0.01,0.01,76381.2,1776716267000
1776716269.352,169.352,0.56,0.57,0.43,0.44,0.01,0.01,76381.2,1776716267000
1776716269.814,169.814,0.56,0.57,0.43,0.44,0.01,0.01,76381.2,1776716267000
1776716270.172,170.172,0.56,0.57,0.43,0.44,0.01,0.01,76382.25,1776716268000
1776716270.638,170.638,0.55,0.56,0.44,0.45,0.01,0.01,76382.25,1776716268000
1776716271.085,171.085,0.55,0.56,0.44,0.45,0.01,0.01,76379.77,1776716270000
1776716271.587,171.587,0.56,0.57,0.43,0.45,0.01,0.02,76379.77,1776716270000
1776716271.949,171.949,0.56,0.57,0.43,0.44,0.01,0.01,76379.77,1776716270000
1776716272.518,172.518,0.56,0.57,0.43,0.44,0.01,0.01,76379.61,1776716271000
1776716273.089,173.089,0.56,0.57,0.43,0.44,0.01,0.01,76379.61,1776716271000
1776716273.519,173.519,0.56,0.57,0.43,0.44,0.01,0.01,76379.63,1776716272000
1776716273.974,173.974,0.56,0.57,0.43,0.44,0.01,0.01,76379.63,1776716272000
1776716274.422,174.422,0.56,0.58,0.43,0.44,0.02,0.01,76379.78,1776716273000
1776716274.772,174.772,0.57,0.58,0.42,0.43,0.01,0.01,76379.78,1776716273000
1776716275.195,175.195,0.57,0.58,0.42,0.43,0.01,0.01,76379.78,1776716273000
1776716275.705,175.705,0.57,0.58,0.42,0.43,0.01,0.01,76379.57,1776716274000
1776716276.064,176.064,0.54,0.57,0.43,0.45,0.03,0.02,76379.61,1776716275000
1776716276.404,176.404,0.53,0.54,0.45,0.47,0.01,0.02,76379.61,1776716275000
1776716276.749,176.749,0.53,0.54,0.46,0.47,0.01,0.01,76379.61,1776716275000
1776716277.249,177.249,0.53,0.54,0.46,0.47,0.01,0.01,76379.9,1776716276000
1776716277.621,177.621,0.53,0.54,0.46,0.47,0.01,0.01,76379.9,1776716276000
1776716278.376,178.376,0.53,0.54,0.46,0.47,0.01,0.01,76378.78,1776716277000
1776716278.911,178.911,0.53,0.54,0.46,0.47,0.01,0.01,76378.78,1776716277000
1776716279.34,179.34,0.53,0.54,0.46,0.47,0.01,0.01,76375.83,1776716278000
1776716279.948,179.948,0.53,0.54,0.46,0.47,0.01,0.01,76375.83,1776716278000
1776716280.332,180.332,0.55,0.56,0.44,0.47,0.01,0.03,76375.83,1776716278000
1776716280.742,180.742,0.55,0.56,0.44,0.45,0.01,0.01,76376.68,1776716279000
1776716281.131,181.131,0.55,0.56,0.44,0.45,0.01,0.01,76377.02,1776716280000
1776716281.657,181.657,0.55,0.56,0.44,0.45,0.01,0.01,76377.02,1776716280000
1776716282.004,182.004,0.55,0.56,0.44,0.45,0.01,0.01,76377.02,1776716280000
1776716282.669,182.669,0.55,0.56,0.44,0.45,0.01,0.01,76377.06,1776716281000
1776716283.428,183.428,0.55,0.56,0.44,0.45,0.01,0.01,76378.29,1776716282000
1776716283.818,183.818,0.55,0.56,0.44,0.45,0.01,0.01,76378.29,1776716282000
1776716284.154,184.154,0.55,0.56,0.44,0.45,0.01,0.01,76380.72,1776716283000
1776716284.693,184.693,0.55,0.56,0.44,0.45,0.01,0.01,76380.72,1776716283000
1776716285.249,185.249,0.55,0.56,0.44,0.45,0.01,0.01,76380.72,1776716283000
1776716285.734,185.734,0.55,0.56,0.44,0.45,0.01,0.01,76380.57,1776716284000
1776716286.072,186.072,0.55,0.56,0.44,0.45,0.01,0.01,76380.57,1776716285000
1776716286.505,186.505,0.55,0.56,0.44,0.45,0.01,0.01,76380.57,1776716285000
1776716287.108,187.108,0.55,0.56,0.44,0.45,0.01,0.01,76380.57,1776716285000
1776716287.756,187.756,0.55,0.56,0.44,0.45,0.01,0.01,76379.48,1776716286000
1776716288.103,188.103,0.55,0.56,0.44,0.45,0.01,0.01,76379.48,1776716286000
1776716288.616,188.616,0.55,0.56,0.44,0.45,0.01,0.01,76379.04,1776716287000
1776716288.965,188.965,0.55,0.56,0.44,0.45,0.01,0.01,76379.04,1776716287000
1776716289.435,189.435,0.55,0.56,0.44,0.45,0.01,0.01,76379.34,1776716288000
1776716289.827,189.827,0.55,0.56,0.44,0.45,0.01,0.01,76379.34,1776716288000
1776716290.766,190.766,0.55,0.56,0.44,0.45,0.01,0.01,76379.34,1776716289000
1776716291.107,191.107,0.63,0.64,0.33,0.37,0.01,0.04,76375.86,1776716290000
1776716291.468,191.468,0.63,0.64,0.35,0.37,0.01,0.02,76375.86,1776716290000
1776716291.806,191.806,0.63,0.66,0.34,0.37,0.03,0.03,76375.86,1776716290000
1776716292.139,192.139,0.71,0.72,0.28,0.29,0.01,0.01,76376.45,1776716291000
1776716292.517,192.517,0.71,0.72,0.28,0.29,0.01,0.01,76376.45,1776716291000
1776716292.946,192.946,0.71,0.72,0.28,0.29,0.01,0.01,76376.45,1776716291000
1776716293.288,193.288,0.71,0.73,0.28,0.29,0.02,0.01,76385.75,1776716292000
1776716293.691,193.691,0.72,0.73,0.27,0.28,0.01,0.01,76385.75,1776716292000
1776716294.111,194.111,0.72,0.73,0.27,0.28,0.01,0.01,76385.75,1776716292000
1776716294.598,194.598,0.72,0.73,0.27,0.28,0.01,0.01,76385.75,1776716292000
1776716294.98,194.98,0.73,0.74,0.26,0.27,0.01,0.01,76392.52,1776716293000
1776716295.332,195.332,0.74,0.75,0.25,0.26,0.01,0.01,76392.52,1776716293000
1776716295.666,195.666,0.78,0.8,0.2,0.22,0.02,0.02,76392.52,1776716293000
1776716296.014,196.014,0.79,0.8,0.2,0.21,0.01,0.01,76392.52,1776716293000
1776716296.363,196.363,0.8,0.81,0.19,0.2,0.01,0.01,76392.52,1776716293000
1776716296.794,196.794,0.8,0.81,0.19,0.2,0.01,0.01,76393.84,1776716294000
1776716297.348,197.348,0.8,0.81,0.19,0.2,0.01,0.01,76396.12,1776716296000
1776716297.715,197.715,0.8,0.81,0.19,0.2,0.01,0.01,76396.12,1776716296000
1776716298.193,198.193,0.8,0.81,0.19,0.2,0.01,0.01,76396.12,1776716296000
1776716298.575,198.575,0.8,0.81,0.19,0.2,0.01,0.01,76396.12,1776716296000
1776716298.922,198.922,0.81,0.82,0.18,0.19,0.01,0.01,76404.33,1776716297000
1776716299.308,199.308,0.81,0.82,0.18,0.19,0.01,0.01,76406.28,1776716298000
1776716299.914,199.914,0.8,0.82,0.18,0.19,0.02,0.01,76406.28,1776716298000
1776716300.252,200.252,0.78,0.79,0.21,0.22,0.01,0.01,76406.28,1776716298000
1776716300.691,200.691,0.78,0.79,0.21,0.22,0.01,0.01,76406.28,1776716298000
1776716301.265,201.265,0.78,0.79,0.21,0.22,0.01,0.01,76406.71,1776716299000
1776716301.618,201.618,0.68,0.69,0.31,0.32,0.01,0.01,76405.68,1776716300000
1776716302.032,202.032,0.68,0.69,0.31,0.32,0.01,0.01,76405.68,1776716300000
1776716302.41,202.41,0.68,0.69,0.31,0.32,0.01,0.01,76405.68,1776716300000
1776716302.789,202.789,0.68,0.69,0.31,0.32,0.01,0.01,76403.67,1776716301000
1776716303.135,203.135,0.68,0.69,0.31,0.32,0.01,0.01,76403.67,1776716301000
1776716303.679,203.679,0.68,0.69,0.31,0.32,0.01,0.01,76396.13,1776716302000
1776716304.051,204.051,0.68,0.7,0.31,0.32,0.02,0.01,76391.79,1776716303000
1776716304.866,204.866,0.68,0.69,0.31,0.32,0.01,0.01,76391.79,1776716303000
1776716305.228,205.228,0.68,0.69,0.31,0.32,0.01,0.01,76391.79,1776716303000
1776716305.936,205.936,0.68,0.69,0.31,0.32,0.01,0.01,76390.92,1776716304000
1776716306.273,206.273,0.68,0.69,0.31,0.32,0.01,0.01,76390.92,1776716304000
1776716306.606,206.606,0.68,0.69,0.31,0.32,0.01,0.01,76390.92,1776716304000
1776716306.976,206.976,0.68,0.69,0.31,0.32,0.01,0.01,76389.8,1776716305000
1776716307.444,207.444,0.68,0.69,0.31,0.32,0.01,0.01,76389.8,1776716305000
1776716307.861,207.861,0.61,0.62,0.38,0.39,0.01,0.01,76390.56,1776716306000
1776716308.221,208.221,0.61,0.62,0.38,0.39,0.01,0.01,76390.56,1776716306000
1776716308.629,208.629,0.65,0.66,0.34,0.35,0.01,0.01,76390.56,1776716307000
1776716309.013,209.013,0.65,0.66,0.34,0.35,0.01,0.01,76390.56,1776716307000
1776716309.352,209.352,0.65,0.66,0.34,0.35,0.01,0.01,76388.08,1776716308000
1776716309.772,209.772,0.65,0.66,0.34,0.35,0.01,0.01,76388.08,1776716308000
1776716310.278,210.278,0.65,0.66,0.34,0.35,0.01,0.01,76388.08,1776716308000
1776716310.637,210.637,0.65,0.66,0.34,0.35,0.01,0.01,76387.35,1776716309000
1776716311.036,211.036,0.65,0.66,0.34,0.35,0.01,0.01,76387.35,1776716309000
1776716311.402,211.402,0.65,0.66,0.34,0.35,0.01,0.01,76387.99,1776716310000
1776716311.784,211.784,0.65,0.66,0.34,0.35,0.01,0.01,76387.99,1776716310000
1776716312.123,212.123,0.65,0.66,0.34,0.35,0.01,0.01,76387.99,1776716310000
1776716312.468,212.468,0.65,0.66,0.34,0.35,0.01,0.01,76387.99,1776716310000
1776716312.86,212.86,0.65,0.66,0.34,0.35,0.01,0.01,76387.99,1776716310000
1776716313.207,213.207,0.65,0.66,0.34,0.35,0.01,0.01,76388.3,1776716311000
1776716313.582,213.582,0.65,0.66,0.34,0.35,0.01,0.01,76388.36,1776716312000
1776716314.003,214.003,0.65,0.66,0.34,0.35,0.01,0.01,76388.36,1776716312000
1776716314.487,214.487,0.65,0.66,0.34,0.35,0.01,0.01,76388.37,1776716313000
1776716314.895,214.895,0.65,0.66,0.34,0.35,0.01,0.01,76388.37,1776716313000
1776716315.354,215.354,0.65,0.66,0.34,0.35,0.01,0.01,76387.82,1776716314000
1776716315.693,215.693,0.65,0.66,0.34,0.35,0.01,0.01,76387.82,1776716314000
1776716316.307,216.307,0.65,0.66,0.34,0.35,0.01,0.01,76387.31,1776716315000
1776716316.782,216.782,0.65,0.66,0.34,0.35,0.01,0.01,76387.31,1776716315000
1776716317.463,217.463,0.65,0.67,0.34,0.35,0.02,0.01,76386.87,1776716316000
1776716317.877,217.877,0.66,0.67,0.33,0.34,0.01,0.01,76386.87,1776716316000
1776716318.229,218.229,0.72,0.73,0.27,0.28,0.01,0.01,76386.87,1776716317000
1776716318.597,218.597,0.72,0.74,0.27,0.28,0.02,0.01,76386.87,1776716317000
1776716318.957,218.957,0.72,0.73,0.27,0.28,0.01,0.01,76386.87,1776716317000
1776716319.581,219.581,0.73,0.74,0.26,0.28,0.01,0.02,76386.95,1776716318000
1776716319.942,219.942,0.72,0.73,0.27,0.28,0.01,0.01,76386.95,1776716318000
1776716320.304,220.304,0.72,0.73,0.27,0.28,0.01,0.01,76386.95,1776716318000
1776716320.756,220.756,0.72,0.73,0.27,0.28,0.01,0.01,76388.73,1776716319000
1776716321.164,221.164,0.73,0.74,0.26,0.27,0.01,0.01,76388.73,1776716319000
1776716321.527,221.527,0.73,0.74,0.26,0.27,0.01,0.01,76390.3,1776716320000
1776716321.98,221.98,0.72,0.73,0.27,0.28,0.01,0.01,76390.3,1776716320000
1776716322.406,222.406,0.72,0.73,0.27,0.28,0.01,0.01,76389.67,1776716321000
1776716322.75,222.75,0.71,0.73,0.27,0.28,0.02,0.01,76389.67,1776716321000
1776716323.181,223.181,0.71,0.72,0.28,0.29,0.01,0.01,76389.67,1776716321000
1776716323.573,223.573,0.71,0.72,0.28,0.29,0.01,0.01,76387.85,1776716322000
1776716323.933,223.933,0.7,0.72,0.28,0.3,0.02,0.02,76387.85,1776716323000
1776716324.328,224.328,0.7,0.71,0.29,0.3,0.01,0.01,76387.85,1776716323000
1776716324.727,224.727,0.7,0.71,0.29,0.3,0.01,0.01,76387.85,1776716323000
1776716325.221,225.221,0.7,0.71,0.29,0.3,0.01,0.01,76387.96,1776716324000
1776716325.685,225.685,0.7,0.71,0.29,0.3,0.01,0.01,76387.96,1776716324000
1776716326.047,226.047,0.7,0.71,0.29,0.3,0.01,0.01,76388.88,1776716325000
1776716326.564,226.564,0.7,0.71,0.28,0.3,0.01,0.02,76388.88,1776716325000
1776716327.23,227.23,0.7,0.71,0.29,0.3,0.01,0.01,76388.88,1776716325000
1776716327.584,227.584,0.69,0.7,0.3,0.31,0.01,0.01,76388.88,1776716325000
1776716327.928,227.928,0.71,0.72,0.28,0.31,0.01,0.03,76388.29,1776716326000
1776716328.302,228.302,0.75,0.76,0.24,0.25,0.01,0.01,76388.29,1776716327000
1776716328.679,228.679,0.76,0.77,0.23,0.24,0.01,0.01,76388.29,1776716327000
1776716329.041,229.041,0.76,0.77,0.23,0.24,0.01,0.01,76388.29,1776716327000
1776716329.454,229.454,0.76,0.77,0.23,0.24,0.01,0.01,76388.29,1776716327000
1776716329.809,229.809,0.76,0.77,0.23,0.24,0.01,0.01,76387.75,1776716328000
1776716330.165,230.165,0.76,0.78,0.23,0.24,0.02,0.01,76388.59,1776716329000
1776716330.604,230.604,0.77,0.78,0.22,0.23,0.01,0.01,76388.59,1776716329000
1776716331.082,231.082,0.77,0.78,0.22,0.23,0.01,0.01,76390.88,1776716330000
1776716331.512,231.512,0.77,0.78,0.22,0.23,0.01,0.01,76390.88,1776716330000
1776716332.097,232.097,0.77,0.78,0.22,0.23,0.01,0.01,76390.88,1776716330000
1776716332.476,232.476,0.77,0.78,0.22,0.23,0.01,0.01,76392.17,1776716331000
1776716332.938,232.938,0.77,0.78,0.22,0.23,0.01,0.01,76392.17,1776716331000
1776716333.289,233.289,0.75,0.78,0.22,0.25,0.03,0.03,76392.85,1776716332000
1776716333.727,233.727,0.78,0.79,0.21,0.22,0.01,0.01,76392.85,1776716332000
1776716334.182,234.182,0.78,0.79,0.21,0.22,0.01,0.01,76392.76,1776716333000
1776716334.62,234.62,0.78,0.79,0.21,0.22,0.01,0.01,76392.76,1776716333000
1776716334.977,234.977,0.78,0.79,0.21,0.22,0.01,0.01,76392.76,1776716333000
1776716335.315,235.315,0.78,0.79,0.21,0.22,0.01,0.01,76392.76,1776716333000
1776716335.727,235.727,0.78,0.79,0.21,0.22,0.01,0.01,76394.27,1776716334000
1776716336.06,236.06,0.78,0.79,0.21,0.22,0.01,0.01,76394.27,1776716334000
1776716336.44,236.44,0.78,0.8,0.2,0.22,0.02,0.02,76394.59,1776716335000
1776716337.145,237.145,0.79,0.8,0.2,0.21,0.01,0.01,76394.59,1776716335000
1776716337.479,237.479,0.79,0.8,0.2,0.21,0.01,0.01,76394.59,1776716335000
1776716337.881,237.881,0.77,0.78,0.22,0.23,0.01,0.01,76394.6,1776716336000
1776716338.233,238.233,0.75,0.76,0.23,0.25,0.01,0.02,76394.61,1776716337000
1776716338.57,238.57,0.74,0.75,0.25,0.26,0.01,0.01,76394.61,1776716337000
1776716339.23,239.23,0.74,0.75,0.25,0.26,0.01,0.01,76391.79,1776716338000
1776716339.606,239.606,0.74,0.75,0.25,0.26,0.01,0.01,76391.79,1776716338000
1776716340.231,240.231,0.74,0.75,0.25,0.26,0.01,0.01,76391.79,1776716338000
1776716340.579,240.579,0.74,0.75,0.25,0.26,0.01,0.01,76389.16,1776716339000
1776716340.95,240.95,0.73,0.74,0.26,0.27,0.01,0.01,76389.16,1776716339000
1776716341.385,241.385,0.68,0.7,0.29,0.31,0.02,0.02,76389.16,1776716339000
1776716341.772,241.772,0.69,0.7,0.3,0.31,0.01,0.01,76387.91,1776716340000
1776716342.314,242.314,0.68,0.69,0.31,0.32,0.01,0.01,76387.91,1776716340000
1776716342.708,242.708,0.68,0.69,0.31,0.32,0.01,0.01,76387.12,1776716341000
1776716343.059,243.059,0.68,0.69,0.31,0.32,0.01,0.01,76387.12,1776716341000
1776716343.412,243.412,0.68,0.69,0.31,0.32,0.01,0.01,76386.91,1776716342000
1776716343.803,243.803,0.68,0.69,0.31,0.32,0.01,0.01,76386.91,1776716342000
1776716344.245,244.245,0.68,0.69,0.31,0.32,0.01,0.01,76386.58,1776716343000
1776716344.656,244.656,0.68,0.69,0.31,0.32,0.01,0.01,76386.58,1776716343000
1776716345.085,245.085,0.68,0.69,0.31,0.32,0.01,0.01,76386.58,1776716343000
1776716345.535,245.535,0.68,0.69,0.31,0.32,0.01,0.01,76386.31,1776716344000
1776716346.191,246.191,0.68,0.69,0.31,0.32,0.01,0.01,76385.83,1776716345000
1776716346.612,246.612,0.68,0.69,0.31,0.32,0.01,0.01,76385.83,1776716345000
1776716347.256,247.256,0.68,0.69,0.31,0.32,0.01,0.01,76386.24,1776716346000
1776716348.22,248.22,0.68,0.69,0.31,0.32,0.01,0.01,76384.13,1776716347000
1776716348.835,248.835,0.68,0.69,0.31,0.32,0.01,0.01,76384.13,1776716347000
1776716349.255,249.255,0.68,0.69,0.31,0.32,0.01,0.01,76384.13,1776716348000
1776716349.589,249.589,0.81,0.85,0.15,0.19,0.04,0.04,76384.13,1776716348000
1776716349.923,249.923,0.88,0.89,0.11,0.12,0.01,0.01,76384.13,1776716348000
1776716350.263,250.263,0.88,0.89,0.11,0.12,0.01,0.01,76383.87,1776716349000
1776716350.601,250.601,0.88,0.89,0.11,0.12,0.01,0.01,76383.87,1776716349000
1776716350.952,250.952,0.88,0.89,0.11,0.12,0.01,0.01,76383.87,1776716349000
1776716351.476,251.476,0.88,0.89,0.11,0.12,0.01,0.01,76393.39,1776716350000
1776716351.813,251.813,0.88,0.89,0.11,0.12,0.01,0.01,76393.39,1776716350000
1776716352.157,252.157,0.88,0.89,0.11,0.12,0.01,0.01,76393.39,1776716350000
1776716352.723,252.723,0.88,0.89,0.11,0.12,0.01,0.01,76400.8,1776716351000
1776716353.074,253.074,0.88,0.89,0.11,0.12,0.01,0.01,76400.8,1776716351000
1776716353.432,253.432,0.86,0.87,0.13,0.14,0.01,0.01,76405,1776716352000
1776716353.793,253.793,0.86,0.87,0.13,0.14,0.01,0.01,76405,1776716352000
1776716354.173,254.173,0.86,0.87,0.13,0.14,0.01,0.01,76405,1776716352000
1776716354.593,254.593,0.86,0.87,0.13,0.14,0.01,0.01,76405,1776716352000
1776716355.059,255.059,0.86,0.87,0.13,0.14,0.01,0.01,76404.28,1776716353000
1776716355.472,255.472,0.86,0.87,0.13,0.14,0.01,0.01,76404.28,1776716353000
1776716355.845,255.845,0.85,0.87,0.13,0.15,0.02,0.02,76404.28,1776716354000
1776716356.192,256.192,0.79,0.8,0.2,0.21,0.01,0.01,76404.38,1776716355000
1776716356.534,256.534,0.82,0.83,0.17,0.18,0.01,0.01,76404.38,1776716355000
1776716356.894,256.894,0.84,0.85,0.15,0.16,0.01,0.01,76404.38,1776716355000
1776716357.231,257.231,0.84,0.85,0.15,0.16,0.01,0.01,76403.6,1776716356000
1776716357.581,257.581,0.85,0.86,0.14,0.15,0.01,0.01,76403.6,1776716356000
1776716357.946,257.946,0.85,0.86,0.14,0.15,0.01,0.01,76403.6,1776716356000
1776716358.421,258.421,0.86,0.87,0.13,0.14,0.01,0.01,76403.6,1776716356000
1776716358.832,258.832,0.86,0.87,0.13,0.14,0.01,0.01,76403.6,1776716356000
1776716359.172,259.172,0.88,0.89,0.11,0.12,0.01,0.01,76403.6,1776716356000
1776716359.588,259.588,0.88,0.89,0.11,0.12,0.01,0.01,76403.6,1776716356000
1776716359.966,259.966,0.88,0.89,0.11,0.12,0.01,0.01,76403.6,1776716356000
1776716360.358,260.358,0.87,0.88,0.11,0.12,0.01,0.01,76403.6,1776716356000
1776716360.818,260.818,0.87,0.88,0.12,0.13,0.01,0.01,76403.6,1776716356000
1776716361.282,261.282,0.87,0.88,0.12,0.13,0.01,0.01,76403.6,1776716356000
1776716361.638,261.638,0.87,0.9,0.12,0.13,0.03,0.01,76403.6,1776716356000
1776716361.988,261.988,0.89,0.9,0.1,0.11,0.01,0.01,76403.6,1776716356000
1776716362.439,262.439,0.89,0.9,0.1,0.11,0.01,0.01,76403.6,1776716356000
1776716362.788,262.788,0.89,0.9,0.1,0.11,0.01,0.01,76403.6,1776716356000
1776716363.131,263.131,0.89,0.9,0.1,0.12,0.01,0.02,76403.6,1776716356000
1776716363.941,263.941,0.89,0.9,0.1,0.11,0.01,0.01,76403.6,1776716356000
1776716364.397,264.397,0.9,0.92,0.09,0.1,0.02,0.01,76403.6,1776716356000
1776716364.751,264.751,0.91,0.92,0.08,0.09,0.01,0.01,76400.95,1776716363000
1776716365.127,265.127,0.91,0.92,0.08,0.09,0.01,0.01,76400.95,1776716363000
1776716365.512,265.512,0.91,0.92,0.08,0.09,0.01,0.01,76400.95,1776716364000
1776716365.855,265.855,0.91,0.92,0.08,0.09,0.01,0.01,76400.95,1776716364000
1776716366.192,266.192,0.92,0.93,0.07,0.08,0.01,0.01,76401.11,1776716365000
1776716366.541,266.541,0.93,0.94,0.06,0.07,0.01,0.01,76401.11,1776716365000
1776716366.916,266.916,0.92,0.93,0.07,0.08,0.01,0.01,76401.11,1776716365000
1776716367.294,267.294,0.92,0.93,0.07,0.08,0.01,0.01,76401.11,1776716365000
1776716367.774,267.774,0.93,0.94,0.06,0.07,0.01,0.01,76401.11,1776716366000
1776716368.132,268.132,0.93,0.94,0.06,0.07,0.01,0.01,76401.11,1776716367000
1776716368.612,268.612,0.93,0.94,0.06,0.07,0.01,0.01,76401.11,1776716367000
1776716369.045,269.045,0.93,0.94,0.06,0.07,0.01,0.01,76401.11,1776716367000
1776716369.567,269.567,0.93,0.94,0.06,0.07,0.01,0.01,76401.25,1776716368000
1776716369.958,269.958,0.93,0.94,0.06,0.07,0.01,0.01,76401.25,1776716368000
1776716370.346,270.346,0.91,0.95,0.08,0.09,0.04,0.01,76402.38,1776716369000
1776716370.687,270.687,0.94,0.95,0.05,0.06,0.01,0.01,76402.38,1776716369000
1776716371.067,271.067,0.94,0.95,0.05,0.06,0.01,0.01,76402.38,1776716369000
1776716371.48,271.48,0.94,0.95,0.05,0.06,0.01,0.01,76404.97,1776716370000
1776716371.958,271.958,0.94,0.95,0.05,0.06,0.01,0.01,76404.97,1776716370000
1776716372.362,272.362,0.93,0.94,0.06,0.07,0.01,0.01,76404.59,1776716371000
1776716372.859,272.859,0.94,0.95,0.05,0.07,0.01,0.02,76404.59,1776716371000
1776716373.206,273.206,0.93,0.95,0.06,0.07,0.02,0.01,76404.59,1776716371000
1776716373.603,273.603,0.94,0.95,0.05,0.06,0.01,0.01,76404.28,1776716372000
1776716373.985,273.985,0.94,0.95,0.05,0.06,0.01,0.01,76404.28,1776716372000
1776716374.342,274.342,0.94,0.95,0.05,0.06,0.01,0.01,76404.28,1776716373000
1776716374.715,274.715,0.93,0.95,0.05,0.06,0.02,0.01,76404.28,1776716373000
1776716375.261,275.261,0.95,0.96,0.04,0.05,0.01,0.01,76404.03,1776716374000
1776716375.618,275.618,0.96,0.97,0.03,0.04,0.01,0.01,76404.03,1776716374000
1776716375.992,275.992,0.96,0.97,0.03,0.04,0.01,0.01,76404.03,1776716374000
1776716376.33,276.33,0.97,0.98,0.02,0.03,0.01,0.01,76403.81,1776716375000
1776716376.67,276.67,0.98,0.99,0.01,0.02,0.01,0.01,76403.81,1776716375000
1776716377.01,277.01,0.98,0.99,0.01,0.02,0.01,0.01,76403.81,1776716375000
1776716377.35,277.35,0.98,0.99,0.01,0.02,0.01,0.01,76408.21,1776716376000
1776716377.684,277.684,0.98,0.99,0.01,0.02,0.01,0.01,76408.21,1776716376000
1776716378.019,278.019,0.98,0.99,0.01,0.02,0.01,0.01,76408.21,1776716376000
1776716378.362,278.362,0.98,0.99,0.01,0.02,0.01,0.01,76432.55,1776716377000
1776716378.736,278.736,0.98,0.99,0.01,0.02,0.01,0.01,76432.55,1776716377000
1776716379.139,279.139,0.99,0.99,0.01,0.01,0.0,0.0,76432.55,1776716377000
1776716379.493,279.493,0.99,0.99,0.01,0.01,0.0,0.0,76432.71,1776716378000
1776716380.018,280.018,0.99,0.99,0.01,0.01,0.0,0.0,76432.71,1776716378000
1776716380.474,280.474,0.99,0.99,0.01,0.01,0.0,0.0,76432.71,1776716378000
1776716380.85,280.85,0.99,0.99,0.01,0.01,0.0,0.0,76435.03,1776716379000
1776716381.21,281.21,0.99,0.99,0.01,0.01,0.0,0.0,76435.03,1776716379000
1776716381.77,281.77,0.99,0.99,0.01,0.01,0.0,0.0,76435.38,1776716380000
1776716382.444,282.444,0.99,0.99,0.01,0.01,0.0,0.0,76435.38,1776716380000
1776716382.878,282.878,0.99,0.99,0.01,0.01,0.0,0.0,76432.87,1776716381000
1776716383.282,283.282,0.99,0.99,0.01,0.01,0.0,0.0,76432.76,1776716382000
1776716383.778,283.778,0.99,0.99,0.01,0.01,0.0,0.0,76432.76,1776716382000
1776716384.24,284.24,0.99,0.99,0.01,0.01,0.0,0.0,76432.76,1776716382000
1776716384.982,284.982,0.99,0.99,0.01,0.01,0.0,0.0,76429.89,1776716383000
1776716385.398,285.398,0.99,0.99,0.01,0.01,0.0,0.0,76425.59,1776716384000
1776716385.947,285.947,0.99,0.99,0.01,0.01,0.0,0.0,76423.97,1776716385000
1776716386.644,286.644,0.99,0.99,0.01,0.01,0.0,0.0,76423.97,1776716385000
1776716387.198,287.198,0.99,0.99,0.01,0.01,0.0,0.0,76422.4,1776716386000
1776716387.939,287.939,0.99,0.99,0.01,0.01,0.0,0.0,76422.4,1776716386000
1776716388.937,288.937,0.99,0.99,0.01,0.01,0.0,0.0,76422.7,1776716387000
1776716389.274,289.274,0.99,0.99,0.01,0.01,0.0,0.0,76420.29,1776716388000
1776716389.644,289.644,0.99,0.99,0.01,0.01,0.0,0.0,76420.29,1776716388000
1776716390.358,290.358,0.99,0.99,0.01,0.01,0.0,0.0,76420.11,1776716389000
1776716390.951,290.951,0.99,0.99,0.01,0.01,0.0,0.0,76420.11,1776716389000
1776716391.8,291.8,0.99,0.99,0.01,0.01,0.0,0.0,76422.46,1776716390000
1776716392.265,292.265,0.99,0.99,0.01,0.01,0.0,0.0,76424.4,1776716391000
1776716393.327,293.327,0.99,0.99,0.01,0.01,0.0,0.0,76424.4,1776716391000
1776716393.894,293.894,0.99,0.99,0.01,0.01,0.0,0.0,76425.07,1776716393000
1776716394.984,294.984,0.99,0.99,0.01,0.01,0.0,0.0,76423.16,1776716394000
1776716395.512,295.512,0.99,0.99,0.01,0.01,0.0,0.0,76423.16,1776716394000
1776716395.937,295.937,0.99,0.99,0.01,0.01,0.0,0.0,76423.16,1776716394000
1776716397.191,297.191,0.99,0.99,0.01,0.01,0.0,0.0,76425.88,1776716396000
1776716398.402,298.402,0.99,0.99,0.01,0.01,0.0,0.0,76425.88,1776716396000
1776716399.037,299.037,0.99,0.99,0.01,0.01,0.0,0.0,76429.22,1776716398000
1776716400.377,300.377,0.99,0.99,0.01,0.01,0.0,0.0,76429.22,1776716398000
1776716401.419,301.419,0.99,0.99,0.01,0.01,0.0,0.0,76432.9,1776716400000
1776716402.706,302.706,0.99,0.99,0.01,0.01,0.0,0.0,76430.37,1776716401000

# RESULT,winner=Up,slug=btc-updown-5m-1776716100,ticks=684
