timestamp,elapsed_sec,up_bid,up_ask,down_bid,down_ask,up_spread,down_spread,btc_price,btc_oracle_ts
1776994200.533,0.533,0.65,0.66,0.34,0.35,0.01,0.01,78054.21,1776994199000
1776994200.98,0.98,0.63,0.64,0.36,0.37,0.01,0.01,78054.21,1776994199000
1776994201.482,1.482,0.63,0.64,0.36,0.37,0.01,0.01,78054.24,1776994200000
1776994201.955,1.955,0.62,0.63,0.37,0.38,0.01,0.01,78054.24,1776994200000
1776994202.303,2.303,0.6,0.62,0.38,0.39,0.02,0.01,78054.24,1776994200000
1776994202.648,2.648,0.6,0.61,0.39,0.4,0.01,0.01,78054.24,1776994200000
1776994203.045,3.045,0.6,0.61,0.39,0.4,0.01,0.01,78056.45,1776994201000
1776994203.423,3.423,0.6,0.61,0.39,0.4,0.01,0.01,78057.74,1776994202000
1776994203.795,3.795,0.61,0.62,0.38,0.39,0.01,0.01,78057.74,1776994202000
1776994204.163,4.163,0.61,0.62,0.38,0.39,0.01,0.01,78057.74,1776994203000
1776994204.506,4.506,0.6,0.61,0.39,0.4,0.01,0.01,78057.74,1776994203000
1776994204.84,4.84,0.6,0.61,0.39,0.4,0.01,0.01,78057.74,1776994203000
1776994205.192,5.192,0.62,0.63,0.37,0.38,0.01,0.01,78057.74,1776994203000
1776994205.529,5.529,0.62,0.64,0.36,0.38,0.02,0.02,78057.74,1776994203000
1776994205.863,5.863,0.63,0.64,0.36,0.37,0.01,0.01,78057.27,1776994204000
1776994206.2,6.2,0.63,0.64,0.36,0.37,0.01,0.01,78057.27,1776994204000
1776994206.538,6.538,0.6,0.61,0.39,0.4,0.01,0.01,78055.37,1776994205000
1776994206.886,6.886,0.6,0.61,0.39,0.4,0.01,0.01,78055.37,1776994205000
1776994207.254,7.254,0.6,0.61,0.39,0.4,0.01,0.01,78055.37,1776994205000
1776994207.619,7.619,0.6,0.61,0.39,0.4,0.01,0.01,78056.07,1776994206000
1776994208.591,8.591,0.61,0.62,0.38,0.4,0.01,0.02,78056.07,1776994206000
1776994208.956,8.956,0.6,0.64,0.36,0.4,0.04,0.04,78052.97,1776994207000
1776994209.294,9.294,0.6,0.65,0.35,0.4,0.05,0.05,78052.97,1776994207000
1776994209.747,9.747,0.61,0.62,0.38,0.39,0.01,0.01,78054.15,1776994208000
1776994210.111,10.111,0.62,0.63,0.37,0.38,0.01,0.01,78054.15,1776994208000
1776994210.463,10.463,0.62,0.63,0.37,0.38,0.01,0.01,78054.15,1776994208000
1776994210.804,10.804,0.62,0.63,0.37,0.38,0.01,0.01,78054.15,1776994209000
1776994211.17,11.17,0.62,0.63,0.37,0.38,0.01,0.01,78054.15,1776994209000
1776994211.562,11.562,0.62,0.63,0.37,0.38,0.01,0.01,78053.96,1776994210000
1776994211.911,11.911,0.62,0.63,0.37,0.38,0.01,0.01,78053.96,1776994210000
1776994212.261,12.261,0.62,0.63,0.37,0.38,0.01,0.01,78053.96,1776994210000
1776994212.626,12.626,0.62,0.63,0.37,0.38,0.01,0.01,78053.8,1776994211000
1776994212.962,12.962,0.62,0.63,0.37,0.38,0.01,0.01,78053.8,1776994211000
1776994213.331,13.331,0.62,0.63,0.37,0.38,0.01,0.01,78053.8,1776994211000
1776994213.678,13.678,0.62,0.63,0.37,0.38,0.01,0.01,78053.8,1776994211000
1776994214.018,14.018,0.62,0.63,0.37,0.38,0.01,0.01,78051.8,1776994212000
1776994214.436,14.436,0.62,0.63,0.37,0.38,0.01,0.01,78051.8,1776994212000
1776994214.773,14.773,0.62,0.63,0.37,0.38,0.01,0.01,78051.8,1776994212000
1776994215.14,15.14,0.62,0.63,0.37,0.38,0.01,0.01,78051.53,1776994213000
1776994215.486,15.486,0.62,0.63,0.37,0.38,0.01,0.01,78051.67,1776994214000
1776994215.879,15.879,0.62,0.63,0.37,0.38,0.01,0.01,78051.67,1776994214000
1776994216.379,16.379,0.62,0.63,0.37,0.38,0.01,0.01,78051.87,1776994215000
1776994216.731,16.731,0.62,0.63,0.37,0.38,0.01,0.01,78051.87,1776994215000
1776994217.074,17.074,0.62,0.63,0.37,0.38,0.01,0.01,78051.87,1776994215000
1776994217.517,17.517,0.62,0.63,0.37,0.38,0.01,0.01,78051.87,1776994215000
1776994217.929,17.929,0.62,0.67,0.33,0.38,0.05,0.05,78052.25,1776994216000
1776994218.27,18.27,0.63,0.64,0.36,0.37,0.01,0.01,78052.25,1776994216000
1776994218.649,18.649,0.64,0.66,0.34,0.37,0.02,0.03,78053.34,1776994217000
1776994219.111,19.111,0.65,0.66,0.34,0.35,0.01,0.01,78053.34,1776994217000
1776994219.456,19.456,0.65,0.66,0.34,0.35,0.01,0.01,78054.19,1776994218000
1776994219.925,19.925,0.65,0.66,0.34,0.35,0.01,0.01,78054.19,1776994218000
1776994220.332,20.332,0.65,0.66,0.34,0.35,0.01,0.01,78054.19,1776994218000
1776994220.67,20.67,0.65,0.66,0.34,0.35,0.01,0.01,78057.13,1776994219000
1776994221.177,21.177,0.65,0.66,0.34,0.35,0.01,0.01,78057.13,1776994219000
1776994221.517,21.517,0.65,0.66,0.34,0.35,0.01,0.01,78057.68,1776994220000
1776994222.249,22.249,0.65,0.66,0.34,0.35,0.01,0.01,78057.97,1776994221000
1776994222.621,22.621,0.65,0.66,0.34,0.35,0.01,0.01,78057.97,1776994221000
1776994223.019,23.019,0.65,0.66,0.34,0.35,0.01,0.01,78057.97,1776994221000
1776994223.373,23.373,0.65,0.66,0.34,0.35,0.01,0.01,78057.97,1776994221000
1776994223.79,23.79,0.65,0.66,0.34,0.35,0.01,0.01,78057.97,1776994221000
1776994224.196,24.196,0.65,0.66,0.34,0.35,0.01,0.01,78057,1776994222000
1776994224.541,24.541,0.65,0.66,0.34,0.35,0.01,0.01,78057,1776994222000
1776994224.875,24.875,0.65,0.66,0.34,0.35,0.01,0.01,78057.68,1776994223000
1776994225.301,25.301,0.65,0.66,0.34,0.35,0.01,0.01,78057.68,1776994223000
1776994225.761,25.761,0.65,0.66,0.34,0.35,0.01,0.01,78057.22,1776994224000
1776994226.282,26.282,0.65,0.66,0.34,0.35,0.01,0.01,78059.32,1776994225000
1776994226.653,26.653,0.65,0.66,0.34,0.35,0.01,0.01,78059.32,1776994225000
1776994227.169,27.169,0.65,0.66,0.34,0.35,0.01,0.01,78059.32,1776994225000
1776994227.803,27.803,0.65,0.66,0.34,0.35,0.01,0.01,78059,1776994226000
1776994228.52,28.52,0.65,0.66,0.34,0.35,0.01,0.01,78059.46,1776994227000
1776994229.367,29.367,0.65,0.66,0.34,0.35,0.01,0.01,78059.46,1776994228000
1776994229.817,29.817,0.65,0.66,0.34,0.35,0.01,0.01,78059.46,1776994228000
1776994230.283,30.283,0.65,0.66,0.34,0.35,0.01,0.01,78059.46,1776994228000
1776994230.931,30.931,0.65,0.66,0.34,0.35,0.01,0.01,78059.4,1776994229000
1776994231.339,31.339,0.65,0.66,0.34,0.35,0.01,0.01,78059.47,1776994230000
1776994231.84,31.84,0.65,0.66,0.34,0.35,0.01,0.01,78059.47,1776994230000
1776994232.202,32.202,0.65,0.66,0.34,0.35,0.01,0.01,78059.07,1776994231000
1776994232.676,32.676,0.65,0.66,0.34,0.35,0.01,0.01,78059.07,1776994231000
1776994233.194,33.194,0.64,0.65,0.34,0.35,0.01,0.01,78059.07,1776994231000
1776994233.681,33.681,0.64,0.65,0.35,0.36,0.01,0.01,78058.91,1776994232000
1776994234.262,34.262,0.64,0.65,0.35,0.36,0.01,0.01,78060.52,1776994233000
1776994234.843,34.843,0.64,0.65,0.35,0.36,0.01,0.01,78060.52,1776994233000
1776994235.256,35.256,0.64,0.65,0.35,0.36,0.01,0.01,78060.22,1776994234000
1776994235.643,35.643,0.64,0.65,0.35,0.36,0.01,0.01,78060.22,1776994234000
1776994236.284,36.284,0.64,0.65,0.35,0.36,0.01,0.01,78060.22,1776994234000
1776994236.669,36.669,0.64,0.65,0.35,0.36,0.01,0.01,78056.84,1776994235000
1776994237.031,37.031,0.64,0.65,0.35,0.36,0.01,0.01,78056.83,1776994236000
1776994237.764,37.764,0.64,0.65,0.35,0.36,0.01,0.01,78056.83,1776994236000
1776994238.255,38.255,0.64,0.65,0.35,0.36,0.01,0.01,78056.94,1776994237000
1776994238.95,38.95,0.64,0.65,0.35,0.36,0.01,0.01,78056.94,1776994237000
1776994239.531,39.531,0.64,0.65,0.35,0.36,0.01,0.01,78055.91,1776994238000
1776994240.019,40.019,0.61,0.62,0.35,0.39,0.01,0.04,78055.91,1776994238000
1776994240.528,40.528,0.61,0.62,0.38,0.39,0.01,0.01,78055.97,1776994239000
1776994241.036,41.036,0.61,0.62,0.38,0.39,0.01,0.01,78055.97,1776994239000
1776994242.144,42.144,0.61,0.62,0.38,0.39,0.01,0.01,78056.04,1776994241000
1776994242.711,42.711,0.61,0.62,0.38,0.39,0.01,0.01,78056.04,1776994241000
1776994243.078,43.078,0.59,0.62,0.38,0.41,0.03,0.03,78056.04,1776994241000
1776994243.423,43.423,0.59,0.6,0.4,0.41,0.01,0.01,78056.99,1776994242000
1776994243.812,43.812,0.58,0.6,0.4,0.42,0.02,0.02,78056.99,1776994242000
1776994244.15,44.15,0.59,0.6,0.4,0.41,0.01,0.01,78057.57,1776994243000
1776994244.491,44.491,0.59,0.6,0.4,0.41,0.01,0.01,78057.57,1776994243000
1776994244.995,44.995,0.59,0.6,0.4,0.41,0.01,0.01,78057.57,1776994243000
1776994245.731,45.731,0.62,0.63,0.38,0.39,0.01,0.01,78057.22,1776994244000
1776994246.216,46.216,0.62,0.63,0.37,0.38,0.01,0.01,78057.22,1776994244000
1776994246.645,46.645,0.62,0.63,0.37,0.38,0.01,0.01,78057.96,1776994245000
1776994247.122,47.122,0.62,0.63,0.37,0.38,0.01,0.01,78057.96,1776994245000
1776994247.457,47.457,0.62,0.63,0.37,0.38,0.01,0.01,78058.43,1776994246000
1776994247.894,47.894,0.62,0.63,0.37,0.38,0.01,0.01,78058.43,1776994246000
1776994248.24,48.24,0.62,0.64,0.37,0.38,0.02,0.01,78058.43,1776994246000
1776994248.915,48.915,0.63,0.64,0.36,0.37,0.01,0.01,78060.92,1776994248000
1776994249.673,49.673,0.63,0.64,0.36,0.37,0.01,0.01,78060.92,1776994248000
1776994250.045,50.045,0.66,0.67,0.33,0.34,0.01,0.01,78060.97,1776994249000
1776994251.149,51.149,0.66,0.67,0.33,0.34,0.01,0.01,78060.97,1776994249000
1776994252.217,52.217,0.66,0.67,0.33,0.34,0.01,0.01,78065.59,1776994251000
1776994252.587,52.587,0.66,0.67,0.33,0.34,0.01,0.01,78065.59,1776994251000
1776994252.956,52.956,0.66,0.69,0.31,0.34,0.03,0.03,78065.59,1776994251000
1776994253.342,53.342,0.69,0.7,0.3,0.31,0.01,0.01,78072.39,1776994252000
1776994253.719,53.719,0.69,0.74,0.26,0.31,0.05,0.05,78072.39,1776994252000
1776994254.121,54.121,0.73,0.75,0.26,0.28,0.02,0.02,78072.39,1776994252000
1776994254.488,54.488,0.75,0.77,0.24,0.25,0.02,0.01,78078.32,1776994253000
1776994254.925,54.925,0.76,0.77,0.21,0.24,0.01,0.03,78078.32,1776994253000
1776994255.294,55.294,0.76,0.77,0.23,0.24,0.01,0.01,78078.32,1776994253000
1776994255.646,55.646,0.77,0.78,0.22,0.24,0.01,0.02,78079.93,1776994254000
1776994255.979,55.979,0.77,0.78,0.22,0.23,0.01,0.01,78081.0,1776994255000
1776994256.386,56.386,0.77,0.78,0.22,0.23,0.01,0.01,78081.0,1776994255000
1776994256.731,56.731,0.77,0.78,0.22,0.23,0.01,0.01,78081.0,1776994255000
1776994257.077,57.077,0.77,0.79,0.21,0.23,0.02,0.02,78082.84,1776994256000
1776994257.429,57.429,0.78,0.79,0.21,0.22,0.01,0.01,78082.84,1776994256000
1776994258.046,58.046,0.78,0.79,0.21,0.22,0.01,0.01,78082.84,1776994256000
1776994258.664,58.664,0.78,0.79,0.21,0.22,0.01,0.01,78082.19,1776994257000
1776994259.241,59.241,0.78,0.79,0.21,0.22,0.01,0.01,78082.19,1776994258000
1776994259.668,59.668,0.78,0.79,0.21,0.22,0.01,0.01,78082.19,1776994258000
1776994260.102,60.102,0.78,0.79,0.21,0.22,0.01,0.01,78082.19,1776994258000
1776994260.485,60.485,0.78,0.79,0.21,0.22,0.01,0.01,78082.36,1776994259000
1776994260.871,60.871,0.77,0.79,0.21,0.23,0.02,0.02,78082.36,1776994259000
1776994261.223,61.223,0.78,0.79,0.21,0.22,0.01,0.01,78081.47,1776994260000
1776994261.763,61.763,0.77,0.78,0.22,0.23,0.01,0.01,78081.47,1776994260000
1776994262.111,62.111,0.77,0.78,0.22,0.23,0.01,0.01,78081.47,1776994260000
1776994262.557,62.557,0.77,0.78,0.22,0.23,0.01,0.01,78081.39,1776994261000
1776994262.999,62.999,0.77,0.78,0.22,0.23,0.01,0.01,78081.39,1776994261000
1776994263.453,63.453,0.77,0.78,0.22,0.23,0.01,0.01,78082.04,1776994262000
1776994263.895,63.895,0.77,0.78,0.22,0.23,0.01,0.01,78082.04,1776994262000
1776994264.38,64.38,0.77,0.78,0.22,0.23,0.01,0.01,78080.31,1776994263000
1776994264.718,64.718,0.7,0.74,0.26,0.3,0.04,0.04,78080.31,1776994263000
1776994265.068,65.068,0.69,0.71,0.29,0.31,0.02,0.02,78080.31,1776994263000
1776994265.495,65.495,0.69,0.7,0.3,0.31,0.01,0.01,78080.31,1776994263000
1776994265.988,65.988,0.69,0.7,0.3,0.31,0.01,0.01,78079.48,1776994265000
1776994267.054,67.054,0.68,0.7,0.3,0.31,0.02,0.01,78079.48,1776994265000
1776994267.425,67.425,0.66,0.7,0.3,0.34,0.04,0.04,78075.8,1776994266000
1776994267.921,67.921,0.68,0.7,0.3,0.32,0.02,0.02,78075.8,1776994266000
1776994268.404,68.404,0.66,0.67,0.3,0.32,0.01,0.02,78075.77,1776994267000
1776994268.784,68.784,0.65,0.67,0.33,0.35,0.02,0.02,78075.77,1776994267000
1776994269.309,69.309,0.65,0.67,0.33,0.35,0.02,0.02,78075.77,1776994267000
1776994269.662,69.662,0.66,0.67,0.33,0.34,0.01,0.01,78074.19,1776994268000
1776994269.995,69.995,0.66,0.67,0.33,0.34,0.01,0.01,78073.38,1776994269000
1776994270.343,70.343,0.66,0.67,0.33,0.34,0.01,0.01,78073.38,1776994269000
1776994270.809,70.809,0.66,0.67,0.33,0.34,0.01,0.01,78073.38,1776994269000
1776994271.159,71.159,0.66,0.67,0.33,0.34,0.01,0.01,78071.47,1776994270000
1776994271.585,71.585,0.66,0.67,0.33,0.34,0.01,0.01,78071.47,1776994270000
1776994272.115,72.115,0.66,0.67,0.33,0.34,0.01,0.01,78069.72,1776994271000
1776994272.745,72.745,0.66,0.67,0.33,0.34,0.01,0.01,78069.72,1776994271000
1776994273.292,73.292,0.66,0.67,0.33,0.34,0.01,0.01,78069.72,1776994271000
1776994273.688,73.688,0.66,0.67,0.33,0.34,0.01,0.01,78069.71,1776994272000
1776994274.397,74.397,0.66,0.67,0.33,0.34,0.01,0.01,78069.71,1776994272000
1776994275.327,75.327,0.66,0.67,0.33,0.34,0.01,0.01,78069.57,1776994273000
1776994275.703,75.703,0.66,0.67,0.33,0.34,0.01,0.01,78069.57,1776994274000
1776994276.726,76.726,0.66,0.67,0.33,0.34,0.01,0.01,78069.57,1776994275000
1776994277.103,77.103,0.66,0.67,0.33,0.34,0.01,0.01,78069.57,1776994275000
1776994277.652,77.652,0.65,0.67,0.33,0.35,0.02,0.02,78069.57,1776994275000
1776994278.604,78.604,0.67,0.68,0.32,0.33,0.01,0.01,78070.94,1776994276000
1776994279.394,79.394,0.67,0.68,0.32,0.33,0.01,0.01,78069.61,1776994277000
1776994279.805,79.805,0.67,0.68,0.32,0.33,0.01,0.01,78069.61,1776994277000
1776994280.2,80.2,0.63,0.64,0.32,0.37,0.01,0.05,78069.69,1776994278000
1776994280.547,80.547,0.63,0.64,0.36,0.37,0.01,0.01,78069.69,1776994278000
1776994280.902,80.902,0.63,0.64,0.36,0.37,0.01,0.01,78068.71,1776994279000
1776994281.297,81.297,0.63,0.64,0.36,0.37,0.01,0.01,78068.71,1776994279000
1776994281.639,81.639,0.63,0.64,0.36,0.37,0.01,0.01,78068.71,1776994279000
1776994282.023,82.023,0.63,0.64,0.36,0.37,0.01,0.01,78067.08,1776994280000
1776994282.543,82.543,0.63,0.64,0.36,0.37,0.01,0.01,78067.08,1776994280000
1776994282.944,82.944,0.63,0.64,0.36,0.37,0.01,0.01,78067.08,1776994280000
1776994283.781,83.781,0.64,0.65,0.35,0.37,0.01,0.02,78067.42,1776994281000
1776994284.195,84.195,0.64,0.65,0.35,0.36,0.01,0.01,78062.9,1776994282000
1776994284.629,84.629,0.64,0.65,0.35,0.36,0.01,0.01,78062.9,1776994282000
1776994285.788,85.788,0.64,0.65,0.35,0.36,0.01,0.01,78063.14,1776994283000
1776994286.913,86.913,0.64,0.65,0.35,0.36,0.01,0.01,78063.04,1776994285000
1776994287.366,87.366,0.64,0.65,0.35,0.36,0.01,0.01,78063.04,1776994285000
1776994287.791,87.791,0.64,0.65,0.35,0.36,0.01,0.01,78060.8,1776994286000
1776994288.137,88.137,0.64,0.65,0.35,0.36,0.01,0.01,78060.8,1776994286000
1776994288.525,88.525,0.64,0.65,0.35,0.36,0.01,0.01,78061.01,1776994287000
1776994288.929,88.929,0.62,0.64,0.36,0.38,0.02,0.02,78061.01,1776994287000
1776994289.292,89.292,0.62,0.65,0.35,0.38,0.03,0.03,78061.01,1776994287000
1776994289.647,89.647,0.57,0.63,0.37,0.43,0.06,0.06,78055.23,1776994288000
1776994290.016,90.016,0.57,0.58,0.42,0.43,0.01,0.01,78055.23,1776994288000
1776994290.418,90.418,0.57,0.58,0.42,0.43,0.01,0.01,78055.23,1776994288000
1776994290.759,90.759,0.56,0.58,0.42,0.44,0.02,0.02,78055.23,1776994288000
1776994291.099,91.099,0.56,0.57,0.43,0.44,0.01,0.01,78057.53,1776994289000
1776994291.432,91.432,0.56,0.57,0.43,0.44,0.01,0.01,78057.53,1776994289000
1776994291.782,91.782,0.56,0.57,0.43,0.44,0.01,0.01,78055.51,1776994290000
1776994292.127,92.127,0.56,0.57,0.43,0.44,0.01,0.01,78055.51,1776994290000
1776994292.548,92.548,0.56,0.57,0.43,0.44,0.01,0.01,78055.85,1776994291000
1776994292.889,92.889,0.56,0.57,0.43,0.44,0.01,0.01,78055.85,1776994291000
1776994293.317,93.317,0.57,0.58,0.42,0.43,0.01,0.01,78055.85,1776994291000
1776994294.142,94.142,0.55,0.58,0.42,0.45,0.03,0.03,78056.22,1776994293000
1776994294.691,94.691,0.55,0.56,0.44,0.45,0.01,0.01,78056.22,1776994293000
1776994295.067,95.067,0.55,0.56,0.44,0.45,0.01,0.01,78056.22,1776994293000
1776994295.477,95.477,0.55,0.56,0.44,0.45,0.01,0.01,78056.22,1776994293000
1776994295.957,95.957,0.55,0.57,0.44,0.45,0.02,0.01,78050.31,1776994294000
1776994296.298,96.298,0.55,0.57,0.43,0.45,0.02,0.02,78050.31,1776994294000
1776994296.776,96.776,0.55,0.58,0.42,0.45,0.03,0.03,78050.03,1776994295000
1776994297.14,97.14,0.55,0.58,0.42,0.45,0.03,0.03,78050.03,1776994295000
1776994297.534,97.534,0.55,0.56,0.44,0.45,0.01,0.01,78049.72,1776994296000
1776994297.902,97.902,0.56,0.57,0.42,0.45,0.01,0.03,78049.72,1776994296000
1776994298.3,98.3,0.55,0.56,0.44,0.45,0.01,0.01,78049.31,1776994297000
1776994298.668,98.668,0.55,0.56,0.44,0.45,0.01,0.01,78049.31,1776994297000
1776994299.043,99.043,0.55,0.56,0.44,0.45,0.01,0.01,78049.31,1776994297000
1776994299.469,99.469,0.54,0.55,0.45,0.46,0.01,0.01,78049.16,1776994298000
1776994299.823,99.823,0.54,0.55,0.45,0.46,0.01,0.01,78049.16,1776994298000
1776994300.163,100.163,0.54,0.55,0.45,0.46,0.01,0.01,78049.16,1776994298000
1776994300.551,100.551,0.54,0.55,0.45,0.46,0.01,0.01,78047.14,1776994299000
1776994300.995,100.995,0.54,0.55,0.45,0.46,0.01,0.01,78046.06,1776994300000
1776994302.169,102.169,0.54,0.55,0.45,0.46,0.01,0.01,78046.06,1776994300000
1776994302.509,102.509,0.53,0.55,0.45,0.47,0.02,0.02,78046.87,1776994301000
1776994302.884,102.884,0.53,0.55,0.45,0.47,0.02,0.02,78046.87,1776994301000
1776994303.337,103.337,0.53,0.55,0.45,0.47,0.02,0.02,78046.87,1776994301000
1776994303.691,103.691,0.52,0.54,0.46,0.47,0.02,0.01,78048.3,1776994302000
1776994304.087,104.087,0.52,0.54,0.45,0.48,0.02,0.03,78048.3,1776994302000
1776994304.512,104.512,0.51,0.54,0.46,0.49,0.03,0.03,78048.3,1776994302000
1776994304.971,104.971,0.53,0.54,0.46,0.49,0.01,0.03,78048.42,1776994303000
1776994305.321,105.321,0.51,0.54,0.46,0.49,0.03,0.03,78048.58,1776994304000
1776994305.709,105.709,0.53,0.54,0.46,0.49,0.01,0.03,78048.58,1776994304000
1776994306.075,106.075,0.53,0.54,0.46,0.47,0.01,0.01,78048.58,1776994304000
1776994306.465,106.465,0.53,0.54,0.46,0.47,0.01,0.01,78042.49,1776994305000
1776994306.8,106.8,0.53,0.54,0.46,0.47,0.01,0.01,78042.49,1776994305000
1776994307.165,107.165,0.53,0.54,0.46,0.47,0.01,0.01,78039.49,1776994306000
1776994307.614,107.614,0.56,0.57,0.42,0.44,0.01,0.02,78039.49,1776994306000
1776994307.955,107.955,0.57,0.59,0.41,0.43,0.02,0.02,78039.49,1776994306000
1776994308.354,108.354,0.57,0.58,0.42,0.43,0.01,0.01,78040.65,1776994307000
1776994308.718,108.718,0.57,0.58,0.42,0.43,0.01,0.01,78040.65,1776994307000
1776994309.116,109.116,0.55,0.58,0.42,0.43,0.03,0.01,78040.65,1776994307000
1776994309.505,109.505,0.55,0.56,0.44,0.45,0.01,0.01,78040.65,1776994307000
1776994309.967,109.967,0.54,0.55,0.45,0.46,0.01,0.01,78042.2,1776994308000
1776994310.313,110.313,0.54,0.55,0.45,0.46,0.01,0.01,78043.37,1776994309000
1776994310.709,110.709,0.53,0.55,0.45,0.47,0.02,0.02,78043.37,1776994309000
1776994311.144,111.144,0.54,0.55,0.45,0.46,0.01,0.01,78043.73,1776994310000
1776994311.508,111.508,0.53,0.54,0.45,0.47,0.01,0.02,78043.73,1776994310000
1776994311.872,111.872,0.53,0.54,0.46,0.47,0.01,0.01,78043.73,1776994310000
1776994312.407,112.407,0.53,0.54,0.46,0.47,0.01,0.01,78042.9,1776994311000
1776994312.756,112.756,0.53,0.54,0.46,0.47,0.01,0.01,78042.9,1776994311000
1776994313.089,113.089,0.53,0.54,0.46,0.47,0.01,0.01,78042.9,1776994311000
1776994313.853,113.853,0.53,0.54,0.46,0.47,0.01,0.01,78041.15,1776994312000
1776994314.914,114.914,0.51,0.52,0.48,0.49,0.01,0.01,78040.26,1776994313000
1776994315.406,115.406,0.51,0.52,0.48,0.49,0.01,0.01,78040.21,1776994314000
1776994315.797,115.797,0.51,0.52,0.48,0.49,0.01,0.01,78040.21,1776994314000
1776994316.137,116.137,0.45,0.48,0.52,0.55,0.03,0.03,78032.38,1776994315000
1776994316.49,116.49,0.46,0.48,0.53,0.55,0.02,0.02,78032.38,1776994315000
1776994316.829,116.829,0.46,0.47,0.53,0.54,0.01,0.01,78032.38,1776994315000
1776994317.185,117.185,0.46,0.47,0.53,0.56,0.01,0.03,78031.01,1776994316000
1776994317.588,117.588,0.43,0.44,0.53,0.54,0.01,0.01,78031.01,1776994316000
1776994317.927,117.927,0.43,0.44,0.56,0.57,0.01,0.01,78031.01,1776994316000
1776994318.286,118.286,0.43,0.44,0.56,0.57,0.01,0.01,78030.65,1776994317000
1776994318.626,118.626,0.44,0.45,0.55,0.56,0.01,0.01,78030.65,1776994317000
1776994318.96,118.96,0.44,0.45,0.55,0.56,0.01,0.01,78030.52,1776994318000
1776994319.341,119.341,0.44,0.45,0.55,0.56,0.01,0.01,78030.52,1776994318000
1776994319.867,119.867,0.44,0.45,0.55,0.57,0.01,0.02,78030.52,1776994318000
1776994320.35,120.35,0.48,0.49,0.51,0.52,0.01,0.01,78030.52,1776994319000
1776994320.689,120.689,0.48,0.49,0.51,0.52,0.01,0.01,78030.52,1776994319000
1776994321.123,121.123,0.48,0.49,0.51,0.52,0.01,0.01,78030.46,1776994320000
1776994321.462,121.462,0.48,0.49,0.51,0.52,0.01,0.01,78030.46,1776994320000
1776994321.851,121.851,0.48,0.49,0.51,0.53,0.01,0.02,78030.46,1776994320000
1776994322.217,122.217,0.48,0.49,0.51,0.52,0.01,0.01,78032.8,1776994321000
1776994322.55,122.55,0.48,0.49,0.51,0.52,0.01,0.01,78032.8,1776994321000
1776994322.89,122.89,0.46,0.49,0.51,0.54,0.03,0.03,78032.8,1776994321000
1776994323.271,123.271,0.46,0.47,0.53,0.54,0.01,0.01,78030.57,1776994322000
1776994323.725,123.725,0.46,0.47,0.53,0.54,0.01,0.01,78030.57,1776994322000
1776994324.103,124.103,0.45,0.46,0.54,0.55,0.01,0.01,78030.57,1776994322000
1776994324.517,124.517,0.44,0.45,0.55,0.58,0.01,0.03,78030.46,1776994323000
1776994324.986,124.986,0.41,0.42,0.58,0.59,0.01,0.01,78030.49,1776994324000
1776994325.365,125.365,0.4,0.41,0.59,0.6,0.01,0.01,78030.49,1776994324000
1776994325.723,125.723,0.4,0.41,0.59,0.6,0.01,0.01,78030.49,1776994324000
1776994326.141,126.141,0.4,0.41,0.59,0.6,0.01,0.01,78030.49,1776994324000
1776994326.475,126.475,0.4,0.41,0.59,0.6,0.01,0.01,78030.45,1776994325000
1776994326.951,126.951,0.4,0.41,0.59,0.6,0.01,0.01,78030.45,1776994325000
1776994327.331,127.331,0.35,0.36,0.64,0.65,0.01,0.01,78029.77,1776994326000
1776994327.975,127.975,0.35,0.36,0.64,0.65,0.01,0.01,78029.42,1776994327000
1776994328.429,128.429,0.35,0.36,0.64,0.65,0.01,0.01,78029.42,1776994327000
1776994328.771,128.771,0.35,0.36,0.64,0.65,0.01,0.01,78029.42,1776994327000
1776994329.174,129.174,0.35,0.36,0.64,0.65,0.01,0.01,78029.42,1776994327000
1776994329.578,129.578,0.35,0.36,0.64,0.65,0.01,0.01,78020.03,1776994328000
1776994329.918,129.918,0.35,0.36,0.64,0.65,0.01,0.01,78020.03,1776994328000
1776994330.277,130.277,0.35,0.36,0.64,0.65,0.01,0.01,78020.03,1776994328000
1776994330.613,130.613,0.3,0.35,0.65,0.7,0.05,0.05,78014.74,1776994329000
1776994330.956,130.956,0.28,0.33,0.68,0.72,0.05,0.04,78014.74,1776994329000
1776994331.434,131.434,0.26,0.35,0.65,0.74,0.09,0.09,78016.43,1776994330000
1776994331.769,131.769,0.35,0.36,0.64,0.65,0.01,0.01,78016.43,1776994330000
1776994332.12,132.12,0.36,0.39,0.61,0.64,0.03,0.03,78019.41,1776994331000
1776994332.453,132.453,0.35,0.37,0.63,0.65,0.02,0.02,78019.41,1776994331000
1776994332.787,132.787,0.34,0.35,0.65,0.66,0.01,0.01,78019.41,1776994331000
1776994333.228,133.228,0.32,0.35,0.65,0.68,0.03,0.03,78019.41,1776994331000
1776994333.633,133.633,0.24,0.31,0.69,0.75,0.07,0.06,78019.6,1776994332000
1776994333.969,133.969,0.22,0.26,0.71,0.78,0.04,0.07,78019.6,1776994332000
1776994334.31,134.31,0.19,0.25,0.73,0.81,0.06,0.08,78019.6,1776994332000
1776994334.713,134.713,0.22,0.23,0.76,0.78,0.01,0.02,78017.31,1776994333000
1776994335.098,135.098,0.2,0.21,0.79,0.8,0.01,0.01,77997.04,1776994334000
1776994335.496,135.496,0.15,0.17,0.79,0.84,0.02,0.05,77997.04,1776994334000
1776994335.862,135.862,0.15,0.16,0.84,0.85,0.01,0.01,77997.04,1776994334000
1776994336.214,136.214,0.15,0.16,0.84,0.85,0.01,0.01,77997.04,1776994334000
1776994336.573,136.573,0.15,0.16,0.84,0.85,0.01,0.01,77991.73,1776994335000
1776994336.911,136.911,0.15,0.19,0.82,0.85,0.04,0.03,77991.73,1776994335000
1776994337.445,137.445,0.24,0.25,0.75,0.76,0.01,0.01,77981.74,1776994336000
1776994337.883,137.883,0.24,0.25,0.75,0.76,0.01,0.01,77981.74,1776994336000
1776994338.354,138.354,0.24,0.25,0.75,0.76,0.01,0.01,77985.4,1776994337000
1776994338.862,138.862,0.18,0.25,0.75,0.82,0.07,0.07,77985.4,1776994337000
1776994339.244,139.244,0.17,0.25,0.75,0.83,0.08,0.08,77991.16,1776994338000
1776994339.646,139.646,0.2,0.23,0.74,0.82,0.03,0.08,77991.16,1776994338000
1776994340.05,140.05,0.2,0.23,0.77,0.8,0.03,0.03,77991.16,1776994338000
1776994340.387,140.387,0.22,0.25,0.75,0.78,0.03,0.03,78005.89,1776994339000
1776994340.76,140.76,0.22,0.25,0.75,0.78,0.03,0.03,78005.89,1776994339000
1776994341.11,141.11,0.23,0.27,0.73,0.77,0.04,0.04,78005.89,1776994339000
1776994341.488,141.488,0.3,0.31,0.69,0.7,0.01,0.01,78012.93,1776994340000
1776994341.841,141.841,0.3,0.31,0.69,0.7,0.01,0.01,78012.93,1776994340000
1776994342.318,142.318,0.3,0.31,0.69,0.7,0.01,0.01,78012.93,1776994340000
1776994342.717,142.717,0.27,0.28,0.72,0.73,0.01,0.01,78012.93,1776994341000
1776994343.299,143.299,0.27,0.28,0.72,0.73,0.01,0.01,78013.33,1776994342000
1776994343.8,143.8,0.27,0.28,0.72,0.73,0.01,0.01,78013.33,1776994342000
1776994344.138,144.138,0.23,0.28,0.72,0.77,0.05,0.05,78013.33,1776994342000
1776994344.479,144.479,0.2,0.24,0.76,0.8,0.04,0.04,78011.55,1776994343000
1776994344.896,144.896,0.19,0.2,0.8,0.81,0.01,0.01,78011.55,1776994343000
1776994345.231,145.231,0.19,0.2,0.8,0.81,0.01,0.01,78011.55,1776994343000
1776994345.582,145.582,0.18,0.2,0.8,0.81,0.02,0.01,78008.39,1776994344000
1776994345.916,145.916,0.19,0.2,0.8,0.82,0.01,0.02,78008.39,1776994344000
1776994346.281,146.281,0.18,0.2,0.8,0.82,0.02,0.02,78000.04,1776994345000
1776994347.09,147.09,0.18,0.2,0.8,0.82,0.02,0.02,77998.75,1776994346000
1776994347.533,147.533,0.18,0.19,0.81,0.82,0.01,0.01,77998.75,1776994346000
1776994347.917,147.917,0.19,0.2,0.8,0.81,0.01,0.01,77998.75,1776994346000
1776994348.261,148.261,0.19,0.21,0.79,0.81,0.02,0.02,77998.75,1776994346000
1776994348.619,148.619,0.19,0.21,0.79,0.81,0.02,0.02,77995.1,1776994347000
1776994349.082,149.082,0.19,0.21,0.79,0.81,0.02,0.02,77995.1,1776994347000
1776994349.484,149.484,0.19,0.2,0.8,0.81,0.01,0.01,77994.78,1776994348000
1776994349.92,149.92,0.19,0.2,0.8,0.81,0.01,0.01,77994.78,1776994348000
1776994350.26,150.26,0.19,0.2,0.8,0.81,0.01,0.01,77992.7,1776994349000
1776994350.659,150.659,0.19,0.2,0.8,0.81,0.01,0.01,77992.7,1776994349000
1776994351.013,151.013,0.19,0.2,0.8,0.81,0.01,0.01,77992.7,1776994349000
1776994351.357,151.357,0.18,0.19,0.81,0.82,0.01,0.01,77989.52,1776994350000
1776994351.691,151.691,0.18,0.19,0.81,0.82,0.01,0.01,77989.52,1776994350000
1776994352.206,152.206,0.22,0.23,0.77,0.78,0.01,0.01,77989.52,1776994350000
1776994352.748,152.748,0.23,0.24,0.76,0.77,0.01,0.01,77990.65,1776994351000
1776994353.178,153.178,0.23,0.24,0.76,0.77,0.01,0.01,77990.65,1776994351000
1776994353.674,153.674,0.23,0.24,0.76,0.77,0.01,0.01,77990.71,1776994352000
1776994354.095,154.095,0.23,0.24,0.76,0.77,0.01,0.01,77990.71,1776994352000
1776994354.49,154.49,0.24,0.25,0.75,0.76,0.01,0.01,77990.71,1776994352000
1776994354.849,154.849,0.24,0.25,0.75,0.76,0.01,0.01,77990.71,1776994352000
1776994355.359,155.359,0.24,0.25,0.75,0.76,0.01,0.01,77990.75,1776994353000
1776994355.796,155.796,0.25,0.26,0.74,0.76,0.01,0.02,77991.61,1776994354000
1776994356.192,156.192,0.25,0.26,0.74,0.75,0.01,0.01,77991.61,1776994354000
1776994356.636,156.636,0.25,0.26,0.74,0.75,0.01,0.01,77991.61,1776994355000
1776994357.071,157.071,0.25,0.27,0.74,0.75,0.02,0.01,77991.61,1776994355000
1776994357.411,157.411,0.26,0.27,0.73,0.74,0.01,0.01,77991.61,1776994355000
1776994357.892,157.892,0.26,0.27,0.73,0.74,0.01,0.01,77990.76,1776994356000
1776994358.228,158.228,0.29,0.3,0.7,0.71,0.01,0.01,77991.75,1776994357000
1776994358.563,158.563,0.29,0.3,0.7,0.71,0.01,0.01,77991.75,1776994357000
1776994358.959,158.959,0.32,0.33,0.67,0.69,0.01,0.02,77991.75,1776994357000
1776994359.318,159.318,0.32,0.33,0.67,0.68,0.01,0.01,77991.98,1776994358000
1776994359.693,159.693,0.33,0.34,0.67,0.68,0.01,0.01,77991.98,1776994358000
1776994360.103,160.103,0.33,0.34,0.66,0.67,0.01,0.01,77991.98,1776994358000
1776994360.555,160.555,0.33,0.34,0.66,0.67,0.01,0.01,77991.98,1776994358000
1776994360.936,160.936,0.32,0.33,0.67,0.68,0.01,0.01,78000.24,1776994360000
1776994361.334,161.334,0.32,0.33,0.67,0.68,0.01,0.01,78000.24,1776994360000
1776994361.967,161.967,0.33,0.34,0.67,0.68,0.01,0.01,78000.24,1776994360000
1776994362.372,162.372,0.33,0.34,0.66,0.67,0.01,0.01,78003.48,1776994361000
1776994362.741,162.741,0.33,0.34,0.66,0.67,0.01,0.01,78003.48,1776994361000
1776994363.12,163.12,0.33,0.34,0.66,0.67,0.01,0.01,78003.48,1776994361000
1776994364.092,164.092,0.33,0.34,0.66,0.67,0.01,0.01,78004.93,1776994362000
1776994364.738,164.738,0.33,0.34,0.66,0.67,0.01,0.01,78005.05,1776994363000
1776994365.099,165.099,0.33,0.34,0.66,0.67,0.01,0.01,78005.05,1776994363000
1776994365.459,165.459,0.33,0.34,0.66,0.67,0.01,0.01,78005.06,1776994364000
1776994366.009,166.009,0.33,0.34,0.66,0.67,0.01,0.01,78005.06,1776994364000
1776994366.363,166.363,0.33,0.34,0.66,0.67,0.01,0.01,78005.05,1776994365000
1776994366.718,166.718,0.33,0.34,0.66,0.67,0.01,0.01,78005.05,1776994365000
1776994367.052,167.052,0.33,0.34,0.66,0.67,0.01,0.01,78004.07,1776994366000
1776994367.39,167.39,0.31,0.32,0.67,0.7,0.01,0.03,78004.07,1776994366000
1776994367.951,167.951,0.31,0.32,0.68,0.69,0.01,0.01,78004.07,1776994366000
1776994368.41,168.41,0.31,0.32,0.68,0.69,0.01,0.01,78004.67,1776994367000
1776994368.789,168.789,0.33,0.34,0.66,0.67,0.01,0.01,78004.67,1776994367000
1776994369.211,169.211,0.33,0.34,0.66,0.67,0.01,0.01,78002.06,1776994368000
1776994369.592,169.592,0.33,0.34,0.66,0.67,0.01,0.01,78002.06,1776994368000
1776994370.239,170.239,0.34,0.35,0.65,0.66,0.01,0.01,78002.06,1776994368000
1776994370.646,170.646,0.34,0.35,0.65,0.66,0.01,0.01,78002.06,1776994368000
1776994370.993,170.993,0.34,0.35,0.65,0.66,0.01,0.01,78002.95,1776994369000
1776994371.547,171.547,0.34,0.35,0.65,0.66,0.01,0.01,78002.87,1776994370000
1776994371.908,171.908,0.36,0.37,0.63,0.64,0.01,0.01,78002.87,1776994370000
1776994372.329,172.329,0.36,0.37,0.63,0.64,0.01,0.01,78004.5,1776994371000
1776994372.93,172.93,0.36,0.37,0.63,0.64,0.01,0.01,78004.83,1776994372000
1776994373.601,173.601,0.36,0.38,0.63,0.64,0.02,0.01,78004.83,1776994372000
1776994373.964,173.964,0.36,0.38,0.62,0.64,0.02,0.02,78005.7,1776994373000
1776994374.297,174.297,0.37,0.39,0.61,0.63,0.02,0.02,78005.7,1776994373000
1776994375.002,175.002,0.36,0.39,0.61,0.64,0.03,0.03,78005.7,1776994373000
1776994375.448,175.448,0.38,0.4,0.6,0.62,0.02,0.02,78007.75,1776994374000
1776994376.143,176.143,0.4,0.42,0.58,0.6,0.02,0.02,78009.78,1776994375000
1776994376.587,176.587,0.41,0.42,0.58,0.59,0.01,0.01,78009.78,1776994375000
1776994376.995,176.995,0.41,0.42,0.58,0.59,0.01,0.01,78009.78,1776994375000
1776994377.367,177.367,0.41,0.43,0.58,0.59,0.02,0.01,78012.44,1776994376000
1776994377.701,177.701,0.42,0.43,0.57,0.58,0.01,0.01,78012.44,1776994376000
1776994378.277,178.277,0.42,0.43,0.57,0.58,0.01,0.01,78014.45,1776994377000
1776994378.815,178.815,0.43,0.44,0.56,0.57,0.01,0.01,78014.45,1776994377000
1776994379.15,179.15,0.43,0.44,0.56,0.57,0.01,0.01,78014.45,1776994377000
1776994379.623,179.623,0.43,0.44,0.56,0.57,0.01,0.01,78014.45,1776994378000
1776994379.968,179.968,0.43,0.44,0.56,0.57,0.01,0.01,78014.45,1776994378000
1776994380.603,180.603,0.43,0.44,0.56,0.57,0.01,0.01,78014.47,1776994379000
1776994381.056,181.056,0.43,0.44,0.56,0.57,0.01,0.01,78016.31,1776994380000
1776994381.436,181.436,0.43,0.44,0.56,0.57,0.01,0.01,78016.31,1776994380000
1776994381.823,181.823,0.43,0.44,0.56,0.57,0.01,0.01,78016.31,1776994380000
1776994382.164,182.164,0.43,0.44,0.56,0.57,0.01,0.01,78016.3,1776994381000
1776994382.565,182.565,0.43,0.45,0.55,0.57,0.02,0.02,78016.3,1776994381000
1776994382.924,182.924,0.42,0.43,0.57,0.58,0.01,0.01,78016.3,1776994381000
1776994383.329,183.329,0.42,0.43,0.57,0.58,0.01,0.01,78016.3,1776994381000
1776994383.751,183.751,0.42,0.43,0.57,0.58,0.01,0.01,78018.31,1776994382000
1776994384.108,184.108,0.43,0.44,0.56,0.58,0.01,0.02,78018.15,1776994383000
1776994384.827,184.827,0.42,0.43,0.56,0.58,0.01,0.02,78018.15,1776994383000
1776994385.464,185.464,0.42,0.44,0.56,0.58,0.02,0.02,78018.15,1776994383000
1776994385.799,185.799,0.42,0.45,0.55,0.58,0.03,0.03,78018.81,1776994384000
1776994386.171,186.171,0.46,0.48,0.52,0.54,0.02,0.02,78018.81,1776994385000
1776994386.557,186.557,0.48,0.49,0.51,0.52,0.01,0.01,78018.81,1776994385000
1776994387.019,187.019,0.48,0.49,0.51,0.52,0.01,0.01,78018.81,1776994385000
1776994387.388,187.388,0.48,0.49,0.51,0.52,0.01,0.01,78022.01,1776994386000
1776994387.806,187.806,0.48,0.49,0.51,0.52,0.01,0.01,78022.01,1776994386000
1776994388.382,188.382,0.48,0.49,0.51,0.52,0.01,0.01,78025.77,1776994387000
1776994388.716,188.716,0.47,0.5,0.5,0.52,0.03,0.02,78025.77,1776994387000
1776994389.262,189.262,0.48,0.5,0.5,0.53,0.02,0.03,78026.2,1776994388000
1776994389.689,189.689,0.49,0.5,0.5,0.51,0.01,0.01,78026.2,1776994388000
1776994390.083,190.083,0.48,0.49,0.5,0.52,0.01,0.02,78026.2,1776994388000
1776994390.47,190.47,0.48,0.5,0.51,0.52,0.02,0.01,78027.2,1776994389000
1776994390.857,190.857,0.48,0.5,0.5,0.52,0.02,0.02,78027.2,1776994389000
1776994391.216,191.216,0.48,0.49,0.51,0.52,0.01,0.01,78027.2,1776994389000
1776994391.614,191.614,0.48,0.49,0.51,0.52,0.01,0.01,78027.28,1776994390000
1776994392.129,192.129,0.48,0.49,0.51,0.52,0.01,0.01,78027.28,1776994390000
1776994392.481,192.481,0.48,0.49,0.51,0.53,0.01,0.02,78026.84,1776994391000
1776994392.979,192.979,0.48,0.49,0.51,0.52,0.01,0.01,78026.84,1776994391000
1776994393.421,193.421,0.46,0.49,0.51,0.54,0.03,0.03,78026.84,1776994392000
1776994393.863,193.863,0.45,0.49,0.51,0.52,0.04,0.01,78026.84,1776994392000
1776994394.219,194.219,0.45,0.46,0.51,0.55,0.01,0.04,78026.66,1776994393000
1776994394.719,194.719,0.45,0.46,0.54,0.55,0.01,0.01,78026.66,1776994393000
1776994395.216,195.216,0.45,0.46,0.54,0.55,0.01,0.01,78026.66,1776994393000
1776994395.799,195.799,0.45,0.46,0.54,0.55,0.01,0.01,78026.59,1776994394000
1776994396.233,196.233,0.45,0.46,0.54,0.55,0.01,0.01,78026.83,1776994395000
1776994397.205,197.205,0.45,0.46,0.54,0.55,0.01,0.01,78026.75,1776994396000
1776994398.25,198.25,0.45,0.46,0.54,0.55,0.01,0.01,78026.92,1776994397000
1776994398.899,198.899,0.45,0.46,0.54,0.55,0.01,0.01,78026.92,1776994397000
1776994399.334,199.334,0.45,0.46,0.54,0.55,0.01,0.01,78026.92,1776994397000
1776994399.7,199.7,0.45,0.46,0.54,0.55,0.01,0.01,78030.77,1776994398000
1776994400.142,200.142,0.45,0.48,0.52,0.55,0.03,0.03,78030.77,1776994398000
1776994400.512,200.512,0.45,0.46,0.54,0.55,0.01,0.01,78030.77,1776994398000
1776994400.891,200.891,0.45,0.48,0.52,0.55,0.03,0.03,78032.29,1776994399000
1776994401.251,201.251,0.45,0.48,0.52,0.55,0.03,0.03,78032.29,1776994400000
1776994401.717,201.717,0.46,0.48,0.52,0.55,0.02,0.03,78032.29,1776994400000
1776994402.171,202.171,0.46,0.49,0.52,0.54,0.03,0.02,78032.29,1776994400000
1776994402.516,202.516,0.46,0.5,0.51,0.54,0.04,0.03,78038.12,1776994401000
1776994402.881,202.881,0.46,0.5,0.5,0.51,0.04,0.01,78038.12,1776994401000
1776994403.363,203.363,0.49,0.5,0.5,0.51,0.01,0.01,78038.12,1776994401000
1776994403.702,203.702,0.49,0.5,0.5,0.51,0.01,0.01,78040.23,1776994402000
1776994404.037,204.037,0.48,0.5,0.5,0.51,0.02,0.01,78041.75,1776994403000
1776994404.371,204.371,0.48,0.49,0.51,0.52,0.01,0.01,78041.75,1776994403000
1776994404.707,204.707,0.48,0.49,0.51,0.52,0.01,0.01,78041.75,1776994403000
1776994405.104,205.104,0.48,0.49,0.51,0.52,0.01,0.01,78042.02,1776994404000
1776994405.442,205.442,0.48,0.49,0.51,0.52,0.01,0.01,78042.02,1776994404000
1776994405.93,205.93,0.48,0.49,0.51,0.52,0.01,0.01,78042.02,1776994404000
1776994406.277,206.277,0.48,0.49,0.51,0.52,0.01,0.01,78043.09,1776994405000
1776994406.834,206.834,0.48,0.49,0.51,0.52,0.01,0.01,78043.09,1776994405000
1776994407.235,207.235,0.48,0.49,0.51,0.52,0.01,0.01,78043.8,1776994406000
1776994408.282,208.282,0.48,0.49,0.51,0.52,0.01,0.01,78045.87,1776994407000
1776994408.727,208.727,0.48,0.49,0.51,0.52,0.01,0.01,78045.87,1776994407000
1776994409.061,209.061,0.48,0.49,0.51,0.52,0.01,0.01,78045.87,1776994407000
1776994409.452,209.452,0.48,0.49,0.51,0.52,0.01,0.01,78046.73,1776994408000
1776994409.83,209.83,0.48,0.49,0.51,0.52,0.01,0.01,78046.73,1776994408000
1776994410.176,210.176,0.48,0.49,0.51,0.52,0.01,0.01,78046.73,1776994408000
1776994410.833,210.833,0.48,0.5,0.5,0.52,0.02,0.02,78051.43,1776994410000
1776994411.239,211.239,0.49,0.5,0.5,0.51,0.01,0.01,78051.43,1776994410000
1776994411.581,211.581,0.49,0.65,0.35,0.51,0.16,0.16,78051.43,1776994410000
1776994411.945,211.945,0.55,0.67,0.33,0.45,0.12,0.12,78051.43,1776994410000
1776994412.286,212.286,0.63,0.68,0.32,0.37,0.05,0.05,78056.66,1776994411000
1776994412.627,212.627,0.65,0.72,0.28,0.35,0.07,0.07,78056.66,1776994411000
1776994412.96,212.96,0.67,0.72,0.32,0.33,0.05,0.01,78056.66,1776994411000
1776994413.311,213.311,0.67,0.68,0.32,0.33,0.01,0.01,78058.75,1776994412000
1776994413.682,213.682,0.67,0.71,0.32,0.33,0.04,0.01,78058.75,1776994412000
1776994414.028,214.028,0.67,0.71,0.29,0.33,0.04,0.04,78058.75,1776994412000
1776994414.443,214.443,0.67,0.72,0.32,0.33,0.05,0.01,78058.75,1776994412000
1776994414.779,214.779,0.67,0.72,0.28,0.33,0.05,0.05,78061.5,1776994413000
1776994415.298,215.298,0.66,0.72,0.28,0.34,0.06,0.06,78061.5,1776994414000
1776994415.648,215.648,0.66,0.68,0.32,0.34,0.02,0.02,78061.5,1776994414000
1776994416.291,216.291,0.66,0.68,0.32,0.34,0.02,0.02,78057.61,1776994415000
1776994416.872,216.872,0.66,0.68,0.32,0.34,0.02,0.02,78057.61,1776994415000
1776994417.34,217.34,0.65,0.68,0.32,0.35,0.03,0.03,78057.61,1776994415000
1776994417.986,217.986,0.65,0.68,0.32,0.35,0.03,0.03,78058.53,1776994416000
1776994418.402,218.402,0.65,0.68,0.32,0.35,0.03,0.03,78057.37,1776994417000
1776994418.9,218.9,0.57,0.6,0.4,0.43,0.03,0.03,78057.37,1776994417000
1776994419.453,219.453,0.57,0.6,0.4,0.43,0.03,0.03,78056.89,1776994418000
1776994419.803,219.803,0.57,0.6,0.4,0.43,0.03,0.03,78056.89,1776994418000
1776994420.264,220.264,0.67,0.68,0.32,0.33,0.01,0.01,78059.51,1776994419000
1776994420.646,220.646,0.67,0.69,0.31,0.33,0.02,0.02,78059.51,1776994419000
1776994420.987,220.987,0.59,0.6,0.4,0.41,0.01,0.01,78059.51,1776994419000
1776994421.351,221.351,0.59,0.6,0.4,0.41,0.01,0.01,78059.6,1776994420000
1776994421.717,221.717,0.56,0.57,0.4,0.44,0.01,0.04,78059.6,1776994420000
1776994422.051,222.051,0.54,0.57,0.43,0.46,0.03,0.03,78058.16,1776994421000
1776994422.455,222.455,0.52,0.55,0.45,0.48,0.03,0.03,78058.16,1776994421000
1776994423.131,223.131,0.51,0.55,0.45,0.49,0.04,0.04,78052.42,1776994422000
1776994424.029,224.029,0.51,0.55,0.45,0.49,0.04,0.04,78052.42,1776994422000
1776994424.549,224.549,0.51,0.56,0.45,0.49,0.05,0.04,78052.42,1776994423000
1776994425.202,225.202,0.54,0.56,0.44,0.49,0.02,0.05,78052.27,1776994424000
1776994425.976,225.976,0.54,0.56,0.44,0.46,0.02,0.02,78049.68,1776994425000
1776994426.331,226.331,0.51,0.56,0.44,0.49,0.05,0.05,78049.68,1776994425000
1776994426.767,226.767,0.55,0.56,0.44,0.45,0.01,0.01,78049.68,1776994425000
1776994427.15,227.15,0.51,0.57,0.43,0.49,0.06,0.06,78049.57,1776994426000
1776994427.532,227.532,0.51,0.57,0.43,0.49,0.06,0.06,78049.57,1776994426000
1776994427.876,227.876,0.55,0.56,0.44,0.45,0.01,0.01,78049.57,1776994426000
1776994428.285,228.285,0.55,0.56,0.44,0.45,0.01,0.01,78048.91,1776994427000
1776994428.698,228.698,0.5,0.52,0.48,0.5,0.02,0.02,78048.91,1776994427000
1776994429.032,229.032,0.49,0.56,0.44,0.51,0.07,0.07,78048.91,1776994427000
1776994429.459,229.459,0.49,0.52,0.48,0.51,0.03,0.03,78049.05,1776994428000
1776994429.843,229.843,0.53,0.56,0.46,0.5,0.03,0.04,78049.05,1776994428000
1776994430.242,230.242,0.51,0.54,0.46,0.49,0.03,0.03,78048.88,1776994429000
1776994430.579,230.579,0.5,0.51,0.49,0.51,0.01,0.02,78048.88,1776994429000
1776994430.955,230.955,0.49,0.5,0.5,0.52,0.01,0.02,78048.88,1776994429000
1776994431.324,231.324,0.47,0.49,0.51,0.53,0.02,0.02,78048.8,1776994430000
1776994431.698,231.698,0.47,0.48,0.52,0.53,0.01,0.01,78048.8,1776994430000
1776994432.04,232.04,0.47,0.48,0.52,0.53,0.01,0.01,78048.8,1776994431000
1776994432.48,232.48,0.48,0.49,0.51,0.52,0.01,0.01,78048.8,1776994431000
1776994433.118,233.118,0.48,0.49,0.51,0.52,0.01,0.01,78048.93,1776994432000
1776994433.477,233.477,0.48,0.49,0.51,0.52,0.01,0.01,78048.93,1776994432000
1776994433.961,233.961,0.48,0.49,0.51,0.52,0.01,0.01,78048.93,1776994432000
1776994434.615,234.615,0.48,0.49,0.51,0.52,0.01,0.01,78048.97,1776994433000
1776994435.228,235.228,0.48,0.49,0.51,0.52,0.01,0.01,78048.97,1776994433000
1776994435.976,235.976,0.48,0.49,0.51,0.52,0.01,0.01,78049.18,1776994434000
1776994436.628,236.628,0.48,0.49,0.51,0.52,0.01,0.01,78050.8,1776994435000
1776994436.987,236.987,0.48,0.49,0.51,0.52,0.01,0.01,78050.8,1776994435000
1776994437.343,237.343,0.48,0.49,0.51,0.52,0.01,0.01,78050.03,1776994436000
1776994437.678,237.678,0.48,0.49,0.51,0.52,0.01,0.01,78050.03,1776994436000
1776994438.346,238.346,0.48,0.49,0.51,0.52,0.01,0.01,78050.95,1776994437000
1776994438.815,238.815,0.48,0.49,0.51,0.52,0.01,0.01,78050.95,1776994437000
1776994439.749,239.749,0.48,0.49,0.51,0.52,0.01,0.01,78050.79,1776994438000
1776994440.258,240.258,0.5,0.51,0.49,0.52,0.01,0.03,78049.88,1776994439000
1776994440.713,240.713,0.5,0.51,0.49,0.5,0.01,0.01,78049.88,1776994439000
1776994441.061,241.061,0.66,0.77,0.23,0.34,0.11,0.11,78050.33,1776994440000
1776994441.401,241.401,0.67,0.69,0.32,0.34,0.02,0.02,78050.33,1776994440000
1776994441.841,241.841,0.7,0.71,0.29,0.3,0.01,0.01,78050.33,1776994440000
1776994442.282,242.282,0.72,0.73,0.27,0.29,0.01,0.02,78052.58,1776994441000
1776994442.745,242.745,0.73,0.74,0.26,0.27,0.01,0.01,78052.58,1776994441000
1776994443.551,243.551,0.77,0.78,0.22,0.27,0.01,0.05,78053.36,1776994442000
1776994444.141,244.141,0.75,0.78,0.22,0.25,0.03,0.03,78060.61,1776994443000
1776994444.819,244.819,0.74,0.76,0.24,0.25,0.02,0.01,78060.61,1776994443000
1776994445.338,245.338,0.73,0.76,0.24,0.27,0.03,0.03,78061.86,1776994444000
1776994445.79,245.79,0.73,0.76,0.24,0.27,0.03,0.03,78061.86,1776994444000
1776994446.287,246.287,0.73,0.74,0.26,0.29,0.01,0.03,78061.24,1776994445000
1776994446.745,246.745,0.73,0.74,0.26,0.27,0.01,0.01,78061.24,1776994445000
1776994447.195,247.195,0.73,0.74,0.26,0.27,0.01,0.01,78061.24,1776994445000
1776994447.769,247.769,0.7,0.71,0.29,0.3,0.01,0.01,78060.62,1776994446000
1776994448.124,248.124,0.7,0.71,0.29,0.3,0.01,0.01,78060.62,1776994447000
1776994448.474,248.474,0.69,0.71,0.29,0.3,0.02,0.01,78060.62,1776994447000
1776994448.851,248.851,0.69,0.7,0.3,0.31,0.01,0.01,78060.62,1776994447000
1776994449.188,249.188,0.69,0.75,0.3,0.31,0.06,0.01,78060.62,1776994447000
1776994449.647,249.647,0.74,0.75,0.25,0.26,0.01,0.01,78061.1,1776994448000
1776994450.081,250.081,0.75,0.76,0.25,0.26,0.01,0.01,78061.1,1776994449000
1776994450.749,250.749,0.75,0.76,0.24,0.25,0.01,0.01,78061.1,1776994449000
1776994451.141,251.141,0.75,0.76,0.24,0.25,0.01,0.01,78061.1,1776994449000
1776994451.521,251.521,0.75,0.76,0.24,0.25,0.01,0.01,78061.75,1776994450000
1776994452.006,252.006,0.75,0.76,0.24,0.25,0.01,0.01,78061.75,1776994450000
1776994452.363,252.363,0.69,0.7,0.3,0.31,0.01,0.01,78060.99,1776994451000
1776994452.752,252.752,0.69,0.7,0.3,0.31,0.01,0.01,78060.99,1776994451000
1776994453.106,253.106,0.68,0.7,0.3,0.31,0.02,0.01,78060.99,1776994451000
1776994453.482,253.482,0.68,0.69,0.31,0.34,0.01,0.03,78060.2,1776994452000
1776994453.816,253.816,0.67,0.68,0.32,0.34,0.01,0.02,78060.2,1776994452000
1776994454.284,254.284,0.67,0.69,0.32,0.33,0.02,0.01,78060.2,1776994452000
1776994454.638,254.638,0.68,0.69,0.3,0.33,0.01,0.03,78060.54,1776994453000
1776994454.995,254.995,0.67,0.7,0.3,0.31,0.03,0.01,78060.54,1776994454000
1776994455.331,255.331,0.67,0.68,0.32,0.33,0.01,0.01,78060.54,1776994454000
1776994455.784,255.784,0.66,0.67,0.33,0.34,0.01,0.01,78060.54,1776994454000
1776994456.118,256.118,0.66,0.67,0.33,0.34,0.01,0.01,78061.96,1776994455000
1776994456.907,256.907,0.67,0.68,0.33,0.34,0.01,0.01,78061.96,1776994455000
1776994457.261,257.261,0.67,0.68,0.32,0.33,0.01,0.01,78062.92,1776994456000
1776994457.651,257.651,0.67,0.68,0.32,0.33,0.01,0.01,78062.92,1776994456000
1776994457.987,257.987,0.69,0.7,0.3,0.31,0.01,0.01,78062.92,1776994456000
1776994458.327,258.327,0.74,0.75,0.25,0.26,0.01,0.01,78062.92,1776994456000
1776994458.681,258.681,0.74,0.75,0.25,0.26,0.01,0.01,78064.82,1776994457000
1776994459.027,259.027,0.74,0.75,0.25,0.26,0.01,0.01,78065.68,1776994458000
1776994459.368,259.368,0.74,0.75,0.25,0.26,0.01,0.01,78065.68,1776994458000
1776994459.712,259.712,0.74,0.75,0.25,0.26,0.01,0.01,78065.68,1776994458000
1776994460.045,260.045,0.74,0.75,0.25,0.26,0.01,0.01,78065.68,1776994458000
1776994460.379,260.379,0.79,0.8,0.2,0.23,0.01,0.03,78069.11,1776994459000
1776994460.781,260.781,0.79,0.8,0.2,0.21,0.01,0.01,78069.11,1776994459000
1776994461.162,261.162,0.79,0.8,0.2,0.21,0.01,0.01,78069.11,1776994459000
1776994461.499,261.499,0.79,0.8,0.2,0.21,0.01,0.01,78070.78,1776994460000
1776994461.843,261.843,0.79,0.8,0.2,0.21,0.01,0.01,78070.78,1776994460000
1776994462.184,262.184,0.8,0.81,0.19,0.2,0.01,0.01,78070.78,1776994460000
1776994462.558,262.558,0.81,0.82,0.18,0.19,0.01,0.01,78075.36,1776994461000
1776994462.895,262.895,0.8,0.82,0.18,0.2,0.02,0.02,78075.36,1776994461000
1776994463.393,263.393,0.8,0.81,0.19,0.2,0.01,0.01,78075.36,1776994462000
1776994463.964,263.964,0.82,0.83,0.16,0.18,0.01,0.02,78075.36,1776994462000
1776994464.315,264.315,0.82,0.83,0.17,0.18,0.01,0.01,78078.25,1776994463000
1776994464.665,264.665,0.83,0.84,0.16,0.17,0.01,0.01,78078.25,1776994463000
1776994465.041,265.041,0.83,0.84,0.16,0.17,0.01,0.01,78078.25,1776994463000
1776994465.422,265.422,0.83,0.84,0.16,0.17,0.01,0.01,78078.62,1776994464000
1776994465.841,265.841,0.57,0.65,0.35,0.37,0.08,0.02,78078.62,1776994464000
1776994466.186,266.186,0.55,0.57,0.43,0.46,0.02,0.03,78079.03,1776994465000
1776994466.52,266.52,0.55,0.56,0.44,0.45,0.01,0.01,78079.03,1776994465000
1776994466.866,266.866,0.57,0.58,0.42,0.43,0.01,0.01,78079.03,1776994465000
1776994467.287,267.287,0.57,0.58,0.42,0.43,0.01,0.01,78079.03,1776994465000
1776994467.672,267.672,0.57,0.58,0.42,0.43,0.01,0.01,78073.99,1776994466000
1776994468.007,268.007,0.57,0.58,0.42,0.43,0.01,0.01,78065.44,1776994467000
1776994468.375,268.375,0.58,0.59,0.41,0.42,0.01,0.01,78065.44,1776994467000
1776994468.717,268.717,0.57,0.6,0.4,0.41,0.03,0.01,78065.44,1776994467000
1776994469.07,269.07,0.56,0.57,0.43,0.44,0.01,0.01,78064.94,1776994468000
1776994469.508,269.508,0.56,0.57,0.43,0.44,0.01,0.01,78064.94,1776994468000
1776994469.867,269.867,0.59,0.61,0.38,0.4,0.02,0.02,78064.94,1776994468000
1776994470.279,270.279,0.6,0.61,0.39,0.4,0.01,0.01,78064.94,1776994469000
1776994470.695,270.695,0.6,0.61,0.39,0.4,0.01,0.01,78064.94,1776994469000
1776994471.126,271.126,0.6,0.62,0.39,0.4,0.02,0.01,78064.94,1776994469000
1776994471.549,271.549,0.62,0.64,0.36,0.38,0.02,0.02,78059.96,1776994470000
1776994471.986,271.986,0.64,0.65,0.35,0.36,0.01,0.01,78059.96,1776994470000
1776994472.328,272.328,0.64,0.65,0.35,0.36,0.01,0.01,78060.27,1776994471000
1776994472.749,272.749,0.64,0.65,0.35,0.36,0.01,0.01,78060.27,1776994471000
1776994473.086,273.086,0.64,0.65,0.35,0.36,0.01,0.01,78060.27,1776994471000
1776994473.606,273.606,0.66,0.67,0.33,0.34,0.01,0.01,78062.54,1776994472000
1776994473.961,273.961,0.64,0.65,0.34,0.36,0.01,0.02,78062.54,1776994472000
1776994474.313,274.313,0.64,0.65,0.35,0.36,0.01,0.01,78063.44,1776994473000
1776994474.76,274.76,0.65,0.66,0.35,0.36,0.01,0.01,78063.44,1776994473000
1776994475.166,275.166,0.66,0.67,0.33,0.34,0.01,0.01,78063.44,1776994473000
1776994475.599,275.599,0.67,0.68,0.32,0.33,0.01,0.01,78064.63,1776994474000
1776994475.99,275.99,0.67,0.68,0.32,0.33,0.01,0.01,78064.63,1776994474000
1776994476.516,276.516,0.75,0.76,0.24,0.25,0.01,0.01,78064.46,1776994475000
1776994476.914,276.914,0.76,0.77,0.23,0.24,0.01,0.01,78064.46,1776994475000
1776994477.291,277.291,0.78,0.79,0.21,0.22,0.01,0.01,78063.87,1776994476000
1776994477.761,277.761,0.73,0.74,0.21,0.22,0.01,0.01,78063.87,1776994476000
1776994478.148,278.148,0.68,0.69,0.31,0.32,0.01,0.01,78063.87,1776994476000
1776994478.489,278.489,0.68,0.69,0.31,0.32,0.01,0.01,78064.59,1776994477000
1776994478.912,278.912,0.68,0.69,0.31,0.32,0.01,0.01,78065.11,1776994478000
1776994479.613,279.613,0.68,0.69,0.31,0.32,0.01,0.01,78065.11,1776994478000
1776994480.077,280.077,0.68,0.73,0.27,0.32,0.05,0.05,78065.0,1776994479000
1776994480.419,280.419,0.7,0.71,0.29,0.3,0.01,0.01,78065.0,1776994479000
1776994480.77,280.77,0.7,0.71,0.29,0.3,0.01,0.01,78065.0,1776994479000
1776994481.293,281.293,0.7,0.71,0.29,0.3,0.01,0.01,78064.89,1776994480000
1776994481.92,281.92,0.72,0.73,0.29,0.3,0.01,0.01,78064.89,1776994480000
1776994482.277,282.277,0.72,0.73,0.27,0.28,0.01,0.01,78064.64,1776994481000
1776994482.676,282.676,0.72,0.76,0.27,0.28,0.04,0.01,78064.64,1776994481000
1776994483.011,283.011,0.75,0.76,0.24,0.25,0.01,0.01,78064.64,1776994481000
1776994483.383,283.383,0.75,0.76,0.24,0.25,0.01,0.01,78064.38,1776994482000
1776994483.773,283.773,0.75,0.76,0.24,0.25,0.01,0.01,78064.38,1776994482000
1776994484.267,284.267,0.75,0.76,0.24,0.25,0.01,0.01,78064.38,1776994483000
1776994484.761,284.761,0.84,0.85,0.15,0.16,0.01,0.01,78064.38,1776994483000
1776994485.162,285.162,0.84,0.85,0.15,0.16,0.01,0.01,78064.75,1776994484000
1776994485.5,285.5,0.84,0.85,0.15,0.16,0.01,0.01,78064.75,1776994484000
1776994485.852,285.852,0.84,0.85,0.15,0.16,0.01,0.01,78064.75,1776994484000
1776994486.28,286.28,0.74,0.75,0.21,0.22,0.01,0.01,78064.75,1776994484000
1776994486.798,286.798,0.74,0.75,0.25,0.26,0.01,0.01,78065.13,1776994485000
1776994487.16,287.16,0.74,0.75,0.25,0.26,0.01,0.01,78065.13,1776994485000
1776994487.641,287.641,0.8,0.81,0.19,0.2,0.01,0.01,78065.94,1776994486000
1776994488.082,288.082,0.8,0.81,0.19,0.2,0.01,0.01,78065.94,1776994486000
1776994488.448,288.448,0.8,0.81,0.19,0.2,0.01,0.01,78066.92,1776994487000
1776994488.905,288.905,0.81,0.83,0.18,0.19,0.02,0.01,78066.92,1776994487000
1776994489.376,289.376,0.82,0.83,0.17,0.18,0.01,0.01,78066.92,1776994488000
1776994489.76,289.76,0.82,0.83,0.17,0.18,0.01,0.01,78066.92,1776994488000
1776994490.416,290.416,0.82,0.83,0.17,0.18,0.01,0.01,78067.01,1776994489000
1776994490.757,290.757,0.82,0.83,0.17,0.18,0.01,0.01,78067.01,1776994489000
1776994491.165,291.165,0.83,0.84,0.16,0.17,0.01,0.01,78066.17,1776994490000
1776994491.571,291.571,0.83,0.84,0.16,0.17,0.01,0.01,78066.17,1776994490000
1776994492.109,292.109,0.84,0.85,0.15,0.16,0.01,0.01,78066.17,1776994490000
1776994492.502,292.502,0.84,0.85,0.15,0.16,0.01,0.01,78067.03,1776994491000
1776994492.937,292.937,0.84,0.85,0.15,0.16,0.01,0.01,78067.03,1776994491000
1776994493.272,293.272,0.84,0.85,0.15,0.16,0.01,0.01,78067.51,1776994492000
1776994493.663,293.663,0.84,0.85,0.15,0.16,0.01,0.01,78067.51,1776994492000
1776994494.022,294.022,0.84,0.85,0.15,0.16,0.01,0.01,78067.51,1776994492000
1776994494.356,294.356,0.88,0.89,0.11,0.12,0.01,0.01,78067.36,1776994493000
1776994494.694,294.694,0.87,0.89,0.11,0.12,0.02,0.01,78067.36,1776994493000
1776994495.035,295.035,0.88,0.89,0.11,0.12,0.01,0.01,78067.36,1776994493000
1776994495.418,295.418,0.88,0.89,0.11,0.12,0.01,0.01,78067.46,1776994494000
1776994495.792,295.792,0.88,0.89,0.11,0.12,0.01,0.01,78067.46,1776994494000
1776994496.166,296.166,0.88,0.89,0.11,0.12,0.01,0.01,78067.75,1776994495000
1776994496.561,296.561,0.89,0.9,0.1,0.11,0.01,0.01,78067.75,1776994495000
1776994496.921,296.921,0.92,0.93,0.07,0.08,0.01,0.01,78067.75,1776994495000
1776994497.264,297.264,0.96,0.97,0.03,0.06,0.01,0.03,78067.77,1776994496000
1776994497.627,297.627,0.97,0.98,0.02,0.03,0.01,0.01,78067.77,1776994496000
1776994497.976,297.976,0.98,0.99,0.01,0.02,0.01,0.01,78067.77,1776994496000
1776994498.315,298.315,0.98,0.99,0.01,0.02,0.01,0.01,78067.81,1776994497000
1776994498.657,298.657,0.98,0.99,0.01,0.02,0.01,0.01,78067.81,1776994497000
1776994499.02,299.02,0.99,0.99,0.01,0.01,0.0,0.0,78067.81,1776994497000
1776994499.479,299.479,0.99,0.99,0.01,0.01,0.0,0.0,78068.34,1776994498000
1776994500.142,300.142,0.99,0.99,0.01,0.01,0.0,0.0,78068.34,1776994498000
1776994500.746,300.746,0.99,0.99,0.01,0.01,0.0,0.0,78068.14,1776994499000
1776994501.276,301.276,0.99,0.99,0.01,0.01,0.0,0.0,78068.08,1776994500000
1776994502.377,302.377,0.99,0.99,0.01,0.01,0.0,0.0,78067.93,1776994501000

# RESULT,winner=Up,slug=btc-updown-5m-1776994200,ticks=687
