timestamp,elapsed_sec,up_bid,up_ask,down_bid,down_ask,up_spread,down_spread,btc_price,btc_oracle_ts
1776396600.625,0.625,0.57,0.59,0.41,0.43,0.02,0.02,74738.72,1776396599000
1776396601.011,1.011,0.58,0.59,0.41,0.42,0.01,0.01,74738.72,1776396599000
1776396601.481,1.481,0.58,0.59,0.41,0.43,0.01,0.02,74742.02,1776396600000
1776396601.821,1.821,0.56,0.58,0.41,0.44,0.02,0.03,74742.02,1776396600000
1776396602.173,2.173,0.56,0.57,0.43,0.44,0.01,0.01,74742.02,1776396600000
1776396602.556,2.556,0.56,0.57,0.43,0.44,0.01,0.01,74745.22,1776396601000
1776396603.008,3.008,0.56,0.57,0.43,0.44,0.01,0.01,74745.22,1776396601000
1776396603.355,3.355,0.55,0.57,0.43,0.44,0.02,0.01,74745.23,1776396602000
1776396604.123,4.123,0.55,0.57,0.43,0.44,0.02,0.01,74745.23,1776396602000
1776396604.461,4.461,0.55,0.57,0.44,0.45,0.02,0.01,74745.27,1776396603000
1776396604.801,4.801,0.56,0.57,0.43,0.44,0.01,0.01,74745.27,1776396603000
1776396605.141,5.141,0.56,0.57,0.43,0.44,0.01,0.01,74745.27,1776396603000
1776396605.546,5.546,0.55,0.56,0.43,0.44,0.01,0.01,74745.27,1776396603000
1776396605.902,5.902,0.55,0.56,0.44,0.45,0.01,0.01,74745.43,1776396604000
1776396606.31,6.31,0.57,0.58,0.44,0.45,0.01,0.01,74745.43,1776396604000
1776396606.788,6.788,0.57,0.58,0.42,0.43,0.01,0.01,74745.1,1776396605000
1776396607.37,7.37,0.57,0.58,0.42,0.43,0.01,0.01,74745.11,1776396606000
1776396607.742,7.742,0.57,0.58,0.42,0.43,0.01,0.01,74745.11,1776396606000
1776396608.093,8.093,0.57,0.58,0.42,0.43,0.01,0.01,74745.11,1776396607000
1776396608.521,8.521,0.57,0.58,0.42,0.43,0.01,0.01,74745.11,1776396607000
1776396609.163,9.163,0.57,0.58,0.42,0.43,0.01,0.01,74745.11,1776396607000
1776396609.687,9.687,0.57,0.58,0.42,0.43,0.01,0.01,74745.11,1776396607000
1776396610.028,10.028,0.59,0.6,0.4,0.41,0.01,0.01,74746.09,1776396608000
1776396610.473,10.473,0.62,0.63,0.37,0.38,0.01,0.01,74746.7,1776396609000
1776396610.809,10.809,0.63,0.64,0.36,0.37,0.01,0.01,74746.7,1776396609000
1776396611.228,11.228,0.63,0.64,0.36,0.37,0.01,0.01,74746.7,1776396609000
1776396611.72,11.72,0.63,0.64,0.36,0.37,0.01,0.01,74746.91,1776396610000
1776396612.175,12.175,0.63,0.64,0.35,0.37,0.01,0.02,74746.91,1776396610000
1776396612.587,12.587,0.64,0.65,0.35,0.36,0.01,0.01,74746.91,1776396610000
1776396612.96,12.96,0.66,0.68,0.33,0.34,0.02,0.01,74751.63,1776396611000
1776396613.319,13.319,0.67,0.68,0.32,0.34,0.01,0.02,74751.63,1776396611000
1776396613.847,13.847,0.68,0.69,0.31,0.32,0.01,0.01,74752.17,1776396612000
1776396614.181,14.181,0.67,0.68,0.32,0.33,0.01,0.01,74752.17,1776396612000
1776396614.622,14.622,0.67,0.68,0.32,0.33,0.01,0.01,74751.91,1776396613000
1776396614.956,14.956,0.6,0.61,0.39,0.4,0.01,0.01,74751.91,1776396613000
1776396615.305,15.305,0.6,0.61,0.39,0.4,0.01,0.01,74751.91,1776396613000
1776396615.671,15.671,0.6,0.61,0.39,0.4,0.01,0.01,74757.63,1776396614000
1776396616.008,16.008,0.6,0.61,0.39,0.4,0.01,0.01,74757.63,1776396614000
1776396616.357,16.357,0.58,0.59,0.41,0.42,0.01,0.01,74755.7,1776396615000
1776396616.741,16.741,0.58,0.59,0.41,0.42,0.01,0.01,74755.7,1776396615000
1776396617.092,17.092,0.6,0.61,0.39,0.4,0.01,0.01,74755.7,1776396615000
1776396617.439,17.439,0.6,0.61,0.39,0.4,0.01,0.01,74751.73,1776396616000
1776396617.776,17.776,0.6,0.61,0.39,0.4,0.01,0.01,74751.73,1776396616000
1776396618.24,18.24,0.6,0.61,0.39,0.4,0.01,0.01,74751.73,1776396616000
1776396618.607,18.607,0.6,0.61,0.39,0.4,0.01,0.01,74751.73,1776396616000
1776396618.962,18.962,0.6,0.61,0.39,0.4,0.01,0.01,74749.96,1776396617000
1776396619.312,19.312,0.6,0.61,0.39,0.4,0.01,0.01,74749.96,1776396617000
1776396619.649,19.649,0.6,0.61,0.39,0.4,0.01,0.01,74748.9,1776396618000
1776396619.989,19.989,0.6,0.61,0.39,0.4,0.01,0.01,74748.9,1776396618000
1776396620.328,20.328,0.6,0.61,0.39,0.4,0.01,0.01,74748.9,1776396618000
1776396620.676,20.676,0.6,0.61,0.39,0.4,0.01,0.01,74747.99,1776396619000
1776396621.025,21.025,0.6,0.61,0.39,0.4,0.01,0.01,74747.99,1776396619000
1776396621.563,21.563,0.6,0.61,0.39,0.4,0.01,0.01,74746.35,1776396620000
1776396621.937,21.937,0.6,0.61,0.39,0.4,0.01,0.01,74746.35,1776396620000
1776396622.279,22.279,0.6,0.61,0.39,0.4,0.01,0.01,74746.35,1776396620000
1776396622.632,22.632,0.6,0.61,0.39,0.4,0.01,0.01,74746.35,1776396620000
1776396622.999,22.999,0.6,0.61,0.39,0.4,0.01,0.01,74746.35,1776396620000
1776396623.333,23.333,0.6,0.61,0.39,0.4,0.01,0.01,74745.35,1776396622000
1776396623.688,23.688,0.6,0.61,0.39,0.4,0.01,0.01,74745.35,1776396622000
1776396624.045,24.045,0.6,0.61,0.39,0.4,0.01,0.01,74745.35,1776396622000
1776396624.382,24.382,0.6,0.61,0.39,0.4,0.01,0.01,74745.35,1776396623000
1776396624.759,24.759,0.6,0.61,0.39,0.4,0.01,0.01,74745.35,1776396623000
1776396625.097,25.097,0.6,0.61,0.39,0.4,0.01,0.01,74745.35,1776396623000
1776396625.476,25.476,0.6,0.61,0.39,0.4,0.01,0.01,74745.35,1776396624000
1776396625.845,25.845,0.6,0.61,0.39,0.4,0.01,0.01,74745.35,1776396624000
1776396626.191,26.191,0.6,0.61,0.39,0.4,0.01,0.01,74745.35,1776396624000
1776396626.531,26.531,0.6,0.61,0.39,0.4,0.01,0.01,74745.29,1776396625000
1776396626.923,26.923,0.6,0.61,0.39,0.4,0.01,0.01,74745.29,1776396625000
1776396627.316,27.316,0.59,0.6,0.4,0.41,0.01,0.01,74745.29,1776396625000
1776396627.656,27.656,0.58,0.59,0.41,0.42,0.01,0.01,74743.45,1776396626000
1776396628.006,28.006,0.58,0.59,0.41,0.42,0.01,0.01,74743.45,1776396626000
1776396628.357,28.357,0.57,0.58,0.42,0.43,0.01,0.01,74743.45,1776396626000
1776396628.698,28.698,0.55,0.56,0.44,0.45,0.01,0.01,74742.72,1776396627000
1776396629.045,29.045,0.55,0.56,0.44,0.45,0.01,0.01,74742.72,1776396628000
1776396629.537,29.537,0.55,0.56,0.44,0.45,0.01,0.01,74742.72,1776396628000
1776396629.877,29.877,0.55,0.56,0.44,0.45,0.01,0.01,74742.72,1776396628000
1776396630.251,30.251,0.55,0.56,0.44,0.45,0.01,0.01,74740.45,1776396629000
1776396630.617,30.617,0.55,0.56,0.44,0.45,0.01,0.01,74740.45,1776396629000
1776396630.997,30.997,0.55,0.56,0.44,0.45,0.01,0.01,74740.45,1776396629000
1776396631.337,31.337,0.57,0.58,0.42,0.43,0.01,0.01,74740.45,1776396629000
1776396631.696,31.696,0.65,0.66,0.34,0.36,0.01,0.02,74740.45,1776396629000
1776396632.083,32.083,0.66,0.67,0.33,0.35,0.01,0.02,74740.45,1776396629000
1776396632.489,32.489,0.66,0.67,0.33,0.34,0.01,0.01,74740.9,1776396630000
1776396632.879,32.879,0.68,0.69,0.31,0.32,0.01,0.01,74740.9,1776396630000
1776396633.275,33.275,0.69,0.7,0.3,0.31,0.01,0.01,74741.18,1776396631000
1776396633.677,33.677,0.69,0.7,0.3,0.31,0.01,0.01,74742.76,1776396632000
1776396634.012,34.012,0.69,0.7,0.3,0.31,0.01,0.01,74742.76,1776396632000
1776396634.347,34.347,0.7,0.71,0.29,0.3,0.01,0.01,74742.76,1776396632000
1776396634.683,34.683,0.7,0.71,0.29,0.3,0.01,0.01,74754.46,1776396633000
1776396635.047,35.047,0.7,0.71,0.29,0.3,0.01,0.01,74754.46,1776396633000
1776396635.383,35.383,0.7,0.71,0.29,0.3,0.01,0.01,74754.74,1776396634000
1776396635.726,35.726,0.7,0.71,0.29,0.3,0.01,0.01,74754.74,1776396634000
1776396636.128,36.128,0.7,0.71,0.29,0.3,0.01,0.01,74754.74,1776396634000
1776396636.541,36.541,0.7,0.72,0.29,0.3,0.02,0.01,74759.6,1776396635000
1776396636.876,36.876,0.7,0.71,0.29,0.3,0.01,0.01,74759.6,1776396635000
1776396637.231,37.231,0.7,0.71,0.29,0.31,0.01,0.02,74759.6,1776396635000
1776396637.58,37.58,0.7,0.71,0.29,0.3,0.01,0.01,74759.6,1776396636000
1776396637.93,37.93,0.71,0.72,0.28,0.3,0.01,0.02,74759.6,1776396636000
1776396638.263,38.263,0.71,0.72,0.28,0.29,0.01,0.01,74759.6,1776396636000
1776396638.653,38.653,0.71,0.72,0.28,0.29,0.01,0.01,74759.6,1776396637000
1776396639.085,39.085,0.71,0.72,0.28,0.29,0.01,0.01,74759.6,1776396637000
1776396639.509,39.509,0.71,0.72,0.28,0.29,0.01,0.01,74759.6,1776396638000
1776396639.876,39.876,0.71,0.72,0.28,0.29,0.01,0.01,74759.6,1776396638000
1776396640.211,40.211,0.71,0.72,0.28,0.29,0.01,0.01,74759.9,1776396639000
1776396640.624,40.624,0.71,0.72,0.28,0.29,0.01,0.01,74759.9,1776396639000
1776396641.086,41.086,0.72,0.73,0.27,0.28,0.01,0.01,74759.9,1776396639000
1776396641.464,41.464,0.73,0.74,0.26,0.28,0.01,0.02,74760.21,1776396640000
1776396641.819,41.819,0.73,0.74,0.26,0.27,0.01,0.01,74760.21,1776396640000
1776396642.237,42.237,0.73,0.74,0.26,0.27,0.01,0.01,74760.21,1776396640000
1776396642.589,42.589,0.73,0.74,0.26,0.27,0.01,0.01,74761.39,1776396641000
1776396642.93,42.93,0.73,0.74,0.26,0.27,0.01,0.01,74761.39,1776396641000
1776396643.285,43.285,0.73,0.74,0.26,0.27,0.01,0.01,74761.39,1776396642000
1776396643.626,43.626,0.73,0.74,0.26,0.27,0.01,0.01,74761.39,1776396642000
1776396643.965,43.965,0.73,0.74,0.26,0.27,0.01,0.01,74761.39,1776396642000
1776396644.316,44.316,0.73,0.74,0.26,0.27,0.01,0.01,74761.54,1776396643000
1776396644.769,44.769,0.73,0.74,0.26,0.27,0.01,0.01,74761.54,1776396643000
1776396645.13,45.13,0.74,0.76,0.24,0.26,0.02,0.02,74761.47,1776396644000
1776396645.505,45.505,0.77,0.78,0.22,0.24,0.01,0.02,74761.47,1776396644000
1776396645.863,45.863,0.77,0.78,0.22,0.23,0.01,0.01,74761.47,1776396644000
1776396646.225,46.225,0.76,0.79,0.21,0.23,0.03,0.02,74761.47,1776396644000
1776396646.737,46.737,0.78,0.79,0.21,0.22,0.01,0.01,74761.71,1776396645000
1776396647.156,47.156,0.76,0.79,0.21,0.22,0.03,0.01,74761.71,1776396645000
1776396647.526,47.526,0.78,0.79,0.21,0.22,0.01,0.01,74762.72,1776396646000
1776396647.88,47.88,0.78,0.79,0.21,0.22,0.01,0.01,74762.72,1776396646000
1776396648.225,48.225,0.78,0.79,0.21,0.22,0.01,0.01,74762.72,1776396646000
1776396648.571,48.571,0.78,0.79,0.21,0.22,0.01,0.01,74764.35,1776396647000
1776396648.905,48.905,0.78,0.79,0.21,0.22,0.01,0.01,74764.41,1776396648000
1776396649.283,49.283,0.78,0.79,0.21,0.22,0.01,0.01,74764.41,1776396648000
1776396649.639,49.639,0.78,0.79,0.21,0.22,0.01,0.01,74764.41,1776396648000
1776396650.085,50.085,0.78,0.79,0.21,0.22,0.01,0.01,74764.27,1776396649000
1776396650.444,50.444,0.78,0.79,0.21,0.22,0.01,0.01,74764.27,1776396649000
1776396650.965,50.965,0.78,0.79,0.21,0.22,0.01,0.01,74764.75,1776396650000
1776396651.598,51.598,0.78,0.79,0.21,0.22,0.01,0.01,74764.75,1776396650000
1776396652.289,52.289,0.78,0.79,0.21,0.22,0.01,0.01,74764.75,1776396650000
1776396652.663,52.663,0.78,0.79,0.21,0.22,0.01,0.01,74764.75,1776396650000
1776396653.14,53.14,0.78,0.79,0.21,0.24,0.01,0.03,74765.29,1776396651000
1776396653.637,53.637,0.78,0.79,0.21,0.22,0.01,0.01,74765.31,1776396652000
1776396654.085,54.085,0.77,0.78,0.22,0.23,0.01,0.01,74765.31,1776396652000
1776396654.432,54.432,0.77,0.78,0.22,0.23,0.01,0.01,74765.31,1776396652000
1776396654.877,54.877,0.77,0.79,0.21,0.22,0.02,0.01,74766.58,1776396653000
1776396655.358,55.358,0.78,0.79,0.21,0.23,0.01,0.02,74766.59,1776396654000
1776396655.699,55.699,0.78,0.79,0.21,0.22,0.01,0.01,74766.59,1776396654000
1776396656.079,56.079,0.78,0.8,0.21,0.22,0.02,0.01,74766.59,1776396654000
1776396656.441,56.441,0.79,0.8,0.2,0.21,0.01,0.01,74766.59,1776396654000
1776396656.856,56.856,0.79,0.8,0.2,0.21,0.01,0.01,74766.73,1776396655000
1776396657.193,57.193,0.79,0.8,0.2,0.21,0.01,0.01,74766.73,1776396655000
1776396657.579,57.579,0.79,0.8,0.2,0.21,0.01,0.01,74766.73,1776396656000
1776396657.915,57.915,0.79,0.8,0.2,0.21,0.01,0.01,74766.73,1776396656000
1776396658.57,58.57,0.77,0.78,0.21,0.22,0.01,0.01,74766.44,1776396657000
1776396659.23,59.23,0.77,0.79,0.22,0.23,0.02,0.01,74766.44,1776396657000
1776396659.883,59.883,0.78,0.79,0.21,0.22,0.01,0.01,74767.3,1776396659000
1776396660.523,60.523,0.78,0.79,0.21,0.22,0.01,0.01,74767.3,1776396659000
1776396660.861,60.861,0.79,0.8,0.2,0.21,0.01,0.01,74767.3,1776396659000
1776396661.212,61.212,0.78,0.79,0.2,0.22,0.01,0.02,74767.3,1776396659000
1776396661.557,61.557,0.76,0.77,0.23,0.24,0.01,0.01,74767.36,1776396660000
1776396661.947,61.947,0.76,0.77,0.23,0.24,0.01,0.01,74767.36,1776396660000
1776396662.471,62.471,0.76,0.77,0.23,0.24,0.01,0.01,74767.36,1776396660000
1776396662.921,62.921,0.76,0.77,0.23,0.24,0.01,0.01,74766.54,1776396661000
1776396663.322,63.322,0.76,0.77,0.23,0.24,0.01,0.01,74766.47,1776396662000
1776396663.9,63.9,0.76,0.77,0.23,0.24,0.01,0.01,74766.47,1776396662000
1776396664.264,64.264,0.76,0.77,0.23,0.24,0.01,0.01,74766.11,1776396663000
1776396664.711,64.711,0.76,0.77,0.23,0.24,0.01,0.01,74766.11,1776396663000
1776396665.152,65.152,0.76,0.77,0.23,0.24,0.01,0.01,74766.11,1776396663000
1776396665.894,65.894,0.76,0.77,0.23,0.24,0.01,0.01,74765.97,1776396664000
1776396666.426,66.426,0.77,0.78,0.22,0.23,0.01,0.01,74765.97,1776396665000
1776396666.981,66.981,0.78,0.79,0.21,0.22,0.01,0.01,74765.97,1776396665000
1776396667.526,67.526,0.79,0.8,0.2,0.21,0.01,0.01,74766.08,1776396666000
1776396667.915,67.915,0.79,0.8,0.2,0.21,0.01,0.01,74766.08,1776396666000
1776396668.391,68.391,0.79,0.8,0.2,0.21,0.01,0.01,74766.08,1776396666000
1776396669.609,69.609,0.79,0.8,0.2,0.21,0.01,0.01,74766.59,1776396668000
1776396670.076,70.076,0.78,0.79,0.21,0.22,0.01,0.01,74766.59,1776396668000
1776396670.529,70.529,0.79,0.8,0.2,0.21,0.01,0.01,74766.88,1776396669000
1776396670.865,70.865,0.78,0.8,0.2,0.21,0.02,0.01,74766.88,1776396669000
1776396671.333,71.333,0.78,0.79,0.21,0.22,0.01,0.01,74767.25,1776396670000
1776396671.884,71.884,0.79,0.8,0.21,0.22,0.01,0.01,74767.25,1776396670000
1776396672.66,72.66,0.79,0.8,0.2,0.21,0.01,0.01,74767.25,1776396670000
1776396673.203,73.203,0.79,0.8,0.2,0.21,0.01,0.01,74767.37,1776396671000
1776396674.022,74.022,0.79,0.8,0.2,0.21,0.01,0.01,74767.46,1776396673000
1776396674.381,74.381,0.79,0.8,0.2,0.21,0.01,0.01,74767.46,1776396673000
1776396674.782,74.782,0.79,0.8,0.2,0.21,0.01,0.01,74767.46,1776396673000
1776396675.127,75.127,0.84,0.85,0.15,0.16,0.01,0.01,74767.46,1776396673000
1776396675.463,75.463,0.84,0.85,0.15,0.16,0.01,0.01,74767.49,1776396674000
1776396675.825,75.825,0.84,0.85,0.15,0.16,0.01,0.01,74767.49,1776396674000
1776396676.175,76.175,0.84,0.85,0.15,0.16,0.01,0.01,74767.49,1776396674000
1776396676.524,76.524,0.84,0.85,0.15,0.16,0.01,0.01,74767.72,1776396675000
1776396676.87,76.87,0.84,0.85,0.15,0.16,0.01,0.01,74767.72,1776396675000
1776396677.219,77.219,0.84,0.85,0.15,0.16,0.01,0.01,74770.77,1776396676000
1776396677.742,77.742,0.84,0.85,0.15,0.16,0.01,0.01,74770.77,1776396676000
1776396678.223,78.223,0.84,0.86,0.15,0.16,0.02,0.01,74770.77,1776396676000
1776396678.665,78.665,0.85,0.86,0.14,0.15,0.01,0.01,74771.34,1776396677000
1776396679.044,79.044,0.85,0.86,0.14,0.15,0.01,0.01,74771.34,1776396677000
1776396679.47,79.47,0.84,0.85,0.14,0.15,0.01,0.01,74771.34,1776396677000
1776396679.822,79.822,0.85,0.86,0.14,0.16,0.01,0.02,74771.62,1776396678000
1776396680.29,80.29,0.85,0.86,0.14,0.15,0.01,0.01,74771.64,1776396679000
1776396680.669,80.669,0.84,0.86,0.14,0.15,0.02,0.01,74771.64,1776396679000
1776396681.188,81.188,0.85,0.86,0.13,0.16,0.01,0.03,74771.64,1776396679000
1776396681.539,81.539,0.85,0.86,0.13,0.18,0.01,0.05,74776.3,1776396680000
1776396682.477,82.477,0.86,0.87,0.13,0.14,0.01,0.01,74777.37,1776396681000
1776396682.81,82.81,0.86,0.87,0.13,0.14,0.01,0.01,74777.37,1776396681000
1776396683.46,83.46,0.86,0.87,0.13,0.14,0.01,0.01,74777.37,1776396682000
1776396684.142,84.142,0.86,0.87,0.13,0.14,0.01,0.01,74777.37,1776396682000
1776396684.505,84.505,0.86,0.87,0.12,0.14,0.01,0.02,74777.38,1776396683000
1776396685.134,85.134,0.87,0.88,0.12,0.14,0.01,0.02,74777.38,1776396683000
1776396685.48,85.48,0.86,0.87,0.13,0.14,0.01,0.01,74777.38,1776396683000
1776396686.352,86.352,0.86,0.87,0.13,0.14,0.01,0.01,74777.0,1776396685000
1776396686.727,86.727,0.86,0.87,0.13,0.14,0.01,0.01,74777.0,1776396685000
1776396687.679,87.679,0.86,0.87,0.13,0.14,0.01,0.01,74776.9,1776396686000
1776396688.023,88.023,0.86,0.87,0.13,0.14,0.01,0.01,74776.9,1776396686000
1776396688.356,88.356,0.86,0.87,0.13,0.14,0.01,0.01,74777.5,1776396687000
1776396689.016,89.016,0.86,0.87,0.13,0.14,0.01,0.01,74777.62,1776396688000
1776396689.361,89.361,0.86,0.87,0.13,0.14,0.01,0.01,74777.62,1776396688000
1776396689.868,89.868,0.86,0.87,0.13,0.14,0.01,0.01,74777.62,1776396688000
1776396690.253,90.253,0.86,0.87,0.13,0.14,0.01,0.01,74777.77,1776396689000
1776396690.605,90.605,0.86,0.88,0.12,0.14,0.02,0.02,74777.77,1776396689000
1776396690.963,90.963,0.87,0.88,0.12,0.13,0.01,0.01,74777.77,1776396689000
1776396691.544,91.544,0.87,0.88,0.12,0.13,0.01,0.01,74777.97,1776396690000
1776396691.901,91.901,0.87,0.88,0.12,0.13,0.01,0.01,74777.97,1776396690000
1776396692.278,92.278,0.87,0.88,0.12,0.13,0.01,0.01,74778.1,1776396691000
1776396692.886,92.886,0.87,0.88,0.12,0.13,0.01,0.01,74778.1,1776396691000
1776396693.246,93.246,0.87,0.88,0.12,0.13,0.01,0.01,74778.1,1776396691000
1776396693.607,93.607,0.87,0.88,0.12,0.13,0.01,0.01,74778.14,1776396692000
1776396694.128,94.128,0.87,0.88,0.12,0.13,0.01,0.01,74778.14,1776396693000
1776396694.999,94.999,0.87,0.88,0.12,0.13,0.01,0.01,74778.14,1776396693000
1776396695.431,95.431,0.87,0.88,0.12,0.13,0.01,0.01,74778.01,1776396694000
1776396696.458,96.458,0.87,0.88,0.12,0.13,0.01,0.01,74777.8,1776396695000
1776396696.793,96.793,0.87,0.88,0.12,0.13,0.01,0.01,74777.8,1776396695000
1776396697.159,97.159,0.87,0.88,0.12,0.13,0.01,0.01,74777.8,1776396696000
1776396697.786,97.786,0.87,0.88,0.12,0.13,0.01,0.01,74777.8,1776396696000
1776396698.366,98.366,0.87,0.88,0.12,0.13,0.01,0.01,74777.1,1776396697000
1776396698.829,98.829,0.87,0.89,0.12,0.13,0.02,0.01,74777.1,1776396697000
1776396699.433,99.433,0.88,0.89,0.11,0.12,0.01,0.01,74777.1,1776396698000
1776396700.164,100.164,0.88,0.89,0.11,0.12,0.01,0.01,74777.17,1776396699000
1776396700.812,100.812,0.88,0.89,0.11,0.12,0.01,0.01,74777.17,1776396699000
1776396701.187,101.187,0.88,0.89,0.11,0.12,0.01,0.01,74777.17,1776396699000
1776396701.591,101.591,0.88,0.89,0.11,0.12,0.01,0.01,74777.17,1776396699000
1776396702.065,102.065,0.88,0.89,0.11,0.12,0.01,0.01,74777.17,1776396700000
1776396702.969,102.969,0.86,0.89,0.11,0.12,0.03,0.01,74777.17,1776396701000
1776396703.322,103.322,0.86,0.89,0.11,0.14,0.03,0.03,74778.64,1776396702000
1776396703.867,103.867,0.87,0.88,0.12,0.13,0.01,0.01,74778.64,1776396702000
1776396704.229,104.229,0.87,0.88,0.12,0.13,0.01,0.01,74778.64,1776396702000
1776396705.274,105.274,0.87,0.88,0.12,0.13,0.01,0.01,74778.84,1776396704000
1776396706.061,106.061,0.87,0.88,0.12,0.13,0.01,0.01,74778.84,1776396704000
1776396706.727,106.727,0.87,0.88,0.12,0.13,0.01,0.01,74778.84,1776396705000
1776396707.096,107.096,0.87,0.88,0.12,0.13,0.01,0.01,74778.84,1776396705000
1776396707.947,107.947,0.87,0.88,0.12,0.13,0.01,0.01,74778.84,1776396706000
1776396708.375,108.375,0.87,0.88,0.12,0.13,0.01,0.01,74777.41,1776396707000
1776396708.865,108.865,0.86,0.87,0.12,0.13,0.01,0.01,74777.41,1776396707000
1776396709.262,109.262,0.86,0.87,0.13,0.14,0.01,0.01,74777.41,1776396708000
1776396709.617,109.617,0.86,0.87,0.13,0.14,0.01,0.01,74777.41,1776396708000
1776396710.249,110.249,0.86,0.87,0.13,0.14,0.01,0.01,74777.41,1776396709000
1776396710.685,110.685,0.86,0.87,0.13,0.14,0.01,0.01,74777.41,1776396709000
1776396711.107,111.107,0.86,0.87,0.13,0.14,0.01,0.01,74777.41,1776396709000
1776396711.552,111.552,0.86,0.87,0.13,0.14,0.01,0.01,74777.22,1776396710000
1776396711.988,111.988,0.86,0.87,0.13,0.14,0.01,0.01,74777.22,1776396710000
1776396712.551,112.551,0.86,0.87,0.13,0.14,0.01,0.01,74777.02,1776396711000
1776396712.981,112.981,0.86,0.87,0.13,0.14,0.01,0.01,74777.02,1776396711000
1776396713.703,113.703,0.87,0.88,0.12,0.13,0.01,0.01,74776.82,1776396712000
1776396714.156,114.156,0.88,0.89,0.11,0.12,0.01,0.01,74776.82,1776396712000
1776396714.49,114.49,0.87,0.89,0.11,0.12,0.02,0.01,74776.82,1776396712000
1776396714.875,114.875,0.85,0.87,0.13,0.15,0.02,0.02,74777.09,1776396713000
1776396715.283,115.283,0.83,0.84,0.16,0.17,0.01,0.01,74777.09,1776396713000
1776396715.787,115.787,0.81,0.82,0.18,0.19,0.01,0.01,74777.98,1776396714000
1776396716.216,116.216,0.81,0.82,0.18,0.19,0.01,0.01,74777.98,1776396714000
1776396716.559,116.559,0.81,0.82,0.18,0.19,0.01,0.01,74777.98,1776396714000
1776396716.999,116.999,0.81,0.82,0.18,0.19,0.01,0.01,74777.96,1776396715000
1776396717.581,117.581,0.81,0.82,0.18,0.19,0.01,0.01,74777.96,1776396715000
1776396718.166,118.166,0.81,0.82,0.18,0.19,0.01,0.01,74775.21,1776396716000
1776396718.854,118.854,0.81,0.82,0.18,0.19,0.01,0.01,74774.6,1776396717000
1776396719.197,119.197,0.81,0.82,0.18,0.19,0.01,0.01,74774.6,1776396717000
1776396719.586,119.586,0.81,0.82,0.18,0.19,0.01,0.01,74774.16,1776396718000
1776396719.965,119.965,0.81,0.82,0.18,0.19,0.01,0.01,74774.16,1776396718000
1776396720.513,120.513,0.82,0.83,0.17,0.19,0.01,0.02,74774.16,1776396718000
1776396720.94,120.94,0.82,0.83,0.17,0.18,0.01,0.01,74774.16,1776396718000
1776396721.299,121.299,0.82,0.83,0.17,0.18,0.01,0.01,74773.81,1776396719000
1776396721.635,121.635,0.87,0.88,0.12,0.13,0.01,0.01,74773.77,1776396720000
1776396722.103,122.103,0.88,0.89,0.11,0.12,0.01,0.01,74773.77,1776396720000
1776396722.505,122.505,0.88,0.89,0.11,0.12,0.01,0.01,74773.67,1776396721000
1776396722.884,122.884,0.88,0.89,0.11,0.12,0.01,0.01,74773.67,1776396721000
1776396723.221,123.221,0.88,0.89,0.11,0.12,0.01,0.01,74773.67,1776396721000
1776396723.572,123.572,0.88,0.89,0.11,0.12,0.01,0.01,74774.29,1776396722000
1776396723.923,123.923,0.88,0.89,0.11,0.12,0.01,0.01,74774.29,1776396722000
1776396724.272,124.272,0.88,0.89,0.11,0.12,0.01,0.01,74776.94,1776396723000
1776396724.644,124.644,0.88,0.89,0.11,0.12,0.01,0.01,74776.94,1776396723000
1776396725.224,125.224,0.88,0.89,0.11,0.12,0.01,0.01,74776.94,1776396723000
1776396725.604,125.604,0.88,0.89,0.11,0.12,0.01,0.01,74777.97,1776396724000
1776396725.937,125.937,0.88,0.89,0.11,0.12,0.01,0.01,74777.97,1776396724000
1776396726.281,126.281,0.88,0.89,0.11,0.12,0.01,0.01,74779.1,1776396725000
1776396726.749,126.749,0.88,0.89,0.11,0.12,0.01,0.01,74779.1,1776396725000
1776396727.747,127.747,0.88,0.89,0.11,0.12,0.01,0.01,74779.1,1776396725000
1776396728.247,128.247,0.88,0.89,0.11,0.12,0.01,0.01,74779.67,1776396726000
1776396728.742,128.742,0.88,0.89,0.11,0.12,0.01,0.01,74779.69,1776396727000
1776396729.109,129.109,0.88,0.89,0.11,0.12,0.01,0.01,74779.69,1776396727000
1776396729.554,129.554,0.88,0.89,0.11,0.12,0.01,0.01,74779.67,1776396728000
1776396729.956,129.956,0.88,0.89,0.11,0.12,0.01,0.01,74779.67,1776396728000
1776396730.314,130.314,0.88,0.89,0.11,0.12,0.01,0.01,74779.72,1776396729000
1776396731.075,131.075,0.88,0.89,0.11,0.12,0.01,0.01,74779.72,1776396729000
1776396731.547,131.547,0.89,0.9,0.1,0.12,0.01,0.02,74779.72,1776396729000
1776396732.032,132.032,0.89,0.9,0.1,0.11,0.01,0.01,74779.08,1776396730000
1776396732.518,132.518,0.89,0.9,0.1,0.11,0.01,0.01,74779.08,1776396731000
1776396732.877,132.877,0.92,0.94,0.07,0.08,0.02,0.01,74779.08,1776396731000
1776396733.24,133.24,0.93,0.94,0.06,0.07,0.01,0.01,74779.08,1776396731000
1776396733.579,133.579,0.93,0.94,0.06,0.07,0.01,0.01,74779.08,1776396731000
1776396733.919,133.919,0.93,0.94,0.06,0.07,0.01,0.01,74779.08,1776396731000
1776396734.263,134.263,0.93,0.94,0.06,0.07,0.01,0.01,74781.37,1776396732000
1776396734.824,134.824,0.93,0.94,0.06,0.07,0.01,0.01,74793.5,1776396733000
1776396735.194,135.194,0.93,0.94,0.06,0.07,0.01,0.01,74797.86,1776396734000
1776396735.652,135.652,0.93,0.94,0.06,0.07,0.01,0.01,74797.86,1776396734000
1776396736.015,136.015,0.93,0.94,0.06,0.07,0.01,0.01,74797.86,1776396734000
1776396736.384,136.384,0.93,0.94,0.06,0.07,0.01,0.01,74798.58,1776396735000
1776396736.951,136.951,0.93,0.94,0.06,0.07,0.01,0.01,74798.58,1776396735000
1776396737.519,137.519,0.93,0.94,0.06,0.07,0.01,0.01,74799.57,1776396736000
1776396738.1,138.1,0.93,0.94,0.06,0.07,0.01,0.01,74798.73,1776396737000
1776396738.688,138.688,0.93,0.94,0.06,0.07,0.01,0.01,74798.73,1776396737000
1776396739.115,139.115,0.93,0.94,0.06,0.07,0.01,0.01,74796.88,1776396738000
1776396739.506,139.506,0.93,0.94,0.06,0.07,0.01,0.01,74796.88,1776396738000
1776396739.999,139.999,0.94,0.95,0.05,0.06,0.01,0.01,74796.88,1776396738000
1776396740.337,140.337,0.94,0.95,0.05,0.06,0.01,0.01,74796.15,1776396739000
1776396740.695,140.695,0.94,0.95,0.05,0.06,0.01,0.01,74796.15,1776396739000
1776396741.107,141.107,0.94,0.95,0.05,0.06,0.01,0.01,74796.15,1776396739000
1776396741.755,141.755,0.94,0.95,0.05,0.06,0.01,0.01,74797.01,1776396740000
1776396742.216,142.216,0.94,0.95,0.05,0.06,0.01,0.01,74797.01,1776396740000
1776396742.572,142.572,0.94,0.95,0.05,0.06,0.01,0.01,74799.16,1776396741000
1776396743.365,143.365,0.94,0.95,0.05,0.06,0.01,0.01,74799.16,1776396742000
1776396744.054,144.054,0.94,0.95,0.05,0.06,0.01,0.01,74799.16,1776396742000
1776396744.429,144.429,0.94,0.95,0.05,0.06,0.01,0.01,74800.23,1776396743000
1776396744.918,144.918,0.94,0.95,0.05,0.06,0.01,0.01,74800.39,1776396744000
1776396745.269,145.269,0.94,0.95,0.05,0.06,0.01,0.01,74800.39,1776396744000
1776396746.035,146.035,0.94,0.95,0.05,0.06,0.01,0.01,74800.46,1776396745000
1776396746.765,146.765,0.94,0.95,0.05,0.06,0.01,0.01,74800.46,1776396745000
1776396747.269,147.269,0.94,0.95,0.05,0.06,0.01,0.01,74800.46,1776396745000
1776396747.649,147.649,0.93,0.94,0.06,0.07,0.01,0.01,74800.45,1776396746000
1776396748.29,148.29,0.93,0.94,0.06,0.07,0.01,0.01,74800.45,1776396746000
1776396748.677,148.677,0.93,0.94,0.06,0.07,0.01,0.01,74801.98,1776396747000
1776396749.241,149.241,0.93,0.94,0.06,0.07,0.01,0.01,74801.98,1776396747000
1776396749.592,149.592,0.93,0.94,0.06,0.07,0.01,0.01,74801.23,1776396748000
1776396749.962,149.962,0.93,0.94,0.06,0.07,0.01,0.01,74801.23,1776396748000
1776396750.398,150.398,0.92,0.93,0.06,0.08,0.01,0.02,74801.23,1776396748000
1776396750.836,150.836,0.92,0.93,0.07,0.08,0.01,0.01,74799.69,1776396749000
1776396751.183,151.183,0.92,0.93,0.07,0.08,0.01,0.01,74799.69,1776396750000
1776396751.66,151.66,0.92,0.93,0.07,0.08,0.01,0.01,74799.69,1776396750000
1776396752.1,152.1,0.93,0.94,0.06,0.08,0.01,0.02,74799.69,1776396750000
1776396752.497,152.497,0.93,0.94,0.06,0.07,0.01,0.01,74799.69,1776396750000
1776396752.863,152.863,0.93,0.94,0.06,0.07,0.01,0.01,74796.97,1776396751000
1776396753.416,153.416,0.93,0.94,0.06,0.07,0.01,0.01,74796.74,1776396752000
1776396753.833,153.833,0.93,0.94,0.06,0.07,0.01,0.01,74796.74,1776396752000
1776396754.199,154.199,0.93,0.94,0.06,0.07,0.01,0.01,74796.74,1776396752000
1776396754.587,154.587,0.93,0.94,0.06,0.07,0.01,0.01,74796.71,1776396753000
1776396755.008,155.008,0.93,0.94,0.06,0.07,0.01,0.01,74796.71,1776396753000
1776396755.68,155.68,0.93,0.94,0.06,0.07,0.01,0.01,74796.71,1776396754000
1776396756.104,156.104,0.93,0.94,0.06,0.07,0.01,0.01,74796.71,1776396754000
1776396756.539,156.539,0.93,0.94,0.06,0.07,0.01,0.01,74796.87,1776396755000
1776396757.158,157.158,0.93,0.94,0.06,0.07,0.01,0.01,74796.87,1776396755000
1776396757.531,157.531,0.93,0.94,0.06,0.07,0.01,0.01,74796.56,1776396756000
1776396757.977,157.977,0.93,0.94,0.06,0.07,0.01,0.01,74796.56,1776396756000
1776396758.454,158.454,0.93,0.94,0.06,0.07,0.01,0.01,74796.27,1776396757000
1776396758.881,158.881,0.93,0.94,0.06,0.07,0.01,0.01,74796.27,1776396757000
1776396760.318,160.318,0.93,0.94,0.06,0.07,0.01,0.01,74796.27,1776396758000
1776396760.88,160.88,0.93,0.95,0.06,0.07,0.02,0.01,74796.27,1776396758000
1776396761.505,161.505,0.93,0.95,0.05,0.07,0.02,0.02,74795.85,1776396760000
1776396761.945,161.945,0.94,0.95,0.05,0.06,0.01,0.01,74795.85,1776396760000
1776396762.45,162.45,0.94,0.95,0.05,0.06,0.01,0.01,74795.49,1776396761000
1776396762.865,162.865,0.94,0.95,0.05,0.06,0.01,0.01,74795.49,1776396761000
1776396763.326,163.326,0.94,0.95,0.05,0.06,0.01,0.01,74795.49,1776396761000
1776396763.687,163.687,0.94,0.95,0.05,0.06,0.01,0.01,74796.12,1776396762000
1776396764.205,164.205,0.94,0.95,0.05,0.06,0.01,0.01,74796.12,1776396762000
1776396764.673,164.673,0.94,0.95,0.05,0.06,0.01,0.01,74796.12,1776396763000
1776396765.467,165.467,0.94,0.95,0.05,0.06,0.01,0.01,74795.29,1776396764000
1776396765.942,165.942,0.94,0.95,0.05,0.06,0.01,0.01,74795.29,1776396764000
1776396767.026,167.026,0.94,0.95,0.05,0.06,0.01,0.01,74795.68,1776396766000
1776396767.366,167.366,0.94,0.95,0.05,0.06,0.01,0.01,74795.68,1776396766000
1776396767.943,167.943,0.94,0.95,0.05,0.06,0.01,0.01,74795.68,1776396766000
1776396768.384,168.384,0.94,0.95,0.05,0.06,0.01,0.01,74795.75,1776396767000
1776396768.795,168.795,0.94,0.95,0.05,0.06,0.01,0.01,74795.75,1776396767000
1776396769.347,169.347,0.94,0.95,0.05,0.06,0.01,0.01,74796.14,1776396768000
1776396769.855,169.855,0.93,0.94,0.05,0.07,0.01,0.02,74796.14,1776396768000
1776396770.284,170.284,0.93,0.94,0.06,0.07,0.01,0.01,74795.96,1776396769000
1776396770.657,170.657,0.93,0.94,0.06,0.07,0.01,0.01,74795.96,1776396769000
1776396771.035,171.035,0.94,0.95,0.05,0.06,0.01,0.01,74796.01,1776396770000
1776396771.59,171.59,0.94,0.95,0.05,0.06,0.01,0.01,74796.01,1776396770000
1776396772.017,172.017,0.94,0.95,0.05,0.06,0.01,0.01,74796.01,1776396770000
1776396772.414,172.414,0.94,0.95,0.05,0.06,0.01,0.01,74795.97,1776396771000
1776396772.947,172.947,0.94,0.95,0.05,0.06,0.01,0.01,74795.97,1776396771000
1776396773.319,173.319,0.94,0.95,0.05,0.06,0.01,0.01,74795.33,1776396772000
1776396773.652,173.652,0.94,0.95,0.05,0.06,0.01,0.01,74795.33,1776396772000
1776396774.13,174.13,0.94,0.95,0.05,0.06,0.01,0.01,74795.35,1776396773000
1776396774.715,174.715,0.94,0.95,0.05,0.06,0.01,0.01,74795.35,1776396773000
1776396775.074,175.074,0.94,0.95,0.05,0.06,0.01,0.01,74795.35,1776396774000
1776396775.596,175.596,0.94,0.95,0.05,0.06,0.01,0.01,74795.35,1776396774000
1776396776.14,176.14,0.94,0.95,0.05,0.06,0.01,0.01,74795.35,1776396774000
1776396776.474,176.474,0.94,0.95,0.05,0.06,0.01,0.01,74795.08,1776396775000
1776396777.137,177.137,0.94,0.95,0.05,0.06,0.01,0.01,74796.04,1776396776000
1776396777.618,177.618,0.94,0.95,0.05,0.06,0.01,0.01,74796.04,1776396776000
1776396778.42,178.42,0.94,0.95,0.05,0.06,0.01,0.01,74796.04,1776396776000
1776396778.804,178.804,0.94,0.95,0.05,0.06,0.01,0.01,74796.6,1776396777000
1776396779.747,179.747,0.94,0.95,0.05,0.06,0.01,0.01,74796.49,1776396778000
1776396780.158,180.158,0.94,0.95,0.05,0.06,0.01,0.01,74796.49,1776396778000
1776396780.492,180.492,0.94,0.95,0.05,0.06,0.01,0.01,74796.09,1776396779000
1776396780.95,180.95,0.94,0.95,0.05,0.06,0.01,0.01,74796.09,1776396779000
1776396781.462,181.462,0.94,0.95,0.05,0.06,0.01,0.01,74795.83,1776396780000
1776396781.795,181.795,0.94,0.95,0.05,0.06,0.01,0.01,74795.83,1776396780000
1776396782.25,182.25,0.94,0.95,0.05,0.06,0.01,0.01,74795.83,1776396781000
1776396782.68,182.68,0.94,0.95,0.05,0.06,0.01,0.01,74795.83,1776396781000
1776396783.273,183.273,0.94,0.95,0.05,0.06,0.01,0.01,74795.81,1776396782000
1776396783.82,183.82,0.94,0.95,0.05,0.06,0.01,0.01,74795.81,1776396782000
1776396784.366,184.366,0.94,0.95,0.05,0.06,0.01,0.01,74795.83,1776396783000
1776396784.834,184.834,0.94,0.95,0.05,0.06,0.01,0.01,74795.83,1776396783000
1776396785.332,185.332,0.94,0.95,0.05,0.06,0.01,0.01,74795.83,1776396783000
1776396785.751,185.751,0.94,0.95,0.05,0.06,0.01,0.01,74795.84,1776396784000
1776396786.228,186.228,0.94,0.95,0.05,0.06,0.01,0.01,74795.84,1776396785000
1776396786.654,186.654,0.94,0.95,0.05,0.06,0.01,0.01,74795.84,1776396785000
1776396787.124,187.124,0.94,0.95,0.05,0.06,0.01,0.01,74795.84,1776396786000
1776396787.77,187.77,0.94,0.95,0.05,0.06,0.01,0.01,74795.84,1776396786000
1776396788.34,188.34,0.94,0.95,0.05,0.06,0.01,0.01,74795.84,1776396787000
1776396788.929,188.929,0.94,0.95,0.05,0.06,0.01,0.01,74795.84,1776396787000
1776396789.328,189.328,0.94,0.95,0.05,0.06,0.01,0.01,74795.84,1776396788000
1776396789.927,189.927,0.94,0.95,0.05,0.06,0.01,0.01,74795.84,1776396788000
1776396790.422,190.422,0.94,0.95,0.05,0.06,0.01,0.01,74795.98,1776396789000
1776396790.885,190.885,0.94,0.95,0.05,0.06,0.01,0.01,74795.98,1776396789000
1776396791.331,191.331,0.94,0.95,0.05,0.06,0.01,0.01,74796.01,1776396790000
1776396791.693,191.693,0.94,0.95,0.05,0.06,0.01,0.01,74796.01,1776396790000
1776396792.059,192.059,0.94,0.95,0.05,0.06,0.01,0.01,74796.01,1776396791000
1776396792.504,192.504,0.94,0.95,0.05,0.06,0.01,0.01,74796.01,1776396791000
1776396792.892,192.892,0.94,0.95,0.05,0.06,0.01,0.01,74796.01,1776396791000
1776396793.341,193.341,0.94,0.95,0.05,0.06,0.01,0.01,74796.16,1776396792000
1776396793.851,193.851,0.94,0.95,0.05,0.06,0.01,0.01,74796.16,1776396792000
1776396794.467,194.467,0.94,0.95,0.05,0.06,0.01,0.01,74795.91,1776396793000
1776396794.994,194.994,0.94,0.95,0.05,0.06,0.01,0.01,74795.91,1776396793000
1776396795.377,195.377,0.94,0.95,0.05,0.06,0.01,0.01,74796.11,1776396794000
1776396795.711,195.711,0.95,0.96,0.04,0.05,0.01,0.01,74796.11,1776396794000
1776396796.166,196.166,0.95,0.96,0.04,0.05,0.01,0.01,74796.11,1776396794000
1776396796.509,196.509,0.95,0.96,0.04,0.05,0.01,0.01,74796.39,1776396795000
1776396796.918,196.918,0.95,0.96,0.04,0.05,0.01,0.01,74796.39,1776396795000
1776396797.728,197.728,0.95,0.96,0.04,0.05,0.01,0.01,74796.44,1776396796000
1776396798.183,198.183,0.95,0.96,0.04,0.05,0.01,0.01,74796.44,1776396796000
1776396798.582,198.582,0.95,0.96,0.04,0.05,0.01,0.01,74800.0,1776396797000
1776396799.121,199.121,0.95,0.96,0.04,0.05,0.01,0.01,74800.0,1776396797000
1776396799.669,199.669,0.95,0.96,0.04,0.05,0.01,0.01,74800.0,1776396797000
1776396800.102,200.102,0.95,0.96,0.04,0.05,0.01,0.01,74800.83,1776396798000
1776396800.779,200.779,0.95,0.96,0.04,0.05,0.01,0.01,74800.65,1776396799000
1776396801.352,201.352,0.95,0.96,0.04,0.05,0.01,0.01,74801.03,1776396800000
1776396801.691,201.691,0.95,0.96,0.04,0.05,0.01,0.01,74801.03,1776396800000
1776396802.028,202.028,0.95,0.96,0.04,0.05,0.01,0.01,74801.19,1776396801000
1776396802.364,202.364,0.95,0.96,0.04,0.05,0.01,0.01,74801.19,1776396801000
1776396802.701,202.701,0.95,0.96,0.04,0.05,0.01,0.01,74801.19,1776396801000
1776396803.035,203.035,0.95,0.96,0.04,0.05,0.01,0.01,74801.19,1776396801000
1776396803.525,203.525,0.95,0.96,0.04,0.05,0.01,0.01,74801.34,1776396802000
1776396804.018,204.018,0.95,0.96,0.04,0.05,0.01,0.01,74801.34,1776396802000
1776396804.565,204.565,0.95,0.96,0.04,0.05,0.01,0.01,74801.35,1776396803000
1776396804.976,204.976,0.95,0.96,0.04,0.05,0.01,0.01,74801.35,1776396803000
1776396805.323,205.323,0.95,0.96,0.04,0.05,0.01,0.01,74801.35,1776396803000
1776396805.877,205.877,0.95,0.97,0.03,0.05,0.02,0.02,74801.19,1776396805000
1776396806.318,206.318,0.96,0.97,0.03,0.05,0.01,0.02,74801.19,1776396805000
1776396806.749,206.749,0.96,0.97,0.03,0.04,0.01,0.01,74801.19,1776396805000
1776396807.271,207.271,0.96,0.97,0.03,0.04,0.01,0.01,74801.0,1776396806000
1776396807.766,207.766,0.96,0.97,0.03,0.04,0.01,0.01,74801.0,1776396806000
1776396808.117,208.117,0.96,0.97,0.03,0.04,0.01,0.01,74801.0,1776396806000
1776396808.538,208.538,0.96,0.97,0.03,0.04,0.01,0.01,74801.0,1776396806000
1776396809.192,209.192,0.96,0.97,0.03,0.04,0.01,0.01,74801.0,1776396807000
1776396809.674,209.674,0.96,0.97,0.03,0.04,0.01,0.01,74801.0,1776396807000
1776396810.04,210.04,0.96,0.97,0.03,0.04,0.01,0.01,74801.0,1776396808000
1776396810.391,210.391,0.96,0.97,0.03,0.04,0.01,0.01,74801.41,1776396809000
1776396810.793,210.793,0.96,0.97,0.03,0.04,0.01,0.01,74801.41,1776396809000
1776396812.04,212.04,0.96,0.97,0.03,0.04,0.01,0.01,74801.09,1776396810000
1776396812.387,212.387,0.96,0.97,0.03,0.04,0.01,0.01,74801.24,1776396811000
1776396813.151,213.151,0.96,0.97,0.03,0.04,0.01,0.01,74801.24,1776396811000
1776396814.083,214.083,0.96,0.97,0.03,0.04,0.01,0.01,74801.24,1776396813000
1776396814.496,214.496,0.96,0.97,0.03,0.04,0.01,0.01,74801.24,1776396813000
1776396814.876,214.876,0.96,0.97,0.03,0.04,0.01,0.01,74801.24,1776396813000
1776396815.378,215.378,0.96,0.97,0.03,0.04,0.01,0.01,74802.92,1776396814000
1776396815.762,215.762,0.96,0.97,0.03,0.04,0.01,0.01,74802.92,1776396814000
1776396816.164,216.164,0.97,0.98,0.02,0.03,0.01,0.01,74802.92,1776396814000
1776396816.505,216.505,0.97,0.98,0.02,0.03,0.01,0.01,74803.02,1776396815000
1776396817.004,217.004,0.97,0.98,0.02,0.03,0.01,0.01,74803.02,1776396815000
1776396817.361,217.361,0.97,0.98,0.02,0.03,0.01,0.01,74802.77,1776396816000
1776396817.705,217.705,0.97,0.98,0.02,0.03,0.01,0.01,74802.77,1776396816000
1776396818.044,218.044,0.97,0.98,0.02,0.03,0.01,0.01,74802.77,1776396816000
1776396818.444,218.444,0.97,0.98,0.02,0.03,0.01,0.01,74805.13,1776396817000
1776396818.845,218.845,0.97,0.98,0.02,0.03,0.01,0.01,74805.13,1776396817000
1776396819.231,219.231,0.97,0.98,0.02,0.03,0.01,0.01,74805.13,1776396817000
1776396819.618,219.618,0.97,0.98,0.02,0.03,0.01,0.01,74807.55,1776396818000
1776396820.008,220.008,0.97,0.98,0.02,0.03,0.01,0.01,74807.55,1776396818000
1776396820.412,220.412,0.97,0.98,0.02,0.03,0.01,0.01,74807.56,1776396819000
1776396820.835,220.835,0.97,0.98,0.02,0.03,0.01,0.01,74807.56,1776396819000
1776396821.378,221.378,0.97,0.98,0.02,0.03,0.01,0.01,74807.92,1776396820000
1776396821.724,221.724,0.97,0.98,0.02,0.03,0.01,0.01,74807.92,1776396820000
1776396822.665,222.665,0.97,0.98,0.02,0.03,0.01,0.01,74808.57,1776396821000
1776396823.048,223.048,0.97,0.98,0.02,0.03,0.01,0.01,74808.57,1776396821000
1776396823.388,223.388,0.97,0.98,0.02,0.03,0.01,0.01,74808.7,1776396822000
1776396823.791,223.791,0.98,0.99,0.01,0.03,0.01,0.02,74808.7,1776396822000
1776396824.127,224.127,0.98,0.99,0.01,0.02,0.01,0.01,74808.7,1776396822000
1776396824.463,224.463,0.98,0.99,0.01,0.02,0.01,0.01,74808.7,1776396822000
1776396825.001,225.001,0.98,0.99,0.01,0.02,0.01,0.01,74808.86,1776396823000
1776396825.493,225.493,0.98,0.99,0.01,0.02,0.01,0.01,74808.86,1776396823000
1776396825.984,225.984,0.98,0.99,0.01,0.02,0.01,0.01,74809.9,1776396824000
1776396826.378,226.378,0.98,0.99,0.01,0.02,0.01,0.01,74813.66,1776396825000
1776396826.821,226.821,0.98,0.99,0.01,0.02,0.01,0.01,74813.66,1776396825000
1776396827.159,227.159,0.98,0.99,0.01,0.02,0.01,0.01,74814.68,1776396826000
1776396827.504,227.504,0.98,0.99,0.01,0.02,0.01,0.01,74814.68,1776396826000
1776396828.18,228.18,0.98,0.99,0.01,0.02,0.01,0.01,74814.87,1776396827000
1776396828.655,228.655,0.98,0.99,0.01,0.02,0.01,0.01,74814.87,1776396827000
1776396829.254,229.254,0.98,0.99,0.01,0.02,0.01,0.01,74814.63,1776396828000
1776396830.097,230.097,0.98,0.99,0.01,0.02,0.01,0.01,74814.63,1776396828000
1776396830.55,230.55,0.98,0.99,0.01,0.02,0.01,0.01,74815.25,1776396829000
1776396830.888,230.888,0.98,0.99,0.01,0.02,0.01,0.01,74815.25,1776396829000
1776396831.235,231.235,0.98,0.99,0.01,0.02,0.01,0.01,74815.25,1776396829000
1776396831.57,231.57,0.98,0.99,0.01,0.02,0.01,0.01,74815.26,1776396830000
1776396831.963,231.963,0.98,0.99,0.01,0.02,0.01,0.01,74815.26,1776396830000
1776396832.306,232.306,0.98,0.99,0.01,0.02,0.01,0.01,74815.28,1776396831000
1776396832.645,232.645,0.98,0.99,0.01,0.02,0.01,0.01,74815.28,1776396831000
1776396833.07,233.07,0.98,0.99,0.01,0.02,0.01,0.01,74815.28,1776396831000
1776396833.404,233.404,0.98,0.99,0.01,0.02,0.01,0.01,74815.6,1776396832000
1776396833.747,233.747,0.98,0.99,0.01,0.02,0.01,0.01,74815.6,1776396832000
1776396834.105,234.105,0.98,0.99,0.01,0.02,0.01,0.01,74815.6,1776396832000
1776396834.449,234.449,0.98,0.99,0.01,0.02,0.01,0.01,74812.66,1776396833000
1776396834.785,234.785,0.98,0.99,0.01,0.02,0.01,0.01,74812.66,1776396833000
1776396835.4,235.4,0.98,0.99,0.01,0.02,0.01,0.01,74811.71,1776396834000
1776396835.739,235.739,0.98,0.99,0.01,0.02,0.01,0.01,74811.71,1776396834000
1776396836.144,236.144,0.98,0.99,0.01,0.02,0.01,0.01,74809.29,1776396835000
1776396836.65,236.65,0.98,0.99,0.01,0.02,0.01,0.01,74809.29,1776396835000
1776396837.008,237.008,0.98,0.99,0.01,0.02,0.01,0.01,74808.63,1776396836000
1776396837.832,237.832,0.98,0.99,0.01,0.02,0.01,0.01,74808.63,1776396836000
1776396838.171,238.171,0.98,0.99,0.01,0.02,0.01,0.01,74808.63,1776396836000
1776396838.694,238.694,0.97,0.98,0.01,0.03,0.01,0.02,74808.63,1776396836000
1776396839.372,239.372,0.97,0.98,0.02,0.03,0.01,0.01,74804.3,1776396837000
1776396839.814,239.814,0.97,0.98,0.02,0.03,0.01,0.01,74803.7,1776396838000
1776396840.299,240.299,0.97,0.98,0.02,0.03,0.01,0.01,74797.4,1776396839000
1776396840.729,240.729,0.97,0.98,0.02,0.03,0.01,0.01,74797.4,1776396839000
1776396841.098,241.098,0.97,0.98,0.02,0.03,0.01,0.01,74797.4,1776396839000
1776396841.492,241.492,0.97,0.98,0.02,0.03,0.01,0.01,74797.4,1776396839000
1776396841.857,241.857,0.97,0.98,0.02,0.03,0.01,0.01,74793.44,1776396840000
1776396842.234,242.234,0.97,0.98,0.02,0.03,0.01,0.01,74793.22,1776396841000
1776396842.914,242.914,0.97,0.98,0.02,0.03,0.01,0.01,74793.22,1776396841000
1776396843.322,243.322,0.97,0.98,0.02,0.03,0.01,0.01,74792.82,1776396842000
1776396843.668,243.668,0.97,0.98,0.02,0.03,0.01,0.01,74792.82,1776396842000
1776396844.184,244.184,0.97,0.98,0.02,0.03,0.01,0.01,74792.82,1776396842000
1776396844.537,244.537,0.97,0.98,0.02,0.03,0.01,0.01,74792.82,1776396842000
1776396844.967,244.967,0.97,0.98,0.02,0.03,0.01,0.01,74792.82,1776396843000
1776396845.42,245.42,0.97,0.98,0.02,0.03,0.01,0.01,74793.0,1776396844000
1776396845.76,245.76,0.97,0.98,0.02,0.03,0.01,0.01,74793.0,1776396844000
1776396846.241,246.241,0.97,0.98,0.02,0.03,0.01,0.01,74792.87,1776396845000
1776396847.201,247.201,0.97,0.98,0.02,0.03,0.01,0.01,74792.87,1776396846000
1776396847.724,247.724,0.97,0.98,0.02,0.03,0.01,0.01,74792.87,1776396846000
1776396848.164,248.164,0.97,0.98,0.02,0.03,0.01,0.01,74792.87,1776396846000
1776396848.594,248.594,0.97,0.98,0.02,0.03,0.01,0.01,74793.13,1776396847000
1776396849.272,249.272,0.97,0.98,0.02,0.03,0.01,0.01,74793.13,1776396847000
1776396849.609,249.609,0.97,0.98,0.02,0.03,0.01,0.01,74793.18,1776396848000
1776396849.961,249.961,0.97,0.98,0.02,0.03,0.01,0.01,74793.18,1776396849000
1776396850.652,250.652,0.97,0.98,0.02,0.03,0.01,0.01,74793.18,1776396849000
1776396851.109,251.109,0.97,0.98,0.02,0.03,0.01,0.01,74793.18,1776396849000
1776396851.558,251.558,0.97,0.98,0.02,0.03,0.01,0.01,74792.76,1776396850000
1776396852.034,252.034,0.98,0.99,0.01,0.03,0.01,0.02,74792.76,1776396850000
1776396852.525,252.525,0.98,0.99,0.01,0.02,0.01,0.01,74792.99,1776396851000
1776396852.9,252.9,0.98,0.99,0.01,0.02,0.01,0.01,74792.99,1776396851000
1776396853.358,253.358,0.98,0.99,0.01,0.02,0.01,0.01,74793.11,1776396852000
1776396853.776,253.776,0.98,0.99,0.01,0.02,0.01,0.01,74793.11,1776396852000
1776396854.118,254.118,0.98,0.99,0.01,0.02,0.01,0.01,74793.77,1776396853000
1776396854.506,254.506,0.98,0.99,0.01,0.02,0.01,0.01,74793.77,1776396853000
1776396854.97,254.97,0.98,0.99,0.01,0.02,0.01,0.01,74793.77,1776396853000
1776396855.358,255.358,0.98,0.99,0.01,0.02,0.01,0.01,74793.77,1776396853000
1776396855.786,255.786,0.98,0.99,0.01,0.02,0.01,0.01,74794.11,1776396854000
1776396856.256,256.256,0.98,0.99,0.01,0.02,0.01,0.01,74796.55,1776396855000
1776396856.602,256.602,0.99,0.99,0.01,0.01,0.0,0.0,74796.55,1776396855000
1776396856.968,256.968,0.99,0.99,0.01,0.01,0.0,0.0,74796.55,1776396855000
1776396857.344,257.344,0.99,0.99,0.01,0.01,0.0,0.0,74796.96,1776396856000
1776396858.061,258.061,0.99,0.99,0.01,0.01,0.0,0.0,74796.96,1776396856000
1776396858.428,258.428,0.99,0.99,0.01,0.01,0.0,0.0,74797.16,1776396857000
1776396858.941,258.941,0.99,0.99,0.01,0.01,0.0,0.0,74797.16,1776396857000
1776396859.428,259.428,0.99,0.99,0.01,0.01,0.0,0.0,74797.1,1776396858000
1776396859.932,259.932,0.99,0.99,0.01,0.01,0.0,0.0,74797.1,1776396858000
1776396860.323,260.323,0.99,0.99,0.01,0.01,0.0,0.0,74797.1,1776396859000
1776396861.331,261.331,0.99,0.99,0.01,0.01,0.0,0.0,74797.13,1776396860000
1776396862.297,262.297,0.99,0.99,0.01,0.01,0.0,0.0,74797.13,1776396860000
1776396863.008,263.008,0.99,0.99,0.01,0.01,0.0,0.0,74795.5,1776396862000
1776396863.564,263.564,0.99,0.99,0.01,0.01,0.0,0.0,74795.5,1776396862000
1776396864.409,264.409,0.99,0.99,0.01,0.01,0.0,0.0,74795.23,1776396863000
1776396864.783,264.783,0.99,0.99,0.01,0.01,0.0,0.0,74795.23,1776396863000
1776396865.168,265.168,0.99,0.99,0.01,0.01,0.0,0.0,74795.24,1776396864000
1776396866.14,266.14,0.99,0.99,0.01,0.01,0.0,0.0,74795.24,1776396864000
1776396868.202,268.202,0.99,0.99,0.01,0.01,0.0,0.0,74795.65,1776396866000
1776396868.909,268.909,0.99,0.99,0.01,0.01,0.0,0.0,74795.65,1776396867000
1776396869.795,269.795,0.99,0.99,0.01,0.01,0.0,0.0,74795.65,1776396868000
1776396870.437,270.437,0.99,0.99,0.01,0.01,0.0,0.0,74795.65,1776396868000
1776396871.676,271.676,0.99,0.99,0.01,0.01,0.0,0.0,74795.65,1776396869000
1776396872.377,272.377,0.99,0.99,0.01,0.01,0.0,0.0,74795.14,1776396871000
1776396873.412,273.412,0.99,0.99,0.01,0.01,0.0,0.0,74794.7,1776396872000
1776396873.919,273.919,0.99,0.99,0.01,0.01,0.0,0.0,74794.65,1776396873000
1776396874.256,274.256,0.99,0.99,0.01,0.01,0.0,0.0,74794.65,1776396873000
1776396874.889,274.889,0.99,0.99,0.01,0.01,0.0,0.0,74794.31,1776396874000
1776396876.001,276.001,0.99,0.99,0.01,0.01,0.0,0.0,74794.52,1776396875000
1776396876.939,276.939,0.99,0.99,0.01,0.01,0.0,0.0,74795.11,1776396876000
1776396878.025,278.025,0.99,0.99,0.01,0.01,0.0,0.0,74795.48,1776396877000
1776396878.799,278.799,0.99,0.99,0.01,0.01,0.0,0.0,74795.48,1776396877000
1776396880.177,280.177,0.99,0.99,0.01,0.01,0.0,0.0,74796.36,1776396879000
1776396881.139,281.139,0.99,0.99,0.01,0.01,0.0,0.0,74796.36,1776396880000
1776396882.214,282.214,0.99,0.99,0.01,0.01,0.0,0.0,74796.35,1776396881000
1776396882.587,282.587,0.99,0.99,0.01,0.01,0.0,0.0,74796.35,1776396881000
1776396883.177,283.177,0.99,0.99,0.01,0.01,0.0,0.0,74795.82,1776396882000
1776396884.072,284.072,0.99,0.99,0.01,0.01,0.0,0.0,74796.75,1776396883000
1776396885.175,285.175,0.99,0.99,0.01,0.01,0.0,0.0,74796.77,1776396884000
1776396886.177,286.177,0.99,0.99,0.01,0.01,0.0,0.0,74796.77,1776396884000
1776396886.557,286.557,0.99,0.99,0.01,0.01,0.0,0.0,74795.89,1776396885000
1776396887.255,287.255,0.99,0.99,0.01,0.01,0.0,0.0,74795.9,1776396886000
1776396888.867,288.867,0.99,0.99,0.01,0.01,0.0,0.0,74795.91,1776396887000
1776396889.272,289.272,0.99,0.99,0.01,0.01,0.0,0.0,74795.91,1776396888000
1776396890.471,290.471,0.99,0.99,0.01,0.01,0.0,0.0,74799.05,1776396889000
1776396891.031,291.031,0.99,0.99,0.01,0.01,0.0,0.0,74799.05,1776396890000
1776396892.223,292.223,0.99,0.99,0.01,0.01,0.0,0.0,74799.17,1776396891000
1776396893.431,293.431,0.99,0.99,0.01,0.01,0.0,0.0,74800.4,1776396892000
1776396893.999,293.999,0.99,0.99,0.01,0.01,0.0,0.0,74800.4,1776396893000
1776396895.05,295.05,0.99,0.99,0.01,0.01,0.0,0.0,74800.41,1776396894000
1776396896.353,296.353,0.99,0.99,0.01,0.01,0.0,0.0,74800.23,1776396895000
1776396897.565,297.565,0.99,0.99,0.01,0.01,0.0,0.0,74800.23,1776396896000
1776396898.65,298.65,0.99,0.99,0.01,0.01,0.0,0.0,74800.23,1776396897000
1776396899.243,299.243,0.99,0.99,0.01,0.01,0.0,0.0,74800.23,1776396898000
1776396900.474,300.474,0.99,0.99,0.01,0.01,0.0,0.0,74800.23,1776396898000
1776396900.954,300.954,0.99,0.99,0.01,0.01,0.0,0.0,74800.23,1776396898000

# RESULT,winner=Up,slug=btc-updown-5m-1776396600,ticks=616
