timestamp,elapsed_sec,up_bid,up_ask,down_bid,down_ask,up_spread,down_spread,btc_price,btc_oracle_ts
1776159900.745,0.745,0.52,0.53,0.47,0.48,0.01,0.01,74537.21,1776159898000
1776159901.414,1.414,0.52,0.53,0.47,0.48,0.01,0.01,74537.22,1776159899000
1776159901.986,1.986,0.52,0.53,0.47,0.48,0.01,0.01,74537.17,1776159900000
1776159902.416,2.416,0.52,0.53,0.47,0.48,0.01,0.01,74537.17,1776159900000
1776159902.785,2.785,0.52,0.53,0.47,0.48,0.01,0.01,74533.92,1776159901000
1776159903.218,3.218,0.52,0.53,0.47,0.48,0.01,0.01,74533.92,1776159901000
1776159903.997,3.997,0.52,0.53,0.47,0.48,0.01,0.01,74533.9,1776159902000
1776159904.486,4.486,0.52,0.53,0.47,0.48,0.01,0.01,74533.9,1776159902000
1776159904.823,4.823,0.52,0.53,0.47,0.48,0.01,0.01,74534.47,1776159903000
1776159905.285,5.285,0.53,0.54,0.47,0.48,0.01,0.01,74534.47,1776159903000
1776159905.631,5.631,0.53,0.55,0.46,0.47,0.02,0.01,74534.49,1776159904000
1776159906.117,6.117,0.54,0.55,0.45,0.46,0.01,0.01,74534.51,1776159905000
1776159906.49,6.49,0.54,0.55,0.45,0.46,0.01,0.01,74534.51,1776159905000
1776159906.922,6.922,0.54,0.55,0.45,0.46,0.01,0.01,74534.51,1776159905000
1776159907.344,7.344,0.53,0.54,0.46,0.47,0.01,0.01,74534.51,1776159905000
1776159907.738,7.738,0.52,0.53,0.47,0.48,0.01,0.01,74534.51,1776159905000
1776159908.087,8.087,0.52,0.53,0.47,0.48,0.01,0.01,74534.51,1776159905000
1776159908.434,8.434,0.52,0.53,0.47,0.48,0.01,0.01,74537.39,1776159907000
1776159908.916,8.916,0.52,0.53,0.47,0.48,0.01,0.01,74537.39,1776159907000
1776159909.284,9.284,0.52,0.53,0.47,0.48,0.01,0.01,74537.39,1776159907000
1776159909.618,9.618,0.52,0.53,0.47,0.48,0.01,0.01,74535.97,1776159908000
1776159910.006,10.006,0.52,0.53,0.47,0.48,0.01,0.01,74535.97,1776159909000
1776159910.385,10.385,0.52,0.53,0.47,0.48,0.01,0.01,74535.97,1776159909000
1776159910.726,10.726,0.52,0.53,0.47,0.48,0.01,0.01,74535.97,1776159909000
1776159911.135,11.135,0.52,0.53,0.47,0.48,0.01,0.01,74535.97,1776159909000
1776159911.473,11.473,0.51,0.52,0.48,0.49,0.01,0.01,74535.99,1776159910000
1776159911.95,11.95,0.51,0.52,0.48,0.49,0.01,0.01,74535.99,1776159910000
1776159912.308,12.308,0.51,0.52,0.48,0.49,0.01,0.01,74535.99,1776159910000
1776159912.665,12.665,0.52,0.53,0.47,0.48,0.01,0.01,74535.27,1776159911000
1776159913.082,13.082,0.52,0.53,0.47,0.48,0.01,0.01,74535.27,1776159911000
1776159913.425,13.425,0.52,0.53,0.47,0.48,0.01,0.01,74535.31,1776159912000
1776159913.784,13.784,0.52,0.53,0.47,0.48,0.01,0.01,74535.31,1776159912000
1776159914.175,14.175,0.55,0.56,0.44,0.47,0.01,0.03,74535.31,1776159913000
1776159914.527,14.527,0.61,0.62,0.37,0.39,0.01,0.02,74535.31,1776159913000
1776159914.939,14.939,0.6,0.61,0.38,0.4,0.01,0.02,74535.31,1776159913000
1776159915.315,15.315,0.6,0.61,0.39,0.4,0.01,0.01,74536.32,1776159914000
1776159915.673,15.673,0.59,0.6,0.4,0.42,0.01,0.02,74536.32,1776159914000
1776159916.021,16.021,0.57,0.58,0.42,0.43,0.01,0.01,74536.32,1776159914000
1776159916.416,16.416,0.57,0.58,0.42,0.43,0.01,0.01,74548.56,1776159915000
1776159916.847,16.847,0.57,0.58,0.42,0.44,0.01,0.02,74548.56,1776159915000
1776159917.25,17.25,0.57,0.58,0.42,0.43,0.01,0.01,74548.56,1776159915000
1776159917.66,17.66,0.56,0.57,0.43,0.44,0.01,0.01,74544.35,1776159916000
1776159918.017,18.017,0.56,0.57,0.43,0.44,0.01,0.01,74544.35,1776159916000
1776159918.477,18.477,0.56,0.59,0.41,0.44,0.03,0.03,74542.86,1776159917000
1776159918.814,18.814,0.58,0.59,0.41,0.42,0.01,0.01,74542.86,1776159917000
1776159919.169,19.169,0.58,0.59,0.41,0.42,0.01,0.01,74542.86,1776159918000
1776159919.517,19.517,0.58,0.59,0.41,0.42,0.01,0.01,74542.86,1776159918000
1776159919.864,19.864,0.58,0.59,0.41,0.42,0.01,0.01,74542.86,1776159918000
1776159920.201,20.201,0.58,0.59,0.41,0.42,0.01,0.01,74542.85,1776159919000
1776159920.694,20.694,0.58,0.59,0.41,0.42,0.01,0.01,74542.85,1776159919000
1776159921.169,21.169,0.58,0.59,0.41,0.42,0.01,0.01,74544.19,1776159920000
1776159921.622,21.622,0.58,0.59,0.41,0.42,0.01,0.01,74544.19,1776159920000
1776159922.112,22.112,0.59,0.6,0.4,0.42,0.01,0.02,74544.19,1776159920000
1776159922.687,22.687,0.59,0.6,0.4,0.41,0.01,0.01,74544.19,1776159920000
1776159923.174,23.174,0.6,0.61,0.39,0.41,0.01,0.02,74543.31,1776159921000
1776159923.525,23.525,0.61,0.62,0.37,0.39,0.01,0.02,74543.31,1776159922000
1776159923.907,23.907,0.62,0.63,0.37,0.38,0.01,0.01,74543.31,1776159922000
1776159924.322,24.322,0.62,0.63,0.37,0.38,0.01,0.01,74543.42,1776159923000
1776159924.719,24.719,0.62,0.63,0.37,0.38,0.01,0.01,74543.42,1776159923000
1776159925.068,25.068,0.62,0.63,0.37,0.38,0.01,0.01,74543.42,1776159923000
1776159925.473,25.473,0.62,0.63,0.37,0.38,0.01,0.01,74549.86,1776159924000
1776159925.967,25.967,0.62,0.63,0.37,0.38,0.01,0.01,74549.86,1776159924000
1776159926.341,26.341,0.63,0.64,0.36,0.37,0.01,0.01,74549.86,1776159924000
1776159926.709,26.709,0.63,0.64,0.36,0.37,0.01,0.01,74549.89,1776159925000
1776159927.221,27.221,0.63,0.64,0.36,0.37,0.01,0.01,74549.89,1776159925000
1776159927.63,27.63,0.63,0.64,0.36,0.37,0.01,0.01,74550.45,1776159926000
1776159927.986,27.986,0.63,0.64,0.35,0.37,0.01,0.02,74550.58,1776159927000
1776159928.445,28.445,0.64,0.65,0.35,0.37,0.01,0.02,74550.58,1776159927000
1776159928.811,28.811,0.64,0.65,0.35,0.36,0.01,0.01,74552.84,1776159928000
1776159929.15,29.15,0.64,0.65,0.35,0.36,0.01,0.01,74552.84,1776159928000
1776159929.623,29.623,0.64,0.65,0.35,0.36,0.01,0.01,74552.84,1776159928000
1776159930.284,30.284,0.64,0.65,0.35,0.36,0.01,0.01,74552.84,1776159928000
1776159930.667,30.667,0.64,0.65,0.35,0.36,0.01,0.01,74554.45,1776159929000
1776159931.052,31.052,0.64,0.65,0.35,0.36,0.01,0.01,74554.45,1776159929000
1776159931.451,31.451,0.64,0.65,0.35,0.36,0.01,0.01,74555.01,1776159930000
1776159931.801,31.801,0.64,0.65,0.35,0.36,0.01,0.01,74555.01,1776159930000
1776159932.149,32.149,0.64,0.65,0.35,0.36,0.01,0.01,74555.01,1776159930000
1776159932.58,32.58,0.64,0.65,0.35,0.36,0.01,0.01,74554.73,1776159931000
1776159932.951,32.951,0.64,0.65,0.35,0.36,0.01,0.01,74554.73,1776159931000
1776159933.308,33.308,0.64,0.65,0.35,0.36,0.01,0.01,74554.73,1776159932000
1776159933.722,33.722,0.65,0.67,0.33,0.35,0.02,0.02,74554.73,1776159932000
1776159934.122,34.122,0.66,0.67,0.33,0.34,0.01,0.01,74554.8,1776159933000
1776159934.468,34.468,0.66,0.68,0.33,0.34,0.02,0.01,74554.8,1776159933000
1776159934.942,34.942,0.68,0.69,0.31,0.32,0.01,0.01,74554.8,1776159933000
1776159935.3,35.3,0.68,0.69,0.31,0.32,0.01,0.01,74554.8,1776159933000
1776159935.907,35.907,0.69,0.7,0.3,0.32,0.01,0.02,74554.8,1776159933000
1776159936.312,36.312,0.69,0.7,0.3,0.31,0.01,0.01,74563.19,1776159934000
1776159936.747,36.747,0.69,0.7,0.3,0.31,0.01,0.01,74565.67,1776159935000
1776159937.307,37.307,0.69,0.7,0.3,0.31,0.01,0.01,74565.67,1776159935000
1776159937.646,37.646,0.64,0.65,0.35,0.36,0.01,0.01,74567.94,1776159936000
1776159938.008,38.008,0.6,0.63,0.37,0.38,0.03,0.01,74567.94,1776159936000
1776159938.363,38.363,0.59,0.63,0.37,0.41,0.04,0.04,74568.0,1776159937000
1776159938.781,38.781,0.62,0.63,0.37,0.38,0.01,0.01,74568.0,1776159937000
1776159939.124,39.124,0.62,0.63,0.37,0.38,0.01,0.01,74568.0,1776159937000
1776159939.474,39.474,0.62,0.64,0.37,0.38,0.02,0.01,74568.0,1776159937000
1776159939.953,39.953,0.63,0.64,0.35,0.38,0.01,0.03,74558.19,1776159938000
1776159940.329,40.329,0.64,0.65,0.35,0.36,0.01,0.01,74558.19,1776159938000
1776159940.786,40.786,0.64,0.65,0.35,0.36,0.01,0.01,74556.79,1776159939000
1776159941.154,41.154,0.64,0.65,0.35,0.36,0.01,0.01,74556.79,1776159939000
1776159941.601,41.601,0.64,0.65,0.35,0.36,0.01,0.01,74558.47,1776159940000
1776159942.041,42.041,0.64,0.65,0.35,0.36,0.01,0.01,74558.47,1776159940000
1776159942.658,42.658,0.63,0.64,0.35,0.37,0.01,0.02,74558.47,1776159940000
1776159943.306,43.306,0.61,0.62,0.36,0.39,0.01,0.03,74558.61,1776159941000
1776159943.641,43.641,0.58,0.61,0.38,0.42,0.03,0.04,74558.63,1776159942000
1776159943.976,43.976,0.59,0.6,0.39,0.42,0.01,0.03,74558.63,1776159942000
1776159944.325,44.325,0.57,0.58,0.4,0.42,0.01,0.02,74557.71,1776159943000
1776159944.699,44.699,0.57,0.58,0.42,0.43,0.01,0.01,74557.71,1776159943000
1776159945.047,45.047,0.57,0.58,0.42,0.43,0.01,0.01,74557.71,1776159943000
1776159945.416,45.416,0.57,0.58,0.42,0.43,0.01,0.01,74551.44,1776159944000
1776159945.764,45.764,0.57,0.58,0.42,0.43,0.01,0.01,74551.44,1776159944000
1776159946.226,46.226,0.56,0.57,0.42,0.43,0.01,0.01,74551.44,1776159944000
1776159946.622,46.622,0.55,0.56,0.43,0.45,0.01,0.02,74549.2,1776159945000
1776159946.964,46.964,0.55,0.56,0.44,0.46,0.01,0.02,74549.2,1776159945000
1776159947.349,47.349,0.55,0.56,0.44,0.45,0.01,0.01,74549.2,1776159945000
1776159947.739,47.739,0.53,0.55,0.45,0.46,0.02,0.01,74547.42,1776159946000
1776159948.093,48.093,0.54,0.55,0.45,0.46,0.01,0.01,74547.42,1776159946000
1776159948.445,48.445,0.53,0.54,0.46,0.47,0.01,0.01,74545.01,1776159947000
1776159948.822,48.822,0.53,0.54,0.46,0.47,0.01,0.01,74545.01,1776159947000
1776159949.278,49.278,0.52,0.54,0.46,0.47,0.02,0.01,74545.01,1776159947000
1776159949.718,49.718,0.52,0.53,0.47,0.48,0.01,0.01,74543.91,1776159948000
1776159950.074,50.074,0.51,0.52,0.48,0.49,0.01,0.01,74543.91,1776159948000
1776159950.504,50.504,0.51,0.52,0.48,0.49,0.01,0.01,74543.89,1776159949000
1776159950.925,50.925,0.5,0.51,0.49,0.5,0.01,0.01,74543.89,1776159949000
1776159951.373,51.373,0.5,0.51,0.49,0.5,0.01,0.01,74541.86,1776159950000
1776159951.842,51.842,0.5,0.51,0.49,0.5,0.01,0.01,74541.86,1776159950000
1776159952.257,52.257,0.5,0.51,0.49,0.5,0.01,0.01,74541.86,1776159950000
1776159952.592,52.592,0.5,0.51,0.49,0.5,0.01,0.01,74541.86,1776159950000
1776159953.007,53.007,0.5,0.51,0.49,0.5,0.01,0.01,74539.98,1776159951000
1776159953.36,53.36,0.5,0.51,0.49,0.5,0.01,0.01,74539.47,1776159952000
1776159953.71,53.71,0.5,0.51,0.49,0.5,0.01,0.01,74539.47,1776159952000
1776159954.132,54.132,0.5,0.51,0.49,0.5,0.01,0.01,74539.47,1776159952000
1776159955.151,55.151,0.5,0.51,0.49,0.5,0.01,0.01,74539.26,1776159953000
1776159955.503,55.503,0.48,0.49,0.5,0.52,0.01,0.02,74538.31,1776159954000
1776159955.863,55.863,0.47,0.48,0.52,0.53,0.01,0.01,74538.31,1776159954000
1776159956.21,56.21,0.47,0.48,0.52,0.53,0.01,0.01,74536.13,1776159955000
1776159956.833,56.833,0.47,0.48,0.52,0.53,0.01,0.01,74536.13,1776159955000
1776159957.168,57.168,0.47,0.48,0.52,0.53,0.01,0.01,74536.13,1776159955000
1776159957.545,57.545,0.46,0.47,0.53,0.54,0.01,0.01,74536.13,1776159955000
1776159957.93,57.93,0.46,0.47,0.53,0.54,0.01,0.01,74535.85,1776159956000
1776159958.285,58.285,0.46,0.47,0.53,0.54,0.01,0.01,74533.47,1776159957000
1776159958.99,58.99,0.46,0.47,0.53,0.54,0.01,0.01,74533.47,1776159957000
1776159959.453,59.453,0.45,0.46,0.53,0.54,0.01,0.01,74533.47,1776159957000
1776159959.795,59.795,0.45,0.46,0.54,0.55,0.01,0.01,74531.32,1776159958000
1776159960.153,60.153,0.45,0.46,0.54,0.55,0.01,0.01,74531.32,1776159958000
1776159960.505,60.505,0.45,0.46,0.54,0.55,0.01,0.01,74530.3,1776159959000
1776159960.892,60.892,0.44,0.45,0.54,0.56,0.01,0.02,74530.3,1776159959000
1776159961.237,61.237,0.44,0.45,0.55,0.56,0.01,0.01,74530.29,1776159960000
1776159961.658,61.658,0.44,0.45,0.55,0.56,0.01,0.01,74530.29,1776159960000
1776159962.253,62.253,0.44,0.45,0.55,0.56,0.01,0.01,74530.29,1776159960000
1776159962.687,62.687,0.44,0.45,0.55,0.56,0.01,0.01,74529.88,1776159961000
1776159963.034,63.034,0.44,0.45,0.55,0.56,0.01,0.01,74529.88,1776159961000
1776159963.392,63.392,0.44,0.45,0.55,0.56,0.01,0.01,74529.86,1776159962000
1776159964.149,64.149,0.44,0.45,0.55,0.56,0.01,0.01,74529.86,1776159963000
1776159964.511,64.511,0.44,0.45,0.55,0.56,0.01,0.01,74529.86,1776159963000
1776159964.851,64.851,0.44,0.45,0.55,0.56,0.01,0.01,74529.86,1776159963000
1776159965.324,65.324,0.44,0.45,0.55,0.56,0.01,0.01,74529.86,1776159963000
1776159965.659,65.659,0.44,0.45,0.55,0.56,0.01,0.01,74529.86,1776159963000
1776159966.041,66.041,0.44,0.45,0.55,0.56,0.01,0.01,74529.88,1776159964000
1776159966.467,66.467,0.44,0.45,0.55,0.56,0.01,0.01,74529.88,1776159964000
1776159966.991,66.991,0.44,0.45,0.55,0.56,0.01,0.01,74529.88,1776159965000
1776159967.35,67.35,0.44,0.45,0.55,0.56,0.01,0.01,74528.43,1776159966000
1776159967.695,67.695,0.44,0.45,0.55,0.56,0.01,0.01,74528.43,1776159966000
1776159968.139,68.139,0.44,0.45,0.55,0.56,0.01,0.01,74528.16,1776159967000
1776159968.56,68.56,0.44,0.45,0.55,0.56,0.01,0.01,74528.16,1776159967000
1776159969.195,69.195,0.44,0.45,0.55,0.56,0.01,0.01,74528.16,1776159967000
1776159969.671,69.671,0.44,0.45,0.55,0.56,0.01,0.01,74528.78,1776159968000
1776159970.049,70.049,0.43,0.44,0.56,0.57,0.01,0.01,74528.78,1776159968000
1776159970.455,70.455,0.43,0.44,0.56,0.57,0.01,0.01,74528.38,1776159969000
1776159970.838,70.838,0.43,0.44,0.56,0.57,0.01,0.01,74528.38,1776159969000
1776159971.553,71.553,0.43,0.44,0.56,0.57,0.01,0.01,74528.27,1776159970000
1776159971.946,71.946,0.43,0.44,0.56,0.57,0.01,0.01,74528.27,1776159970000
1776159972.648,72.648,0.43,0.44,0.56,0.57,0.01,0.01,74528.27,1776159971000
1776159973.0,73.0,0.43,0.44,0.56,0.57,0.01,0.01,74528.27,1776159971000
1776159973.404,73.404,0.46,0.47,0.53,0.54,0.01,0.01,74528.27,1776159971000
1776159973.746,73.746,0.46,0.47,0.53,0.54,0.01,0.01,74528.27,1776159971000
1776159974.156,74.156,0.46,0.47,0.53,0.54,0.01,0.01,74528.09,1776159972000
1776159974.644,74.644,0.46,0.47,0.53,0.54,0.01,0.01,74528.2,1776159973000
1776159975.293,75.293,0.46,0.47,0.53,0.54,0.01,0.01,74528.2,1776159973000
1776159975.669,75.669,0.46,0.47,0.53,0.54,0.01,0.01,74528.2,1776159974000
1776159976.116,76.116,0.46,0.47,0.53,0.54,0.01,0.01,74528.2,1776159974000
1776159976.537,76.537,0.46,0.47,0.52,0.54,0.01,0.02,74528.52,1776159975000
1776159976.895,76.895,0.46,0.47,0.53,0.54,0.01,0.01,74528.52,1776159976000
1776159977.382,77.382,0.46,0.47,0.53,0.54,0.01,0.01,74528.52,1776159976000
1776159978.129,78.129,0.46,0.47,0.53,0.54,0.01,0.01,74528.57,1776159977000
1776159978.65,78.65,0.47,0.48,0.52,0.54,0.01,0.02,74528.57,1776159977000
1776159979.027,79.027,0.47,0.48,0.52,0.53,0.01,0.01,74528.57,1776159977000
1776159979.425,79.425,0.47,0.48,0.52,0.53,0.01,0.01,74528.57,1776159977000
1776159979.828,79.828,0.47,0.48,0.52,0.53,0.01,0.01,74528.56,1776159978000
1776159980.208,80.208,0.47,0.48,0.52,0.53,0.01,0.01,74528.56,1776159979000
1776159980.854,80.854,0.47,0.48,0.52,0.53,0.01,0.01,74528.56,1776159979000
1776159981.246,81.246,0.47,0.48,0.52,0.53,0.01,0.01,74528.7,1776159980000
1776159981.747,81.747,0.47,0.48,0.52,0.53,0.01,0.01,74528.7,1776159980000
1776159982.211,82.211,0.47,0.48,0.52,0.53,0.01,0.01,74528.7,1776159981000
1776159982.714,82.714,0.47,0.48,0.52,0.53,0.01,0.01,74528.7,1776159981000
1776159983.061,83.061,0.48,0.49,0.51,0.52,0.01,0.01,74528.7,1776159981000
1776159983.453,83.453,0.48,0.49,0.51,0.52,0.01,0.01,74528.7,1776159982000
1776159984.101,84.101,0.48,0.49,0.51,0.52,0.01,0.01,74528.7,1776159982000
1776159984.467,84.467,0.48,0.49,0.51,0.52,0.01,0.01,74528.71,1776159983000
1776159984.926,84.926,0.46,0.47,0.53,0.54,0.01,0.01,74528.71,1776159983000
1776159985.785,85.785,0.46,0.47,0.53,0.54,0.01,0.01,74528.71,1776159984000
1776159986.401,86.401,0.46,0.47,0.53,0.54,0.01,0.01,74528.71,1776159985000
1776159986.915,86.915,0.46,0.47,0.53,0.54,0.01,0.01,74528.71,1776159985000
1776159987.479,87.479,0.46,0.47,0.53,0.54,0.01,0.01,74528.7,1776159986000
1776159988.042,88.042,0.46,0.47,0.53,0.54,0.01,0.01,74528.7,1776159986000
1776159988.451,88.451,0.46,0.47,0.53,0.54,0.01,0.01,74528.7,1776159987000
1776159988.876,88.876,0.47,0.5,0.52,0.53,0.03,0.01,74528.7,1776159987000
1776159989.32,89.32,0.49,0.5,0.5,0.53,0.01,0.03,74528.68,1776159988000
1776159989.688,89.688,0.49,0.5,0.5,0.51,0.01,0.01,74528.68,1776159988000
1776159990.035,90.035,0.48,0.49,0.51,0.52,0.01,0.01,74528.68,1776159988000
1776159990.452,90.452,0.46,0.49,0.51,0.53,0.03,0.02,74529.0,1776159989000
1776159990.831,90.831,0.46,0.47,0.53,0.54,0.01,0.01,74529.0,1776159989000
1776159991.264,91.264,0.46,0.47,0.53,0.54,0.01,0.01,74529.0,1776159989000
1776159991.62,91.62,0.46,0.47,0.53,0.54,0.01,0.01,74529.0,1776159990000
1776159992.187,92.187,0.46,0.47,0.53,0.54,0.01,0.01,74529.0,1776159990000
1776159992.781,92.781,0.46,0.47,0.53,0.54,0.01,0.01,74528.22,1776159991000
1776159993.151,93.151,0.46,0.47,0.53,0.54,0.01,0.01,74528.4,1776159992000
1776159993.59,93.59,0.46,0.47,0.53,0.54,0.01,0.01,74528.4,1776159992000
1776159994.091,94.091,0.46,0.47,0.53,0.54,0.01,0.01,74528.4,1776159993000
1776159994.433,94.433,0.46,0.5,0.51,0.54,0.04,0.03,74528.4,1776159993000
1776159994.768,94.768,0.48,0.49,0.51,0.52,0.01,0.01,74528.4,1776159993000
1776159995.446,95.446,0.48,0.49,0.51,0.52,0.01,0.01,74528.27,1776159994000
1776159995.956,95.956,0.48,0.49,0.51,0.52,0.01,0.01,74528.27,1776159994000
1776159996.62,96.62,0.48,0.49,0.51,0.52,0.01,0.01,74528.26,1776159995000
1776159997.025,97.025,0.48,0.49,0.51,0.52,0.01,0.01,74528.26,1776159995000
1776159997.422,97.422,0.48,0.49,0.51,0.52,0.01,0.01,74528.26,1776159995000
1776159997.886,97.886,0.48,0.49,0.51,0.52,0.01,0.01,74530.06,1776159996000
1776159998.364,98.364,0.48,0.49,0.51,0.52,0.01,0.01,74530.13,1776159997000
1776159998.928,98.928,0.48,0.49,0.51,0.52,0.01,0.01,74530.13,1776159997000
1776159999.429,99.429,0.48,0.49,0.51,0.52,0.01,0.01,74530.1,1776159998000
1776159999.923,99.923,0.49,0.5,0.51,0.52,0.01,0.01,74530.1,1776159998000
1776160000.462,100.462,0.49,0.5,0.5,0.51,0.01,0.01,74529.3,1776159999000
1776160001.115,101.115,0.49,0.5,0.5,0.51,0.01,0.01,74529.3,1776159999000
1776160002.243,102.243,0.49,0.5,0.5,0.51,0.01,0.01,74529.3,1776160000000
1776160002.615,102.615,0.49,0.5,0.5,0.51,0.01,0.01,74529.29,1776160001000
1776160003.143,103.143,0.49,0.5,0.5,0.52,0.01,0.02,74529.29,1776160001000
1776160003.497,103.497,0.51,0.53,0.47,0.49,0.02,0.02,74529.29,1776160001000
1776160003.856,103.856,0.53,0.54,0.46,0.47,0.01,0.01,74529.29,1776160001000
1776160004.306,104.306,0.53,0.54,0.46,0.47,0.01,0.01,74529.3,1776160002000
1776160004.678,104.678,0.47,0.49,0.51,0.53,0.02,0.02,74529.29,1776160003000
1776160005.03,105.03,0.48,0.49,0.51,0.53,0.01,0.02,74529.29,1776160003000
1776160005.385,105.385,0.48,0.49,0.51,0.52,0.01,0.01,74530.12,1776160004000
1776160005.811,105.811,0.48,0.49,0.51,0.52,0.01,0.01,74530.12,1776160004000
1776160006.476,106.476,0.48,0.49,0.51,0.52,0.01,0.01,74532.74,1776160005000
1776160006.891,106.891,0.48,0.49,0.51,0.52,0.01,0.01,74532.74,1776160005000
1776160007.242,107.242,0.48,0.49,0.51,0.52,0.01,0.01,74532.74,1776160005000
1776160007.725,107.725,0.48,0.49,0.51,0.52,0.01,0.01,74531.89,1776160006000
1776160008.22,108.22,0.48,0.49,0.51,0.52,0.01,0.01,74531.89,1776160006000
1776160008.804,108.804,0.48,0.49,0.51,0.52,0.01,0.01,74531.87,1776160007000
1776160009.239,109.239,0.48,0.49,0.51,0.52,0.01,0.01,74531.87,1776160007000
1776160010.054,110.054,0.48,0.49,0.51,0.52,0.01,0.01,74531.87,1776160008000
1776160010.44,110.44,0.48,0.49,0.51,0.52,0.01,0.01,74531.87,1776160008000
1776160010.811,110.811,0.48,0.49,0.51,0.52,0.01,0.01,74531.12,1776160009000
1776160011.172,111.172,0.48,0.49,0.51,0.52,0.01,0.01,74531.12,1776160009000
1776160011.505,111.505,0.48,0.49,0.51,0.52,0.01,0.01,74531.12,1776160010000
1776160011.968,111.968,0.48,0.49,0.51,0.52,0.01,0.01,74531.12,1776160011000
1776160012.306,112.306,0.48,0.52,0.5,0.52,0.04,0.02,74531.12,1776160011000
1776160012.724,112.724,0.51,0.52,0.48,0.49,0.01,0.01,74531.12,1776160011000
1776160013.144,113.144,0.51,0.52,0.48,0.49,0.01,0.01,74531.12,1776160011000
1776160013.522,113.522,0.52,0.53,0.47,0.48,0.01,0.01,74531.12,1776160012000
1776160014.441,114.441,0.52,0.53,0.47,0.48,0.01,0.01,74531.13,1776160013000
1776160015.113,115.113,0.53,0.54,0.46,0.47,0.01,0.01,74532.32,1776160014000
1776160015.446,115.446,0.54,0.55,0.45,0.46,0.01,0.01,74532.32,1776160014000
1776160015.811,115.811,0.54,0.55,0.45,0.46,0.01,0.01,74532.32,1776160014000
1776160016.324,116.324,0.53,0.55,0.45,0.46,0.02,0.01,74532.32,1776160014000
1776160016.712,116.712,0.53,0.54,0.45,0.47,0.01,0.02,74533.82,1776160015000
1776160017.154,117.154,0.53,0.54,0.46,0.47,0.01,0.01,74533.82,1776160015000
1776160017.721,117.721,0.53,0.54,0.46,0.47,0.01,0.01,74534.7,1776160016000
1776160018.152,118.152,0.53,0.54,0.46,0.47,0.01,0.01,74534.7,1776160016000
1776160018.745,118.745,0.53,0.54,0.46,0.47,0.01,0.01,74534.8,1776160017000
1776160019.241,119.241,0.53,0.54,0.46,0.47,0.01,0.01,74534.8,1776160017000
1776160019.64,119.64,0.53,0.54,0.46,0.47,0.01,0.01,74534.8,1776160018000
1776160019.998,119.998,0.53,0.54,0.46,0.47,0.01,0.01,74534.8,1776160018000
1776160020.837,120.837,0.53,0.54,0.46,0.47,0.01,0.01,74535.09,1776160019000
1776160021.186,121.186,0.52,0.53,0.46,0.48,0.01,0.02,74534.95,1776160020000
1776160021.645,121.645,0.52,0.53,0.47,0.48,0.01,0.01,74534.95,1776160020000
1776160022.044,122.044,0.49,0.51,0.48,0.51,0.02,0.03,74534.95,1776160020000
1776160022.382,122.382,0.47,0.5,0.5,0.52,0.03,0.02,74534.95,1776160021000
1776160022.984,122.984,0.48,0.49,0.51,0.52,0.01,0.01,74534.95,1776160021000
1776160023.329,123.329,0.47,0.49,0.51,0.53,0.02,0.02,74533.59,1776160022000
1776160023.72,123.72,0.46,0.47,0.52,0.54,0.01,0.02,74533.59,1776160022000
1776160024.172,124.172,0.46,0.47,0.53,0.54,0.01,0.01,74533.59,1776160022000
1776160024.511,124.511,0.46,0.47,0.53,0.54,0.01,0.01,74532.13,1776160023000
1776160024.861,124.861,0.44,0.45,0.55,0.56,0.01,0.01,74532.13,1776160023000
1776160025.369,125.369,0.44,0.45,0.55,0.56,0.01,0.01,74529.71,1776160024000
1776160025.71,125.71,0.44,0.45,0.55,0.56,0.01,0.01,74529.71,1776160024000
1776160026.076,126.076,0.44,0.45,0.55,0.56,0.01,0.01,74528.25,1776160025000
1776160026.739,126.739,0.43,0.45,0.55,0.56,0.02,0.01,74528.25,1776160025000
1776160027.124,127.124,0.43,0.44,0.55,0.57,0.01,0.02,74528.25,1776160025000
1776160027.483,127.483,0.43,0.44,0.56,0.57,0.01,0.01,74528.25,1776160026000
1776160027.842,127.842,0.43,0.44,0.56,0.57,0.01,0.01,74528.25,1776160026000
1776160028.186,128.186,0.43,0.44,0.56,0.57,0.01,0.01,74528.25,1776160026000
1776160028.603,128.603,0.43,0.44,0.56,0.57,0.01,0.01,74527.43,1776160027000
1776160028.983,128.983,0.43,0.44,0.56,0.57,0.01,0.01,74527.43,1776160027000
1776160029.33,129.33,0.43,0.44,0.56,0.58,0.01,0.02,74527.43,1776160027000
1776160029.787,129.787,0.42,0.43,0.56,0.58,0.01,0.02,74526.96,1776160028000
1776160030.585,130.585,0.42,0.43,0.57,0.58,0.01,0.01,74526.98,1776160029000
1776160030.921,130.921,0.42,0.43,0.57,0.58,0.01,0.01,74526.98,1776160029000
1776160031.254,131.254,0.42,0.43,0.57,0.58,0.01,0.01,74526.64,1776160030000
1776160031.591,131.591,0.42,0.43,0.57,0.58,0.01,0.01,74526.64,1776160030000
1776160031.988,131.988,0.42,0.43,0.57,0.58,0.01,0.01,74524.93,1776160031000
1776160032.497,132.497,0.42,0.43,0.57,0.58,0.01,0.01,74524.93,1776160031000
1776160032.83,132.83,0.42,0.43,0.57,0.58,0.01,0.01,74524.93,1776160031000
1776160033.175,133.175,0.42,0.43,0.57,0.58,0.01,0.01,74524.93,1776160031000
1776160033.542,133.542,0.35,0.39,0.61,0.65,0.04,0.04,74524.93,1776160031000
1776160033.901,133.901,0.35,0.38,0.62,0.65,0.03,0.03,74521.93,1776160032000
1776160034.346,134.346,0.33,0.34,0.66,0.67,0.01,0.01,74521.93,1776160032000
1776160034.735,134.735,0.33,0.34,0.66,0.67,0.01,0.01,74513.56,1776160033000
1776160035.075,135.075,0.33,0.34,0.66,0.67,0.01,0.01,74510.33,1776160034000
1776160035.432,135.432,0.33,0.34,0.66,0.67,0.01,0.01,74510.33,1776160034000
1776160035.832,135.832,0.33,0.34,0.66,0.67,0.01,0.01,74510.33,1776160034000
1776160036.178,136.178,0.33,0.34,0.66,0.67,0.01,0.01,74510.15,1776160035000
1776160036.64,136.64,0.33,0.34,0.66,0.67,0.01,0.01,74510.15,1776160035000
1776160037.041,137.041,0.33,0.34,0.66,0.67,0.01,0.01,74510.15,1776160035000
1776160037.374,137.374,0.33,0.34,0.66,0.67,0.01,0.01,74510.03,1776160036000
1776160037.751,137.751,0.32,0.33,0.66,0.68,0.01,0.02,74510.03,1776160036000
1776160038.1,138.1,0.32,0.33,0.67,0.68,0.01,0.01,74510.03,1776160036000
1776160038.464,138.464,0.32,0.33,0.67,0.68,0.01,0.01,74509.96,1776160037000
1776160038.818,138.818,0.32,0.33,0.67,0.68,0.01,0.01,74509.96,1776160037000
1776160039.28,139.28,0.32,0.33,0.67,0.68,0.01,0.01,74509.96,1776160038000
1776160039.638,139.638,0.32,0.33,0.67,0.68,0.01,0.01,74509.96,1776160038000
1776160040.02,140.02,0.32,0.33,0.67,0.68,0.01,0.01,74509.96,1776160038000
1776160040.443,140.443,0.32,0.33,0.67,0.68,0.01,0.01,74509.96,1776160038000
1776160040.777,140.777,0.32,0.33,0.67,0.68,0.01,0.01,74509.96,1776160039000
1776160041.206,141.206,0.32,0.33,0.67,0.68,0.01,0.01,74510.01,1776160040000
1776160041.554,141.554,0.32,0.33,0.67,0.68,0.01,0.01,74510.01,1776160040000
1776160041.911,141.911,0.31,0.32,0.68,0.69,0.01,0.01,74510.01,1776160040000
1776160042.414,142.414,0.31,0.32,0.68,0.69,0.01,0.01,74509.96,1776160041000
1776160042.797,142.797,0.31,0.32,0.68,0.69,0.01,0.01,74509.96,1776160041000
1776160043.293,143.293,0.31,0.32,0.68,0.69,0.01,0.01,74508.89,1776160042000
1776160044.039,144.039,0.31,0.32,0.68,0.69,0.01,0.01,74508.89,1776160042000
1776160044.382,144.382,0.28,0.3,0.68,0.71,0.02,0.03,74509.21,1776160043000
1776160044.799,144.799,0.28,0.29,0.71,0.72,0.01,0.01,74509.21,1776160043000
1776160045.234,145.234,0.28,0.29,0.71,0.72,0.01,0.01,74509.21,1776160043000
1776160045.661,145.661,0.28,0.29,0.71,0.72,0.01,0.01,74508.96,1776160044000
1776160046.115,146.115,0.28,0.29,0.71,0.72,0.01,0.01,74506.4,1776160045000
1776160046.547,146.547,0.28,0.29,0.71,0.72,0.01,0.01,74506.4,1776160045000
1776160047.185,147.185,0.28,0.29,0.71,0.72,0.01,0.01,74505.08,1776160046000
1776160047.829,147.829,0.27,0.28,0.72,0.73,0.01,0.01,74505.08,1776160046000
1776160048.167,148.167,0.27,0.28,0.72,0.73,0.01,0.01,74505.29,1776160047000
1776160048.507,148.507,0.26,0.28,0.72,0.73,0.02,0.01,74505.29,1776160047000
1776160048.869,148.869,0.26,0.27,0.73,0.74,0.01,0.01,74505.29,1776160047000
1776160049.224,149.224,0.26,0.27,0.73,0.74,0.01,0.01,74504.64,1776160048000
1776160049.815,149.815,0.26,0.27,0.73,0.74,0.01,0.01,74504.64,1776160048000
1776160050.156,150.156,0.26,0.27,0.73,0.74,0.01,0.01,74504.78,1776160049000
1776160050.563,150.563,0.26,0.27,0.73,0.74,0.01,0.01,74504.78,1776160049000
1776160051.112,151.112,0.26,0.27,0.73,0.74,0.01,0.01,74504.78,1776160050000
1776160051.615,151.615,0.26,0.27,0.73,0.74,0.01,0.01,74504.78,1776160050000
1776160052.138,152.138,0.26,0.27,0.73,0.74,0.01,0.01,74504.78,1776160050000
1776160052.652,152.652,0.25,0.27,0.73,0.74,0.02,0.01,74504.75,1776160051000
1776160052.998,152.998,0.24,0.26,0.74,0.76,0.02,0.02,74504.75,1776160051000
1776160053.345,153.345,0.24,0.25,0.75,0.76,0.01,0.01,74504.75,1776160052000
1776160053.696,153.696,0.23,0.25,0.75,0.77,0.02,0.02,74504.75,1776160052000
1776160054.063,154.063,0.23,0.24,0.75,0.77,0.01,0.02,74504.4,1776160053000
1776160054.413,154.413,0.23,0.24,0.76,0.77,0.01,0.01,74504.4,1776160053000
1776160054.83,154.83,0.22,0.23,0.77,0.78,0.01,0.01,74504.4,1776160053000
1776160055.294,155.294,0.22,0.23,0.77,0.78,0.01,0.01,74503.29,1776160054000
1776160055.846,155.846,0.21,0.22,0.78,0.79,0.01,0.01,74503.29,1776160054000
1776160056.268,156.268,0.21,0.22,0.78,0.79,0.01,0.01,74502.01,1776160055000
1776160056.902,156.902,0.21,0.22,0.78,0.79,0.01,0.01,74501.39,1776160056000
1776160057.237,157.237,0.21,0.22,0.78,0.79,0.01,0.01,74501.39,1776160056000
1776160057.61,157.61,0.21,0.22,0.78,0.79,0.01,0.01,74501.39,1776160056000
1776160057.953,157.953,0.21,0.22,0.78,0.79,0.01,0.01,74498.5,1776160057000
1776160058.303,158.303,0.21,0.22,0.78,0.79,0.01,0.01,74498.5,1776160057000
1776160058.659,158.659,0.21,0.22,0.78,0.79,0.01,0.01,74498.5,1776160057000
1776160059.064,159.064,0.2,0.21,0.78,0.8,0.01,0.02,74498.65,1776160058000
1776160059.586,159.586,0.2,0.21,0.79,0.8,0.01,0.01,74498.65,1776160058000
1776160059.982,159.982,0.2,0.21,0.79,0.8,0.01,0.01,74497.0,1776160059000
1776160060.315,160.315,0.2,0.21,0.79,0.8,0.01,0.01,74497.0,1776160059000
1776160060.853,160.853,0.2,0.21,0.79,0.8,0.01,0.01,74497.0,1776160059000
1776160061.2,161.2,0.2,0.21,0.79,0.8,0.01,0.01,74497.0,1776160059000
1776160061.536,161.536,0.2,0.21,0.79,0.8,0.01,0.01,74496.98,1776160060000
1776160062.16,162.16,0.2,0.21,0.79,0.8,0.01,0.01,74496.98,1776160060000
1776160062.615,162.615,0.2,0.21,0.79,0.8,0.01,0.01,74496.97,1776160061000
1776160063.134,163.134,0.2,0.21,0.79,0.8,0.01,0.01,74496.97,1776160061000
1776160063.772,163.772,0.2,0.21,0.79,0.8,0.01,0.01,74496.98,1776160062000
1776160064.125,164.125,0.2,0.21,0.79,0.8,0.01,0.01,74496.98,1776160062000
1776160064.483,164.483,0.2,0.21,0.79,0.8,0.01,0.01,74497.55,1776160063000
1776160064.82,164.82,0.2,0.21,0.79,0.8,0.01,0.01,74497.55,1776160063000
1776160065.352,165.352,0.2,0.21,0.79,0.8,0.01,0.01,74497.45,1776160064000
1776160065.71,165.71,0.23,0.24,0.76,0.77,0.01,0.01,74497.45,1776160064000
1776160066.117,166.117,0.22,0.23,0.77,0.78,0.01,0.01,74497.07,1776160065000
1776160066.468,166.468,0.22,0.23,0.77,0.79,0.01,0.02,74497.07,1776160065000
1776160066.824,166.824,0.22,0.23,0.77,0.78,0.01,0.01,74497.07,1776160065000
1776160067.169,167.169,0.21,0.22,0.78,0.79,0.01,0.01,74497.07,1776160066000
1776160067.607,167.607,0.21,0.22,0.78,0.79,0.01,0.01,74497.07,1776160066000
1776160068.067,168.067,0.21,0.22,0.78,0.79,0.01,0.01,74497.79,1776160067000
1776160068.478,168.478,0.2,0.21,0.78,0.8,0.01,0.02,74497.79,1776160067000
1776160068.817,168.817,0.2,0.21,0.79,0.8,0.01,0.01,74497.79,1776160067000
1776160069.26,169.26,0.2,0.21,0.79,0.8,0.01,0.01,74497.76,1776160068000
1776160069.63,169.63,0.2,0.21,0.79,0.8,0.01,0.01,74497.76,1776160068000
1776160069.974,169.974,0.2,0.21,0.79,0.8,0.01,0.01,74497.76,1776160069000
1776160070.329,170.329,0.2,0.21,0.79,0.8,0.01,0.01,74497.76,1776160069000
1776160070.664,170.664,0.2,0.21,0.79,0.8,0.01,0.01,74497.76,1776160069000
1776160071.179,171.179,0.2,0.21,0.79,0.8,0.01,0.01,74497.76,1776160070000
1776160071.573,171.573,0.19,0.2,0.79,0.81,0.01,0.02,74497.76,1776160070000
1776160071.949,171.949,0.19,0.2,0.8,0.81,0.01,0.01,74497.93,1776160071000
1776160072.399,172.399,0.19,0.2,0.8,0.81,0.01,0.01,74497.93,1776160071000
1776160072.753,172.753,0.19,0.2,0.8,0.81,0.01,0.01,74497.93,1776160071000
1776160073.134,173.134,0.19,0.2,0.8,0.81,0.01,0.01,74497.83,1776160072000
1776160073.475,173.475,0.19,0.2,0.8,0.81,0.01,0.01,74497.83,1776160072000
1776160073.85,173.85,0.19,0.2,0.8,0.81,0.01,0.01,74497.83,1776160072000
1776160074.306,174.306,0.18,0.2,0.8,0.82,0.02,0.02,74497.83,1776160072000
1776160074.68,174.68,0.18,0.19,0.81,0.82,0.01,0.01,74497.83,1776160072000
1776160075.325,175.325,0.18,0.19,0.81,0.82,0.01,0.01,74497.42,1776160073000
1776160075.784,175.784,0.18,0.19,0.81,0.82,0.01,0.01,74496.99,1776160074000
1776160076.156,176.156,0.18,0.19,0.81,0.82,0.01,0.01,74496.98,1776160075000
1776160076.737,176.737,0.18,0.19,0.81,0.82,0.01,0.01,74496.98,1776160075000
1776160077.15,177.15,0.18,0.19,0.81,0.82,0.01,0.01,74496.98,1776160075000
1776160077.575,177.575,0.18,0.19,0.81,0.82,0.01,0.01,74496.98,1776160075000
1776160078.428,178.428,0.17,0.18,0.81,0.82,0.01,0.01,74497.03,1776160076000
1776160078.916,178.916,0.17,0.18,0.82,0.83,0.01,0.01,74497.03,1776160077000
1776160079.301,179.301,0.17,0.18,0.82,0.83,0.01,0.01,74497.04,1776160078000
1776160079.761,179.761,0.17,0.18,0.82,0.83,0.01,0.01,74497.04,1776160078000
1776160080.153,180.153,0.17,0.18,0.82,0.83,0.01,0.01,74497.04,1776160078000
1776160080.499,180.499,0.17,0.18,0.82,0.83,0.01,0.01,74497.09,1776160079000
1776160080.941,180.941,0.17,0.18,0.82,0.83,0.01,0.01,74497.09,1776160079000
1776160081.296,181.296,0.17,0.18,0.82,0.83,0.01,0.01,74497.09,1776160079000
1776160081.679,181.679,0.17,0.18,0.82,0.83,0.01,0.01,74497.03,1776160080000
1776160082.049,182.049,0.16,0.17,0.83,0.84,0.01,0.01,74497.03,1776160080000
1776160082.42,182.42,0.16,0.17,0.83,0.84,0.01,0.01,74496.95,1776160081000
1776160082.878,182.878,0.16,0.17,0.83,0.84,0.01,0.01,74496.95,1776160081000
1776160083.237,183.237,0.16,0.17,0.83,0.84,0.01,0.01,74496.95,1776160081000
1776160083.667,183.667,0.16,0.17,0.83,0.84,0.01,0.01,74496.15,1776160082000
1776160084.124,184.124,0.16,0.17,0.83,0.84,0.01,0.01,74496.15,1776160083000
1776160084.632,184.632,0.16,0.17,0.83,0.84,0.01,0.01,74496.15,1776160083000
1776160085.158,185.158,0.16,0.17,0.83,0.84,0.01,0.01,74496.09,1776160084000
1776160085.517,185.517,0.16,0.17,0.83,0.84,0.01,0.01,74496.09,1776160084000
1776160086.541,186.541,0.15,0.16,0.84,0.85,0.01,0.01,74496.05,1776160085000
1776160086.953,186.953,0.15,0.16,0.84,0.85,0.01,0.01,74496.05,1776160086000
1776160088.259,188.259,0.15,0.16,0.84,0.85,0.01,0.01,74484.48,1776160087000
1776160088.903,188.903,0.14,0.16,0.84,0.85,0.02,0.01,74484.48,1776160087000
1776160089.242,189.242,0.13,0.15,0.85,0.87,0.02,0.02,74484.48,1776160087000
1776160089.586,189.586,0.11,0.15,0.85,0.89,0.04,0.04,74480.56,1776160088000
1776160089.922,189.922,0.11,0.14,0.86,0.89,0.03,0.03,74480.56,1776160088000
1776160090.276,190.276,0.11,0.12,0.88,0.89,0.01,0.01,74480.56,1776160088000
1776160090.611,190.611,0.11,0.12,0.88,0.89,0.01,0.01,74480.1,1776160089000
1776160090.974,190.974,0.11,0.12,0.88,0.89,0.01,0.01,74480.1,1776160089000
1776160091.309,191.309,0.11,0.12,0.88,0.89,0.01,0.01,74480.1,1776160089000
1776160091.657,191.657,0.1,0.11,0.89,0.9,0.01,0.01,74480.1,1776160090000
1776160092.024,192.024,0.09,0.11,0.89,0.9,0.02,0.01,74480.1,1776160090000
1776160092.523,192.523,0.09,0.1,0.9,0.91,0.01,0.01,74478.26,1776160091000
1776160092.892,192.892,0.09,0.1,0.9,0.91,0.01,0.01,74478.26,1776160091000
1776160093.267,193.267,0.09,0.1,0.9,0.91,0.01,0.01,74478.29,1776160092000
1776160093.658,193.658,0.09,0.1,0.9,0.91,0.01,0.01,74478.29,1776160092000
1776160094.16,194.16,0.09,0.1,0.9,0.91,0.01,0.01,74478.29,1776160092000
1776160094.516,194.516,0.08,0.09,0.91,0.92,0.01,0.01,74478.29,1776160092000
1776160094.968,194.968,0.08,0.09,0.91,0.92,0.01,0.01,74478.32,1776160093000
1776160095.353,195.353,0.08,0.09,0.91,0.92,0.01,0.01,74478.32,1776160094000
1776160095.691,195.691,0.08,0.09,0.91,0.92,0.01,0.01,74478.32,1776160094000
1776160096.08,196.08,0.08,0.09,0.91,0.92,0.01,0.01,74478.24,1776160095000
1776160096.483,196.483,0.08,0.09,0.91,0.92,0.01,0.01,74478.24,1776160095000
1776160097.042,197.042,0.08,0.09,0.91,0.92,0.01,0.01,74478.24,1776160095000
1776160097.425,197.425,0.08,0.09,0.91,0.92,0.01,0.01,74478.28,1776160096000
1776160098.215,198.215,0.08,0.09,0.91,0.92,0.01,0.01,74478.28,1776160096000
1776160098.655,198.655,0.08,0.09,0.91,0.92,0.01,0.01,74479.21,1776160097000
1776160098.998,198.998,0.08,0.09,0.91,0.92,0.01,0.01,74479.21,1776160097000
1776160099.826,199.826,0.08,0.09,0.91,0.92,0.01,0.01,74479.02,1776160098000
1776160100.161,200.161,0.08,0.09,0.91,0.92,0.01,0.01,74479.02,1776160099000
1776160100.812,200.812,0.08,0.09,0.91,0.92,0.01,0.01,74479.02,1776160099000
1776160101.186,201.186,0.08,0.09,0.91,0.92,0.01,0.01,74479.02,1776160099000
1776160101.519,201.519,0.08,0.09,0.91,0.92,0.01,0.01,74479.02,1776160099000
1776160101.907,201.907,0.08,0.09,0.91,0.92,0.01,0.01,74479.0,1776160100000
1776160102.263,202.263,0.08,0.09,0.91,0.93,0.01,0.02,74478.89,1776160101000
1776160102.666,202.666,0.07,0.08,0.91,0.93,0.01,0.02,74478.89,1776160101000
1776160103.269,203.269,0.07,0.08,0.92,0.93,0.01,0.01,74478.77,1776160102000
1776160103.823,203.823,0.07,0.08,0.92,0.93,0.01,0.01,74478.77,1776160102000
1776160104.219,204.219,0.07,0.08,0.92,0.93,0.01,0.01,74478.77,1776160102000
1776160104.583,204.583,0.07,0.08,0.92,0.93,0.01,0.01,74478.63,1776160103000
1776160104.948,204.948,0.07,0.08,0.92,0.93,0.01,0.01,74478.63,1776160104000
1776160105.329,205.329,0.07,0.08,0.92,0.93,0.01,0.01,74478.63,1776160104000
1776160105.674,205.674,0.07,0.08,0.92,0.93,0.01,0.01,74478.63,1776160104000
1776160106.104,206.104,0.07,0.08,0.92,0.93,0.01,0.01,74478.43,1776160105000
1776160106.46,206.46,0.07,0.08,0.92,0.93,0.01,0.01,74478.43,1776160105000
1776160106.905,206.905,0.07,0.08,0.92,0.93,0.01,0.01,74478.43,1776160105000
1776160107.469,207.469,0.06,0.08,0.92,0.93,0.02,0.01,74478.11,1776160106000
1776160107.822,207.822,0.06,0.07,0.93,0.94,0.01,0.01,74478.06,1776160107000
1776160108.243,208.243,0.06,0.07,0.93,0.94,0.01,0.01,74478.06,1776160107000
1776160108.712,208.712,0.06,0.07,0.93,0.94,0.01,0.01,74478.06,1776160107000
1776160109.073,209.073,0.05,0.07,0.93,0.95,0.02,0.02,74478.02,1776160108000
1776160109.419,209.419,0.05,0.06,0.94,0.95,0.01,0.01,74478.02,1776160108000
1776160109.81,209.81,0.05,0.06,0.94,0.95,0.01,0.01,74478.02,1776160108000
1776160110.175,210.175,0.05,0.06,0.94,0.95,0.01,0.01,74473.59,1776160109000
1776160110.54,210.54,0.04,0.05,0.94,0.96,0.01,0.02,74473.59,1776160109000
1776160110.928,210.928,0.04,0.05,0.95,0.96,0.01,0.01,74473.59,1776160109000
1776160111.263,211.263,0.04,0.05,0.95,0.96,0.01,0.01,74473.35,1776160110000
1776160111.637,211.637,0.04,0.05,0.95,0.96,0.01,0.01,74473.35,1776160110000
1776160112.002,212.002,0.04,0.05,0.95,0.96,0.01,0.01,74473.35,1776160110000
1776160112.486,212.486,0.04,0.05,0.95,0.96,0.01,0.01,74473.31,1776160111000
1776160112.83,212.83,0.04,0.05,0.95,0.96,0.01,0.01,74473.31,1776160111000
1776160113.198,213.198,0.04,0.05,0.95,0.96,0.01,0.01,74473.31,1776160111000
1776160113.544,213.544,0.04,0.05,0.95,0.96,0.01,0.01,74471.68,1776160112000
1776160114.064,214.064,0.04,0.05,0.95,0.96,0.01,0.01,74471.68,1776160112000
1776160114.442,214.442,0.04,0.05,0.95,0.96,0.01,0.01,74471.28,1776160113000
1776160114.86,214.86,0.04,0.05,0.95,0.96,0.01,0.01,74471.28,1776160113000
1776160115.253,215.253,0.04,0.05,0.95,0.96,0.01,0.01,74470.33,1776160114000
1776160115.806,215.806,0.04,0.05,0.95,0.96,0.01,0.01,74470.33,1776160114000
1776160116.147,216.147,0.04,0.05,0.95,0.96,0.01,0.01,74468.11,1776160115000
1776160116.516,216.516,0.05,0.06,0.94,0.95,0.01,0.01,74468.11,1776160115000
1776160116.855,216.855,0.05,0.07,0.93,0.95,0.02,0.02,74468.11,1776160115000
1776160117.252,217.252,0.05,0.07,0.93,0.95,0.02,0.02,74470.42,1776160116000
1776160117.743,217.743,0.06,0.07,0.93,0.94,0.01,0.01,74470.42,1776160116000
1776160118.175,218.175,0.06,0.07,0.93,0.94,0.01,0.01,74470.42,1776160116000
1776160118.568,218.568,0.06,0.07,0.93,0.94,0.01,0.01,74474.41,1776160117000
1776160118.908,218.908,0.06,0.07,0.93,0.94,0.01,0.01,74474.41,1776160117000
1776160119.36,219.36,0.06,0.07,0.93,0.94,0.01,0.01,74474.41,1776160117000
1776160119.779,219.779,0.06,0.07,0.93,0.94,0.01,0.01,74475.78,1776160118000
1776160120.255,220.255,0.06,0.07,0.93,0.94,0.01,0.01,74475.78,1776160118000
1776160120.693,220.693,0.06,0.07,0.93,0.94,0.01,0.01,74476.79,1776160119000
1776160121.092,221.092,0.05,0.07,0.93,0.95,0.02,0.02,74476.83,1776160120000
1776160121.458,221.458,0.05,0.06,0.94,0.95,0.01,0.01,74476.83,1776160120000
1776160121.889,221.889,0.05,0.06,0.94,0.95,0.01,0.01,74476.83,1776160120000
1776160122.28,222.28,0.05,0.06,0.94,0.95,0.01,0.01,74478.13,1776160121000
1776160122.646,222.646,0.05,0.06,0.94,0.95,0.01,0.01,74478.13,1776160121000
1776160123.064,223.064,0.06,0.07,0.93,0.94,0.01,0.01,74478.13,1776160121000
1776160123.492,223.492,0.09,0.1,0.9,0.91,0.01,0.01,74478.13,1776160122000
1776160123.927,223.927,0.09,0.1,0.9,0.92,0.01,0.02,74478.13,1776160122000
1776160124.628,224.628,0.08,0.09,0.91,0.92,0.01,0.01,74479.19,1776160123000
1776160125.085,225.085,0.08,0.09,0.91,0.92,0.01,0.01,74479.19,1776160123000
1776160125.437,225.437,0.07,0.08,0.91,0.93,0.01,0.02,74483.57,1776160124000
1776160126.136,226.136,0.07,0.08,0.92,0.93,0.01,0.01,74483.57,1776160124000
1776160126.606,226.606,0.07,0.08,0.92,0.93,0.01,0.01,74487.14,1776160125000
1776160127.005,227.005,0.06,0.08,0.92,0.94,0.02,0.02,74487.14,1776160125000
1776160127.433,227.433,0.05,0.06,0.94,0.95,0.01,0.01,74486.18,1776160126000
1776160127.768,227.768,0.05,0.06,0.94,0.95,0.01,0.01,74486.18,1776160126000
1776160128.14,228.14,0.05,0.06,0.94,0.95,0.01,0.01,74486.18,1776160126000
1776160128.538,228.538,0.05,0.06,0.94,0.95,0.01,0.01,74486.87,1776160127000
1776160128.886,228.886,0.05,0.06,0.94,0.95,0.01,0.01,74486.87,1776160127000
1776160129.22,229.22,0.05,0.06,0.94,0.95,0.01,0.01,74483.33,1776160128000
1776160129.591,229.591,0.05,0.06,0.94,0.95,0.01,0.01,74483.33,1776160128000
1776160129.963,229.963,0.05,0.06,0.94,0.95,0.01,0.01,74483.33,1776160128000
1776160130.387,230.387,0.05,0.06,0.94,0.95,0.01,0.01,74482.62,1776160129000
1776160130.73,230.73,0.04,0.05,0.95,0.97,0.01,0.02,74482.62,1776160129000
1776160131.115,231.115,0.04,0.05,0.95,0.96,0.01,0.01,74482.62,1776160130000
1776160131.583,231.583,0.04,0.05,0.95,0.96,0.01,0.01,74482.62,1776160130000
1776160131.956,231.956,0.05,0.07,0.94,0.96,0.02,0.02,74482.62,1776160130000
1776160132.305,232.305,0.06,0.07,0.93,0.94,0.01,0.01,74482.64,1776160131000
1776160132.768,232.768,0.06,0.07,0.93,0.94,0.01,0.01,74482.64,1776160131000
1776160133.332,233.332,0.05,0.06,0.94,0.95,0.01,0.01,74482.64,1776160131000
1776160133.691,233.691,0.05,0.06,0.94,0.95,0.01,0.01,74482.64,1776160131000
1776160134.056,234.056,0.04,0.06,0.94,0.95,0.02,0.01,74482.64,1776160132000
1776160134.395,234.395,0.04,0.05,0.95,0.96,0.01,0.01,74484.78,1776160133000
1776160134.865,234.865,0.04,0.05,0.95,0.96,0.01,0.01,74484.78,1776160133000
1776160135.341,235.341,0.05,0.06,0.94,0.95,0.01,0.01,74484.13,1776160134000
1776160135.723,235.723,0.05,0.06,0.94,0.95,0.01,0.01,74484.13,1776160134000
1776160136.222,236.222,0.05,0.06,0.94,0.95,0.01,0.01,74483.9,1776160135000
1776160136.596,236.596,0.06,0.07,0.93,0.94,0.01,0.01,74483.9,1776160135000
1776160136.951,236.951,0.06,0.07,0.93,0.94,0.01,0.01,74483.9,1776160136000
1776160137.457,237.457,0.06,0.07,0.93,0.94,0.01,0.01,74483.9,1776160136000
1776160137.799,237.799,0.05,0.06,0.93,0.95,0.01,0.02,74483.9,1776160136000
1776160138.22,238.22,0.05,0.06,0.94,0.95,0.01,0.01,74484.01,1776160137000
1776160138.841,238.841,0.05,0.06,0.94,0.95,0.01,0.01,74484.01,1776160137000
1776160139.212,239.212,0.06,0.07,0.93,0.94,0.01,0.01,74484.01,1776160137000
1776160139.591,239.591,0.06,0.07,0.93,0.94,0.01,0.01,74483.88,1776160138000
1776160139.965,239.965,0.06,0.07,0.93,0.94,0.01,0.01,74483.88,1776160138000
1776160140.385,240.385,0.06,0.07,0.93,0.94,0.01,0.01,74483.92,1776160139000
1776160140.734,240.734,0.06,0.07,0.93,0.94,0.01,0.01,74483.92,1776160139000
1776160141.177,241.177,0.05,0.06,0.94,0.95,0.01,0.01,74483.95,1776160140000
1776160141.525,241.525,0.05,0.06,0.94,0.95,0.01,0.01,74483.95,1776160140000
1776160141.892,241.892,0.05,0.06,0.94,0.95,0.01,0.01,74483.95,1776160140000
1776160142.228,242.228,0.05,0.06,0.94,0.95,0.01,0.01,74488.63,1776160141000
1776160142.603,242.603,0.05,0.06,0.94,0.95,0.01,0.01,74488.63,1776160141000
1776160142.955,242.955,0.05,0.06,0.93,0.94,0.01,0.01,74488.63,1776160141000
1776160143.324,243.324,0.04,0.05,0.94,0.95,0.01,0.01,74488.8,1776160142000
1776160143.78,243.78,0.04,0.05,0.95,0.96,0.01,0.01,74488.8,1776160142000
1776160144.133,244.133,0.04,0.05,0.95,0.96,0.01,0.01,74488.8,1776160142000
1776160144.614,244.614,0.04,0.05,0.95,0.96,0.01,0.01,74488.91,1776160143000
1776160145.02,245.02,0.04,0.05,0.95,0.96,0.01,0.01,74488.91,1776160143000
1776160145.388,245.388,0.03,0.04,0.96,0.97,0.01,0.01,74485.93,1776160144000
1776160145.733,245.733,0.03,0.04,0.96,0.97,0.01,0.01,74485.93,1776160144000
1776160146.1,246.1,0.03,0.04,0.96,0.97,0.01,0.01,74485.93,1776160144000
1776160146.544,246.544,0.03,0.04,0.96,0.97,0.01,0.01,74485.66,1776160145000
1776160146.922,246.922,0.03,0.04,0.96,0.97,0.01,0.01,74485.66,1776160145000
1776160147.267,247.267,0.05,0.06,0.94,0.95,0.01,0.01,74485.65,1776160146000
1776160147.815,247.815,0.06,0.07,0.93,0.95,0.01,0.02,74485.65,1776160146000
1776160148.269,248.269,0.06,0.07,0.93,0.94,0.01,0.01,74485.65,1776160147000
1776160148.732,248.732,0.06,0.07,0.93,0.96,0.01,0.03,74485.65,1776160147000
1776160149.128,249.128,0.06,0.07,0.93,0.94,0.01,0.01,74485.85,1776160148000
1776160149.501,249.501,0.06,0.07,0.93,0.94,0.01,0.01,74485.85,1776160148000
1776160149.858,249.858,0.04,0.05,0.95,0.96,0.01,0.01,74485.85,1776160148000
1776160150.234,250.234,0.03,0.04,0.96,0.97,0.01,0.01,74489.02,1776160149000
1776160150.66,250.66,0.03,0.04,0.96,0.97,0.01,0.01,74489.02,1776160149000
1776160151.006,251.006,0.03,0.04,0.96,0.97,0.01,0.01,74489.36,1776160150000
1776160151.346,251.346,0.03,0.04,0.96,0.97,0.01,0.01,74489.36,1776160150000
1776160151.767,251.767,0.03,0.04,0.96,0.97,0.01,0.01,74489.36,1776160150000
1776160152.129,252.129,0.03,0.04,0.96,0.97,0.01,0.01,74487.1,1776160151000
1776160152.516,252.516,0.03,0.04,0.96,0.97,0.01,0.01,74487.1,1776160151000
1776160152.89,252.89,0.03,0.04,0.96,0.97,0.01,0.01,74487.1,1776160151000
1776160153.338,253.338,0.03,0.04,0.96,0.97,0.01,0.01,74484.01,1776160152000
1776160153.682,253.682,0.03,0.04,0.96,0.97,0.01,0.01,74484.01,1776160152000
1776160154.162,254.162,0.03,0.04,0.96,0.97,0.01,0.01,74483.56,1776160153000
1776160154.711,254.711,0.03,0.04,0.96,0.97,0.01,0.01,74483.56,1776160153000
1776160155.267,255.267,0.03,0.04,0.96,0.97,0.01,0.01,74483.29,1776160154000
1776160155.946,255.946,0.03,0.04,0.96,0.97,0.01,0.01,74483.29,1776160154000
1776160156.291,256.291,0.03,0.04,0.96,0.97,0.01,0.01,74483.25,1776160155000
1776160156.802,256.802,0.03,0.04,0.96,0.97,0.01,0.01,74483.25,1776160155000
1776160157.299,257.299,0.03,0.04,0.96,0.97,0.01,0.01,74483.22,1776160156000
1776160157.841,257.841,0.03,0.04,0.96,0.97,0.01,0.01,74483.22,1776160156000
1776160158.401,258.401,0.03,0.04,0.96,0.97,0.01,0.01,74483.2,1776160157000
1776160158.764,258.764,0.03,0.04,0.96,0.97,0.01,0.01,74483.2,1776160157000
1776160159.318,259.318,0.03,0.04,0.96,0.97,0.01,0.01,74483.2,1776160157000
1776160159.681,259.681,0.03,0.04,0.96,0.97,0.01,0.01,74482.88,1776160158000
1776160160.031,260.031,0.03,0.04,0.96,0.97,0.01,0.01,74482.88,1776160158000
1776160160.532,260.532,0.03,0.04,0.96,0.97,0.01,0.01,74482.88,1776160159000
1776160160.903,260.903,0.03,0.04,0.96,0.97,0.01,0.01,74482.88,1776160159000
1776160161.327,261.327,0.03,0.04,0.96,0.97,0.01,0.01,74482.43,1776160160000
1776160161.761,261.761,0.02,0.03,0.97,0.98,0.01,0.01,74482.43,1776160160000
1776160162.167,262.167,0.01,0.02,0.98,0.99,0.01,0.01,74482.43,1776160160000
1776160162.669,262.669,0.01,0.02,0.98,0.99,0.01,0.01,74481.85,1776160161000
1776160163.004,263.004,0.01,0.02,0.98,0.99,0.01,0.01,74481.85,1776160161000
1776160163.367,263.367,0.01,0.02,0.98,0.99,0.01,0.01,74478.58,1776160162000
1776160163.7,263.7,0.01,0.02,0.98,0.99,0.01,0.01,74478.58,1776160162000
1776160164.083,264.083,0.01,0.02,0.98,0.99,0.01,0.01,74472.86,1776160163000
1776160164.419,264.419,0.01,0.02,0.98,0.99,0.01,0.01,74472.86,1776160163000
1776160164.756,264.756,0.01,0.02,0.98,0.99,0.01,0.01,74472.86,1776160163000
1776160165.167,265.167,0.01,0.02,0.98,0.99,0.01,0.01,74464.48,1776160164000
1776160165.553,265.553,0.01,0.02,0.98,0.99,0.01,0.01,74464.48,1776160164000
1776160166.095,266.095,0.01,0.01,0.99,0.99,0.0,0.0,74464.48,1776160164000
1776160166.432,266.432,0.01,0.01,0.99,0.99,0.0,0.0,74464.7,1776160165000
1776160166.879,266.879,0.01,0.01,0.99,0.99,0.0,0.0,74464.7,1776160165000
1776160167.218,267.218,0.01,0.01,0.99,0.99,0.0,0.0,74464.7,1776160165000
1776160167.75,267.75,0.01,0.01,0.99,0.99,0.0,0.0,74463.94,1776160166000
1776160168.091,268.091,0.01,0.01,0.99,0.99,0.0,0.0,74463.94,1776160166000
1776160168.518,268.518,0.01,0.01,0.99,0.99,0.0,0.0,74464.04,1776160167000
1776160169.156,269.156,0.01,0.01,0.99,0.99,0.0,0.0,74464.59,1776160168000
1776160169.623,269.623,0.01,0.01,0.99,0.99,0.0,0.0,74464.59,1776160168000
1776160169.991,269.991,0.01,0.01,0.99,0.99,0.0,0.0,74464.59,1776160168000
1776160170.668,270.668,0.01,0.01,0.99,0.99,0.0,0.0,74466.42,1776160169000
1776160171.005,271.005,0.01,0.01,0.99,0.99,0.0,0.0,74466.42,1776160169000
1776160171.369,271.369,0.01,0.01,0.99,0.99,0.0,0.0,74467.99,1776160170000
1776160171.795,271.795,0.01,0.01,0.99,0.99,0.0,0.0,74467.99,1776160170000
1776160172.473,272.473,0.01,0.01,0.99,0.99,0.0,0.0,74466.77,1776160171000
1776160172.857,272.857,0.01,0.01,0.99,0.99,0.0,0.0,74466.77,1776160171000
1776160173.431,273.431,0.01,0.01,0.99,0.99,0.0,0.0,74465.06,1776160172000
1776160174.136,274.136,0.01,0.01,0.99,0.99,0.0,0.0,74465.18,1776160173000
1776160174.691,274.691,0.01,0.01,0.99,0.99,0.0,0.0,74465.18,1776160173000
1776160175.364,275.364,0.01,0.01,0.99,0.99,0.0,0.0,74465.18,1776160173000
1776160175.872,275.872,0.01,0.01,0.99,0.99,0.0,0.0,74465.25,1776160174000
1776160176.232,276.232,0.01,0.01,0.99,0.99,0.0,0.0,74465.25,1776160174000
1776160176.874,276.874,0.01,0.01,0.99,0.99,0.0,0.0,74465.25,1776160174000
1776160177.665,277.665,0.01,0.01,0.99,0.99,0.0,0.0,74465.24,1776160176000
1776160178.315,278.315,0.01,0.01,0.99,0.99,0.0,0.0,74465.24,1776160177000
1776160179.125,279.125,0.01,0.01,0.99,0.99,0.0,0.0,74465.2,1776160178000
1776160180.091,280.091,0.01,0.01,0.99,0.99,0.0,0.0,74465.2,1776160178000
1776160180.627,280.627,0.01,0.01,0.99,0.99,0.0,0.0,74465.41,1776160179000
1776160181.366,281.366,0.01,0.01,0.99,0.99,0.0,0.0,74465.67,1776160180000
1776160181.782,281.782,0.01,0.01,0.99,0.99,0.0,0.0,74465.67,1776160180000
1776160182.188,282.188,0.01,0.01,0.99,0.99,0.0,0.0,74465.76,1776160181000
1776160183.617,283.617,0.01,0.01,0.99,0.99,0.0,0.0,74465.76,1776160181000
1776160184.433,284.433,0.01,0.01,0.99,0.99,0.0,0.0,74465.76,1776160183000
1776160185.132,285.132,0.01,0.01,0.99,0.99,0.0,0.0,74465.77,1776160184000
1776160185.508,285.508,0.01,0.01,0.99,0.99,0.0,0.0,74465.77,1776160184000
1776160186.459,286.459,0.01,0.01,0.99,0.99,0.0,0.0,74468.04,1776160185000
1776160187.277,287.277,0.01,0.01,0.99,0.99,0.0,0.0,74469.24,1776160186000
1776160188.256,288.256,0.01,0.01,0.99,0.99,0.0,0.0,74469.24,1776160186000
1776160188.611,288.611,0.01,0.01,0.99,0.99,0.0,0.0,74469.24,1776160186000
1776160189.419,289.419,0.01,0.01,0.99,0.99,0.0,0.0,74468.17,1776160188000
1776160190.329,290.329,0.01,0.01,0.99,0.99,0.0,0.0,74468.18,1776160189000
1776160191.736,291.736,0.01,0.01,0.99,0.99,0.0,0.0,74468.06,1776160190000
1776160192.484,292.484,0.01,0.01,0.99,0.99,0.0,0.0,74468.32,1776160191000
1776160193.372,293.372,0.01,0.01,0.99,0.99,0.0,0.0,74468.47,1776160192000
1776160194.024,294.024,0.01,0.01,0.99,0.99,0.0,0.0,74468.47,1776160192000
1776160194.411,294.411,0.01,0.01,0.99,0.99,0.0,0.0,74468.23,1776160193000
1776160195.035,295.035,0.01,0.01,0.99,0.99,0.0,0.0,74470.03,1776160194000
1776160196.253,296.253,0.01,0.01,0.99,0.99,0.0,0.0,74471.59,1776160195000
1776160197.292,297.292,0.01,0.01,0.99,0.99,0.0,0.0,74471.08,1776160196000
1776160198.45,298.45,0.01,0.01,0.99,0.99,0.0,0.0,74471.04,1776160197000
1776160199.038,299.038,0.01,0.01,0.99,0.99,0.0,0.0,74471.01,1776160198000
1776160200.167,300.167,0.01,0.01,0.99,0.99,0.0,0.0,74471.1,1776160199000
1776160200.531,300.531,0.01,0.01,0.99,0.99,0.0,0.0,74471.1,1776160199000
1776160201.323,301.323,0.01,0.01,0.99,0.99,0.0,0.0,74471.28,1776160200000
1776160202.539,302.539,0.01,0.01,0.99,0.99,0.0,0.0,74471.28,1776160201000

# RESULT,winner=Down,slug=btc-updown-5m-1776159900,ticks=671
