timestamp,elapsed_sec,up_bid,up_ask,down_bid,down_ask,up_spread,down_spread,btc_price,btc_oracle_ts
1776234900.537,0.537,0.51,0.52,0.48,0.49,0.01,0.01,73940.24,1776234899000
1776234900.885,0.885,0.52,0.53,0.47,0.49,0.01,0.02,73940.24,1776234899000
1776234901.245,1.245,0.51,0.53,0.47,0.49,0.02,0.02,73937.79,1776234900000
1776234901.78,1.78,0.52,0.53,0.47,0.48,0.01,0.01,73937.79,1776234900000
1776234902.212,2.212,0.52,0.53,0.47,0.48,0.01,0.01,73937.79,1776234900000
1776234902.567,2.567,0.52,0.53,0.47,0.48,0.01,0.01,73936.92,1776234901000
1776234902.981,2.981,0.53,0.54,0.47,0.48,0.01,0.01,73936.92,1776234901000
1776234903.355,3.355,0.53,0.54,0.46,0.47,0.01,0.01,73936.92,1776234901000
1776234903.708,3.708,0.53,0.54,0.46,0.47,0.01,0.01,73936.66,1776234902000
1776234904.07,4.07,0.53,0.54,0.46,0.47,0.01,0.01,73936.66,1776234902000
1776234904.463,4.463,0.53,0.54,0.46,0.47,0.01,0.01,73938.87,1776234903000
1776234904.873,4.873,0.53,0.54,0.46,0.47,0.01,0.01,73938.87,1776234903000
1776234905.292,5.292,0.53,0.54,0.46,0.47,0.01,0.01,73939.64,1776234904000
1776234905.796,5.796,0.53,0.54,0.46,0.47,0.01,0.01,73939.64,1776234904000
1776234906.358,6.358,0.53,0.55,0.46,0.47,0.02,0.01,73939.64,1776234904000
1776234906.693,6.693,0.53,0.54,0.46,0.47,0.01,0.01,73939.69,1776234905000
1776234907.117,7.117,0.53,0.54,0.46,0.47,0.01,0.01,73939.69,1776234906000
1776234907.851,7.851,0.52,0.53,0.46,0.48,0.01,0.02,73939.69,1776234906000
1776234908.246,8.246,0.51,0.53,0.47,0.49,0.02,0.02,73939.02,1776234907000
1776234909.433,9.433,0.51,0.52,0.48,0.49,0.01,0.01,73939.07,1776234908000
1776234909.977,9.977,0.51,0.52,0.48,0.49,0.01,0.01,73939.07,1776234908000
1776234910.519,10.519,0.51,0.52,0.48,0.49,0.01,0.01,73939.07,1776234908000
1776234911.149,11.149,0.51,0.52,0.48,0.49,0.01,0.01,73938.83,1776234909000
1776234911.597,11.597,0.51,0.52,0.48,0.49,0.01,0.01,73938.66,1776234910000
1776234911.942,11.942,0.51,0.52,0.48,0.49,0.01,0.01,73938.66,1776234910000
1776234912.411,12.411,0.51,0.52,0.48,0.49,0.01,0.01,73938.66,1776234910000
1776234913.194,13.194,0.51,0.52,0.48,0.49,0.01,0.01,73938.66,1776234910000
1776234913.563,13.563,0.51,0.52,0.48,0.49,0.01,0.01,73937.3,1776234912000
1776234914.028,14.028,0.51,0.52,0.48,0.49,0.01,0.01,73937.3,1776234912000
1776234914.362,14.362,0.55,0.57,0.43,0.45,0.02,0.02,73937.3,1776234912000
1776234914.726,14.726,0.52,0.53,0.47,0.48,0.01,0.01,73937.3,1776234912000
1776234915.061,15.061,0.54,0.55,0.45,0.46,0.01,0.01,73939.03,1776234913000
1776234915.482,15.482,0.54,0.55,0.45,0.46,0.01,0.01,73939.03,1776234913000
1776234915.841,15.841,0.54,0.55,0.44,0.46,0.01,0.02,73939.6,1776234914000
1776234916.185,16.185,0.54,0.55,0.45,0.46,0.01,0.01,73939.6,1776234914000
1776234916.631,16.631,0.55,0.56,0.44,0.46,0.01,0.02,73943.93,1776234915000
1776234917.01,17.01,0.55,0.58,0.43,0.45,0.03,0.02,73943.93,1776234915000
1776234917.487,17.487,0.56,0.57,0.43,0.44,0.01,0.01,73944.58,1776234916000
1776234917.861,17.861,0.58,0.6,0.4,0.43,0.02,0.03,73944.58,1776234916000
1776234918.339,18.339,0.59,0.6,0.4,0.42,0.01,0.02,73944.58,1776234916000
1776234918.673,18.673,0.59,0.6,0.4,0.41,0.01,0.01,73946.55,1776234917000
1776234919.304,19.304,0.59,0.6,0.4,0.41,0.01,0.01,73946.55,1776234917000
1776234920.459,20.459,0.59,0.6,0.4,0.41,0.01,0.01,73946.99,1776234918000
1776234920.854,20.854,0.59,0.61,0.4,0.41,0.02,0.01,73951.58,1776234919000
1776234921.194,21.194,0.59,0.6,0.39,0.41,0.01,0.02,73951.58,1776234919000
1776234921.531,21.531,0.59,0.6,0.4,0.41,0.01,0.01,73952.27,1776234920000
1776234922.157,22.157,0.59,0.6,0.4,0.41,0.01,0.01,73952.27,1776234920000
1776234922.768,22.768,0.59,0.6,0.4,0.41,0.01,0.01,73952.77,1776234921000
1776234923.297,23.297,0.59,0.6,0.4,0.41,0.01,0.01,73952.77,1776234921000
1776234923.766,23.766,0.59,0.6,0.4,0.41,0.01,0.01,73952.77,1776234921000
1776234924.143,24.143,0.59,0.6,0.4,0.41,0.01,0.01,73952.66,1776234922000
1776234924.523,24.523,0.59,0.6,0.4,0.41,0.01,0.01,73952.66,1776234922000
1776234924.869,24.869,0.59,0.6,0.4,0.41,0.01,0.01,73952.6,1776234923000
1776234925.498,25.498,0.59,0.62,0.38,0.41,0.03,0.03,73952.67,1776234924000
1776234926.001,26.001,0.6,0.62,0.38,0.41,0.02,0.03,73952.67,1776234924000
1776234927.183,27.183,0.6,0.61,0.38,0.4,0.01,0.02,73952.67,1776234925000
1776234928.035,28.035,0.6,0.61,0.39,0.4,0.01,0.01,73952.59,1776234926000
1776234928.635,28.635,0.6,0.61,0.39,0.4,0.01,0.01,73952.57,1776234927000
1776234929.114,29.114,0.6,0.61,0.39,0.4,0.01,0.01,73952.57,1776234927000
1776234929.563,29.563,0.6,0.61,0.39,0.4,0.01,0.01,73952.57,1776234927000
1776234930.049,30.049,0.6,0.61,0.39,0.4,0.01,0.01,73952.6,1776234928000
1776234930.428,30.428,0.6,0.61,0.39,0.4,0.01,0.01,73952.68,1776234929000
1776234931.076,31.076,0.6,0.61,0.39,0.4,0.01,0.01,73952.71,1776234930000
1776234931.562,31.562,0.6,0.61,0.39,0.4,0.01,0.01,73952.71,1776234930000
1776234932.028,32.028,0.61,0.62,0.38,0.39,0.01,0.01,73952.71,1776234930000
1776234932.417,32.417,0.61,0.62,0.38,0.39,0.01,0.01,73952.53,1776234931000
1776234932.806,32.806,0.61,0.62,0.38,0.39,0.01,0.01,73952.53,1776234931000
1776234933.402,33.402,0.61,0.62,0.38,0.39,0.01,0.01,73952.75,1776234932000
1776234934.032,34.032,0.61,0.62,0.38,0.39,0.01,0.01,73952.75,1776234932000
1776234935.276,35.276,0.61,0.62,0.38,0.39,0.01,0.01,73951.21,1776234934000
1776234935.734,35.734,0.61,0.62,0.38,0.39,0.01,0.01,73951.21,1776234934000
1776234936.113,36.113,0.61,0.62,0.38,0.39,0.01,0.01,73951.21,1776234934000
1776234936.926,36.926,0.61,0.62,0.38,0.39,0.01,0.01,73949.9,1776234935000
1776234937.284,37.284,0.61,0.62,0.38,0.39,0.01,0.01,73949.9,1776234935000
1776234937.702,37.702,0.61,0.62,0.38,0.39,0.01,0.01,73949.33,1776234936000
1776234938.128,38.128,0.61,0.62,0.38,0.39,0.01,0.01,73948.75,1776234937000
1776234938.535,38.535,0.61,0.62,0.38,0.39,0.01,0.01,73948.75,1776234937000
1776234939.078,39.078,0.61,0.62,0.38,0.39,0.01,0.01,73947.54,1776234938000
1776234940.043,40.043,0.61,0.62,0.38,0.39,0.01,0.01,73947.54,1776234938000
1776234940.855,40.855,0.61,0.62,0.38,0.39,0.01,0.01,73948.06,1776234939000
1776234941.23,41.23,0.61,0.62,0.38,0.39,0.01,0.01,73948.06,1776234939000
1776234941.701,41.701,0.61,0.62,0.38,0.39,0.01,0.01,73947.88,1776234940000
1776234942.143,42.143,0.61,0.62,0.38,0.39,0.01,0.01,73947.88,1776234940000
1776234942.523,42.523,0.61,0.62,0.38,0.39,0.01,0.01,73948.19,1776234941000
1776234943.195,43.195,0.61,0.62,0.38,0.39,0.01,0.01,73948.19,1776234941000
1776234943.654,43.654,0.61,0.62,0.38,0.39,0.01,0.01,73948.44,1776234942000
1776234944.044,44.044,0.61,0.62,0.38,0.39,0.01,0.01,73948.44,1776234942000
1776234944.387,44.387,0.61,0.62,0.38,0.39,0.01,0.01,73948.44,1776234942000
1776234944.723,44.723,0.61,0.62,0.38,0.39,0.01,0.01,73948.44,1776234943000
1776234945.174,45.174,0.61,0.62,0.38,0.39,0.01,0.01,73947.55,1776234944000
1776234945.516,45.516,0.61,0.62,0.38,0.39,0.01,0.01,73947.55,1776234944000
1776234946.014,46.014,0.61,0.62,0.38,0.39,0.01,0.01,73947.55,1776234944000
1776234946.355,46.355,0.61,0.62,0.38,0.39,0.01,0.01,73944.24,1776234945000
1776234946.707,46.707,0.61,0.62,0.38,0.39,0.01,0.01,73944.24,1776234945000
1776234947.372,47.372,0.61,0.62,0.38,0.39,0.01,0.01,73943.46,1776234946000
1776234947.707,47.707,0.61,0.62,0.38,0.39,0.01,0.01,73943.46,1776234946000
1776234948.052,48.052,0.61,0.62,0.38,0.39,0.01,0.01,73943.74,1776234947000
1776234948.52,48.52,0.61,0.62,0.38,0.39,0.01,0.01,73943.74,1776234947000
1776234948.947,48.947,0.61,0.62,0.38,0.39,0.01,0.01,73943.74,1776234947000
1776234949.854,49.854,0.61,0.62,0.38,0.39,0.01,0.01,73943.74,1776234948000
1776234950.257,50.257,0.61,0.62,0.38,0.39,0.01,0.01,73944.61,1776234949000
1776234950.741,50.741,0.61,0.62,0.38,0.39,0.01,0.01,73944.61,1776234949000
1776234951.118,51.118,0.61,0.62,0.38,0.39,0.01,0.01,73946.4,1776234950000
1776234951.461,51.461,0.61,0.62,0.38,0.39,0.01,0.01,73946.4,1776234950000
1776234951.836,51.836,0.61,0.62,0.38,0.39,0.01,0.01,73946.4,1776234950000
1776234952.363,52.363,0.61,0.62,0.38,0.39,0.01,0.01,73945.63,1776234951000
1776234952.722,52.722,0.61,0.62,0.38,0.39,0.01,0.01,73945.63,1776234951000
1776234953.22,53.22,0.61,0.62,0.38,0.39,0.01,0.01,73945.63,1776234952000
1776234953.59,53.59,0.61,0.62,0.38,0.39,0.01,0.01,73945.63,1776234952000
1776234953.947,53.947,0.61,0.62,0.38,0.39,0.01,0.01,73945.63,1776234952000
1776234954.375,54.375,0.6,0.61,0.39,0.4,0.01,0.01,73945.35,1776234953000
1776234954.776,54.776,0.6,0.61,0.39,0.4,0.01,0.01,73945.35,1776234953000
1776234955.436,55.436,0.6,0.61,0.39,0.4,0.01,0.01,73945.35,1776234954000
1776234955.86,55.86,0.58,0.61,0.39,0.4,0.03,0.01,73945.35,1776234954000
1776234956.38,56.38,0.59,0.6,0.4,0.42,0.01,0.02,73946.28,1776234955000
1776234957.076,57.076,0.59,0.6,0.4,0.41,0.01,0.01,73946.28,1776234955000
1776234957.48,57.48,0.59,0.6,0.4,0.41,0.01,0.01,73946.28,1776234955000
1776234957.996,57.996,0.58,0.6,0.4,0.42,0.02,0.02,73946.19,1776234956000
1776234958.512,58.512,0.59,0.6,0.4,0.41,0.01,0.01,73946.19,1776234956000
1776234958.94,58.94,0.59,0.6,0.4,0.41,0.01,0.01,73946.45,1776234957000
1776234959.416,59.416,0.58,0.59,0.41,0.42,0.01,0.01,73946.45,1776234958000
1776234959.852,59.852,0.58,0.59,0.41,0.42,0.01,0.01,73946.45,1776234958000
1776234960.241,60.241,0.58,0.59,0.41,0.42,0.01,0.01,73947.78,1776234959000
1776234960.639,60.639,0.57,0.58,0.42,0.43,0.01,0.01,73947.78,1776234959000
1776234961.049,61.049,0.57,0.58,0.42,0.43,0.01,0.01,73947.78,1776234959000
1776234961.497,61.497,0.57,0.58,0.42,0.43,0.01,0.01,73947.78,1776234959000
1776234961.864,61.864,0.56,0.58,0.42,0.43,0.02,0.01,73947.78,1776234960000
1776234962.484,62.484,0.56,0.57,0.43,0.44,0.01,0.01,73947.78,1776234961000
1776234962.993,62.993,0.56,0.57,0.43,0.44,0.01,0.01,73947.78,1776234961000
1776234963.359,63.359,0.56,0.57,0.43,0.44,0.01,0.01,73947.78,1776234961000
1776234963.764,63.764,0.56,0.57,0.43,0.44,0.01,0.01,73944.75,1776234962000
1776234964.131,64.131,0.56,0.57,0.43,0.44,0.01,0.01,73944.75,1776234963000
1776234964.521,64.521,0.55,0.56,0.44,0.45,0.01,0.01,73944.75,1776234963000
1776234964.855,64.855,0.55,0.56,0.44,0.45,0.01,0.01,73944.75,1776234963000
1776234965.19,65.19,0.55,0.56,0.44,0.45,0.01,0.01,73944.75,1776234963000
1776234965.609,65.609,0.51,0.52,0.45,0.49,0.01,0.04,73945.81,1776234964000
1776234966.046,66.046,0.5,0.51,0.49,0.5,0.01,0.01,73945.81,1776234964000
1776234966.392,66.392,0.5,0.51,0.49,0.5,0.01,0.01,73945.81,1776234964000
1776234966.727,66.727,0.5,0.51,0.49,0.5,0.01,0.01,73942.32,1776234965000
1776234967.106,67.106,0.5,0.51,0.49,0.5,0.01,0.01,73942.32,1776234965000
1776234967.479,67.479,0.5,0.51,0.49,0.5,0.01,0.01,73941.22,1776234966000
1776234967.823,67.823,0.5,0.51,0.49,0.5,0.01,0.01,73941.22,1776234966000
1776234968.551,68.551,0.5,0.51,0.49,0.5,0.01,0.01,73941.22,1776234966000
1776234968.95,68.95,0.5,0.51,0.49,0.5,0.01,0.01,73938.59,1776234967000
1776234969.685,69.685,0.5,0.51,0.49,0.5,0.01,0.01,73937.87,1776234968000
1776234970.188,70.188,0.5,0.51,0.49,0.5,0.01,0.01,73937.87,1776234968000
1776234970.54,70.54,0.5,0.51,0.49,0.5,0.01,0.01,73934.8,1776234969000
1776234970.944,70.944,0.5,0.51,0.49,0.5,0.01,0.01,73934.8,1776234969000
1776234971.347,71.347,0.5,0.51,0.49,0.5,0.01,0.01,73934.8,1776234969000
1776234971.686,71.686,0.49,0.5,0.5,0.51,0.01,0.01,73933.59,1776234970000
1776234972.086,72.086,0.49,0.5,0.5,0.51,0.01,0.01,73933.59,1776234970000
1776234972.502,72.502,0.49,0.5,0.5,0.51,0.01,0.01,73933.59,1776234971000
1776234972.855,72.855,0.49,0.5,0.5,0.51,0.01,0.01,73933.59,1776234971000
1776234973.509,73.509,0.49,0.5,0.5,0.51,0.01,0.01,73933.83,1776234972000
1776234974.098,74.098,0.48,0.49,0.5,0.52,0.01,0.02,73933.83,1776234972000
1776234974.696,74.696,0.48,0.49,0.51,0.52,0.01,0.01,73933.83,1776234972000
1776234975.31,75.31,0.48,0.49,0.51,0.52,0.01,0.01,73933.71,1776234973000
1776234975.664,75.664,0.48,0.49,0.51,0.52,0.01,0.01,73934.29,1776234974000
1776234976.175,76.175,0.48,0.49,0.51,0.52,0.01,0.01,73934.29,1776234975000
1776234976.605,76.605,0.48,0.49,0.51,0.52,0.01,0.01,73934.29,1776234975000
1776234977.128,77.128,0.48,0.49,0.51,0.52,0.01,0.01,73934.01,1776234976000
1776234977.462,77.462,0.48,0.49,0.51,0.52,0.01,0.01,73934.01,1776234976000
1776234977.867,77.867,0.47,0.48,0.51,0.52,0.01,0.01,73934.01,1776234976000
1776234978.204,78.204,0.47,0.48,0.52,0.53,0.01,0.01,73934.01,1776234977000
1776234978.74,78.74,0.47,0.48,0.52,0.53,0.01,0.01,73934.01,1776234977000
1776234979.519,79.519,0.47,0.48,0.52,0.53,0.01,0.01,73933.99,1776234978000
1776234979.948,79.948,0.47,0.48,0.52,0.53,0.01,0.01,73933.59,1776234979000
1776234980.283,80.283,0.47,0.48,0.52,0.53,0.01,0.01,73933.59,1776234979000
1776234980.644,80.644,0.47,0.48,0.52,0.53,0.01,0.01,73933.59,1776234979000
1776234980.987,80.987,0.47,0.48,0.52,0.53,0.01,0.01,73933.59,1776234979000
1776234981.368,81.368,0.47,0.48,0.52,0.53,0.01,0.01,73933.47,1776234980000
1776234981.73,81.73,0.47,0.48,0.52,0.53,0.01,0.01,73933.47,1776234980000
1776234982.136,82.136,0.47,0.48,0.52,0.53,0.01,0.01,73933.47,1776234980000
1776234982.724,82.724,0.47,0.48,0.52,0.53,0.01,0.01,73932.56,1776234981000
1776234983.152,83.152,0.46,0.47,0.52,0.54,0.01,0.02,73932.56,1776234981000
1776234983.614,83.614,0.46,0.47,0.53,0.54,0.01,0.01,73932.66,1776234982000
1776234984.273,84.273,0.46,0.47,0.53,0.54,0.01,0.01,73932.66,1776234982000
1776234984.613,84.613,0.46,0.47,0.52,0.54,0.01,0.02,73932.67,1776234983000
1776234985.039,85.039,0.46,0.47,0.53,0.54,0.01,0.01,73932.66,1776234984000
1776234985.675,85.675,0.46,0.47,0.53,0.54,0.01,0.01,73932.66,1776234984000
1776234986.032,86.032,0.46,0.47,0.53,0.54,0.01,0.01,73932.6,1776234985000
1776234987.128,87.128,0.46,0.47,0.53,0.54,0.01,0.01,73933.28,1776234986000
1776234987.61,87.61,0.46,0.47,0.53,0.54,0.01,0.01,73933.28,1776234986000
1776234988.147,88.147,0.46,0.47,0.53,0.54,0.01,0.01,73933.28,1776234986000
1776234988.823,88.823,0.46,0.47,0.53,0.54,0.01,0.01,73933.45,1776234987000
1776234989.368,89.368,0.46,0.47,0.53,0.54,0.01,0.01,73934.38,1776234988000
1776234989.738,89.738,0.46,0.47,0.53,0.54,0.01,0.01,73934.38,1776234988000
1776234990.134,90.134,0.45,0.46,0.53,0.55,0.01,0.02,73934.38,1776234988000
1776234990.47,90.47,0.45,0.46,0.54,0.55,0.01,0.01,73933.46,1776234989000
1776234990.814,90.814,0.45,0.46,0.54,0.55,0.01,0.01,73933.46,1776234989000
1776234991.209,91.209,0.45,0.46,0.54,0.55,0.01,0.01,73933.31,1776234990000
1776234991.953,91.953,0.45,0.46,0.54,0.55,0.01,0.01,73933.31,1776234990000
1776234993.011,93.011,0.45,0.46,0.54,0.55,0.01,0.01,73932.76,1776234991000
1776234993.424,93.424,0.45,0.46,0.54,0.55,0.01,0.01,73933.08,1776234992000
1776234993.936,93.936,0.45,0.46,0.54,0.55,0.01,0.01,73933.08,1776234992000
1776234994.448,94.448,0.45,0.46,0.54,0.55,0.01,0.01,73933.18,1776234993000
1776234994.823,94.823,0.45,0.46,0.54,0.55,0.01,0.01,73933.18,1776234993000
1776234995.159,95.159,0.45,0.46,0.54,0.55,0.01,0.01,73933.25,1776234994000
1776234995.666,95.666,0.45,0.46,0.54,0.55,0.01,0.01,73933.25,1776234994000
1776234996.017,96.017,0.45,0.46,0.54,0.55,0.01,0.01,73933.25,1776234994000
1776234996.519,96.519,0.45,0.46,0.54,0.55,0.01,0.01,73933.3,1776234995000
1776234997.107,97.107,0.45,0.46,0.54,0.55,0.01,0.01,73933.43,1776234996000
1776234997.669,97.669,0.45,0.46,0.54,0.55,0.01,0.01,73933.43,1776234996000
1776234998.022,98.022,0.45,0.46,0.54,0.55,0.01,0.01,73933.43,1776234996000
1776234998.668,98.668,0.45,0.46,0.54,0.55,0.01,0.01,73933.25,1776234997000
1776234999.129,99.129,0.45,0.46,0.54,0.55,0.01,0.01,73933.07,1776234998000
1776234999.523,99.523,0.45,0.46,0.54,0.55,0.01,0.01,73933.07,1776234998000
1776235000.17,100.17,0.45,0.46,0.54,0.55,0.01,0.01,73932.99,1776234999000
1776235000.736,100.736,0.45,0.46,0.54,0.55,0.01,0.01,73932.99,1776234999000
1776235001.077,101.077,0.45,0.46,0.54,0.55,0.01,0.01,73932.99,1776234999000
1776235001.539,101.539,0.45,0.46,0.54,0.55,0.01,0.01,73932.95,1776235000000
1776235001.939,101.939,0.45,0.46,0.54,0.55,0.01,0.01,73932.95,1776235000000
1776235002.374,102.374,0.45,0.46,0.54,0.55,0.01,0.01,73932.95,1776235000000
1776235002.743,102.743,0.45,0.46,0.54,0.55,0.01,0.01,73932.99,1776235001000
1776235003.149,103.149,0.45,0.46,0.54,0.55,0.01,0.01,73932.99,1776235001000
1776235003.668,103.668,0.45,0.46,0.54,0.55,0.01,0.01,73933.15,1776235002000
1776235004.039,104.039,0.45,0.46,0.54,0.55,0.01,0.01,73933.15,1776235002000
1776235004.842,104.842,0.45,0.46,0.54,0.55,0.01,0.01,73933.21,1776235003000
1776235005.26,105.26,0.45,0.46,0.54,0.55,0.01,0.01,73933.21,1776235003000
1776235005.604,105.604,0.45,0.46,0.54,0.55,0.01,0.01,73933.34,1776235004000
1776235006.013,106.013,0.44,0.46,0.54,0.56,0.02,0.02,73933.34,1776235005000
1776235006.499,106.499,0.44,0.45,0.54,0.56,0.01,0.02,73933.34,1776235005000
1776235006.985,106.985,0.44,0.45,0.55,0.56,0.01,0.01,73933.34,1776235005000
1776235007.319,107.319,0.44,0.45,0.55,0.56,0.01,0.01,73933.27,1776235006000
1776235007.757,107.757,0.43,0.45,0.55,0.56,0.02,0.01,73933.27,1776235006000
1776235008.11,108.11,0.43,0.44,0.56,0.57,0.01,0.01,73933.27,1776235007000
1776235008.528,108.528,0.43,0.44,0.56,0.57,0.01,0.01,73933.27,1776235007000
1776235008.872,108.872,0.43,0.44,0.56,0.57,0.01,0.01,73933.27,1776235007000
1776235009.403,109.403,0.43,0.44,0.56,0.57,0.01,0.01,73933.18,1776235008000
1776235009.946,109.946,0.43,0.44,0.56,0.58,0.01,0.02,73933.18,1776235008000
1776235010.306,110.306,0.43,0.44,0.56,0.57,0.01,0.01,73933.39,1776235009000
1776235011.129,111.129,0.43,0.44,0.56,0.57,0.01,0.01,73933.39,1776235009000
1776235011.562,111.562,0.43,0.44,0.56,0.57,0.01,0.01,73933.39,1776235010000
1776235011.953,111.953,0.43,0.44,0.56,0.57,0.01,0.01,73933.39,1776235010000
1776235012.306,112.306,0.43,0.44,0.56,0.57,0.01,0.01,73933.39,1776235010000
1776235012.965,112.965,0.43,0.44,0.56,0.57,0.01,0.01,73933.23,1776235011000
1776235013.45,113.45,0.43,0.44,0.56,0.57,0.01,0.01,73933.32,1776235012000
1776235013.875,113.875,0.43,0.44,0.56,0.57,0.01,0.01,73933.32,1776235012000
1776235014.542,114.542,0.43,0.44,0.56,0.57,0.01,0.01,73933.43,1776235013000
1776235015.341,115.341,0.43,0.44,0.56,0.57,0.01,0.01,73933.5,1776235014000
1776235015.676,115.676,0.43,0.44,0.56,0.57,0.01,0.01,73933.5,1776235014000
1776235016.127,116.127,0.43,0.44,0.56,0.57,0.01,0.01,73933.5,1776235014000
1776235016.613,116.613,0.43,0.44,0.56,0.57,0.01,0.01,73933.5,1776235014000
1776235017.061,117.061,0.43,0.44,0.56,0.57,0.01,0.01,73934.99,1776235015000
1776235017.769,117.769,0.43,0.44,0.56,0.57,0.01,0.01,73935.02,1776235016000
1776235018.408,118.408,0.43,0.44,0.56,0.57,0.01,0.01,73935.02,1776235016000
1776235019.03,119.03,0.43,0.44,0.56,0.57,0.01,0.01,73934.76,1776235018000
1776235019.424,119.424,0.43,0.44,0.56,0.57,0.01,0.01,73934.76,1776235018000
1776235019.761,119.761,0.43,0.44,0.56,0.57,0.01,0.01,73934.76,1776235018000
1776235020.135,120.135,0.43,0.44,0.56,0.57,0.01,0.01,73934.76,1776235018000
1776235020.491,120.491,0.43,0.44,0.56,0.57,0.01,0.01,73934.76,1776235018000
1776235020.847,120.847,0.42,0.43,0.57,0.58,0.01,0.01,73934.8,1776235019000
1776235021.19,121.19,0.42,0.43,0.57,0.58,0.01,0.01,73934.8,1776235019000
1776235021.573,121.573,0.42,0.43,0.57,0.58,0.01,0.01,73934.82,1776235020000
1776235021.931,121.931,0.42,0.43,0.57,0.58,0.01,0.01,73934.82,1776235020000
1776235022.374,122.374,0.42,0.43,0.57,0.58,0.01,0.01,73934.82,1776235020000
1776235022.867,122.867,0.42,0.43,0.57,0.58,0.01,0.01,73934.61,1776235021000
1776235023.203,123.203,0.42,0.43,0.57,0.58,0.01,0.01,73934.61,1776235021000
1776235024.033,124.033,0.41,0.42,0.57,0.58,0.01,0.01,73932.98,1776235022000
1776235024.384,124.384,0.36,0.38,0.59,0.64,0.02,0.05,73932.98,1776235022000
1776235024.792,124.792,0.34,0.36,0.64,0.66,0.02,0.02,73932.85,1776235023000
1776235025.154,125.154,0.34,0.35,0.65,0.66,0.01,0.01,73932.72,1776235024000
1776235025.498,125.498,0.34,0.35,0.65,0.67,0.01,0.02,73932.72,1776235024000
1776235025.888,125.888,0.34,0.35,0.65,0.66,0.01,0.01,73932.72,1776235024000
1776235026.356,126.356,0.34,0.35,0.65,0.66,0.01,0.01,73926.1,1776235025000
1776235026.69,126.69,0.38,0.39,0.61,0.62,0.01,0.01,73926.1,1776235025000
1776235027.061,127.061,0.4,0.41,0.59,0.6,0.01,0.01,73922.7,1776235026000
1776235027.407,127.407,0.4,0.42,0.59,0.6,0.02,0.01,73922.7,1776235026000
1776235027.745,127.745,0.41,0.43,0.58,0.59,0.02,0.01,73922.7,1776235026000
1776235028.085,128.085,0.42,0.43,0.57,0.58,0.01,0.01,73922.7,1776235026000
1776235028.433,128.433,0.42,0.43,0.57,0.58,0.01,0.01,73922.88,1776235027000
1776235028.791,128.791,0.42,0.43,0.57,0.58,0.01,0.01,73922.88,1776235027000
1776235029.324,129.324,0.42,0.43,0.57,0.58,0.01,0.01,73922.88,1776235027000
1776235029.676,129.676,0.42,0.43,0.57,0.58,0.01,0.01,73930.26,1776235028000
1776235030.009,130.009,0.44,0.46,0.54,0.56,0.02,0.02,73930.26,1776235028000
1776235030.372,130.372,0.47,0.5,0.51,0.53,0.03,0.02,73931.97,1776235029000
1776235030.733,130.733,0.5,0.52,0.47,0.5,0.02,0.03,73931.97,1776235029000
1776235031.151,131.151,0.53,0.55,0.46,0.49,0.02,0.03,73931.97,1776235029000
1776235031.535,131.535,0.57,0.59,0.45,0.46,0.02,0.01,73933.63,1776235030000
1776235031.955,131.955,0.58,0.59,0.41,0.43,0.01,0.02,73933.63,1776235030000
1776235032.421,132.421,0.65,0.66,0.36,0.37,0.01,0.01,73933.63,1776235030000
1776235032.766,132.766,0.65,0.66,0.34,0.35,0.01,0.01,73946.86,1776235031000
1776235033.111,133.111,0.65,0.66,0.33,0.35,0.01,0.02,73946.86,1776235031000
1776235033.473,133.473,0.66,0.68,0.32,0.35,0.02,0.03,73946.86,1776235031000
1776235033.813,133.813,0.67,0.69,0.31,0.33,0.02,0.02,73954.21,1776235032000
1776235034.154,134.154,0.68,0.7,0.3,0.32,0.02,0.02,73956.38,1776235033000
1776235034.508,134.508,0.69,0.7,0.3,0.32,0.01,0.02,73956.38,1776235033000
1776235034.859,134.859,0.69,0.7,0.3,0.31,0.01,0.01,73956.38,1776235033000
1776235035.269,135.269,0.69,0.7,0.3,0.31,0.01,0.01,73962.84,1776235034000
1776235035.663,135.663,0.69,0.7,0.3,0.31,0.01,0.01,73962.84,1776235034000
1776235036.036,136.036,0.7,0.71,0.29,0.3,0.01,0.01,73962.84,1776235034000
1776235036.419,136.419,0.71,0.72,0.28,0.29,0.01,0.01,73965.09,1776235035000
1776235036.929,136.929,0.71,0.72,0.28,0.29,0.01,0.01,73964.68,1776235036000
1776235037.474,137.474,0.73,0.74,0.26,0.27,0.01,0.01,73964.68,1776235036000
1776235038.041,138.041,0.73,0.74,0.26,0.27,0.01,0.01,73964.68,1776235036000
1776235038.513,138.513,0.73,0.74,0.26,0.27,0.01,0.01,73965.72,1776235037000
1776235039.004,139.004,0.73,0.74,0.26,0.27,0.01,0.01,73965.72,1776235037000
1776235039.412,139.412,0.74,0.75,0.25,0.27,0.01,0.02,73965.56,1776235038000
1776235039.902,139.902,0.74,0.75,0.25,0.26,0.01,0.01,73965.56,1776235038000
1776235040.255,140.255,0.74,0.75,0.25,0.26,0.01,0.01,73967.06,1776235039000
1776235041.119,141.119,0.74,0.75,0.25,0.26,0.01,0.01,73967.06,1776235039000
1776235041.457,141.457,0.74,0.75,0.25,0.26,0.01,0.01,73967.06,1776235040000
1776235041.829,141.829,0.74,0.75,0.25,0.26,0.01,0.01,73967.06,1776235040000
1776235042.335,142.335,0.74,0.75,0.25,0.26,0.01,0.01,73967.07,1776235041000
1776235042.683,142.683,0.74,0.75,0.25,0.26,0.01,0.01,73967.07,1776235041000
1776235043.09,143.09,0.74,0.75,0.25,0.26,0.01,0.01,73968.02,1776235042000
1776235043.54,143.54,0.73,0.74,0.25,0.27,0.01,0.02,73968.02,1776235042000
1776235044.056,144.056,0.73,0.74,0.26,0.27,0.01,0.01,73968.02,1776235042000
1776235044.857,144.857,0.73,0.74,0.26,0.27,0.01,0.01,73968.03,1776235043000
1776235045.346,145.346,0.72,0.73,0.26,0.28,0.01,0.02,73968.03,1776235043000
1776235046.01,146.01,0.72,0.73,0.27,0.28,0.01,0.01,73967.62,1776235044000
1776235046.377,146.377,0.72,0.73,0.27,0.28,0.01,0.01,73967.62,1776235044000
1776235046.758,146.758,0.72,0.73,0.27,0.28,0.01,0.01,73967.61,1776235045000
1776235047.212,147.212,0.72,0.73,0.27,0.28,0.01,0.01,73967.61,1776235046000
1776235047.711,147.711,0.68,0.69,0.31,0.32,0.01,0.01,73967.61,1776235046000
1776235048.091,148.091,0.68,0.69,0.31,0.32,0.01,0.01,73967.48,1776235047000
1776235048.512,148.512,0.67,0.68,0.31,0.33,0.01,0.02,73967.48,1776235047000
1776235049.053,149.053,0.67,0.68,0.32,0.33,0.01,0.01,73965.51,1776235048000
1776235049.486,149.486,0.67,0.68,0.32,0.33,0.01,0.01,73965.51,1776235048000
1776235049.863,149.863,0.67,0.68,0.32,0.33,0.01,0.01,73965.51,1776235048000
1776235050.206,150.206,0.65,0.67,0.32,0.33,0.02,0.01,73964.42,1776235049000
1776235050.874,150.874,0.63,0.64,0.36,0.37,0.01,0.01,73964.42,1776235049000
1776235052.01,152.01,0.63,0.64,0.36,0.37,0.01,0.01,73960.56,1776235051000
1776235052.474,152.474,0.63,0.64,0.36,0.37,0.01,0.01,73960.56,1776235051000
1776235052.812,152.812,0.59,0.61,0.38,0.41,0.02,0.03,73960.56,1776235051000
1776235053.306,153.306,0.58,0.6,0.4,0.42,0.02,0.02,73950.92,1776235052000
1776235053.665,153.665,0.57,0.6,0.4,0.42,0.03,0.02,73950.92,1776235052000
1776235054.094,154.094,0.56,0.58,0.42,0.43,0.02,0.01,73948.44,1776235053000
1776235054.58,154.58,0.55,0.56,0.44,0.45,0.01,0.01,73948.44,1776235053000
1776235054.94,154.94,0.55,0.56,0.44,0.45,0.01,0.01,73947.4,1776235054000
1776235055.294,155.294,0.53,0.55,0.45,0.46,0.02,0.01,73947.4,1776235054000
1776235055.792,155.792,0.48,0.51,0.49,0.5,0.03,0.01,73947.4,1776235054000
1776235056.177,156.177,0.5,0.51,0.49,0.5,0.01,0.01,73946.55,1776235055000
1776235056.734,156.734,0.48,0.49,0.51,0.52,0.01,0.01,73946.55,1776235055000
1776235057.098,157.098,0.48,0.49,0.51,0.52,0.01,0.01,73946.55,1776235055000
1776235057.431,157.431,0.47,0.48,0.52,0.53,0.01,0.01,73946.25,1776235056000
1776235057.798,157.798,0.47,0.48,0.52,0.53,0.01,0.01,73946.25,1776235056000
1776235058.281,158.281,0.47,0.48,0.52,0.53,0.01,0.01,73946.25,1776235056000
1776235058.747,158.747,0.45,0.48,0.52,0.53,0.03,0.01,73946.16,1776235057000
1776235059.235,159.235,0.44,0.45,0.55,0.56,0.01,0.01,73946.16,1776235057000
1776235059.595,159.595,0.44,0.45,0.55,0.56,0.01,0.01,73945.79,1776235058000
1776235059.934,159.934,0.44,0.45,0.55,0.56,0.01,0.01,73945.79,1776235058000
1776235060.42,160.42,0.44,0.47,0.55,0.56,0.03,0.01,73945.79,1776235058000
1776235060.78,160.78,0.5,0.51,0.49,0.5,0.01,0.01,73945.79,1776235058000
1776235061.449,161.449,0.51,0.52,0.48,0.5,0.01,0.02,73944.17,1776235059000
1776235061.832,161.832,0.55,0.56,0.44,0.45,0.01,0.01,73942.33,1776235060000
1776235062.266,162.266,0.55,0.57,0.43,0.45,0.02,0.02,73942.33,1776235060000
1776235062.604,162.604,0.56,0.57,0.43,0.44,0.01,0.01,73941.6,1776235061000
1776235062.994,162.994,0.56,0.57,0.43,0.44,0.01,0.01,73941.6,1776235061000
1776235063.703,163.703,0.57,0.58,0.43,0.44,0.01,0.01,73941.6,1776235061000
1776235064.309,164.309,0.57,0.58,0.42,0.43,0.01,0.01,73947.75,1776235063000
1776235064.711,164.711,0.57,0.58,0.42,0.43,0.01,0.01,73947.75,1776235063000
1776235065.102,165.102,0.57,0.58,0.42,0.43,0.01,0.01,73948.23,1776235064000
1776235065.447,165.447,0.57,0.58,0.42,0.43,0.01,0.01,73948.23,1776235064000
1776235065.906,165.906,0.57,0.58,0.42,0.43,0.01,0.01,73948.23,1776235064000
1776235066.246,166.246,0.57,0.58,0.42,0.43,0.01,0.01,73948.23,1776235065000
1776235066.583,166.583,0.57,0.58,0.42,0.43,0.01,0.01,73948.23,1776235065000
1776235066.936,166.936,0.57,0.58,0.42,0.43,0.01,0.01,73948.23,1776235065000
1776235067.356,167.356,0.57,0.58,0.42,0.43,0.01,0.01,73948.23,1776235065000
1776235067.722,167.722,0.56,0.58,0.42,0.44,0.02,0.02,73948.22,1776235066000
1776235068.076,168.076,0.56,0.57,0.43,0.44,0.01,0.01,73948.22,1776235066000
1776235068.447,168.447,0.55,0.56,0.44,0.45,0.01,0.01,73948.21,1776235067000
1776235068.968,168.968,0.55,0.56,0.44,0.45,0.01,0.01,73948.21,1776235067000
1776235069.371,169.371,0.56,0.57,0.44,0.45,0.01,0.01,73948.21,1776235067000
1776235069.777,169.777,0.55,0.56,0.44,0.45,0.01,0.01,73948.21,1776235067000
1776235070.216,170.216,0.56,0.57,0.43,0.45,0.01,0.02,73947.27,1776235068000
1776235070.719,170.719,0.55,0.56,0.43,0.45,0.01,0.02,73945.97,1776235069000
1776235071.228,171.228,0.53,0.54,0.46,0.48,0.01,0.02,73945.97,1776235069000
1776235071.671,171.671,0.51,0.52,0.47,0.49,0.01,0.02,73947.27,1776235070000
1776235072.006,172.006,0.51,0.52,0.48,0.49,0.01,0.01,73947.27,1776235070000
1776235072.427,172.427,0.51,0.52,0.48,0.49,0.01,0.01,73947.29,1776235071000
1776235072.762,172.762,0.49,0.52,0.48,0.51,0.03,0.03,73947.29,1776235071000
1776235073.151,173.151,0.47,0.49,0.51,0.52,0.02,0.01,73947.29,1776235071000
1776235073.535,173.535,0.46,0.47,0.53,0.54,0.01,0.01,73947.29,1776235071000
1776235073.892,173.892,0.46,0.47,0.53,0.54,0.01,0.01,73945.96,1776235072000
1776235074.529,174.529,0.45,0.46,0.54,0.55,0.01,0.01,73945.22,1776235073000
1776235075.245,175.245,0.45,0.46,0.54,0.55,0.01,0.01,73945.22,1776235073000
1776235075.59,175.59,0.45,0.46,0.54,0.55,0.01,0.01,73944.29,1776235074000
1776235076.178,176.178,0.45,0.46,0.54,0.55,0.01,0.01,73944.29,1776235074000
1776235076.527,176.527,0.45,0.46,0.54,0.55,0.01,0.01,73942.55,1776235075000
1776235076.934,176.934,0.45,0.46,0.54,0.55,0.01,0.01,73942.55,1776235075000
1776235077.35,177.35,0.45,0.46,0.54,0.55,0.01,0.01,73942.55,1776235075000
1776235078.013,178.013,0.45,0.46,0.54,0.55,0.01,0.01,73943.15,1776235076000
1776235078.35,178.35,0.45,0.46,0.54,0.55,0.01,0.01,73943.15,1776235076000
1776235079.002,179.002,0.45,0.46,0.54,0.55,0.01,0.01,73941.96,1776235077000
1776235079.337,179.337,0.47,0.48,0.52,0.53,0.01,0.01,73941.96,1776235078000
1776235079.957,179.957,0.47,0.48,0.52,0.53,0.01,0.01,73941.96,1776235078000
1776235080.292,180.292,0.47,0.48,0.52,0.53,0.01,0.01,73941.96,1776235078000
1776235080.677,180.677,0.47,0.48,0.52,0.53,0.01,0.01,73941.84,1776235079000
1776235081.05,181.05,0.47,0.48,0.52,0.53,0.01,0.01,73942.82,1776235080000
1776235081.474,181.474,0.47,0.48,0.52,0.53,0.01,0.01,73942.82,1776235080000
1776235081.857,181.857,0.48,0.49,0.51,0.53,0.01,0.02,73942.82,1776235080000
1776235082.214,182.214,0.48,0.49,0.51,0.52,0.01,0.01,73943.29,1776235081000
1776235082.647,182.647,0.48,0.49,0.51,0.52,0.01,0.01,73943.29,1776235081000
1776235082.988,182.988,0.48,0.49,0.51,0.52,0.01,0.01,73943.29,1776235081000
1776235083.38,183.38,0.47,0.49,0.51,0.52,0.02,0.01,73943.29,1776235081000
1776235084.01,184.01,0.44,0.48,0.52,0.53,0.04,0.01,73944.58,1776235082000
1776235084.428,184.428,0.47,0.48,0.52,0.53,0.01,0.01,73943.1,1776235083000
1776235084.951,184.951,0.47,0.48,0.52,0.53,0.01,0.01,73943.1,1776235083000
1776235085.294,185.294,0.47,0.48,0.52,0.53,0.01,0.01,73943.1,1776235083000
1776235086.026,186.026,0.47,0.48,0.52,0.53,0.01,0.01,73943.91,1776235084000
1776235086.473,186.473,0.47,0.48,0.52,0.53,0.01,0.01,73943.87,1776235085000
1776235086.858,186.858,0.48,0.49,0.51,0.53,0.01,0.02,73943.87,1776235085000
1776235087.195,187.195,0.48,0.49,0.51,0.52,0.01,0.01,73943.87,1776235085000
1776235087.529,187.529,0.48,0.49,0.51,0.52,0.01,0.01,73943.72,1776235086000
1776235087.997,187.997,0.48,0.49,0.51,0.52,0.01,0.01,73943.72,1776235086000
1776235088.508,188.508,0.49,0.5,0.5,0.52,0.01,0.02,73943.61,1776235087000
1776235088.881,188.881,0.49,0.5,0.5,0.51,0.01,0.01,73943.61,1776235087000
1776235089.326,189.326,0.49,0.5,0.5,0.51,0.01,0.01,73943.61,1776235088000
1776235089.723,189.723,0.49,0.5,0.5,0.51,0.01,0.01,73943.61,1776235088000
1776235090.125,190.125,0.49,0.5,0.5,0.51,0.01,0.01,73945.81,1776235089000
1776235090.663,190.663,0.49,0.5,0.5,0.51,0.01,0.01,73945.81,1776235089000
1776235091.198,191.198,0.49,0.5,0.5,0.51,0.01,0.01,73945.83,1776235090000
1776235091.648,191.648,0.54,0.55,0.43,0.47,0.01,0.04,73945.83,1776235090000
1776235091.987,191.987,0.56,0.58,0.43,0.46,0.02,0.03,73945.83,1776235090000
1776235092.391,192.391,0.57,0.59,0.42,0.43,0.02,0.01,73946.08,1776235091000
1776235093.456,193.456,0.59,0.61,0.39,0.41,0.02,0.02,73946.85,1776235092000
1776235093.829,193.829,0.62,0.63,0.37,0.38,0.01,0.01,73946.85,1776235092000
1776235094.422,194.422,0.62,0.63,0.37,0.38,0.01,0.01,73951.01,1776235093000
1776235094.767,194.767,0.63,0.65,0.35,0.37,0.02,0.02,73951.01,1776235093000
1776235095.106,195.106,0.64,0.65,0.35,0.36,0.01,0.01,73953.34,1776235094000
1776235095.558,195.558,0.64,0.66,0.35,0.36,0.02,0.01,73953.34,1776235094000
1776235095.917,195.917,0.64,0.66,0.34,0.36,0.02,0.02,73956.05,1776235095000
1776235096.258,196.258,0.66,0.67,0.33,0.35,0.01,0.02,73956.05,1776235095000
1776235096.839,196.839,0.66,0.67,0.33,0.34,0.01,0.01,73956.05,1776235095000
1776235097.173,197.173,0.67,0.68,0.32,0.33,0.01,0.01,73956.19,1776235096000
1776235097.731,197.731,0.67,0.68,0.32,0.33,0.01,0.01,73956.19,1776235096000
1776235098.068,198.068,0.68,0.69,0.31,0.32,0.01,0.01,73956.19,1776235097000
1776235098.469,198.469,0.68,0.69,0.31,0.32,0.01,0.01,73956.19,1776235097000
1776235098.869,198.869,0.69,0.7,0.3,0.31,0.01,0.01,73956.19,1776235097000
1776235100.125,200.125,0.69,0.7,0.3,0.31,0.01,0.01,73957.64,1776235099000
1776235100.502,200.502,0.69,0.7,0.3,0.31,0.01,0.01,73957.64,1776235099000
1776235100.954,200.954,0.69,0.7,0.3,0.31,0.01,0.01,73957.64,1776235099000
1776235101.549,201.549,0.69,0.7,0.3,0.31,0.01,0.01,73958.12,1776235100000
1776235102.114,202.114,0.7,0.71,0.29,0.3,0.01,0.01,73958.12,1776235100000
1776235102.523,202.523,0.7,0.72,0.29,0.3,0.02,0.01,73958.73,1776235101000
1776235102.858,202.858,0.71,0.72,0.28,0.29,0.01,0.01,73958.73,1776235101000
1776235103.21,203.21,0.72,0.73,0.27,0.28,0.01,0.01,73958.73,1776235101000
1776235103.552,203.552,0.73,0.75,0.26,0.27,0.02,0.01,73959.1,1776235102000
1776235103.919,203.919,0.74,0.75,0.25,0.26,0.01,0.01,73959.1,1776235102000
1776235104.261,204.261,0.74,0.75,0.25,0.26,0.01,0.01,73959.4,1776235103000
1776235104.596,204.596,0.74,0.75,0.25,0.26,0.01,0.01,73959.4,1776235103000
1776235104.969,204.969,0.74,0.75,0.25,0.26,0.01,0.01,73959.4,1776235103000
1776235105.309,205.309,0.74,0.75,0.25,0.26,0.01,0.01,73967.69,1776235104000
1776235105.647,205.647,0.74,0.75,0.25,0.26,0.01,0.01,73967.69,1776235104000
1776235105.991,205.991,0.74,0.75,0.25,0.26,0.01,0.01,73967.69,1776235104000
1776235106.768,206.768,0.74,0.75,0.25,0.26,0.01,0.01,73969.81,1776235105000
1776235107.107,207.107,0.74,0.75,0.25,0.26,0.01,0.01,73969.81,1776235105000
1776235107.441,207.441,0.74,0.75,0.25,0.26,0.01,0.01,73970.24,1776235106000
1776235107.789,207.789,0.74,0.75,0.25,0.26,0.01,0.01,73970.24,1776235106000
1776235108.162,208.162,0.74,0.75,0.25,0.26,0.01,0.01,73970.24,1776235106000
1776235108.525,208.525,0.74,0.75,0.25,0.26,0.01,0.01,73970.78,1776235107000
1776235108.868,208.868,0.75,0.76,0.24,0.25,0.01,0.01,73970.78,1776235107000
1776235109.216,209.216,0.75,0.76,0.24,0.25,0.01,0.01,73970.79,1776235108000
1776235109.563,209.563,0.75,0.76,0.24,0.25,0.01,0.01,73970.79,1776235108000
1776235110.091,210.091,0.75,0.76,0.24,0.25,0.01,0.01,73970.79,1776235108000
1776235110.524,210.524,0.75,0.76,0.24,0.25,0.01,0.01,73972.38,1776235109000
1776235110.861,210.861,0.75,0.76,0.24,0.25,0.01,0.01,73972.38,1776235109000
1776235111.282,211.282,0.75,0.76,0.24,0.25,0.01,0.01,73973.93,1776235110000
1776235111.67,211.67,0.75,0.77,0.24,0.25,0.02,0.01,73973.93,1776235110000
1776235112.02,212.02,0.76,0.77,0.23,0.24,0.01,0.01,73973.93,1776235111000
1776235112.471,212.471,0.76,0.77,0.23,0.24,0.01,0.01,73973.93,1776235111000
1776235112.902,212.902,0.75,0.76,0.24,0.25,0.01,0.01,73973.93,1776235111000
1776235113.594,213.594,0.75,0.76,0.24,0.25,0.01,0.01,73973.93,1776235111000
1776235114.003,214.003,0.73,0.76,0.24,0.27,0.03,0.03,73973.93,1776235111000
1776235114.341,214.341,0.75,0.76,0.24,0.25,0.01,0.01,73973.93,1776235111000
1776235114.681,214.681,0.75,0.76,0.24,0.25,0.01,0.01,73973.93,1776235111000
1776235115.251,215.251,0.75,0.76,0.24,0.25,0.01,0.01,73973.93,1776235111000
1776235115.863,215.863,0.73,0.74,0.25,0.27,0.01,0.02,73973.84,1776235113000
1776235116.444,216.444,0.73,0.74,0.26,0.27,0.01,0.01,73973.64,1776235114000
1776235116.809,216.809,0.72,0.73,0.26,0.28,0.01,0.02,73973.64,1776235114000
1776235117.257,217.257,0.73,0.74,0.26,0.27,0.01,0.01,73973.52,1776235115000
1776235117.685,217.685,0.73,0.74,0.26,0.27,0.01,0.01,73973.46,1776235116000
1776235118.066,218.066,0.73,0.74,0.26,0.27,0.01,0.01,73973.46,1776235116000
1776235118.601,218.601,0.72,0.74,0.27,0.28,0.02,0.01,73972.77,1776235117000
1776235119.336,219.336,0.73,0.74,0.26,0.27,0.01,0.01,73972.77,1776235117000
1776235119.833,219.833,0.73,0.74,0.26,0.27,0.01,0.01,73972.8,1776235118000
1776235120.541,220.541,0.73,0.74,0.26,0.27,0.01,0.01,73972.34,1776235119000
1776235121.088,221.088,0.73,0.74,0.26,0.27,0.01,0.01,73972.34,1776235119000
1776235121.708,221.708,0.73,0.74,0.26,0.27,0.01,0.01,73973.49,1776235120000
1776235122.178,222.178,0.72,0.73,0.26,0.28,0.01,0.02,73973.49,1776235120000
1776235122.764,222.764,0.72,0.73,0.27,0.28,0.01,0.01,73972.45,1776235121000
1776235123.117,223.117,0.72,0.73,0.27,0.28,0.01,0.01,73971.35,1776235122000
1776235124.075,224.075,0.72,0.73,0.27,0.28,0.01,0.01,73971.35,1776235122000
1776235124.414,224.414,0.69,0.7,0.27,0.31,0.01,0.04,73970.58,1776235123000
1776235124.805,224.805,0.69,0.7,0.3,0.31,0.01,0.01,73970.58,1776235123000
1776235125.157,225.157,0.69,0.7,0.3,0.31,0.01,0.01,73970.58,1776235123000
1776235125.643,225.643,0.69,0.7,0.3,0.31,0.01,0.01,73969.69,1776235124000
1776235126.044,226.044,0.64,0.7,0.3,0.36,0.06,0.06,73969.68,1776235125000
1776235126.947,226.947,0.64,0.65,0.3,0.37,0.01,0.07,73969.68,1776235125000
1776235127.294,227.294,0.64,0.65,0.35,0.36,0.01,0.01,73968.17,1776235126000
1776235127.957,227.957,0.64,0.65,0.35,0.36,0.01,0.01,73968.17,1776235126000
1776235128.306,228.306,0.64,0.65,0.35,0.36,0.01,0.01,73969.52,1776235127000
1776235128.651,228.651,0.64,0.65,0.35,0.36,0.01,0.01,73969.52,1776235127000
1776235129.026,229.026,0.64,0.65,0.35,0.36,0.01,0.01,73969.52,1776235127000
1776235129.435,229.435,0.69,0.7,0.3,0.31,0.01,0.01,73969.7,1776235128000
1776235129.784,229.784,0.69,0.7,0.3,0.31,0.01,0.01,73969.7,1776235128000
1776235130.757,230.757,0.7,0.71,0.29,0.3,0.01,0.01,73969.7,1776235129000
1776235131.251,231.251,0.7,0.71,0.29,0.3,0.01,0.01,73969.7,1776235129000
1776235131.692,231.692,0.7,0.72,0.29,0.3,0.02,0.01,73971.74,1776235130000
1776235132.098,232.098,0.71,0.74,0.26,0.29,0.03,0.03,73971.74,1776235131000
1776235132.549,232.549,0.72,0.73,0.27,0.28,0.01,0.01,73971.74,1776235131000
1776235132.9,232.9,0.72,0.73,0.27,0.28,0.01,0.01,73971.74,1776235131000
1776235133.372,233.372,0.72,0.73,0.27,0.28,0.01,0.01,73971.73,1776235132000
1776235133.862,233.862,0.72,0.73,0.27,0.28,0.01,0.01,73971.73,1776235132000
1776235134.387,234.387,0.72,0.73,0.27,0.28,0.01,0.01,73971.78,1776235133000
1776235134.937,234.937,0.72,0.73,0.27,0.28,0.01,0.01,73971.78,1776235133000
1776235135.288,235.288,0.72,0.73,0.27,0.28,0.01,0.01,73972.31,1776235134000
1776235135.679,235.679,0.72,0.73,0.27,0.28,0.01,0.01,73972.31,1776235134000
1776235136.022,236.022,0.72,0.73,0.27,0.28,0.01,0.01,73972.31,1776235134000
1776235136.669,236.669,0.72,0.73,0.27,0.28,0.01,0.01,73971.77,1776235135000
1776235137.066,237.066,0.73,0.74,0.26,0.27,0.01,0.01,73970.98,1776235136000
1776235137.556,237.556,0.73,0.74,0.26,0.27,0.01,0.01,73970.98,1776235136000
1776235137.969,237.969,0.74,0.75,0.25,0.26,0.01,0.01,73970.98,1776235137000
1776235138.751,238.751,0.74,0.75,0.25,0.26,0.01,0.01,73970.98,1776235137000
1776235139.245,239.245,0.74,0.75,0.25,0.26,0.01,0.01,73970.98,1776235138000
1776235139.921,239.921,0.74,0.75,0.25,0.26,0.01,0.01,73972.18,1776235139000
1776235140.274,240.274,0.74,0.75,0.25,0.26,0.01,0.01,73972.18,1776235139000
1776235140.847,240.847,0.74,0.75,0.25,0.26,0.01,0.01,73972.18,1776235139000
1776235141.466,241.466,0.74,0.75,0.25,0.26,0.01,0.01,73973.58,1776235140000
1776235141.921,241.921,0.74,0.75,0.25,0.26,0.01,0.01,73974.07,1776235141000
1776235142.722,242.722,0.74,0.75,0.25,0.26,0.01,0.01,73974.07,1776235141000
1776235143.137,243.137,0.74,0.75,0.25,0.26,0.01,0.01,73974.48,1776235142000
1776235143.667,243.667,0.74,0.75,0.25,0.26,0.01,0.01,73974.48,1776235142000
1776235144.03,244.03,0.74,0.75,0.25,0.26,0.01,0.01,73974.48,1776235142000
1776235144.413,244.413,0.74,0.75,0.25,0.26,0.01,0.01,73974.48,1776235142000
1776235144.877,244.877,0.74,0.75,0.25,0.26,0.01,0.01,73975.14,1776235143000
1776235145.21,245.21,0.74,0.75,0.25,0.26,0.01,0.01,73975.4,1776235144000
1776235145.548,245.548,0.74,0.75,0.25,0.26,0.01,0.01,73975.4,1776235144000
1776235145.917,245.917,0.74,0.75,0.25,0.26,0.01,0.01,73975.4,1776235144000
1776235146.261,246.261,0.74,0.75,0.25,0.26,0.01,0.01,73975.4,1776235144000
1776235146.617,246.617,0.74,0.75,0.25,0.26,0.01,0.01,73986.72,1776235145000
1776235146.986,246.986,0.74,0.75,0.25,0.26,0.01,0.01,73988.18,1776235146000
1776235147.335,247.335,0.74,0.75,0.25,0.26,0.01,0.01,73988.18,1776235146000
1776235148.112,248.112,0.74,0.75,0.25,0.26,0.01,0.01,73988.18,1776235146000
1776235148.508,248.508,0.74,0.75,0.25,0.26,0.01,0.01,73988.05,1776235147000
1776235149.163,249.163,0.74,0.75,0.25,0.26,0.01,0.01,73988.05,1776235147000
1776235149.62,249.62,0.74,0.75,0.25,0.26,0.01,0.01,73988.63,1776235148000
1776235150.014,250.014,0.74,0.75,0.25,0.26,0.01,0.01,73988.63,1776235148000
1776235150.442,250.442,0.74,0.75,0.25,0.26,0.01,0.01,73989.69,1776235149000
1776235150.917,250.917,0.74,0.75,0.25,0.26,0.01,0.01,73989.69,1776235149000
1776235151.402,251.402,0.74,0.75,0.25,0.26,0.01,0.01,73998.32,1776235150000
1776235151.775,251.775,0.74,0.75,0.25,0.26,0.01,0.01,73998.32,1776235150000
1776235152.171,252.171,0.74,0.75,0.25,0.26,0.01,0.01,73998.32,1776235150000
1776235152.509,252.509,0.74,0.75,0.25,0.26,0.01,0.01,74001.89,1776235151000
1776235152.845,252.845,0.75,0.76,0.24,0.25,0.01,0.01,74001.89,1776235151000
1776235153.2,253.2,0.76,0.77,0.23,0.24,0.01,0.01,74001.89,1776235151000
1776235153.56,253.56,0.76,0.78,0.23,0.24,0.02,0.01,74002.29,1776235152000
1776235153.919,253.919,0.79,0.8,0.2,0.21,0.01,0.01,74002.29,1776235152000
1776235154.513,254.513,0.8,0.81,0.19,0.21,0.01,0.02,74002.5,1776235153000
1776235154.903,254.903,0.8,0.82,0.19,0.2,0.02,0.01,74002.5,1776235153000
1776235155.297,255.297,0.81,0.83,0.17,0.19,0.02,0.02,74005.66,1776235154000
1776235156.651,256.651,0.81,0.83,0.17,0.19,0.02,0.02,74006.29,1776235155000
1776235157.143,257.143,0.81,0.82,0.18,0.19,0.01,0.01,74007.1,1776235156000
1776235157.485,257.485,0.81,0.83,0.17,0.19,0.02,0.02,74007.1,1776235156000
1776235157.896,257.896,0.81,0.83,0.17,0.19,0.02,0.02,74007.1,1776235156000
1776235158.273,258.273,0.82,0.83,0.17,0.18,0.01,0.01,74007.1,1776235156000
1776235158.639,258.639,0.82,0.83,0.17,0.18,0.01,0.01,74007.04,1776235157000
1776235158.973,258.973,0.82,0.85,0.16,0.18,0.03,0.02,74007.04,1776235157000
1776235159.334,259.334,0.86,0.87,0.1,0.14,0.01,0.04,74007.04,1776235157000
1776235159.692,259.692,0.86,0.87,0.13,0.14,0.01,0.01,74007.04,1776235157000
1776235160.058,260.058,0.89,0.9,0.1,0.11,0.01,0.01,74007.04,1776235158000
1776235160.393,260.393,0.89,0.9,0.1,0.11,0.01,0.01,74007.61,1776235159000
1776235160.727,260.727,0.89,0.9,0.1,0.11,0.01,0.01,74007.61,1776235159000
1776235161.096,261.096,0.92,0.93,0.07,0.08,0.01,0.01,74007.61,1776235160000
1776235161.678,261.678,0.92,0.93,0.07,0.08,0.01,0.01,74007.61,1776235160000
1776235162.028,262.028,0.92,0.94,0.06,0.08,0.02,0.02,74007.67,1776235161000
1776235162.994,262.994,0.92,0.93,0.07,0.08,0.01,0.01,74007.91,1776235162000
1776235163.429,263.429,0.92,0.93,0.07,0.08,0.01,0.01,74007.91,1776235162000
1776235163.777,263.777,0.92,0.94,0.06,0.08,0.02,0.02,74007.91,1776235162000
1776235164.342,264.342,0.93,0.95,0.06,0.07,0.02,0.01,74009.27,1776235163000
1776235165.042,265.042,0.93,0.95,0.05,0.07,0.02,0.02,74009.27,1776235163000
1776235165.627,265.627,0.95,0.96,0.04,0.07,0.01,0.03,74017.18,1776235164000
1776235166.013,266.013,0.94,0.95,0.03,0.06,0.01,0.03,74017.18,1776235164000
1776235166.357,266.357,0.95,0.99,0.01,0.07,0.04,0.06,74017.18,1776235164000
1776235166.69,266.69,0.98,0.99,0.01,0.02,0.01,0.01,74020.6,1776235165000
1776235167.026,267.026,0.97,0.99,0.01,0.02,0.02,0.01,74020.6,1776235165000
1776235167.362,267.362,0.98,0.99,0.01,0.02,0.01,0.01,74020.6,1776235166000
1776235167.739,267.739,0.99,0.99,0.01,0.01,0.0,0.0,74020.6,1776235166000
1776235168.112,268.112,0.99,0.99,0.01,0.01,0.0,0.0,74020.6,1776235166000
1776235168.464,268.464,0.99,0.99,0.01,0.01,0.0,0.0,74020.59,1776235167000
1776235168.809,268.809,0.99,0.99,0.01,0.01,0.0,0.0,74020.59,1776235167000
1776235169.276,269.276,0.99,0.99,0.01,0.01,0.0,0.0,74020.59,1776235168000
1776235169.709,269.709,0.99,0.99,0.01,0.01,0.0,0.0,74020.59,1776235168000
1776235170.075,270.075,0.99,0.99,0.01,0.01,0.0,0.0,74018.29,1776235169000
1776235170.448,270.448,0.99,0.99,0.01,0.01,0.0,0.0,74018.29,1776235169000
1776235170.957,270.957,0.99,0.99,0.01,0.01,0.0,0.0,74018.29,1776235169000
1776235171.588,271.588,0.99,0.99,0.01,0.01,0.0,0.0,74014.88,1776235170000
1776235172.148,272.148,0.99,0.99,0.01,0.01,0.0,0.0,74014.88,1776235170000
1776235172.614,272.614,0.99,0.99,0.01,0.01,0.0,0.0,74017.41,1776235171000
1776235173.042,273.042,0.99,0.99,0.01,0.01,0.0,0.0,74017.41,1776235171000
1776235173.843,273.843,0.99,0.99,0.01,0.01,0.0,0.0,74017.41,1776235171000
1776235174.188,274.188,0.99,0.99,0.01,0.01,0.0,0.0,74017.08,1776235172000
1776235174.544,274.544,0.98,0.99,0.01,0.02,0.01,0.01,74017.08,1776235172000
1776235174.918,274.918,0.98,0.99,0.01,0.02,0.01,0.01,74017.08,1776235172000
1776235175.354,275.354,0.98,0.99,0.01,0.02,0.01,0.01,74016.34,1776235173000
1776235175.874,275.874,0.97,0.98,0.01,0.02,0.01,0.01,74016.34,1776235173000
1776235176.348,276.348,0.97,0.98,0.02,0.03,0.01,0.01,74015.97,1776235174000
1776235176.836,276.836,0.96,0.99,0.01,0.02,0.03,0.01,74015.97,1776235175000
1776235177.19,277.19,0.97,0.99,0.01,0.03,0.02,0.02,74015.97,1776235175000
1776235177.545,277.545,0.97,0.98,0.02,0.03,0.01,0.01,74013.62,1776235176000
1776235177.91,277.91,0.97,0.98,0.02,0.03,0.01,0.01,74013.62,1776235176000
1776235178.245,278.245,0.97,0.99,0.01,0.03,0.02,0.02,74013.62,1776235176000
1776235178.738,278.738,0.97,0.99,0.01,0.03,0.02,0.02,74013.62,1776235176000
1776235179.204,279.204,0.97,0.98,0.02,0.03,0.01,0.01,74011.47,1776235177000
1776235179.538,279.538,0.97,0.99,0.01,0.03,0.02,0.02,74011.47,1776235177000
1776235179.877,279.877,0.98,0.99,0.01,0.02,0.01,0.01,74011.47,1776235178000
1776235180.299,280.299,0.99,0.99,0.01,0.01,0.0,0.0,74012.16,1776235179000
1776235180.659,280.659,0.95,0.99,0.01,0.01,0.04,0.0,74012.16,1776235179000
1776235181.0,281.0,0.96,0.97,0.03,0.04,0.01,0.01,74012.16,1776235179000
1776235181.379,281.379,0.95,0.98,0.02,0.03,0.03,0.01,74012.16,1776235179000
1776235181.733,281.733,0.97,0.98,0.02,0.03,0.01,0.01,74012.68,1776235180000
1776235182.075,282.075,0.97,0.98,0.02,0.03,0.01,0.01,74012.68,1776235180000
1776235182.441,282.441,0.97,0.98,0.02,0.03,0.01,0.01,74012.68,1776235180000
1776235182.872,282.872,0.93,0.99,0.01,0.01,0.06,0.0,74012.64,1776235181000
1776235183.219,283.219,0.93,0.99,0.01,0.07,0.06,0.06,74012.63,1776235182000
1776235183.635,283.635,0.96,0.97,0.01,0.07,0.01,0.06,74012.63,1776235182000
1776235183.985,283.985,0.96,0.97,0.03,0.04,0.01,0.01,74012.63,1776235182000
1776235184.323,284.323,0.96,0.97,0.03,0.04,0.01,0.01,74012.63,1776235182000
1776235184.671,284.671,0.96,0.97,0.03,0.04,0.01,0.01,74012.63,1776235182000
1776235185.192,285.192,0.95,0.97,0.03,0.04,0.02,0.01,74012.1,1776235183000
1776235185.601,285.601,0.93,0.96,0.04,0.05,0.03,0.01,74011.43,1776235184000
1776235186.037,286.037,0.95,0.99,0.01,0.02,0.04,0.01,74011.43,1776235184000
1776235186.376,286.376,0.98,0.99,0.01,0.02,0.01,0.01,74011.43,1776235184000
1776235186.752,286.752,0.98,0.99,0.01,0.02,0.01,0.01,74010.44,1776235185000
1776235187.226,287.226,0.97,0.98,0.02,0.03,0.01,0.01,74010.44,1776235185000
1776235187.823,287.823,0.97,0.98,0.02,0.03,0.01,0.01,74010.44,1776235185000
1776235188.308,288.308,0.95,0.96,0.02,0.07,0.01,0.05,74001.3,1776235186000
1776235188.75,288.75,0.95,0.96,0.04,0.05,0.01,0.01,74001.3,1776235186000
1776235189.129,289.129,0.95,0.96,0.04,0.05,0.01,0.01,73999.97,1776235187000
1776235189.463,289.463,0.95,0.96,0.04,0.09,0.01,0.05,73999.97,1776235187000
1776235190.468,290.468,0.95,0.96,0.04,0.05,0.01,0.01,73998.66,1776235189000
1776235190.974,290.974,0.87,0.96,0.03,0.05,0.09,0.02,73998.66,1776235189000
1776235191.356,291.356,0.87,0.95,0.05,0.13,0.08,0.08,73998.9,1776235190000
1776235191.692,291.692,0.95,0.96,0.04,0.05,0.01,0.01,73998.9,1776235190000
1776235192.364,292.364,0.95,0.96,0.04,0.05,0.01,0.01,73998.9,1776235190000
1776235192.705,292.705,0.93,0.95,0.05,0.07,0.02,0.02,73999.31,1776235191000
1776235193.039,293.039,0.94,0.95,0.05,0.06,0.01,0.01,73999.31,1776235191000
1776235193.428,293.428,0.94,0.95,0.05,0.12,0.01,0.07,73999.31,1776235191000
1776235193.807,293.807,0.93,0.94,0.06,0.07,0.01,0.01,74001,1776235192000
1776235194.16,294.16,0.93,0.94,0.06,0.07,0.01,0.01,74000.95,1776235193000
1776235194.494,294.494,0.94,0.95,0.05,0.07,0.01,0.02,74000.95,1776235193000
1776235194.852,294.852,0.94,0.95,0.05,0.06,0.01,0.01,74000.95,1776235193000
1776235195.196,295.196,0.94,0.95,0.05,0.06,0.01,0.01,74000.95,1776235193000
1776235195.539,295.539,0.93,0.95,0.05,0.06,0.02,0.01,74001.06,1776235194000
1776235195.882,295.882,0.93,0.94,0.06,0.07,0.01,0.01,74001.06,1776235194000
1776235196.233,296.233,0.91,0.94,0.05,0.08,0.03,0.03,74001.06,1776235194000
1776235196.573,296.573,0.93,0.95,0.05,0.07,0.02,0.02,74000.76,1776235195000
1776235197.005,297.005,0.93,0.95,0.05,0.07,0.02,0.02,74000.76,1776235196000
1776235197.34,297.34,0.92,0.95,0.05,0.07,0.03,0.02,74000.76,1776235196000
1776235197.791,297.791,0.92,0.93,0.07,0.08,0.01,0.01,74000.76,1776235196000
1776235198.241,298.241,0.93,0.98,0.02,0.07,0.05,0.05,73999.06,1776235197000
1776235198.582,298.582,0.94,0.98,0.02,0.03,0.04,0.01,73999.06,1776235197000
1776235198.969,298.969,0.97,0.98,0.02,0.05,0.01,0.03,73999.06,1776235197000
1776235199.315,299.315,0.99,0.99,0.01,0.01,0.0,0.0,73998.98,1776235198000
1776235199.737,299.737,0.99,0.99,0.01,0.01,0.0,0.0,73998.98,1776235198000
1776235200.172,300.172,0.99,0.99,0.01,0.01,0.0,0.0,73998.98,1776235198000
1776235200.591,300.591,0.99,0.99,0.01,0.01,0.0,0.0,73998.71,1776235199000
1776235200.937,300.937,0.99,0.99,0.01,0.01,0.0,0.0,73998.71,1776235199000
1776235201.37,301.37,0.99,0.99,0.01,0.01,0.0,0.0,73998.56,1776235200000
1776235201.978,301.978,0.99,0.99,0.01,0.01,0.0,0.0,73998.67,1776235201000

# RESULT,winner=Up,slug=btc-updown-5m-1776234900,ticks=661
