timestamp,elapsed_sec,up_bid,up_ask,down_bid,down_ask,up_spread,down_spread,btc_price,btc_oracle_ts
1776899700.657,0.657,0.5,0.51,0.49,0.5,0.01,0.01,78587.05,1776899699000
1776899701.005,1.005,0.5,0.53,0.49,0.5,0.03,0.01,78587.05,1776899700000
1776899701.359,1.359,0.5,0.51,0.49,0.5,0.01,0.01,78587.05,1776899700000
1776899701.908,1.908,0.5,0.51,0.49,0.5,0.01,0.01,78587.02,1776899701000
1776899702.247,2.247,0.5,0.51,0.49,0.5,0.01,0.01,78587.02,1776899701000
1776899702.668,2.668,0.5,0.51,0.49,0.5,0.01,0.01,78587.02,1776899701000
1776899703.024,3.024,0.5,0.52,0.48,0.5,0.02,0.02,78587.02,1776899702000
1776899703.432,3.432,0.51,0.52,0.48,0.49,0.01,0.01,78587.02,1776899702000
1776899703.906,3.906,0.51,0.52,0.48,0.49,0.01,0.01,78587.02,1776899702000
1776899704.477,4.477,0.51,0.52,0.48,0.49,0.01,0.01,78587.02,1776899703000
1776899704.851,4.851,0.5,0.51,0.49,0.5,0.01,0.01,78587.02,1776899703000
1776899705.867,5.867,0.5,0.51,0.49,0.5,0.01,0.01,78587.02,1776899704000
1776899706.789,6.789,0.5,0.51,0.49,0.5,0.01,0.01,78587.02,1776899705000
1776899707.153,7.153,0.5,0.51,0.49,0.5,0.01,0.01,78587.0,1776899706000
1776899707.577,7.577,0.5,0.51,0.49,0.5,0.01,0.01,78587.0,1776899706000
1776899708.193,8.193,0.5,0.51,0.49,0.5,0.01,0.01,78587.0,1776899707000
1776899708.708,8.708,0.5,0.51,0.49,0.5,0.01,0.01,78587.0,1776899707000
1776899709.097,9.097,0.5,0.51,0.49,0.5,0.01,0.01,78587.0,1776899707000
1776899709.525,9.525,0.5,0.51,0.49,0.5,0.01,0.01,78587.0,1776899708000
1776899710.099,10.099,0.5,0.51,0.49,0.5,0.01,0.01,78587.0,1776899708000
1776899710.557,10.557,0.5,0.51,0.49,0.5,0.01,0.01,78587.01,1776899709000
1776899710.973,10.973,0.5,0.51,0.49,0.5,0.01,0.01,78587.01,1776899709000
1776899711.31,11.31,0.5,0.51,0.49,0.5,0.01,0.01,78586.99,1776899710000
1776899711.678,11.678,0.5,0.51,0.49,0.5,0.01,0.01,78586.99,1776899710000
1776899712.593,12.593,0.5,0.51,0.49,0.5,0.01,0.01,78586.99,1776899710000
1776899713.099,13.099,0.5,0.51,0.49,0.5,0.01,0.01,78586.99,1776899712000
1776899713.446,13.446,0.5,0.51,0.49,0.5,0.01,0.01,78586.99,1776899712000
1776899714.275,14.275,0.5,0.51,0.49,0.5,0.01,0.01,78586.99,1776899712000
1776899714.931,14.931,0.5,0.51,0.49,0.5,0.01,0.01,78586.86,1776899714000
1776899715.441,15.441,0.5,0.51,0.49,0.5,0.01,0.01,78586.86,1776899714000
1776899715.941,15.941,0.5,0.51,0.49,0.5,0.01,0.01,78586.86,1776899714000
1776899716.735,16.735,0.5,0.51,0.49,0.5,0.01,0.01,78587.58,1776899715000
1776899717.28,17.28,0.5,0.51,0.49,0.5,0.01,0.01,78588.08,1776899716000
1776899717.75,17.75,0.5,0.51,0.49,0.5,0.01,0.01,78588.08,1776899716000
1776899718.101,18.101,0.6,0.62,0.39,0.41,0.02,0.02,78588.08,1776899716000
1776899718.449,18.449,0.55,0.61,0.38,0.45,0.06,0.07,78588.38,1776899717000
1776899718.789,18.789,0.52,0.56,0.44,0.48,0.04,0.04,78588.38,1776899717000
1776899719.132,19.132,0.46,0.47,0.53,0.54,0.01,0.01,78590.05,1776899718000
1776899719.479,19.479,0.43,0.47,0.53,0.57,0.04,0.04,78590.05,1776899718000
1776899719.881,19.881,0.44,0.46,0.54,0.56,0.02,0.02,78590.05,1776899718000
1776899720.247,20.247,0.45,0.46,0.54,0.55,0.01,0.01,78590.25,1776899719000
1776899720.691,20.691,0.45,0.46,0.54,0.55,0.01,0.01,78590.25,1776899719000
1776899721.166,21.166,0.45,0.46,0.54,0.55,0.01,0.01,78586.96,1776899720000
1776899721.668,21.668,0.45,0.46,0.54,0.55,0.01,0.01,78586.96,1776899720000
1776899722.121,22.121,0.45,0.46,0.54,0.55,0.01,0.01,78586.96,1776899720000
1776899722.496,22.496,0.45,0.46,0.54,0.55,0.01,0.01,78582.34,1776899721000
1776899722.829,22.829,0.45,0.46,0.54,0.55,0.01,0.01,78582.34,1776899721000
1776899723.287,23.287,0.45,0.46,0.54,0.55,0.01,0.01,78582.34,1776899721000
1776899723.642,23.642,0.45,0.46,0.54,0.55,0.01,0.01,78583.12,1776899722000
1776899724.058,24.058,0.45,0.46,0.54,0.55,0.01,0.01,78581.88,1776899723000
1776899724.844,24.844,0.44,0.45,0.55,0.56,0.01,0.01,78581.88,1776899723000
1776899725.388,25.388,0.44,0.45,0.55,0.56,0.01,0.01,78581.84,1776899724000
1776899725.778,25.778,0.44,0.45,0.55,0.56,0.01,0.01,78581.84,1776899724000
1776899726.161,26.161,0.44,0.45,0.55,0.56,0.01,0.01,78581.84,1776899724000
1776899726.5,26.5,0.44,0.45,0.55,0.56,0.01,0.01,78581.81,1776899725000
1776899726.983,26.983,0.44,0.45,0.55,0.56,0.01,0.01,78581.81,1776899725000
1776899727.371,27.371,0.44,0.45,0.55,0.56,0.01,0.01,78581.81,1776899726000
1776899727.716,27.716,0.44,0.45,0.55,0.56,0.01,0.01,78581.81,1776899726000
1776899728.206,28.206,0.44,0.46,0.55,0.56,0.02,0.01,78581.81,1776899726000
1776899728.594,28.594,0.45,0.46,0.54,0.55,0.01,0.01,78581.82,1776899727000
1776899729.049,29.049,0.45,0.46,0.54,0.55,0.01,0.01,78581.74,1776899728000
1776899730.203,30.203,0.45,0.46,0.54,0.55,0.01,0.01,78581.75,1776899729000
1776899730.967,30.967,0.45,0.46,0.54,0.55,0.01,0.01,78581.75,1776899729000
1776899731.328,31.328,0.45,0.46,0.54,0.55,0.01,0.01,78582.36,1776899730000
1776899731.703,31.703,0.45,0.46,0.54,0.55,0.01,0.01,78582.36,1776899730000
1776899732.375,32.375,0.45,0.46,0.54,0.55,0.01,0.01,78582.4,1776899731000
1776899732.944,32.944,0.45,0.46,0.54,0.55,0.01,0.01,78582.4,1776899731000
1776899733.291,33.291,0.42,0.43,0.57,0.58,0.01,0.01,78582.23,1776899732000
1776899733.643,33.643,0.42,0.43,0.57,0.58,0.01,0.01,78582.23,1776899732000
1776899733.995,33.995,0.42,0.43,0.57,0.58,0.01,0.01,78582.23,1776899732000
1776899734.379,34.379,0.42,0.43,0.57,0.59,0.01,0.02,78580.26,1776899733000
1776899734.744,34.744,0.42,0.43,0.57,0.58,0.01,0.01,78580.26,1776899733000
1776899735.261,35.261,0.41,0.42,0.57,0.59,0.01,0.02,78580.26,1776899733000
1776899735.868,35.868,0.41,0.42,0.58,0.59,0.01,0.01,78579.66,1776899734000
1776899736.21,36.21,0.41,0.42,0.58,0.59,0.01,0.01,78579.67,1776899735000
1776899736.61,36.61,0.41,0.42,0.58,0.59,0.01,0.01,78579.67,1776899735000
1776899736.991,36.991,0.41,0.42,0.58,0.59,0.01,0.01,78579.67,1776899735000
1776899737.607,37.607,0.41,0.42,0.58,0.59,0.01,0.01,78579.67,1776899736000
1776899738.089,38.089,0.41,0.42,0.58,0.59,0.01,0.01,78579.67,1776899736000
1776899738.508,38.508,0.41,0.42,0.58,0.59,0.01,0.01,78577.66,1776899737000
1776899738.941,38.941,0.41,0.42,0.58,0.59,0.01,0.01,78577.66,1776899737000
1776899739.276,39.276,0.44,0.45,0.55,0.56,0.01,0.01,78577.66,1776899737000
1776899739.694,39.694,0.52,0.53,0.48,0.49,0.01,0.01,78577.66,1776899738000
1776899740.045,40.045,0.52,0.53,0.47,0.48,0.01,0.01,78577.34,1776899739000
1776899740.453,40.453,0.52,0.53,0.47,0.48,0.01,0.01,78577.34,1776899739000
1776899740.944,40.944,0.52,0.53,0.47,0.48,0.01,0.01,78577.34,1776899739000
1776899741.418,41.418,0.52,0.53,0.47,0.48,0.01,0.01,78579.98,1776899740000
1776899741.759,41.759,0.52,0.53,0.47,0.48,0.01,0.01,78579.98,1776899740000
1776899742.369,42.369,0.52,0.53,0.47,0.48,0.01,0.01,78587.4,1776899741000
1776899742.787,42.787,0.53,0.55,0.45,0.47,0.02,0.02,78587.4,1776899741000
1776899743.136,43.136,0.57,0.59,0.42,0.43,0.02,0.01,78587.4,1776899741000
1776899743.572,43.572,0.6,0.65,0.37,0.41,0.05,0.04,78588.09,1776899742000
1776899743.984,43.984,0.61,0.62,0.38,0.39,0.01,0.01,78588.09,1776899742000
1776899744.52,44.52,0.63,0.64,0.36,0.38,0.01,0.02,78588.79,1776899743000
1776899744.883,44.883,0.63,0.64,0.36,0.37,0.01,0.01,78588.79,1776899743000
1776899745.407,45.407,0.63,0.64,0.36,0.37,0.01,0.01,78597.09,1776899744000
1776899745.751,45.751,0.63,0.64,0.36,0.37,0.01,0.01,78597.09,1776899744000
1776899746.17,46.17,0.62,0.63,0.37,0.38,0.01,0.01,78597.09,1776899744000
1776899746.552,46.552,0.62,0.63,0.37,0.38,0.01,0.01,78600.21,1776899745000
1776899746.902,46.902,0.61,0.63,0.37,0.38,0.02,0.01,78600.21,1776899745000
1776899747.277,47.277,0.61,0.62,0.38,0.39,0.01,0.01,78600.16,1776899746000
1776899747.853,47.853,0.58,0.61,0.38,0.4,0.03,0.02,78600.16,1776899746000
1776899748.201,48.201,0.56,0.57,0.43,0.44,0.01,0.01,78600.83,1776899747000
1776899748.594,48.594,0.54,0.57,0.43,0.46,0.03,0.03,78600.83,1776899747000
1776899749.0,49.0,0.54,0.57,0.43,0.46,0.03,0.03,78600.12,1776899748000
1776899749.391,49.391,0.55,0.57,0.43,0.44,0.02,0.01,78600.12,1776899748000
1776899750.028,50.028,0.55,0.57,0.43,0.44,0.02,0.01,78598.76,1776899749000
1776899750.583,50.583,0.56,0.57,0.43,0.44,0.01,0.01,78598.76,1776899749000
1776899750.923,50.923,0.57,0.59,0.41,0.43,0.02,0.02,78598.17,1776899750000
1776899751.309,51.309,0.57,0.58,0.42,0.44,0.01,0.02,78598.17,1776899750000
1776899751.862,51.862,0.57,0.58,0.42,0.43,0.01,0.01,78598.17,1776899751000
1776899752.256,52.256,0.57,0.58,0.42,0.43,0.01,0.01,78598.17,1776899751000
1776899752.611,52.611,0.58,0.59,0.41,0.42,0.01,0.01,78598.17,1776899751000
1776899753.0,53.0,0.58,0.59,0.41,0.42,0.01,0.01,78598.93,1776899752000
1776899753.416,53.416,0.58,0.59,0.41,0.42,0.01,0.01,78598.93,1776899752000
1776899753.874,53.874,0.58,0.59,0.41,0.42,0.01,0.01,78598.93,1776899753000
1776899754.212,54.212,0.58,0.59,0.41,0.42,0.01,0.01,78598.93,1776899753000
1776899755.211,55.211,0.58,0.59,0.41,0.42,0.01,0.01,78598.93,1776899753000
1776899755.605,55.605,0.58,0.59,0.41,0.42,0.01,0.01,78598.93,1776899753000
1776899756.233,56.233,0.58,0.59,0.41,0.42,0.01,0.01,78598.93,1776899753000
1776899756.751,56.751,0.58,0.59,0.41,0.42,0.01,0.01,78598.97,1776899755000
1776899757.174,57.174,0.58,0.59,0.41,0.42,0.01,0.01,78598.97,1776899755000
1776899757.554,57.554,0.58,0.59,0.41,0.42,0.01,0.01,78598.83,1776899756000
1776899758.243,58.243,0.58,0.61,0.39,0.42,0.03,0.03,78598.1,1776899757000
1776899759.217,59.217,0.62,0.63,0.39,0.42,0.01,0.03,78598.1,1776899757000
1776899759.612,59.612,0.65,0.66,0.34,0.36,0.01,0.02,78598.21,1776899758000
1776899759.959,59.959,0.65,0.68,0.32,0.35,0.03,0.03,78598.21,1776899758000
1776899760.381,60.381,0.68,0.69,0.31,0.32,0.01,0.01,78600.12,1776899759000
1776899760.77,60.77,0.68,0.69,0.31,0.32,0.01,0.01,78600.12,1776899759000
1776899761.137,61.137,0.68,0.69,0.31,0.32,0.01,0.01,78606.58,1776899760000
1776899761.682,61.682,0.67,0.69,0.31,0.33,0.02,0.02,78606.58,1776899760000
1776899762.045,62.045,0.64,0.67,0.33,0.36,0.03,0.03,78606.58,1776899760000
1776899762.55,62.55,0.59,0.6,0.38,0.41,0.01,0.03,78606.89,1776899761000
1776899763.07,63.07,0.59,0.6,0.4,0.41,0.01,0.01,78606.89,1776899761000
1776899763.493,63.493,0.59,0.6,0.4,0.41,0.01,0.01,78602.22,1776899762000
1776899763.85,63.85,0.59,0.6,0.4,0.41,0.01,0.01,78602.22,1776899762000
1776899764.209,64.209,0.59,0.6,0.4,0.41,0.01,0.01,78602.22,1776899762000
1776899765.048,65.048,0.59,0.6,0.4,0.41,0.01,0.01,78599.46,1776899763000
1776899765.385,65.385,0.59,0.6,0.4,0.41,0.01,0.01,78599.49,1776899764000
1776899765.772,65.772,0.59,0.61,0.4,0.41,0.02,0.01,78599.49,1776899764000
1776899766.2,66.2,0.6,0.61,0.39,0.4,0.01,0.01,78599.49,1776899765000
1776899766.872,66.872,0.6,0.61,0.39,0.4,0.01,0.01,78599.5,1776899766000
1776899767.475,67.475,0.6,0.61,0.39,0.4,0.01,0.01,78599.5,1776899766000
1776899767.808,67.808,0.6,0.61,0.39,0.4,0.01,0.01,78599.5,1776899766000
1776899768.29,68.29,0.6,0.61,0.39,0.4,0.01,0.01,78599.46,1776899767000
1776899768.965,68.965,0.6,0.61,0.39,0.4,0.01,0.01,78599.46,1776899768000
1776899769.875,69.875,0.6,0.61,0.39,0.4,0.01,0.01,78599.46,1776899768000
1776899770.343,70.343,0.6,0.61,0.39,0.4,0.01,0.01,78599.46,1776899768000
1776899770.932,70.932,0.6,0.61,0.39,0.4,0.01,0.01,78600.05,1776899769000
1776899771.504,71.504,0.6,0.61,0.39,0.4,0.01,0.01,78600.05,1776899770000
1776899771.929,71.929,0.6,0.61,0.39,0.4,0.01,0.01,78600.05,1776899770000
1776899772.88,72.88,0.6,0.61,0.39,0.4,0.01,0.01,78600.05,1776899770000
1776899773.306,73.306,0.6,0.61,0.39,0.4,0.01,0.01,78600.05,1776899771000
1776899773.881,73.881,0.6,0.61,0.39,0.4,0.01,0.01,78600.05,1776899772000
1776899774.44,74.44,0.6,0.61,0.39,0.4,0.01,0.01,78600.05,1776899772000
1776899774.913,74.913,0.6,0.61,0.39,0.4,0.01,0.01,78600.05,1776899773000
1776899775.282,75.282,0.6,0.62,0.39,0.4,0.02,0.01,78600.05,1776899773000
1776899776.039,76.039,0.61,0.62,0.38,0.39,0.01,0.01,78600.05,1776899774000
1776899776.693,76.693,0.61,0.62,0.38,0.39,0.01,0.01,78600.04,1776899775000
1776899777.441,77.441,0.61,0.62,0.38,0.39,0.01,0.01,78600.04,1776899775000
1776899777.806,77.806,0.61,0.62,0.38,0.39,0.01,0.01,78599.82,1776899776000
1776899778.263,78.263,0.61,0.62,0.38,0.39,0.01,0.01,78599.82,1776899777000
1776899778.818,78.818,0.6,0.62,0.38,0.39,0.02,0.01,78599.82,1776899777000
1776899779.56,79.56,0.6,0.61,0.38,0.4,0.01,0.02,78599.82,1776899777000
1776899780.001,80.001,0.6,0.61,0.39,0.4,0.01,0.01,78599.79,1776899778000
1776899780.661,80.661,0.6,0.61,0.39,0.4,0.01,0.01,78599.79,1776899779000
1776899781.129,81.129,0.6,0.61,0.39,0.4,0.01,0.01,78599.79,1776899779000
1776899781.551,81.551,0.6,0.61,0.39,0.4,0.01,0.01,78599.79,1776899779000
1776899781.896,81.896,0.6,0.61,0.39,0.4,0.01,0.01,78599.1,1776899780000
1776899782.355,82.355,0.6,0.61,0.39,0.4,0.01,0.01,78599.1,1776899780000
1776899782.841,82.841,0.6,0.61,0.39,0.4,0.01,0.01,78598.47,1776899781000
1776899783.327,83.327,0.6,0.61,0.39,0.4,0.01,0.01,78598.54,1776899782000
1776899784.199,84.199,0.6,0.61,0.39,0.4,0.01,0.01,78598.54,1776899782000
1776899784.532,84.532,0.6,0.61,0.39,0.4,0.01,0.01,78598.54,1776899782000
1776899785.257,85.257,0.6,0.61,0.39,0.4,0.01,0.01,78598.53,1776899784000
1776899786.772,86.772,0.6,0.61,0.39,0.4,0.01,0.01,78598.9,1776899785000
1776899787.424,87.424,0.6,0.61,0.39,0.4,0.01,0.01,78597.92,1776899786000
1776899787.773,87.773,0.59,0.6,0.4,0.41,0.01,0.01,78597.92,1776899786000
1776899788.15,88.15,0.5,0.53,0.44,0.52,0.03,0.08,78597.92,1776899786000
1776899788.649,88.649,0.47,0.5,0.49,0.51,0.03,0.02,78592.35,1776899787000
1776899789.035,89.035,0.48,0.49,0.51,0.52,0.01,0.01,78592.35,1776899787000
1776899789.44,89.44,0.48,0.49,0.51,0.52,0.01,0.01,78587.34,1776899788000
1776899789.868,89.868,0.48,0.49,0.51,0.52,0.01,0.01,78587.34,1776899788000
1776899790.318,90.318,0.48,0.49,0.51,0.52,0.01,0.01,78587.34,1776899788000
1776899790.724,90.724,0.48,0.49,0.51,0.52,0.01,0.01,78587.34,1776899788000
1776899791.198,91.198,0.48,0.49,0.51,0.52,0.01,0.01,78588.27,1776899790000
1776899791.608,91.608,0.48,0.49,0.51,0.52,0.01,0.01,78588.27,1776899790000
1776899792.042,92.042,0.48,0.49,0.51,0.52,0.01,0.01,78588.27,1776899790000
1776899792.452,92.452,0.47,0.48,0.51,0.53,0.01,0.02,78588.27,1776899790000
1776899792.856,92.856,0.47,0.48,0.52,0.53,0.01,0.01,78588.05,1776899791000
1776899793.46,93.46,0.47,0.48,0.52,0.53,0.01,0.01,78588.34,1776899792000
1776899794.031,94.031,0.47,0.48,0.52,0.53,0.01,0.01,78588.34,1776899792000
1776899794.497,94.497,0.47,0.48,0.52,0.53,0.01,0.01,78587.69,1776899793000
1776899795.079,95.079,0.47,0.48,0.52,0.53,0.01,0.01,78587.69,1776899793000
1776899795.477,95.477,0.47,0.48,0.52,0.53,0.01,0.01,78587.69,1776899793000
1776899795.849,95.849,0.47,0.48,0.52,0.53,0.01,0.01,78588.11,1776899794000
1776899796.325,96.325,0.47,0.48,0.52,0.53,0.01,0.01,78588.11,1776899795000
1776899796.659,96.659,0.47,0.48,0.52,0.53,0.01,0.01,78588.11,1776899795000
1776899797.128,97.128,0.47,0.48,0.52,0.53,0.01,0.01,78588.11,1776899795000
1776899797.55,97.55,0.47,0.48,0.52,0.53,0.01,0.01,78588.05,1776899796000
1776899797.993,97.993,0.47,0.48,0.52,0.53,0.01,0.01,78588.05,1776899796000
1776899798.327,98.327,0.48,0.49,0.51,0.52,0.01,0.01,78588.05,1776899796000
1776899798.751,98.751,0.48,0.49,0.51,0.52,0.01,0.01,78587.86,1776899797000
1776899799.146,99.146,0.48,0.49,0.51,0.52,0.01,0.01,78587.86,1776899797000
1776899799.793,99.793,0.48,0.49,0.51,0.52,0.01,0.01,78587.81,1776899798000
1776899800.179,100.179,0.48,0.49,0.51,0.52,0.01,0.01,78587.81,1776899799000
1776899800.613,100.613,0.48,0.49,0.51,0.52,0.01,0.01,78587.81,1776899799000
1776899801.035,101.035,0.48,0.49,0.51,0.52,0.01,0.01,78587.81,1776899799000
1776899801.562,101.562,0.48,0.49,0.51,0.52,0.01,0.01,78587.81,1776899799000
1776899802.015,102.015,0.49,0.5,0.5,0.52,0.01,0.02,78586.82,1776899800000
1776899802.358,102.358,0.49,0.5,0.5,0.51,0.01,0.01,78586.83,1776899801000
1776899803.065,103.065,0.49,0.5,0.5,0.51,0.01,0.01,78586.83,1776899802000
1776899803.584,103.584,0.49,0.5,0.5,0.51,0.01,0.01,78586.83,1776899802000
1776899804.01,104.01,0.49,0.5,0.5,0.51,0.01,0.01,78586.83,1776899802000
1776899804.601,104.601,0.49,0.5,0.5,0.51,0.01,0.01,78586.86,1776899803000
1776899805.407,105.407,0.49,0.5,0.5,0.51,0.01,0.01,78586.83,1776899804000
1776899805.931,105.931,0.49,0.5,0.5,0.51,0.01,0.01,78586.83,1776899804000
1776899806.35,106.35,0.49,0.5,0.5,0.51,0.01,0.01,78586.84,1776899805000
1776899807.242,107.242,0.49,0.5,0.5,0.51,0.01,0.01,78586.84,1776899805000
1776899807.605,107.605,0.49,0.5,0.5,0.51,0.01,0.01,78586.95,1776899806000
1776899808.87,108.87,0.49,0.5,0.5,0.51,0.01,0.01,78586.95,1776899806000
1776899809.242,109.242,0.49,0.5,0.5,0.51,0.01,0.01,78586.84,1776899807000
1776899810.104,110.104,0.49,0.5,0.5,0.51,0.01,0.01,78587.22,1776899809000
1776899811.237,111.237,0.49,0.5,0.5,0.51,0.01,0.01,78587.2,1776899810000
1776899811.619,111.619,0.49,0.5,0.5,0.51,0.01,0.01,78587.2,1776899810000
1776899812.36,112.36,0.49,0.5,0.5,0.51,0.01,0.01,78587.2,1776899810000
1776899813.088,113.088,0.49,0.51,0.49,0.51,0.02,0.02,78587.09,1776899812000
1776899814.031,114.031,0.49,0.5,0.49,0.51,0.01,0.02,78587.09,1776899812000
1776899814.708,114.708,0.49,0.5,0.5,0.51,0.01,0.01,78587.0,1776899813000
1776899815.467,115.467,0.49,0.5,0.5,0.51,0.01,0.01,78586.97,1776899814000
1776899815.858,115.858,0.49,0.5,0.5,0.51,0.01,0.01,78586.97,1776899814000
1776899816.629,116.629,0.49,0.5,0.5,0.51,0.01,0.01,78586.97,1776899815000
1776899817.213,117.213,0.49,0.5,0.5,0.51,0.01,0.01,78587.04,1776899816000
1776899817.648,117.648,0.49,0.5,0.5,0.51,0.01,0.01,78587.04,1776899816000
1776899818.363,118.363,0.49,0.5,0.5,0.51,0.01,0.01,78587.03,1776899817000
1776899818.748,118.748,0.49,0.5,0.5,0.51,0.01,0.01,78587.03,1776899817000
1776899820.113,120.113,0.49,0.5,0.5,0.51,0.01,0.01,78587.15,1776899819000
1776899820.581,120.581,0.5,0.51,0.49,0.5,0.01,0.01,78587.15,1776899819000
1776899821.173,121.173,0.51,0.52,0.48,0.49,0.01,0.01,78587.15,1776899819000
1776899821.716,121.716,0.51,0.52,0.48,0.49,0.01,0.01,78587.31,1776899820000
1776899822.097,122.097,0.51,0.52,0.48,0.49,0.01,0.01,78587.31,1776899820000
1776899822.667,122.667,0.51,0.52,0.48,0.49,0.01,0.01,78587.46,1776899821000
1776899823.059,123.059,0.51,0.52,0.48,0.49,0.01,0.01,78587.46,1776899821000
1776899823.567,123.567,0.51,0.52,0.48,0.49,0.01,0.01,78587.81,1776899822000
1776899824.019,124.019,0.51,0.52,0.48,0.49,0.01,0.01,78588.59,1776899823000
1776899824.712,124.712,0.51,0.52,0.48,0.49,0.01,0.01,78588.59,1776899823000
1776899825.07,125.07,0.51,0.52,0.48,0.49,0.01,0.01,78588.59,1776899823000
1776899825.592,125.592,0.51,0.52,0.48,0.49,0.01,0.01,78588.51,1776899824000
1776899826.027,126.027,0.5,0.51,0.48,0.49,0.01,0.01,78588.51,1776899824000
1776899826.371,126.371,0.4,0.44,0.56,0.6,0.04,0.04,78588.13,1776899825000
1776899826.704,126.704,0.4,0.41,0.58,0.6,0.01,0.02,78588.13,1776899825000
1776899827.051,127.051,0.35,0.41,0.59,0.65,0.06,0.06,78588.13,1776899825000
1776899827.407,127.407,0.35,0.36,0.62,0.65,0.01,0.03,78588.13,1776899826000
1776899827.742,127.742,0.35,0.36,0.64,0.65,0.01,0.01,78588.13,1776899826000
1776899828.085,128.085,0.34,0.36,0.64,0.66,0.02,0.02,78588.13,1776899826000
1776899828.476,128.476,0.34,0.35,0.65,0.66,0.01,0.01,78588.13,1776899826000
1776899828.824,128.824,0.34,0.35,0.65,0.66,0.01,0.01,78576.53,1776899827000
1776899829.174,129.174,0.34,0.35,0.65,0.66,0.01,0.01,78574.13,1776899828000
1776899829.532,129.532,0.34,0.35,0.65,0.66,0.01,0.01,78574.13,1776899828000
1776899830.081,130.081,0.34,0.35,0.65,0.66,0.01,0.01,78574.13,1776899828000
1776899830.542,130.542,0.34,0.36,0.64,0.66,0.02,0.02,78574.13,1776899828000
1776899830.939,130.939,0.34,0.35,0.65,0.66,0.01,0.01,78572.41,1776899829000
1776899831.321,131.321,0.34,0.35,0.65,0.66,0.01,0.01,78572.45,1776899830000
1776899831.912,131.912,0.34,0.35,0.65,0.66,0.01,0.01,78572.45,1776899830000
1776899832.341,132.341,0.34,0.35,0.65,0.66,0.01,0.01,78572.82,1776899831000
1776899832.776,132.776,0.34,0.35,0.65,0.66,0.01,0.01,78572.82,1776899831000
1776899833.143,133.143,0.34,0.35,0.65,0.66,0.01,0.01,78572.82,1776899831000
1776899833.616,133.616,0.34,0.35,0.65,0.66,0.01,0.01,78572.95,1776899832000
1776899834.014,134.014,0.34,0.35,0.65,0.66,0.01,0.01,78572.95,1776899832000
1776899834.357,134.357,0.34,0.35,0.65,0.66,0.01,0.01,78573.2,1776899833000
1776899835.037,135.037,0.34,0.35,0.65,0.66,0.01,0.01,78580.4,1776899834000
1776899835.671,135.671,0.34,0.35,0.65,0.66,0.01,0.01,78580.4,1776899834000
1776899836.004,136.004,0.34,0.41,0.59,0.66,0.07,0.07,78580.4,1776899834000
1776899836.549,136.549,0.45,0.46,0.54,0.55,0.01,0.01,78583.62,1776899835000
1776899837.151,137.151,0.45,0.48,0.52,0.55,0.03,0.03,78583.62,1776899835000
1776899837.491,137.491,0.45,0.47,0.5,0.55,0.02,0.05,78583.76,1776899836000
1776899837.846,137.846,0.46,0.47,0.53,0.54,0.01,0.01,78583.76,1776899836000
1776899838.204,138.204,0.49,0.51,0.5,0.51,0.02,0.01,78583.76,1776899836000
1776899838.564,138.564,0.5,0.53,0.47,0.5,0.03,0.03,78583.76,1776899836000
1776899838.95,138.95,0.5,0.53,0.47,0.5,0.03,0.03,78583.76,1776899836000
1776899839.372,139.372,0.52,0.53,0.47,0.48,0.01,0.01,78584.91,1776899838000
1776899840.1,140.1,0.52,0.53,0.47,0.48,0.01,0.01,78584.91,1776899839000
1776899840.451,140.451,0.52,0.53,0.47,0.48,0.01,0.01,78584.91,1776899839000
1776899841.061,141.061,0.52,0.54,0.46,0.48,0.02,0.02,78585.23,1776899840000
1776899842.075,142.075,0.52,0.54,0.46,0.48,0.02,0.02,78585.89,1776899841000
1776899842.496,142.496,0.52,0.55,0.45,0.48,0.03,0.03,78585.89,1776899841000
1776899842.972,142.972,0.52,0.54,0.45,0.48,0.02,0.03,78585.89,1776899841000
1776899843.331,143.331,0.52,0.54,0.46,0.48,0.02,0.02,78585.87,1776899842000
1776899843.732,143.732,0.53,0.54,0.46,0.47,0.01,0.01,78585.87,1776899842000
1776899844.239,144.239,0.53,0.54,0.46,0.47,0.01,0.01,78585.87,1776899843000
1776899844.584,144.584,0.53,0.54,0.46,0.47,0.01,0.01,78585.87,1776899843000
1776899844.925,144.925,0.53,0.54,0.46,0.47,0.01,0.01,78585.87,1776899843000
1776899845.269,145.269,0.53,0.54,0.46,0.47,0.01,0.01,78585.89,1776899844000
1776899845.671,145.671,0.53,0.54,0.46,0.47,0.01,0.01,78585.89,1776899844000
1776899846.337,146.337,0.53,0.54,0.46,0.47,0.01,0.01,78585.89,1776899844000
1776899846.802,146.802,0.53,0.54,0.46,0.47,0.01,0.01,78585.87,1776899845000
1776899847.308,147.308,0.53,0.54,0.46,0.47,0.01,0.01,78585.86,1776899846000
1776899847.663,147.663,0.53,0.54,0.46,0.47,0.01,0.01,78585.86,1776899846000
1776899848.04,148.04,0.53,0.54,0.46,0.47,0.01,0.01,78586.1,1776899847000
1776899848.617,148.617,0.53,0.54,0.46,0.47,0.01,0.01,78586.1,1776899847000
1776899849.066,149.066,0.53,0.54,0.46,0.47,0.01,0.01,78586.07,1776899848000
1776899849.628,149.628,0.53,0.54,0.46,0.47,0.01,0.01,78586.07,1776899848000
1776899850.277,150.277,0.53,0.54,0.46,0.47,0.01,0.01,78586.08,1776899849000
1776899851.206,151.206,0.53,0.54,0.46,0.47,0.01,0.01,78586.08,1776899850000
1776899851.593,151.593,0.53,0.54,0.46,0.47,0.01,0.01,78586.08,1776899850000
1776899851.952,151.952,0.53,0.54,0.46,0.47,0.01,0.01,78586.08,1776899850000
1776899852.374,152.374,0.53,0.54,0.46,0.47,0.01,0.01,78586.1,1776899851000
1776899853.087,153.087,0.53,0.54,0.46,0.47,0.01,0.01,78586.1,1776899851000
1776899853.443,153.443,0.53,0.54,0.46,0.47,0.01,0.01,78586.1,1776899852000
1776899853.777,153.777,0.53,0.54,0.46,0.47,0.01,0.01,78586.1,1776899852000
1776899854.478,154.478,0.53,0.54,0.46,0.47,0.01,0.01,78586.13,1776899853000
1776899854.849,154.849,0.53,0.54,0.46,0.47,0.01,0.01,78586.13,1776899853000
1776899855.207,155.207,0.53,0.54,0.46,0.47,0.01,0.01,78586.13,1776899854000
1776899855.726,155.726,0.53,0.54,0.46,0.47,0.01,0.01,78586.13,1776899854000
1776899856.089,156.089,0.53,0.54,0.46,0.47,0.01,0.01,78586.06,1776899855000
1776899856.703,156.703,0.53,0.54,0.46,0.47,0.01,0.01,78586.06,1776899855000
1776899857.122,157.122,0.53,0.54,0.46,0.47,0.01,0.01,78586.06,1776899855000
1776899857.461,157.461,0.53,0.54,0.46,0.47,0.01,0.01,78586.07,1776899856000
1776899858.347,158.347,0.53,0.54,0.46,0.47,0.01,0.01,78586.08,1776899857000
1776899858.689,158.689,0.53,0.54,0.46,0.47,0.01,0.01,78586.08,1776899857000
1776899859.027,159.027,0.53,0.54,0.46,0.47,0.01,0.01,78586.06,1776899858000
1776899859.887,159.887,0.53,0.54,0.46,0.47,0.01,0.01,78586.06,1776899858000
1776899860.387,160.387,0.53,0.54,0.46,0.47,0.01,0.01,78586.06,1776899859000
1776899861.047,161.047,0.53,0.54,0.46,0.47,0.01,0.01,78586.06,1776899859000
1776899861.58,161.58,0.52,0.54,0.46,0.47,0.02,0.01,78586.08,1776899860000
1776899862.354,162.354,0.51,0.54,0.46,0.49,0.03,0.03,78586.08,1776899861000
1776899862.98,162.98,0.51,0.54,0.46,0.49,0.03,0.03,78586.03,1776899862000
1776899864.072,164.072,0.52,0.53,0.46,0.49,0.01,0.03,78586.03,1776899862000
1776899865.273,165.273,0.52,0.53,0.47,0.48,0.01,0.01,78586.01,1776899864000
1776899866.341,166.341,0.52,0.53,0.47,0.48,0.01,0.01,78586.01,1776899864000
1776899866.683,166.683,0.52,0.53,0.47,0.48,0.01,0.01,78586.01,1776899864000
1776899867.432,167.432,0.52,0.53,0.47,0.48,0.01,0.01,78586.02,1776899865000
1776899867.995,167.995,0.52,0.53,0.47,0.48,0.01,0.01,78586.05,1776899866000
1776899869.261,169.261,0.52,0.53,0.47,0.48,0.01,0.01,78586.08,1776899868000
1776899869.918,169.918,0.52,0.53,0.47,0.48,0.01,0.01,78586.08,1776899868000
1776899870.384,170.384,0.52,0.53,0.47,0.48,0.01,0.01,78586.01,1776899869000
1776899870.88,170.88,0.52,0.53,0.47,0.48,0.01,0.01,78586.01,1776899869000
1776899871.281,171.281,0.52,0.53,0.47,0.48,0.01,0.01,78586.0,1776899870000
1776899872.037,172.037,0.52,0.53,0.47,0.48,0.01,0.01,78586.07,1776899871000
1776899872.849,172.849,0.52,0.53,0.47,0.48,0.01,0.01,78586.07,1776899871000
1776899873.264,173.264,0.52,0.54,0.46,0.48,0.02,0.02,78586.11,1776899872000
1776899873.597,173.597,0.53,0.54,0.46,0.47,0.01,0.01,78586.11,1776899872000
1776899874.134,174.134,0.53,0.54,0.46,0.47,0.01,0.01,78586.11,1776899872000
1776899874.511,174.511,0.53,0.54,0.46,0.47,0.01,0.01,78586.11,1776899873000
1776899874.844,174.844,0.53,0.54,0.46,0.47,0.01,0.01,78586.11,1776899873000
1776899875.45,175.45,0.53,0.54,0.46,0.47,0.01,0.01,78586.15,1776899874000
1776899875.784,175.784,0.53,0.54,0.46,0.47,0.01,0.01,78586.15,1776899874000
1776899876.238,176.238,0.53,0.54,0.46,0.47,0.01,0.01,78586.17,1776899875000
1776899877.243,177.243,0.53,0.54,0.46,0.47,0.01,0.01,78586.18,1776899876000
1776899877.622,177.622,0.53,0.54,0.46,0.47,0.01,0.01,78586.18,1776899876000
1776899878.288,178.288,0.53,0.54,0.46,0.47,0.01,0.01,78586.16,1776899877000
1776899878.908,178.908,0.53,0.54,0.46,0.47,0.01,0.01,78586.22,1776899878000
1776899879.298,179.298,0.52,0.54,0.46,0.48,0.02,0.02,78586.22,1776899878000
1776899879.785,179.785,0.53,0.54,0.46,0.47,0.01,0.01,78586.22,1776899878000
1776899880.272,180.272,0.53,0.54,0.46,0.47,0.01,0.01,78586.31,1776899879000
1776899880.705,180.705,0.53,0.54,0.46,0.47,0.01,0.01,78586.31,1776899879000
1776899881.319,181.319,0.53,0.54,0.46,0.47,0.01,0.01,78586.31,1776899879000
1776899881.654,181.654,0.52,0.53,0.46,0.47,0.01,0.01,78586.31,1776899879000
1776899882.243,182.243,0.51,0.52,0.48,0.49,0.01,0.01,78586.31,1776899881000
1776899882.71,182.71,0.49,0.51,0.48,0.49,0.02,0.01,78586.31,1776899881000
1776899883.046,183.046,0.35,0.39,0.61,0.62,0.04,0.01,78586.31,1776899881000
1776899883.394,183.394,0.35,0.39,0.61,0.65,0.04,0.04,78586.26,1776899882000
1776899883.851,183.851,0.32,0.35,0.65,0.68,0.03,0.03,78586.26,1776899882000
1776899884.186,184.186,0.32,0.33,0.67,0.68,0.01,0.01,78584.62,1776899883000
1776899884.528,184.528,0.3,0.32,0.67,0.69,0.02,0.02,78584.62,1776899883000
1776899884.869,184.869,0.3,0.31,0.69,0.7,0.01,0.01,78584.62,1776899883000
1776899885.23,185.23,0.3,0.31,0.69,0.7,0.01,0.01,78574.63,1776899884000
1776899885.642,185.642,0.3,0.31,0.69,0.7,0.01,0.01,78574.63,1776899884000
1776899885.987,185.987,0.3,0.31,0.69,0.7,0.01,0.01,78573.1,1776899885000
1776899886.495,186.495,0.3,0.31,0.69,0.7,0.01,0.01,78573.1,1776899885000
1776899886.928,186.928,0.3,0.31,0.69,0.7,0.01,0.01,78573.1,1776899885000
1776899888.139,188.139,0.3,0.31,0.69,0.7,0.01,0.01,78572.81,1776899887000
1776899888.584,188.584,0.3,0.31,0.69,0.7,0.01,0.01,78572.81,1776899887000
1776899889.241,189.241,0.3,0.31,0.69,0.7,0.01,0.01,78573.0,1776899888000
1776899890.27,190.27,0.3,0.31,0.69,0.7,0.01,0.01,78580.49,1776899889000
1776899890.967,190.967,0.3,0.31,0.69,0.7,0.01,0.01,78580.49,1776899889000
1776899891.385,191.385,0.3,0.31,0.69,0.7,0.01,0.01,78581.75,1776899890000
1776899891.777,191.777,0.3,0.31,0.69,0.7,0.01,0.01,78581.75,1776899890000
1776899892.121,192.121,0.33,0.35,0.65,0.67,0.02,0.02,78581.75,1776899890000
1776899892.463,192.463,0.43,0.46,0.58,0.64,0.03,0.06,78583.09,1776899891000
1776899892.88,192.88,0.44,0.45,0.54,0.58,0.01,0.04,78583.09,1776899891000
1776899893.223,193.223,0.44,0.49,0.51,0.56,0.05,0.05,78583.09,1776899891000
1776899893.564,193.564,0.47,0.48,0.51,0.52,0.01,0.01,78583.87,1776899892000
1776899893.932,193.932,0.49,0.5,0.5,0.53,0.01,0.03,78583.87,1776899892000
1776899894.404,194.404,0.49,0.5,0.5,0.51,0.01,0.01,78583.87,1776899892000
1776899894.818,194.818,0.49,0.5,0.5,0.51,0.01,0.01,78584.29,1776899893000
1776899895.229,195.229,0.49,0.5,0.5,0.51,0.01,0.01,78584.29,1776899893000
1776899895.763,195.763,0.49,0.5,0.5,0.51,0.01,0.01,78584.36,1776899894000
1776899896.189,196.189,0.49,0.5,0.5,0.51,0.01,0.01,78584.36,1776899894000
1776899896.553,196.553,0.49,0.5,0.5,0.51,0.01,0.01,78584.36,1776899895000
1776899897.064,197.064,0.49,0.5,0.5,0.51,0.01,0.01,78584.36,1776899896000
1776899897.968,197.968,0.48,0.5,0.5,0.51,0.02,0.01,78584.36,1776899896000
1776899898.318,198.318,0.38,0.39,0.61,0.62,0.01,0.01,78584.37,1776899897000
1776899898.707,198.707,0.39,0.41,0.58,0.61,0.02,0.03,78584.37,1776899897000
1776899899.154,199.154,0.38,0.39,0.61,0.62,0.01,0.01,78584.37,1776899897000
1776899899.525,199.525,0.39,0.4,0.6,0.62,0.01,0.02,78583.27,1776899898000
1776899899.893,199.893,0.39,0.4,0.6,0.61,0.01,0.01,78583.27,1776899898000
1776899900.338,200.338,0.39,0.4,0.6,0.61,0.01,0.01,78582.27,1776899899000
1776899900.733,200.733,0.39,0.4,0.6,0.61,0.01,0.01,78582.27,1776899899000
1776899901.112,201.112,0.39,0.4,0.6,0.61,0.01,0.01,78582.27,1776899899000
1776899901.593,201.593,0.39,0.4,0.6,0.61,0.01,0.01,78582.15,1776899900000
1776899902.035,202.035,0.39,0.4,0.6,0.61,0.01,0.01,78582.15,1776899900000
1776899902.424,202.424,0.39,0.4,0.6,0.61,0.01,0.01,78582.15,1776899901000
1776899902.806,202.806,0.39,0.4,0.6,0.61,0.01,0.01,78582.15,1776899901000
1776899903.326,203.326,0.39,0.4,0.6,0.61,0.01,0.01,78581.77,1776899902000
1776899903.663,203.663,0.37,0.38,0.61,0.63,0.01,0.02,78581.77,1776899902000
1776899904.119,204.119,0.37,0.38,0.62,0.63,0.01,0.01,78581.56,1776899903000
1776899904.945,204.945,0.37,0.38,0.62,0.63,0.01,0.01,78581.56,1776899903000
1776899905.626,205.626,0.37,0.38,0.62,0.63,0.01,0.01,78581.6,1776899904000
1776899906.134,206.134,0.37,0.38,0.62,0.63,0.01,0.01,78580.67,1776899905000
1776899906.69,206.69,0.37,0.38,0.62,0.63,0.01,0.01,78580.67,1776899905000
1776899907.127,207.127,0.37,0.38,0.62,0.63,0.01,0.01,78580.86,1776899906000
1776899907.995,207.995,0.37,0.38,0.61,0.63,0.01,0.02,78580.86,1776899906000
1776899908.69,208.69,0.37,0.38,0.62,0.63,0.01,0.01,78581.88,1776899907000
1776899909.522,209.522,0.37,0.38,0.62,0.63,0.01,0.01,78582.17,1776899908000
1776899910.388,210.388,0.37,0.38,0.62,0.63,0.01,0.01,78582.39,1776899909000
1776899910.758,210.758,0.37,0.38,0.62,0.63,0.01,0.01,78582.39,1776899909000
1776899911.446,211.446,0.37,0.38,0.62,0.63,0.01,0.01,78581.63,1776899910000
1776899911.911,211.911,0.37,0.38,0.62,0.63,0.01,0.01,78581.63,1776899910000
1776899912.281,212.281,0.37,0.38,0.62,0.63,0.01,0.01,78581.63,1776899911000
1776899912.645,212.645,0.36,0.37,0.62,0.63,0.01,0.01,78581.63,1776899911000
1776899913.382,213.382,0.36,0.37,0.63,0.64,0.01,0.01,78581.63,1776899912000
1776899913.951,213.951,0.36,0.37,0.63,0.64,0.01,0.01,78581.63,1776899912000
1776899914.478,214.478,0.36,0.37,0.63,0.64,0.01,0.01,78581.66,1776899913000
1776899914.886,214.886,0.36,0.37,0.63,0.64,0.01,0.01,78581.66,1776899913000
1776899915.25,215.25,0.36,0.37,0.63,0.64,0.01,0.01,78581.66,1776899913000
1776899915.598,215.598,0.36,0.37,0.63,0.64,0.01,0.01,78581.43,1776899914000
1776899916.331,216.331,0.36,0.37,0.63,0.64,0.01,0.01,78581.43,1776899914000
1776899916.74,216.74,0.36,0.37,0.63,0.64,0.01,0.01,78581.43,1776899915000
1776899917.191,217.191,0.36,0.37,0.63,0.64,0.01,0.01,78581.43,1776899915000
1776899917.748,217.748,0.36,0.37,0.63,0.64,0.01,0.01,78581.43,1776899915000
1776899918.087,218.087,0.4,0.42,0.59,0.6,0.02,0.01,78581.47,1776899916000
1776899918.588,218.588,0.41,0.42,0.58,0.59,0.01,0.01,78581.47,1776899916000
1776899918.942,218.942,0.41,0.43,0.57,0.59,0.02,0.02,78581.47,1776899916000
1776899919.376,219.376,0.42,0.43,0.57,0.58,0.01,0.01,78581.42,1776899917000
1776899920.146,220.146,0.42,0.43,0.57,0.58,0.01,0.01,78582.09,1776899919000
1776899921.364,221.364,0.42,0.43,0.57,0.58,0.01,0.01,78582.09,1776899919000
1776899921.72,221.72,0.42,0.43,0.57,0.58,0.01,0.01,78583.34,1776899920000
1776899922.409,222.409,0.42,0.43,0.57,0.58,0.01,0.01,78583.34,1776899921000
1776899922.82,222.82,0.42,0.43,0.57,0.58,0.01,0.01,78583.34,1776899921000
1776899923.156,223.156,0.42,0.43,0.57,0.58,0.01,0.01,78583.39,1776899922000
1776899923.54,223.54,0.42,0.43,0.57,0.58,0.01,0.01,78583.39,1776899922000
1776899924.436,224.436,0.42,0.43,0.57,0.58,0.01,0.01,78583.39,1776899922000
1776899924.905,224.905,0.42,0.43,0.57,0.58,0.01,0.01,78583.41,1776899923000
1776899925.362,225.362,0.42,0.43,0.57,0.58,0.01,0.01,78583.41,1776899923000
1776899925.791,225.791,0.42,0.43,0.57,0.58,0.01,0.01,78583.12,1776899924000
1776899926.188,226.188,0.42,0.43,0.57,0.58,0.01,0.01,78582.94,1776899925000
1776899926.77,226.77,0.42,0.43,0.57,0.58,0.01,0.01,78582.94,1776899925000
1776899927.141,227.141,0.42,0.43,0.57,0.58,0.01,0.01,78582.94,1776899925000
1776899927.487,227.487,0.42,0.43,0.57,0.58,0.01,0.01,78582.96,1776899926000
1776899927.922,227.922,0.42,0.43,0.57,0.58,0.01,0.01,78582.96,1776899926000
1776899928.388,228.388,0.42,0.43,0.57,0.58,0.01,0.01,78582.96,1776899927000
1776899929.267,229.267,0.42,0.43,0.57,0.58,0.01,0.01,78582.36,1776899928000
1776899929.722,229.722,0.4,0.41,0.57,0.58,0.01,0.01,78582.36,1776899928000
1776899930.161,230.161,0.27,0.32,0.68,0.7,0.05,0.02,78582.36,1776899928000
1776899930.495,230.495,0.14,0.27,0.73,0.79,0.13,0.06,78582.36,1776899928000
1776899930.916,230.916,0.27,0.33,0.67,0.73,0.06,0.06,78582.36,1776899928000
1776899931.251,231.251,0.12,0.2,0.8,0.88,0.08,0.08,78581.55,1776899929000
1776899931.587,231.587,0.15,0.16,0.84,0.85,0.01,0.01,78567.13,1776899930000
1776899931.925,231.925,0.15,0.16,0.84,0.85,0.01,0.01,78567.13,1776899930000
1776899932.272,232.272,0.16,0.17,0.83,0.84,0.01,0.01,78567.13,1776899930000
1776899932.613,232.613,0.16,0.17,0.83,0.84,0.01,0.01,78567.13,1776899930000
1776899932.975,232.975,0.16,0.17,0.83,0.84,0.01,0.01,78561.93,1776899931000
1776899933.357,233.357,0.16,0.17,0.83,0.84,0.01,0.01,78562.48,1776899932000
1776899933.726,233.726,0.16,0.18,0.83,0.84,0.02,0.01,78562.48,1776899932000
1776899934.065,234.065,0.17,0.18,0.82,0.83,0.01,0.01,78562.48,1776899932000
1776899934.579,234.579,0.16,0.17,0.83,0.84,0.01,0.01,78562.48,1776899932000
1776899934.976,234.976,0.16,0.17,0.83,0.84,0.01,0.01,78562.54,1776899933000
1776899935.482,235.482,0.16,0.17,0.83,0.84,0.01,0.01,78562.54,1776899934000
1776899935.836,235.836,0.16,0.17,0.83,0.84,0.01,0.01,78562.54,1776899934000
1776899936.182,236.182,0.16,0.17,0.83,0.84,0.01,0.01,78562.54,1776899934000
1776899936.906,236.906,0.15,0.16,0.84,0.85,0.01,0.01,78561.58,1776899935000
1776899937.365,237.365,0.15,0.16,0.84,0.85,0.01,0.01,78561.58,1776899936000
1776899937.732,237.732,0.15,0.16,0.84,0.85,0.01,0.01,78561.58,1776899936000
1776899938.122,238.122,0.15,0.16,0.84,0.85,0.01,0.01,78561.63,1776899937000
1776899938.766,238.766,0.15,0.16,0.84,0.85,0.01,0.01,78561.63,1776899937000
1776899939.141,239.141,0.15,0.16,0.84,0.85,0.01,0.01,78561.63,1776899937000
1776899939.761,239.761,0.15,0.16,0.84,0.85,0.01,0.01,78561.63,1776899938000
1776899940.309,240.309,0.15,0.16,0.84,0.85,0.01,0.01,78561.63,1776899938000
1776899940.645,240.645,0.12,0.13,0.85,0.88,0.01,0.03,78561.53,1776899939000
1776899941.062,241.062,0.11,0.12,0.88,0.89,0.01,0.01,78561.53,1776899940000
1776899941.398,241.398,0.11,0.12,0.86,0.89,0.01,0.03,78561.53,1776899940000
1776899941.75,241.75,0.1,0.11,0.89,0.9,0.01,0.01,78561.53,1776899940000
1776899942.181,242.181,0.1,0.11,0.89,0.9,0.01,0.01,78561.53,1776899940000
1776899942.54,242.54,0.1,0.11,0.89,0.9,0.01,0.01,78561.53,1776899941000
1776899942.915,242.915,0.1,0.11,0.89,0.9,0.01,0.01,78561.54,1776899942000
1776899943.258,243.258,0.1,0.11,0.89,0.9,0.01,0.01,78561.54,1776899942000
1776899943.606,243.606,0.1,0.11,0.89,0.9,0.01,0.01,78561.54,1776899942000
1776899944.011,244.011,0.1,0.11,0.89,0.9,0.01,0.01,78561.54,1776899942000
1776899944.413,244.413,0.1,0.11,0.89,0.9,0.01,0.01,78560.96,1776899943000
1776899944.964,244.964,0.08,0.09,0.87,0.92,0.01,0.05,78560.96,1776899943000
1776899945.298,245.298,0.08,0.09,0.91,0.92,0.01,0.01,78560.96,1776899943000
1776899945.667,245.667,0.08,0.09,0.91,0.92,0.01,0.01,78560.96,1776899944000
1776899946.009,246.009,0.08,0.11,0.91,0.92,0.03,0.01,78560.96,1776899944000
1776899946.378,246.378,0.1,0.11,0.89,0.9,0.01,0.01,78560.96,1776899945000
1776899946.744,246.744,0.1,0.11,0.89,0.9,0.01,0.01,78560.96,1776899945000
1776899947.097,247.097,0.1,0.11,0.89,0.9,0.01,0.01,78560.96,1776899945000
1776899947.657,247.657,0.08,0.1,0.9,0.91,0.02,0.01,78560.61,1776899946000
1776899948.031,248.031,0.09,0.1,0.89,0.92,0.01,0.03,78560.61,1776899946000
1776899948.562,248.562,0.1,0.11,0.89,0.9,0.01,0.01,78560.61,1776899947000
1776899948.926,248.926,0.1,0.11,0.89,0.9,0.01,0.01,78560.61,1776899947000
1776899949.54,249.54,0.1,0.11,0.89,0.9,0.01,0.01,78560.74,1776899948000
1776899950.011,250.011,0.1,0.11,0.89,0.9,0.01,0.01,78560.74,1776899948000
1776899950.364,250.364,0.1,0.11,0.89,0.9,0.01,0.01,78560.74,1776899949000
1776899951.003,251.003,0.1,0.11,0.89,0.9,0.01,0.01,78560.74,1776899949000
1776899951.515,251.515,0.1,0.11,0.89,0.9,0.01,0.01,78560.73,1776899950000
1776899951.969,251.969,0.1,0.11,0.89,0.9,0.01,0.01,78560.73,1776899951000
1776899952.322,252.322,0.08,0.09,0.91,0.92,0.01,0.01,78560.73,1776899951000
1776899952.857,252.857,0.08,0.09,0.91,0.92,0.01,0.01,78560.73,1776899951000
1776899953.383,253.383,0.08,0.09,0.91,0.92,0.01,0.01,78560.75,1776899952000
1776899953.743,253.743,0.06,0.09,0.91,0.92,0.03,0.01,78560.75,1776899952000
1776899954.111,254.111,0.08,0.09,0.91,0.92,0.01,0.01,78560.75,1776899952000
1776899954.632,254.632,0.08,0.09,0.91,0.93,0.01,0.02,78560.75,1776899952000
1776899955.024,255.024,0.06,0.07,0.93,0.94,0.01,0.01,78560.75,1776899952000
1776899955.441,255.441,0.05,0.06,0.94,0.95,0.01,0.01,78560.75,1776899952000
1776899955.828,255.828,0.05,0.06,0.94,0.95,0.01,0.01,78560.75,1776899952000
1776899956.172,256.172,0.05,0.06,0.94,0.95,0.01,0.01,78561.0,1776899954000
1776899956.737,256.737,0.05,0.06,0.94,0.95,0.01,0.01,78560.99,1776899955000
1776899957.075,257.075,0.05,0.06,0.94,0.95,0.01,0.01,78560.56,1776899956000
1776899957.517,257.517,0.05,0.06,0.94,0.95,0.01,0.01,78560.56,1776899956000
1776899957.862,257.862,0.05,0.06,0.94,0.95,0.01,0.01,78560.56,1776899956000
1776899958.2,258.2,0.05,0.06,0.94,0.95,0.01,0.01,78560.56,1776899957000
1776899958.543,258.543,0.05,0.06,0.94,0.95,0.01,0.01,78560.56,1776899957000
1776899958.91,258.91,0.05,0.06,0.94,0.95,0.01,0.01,78560.56,1776899957000
1776899959.304,259.304,0.05,0.06,0.94,0.95,0.01,0.01,78560.73,1776899958000
1776899959.719,259.719,0.05,0.06,0.94,0.95,0.01,0.01,78560.73,1776899958000
1776899960.102,260.102,0.05,0.06,0.94,0.95,0.01,0.01,78560.73,1776899958000
1776899960.557,260.557,0.07,0.1,0.92,0.93,0.03,0.01,78560.73,1776899959000
1776899960.89,260.89,0.1,0.11,0.89,0.9,0.01,0.01,78560.65,1776899960000
1776899961.346,261.346,0.1,0.11,0.89,0.9,0.01,0.01,78560.65,1776899960000
1776899961.711,261.711,0.1,0.11,0.89,0.9,0.01,0.01,78560.65,1776899960000
1776899962.146,262.146,0.1,0.11,0.89,0.9,0.01,0.01,78560.6,1776899961000
1776899962.632,262.632,0.1,0.11,0.89,0.9,0.01,0.01,78560.6,1776899961000
1776899963.238,263.238,0.09,0.11,0.89,0.91,0.02,0.02,78560.6,1776899961000
1776899963.625,263.625,0.1,0.11,0.89,0.9,0.01,0.01,78562.34,1776899962000
1776899964.076,264.076,0.08,0.1,0.89,0.92,0.02,0.03,78562.34,1776899962000
1776899964.766,264.766,0.08,0.09,0.9,0.93,0.01,0.03,78562.22,1776899963000
1776899965.274,265.274,0.08,0.09,0.91,0.92,0.01,0.01,78562.2,1776899964000
1776899965.616,265.616,0.05,0.09,0.91,0.95,0.04,0.04,78562.2,1776899964000
1776899966.279,266.279,0.05,0.09,0.91,0.95,0.04,0.04,78562.6,1776899965000
1776899966.617,266.617,0.05,0.06,0.94,0.95,0.01,0.01,78562.6,1776899965000
1776899966.985,266.985,0.05,0.06,0.94,0.95,0.01,0.01,78562.6,1776899965000
1776899967.583,267.583,0.05,0.06,0.94,0.95,0.01,0.01,78562.6,1776899966000
1776899967.919,267.919,0.03,0.04,0.95,0.97,0.01,0.02,78562.6,1776899966000
1776899968.317,268.317,0.03,0.04,0.96,0.97,0.01,0.01,78562.6,1776899967000
1776899968.778,268.778,0.03,0.04,0.96,0.97,0.01,0.01,78562.6,1776899967000
1776899969.213,269.213,0.03,0.04,0.96,0.97,0.01,0.01,78562.6,1776899967000
1776899969.729,269.729,0.03,0.04,0.96,0.97,0.01,0.01,78562.23,1776899968000
1776899970.075,270.075,0.03,0.04,0.96,0.97,0.01,0.01,78562.23,1776899968000
1776899970.409,270.409,0.03,0.04,0.96,0.97,0.01,0.01,78562.23,1776899968000
1776899970.8,270.8,0.03,0.04,0.96,0.97,0.01,0.01,78562.23,1776899968000
1776899971.284,271.284,0.03,0.04,0.96,0.97,0.01,0.01,78561.14,1776899969000
1776899971.618,271.618,0.03,0.04,0.96,0.97,0.01,0.01,78560.58,1776899970000
1776899972.222,272.222,0.03,0.04,0.96,0.97,0.01,0.01,78560.58,1776899971000
1776899972.619,272.619,0.03,0.04,0.96,0.97,0.01,0.01,78560.58,1776899971000
1776899972.956,272.956,0.03,0.04,0.96,0.97,0.01,0.01,78560.58,1776899971000
1776899973.304,273.304,0.03,0.04,0.96,0.97,0.01,0.01,78561.09,1776899972000
1776899973.637,273.637,0.04,0.05,0.95,0.96,0.01,0.01,78561.09,1776899972000
1776899974.002,274.002,0.03,0.04,0.96,0.97,0.01,0.01,78561.13,1776899973000
1776899974.391,274.391,0.03,0.04,0.96,0.97,0.01,0.01,78561.13,1776899973000
1776899974.728,274.728,0.03,0.04,0.96,0.97,0.01,0.01,78561.13,1776899973000
1776899975.076,275.076,0.03,0.04,0.96,0.97,0.01,0.01,78561.06,1776899974000
1776899975.531,275.531,0.03,0.04,0.96,0.97,0.01,0.01,78561.06,1776899974000
1776899975.883,275.883,0.03,0.04,0.96,0.97,0.01,0.01,78561.06,1776899974000
1776899976.409,276.409,0.03,0.04,0.96,0.97,0.01,0.01,78559.53,1776899975000
1776899976.969,276.969,0.03,0.04,0.96,0.97,0.01,0.01,78559.24,1776899976000
1776899977.5,277.5,0.03,0.04,0.96,0.97,0.01,0.01,78559.24,1776899976000
1776899977.924,277.924,0.03,0.04,0.96,0.97,0.01,0.01,78559.21,1776899977000
1776899978.342,278.342,0.03,0.04,0.96,0.97,0.01,0.01,78559.21,1776899977000
1776899978.779,278.779,0.03,0.04,0.96,0.97,0.01,0.01,78559.21,1776899977000
1776899979.217,279.217,0.03,0.04,0.96,0.97,0.01,0.01,78558.92,1776899978000
1776899979.566,279.566,0.03,0.04,0.96,0.97,0.01,0.01,78558.92,1776899978000
1776899979.937,279.937,0.02,0.03,0.96,0.97,0.01,0.01,78558.92,1776899978000
1776899980.367,280.367,0.02,0.03,0.97,0.98,0.01,0.01,78558.93,1776899979000
1776899981.181,281.181,0.02,0.03,0.97,0.98,0.01,0.01,78558.93,1776899979000
1776899981.725,281.725,0.02,0.03,0.97,0.98,0.01,0.01,78558.93,1776899980000
1776899982.147,282.147,0.02,0.03,0.96,0.98,0.01,0.02,78558.93,1776899980000
1776899982.493,282.493,0.02,0.03,0.97,0.98,0.01,0.01,78560.82,1776899981000
1776899982.963,282.963,0.02,0.03,0.97,0.98,0.01,0.01,78560.82,1776899981000
1776899983.407,283.407,0.02,0.03,0.97,0.98,0.01,0.01,78560.82,1776899981000
1776899983.745,283.745,0.02,0.03,0.96,0.98,0.01,0.02,78561.64,1776899982000
1776899984.139,284.139,0.02,0.03,0.97,0.98,0.01,0.01,78561.64,1776899982000
1776899984.62,284.62,0.02,0.03,0.97,0.98,0.01,0.01,78562.31,1776899983000
1776899985.013,285.013,0.02,0.03,0.97,0.98,0.01,0.01,78562.31,1776899983000
1776899985.431,285.431,0.02,0.03,0.97,0.98,0.01,0.01,78562.43,1776899984000
1776899985.788,285.788,0.02,0.03,0.97,0.98,0.01,0.01,78562.43,1776899984000
1776899986.221,286.221,0.02,0.03,0.97,0.98,0.01,0.01,78562.43,1776899984000
1776899986.729,286.729,0.01,0.02,0.97,0.98,0.01,0.01,78562.79,1776899985000
1776899987.285,287.285,0.01,0.02,0.98,0.99,0.01,0.01,78562.79,1776899985000
1776899987.793,287.793,0.01,0.02,0.98,0.99,0.01,0.01,78562.84,1776899986000
1776899988.284,288.284,0.01,0.02,0.98,0.99,0.01,0.01,78562.84,1776899986000
1776899988.7,288.7,0.01,0.02,0.98,0.99,0.01,0.01,78562.84,1776899987000
1776899989.089,289.089,0.01,0.02,0.98,0.99,0.01,0.01,78562.84,1776899988000
1776899989.424,289.424,0.01,0.02,0.98,0.99,0.01,0.01,78562.84,1776899988000
1776899989.769,289.769,0.01,0.02,0.98,0.99,0.01,0.01,78562.84,1776899988000
1776899990.339,290.339,0.01,0.02,0.98,0.99,0.01,0.01,78562.84,1776899989000
1776899990.674,290.674,0.01,0.02,0.98,0.99,0.01,0.01,78562.84,1776899989000
1776899991.014,291.014,0.01,0.02,0.98,0.99,0.01,0.01,78563.42,1776899990000
1776899991.387,291.387,0.01,0.02,0.98,0.99,0.01,0.01,78563.42,1776899990000
1776899991.761,291.761,0.01,0.02,0.98,0.99,0.01,0.01,78563.42,1776899990000
1776899992.096,292.096,0.01,0.02,0.98,0.99,0.01,0.01,78563.5,1776899991000
1776899992.435,292.435,0.01,0.02,0.98,0.99,0.01,0.01,78563.5,1776899991000
1776899992.93,292.93,0.01,0.02,0.98,0.99,0.01,0.01,78563.5,1776899992000
1776899993.448,293.448,0.01,0.02,0.98,0.99,0.01,0.01,78563.5,1776899992000
1776899993.843,293.843,0.01,0.02,0.98,0.99,0.01,0.01,78563.5,1776899992000
1776899994.211,294.211,0.01,0.02,0.98,0.99,0.01,0.01,78563.49,1776899993000
1776899994.545,294.545,0.01,0.02,0.98,0.99,0.01,0.01,78563.49,1776899993000
1776899994.933,294.933,0.01,0.02,0.98,0.99,0.01,0.01,78563.54,1776899994000
1776899995.266,295.266,0.01,0.02,0.98,0.99,0.01,0.01,78563.54,1776899994000
1776899995.627,295.627,0.01,0.02,0.98,0.99,0.01,0.01,78563.54,1776899994000
1776899995.973,295.973,0.01,0.02,0.98,0.99,0.01,0.01,78563.54,1776899994000
1776899996.315,296.315,0.01,0.01,0.98,0.99,0.0,0.01,78563.64,1776899995000
1776899996.678,296.678,0.01,0.01,0.99,0.99,0.0,0.0,78563.64,1776899995000
1776899997.043,297.043,0.01,0.01,0.99,0.99,0.0,0.0,78563.23,1776899996000
1776899997.381,297.381,0.01,0.01,0.99,0.99,0.0,0.0,78563.23,1776899996000
1776899998.197,298.197,0.01,0.01,0.99,0.99,0.0,0.0,78563.23,1776899996000
1776899999.289,299.289,0.01,0.01,0.99,0.99,0.0,0.0,78557.65,1776899998000
1776900000.333,300.333,0.01,0.01,0.99,0.99,0.0,0.0,78557.13,1776899999000

# RESULT,winner=Down,slug=btc-updown-5m-1776899700,ticks=618
