timestamp,elapsed_sec,up_bid,up_ask,down_bid,down_ask,up_spread,down_spread,btc_price,btc_oracle_ts
1776929700.568,0.568,0.5,0.51,0.48,0.49,0.01,0.01,78185.95,1776929699000
1776929701.073,1.073,0.51,0.52,0.48,0.49,0.01,0.01,78182.96,1776929700000
1776929701.437,1.437,0.51,0.52,0.48,0.49,0.01,0.01,78182.96,1776929700000
1776929701.917,1.917,0.51,0.52,0.48,0.49,0.01,0.01,78182.96,1776929700000
1776929702.523,2.523,0.5,0.51,0.48,0.49,0.01,0.01,78182.5,1776929701000
1776929702.894,2.894,0.47,0.52,0.48,0.53,0.05,0.05,78182.5,1776929701000
1776929703.236,3.236,0.45,0.48,0.52,0.55,0.03,0.03,78181.62,1776929702000
1776929703.648,3.648,0.45,0.46,0.52,0.55,0.01,0.03,78181.62,1776929702000
1776929704.043,4.043,0.46,0.47,0.52,0.54,0.01,0.02,78181.62,1776929702000
1776929704.472,4.472,0.46,0.47,0.53,0.54,0.01,0.01,78173.89,1776929703000
1776929704.886,4.886,0.46,0.47,0.53,0.54,0.01,0.01,78173.89,1776929703000
1776929705.322,5.322,0.5,0.51,0.49,0.5,0.01,0.01,78174.4,1776929704000
1776929705.694,5.694,0.5,0.51,0.49,0.5,0.01,0.01,78174.4,1776929704000
1776929706.065,6.065,0.52,0.53,0.47,0.49,0.01,0.02,78174.4,1776929704000
1776929706.533,6.533,0.54,0.55,0.45,0.48,0.01,0.03,78176.52,1776929705000
1776929707.076,7.076,0.55,0.56,0.44,0.45,0.01,0.01,78176.52,1776929705000
1776929707.507,7.507,0.56,0.57,0.43,0.45,0.01,0.02,78182.23,1776929706000
1776929708.198,8.198,0.57,0.58,0.42,0.43,0.01,0.01,78182.23,1776929706000
1776929708.598,8.598,0.57,0.58,0.42,0.43,0.01,0.01,78193.24,1776929707000
1776929708.939,8.939,0.57,0.58,0.42,0.43,0.01,0.01,78193.24,1776929707000
1776929709.474,9.474,0.58,0.59,0.41,0.42,0.01,0.01,78195.42,1776929708000
1776929709.883,9.883,0.58,0.59,0.41,0.42,0.01,0.01,78195.42,1776929708000
1776929710.352,10.352,0.58,0.59,0.41,0.42,0.01,0.01,78196.12,1776929709000
1776929710.753,10.753,0.58,0.59,0.41,0.42,0.01,0.01,78196.12,1776929709000
1776929711.167,11.167,0.58,0.59,0.41,0.42,0.01,0.01,78196.12,1776929709000
1776929711.608,11.608,0.58,0.59,0.41,0.42,0.01,0.01,78196.16,1776929710000
1776929712.069,12.069,0.58,0.59,0.41,0.42,0.01,0.01,78195.69,1776929711000
1776929712.405,12.405,0.51,0.54,0.46,0.48,0.03,0.02,78195.69,1776929711000
1776929712.798,12.798,0.52,0.53,0.47,0.48,0.01,0.01,78195.69,1776929711000
1776929713.179,13.179,0.52,0.53,0.47,0.48,0.01,0.01,78195.53,1776929712000
1776929713.581,13.581,0.52,0.53,0.47,0.48,0.01,0.01,78195.53,1776929712000
1776929714.044,14.044,0.52,0.53,0.47,0.48,0.01,0.01,78191.4,1776929713000
1776929714.566,14.566,0.52,0.53,0.47,0.48,0.01,0.01,78191.4,1776929713000
1776929715.101,15.101,0.52,0.53,0.47,0.48,0.01,0.01,78187.36,1776929714000
1776929715.438,15.438,0.52,0.53,0.47,0.48,0.01,0.01,78187.36,1776929714000
1776929715.909,15.909,0.52,0.53,0.47,0.48,0.01,0.01,78187.36,1776929714000
1776929716.784,16.784,0.52,0.53,0.47,0.48,0.01,0.01,78186.09,1776929715000
1776929717.163,17.163,0.52,0.53,0.47,0.48,0.01,0.01,78186.09,1776929715000
1776929717.561,17.561,0.52,0.53,0.47,0.48,0.01,0.01,78183.39,1776929716000
1776929718.025,18.025,0.51,0.52,0.47,0.49,0.01,0.02,78183.39,1776929716000
1776929718.406,18.406,0.51,0.52,0.48,0.49,0.01,0.01,78183.52,1776929717000
1776929718.919,18.919,0.51,0.52,0.48,0.49,0.01,0.01,78183.52,1776929717000
1776929719.275,19.275,0.51,0.52,0.48,0.49,0.01,0.01,78183.75,1776929718000
1776929719.974,19.974,0.51,0.52,0.48,0.49,0.01,0.01,78183.75,1776929718000
1776929720.316,20.316,0.51,0.52,0.48,0.49,0.01,0.01,78183.75,1776929718000
1776929720.667,20.667,0.53,0.59,0.41,0.47,0.06,0.06,78183.75,1776929719000
1776929721.082,21.082,0.57,0.58,0.42,0.43,0.01,0.01,78183.4,1776929720000
1776929721.539,21.539,0.57,0.58,0.42,0.43,0.01,0.01,78183.4,1776929720000
1776929722.023,22.023,0.56,0.57,0.43,0.44,0.01,0.01,78183.4,1776929720000
1776929722.507,22.507,0.56,0.57,0.43,0.44,0.01,0.01,78186.37,1776929721000
1776929722.998,22.998,0.56,0.57,0.43,0.44,0.01,0.01,78186.37,1776929721000
1776929723.556,23.556,0.56,0.57,0.43,0.44,0.01,0.01,78191.27,1776929722000
1776929723.892,23.892,0.51,0.54,0.43,0.48,0.03,0.05,78191.27,1776929722000
1776929724.24,24.24,0.51,0.52,0.48,0.49,0.01,0.01,78191.27,1776929722000
1776929725.231,25.231,0.5,0.51,0.49,0.5,0.01,0.01,78191.88,1776929723000
1776929725.64,25.64,0.49,0.5,0.5,0.51,0.01,0.01,78192.43,1776929724000
1776929726.376,26.376,0.49,0.5,0.5,0.51,0.01,0.01,78186.07,1776929725000
1776929726.894,26.894,0.48,0.49,0.51,0.52,0.01,0.01,78185.69,1776929726000
1776929727.393,27.393,0.48,0.49,0.51,0.52,0.01,0.01,78185.69,1776929726000
1776929727.871,27.871,0.48,0.49,0.51,0.52,0.01,0.01,78185.69,1776929726000
1776929728.358,28.358,0.48,0.49,0.51,0.52,0.01,0.01,78183.02,1776929727000
1776929729.033,29.033,0.48,0.49,0.51,0.52,0.01,0.01,78180.18,1776929728000
1776929729.924,29.924,0.48,0.49,0.51,0.52,0.01,0.01,78179.87,1776929729000
1776929730.26,30.26,0.48,0.49,0.51,0.52,0.01,0.01,78179.87,1776929729000
1776929730.739,30.739,0.48,0.49,0.51,0.52,0.01,0.01,78179.87,1776929729000
1776929731.192,31.192,0.48,0.49,0.51,0.52,0.01,0.01,78179.87,1776929729000
1776929731.592,31.592,0.48,0.49,0.51,0.52,0.01,0.01,78180.5,1776929730000
1776929732.228,32.228,0.48,0.49,0.51,0.52,0.01,0.01,78180.5,1776929731000
1776929732.574,32.574,0.46,0.48,0.51,0.53,0.02,0.02,78180.5,1776929731000
1776929733.061,33.061,0.46,0.47,0.53,0.54,0.01,0.01,78180.5,1776929731000
1776929734.118,34.118,0.46,0.47,0.53,0.54,0.01,0.01,78180.38,1776929733000
1776929735.267,35.267,0.46,0.47,0.53,0.54,0.01,0.01,78180.25,1776929734000
1776929735.891,35.891,0.46,0.47,0.53,0.54,0.01,0.01,78180.25,1776929734000
1776929736.266,36.266,0.47,0.48,0.52,0.54,0.01,0.02,78180.25,1776929734000
1776929736.624,36.624,0.47,0.48,0.52,0.53,0.01,0.01,78177.87,1776929735000
1776929737.158,37.158,0.47,0.48,0.52,0.53,0.01,0.01,78177.63,1776929736000
1776929737.893,37.893,0.47,0.48,0.52,0.53,0.01,0.01,78177.63,1776929736000
1776929738.318,38.318,0.47,0.48,0.52,0.53,0.01,0.01,78181.58,1776929737000
1776929738.684,38.684,0.47,0.48,0.52,0.53,0.01,0.01,78181.58,1776929737000
1776929739.072,39.072,0.47,0.48,0.52,0.53,0.01,0.01,78181.58,1776929737000
1776929739.49,39.49,0.47,0.48,0.52,0.53,0.01,0.01,78183.58,1776929738000
1776929739.865,39.865,0.47,0.48,0.52,0.53,0.01,0.01,78183.58,1776929738000
1776929740.259,40.259,0.47,0.48,0.52,0.53,0.01,0.01,78183.58,1776929739000
1776929740.747,40.747,0.47,0.48,0.52,0.53,0.01,0.01,78183.58,1776929739000
1776929741.153,41.153,0.47,0.48,0.52,0.53,0.01,0.01,78183.29,1776929740000
1776929741.486,41.486,0.54,0.56,0.44,0.51,0.02,0.07,78183.29,1776929740000
1776929741.943,41.943,0.54,0.55,0.45,0.46,0.01,0.01,78183.29,1776929740000
1776929742.344,42.344,0.56,0.57,0.43,0.45,0.01,0.02,78183.29,1776929740000
1776929743.38,43.38,0.56,0.57,0.43,0.44,0.01,0.01,78186.5,1776929742000
1776929743.778,43.778,0.56,0.57,0.43,0.44,0.01,0.01,78186.5,1776929742000
1776929744.591,44.591,0.56,0.58,0.43,0.44,0.02,0.01,78186.65,1776929743000
1776929745.163,45.163,0.57,0.58,0.42,0.43,0.01,0.01,78186.65,1776929743000
1776929745.608,45.608,0.57,0.58,0.42,0.43,0.01,0.01,78186.65,1776929743000
1776929746.312,46.312,0.57,0.58,0.42,0.43,0.01,0.01,78186.65,1776929743000
1776929746.676,46.676,0.57,0.58,0.42,0.43,0.01,0.01,78186.65,1776929743000
1776929747.082,47.082,0.57,0.58,0.42,0.43,0.01,0.01,78186.65,1776929743000
1776929747.536,47.536,0.57,0.58,0.42,0.43,0.01,0.01,78186.65,1776929743000
1776929748.936,48.936,0.57,0.58,0.42,0.43,0.01,0.01,78186.65,1776929743000
1776929749.505,49.505,0.57,0.58,0.42,0.43,0.01,0.01,78186.65,1776929743000
1776929751.188,51.188,0.57,0.58,0.42,0.43,0.01,0.01,78186.65,1776929743000
1776929752.154,52.154,0.55,0.58,0.42,0.43,0.03,0.01,78186.65,1776929743000
1776929752.904,52.904,0.55,0.56,0.42,0.45,0.01,0.03,78192.34,1776929751000
1776929753.7,53.7,0.56,0.57,0.44,0.45,0.01,0.01,78192.36,1776929752000
1776929754.381,54.381,0.56,0.57,0.43,0.44,0.01,0.01,78192.4,1776929753000
1776929754.737,54.737,0.48,0.49,0.51,0.52,0.01,0.01,78192.4,1776929753000
1776929755.072,55.072,0.47,0.49,0.51,0.53,0.02,0.02,78192.4,1776929753000
1776929755.568,55.568,0.47,0.53,0.52,0.53,0.06,0.01,78192.35,1776929754000
1776929755.923,55.923,0.47,0.48,0.52,0.53,0.01,0.01,78192.35,1776929754000
1776929756.284,56.284,0.47,0.48,0.52,0.53,0.01,0.01,78192.35,1776929754000
1776929756.689,56.689,0.47,0.49,0.51,0.53,0.02,0.02,78182.42,1776929755000
1776929757.047,57.047,0.49,0.5,0.5,0.51,0.01,0.01,78182.42,1776929755000
1776929757.397,57.397,0.49,0.51,0.5,0.51,0.02,0.01,78182.42,1776929755000
1776929757.828,57.828,0.51,0.52,0.48,0.49,0.01,0.01,78180.52,1776929756000
1776929758.219,58.219,0.5,0.51,0.49,0.5,0.01,0.01,78178.27,1776929757000
1776929758.645,58.645,0.51,0.52,0.48,0.49,0.01,0.01,78178.27,1776929757000
1776929758.992,58.992,0.51,0.52,0.48,0.49,0.01,0.01,78177.99,1776929758000
1776929759.441,59.441,0.51,0.52,0.48,0.49,0.01,0.01,78177.99,1776929758000
1776929759.824,59.824,0.52,0.53,0.47,0.49,0.01,0.02,78177.99,1776929758000
1776929760.202,60.202,0.52,0.53,0.47,0.48,0.01,0.01,78177.99,1776929758000
1776929760.552,60.552,0.52,0.53,0.47,0.48,0.01,0.01,78177.77,1776929759000
1776929760.94,60.94,0.52,0.53,0.47,0.48,0.01,0.01,78177.77,1776929759000
1776929761.282,61.282,0.52,0.53,0.47,0.48,0.01,0.01,78179.27,1776929760000
1776929761.646,61.646,0.51,0.52,0.48,0.49,0.01,0.01,78179.27,1776929760000
1776929761.982,61.982,0.5,0.51,0.49,0.5,0.01,0.01,78179.27,1776929760000
1776929762.359,62.359,0.5,0.51,0.49,0.5,0.01,0.01,78179.27,1776929761000
1776929762.707,62.707,0.52,0.53,0.47,0.48,0.01,0.01,78179.27,1776929761000
1776929763.051,63.051,0.52,0.53,0.47,0.48,0.01,0.01,78179.13,1776929762000
1776929763.386,63.386,0.59,0.6,0.4,0.41,0.01,0.01,78179.13,1776929762000
1776929763.793,63.793,0.6,0.61,0.38,0.4,0.01,0.02,78179.13,1776929762000
1776929764.153,64.153,0.61,0.62,0.38,0.4,0.01,0.02,78179.95,1776929763000
1776929764.556,64.556,0.61,0.62,0.38,0.39,0.01,0.01,78179.95,1776929763000
1776929764.901,64.901,0.6,0.62,0.38,0.39,0.02,0.01,78179.95,1776929763000
1776929765.256,65.256,0.6,0.61,0.39,0.4,0.01,0.01,78180.71,1776929764000
1776929765.732,65.732,0.6,0.61,0.39,0.4,0.01,0.01,78180.71,1776929764000
1776929766.205,66.205,0.6,0.61,0.39,0.4,0.01,0.01,78188.96,1776929765000
1776929766.682,66.682,0.6,0.61,0.39,0.4,0.01,0.01,78188.96,1776929765000
1776929767.146,67.146,0.6,0.61,0.39,0.4,0.01,0.01,78190.43,1776929766000
1776929767.483,67.483,0.6,0.61,0.39,0.4,0.01,0.01,78190.43,1776929766000
1776929767.835,67.835,0.6,0.61,0.39,0.4,0.01,0.01,78190.43,1776929766000
1776929768.192,68.192,0.6,0.61,0.39,0.4,0.01,0.01,78187.95,1776929767000
1776929768.831,68.831,0.6,0.61,0.39,0.4,0.01,0.01,78187.95,1776929767000
1776929769.436,69.436,0.59,0.6,0.4,0.41,0.01,0.01,78188.03,1776929768000
1776929769.779,69.779,0.59,0.6,0.4,0.41,0.01,0.01,78188.03,1776929768000
1776929770.202,70.202,0.59,0.6,0.4,0.41,0.01,0.01,78188.03,1776929768000
1776929770.802,70.802,0.59,0.6,0.4,0.41,0.01,0.01,78188.48,1776929769000
1776929771.233,71.233,0.56,0.57,0.43,0.44,0.01,0.01,78188.48,1776929770000
1776929771.612,71.612,0.54,0.55,0.45,0.46,0.01,0.01,78188.48,1776929770000
1776929771.946,71.946,0.53,0.54,0.45,0.46,0.01,0.01,78188.48,1776929770000
1776929772.288,72.288,0.51,0.52,0.47,0.49,0.01,0.02,78188.1,1776929771000
1776929772.63,72.63,0.49,0.5,0.5,0.51,0.01,0.01,78188.1,1776929771000
1776929773.003,73.003,0.48,0.49,0.5,0.52,0.01,0.02,78188.1,1776929771000
1776929773.359,73.359,0.47,0.48,0.51,0.53,0.01,0.02,78188.1,1776929771000
1776929773.754,73.754,0.47,0.48,0.52,0.53,0.01,0.01,78182.69,1776929772000
1776929774.156,74.156,0.47,0.48,0.52,0.53,0.01,0.01,78181.76,1776929773000
1776929774.509,74.509,0.47,0.48,0.52,0.53,0.01,0.01,78181.76,1776929773000
1776929775.036,75.036,0.47,0.48,0.52,0.53,0.01,0.01,78181.76,1776929773000
1776929775.516,75.516,0.47,0.48,0.52,0.53,0.01,0.01,78175.62,1776929774000
1776929775.914,75.914,0.46,0.47,0.52,0.54,0.01,0.02,78175.62,1776929774000
1776929776.369,76.369,0.46,0.47,0.53,0.54,0.01,0.01,78175.62,1776929774000
1776929776.742,76.742,0.46,0.47,0.53,0.54,0.01,0.01,78170.33,1776929775000
1776929777.178,77.178,0.46,0.47,0.53,0.54,0.01,0.01,78166.24,1776929776000
1776929777.56,77.56,0.46,0.47,0.53,0.54,0.01,0.01,78166.24,1776929776000
1776929777.93,77.93,0.45,0.47,0.53,0.54,0.02,0.01,78166.24,1776929776000
1776929778.351,78.351,0.45,0.46,0.54,0.55,0.01,0.01,78168.87,1776929777000
1776929778.785,78.785,0.45,0.46,0.54,0.55,0.01,0.01,78168.87,1776929777000
1776929779.224,79.224,0.45,0.46,0.54,0.55,0.01,0.01,78168.87,1776929777000
1776929779.63,79.63,0.43,0.46,0.54,0.57,0.03,0.03,78168.78,1776929778000
1776929780.011,80.011,0.45,0.46,0.54,0.55,0.01,0.01,78168.78,1776929778000
1776929780.346,80.346,0.44,0.46,0.54,0.56,0.02,0.02,78165.58,1776929779000
1776929780.799,80.799,0.44,0.45,0.55,0.56,0.01,0.01,78165.58,1776929779000
1776929781.178,81.178,0.43,0.44,0.56,0.57,0.01,0.01,78165.58,1776929779000
1776929781.563,81.563,0.42,0.43,0.57,0.58,0.01,0.01,78168.5,1776929780000
1776929781.92,81.92,0.42,0.43,0.57,0.58,0.01,0.01,78168.5,1776929780000
1776929782.337,82.337,0.42,0.43,0.57,0.58,0.01,0.01,78165.86,1776929781000
1776929782.696,82.696,0.42,0.43,0.57,0.58,0.01,0.01,78165.86,1776929781000
1776929783.104,83.104,0.41,0.42,0.58,0.59,0.01,0.01,78165.92,1776929782000
1776929783.447,83.447,0.4,0.41,0.59,0.6,0.01,0.01,78165.92,1776929782000
1776929783.953,83.953,0.4,0.41,0.59,0.6,0.01,0.01,78165.92,1776929782000
1776929784.356,84.356,0.4,0.41,0.59,0.6,0.01,0.01,78165.26,1776929783000
1776929784.788,84.788,0.4,0.41,0.59,0.6,0.01,0.01,78165.26,1776929783000
1776929785.141,85.141,0.4,0.41,0.59,0.6,0.01,0.01,78165.26,1776929783000
1776929785.491,85.491,0.4,0.41,0.59,0.6,0.01,0.01,78161.6,1776929784000
1776929785.842,85.842,0.4,0.41,0.59,0.6,0.01,0.01,78161.6,1776929784000
1776929786.21,86.21,0.4,0.41,0.59,0.6,0.01,0.01,78161.6,1776929784000
1776929786.554,86.554,0.4,0.41,0.59,0.6,0.01,0.01,78163.41,1776929785000
1776929787.043,87.043,0.4,0.41,0.59,0.6,0.01,0.01,78163.41,1776929785000
1776929787.464,87.464,0.4,0.41,0.59,0.6,0.01,0.01,78163.02,1776929786000
1776929787.903,87.903,0.4,0.41,0.59,0.6,0.01,0.01,78163.02,1776929786000
1776929788.25,88.25,0.4,0.41,0.59,0.6,0.01,0.01,78163.02,1776929786000
1776929788.596,88.596,0.4,0.41,0.59,0.6,0.01,0.01,78162.58,1776929787000
1776929788.931,88.931,0.4,0.41,0.59,0.6,0.01,0.01,78162.58,1776929787000
1776929789.274,89.274,0.4,0.41,0.59,0.6,0.01,0.01,78162.49,1776929788000
1776929789.608,89.608,0.4,0.41,0.59,0.6,0.01,0.01,78162.49,1776929788000
1776929789.951,89.951,0.4,0.41,0.59,0.6,0.01,0.01,78162.26,1776929789000
1776929790.297,90.297,0.4,0.41,0.59,0.6,0.01,0.01,78162.26,1776929789000
1776929790.72,90.72,0.38,0.39,0.61,0.62,0.01,0.01,78162.26,1776929789000
1776929791.198,91.198,0.38,0.39,0.61,0.62,0.01,0.01,78161.15,1776929790000
1776929791.655,91.655,0.37,0.38,0.62,0.63,0.01,0.01,78161.15,1776929790000
1776929792.01,92.01,0.37,0.38,0.62,0.63,0.01,0.01,78161.19,1776929791000
1776929792.396,92.396,0.37,0.38,0.62,0.63,0.01,0.01,78161.19,1776929791000
1776929792.893,92.893,0.36,0.37,0.63,0.64,0.01,0.01,78161.19,1776929791000
1776929793.386,93.386,0.36,0.37,0.63,0.64,0.01,0.01,78161.19,1776929791000
1776929793.945,93.945,0.36,0.37,0.63,0.64,0.01,0.01,78161.08,1776929792000
1776929794.463,94.463,0.36,0.37,0.63,0.64,0.01,0.01,78160.98,1776929793000
1776929794.96,94.96,0.36,0.37,0.63,0.64,0.01,0.01,78160.98,1776929793000
1776929795.477,95.477,0.36,0.37,0.63,0.64,0.01,0.01,78160.56,1776929794000
1776929795.965,95.965,0.36,0.37,0.63,0.64,0.01,0.01,78160.56,1776929794000
1776929796.484,96.484,0.36,0.37,0.63,0.64,0.01,0.01,78158.31,1776929795000
1776929796.993,96.993,0.36,0.37,0.63,0.64,0.01,0.01,78158.31,1776929795000
1776929797.331,97.331,0.36,0.37,0.63,0.64,0.01,0.01,78160.6,1776929796000
1776929797.711,97.711,0.36,0.37,0.63,0.64,0.01,0.01,78160.6,1776929796000
1776929798.045,98.045,0.35,0.36,0.64,0.65,0.01,0.01,78160.6,1776929796000
1776929798.383,98.383,0.34,0.35,0.65,0.66,0.01,0.01,78160.67,1776929797000
1776929798.732,98.732,0.34,0.35,0.65,0.66,0.01,0.01,78160.67,1776929797000
1776929799.124,99.124,0.34,0.35,0.65,0.66,0.01,0.01,78163.76,1776929798000
1776929799.58,99.58,0.35,0.36,0.64,0.65,0.01,0.01,78163.76,1776929798000
1776929799.949,99.949,0.35,0.36,0.64,0.65,0.01,0.01,78163.76,1776929798000
1776929800.353,100.353,0.35,0.36,0.64,0.65,0.01,0.01,78163.76,1776929798000
1776929800.734,100.734,0.35,0.36,0.64,0.65,0.01,0.01,78163.76,1776929798000
1776929801.079,101.079,0.35,0.36,0.64,0.65,0.01,0.01,78156.59,1776929799000
1776929801.591,101.591,0.35,0.36,0.64,0.65,0.01,0.01,78156.59,1776929799000
1776929801.926,101.926,0.35,0.36,0.64,0.65,0.01,0.01,78156.69,1776929801000
1776929802.265,102.265,0.35,0.36,0.64,0.65,0.01,0.01,78156.69,1776929801000
1776929802.779,102.779,0.35,0.36,0.64,0.65,0.01,0.01,78156.69,1776929801000
1776929803.174,103.174,0.35,0.36,0.64,0.65,0.01,0.01,78156.69,1776929801000
1776929803.592,103.592,0.34,0.35,0.64,0.66,0.01,0.02,78153.81,1776929802000
1776929803.965,103.965,0.34,0.35,0.65,0.66,0.01,0.01,78153.81,1776929802000
1776929804.301,104.301,0.34,0.35,0.65,0.66,0.01,0.01,78154.72,1776929803000
1776929804.652,104.652,0.34,0.35,0.65,0.66,0.01,0.01,78154.72,1776929803000
1776929805.047,105.047,0.34,0.35,0.65,0.66,0.01,0.01,78154.72,1776929803000
1776929805.491,105.491,0.34,0.35,0.65,0.66,0.01,0.01,78154.72,1776929803000
1776929805.915,105.915,0.34,0.35,0.65,0.66,0.01,0.01,78154.72,1776929803000
1776929806.39,106.39,0.34,0.35,0.65,0.66,0.01,0.01,78153.57,1776929805000
1776929806.738,106.738,0.33,0.34,0.66,0.67,0.01,0.01,78153.57,1776929805000
1776929807.075,107.075,0.33,0.34,0.66,0.67,0.01,0.01,78153.57,1776929805000
1776929807.59,107.59,0.33,0.34,0.66,0.67,0.01,0.01,78150.85,1776929806000
1776929807.936,107.936,0.3,0.32,0.68,0.7,0.02,0.02,78150.85,1776929806000
1776929808.288,108.288,0.19,0.2,0.8,0.81,0.01,0.01,78150.85,1776929806000
1776929808.629,108.629,0.17,0.18,0.82,0.83,0.01,0.01,78153.27,1776929807000
1776929808.997,108.997,0.17,0.18,0.82,0.83,0.01,0.01,78153.27,1776929807000
1776929809.358,109.358,0.17,0.18,0.82,0.83,0.01,0.01,78150.47,1776929808000
1776929809.713,109.713,0.17,0.18,0.82,0.83,0.01,0.01,78150.47,1776929808000
1776929810.18,110.18,0.17,0.18,0.82,0.83,0.01,0.01,78150.47,1776929808000
1776929810.539,110.539,0.17,0.21,0.82,0.83,0.04,0.01,78134.47,1776929809000
1776929810.88,110.88,0.2,0.21,0.79,0.8,0.01,0.01,78134.47,1776929809000
1776929811.3,111.3,0.2,0.21,0.79,0.8,0.01,0.01,78134.47,1776929809000
1776929811.653,111.653,0.2,0.21,0.79,0.8,0.01,0.01,78131.19,1776929810000
1776929812.027,112.027,0.21,0.22,0.78,0.8,0.01,0.02,78131.19,1776929810000
1776929812.402,112.402,0.21,0.25,0.78,0.79,0.04,0.01,78131.19,1776929810000
1776929812.741,112.741,0.24,0.25,0.75,0.76,0.01,0.01,78128.35,1776929811000
1776929813.136,113.136,0.24,0.25,0.75,0.76,0.01,0.01,78128.53,1776929812000
1776929813.618,113.618,0.24,0.25,0.75,0.76,0.01,0.01,78128.53,1776929812000
1776929814.144,114.144,0.24,0.25,0.75,0.76,0.01,0.01,78128.53,1776929812000
1776929814.543,114.543,0.24,0.25,0.75,0.76,0.01,0.01,78128.59,1776929813000
1776929814.965,114.965,0.24,0.25,0.75,0.76,0.01,0.01,78128.59,1776929813000
1776929815.387,115.387,0.24,0.25,0.75,0.76,0.01,0.01,78128.59,1776929813000
1776929815.722,115.722,0.24,0.25,0.75,0.76,0.01,0.01,78128.59,1776929813000
1776929816.197,116.197,0.23,0.24,0.76,0.77,0.01,0.01,78129.21,1776929814000
1776929816.572,116.572,0.23,0.24,0.76,0.77,0.01,0.01,78129.07,1776929815000
1776929816.924,116.924,0.23,0.24,0.76,0.77,0.01,0.01,78129.07,1776929815000
1776929817.324,117.324,0.23,0.24,0.76,0.77,0.01,0.01,78129.07,1776929815000
1776929817.659,117.659,0.23,0.24,0.76,0.77,0.01,0.01,78130,1776929816000
1776929818.062,118.062,0.23,0.24,0.76,0.77,0.01,0.01,78130,1776929816000
1776929818.698,118.698,0.23,0.24,0.76,0.77,0.01,0.01,78128.7,1776929817000
1776929819.069,119.069,0.23,0.24,0.76,0.77,0.01,0.01,78128.7,1776929817000
1776929819.584,119.584,0.23,0.24,0.76,0.77,0.01,0.01,78128.7,1776929817000
1776929820.014,120.014,0.23,0.24,0.76,0.77,0.01,0.01,78129.06,1776929818000
1776929820.48,120.48,0.23,0.24,0.76,0.77,0.01,0.01,78128.38,1776929819000
1776929820.85,120.85,0.23,0.24,0.76,0.77,0.01,0.01,78128.38,1776929819000
1776929821.276,121.276,0.22,0.23,0.77,0.78,0.01,0.01,78128.38,1776929820000
1776929821.621,121.621,0.22,0.23,0.77,0.78,0.01,0.01,78128.38,1776929820000
1776929821.98,121.98,0.22,0.23,0.77,0.78,0.01,0.01,78128.38,1776929820000
1776929822.371,122.371,0.22,0.23,0.77,0.78,0.01,0.01,78129.41,1776929821000
1776929822.725,122.725,0.22,0.23,0.77,0.78,0.01,0.01,78129.41,1776929821000
1776929823.105,123.105,0.22,0.23,0.77,0.78,0.01,0.01,78129.41,1776929821000
1776929823.517,123.517,0.22,0.23,0.77,0.78,0.01,0.01,78129.41,1776929821000
1776929823.868,123.868,0.22,0.23,0.77,0.78,0.01,0.01,78130.59,1776929822000
1776929824.242,124.242,0.22,0.23,0.77,0.78,0.01,0.01,78130.59,1776929822000
1776929824.601,124.601,0.22,0.23,0.77,0.78,0.01,0.01,78131.21,1776929823000
1776929824.954,124.954,0.21,0.22,0.77,0.79,0.01,0.02,78131.21,1776929823000
1776929825.303,125.303,0.21,0.22,0.78,0.79,0.01,0.01,78131.21,1776929823000
1776929825.754,125.754,0.21,0.22,0.78,0.79,0.01,0.01,78130.88,1776929824000
1776929826.128,126.128,0.21,0.22,0.78,0.79,0.01,0.01,78130.88,1776929824000
1776929826.483,126.483,0.21,0.22,0.78,0.79,0.01,0.01,78131.23,1776929825000
1776929826.864,126.864,0.2,0.21,0.79,0.8,0.01,0.01,78131.23,1776929825000
1776929827.284,127.284,0.2,0.21,0.79,0.8,0.01,0.01,78131.23,1776929825000
1776929827.7,127.7,0.2,0.21,0.79,0.8,0.01,0.01,78128.26,1776929826000
1776929828.128,128.128,0.2,0.21,0.79,0.8,0.01,0.01,78128.26,1776929826000
1776929828.507,128.507,0.2,0.21,0.79,0.8,0.01,0.01,78127.45,1776929827000
1776929828.911,128.911,0.2,0.21,0.79,0.8,0.01,0.01,78127.45,1776929827000
1776929829.267,129.267,0.19,0.2,0.8,0.81,0.01,0.01,78127.45,1776929827000
1776929829.702,129.702,0.19,0.2,0.8,0.81,0.01,0.01,78120.18,1776929828000
1776929830.051,130.051,0.19,0.2,0.8,0.81,0.01,0.01,78120.18,1776929828000
1776929830.511,130.511,0.19,0.2,0.8,0.81,0.01,0.01,78119.52,1776929829000
1776929830.908,130.908,0.18,0.19,0.81,0.82,0.01,0.01,78119.52,1776929829000
1776929831.293,131.293,0.18,0.19,0.81,0.82,0.01,0.01,78119.52,1776929829000
1776929831.647,131.647,0.18,0.19,0.81,0.82,0.01,0.01,78119.52,1776929829000
1776929832.105,132.105,0.18,0.19,0.81,0.82,0.01,0.01,78119.46,1776929830000
1776929832.672,132.672,0.18,0.19,0.81,0.82,0.01,0.01,78119.71,1776929831000
1776929833.233,133.233,0.18,0.19,0.81,0.82,0.01,0.01,78119.71,1776929832000
1776929833.682,133.682,0.18,0.19,0.81,0.82,0.01,0.01,78119.71,1776929832000
1776929834.266,134.266,0.18,0.19,0.81,0.82,0.01,0.01,78119.71,1776929832000
1776929834.618,134.618,0.18,0.19,0.81,0.82,0.01,0.01,78119.71,1776929832000
1776929835.039,135.039,0.17,0.18,0.82,0.83,0.01,0.01,78116.96,1776929833000
1776929835.656,135.656,0.15,0.17,0.83,0.85,0.02,0.02,78116.96,1776929833000
1776929836.016,136.016,0.15,0.17,0.83,0.85,0.02,0.02,78113.19,1776929834000
1776929836.387,136.387,0.14,0.15,0.85,0.86,0.01,0.01,78113.19,1776929834000
1776929836.8,136.8,0.14,0.15,0.85,0.86,0.01,0.01,78108.65,1776929835000
1776929837.332,137.332,0.14,0.16,0.85,0.86,0.02,0.01,78108.65,1776929835000
1776929837.764,137.764,0.14,0.15,0.84,0.86,0.01,0.02,78108.65,1776929835000
1776929838.552,138.552,0.14,0.15,0.85,0.86,0.01,0.01,78105.18,1776929836000
1776929838.947,138.947,0.12,0.14,0.86,0.87,0.02,0.01,78102.97,1776929837000
1776929839.3,139.3,0.12,0.13,0.87,0.88,0.01,0.01,78102.97,1776929837000
1776929839.711,139.711,0.12,0.13,0.87,0.88,0.01,0.01,78102.97,1776929838000
1776929840.045,140.045,0.1,0.12,0.88,0.9,0.02,0.02,78102.97,1776929838000
1776929840.404,140.404,0.1,0.11,0.89,0.9,0.01,0.01,78102.86,1776929839000
1776929840.782,140.782,0.1,0.11,0.89,0.9,0.01,0.01,78102.86,1776929839000
1776929841.125,141.125,0.1,0.11,0.89,0.9,0.01,0.01,78102.86,1776929839000
1776929841.464,141.464,0.1,0.11,0.89,0.9,0.01,0.01,78102.75,1776929840000
1776929841.9,141.9,0.1,0.11,0.89,0.9,0.01,0.01,78102.75,1776929840000
1776929842.292,142.292,0.1,0.11,0.89,0.9,0.01,0.01,78102.75,1776929840000
1776929842.65,142.65,0.1,0.11,0.89,0.9,0.01,0.01,78102.75,1776929840000
1776929843.02,143.02,0.1,0.11,0.89,0.9,0.01,0.01,78094.94,1776929841000
1776929843.355,143.355,0.1,0.11,0.89,0.9,0.01,0.01,78095.82,1776929842000
1776929843.708,143.708,0.1,0.11,0.89,0.9,0.01,0.01,78095.82,1776929842000
1776929844.071,144.071,0.1,0.11,0.89,0.9,0.01,0.01,78095.82,1776929842000
1776929844.755,144.755,0.1,0.11,0.89,0.9,0.01,0.01,78094.22,1776929843000
1776929845.113,145.113,0.1,0.11,0.89,0.9,0.01,0.01,78094.22,1776929843000
1776929845.472,145.472,0.1,0.11,0.89,0.9,0.01,0.01,78094.22,1776929843000
1776929845.898,145.898,0.1,0.11,0.89,0.9,0.01,0.01,78092.66,1776929844000
1776929846.256,146.256,0.1,0.11,0.89,0.9,0.01,0.01,78091.97,1776929845000
1776929846.607,146.607,0.1,0.11,0.89,0.9,0.01,0.01,78091.97,1776929845000
1776929847.055,147.055,0.1,0.11,0.89,0.9,0.01,0.01,78091.97,1776929845000
1776929847.61,147.61,0.1,0.11,0.89,0.9,0.01,0.01,78090.69,1776929846000
1776929848.071,148.071,0.1,0.11,0.89,0.9,0.01,0.01,78090.69,1776929846000
1776929848.662,148.662,0.09,0.1,0.9,0.91,0.01,0.01,78092.59,1776929847000
1776929849.059,149.059,0.09,0.1,0.9,0.91,0.01,0.01,78092.59,1776929847000
1776929849.43,149.43,0.09,0.1,0.9,0.91,0.01,0.01,78092.59,1776929847000
1776929849.783,149.783,0.09,0.1,0.9,0.91,0.01,0.01,78091.46,1776929848000
1776929850.251,150.251,0.09,0.1,0.9,0.91,0.01,0.01,78091.46,1776929848000
1776929850.6,150.6,0.09,0.1,0.9,0.91,0.01,0.01,78088.15,1776929849000
1776929850.955,150.955,0.09,0.1,0.9,0.91,0.01,0.01,78088.15,1776929849000
1776929851.386,151.386,0.07,0.08,0.92,0.93,0.01,0.01,78088.15,1776929849000
1776929851.916,151.916,0.06,0.07,0.93,0.94,0.01,0.01,78088.15,1776929849000
1776929852.273,152.273,0.06,0.07,0.93,0.94,0.01,0.01,78085.12,1776929851000
1776929852.691,152.691,0.06,0.07,0.93,0.94,0.01,0.01,78085.12,1776929851000
1776929853.199,153.199,0.05,0.06,0.93,0.95,0.01,0.02,78085.12,1776929851000
1776929853.831,153.831,0.05,0.06,0.94,0.95,0.01,0.01,78079.41,1776929852000
1776929854.275,154.275,0.05,0.06,0.94,0.95,0.01,0.01,78069.44,1776929853000
1776929854.673,154.673,0.05,0.06,0.94,0.95,0.01,0.01,78069.44,1776929853000
1776929855.019,155.019,0.05,0.06,0.94,0.95,0.01,0.01,78069.44,1776929853000
1776929855.371,155.371,0.04,0.05,0.95,0.96,0.01,0.01,78061.78,1776929854000
1776929855.708,155.708,0.04,0.05,0.95,0.96,0.01,0.01,78061.78,1776929854000
1776929856.048,156.048,0.04,0.06,0.94,0.96,0.02,0.02,78061.78,1776929854000
1776929856.647,156.647,0.04,0.05,0.95,0.96,0.01,0.01,78062.97,1776929855000
1776929856.993,156.993,0.04,0.05,0.95,0.96,0.01,0.01,78062.97,1776929855000
1776929857.344,157.344,0.04,0.05,0.95,0.96,0.01,0.01,78062.97,1776929855000
1776929857.896,157.896,0.04,0.05,0.95,0.96,0.01,0.01,78062.09,1776929857000
1776929858.265,158.265,0.04,0.05,0.95,0.96,0.01,0.01,78062.09,1776929857000
1776929858.623,158.623,0.04,0.05,0.95,0.96,0.01,0.01,78062.09,1776929857000
1776929858.993,158.993,0.04,0.05,0.95,0.96,0.01,0.01,78063.52,1776929858000
1776929859.336,159.336,0.05,0.06,0.94,0.95,0.01,0.01,78063.52,1776929858000
1776929859.685,159.685,0.05,0.06,0.94,0.95,0.01,0.01,78063.52,1776929858000
1776929860.117,160.117,0.05,0.06,0.94,0.95,0.01,0.01,78067.72,1776929859000
1776929860.476,160.476,0.05,0.06,0.94,0.95,0.01,0.01,78067.72,1776929859000
1776929860.93,160.93,0.05,0.06,0.94,0.95,0.01,0.01,78067.72,1776929859000
1776929861.29,161.29,0.05,0.06,0.94,0.95,0.01,0.01,78070.78,1776929860000
1776929861.654,161.654,0.04,0.05,0.94,0.95,0.01,0.01,78070.78,1776929860000
1776929862.259,162.259,0.06,0.07,0.93,0.95,0.01,0.02,78070.78,1776929860000
1776929862.609,162.609,0.06,0.07,0.93,0.94,0.01,0.01,78073.46,1776929861000
1776929863.053,163.053,0.06,0.07,0.93,0.94,0.01,0.01,78073.46,1776929861000
1776929863.411,163.411,0.06,0.07,0.93,0.94,0.01,0.01,78073.64,1776929862000
1776929863.794,163.794,0.06,0.07,0.93,0.94,0.01,0.01,78073.64,1776929862000
1776929864.295,164.295,0.06,0.07,0.93,0.94,0.01,0.01,78073.64,1776929863000
1776929864.651,164.651,0.06,0.07,0.93,0.94,0.01,0.01,78073.64,1776929863000
1776929865.023,165.023,0.07,0.08,0.92,0.93,0.01,0.01,78073.64,1776929863000
1776929865.421,165.421,0.07,0.08,0.92,0.93,0.01,0.01,78073.72,1776929864000
1776929866.066,166.066,0.07,0.08,0.92,0.93,0.01,0.01,78073.72,1776929864000
1776929866.564,166.564,0.07,0.08,0.92,0.93,0.01,0.01,78073.72,1776929864000
1776929867.398,167.398,0.07,0.08,0.92,0.93,0.01,0.01,78088.53,1776929866000
1776929867.743,167.743,0.07,0.08,0.92,0.93,0.01,0.01,78088.53,1776929866000
1776929868.146,168.146,0.07,0.08,0.92,0.93,0.01,0.01,78089.32,1776929867000
1776929868.51,168.51,0.07,0.08,0.92,0.93,0.01,0.01,78089.32,1776929867000
1776929869.075,169.075,0.05,0.06,0.94,0.95,0.01,0.01,78089.28,1776929868000
1776929869.432,169.432,0.07,0.08,0.92,0.95,0.01,0.03,78089.28,1776929868000
1776929869.885,169.885,0.08,0.09,0.91,0.92,0.01,0.01,78089.28,1776929868000
1776929870.271,170.271,0.08,0.09,0.91,0.92,0.01,0.01,78090.53,1776929869000
1776929870.612,170.612,0.08,0.09,0.91,0.92,0.01,0.01,78090.53,1776929869000
1776929871.133,171.133,0.08,0.09,0.91,0.92,0.01,0.01,78090.53,1776929869000
1776929871.697,171.697,0.08,0.09,0.91,0.92,0.01,0.01,78092.68,1776929870000
1776929872.193,172.193,0.08,0.09,0.91,0.92,0.01,0.01,78092.68,1776929870000
1776929873.461,173.461,0.08,0.09,0.91,0.92,0.01,0.01,78097.96,1776929872000
1776929873.915,173.915,0.08,0.09,0.91,0.92,0.01,0.01,78097.96,1776929872000
1776929874.305,174.305,0.08,0.09,0.91,0.92,0.01,0.01,78097.99,1776929873000
1776929874.649,174.649,0.08,0.09,0.91,0.92,0.01,0.01,78097.99,1776929873000
1776929875.098,175.098,0.08,0.09,0.91,0.92,0.01,0.01,78097.99,1776929873000
1776929875.866,175.866,0.08,0.09,0.91,0.92,0.01,0.01,78096.09,1776929874000
1776929876.387,176.387,0.08,0.09,0.91,0.92,0.01,0.01,78096.46,1776929875000
1776929876.978,176.978,0.08,0.09,0.91,0.92,0.01,0.01,78096.46,1776929875000
1776929877.346,177.346,0.08,0.09,0.91,0.92,0.01,0.01,78096.46,1776929875000
1776929877.694,177.694,0.08,0.09,0.91,0.92,0.01,0.01,78098.26,1776929876000
1776929878.054,178.054,0.08,0.09,0.91,0.92,0.01,0.01,78098.14,1776929877000
1776929878.403,178.403,0.08,0.09,0.91,0.92,0.01,0.01,78098.14,1776929877000
1776929878.751,178.751,0.08,0.09,0.91,0.92,0.01,0.01,78098.14,1776929877000
1776929879.228,179.228,0.08,0.09,0.91,0.92,0.01,0.01,78098.14,1776929877000
1776929879.576,179.576,0.08,0.09,0.91,0.92,0.01,0.01,78098.14,1776929878000
1776929879.941,179.941,0.08,0.09,0.91,0.92,0.01,0.01,78098.14,1776929878000
1776929880.299,180.299,0.08,0.09,0.91,0.92,0.01,0.01,78098.14,1776929878000
1776929880.653,180.653,0.07,0.08,0.92,0.93,0.01,0.01,78098.9,1776929879000
1776929881.01,181.01,0.07,0.08,0.92,0.93,0.01,0.01,78098.9,1776929879000
1776929881.427,181.427,0.07,0.08,0.92,0.93,0.01,0.01,78099.11,1776929880000
1776929881.814,181.814,0.07,0.08,0.92,0.93,0.01,0.01,78099.11,1776929880000
1776929882.186,182.186,0.07,0.08,0.92,0.93,0.01,0.01,78099.11,1776929880000
1776929882.591,182.591,0.07,0.08,0.92,0.93,0.01,0.01,78099.11,1776929880000
1776929883.066,183.066,0.07,0.08,0.92,0.93,0.01,0.01,78098.35,1776929881000
1776929883.486,183.486,0.07,0.08,0.92,0.93,0.01,0.01,78098.72,1776929882000
1776929883.844,183.844,0.07,0.08,0.92,0.93,0.01,0.01,78098.72,1776929882000
1776929884.317,184.317,0.07,0.08,0.92,0.93,0.01,0.01,78098.72,1776929883000
1776929884.737,184.737,0.07,0.08,0.92,0.93,0.01,0.01,78098.72,1776929883000
1776929885.23,185.23,0.07,0.08,0.92,0.93,0.01,0.01,78098.72,1776929883000
1776929885.589,185.589,0.07,0.08,0.92,0.93,0.01,0.01,78098.72,1776929884000
1776929886.29,186.29,0.07,0.08,0.92,0.93,0.01,0.01,78098.72,1776929884000
1776929886.643,186.643,0.07,0.08,0.92,0.93,0.01,0.01,78098.35,1776929885000
1776929887.078,187.078,0.07,0.08,0.92,0.93,0.01,0.01,78098.35,1776929885000
1776929887.483,187.483,0.07,0.08,0.92,0.93,0.01,0.01,78098.35,1776929886000
1776929887.84,187.84,0.07,0.08,0.92,0.93,0.01,0.01,78098.35,1776929886000
1776929888.229,188.229,0.07,0.08,0.92,0.93,0.01,0.01,78098.35,1776929886000
1776929888.626,188.626,0.07,0.08,0.92,0.93,0.01,0.01,78099.18,1776929887000
1776929889.171,189.171,0.07,0.08,0.92,0.93,0.01,0.01,78099.18,1776929887000
1776929889.541,189.541,0.07,0.08,0.92,0.93,0.01,0.01,78100.18,1776929888000
1776929890.071,190.071,0.07,0.08,0.92,0.93,0.01,0.01,78099.2,1776929889000
1776929890.533,190.533,0.07,0.08,0.92,0.93,0.01,0.01,78099.2,1776929889000
1776929890.87,190.87,0.07,0.08,0.92,0.93,0.01,0.01,78099.2,1776929889000
1776929891.219,191.219,0.07,0.08,0.92,0.93,0.01,0.01,78098.61,1776929890000
1776929891.723,191.723,0.06,0.07,0.92,0.93,0.01,0.01,78098.61,1776929890000
1776929892.484,192.484,0.06,0.07,0.93,0.94,0.01,0.01,78098.61,1776929890000
1776929892.9,192.9,0.06,0.07,0.93,0.94,0.01,0.01,78098.61,1776929891000
1776929893.508,193.508,0.06,0.07,0.93,0.94,0.01,0.01,78098.68,1776929892000
1776929894.231,194.231,0.06,0.07,0.93,0.94,0.01,0.01,78096.78,1776929893000
1776929894.695,194.695,0.06,0.07,0.93,0.94,0.01,0.01,78096.78,1776929893000
1776929895.046,195.046,0.06,0.07,0.93,0.94,0.01,0.01,78096.78,1776929893000
1776929895.707,195.707,0.06,0.07,0.93,0.94,0.01,0.01,78096.06,1776929894000
1776929896.567,196.567,0.06,0.07,0.93,0.94,0.01,0.01,78098.26,1776929895000
1776929896.904,196.904,0.06,0.07,0.93,0.94,0.01,0.01,78098.26,1776929895000
1776929898.099,198.099,0.06,0.07,0.93,0.94,0.01,0.01,78100.96,1776929896000
1776929898.55,198.55,0.05,0.07,0.93,0.94,0.02,0.01,78100.9,1776929897000
1776929899.004,199.004,0.05,0.06,0.94,0.95,0.01,0.01,78100.9,1776929897000
1776929899.459,199.459,0.05,0.06,0.94,0.95,0.01,0.01,78101.38,1776929898000
1776929899.904,199.904,0.05,0.06,0.94,0.95,0.01,0.01,78101.38,1776929899000
1776929900.27,200.27,0.05,0.06,0.94,0.95,0.01,0.01,78101.38,1776929899000
1776929900.663,200.663,0.04,0.05,0.94,0.96,0.01,0.02,78101.38,1776929899000
1776929901.028,201.028,0.04,0.05,0.95,0.96,0.01,0.01,78101.38,1776929900000
1776929901.381,201.381,0.04,0.05,0.95,0.96,0.01,0.01,78101.38,1776929900000
1776929901.733,201.733,0.04,0.05,0.95,0.96,0.01,0.01,78101.38,1776929900000
1776929902.149,202.149,0.04,0.05,0.95,0.96,0.01,0.01,78101.67,1776929901000
1776929902.761,202.761,0.04,0.05,0.95,0.96,0.01,0.01,78101.67,1776929901000
1776929903.094,203.094,0.04,0.05,0.95,0.96,0.01,0.01,78098.18,1776929902000
1776929903.748,203.748,0.04,0.05,0.95,0.96,0.01,0.01,78098.18,1776929902000
1776929904.143,204.143,0.04,0.05,0.95,0.96,0.01,0.01,78098.18,1776929902000
1776929904.538,204.538,0.04,0.05,0.95,0.96,0.01,0.01,78096.75,1776929903000
1776929905.147,205.147,0.04,0.05,0.95,0.96,0.01,0.01,78095.16,1776929904000
1776929905.503,205.503,0.04,0.05,0.95,0.96,0.01,0.01,78095.16,1776929904000
1776929906.161,206.161,0.04,0.05,0.95,0.96,0.01,0.01,78095.16,1776929905000
1776929907.071,207.071,0.04,0.05,0.95,0.96,0.01,0.01,78095.16,1776929905000
1776929907.428,207.428,0.04,0.05,0.95,0.96,0.01,0.01,78095.2,1776929906000
1776929908.222,208.222,0.04,0.05,0.95,0.96,0.01,0.01,78095.67,1776929907000
1776929909.228,209.228,0.04,0.05,0.95,0.96,0.01,0.01,78095.31,1776929908000
1776929909.677,209.677,0.04,0.05,0.95,0.96,0.01,0.01,78095.31,1776929908000
1776929910.107,210.107,0.04,0.06,0.95,0.96,0.02,0.01,78095.31,1776929908000
1776929910.45,210.45,0.03,0.04,0.96,0.97,0.01,0.01,78095.6,1776929909000
1776929911.404,211.404,0.03,0.04,0.96,0.97,0.01,0.01,78095.6,1776929909000
1776929911.745,211.745,0.03,0.04,0.96,0.97,0.01,0.01,78095.6,1776929909000
1776929912.085,212.085,0.03,0.05,0.95,0.97,0.02,0.02,78095.52,1776929910000
1776929912.422,212.422,0.03,0.05,0.95,0.97,0.02,0.02,78098.02,1776929911000
1776929913.012,213.012,0.03,0.04,0.96,0.97,0.01,0.01,78098.02,1776929911000
1776929913.377,213.377,0.03,0.04,0.96,0.97,0.01,0.01,78098.26,1776929912000
1776929914.007,214.007,0.03,0.04,0.96,0.97,0.01,0.01,78098.26,1776929912000
1776929914.421,214.421,0.03,0.04,0.96,0.97,0.01,0.01,78098.26,1776929912000
1776929914.766,214.766,0.03,0.04,0.96,0.97,0.01,0.01,78095.98,1776929913000
1776929915.146,215.146,0.03,0.04,0.96,0.97,0.01,0.01,78092.54,1776929914000
1776929915.492,215.492,0.03,0.04,0.96,0.97,0.01,0.01,78092.54,1776929914000
1776929915.842,215.842,0.03,0.04,0.96,0.97,0.01,0.01,78092.54,1776929914000
1776929916.347,216.347,0.03,0.04,0.96,0.97,0.01,0.01,78091.91,1776929915000
1776929916.808,216.808,0.03,0.04,0.96,0.97,0.01,0.01,78091.91,1776929915000
1776929917.264,217.264,0.03,0.04,0.96,0.97,0.01,0.01,78090.28,1776929916000
1776929917.704,217.704,0.03,0.04,0.96,0.97,0.01,0.01,78090.28,1776929916000
1776929918.048,218.048,0.03,0.04,0.96,0.97,0.01,0.01,78090.28,1776929916000
1776929918.521,218.521,0.03,0.04,0.96,0.97,0.01,0.01,78087.22,1776929917000
1776929918.862,218.862,0.03,0.04,0.96,0.97,0.01,0.01,78087.22,1776929917000
1776929919.493,219.493,0.02,0.03,0.97,0.98,0.01,0.01,78084.8,1776929918000
1776929919.975,219.975,0.02,0.03,0.97,0.98,0.01,0.01,78084.8,1776929918000
1776929920.327,220.327,0.02,0.04,0.97,0.98,0.02,0.01,78086.16,1776929919000
1776929920.674,220.674,0.03,0.04,0.96,0.97,0.01,0.01,78086.16,1776929919000
1776929921.017,221.017,0.02,0.04,0.96,0.97,0.02,0.01,78086.16,1776929919000
1776929921.516,221.516,0.03,0.04,0.96,0.97,0.01,0.01,78084.78,1776929920000
1776929921.992,221.992,0.02,0.03,0.96,0.98,0.01,0.02,78084.78,1776929920000
1776929923.052,223.052,0.02,0.03,0.97,0.98,0.01,0.01,78086.26,1776929922000
1776929923.484,223.484,0.04,0.05,0.95,0.98,0.01,0.03,78086.26,1776929922000
1776929923.819,223.819,0.03,0.04,0.96,0.97,0.01,0.01,78086.26,1776929922000
1776929924.157,224.157,0.03,0.04,0.96,0.97,0.01,0.01,78086.35,1776929923000
1776929924.556,224.556,0.03,0.04,0.96,0.97,0.01,0.01,78086.35,1776929923000
1776929925.04,225.04,0.03,0.04,0.96,0.97,0.01,0.01,78086.35,1776929923000
1776929925.512,225.512,0.03,0.04,0.96,0.97,0.01,0.01,78089.76,1776929924000
1776929925.932,225.932,0.03,0.04,0.96,0.97,0.01,0.01,78089.76,1776929924000
1776929926.396,226.396,0.03,0.04,0.96,0.97,0.01,0.01,78097.13,1776929925000
1776929926.807,226.807,0.03,0.04,0.96,0.97,0.01,0.01,78097.13,1776929925000
1776929927.43,227.43,0.03,0.04,0.96,0.97,0.01,0.01,78105.07,1776929926000
1776929927.766,227.766,0.03,0.04,0.96,0.97,0.01,0.01,78105.07,1776929926000
1776929928.189,228.189,0.03,0.04,0.96,0.97,0.01,0.01,78104.88,1776929927000
1776929928.581,228.581,0.03,0.04,0.96,0.97,0.01,0.01,78104.88,1776929927000
1776929929.102,229.102,0.03,0.04,0.96,0.97,0.01,0.01,78104.88,1776929927000
1776929929.531,229.531,0.03,0.04,0.96,0.97,0.01,0.01,78104.5,1776929928000
1776929929.966,229.966,0.03,0.04,0.96,0.97,0.01,0.01,78104.5,1776929928000
1776929930.451,230.451,0.03,0.04,0.96,0.97,0.01,0.01,78104.55,1776929929000
1776929930.807,230.807,0.03,0.05,0.96,0.97,0.02,0.01,78104.55,1776929929000
1776929931.355,231.355,0.04,0.05,0.95,0.97,0.01,0.02,78109.21,1776929930000
1776929931.769,231.769,0.04,0.05,0.95,0.96,0.01,0.01,78109.21,1776929930000
1776929932.13,232.13,0.04,0.05,0.95,0.96,0.01,0.01,78112.0,1776929931000
1776929932.467,232.467,0.04,0.05,0.95,0.96,0.01,0.01,78112.0,1776929931000
1776929933.022,233.022,0.04,0.05,0.95,0.96,0.01,0.01,78112.0,1776929931000
1776929933.403,233.403,0.05,0.06,0.94,0.95,0.01,0.01,78111.74,1776929932000
1776929933.773,233.773,0.05,0.06,0.94,0.95,0.01,0.01,78111.74,1776929932000
1776929934.173,234.173,0.05,0.06,0.94,0.95,0.01,0.01,78111.74,1776929932000
1776929934.657,234.657,0.05,0.06,0.94,0.95,0.01,0.01,78114.94,1776929933000
1776929935.217,235.217,0.05,0.06,0.94,0.95,0.01,0.01,78119.38,1776929934000
1776929935.592,235.592,0.05,0.06,0.94,0.95,0.01,0.01,78119.38,1776929934000
1776929936.004,236.004,0.05,0.06,0.94,0.95,0.01,0.01,78119.38,1776929934000
1776929936.652,236.652,0.05,0.06,0.94,0.95,0.01,0.01,78120.8,1776929935000
1776929936.985,236.985,0.05,0.06,0.94,0.95,0.01,0.01,78120.8,1776929935000
1776929937.351,237.351,0.05,0.06,0.94,0.95,0.01,0.01,78123.16,1776929936000
1776929937.736,237.736,0.05,0.06,0.94,0.95,0.01,0.01,78123.16,1776929936000
1776929938.129,238.129,0.05,0.06,0.94,0.95,0.01,0.01,78123.34,1776929937000
1776929939.314,239.314,0.05,0.06,0.94,0.95,0.01,0.01,78121.92,1776929938000
1776929939.687,239.687,0.05,0.06,0.94,0.95,0.01,0.01,78121.92,1776929938000
1776929940.041,240.041,0.05,0.06,0.94,0.95,0.01,0.01,78121.92,1776929938000
1776929940.457,240.457,0.05,0.06,0.94,0.95,0.01,0.01,78121.92,1776929939000
1776929940.792,240.792,0.05,0.06,0.94,0.95,0.01,0.01,78121.92,1776929939000
1776929941.166,241.166,0.05,0.06,0.94,0.95,0.01,0.01,78121.92,1776929939000
1776929941.505,241.505,0.05,0.06,0.94,0.95,0.01,0.01,78121.92,1776929939000
1776929941.97,241.97,0.05,0.06,0.94,0.95,0.01,0.01,78123.17,1776929940000
1776929942.692,242.692,0.05,0.06,0.94,0.95,0.01,0.01,78123.16,1776929941000
1776929943.239,243.239,0.05,0.06,0.94,0.95,0.01,0.01,78123.16,1776929941000
1776929944.337,244.337,0.05,0.06,0.94,0.95,0.01,0.01,78123.54,1776929942000
1776929944.73,244.73,0.05,0.06,0.94,0.95,0.01,0.01,78123.54,1776929943000
1776929945.125,245.125,0.04,0.05,0.94,0.95,0.01,0.01,78123.54,1776929943000
1776929945.485,245.485,0.04,0.05,0.95,0.96,0.01,0.01,78123.53,1776929944000
1776929945.837,245.837,0.04,0.06,0.95,0.96,0.02,0.01,78123.53,1776929944000
1776929946.22,246.22,0.04,0.06,0.94,0.96,0.02,0.02,78123.53,1776929945000
1776929946.88,246.88,0.04,0.05,0.95,0.96,0.01,0.01,78123.53,1776929945000
1776929947.313,247.313,0.04,0.05,0.95,0.96,0.01,0.01,78123.5,1776929946000
1776929947.703,247.703,0.04,0.05,0.95,0.96,0.01,0.01,78123.5,1776929946000
1776929948.185,248.185,0.04,0.05,0.95,0.96,0.01,0.01,78123.51,1776929947000
1776929948.927,248.927,0.04,0.06,0.95,0.96,0.02,0.01,78123.51,1776929947000
1776929949.321,249.321,0.04,0.06,0.94,0.96,0.02,0.02,78123.52,1776929948000
1776929950.333,250.333,0.04,0.06,0.94,0.96,0.02,0.02,78123.52,1776929948000
1776929950.931,250.931,0.04,0.06,0.94,0.96,0.02,0.02,78123.5,1776929950000
1776929951.507,251.507,0.05,0.06,0.94,0.96,0.01,0.02,78123.5,1776929950000
1776929952.466,252.466,0.05,0.06,0.94,0.95,0.01,0.01,78123.71,1776929951000
1776929952.815,252.815,0.05,0.06,0.94,0.95,0.01,0.01,78123.71,1776929951000
1776929953.581,253.581,0.05,0.06,0.94,0.95,0.01,0.01,78123.71,1776929952000
1776929953.94,253.94,0.05,0.06,0.94,0.95,0.01,0.01,78123.71,1776929953000
1776929954.905,254.905,0.04,0.05,0.94,0.96,0.01,0.02,78123.71,1776929953000
1776929955.414,255.414,0.04,0.05,0.95,0.96,0.01,0.01,78122.99,1776929954000
1776929955.79,255.79,0.03,0.05,0.95,0.96,0.02,0.01,78122.99,1776929954000
1776929956.28,256.28,0.03,0.04,0.96,0.97,0.01,0.01,78122.99,1776929955000
1776929956.731,256.731,0.03,0.04,0.96,0.97,0.01,0.01,78122.99,1776929955000
1776929957.355,257.355,0.02,0.03,0.96,0.98,0.01,0.02,78122.99,1776929956000
1776929957.712,257.712,0.02,0.03,0.97,0.98,0.01,0.01,78122.99,1776929956000
1776929958.725,258.725,0.02,0.03,0.97,0.98,0.01,0.01,78122.99,1776929957000
1776929959.071,259.071,0.01,0.02,0.98,0.99,0.01,0.01,78122.98,1776929958000
1776929959.406,259.406,0.02,0.03,0.98,0.99,0.01,0.01,78122.98,1776929958000
1776929959.981,259.981,0.03,0.04,0.96,0.97,0.01,0.01,78122.98,1776929958000
1776929960.38,260.38,0.03,0.04,0.96,0.97,0.01,0.01,78123.64,1776929959000
1776929961.153,261.153,0.03,0.04,0.96,0.97,0.01,0.01,78123.94,1776929960000
1776929961.662,261.662,0.02,0.03,0.97,0.98,0.01,0.01,78123.94,1776929960000
1776929962.076,262.076,0.02,0.03,0.97,0.98,0.01,0.01,78123.94,1776929960000
1776929962.526,262.526,0.02,0.03,0.97,0.98,0.01,0.01,78123.58,1776929961000
1776929963.029,263.029,0.02,0.03,0.97,0.98,0.01,0.01,78123.58,1776929961000
1776929963.395,263.395,0.02,0.03,0.97,0.98,0.01,0.01,78123.58,1776929962000
1776929963.867,263.867,0.02,0.03,0.97,0.98,0.01,0.01,78123.58,1776929962000
1776929964.26,264.26,0.02,0.03,0.97,0.98,0.01,0.01,78123.75,1776929963000
1776929964.674,264.674,0.02,0.03,0.97,0.98,0.01,0.01,78123.75,1776929963000
1776929965.009,265.009,0.02,0.03,0.97,0.98,0.01,0.01,78123.75,1776929963000
1776929965.494,265.494,0.03,0.04,0.96,0.98,0.01,0.02,78123.75,1776929963000
1776929965.917,265.917,0.02,0.04,0.96,0.98,0.02,0.02,78123.78,1776929964000
1776929966.317,266.317,0.03,0.04,0.96,0.98,0.01,0.02,78123.78,1776929964000
1776929966.835,266.835,0.03,0.06,0.94,0.97,0.03,0.03,78123.79,1776929965000
1776929967.238,267.238,0.05,0.06,0.94,0.95,0.01,0.01,78123.79,1776929965000
1776929967.585,267.585,0.05,0.06,0.94,0.95,0.01,0.01,78123.79,1776929965000
1776929968.093,268.093,0.05,0.06,0.94,0.95,0.01,0.01,78123.79,1776929966000
1776929968.498,268.498,0.05,0.09,0.94,0.95,0.04,0.01,78123.79,1776929966000
1776929968.981,268.981,0.08,0.09,0.91,0.92,0.01,0.01,78126.33,1776929967000
1776929969.355,269.355,0.08,0.09,0.91,0.92,0.01,0.01,78126.33,1776929967000
1776929969.862,269.862,0.08,0.09,0.91,0.92,0.01,0.01,78128.54,1776929968000
1776929970.38,270.38,0.08,0.09,0.91,0.92,0.01,0.01,78128.56,1776929969000
1776929970.756,270.756,0.08,0.09,0.91,0.92,0.01,0.01,78128.56,1776929969000
1776929971.231,271.231,0.08,0.09,0.91,0.92,0.01,0.01,78128.56,1776929969000
1776929971.813,271.813,0.08,0.09,0.91,0.92,0.01,0.01,78128.56,1776929969000
1776929972.148,272.148,0.08,0.09,0.91,0.92,0.01,0.01,78129.17,1776929970000
1776929972.482,272.482,0.08,0.09,0.91,0.92,0.01,0.01,78129.17,1776929970000
1776929972.957,272.957,0.04,0.05,0.95,0.96,0.01,0.01,78131.27,1776929971000
1776929973.425,273.425,0.04,0.05,0.95,0.96,0.01,0.01,78132.16,1776929972000
1776929973.977,273.977,0.04,0.05,0.95,0.96,0.01,0.01,78132.16,1776929972000
1776929974.412,274.412,0.03,0.04,0.95,0.98,0.01,0.03,78133.08,1776929973000
1776929975.156,275.156,0.03,0.04,0.97,0.98,0.01,0.01,78133.08,1776929973000
1776929975.562,275.562,0.04,0.05,0.94,0.97,0.01,0.03,78133.08,1776929973000
1776929976.007,276.007,0.03,0.05,0.95,0.97,0.02,0.02,78133.19,1776929974000
1776929976.546,276.546,0.05,0.06,0.94,0.95,0.01,0.01,78133.19,1776929974000
1776929976.917,276.917,0.05,0.07,0.94,0.96,0.02,0.02,78135.87,1776929975000
1776929977.253,277.253,0.07,0.09,0.91,0.93,0.02,0.02,78135.87,1776929975000
1776929977.601,277.601,0.19,0.2,0.8,0.82,0.01,0.02,78135.53,1776929976000
1776929977.971,277.971,0.18,0.19,0.81,0.82,0.01,0.01,78135.53,1776929976000
1776929978.309,278.309,0.11,0.12,0.87,0.89,0.01,0.02,78135.46,1776929977000
1776929978.728,278.728,0.11,0.12,0.88,0.89,0.01,0.01,78135.46,1776929977000
1776929979.165,279.165,0.11,0.12,0.88,0.89,0.01,0.01,78135.46,1776929977000
1776929979.642,279.642,0.11,0.12,0.88,0.89,0.01,0.01,78135.46,1776929977000
1776929980.07,280.07,0.07,0.08,0.92,0.93,0.01,0.01,78143.77,1776929978000
1776929980.477,280.477,0.07,0.08,0.92,0.93,0.01,0.01,78143.77,1776929978000
1776929981.02,281.02,0.07,0.08,0.92,0.93,0.01,0.01,78146.53,1776929979000
1776929981.367,281.367,0.07,0.08,0.92,0.93,0.01,0.01,78144.98,1776929980000
1776929981.723,281.723,0.06,0.07,0.92,0.94,0.01,0.02,78144.98,1776929980000
1776929982.28,282.28,0.06,0.07,0.93,0.94,0.01,0.01,78144.98,1776929980000
1776929982.631,282.631,0.06,0.07,0.93,0.94,0.01,0.01,78144.98,1776929980000
1776929983.014,283.014,0.06,0.07,0.93,0.94,0.01,0.01,78145.48,1776929981000
1776929983.556,283.556,0.06,0.07,0.93,0.94,0.01,0.01,78145.48,1776929981000
1776929984.127,284.127,0.06,0.07,0.93,0.94,0.01,0.01,78145.62,1776929982000
1776929984.477,284.477,0.06,0.07,0.93,0.94,0.01,0.01,78145.62,1776929983000
1776929984.886,284.886,0.06,0.07,0.93,0.94,0.01,0.01,78145.62,1776929983000
1776929985.382,285.382,0.08,0.09,0.91,0.94,0.01,0.03,78145.62,1776929983000
1776929985.726,285.726,0.08,0.09,0.91,0.92,0.01,0.01,78145.62,1776929983000
1776929986.139,286.139,0.07,0.09,0.91,0.93,0.02,0.02,78147.65,1776929985000
1776929986.48,286.48,0.06,0.08,0.92,0.93,0.02,0.01,78147.65,1776929985000
1776929986.819,286.819,0.07,0.08,0.92,0.93,0.01,0.01,78147.65,1776929985000
1776929987.201,287.201,0.08,0.09,0.91,0.92,0.01,0.01,78147.65,1776929985000
1776929987.57,287.57,0.11,0.13,0.86,0.92,0.02,0.06,78147.41,1776929986000
1776929987.921,287.921,0.11,0.12,0.88,0.89,0.01,0.01,78148.81,1776929987000
1776929988.261,288.261,0.1,0.11,0.89,0.9,0.01,0.01,78148.81,1776929987000
1776929988.628,288.628,0.1,0.11,0.89,0.9,0.01,0.01,78148.81,1776929987000
1776929989.035,289.035,0.1,0.11,0.89,0.9,0.01,0.01,78148.81,1776929987000
1776929989.374,289.374,0.1,0.11,0.89,0.9,0.01,0.01,78148.8,1776929988000
1776929989.729,289.729,0.1,0.11,0.89,0.9,0.01,0.01,78148.8,1776929988000
1776929990.335,290.335,0.11,0.12,0.88,0.89,0.01,0.01,78148.7,1776929989000
1776929990.766,290.766,0.11,0.12,0.88,0.89,0.01,0.01,78148.7,1776929989000
1776929991.1,291.1,0.1,0.11,0.89,0.9,0.01,0.01,78148.7,1776929989000
1776929991.526,291.526,0.1,0.11,0.89,0.9,0.01,0.01,78148.69,1776929990000
1776929991.91,291.91,0.1,0.11,0.89,0.9,0.01,0.01,78148.69,1776929990000
1776929992.347,292.347,0.1,0.11,0.89,0.9,0.01,0.01,78148.68,1776929991000
1776929992.799,292.799,0.1,0.15,0.85,0.91,0.05,0.06,78148.68,1776929991000
1776929993.139,293.139,0.1,0.11,0.89,0.9,0.01,0.01,78148.68,1776929991000
1776929993.483,293.483,0.1,0.11,0.89,0.9,0.01,0.01,78148.61,1776929992000
1776929993.867,293.867,0.04,0.05,0.95,0.96,0.01,0.01,78148.61,1776929992000
1776929994.246,294.246,0.04,0.05,0.95,0.96,0.01,0.01,78148.61,1776929992000
1776929994.598,294.598,0.02,0.04,0.96,0.97,0.02,0.01,78148.51,1776929993000
1776929994.936,294.936,0.02,0.04,0.97,0.98,0.02,0.01,78148.51,1776929993000
1776929995.273,295.273,0.02,0.03,0.97,0.98,0.01,0.01,78148.51,1776929994000
1776929995.646,295.646,0.03,0.04,0.96,0.97,0.01,0.01,78148.51,1776929994000
1776929996.023,296.023,0.02,0.03,0.97,0.98,0.01,0.01,78148.51,1776929994000
1776929996.368,296.368,0.03,0.04,0.96,0.97,0.01,0.01,78147.9,1776929995000
1776929996.722,296.722,0.02,0.04,0.96,0.97,0.02,0.01,78147.9,1776929995000
1776929997.06,297.06,0.02,0.03,0.97,0.98,0.01,0.01,78145.22,1776929996000
1776929997.5,297.5,0.02,0.03,0.97,0.98,0.01,0.01,78145.22,1776929996000
1776929997.834,297.834,0.03,0.04,0.96,0.97,0.01,0.01,78145.22,1776929996000
1776929998.174,298.174,0.02,0.03,0.97,0.98,0.01,0.01,78144.12,1776929997000
1776929998.509,298.509,0.02,0.04,0.96,0.98,0.02,0.02,78144.12,1776929997000
1776929998.847,298.847,0.02,0.03,0.97,0.98,0.01,0.01,78144.12,1776929997000
1776929999.251,299.251,0.01,0.01,0.99,0.99,0.0,0.0,78143.87,1776929998000
1776929999.738,299.738,0.01,0.01,0.99,0.99,0.0,0.0,78143.87,1776929998000
1776930000.12,300.12,0.01,0.01,0.99,0.99,0.0,0.0,78143.87,1776929998000
1776930000.493,300.493,0.01,0.01,0.99,0.99,0.0,0.0,78142.84,1776929999000
1776930000.844,300.844,0.01,0.01,0.99,0.99,0.0,0.0,78142.84,1776929999000
1776930002.36,302.36,0.01,0.01,0.99,0.99,0.0,0.0,78143.85,1776930001000
1776930002.899,302.899,0.01,0.01,0.99,0.99,0.0,0.0,78143.4,1776930002000

# RESULT,winner=Down,slug=btc-updown-5m-1776929700,ticks=672
