timestamp,elapsed_sec,up_bid,up_ask,down_bid,down_ask,up_spread,down_spread,btc_price,btc_oracle_ts
1776932400.613,0.613,0.5,0.51,0.49,0.5,0.01,0.01,78121.93,1776932398000
1776932400.959,0.959,0.54,0.55,0.45,0.49,0.01,0.04,78121.27,1776932399000
1776932401.663,1.663,0.54,0.55,0.45,0.46,0.01,0.01,78121.28,1776932400000
1776932402.146,2.146,0.54,0.55,0.45,0.46,0.01,0.01,78121.28,1776932400000
1776932402.505,2.505,0.54,0.55,0.45,0.46,0.01,0.01,78121.28,1776932400000
1776932402.959,2.959,0.55,0.6,0.4,0.45,0.05,0.05,78125.68,1776932401000
1776932403.311,3.311,0.55,0.6,0.4,0.45,0.05,0.05,78135.44,1776932402000
1776932403.696,3.696,0.58,0.6,0.4,0.42,0.02,0.02,78135.44,1776932402000
1776932404.04,4.04,0.58,0.6,0.4,0.42,0.02,0.02,78135.44,1776932402000
1776932404.387,4.387,0.55,0.6,0.4,0.45,0.05,0.05,78135.44,1776932402000
1776932405.014,5.014,0.58,0.59,0.4,0.42,0.01,0.02,78139.86,1776932403000
1776932405.366,5.366,0.58,0.59,0.41,0.42,0.01,0.01,78139.86,1776932403000
1776932405.724,5.724,0.58,0.59,0.41,0.42,0.01,0.01,78139.59,1776932404000
1776932406.446,6.446,0.59,0.6,0.4,0.41,0.01,0.01,78139.44,1776932405000
1776932406.919,6.919,0.6,0.61,0.39,0.41,0.01,0.02,78139.44,1776932405000
1776932407.45,7.45,0.6,0.61,0.39,0.4,0.01,0.01,78139.97,1776932406000
1776932407.901,7.901,0.6,0.61,0.39,0.4,0.01,0.01,78139.97,1776932406000
1776932408.315,8.315,0.6,0.61,0.39,0.4,0.01,0.01,78140.34,1776932407000
1776932408.778,8.778,0.61,0.62,0.38,0.4,0.01,0.02,78140.34,1776932407000
1776932409.174,9.174,0.61,0.62,0.38,0.39,0.01,0.01,78140.34,1776932407000
1776932410.003,10.003,0.61,0.62,0.38,0.39,0.01,0.01,78139.99,1776932409000
1776932410.361,10.361,0.61,0.62,0.38,0.39,0.01,0.01,78139.99,1776932409000
1776932410.77,10.77,0.61,0.62,0.38,0.39,0.01,0.01,78139.99,1776932409000
1776932411.132,11.132,0.61,0.62,0.38,0.39,0.01,0.01,78140.62,1776932410000
1776932411.479,11.479,0.61,0.62,0.38,0.39,0.01,0.01,78140.62,1776932410000
1776932412.126,12.126,0.61,0.62,0.38,0.39,0.01,0.01,78141.85,1776932411000
1776932412.537,12.537,0.61,0.62,0.38,0.39,0.01,0.01,78141.85,1776932411000
1776932413.186,13.186,0.62,0.63,0.37,0.38,0.01,0.01,78141.85,1776932411000
1776932413.984,13.984,0.62,0.63,0.37,0.38,0.01,0.01,78141.91,1776932412000
1776932414.431,14.431,0.62,0.63,0.37,0.38,0.01,0.01,78141.91,1776932412000
1776932415.117,15.117,0.62,0.63,0.37,0.38,0.01,0.01,78141.91,1776932413000
1776932415.61,15.61,0.62,0.63,0.37,0.38,0.01,0.01,78141.91,1776932414000
1776932416.031,16.031,0.62,0.63,0.37,0.38,0.01,0.01,78142.15,1776932415000
1776932416.385,16.385,0.62,0.63,0.37,0.38,0.01,0.01,78142.15,1776932415000
1776932416.744,16.744,0.61,0.62,0.37,0.39,0.01,0.02,78142.15,1776932415000
1776932417.21,17.21,0.6,0.61,0.38,0.39,0.01,0.01,78142.15,1776932415000
1776932417.805,17.805,0.6,0.61,0.39,0.4,0.01,0.01,78142.31,1776932416000
1776932418.51,18.51,0.6,0.61,0.39,0.4,0.01,0.01,78141.18,1776932417000
1776932418.859,18.859,0.6,0.61,0.39,0.4,0.01,0.01,78141.18,1776932417000
1776932419.207,19.207,0.58,0.59,0.4,0.42,0.01,0.02,78141.18,1776932418000
1776932419.82,19.82,0.58,0.59,0.41,0.42,0.01,0.01,78141.18,1776932418000
1776932420.284,20.284,0.58,0.59,0.41,0.42,0.01,0.01,78139.12,1776932419000
1776932420.924,20.924,0.58,0.59,0.41,0.42,0.01,0.01,78139.12,1776932419000
1776932421.423,21.423,0.58,0.59,0.41,0.42,0.01,0.01,78137.92,1776932420000
1776932421.792,21.792,0.58,0.59,0.41,0.42,0.01,0.01,78137.92,1776932420000
1776932422.555,22.555,0.58,0.59,0.41,0.42,0.01,0.01,78137.92,1776932421000
1776932423.029,23.029,0.58,0.59,0.41,0.42,0.01,0.01,78137.92,1776932421000
1776932423.613,23.613,0.58,0.59,0.41,0.42,0.01,0.01,78137.81,1776932422000
1776932424.354,24.354,0.58,0.59,0.41,0.42,0.01,0.01,78137.29,1776932423000
1776932424.831,24.831,0.58,0.59,0.41,0.42,0.01,0.01,78137.29,1776932423000
1776932425.428,25.428,0.58,0.59,0.41,0.42,0.01,0.01,78137.29,1776932423000
1776932425.897,25.897,0.58,0.59,0.41,0.42,0.01,0.01,78137.29,1776932424000
1776932426.709,26.709,0.58,0.59,0.41,0.42,0.01,0.01,78137.25,1776932425000
1776932427.068,27.068,0.58,0.59,0.41,0.42,0.01,0.01,78137.25,1776932425000
1776932427.508,27.508,0.58,0.59,0.41,0.42,0.01,0.01,78136.75,1776932426000
1776932427.859,27.859,0.58,0.59,0.41,0.42,0.01,0.01,78136.75,1776932426000
1776932428.338,28.338,0.57,0.58,0.42,0.43,0.01,0.01,78136.75,1776932427000
1776932429.038,29.038,0.56,0.57,0.42,0.44,0.01,0.02,78136.75,1776932427000
1776932429.545,29.545,0.56,0.57,0.43,0.44,0.01,0.01,78138.17,1776932428000
1776932429.898,29.898,0.55,0.57,0.43,0.44,0.02,0.01,78138.17,1776932428000
1776932430.448,30.448,0.55,0.56,0.44,0.45,0.01,0.01,78138.17,1776932428000
1776932430.923,30.923,0.55,0.56,0.44,0.45,0.01,0.01,78138.25,1776932429000
1776932431.319,31.319,0.55,0.56,0.44,0.45,0.01,0.01,78137.8,1776932430000
1776932431.657,31.657,0.55,0.56,0.44,0.45,0.01,0.01,78137.8,1776932430000
1776932432.043,32.043,0.55,0.56,0.44,0.45,0.01,0.01,78137.81,1776932431000
1776932432.382,32.382,0.55,0.56,0.44,0.45,0.01,0.01,78137.81,1776932431000
1776932432.972,32.972,0.54,0.55,0.44,0.45,0.01,0.01,78137.81,1776932431000
1776932433.322,33.322,0.5,0.51,0.49,0.5,0.01,0.01,78138.18,1776932432000
1776932433.759,33.759,0.48,0.51,0.49,0.5,0.03,0.01,78138.18,1776932432000
1776932434.184,34.184,0.48,0.49,0.51,0.52,0.01,0.01,78138.18,1776932432000
1776932434.596,34.596,0.48,0.49,0.51,0.52,0.01,0.01,78138.2,1776932433000
1776932434.957,34.957,0.48,0.49,0.51,0.52,0.01,0.01,78138.2,1776932433000
1776932435.461,35.461,0.48,0.49,0.51,0.52,0.01,0.01,78129.37,1776932434000
1776932435.965,35.965,0.48,0.49,0.51,0.52,0.01,0.01,78129.37,1776932434000
1776932436.601,36.601,0.48,0.49,0.51,0.52,0.01,0.01,78125.19,1776932435000
1776932437.079,37.079,0.48,0.5,0.5,0.52,0.02,0.02,78125.23,1776932436000
1776932437.438,37.438,0.49,0.5,0.5,0.51,0.01,0.01,78125.23,1776932436000
1776932437.894,37.894,0.47,0.48,0.5,0.53,0.01,0.03,78125.23,1776932436000
1776932438.299,38.299,0.47,0.48,0.52,0.53,0.01,0.01,78125.46,1776932437000
1776932438.962,38.962,0.49,0.5,0.5,0.53,0.01,0.03,78125.46,1776932437000
1776932440.012,40.012,0.49,0.51,0.5,0.51,0.02,0.01,78125.49,1776932438000
1776932440.347,40.347,0.49,0.51,0.49,0.51,0.02,0.02,78126.65,1776932439000
1776932440.681,40.681,0.58,0.59,0.41,0.42,0.01,0.01,78126.65,1776932439000
1776932441.014,41.014,0.58,0.59,0.41,0.42,0.01,0.01,78126.65,1776932439000
1776932441.393,41.393,0.58,0.59,0.4,0.42,0.01,0.02,78134.16,1776932440000
1776932442.008,42.008,0.58,0.59,0.41,0.42,0.01,0.01,78134.16,1776932440000
1776932442.359,42.359,0.58,0.59,0.41,0.42,0.01,0.01,78136.62,1776932441000
1776932442.778,42.778,0.59,0.6,0.41,0.42,0.01,0.01,78136.62,1776932441000
1776932443.384,43.384,0.59,0.6,0.4,0.41,0.01,0.01,78136.62,1776932441000
1776932443.784,43.784,0.61,0.63,0.38,0.39,0.02,0.01,78137.23,1776932442000
1776932444.376,44.376,0.64,0.65,0.35,0.38,0.01,0.03,78137.23,1776932442000
1776932444.861,44.861,0.64,0.65,0.35,0.36,0.01,0.01,78137.58,1776932443000
1776932445.495,45.495,0.64,0.65,0.35,0.36,0.01,0.01,78137.6,1776932444000
1776932445.939,45.939,0.64,0.65,0.35,0.36,0.01,0.01,78137.6,1776932444000
1776932446.323,46.323,0.64,0.65,0.35,0.36,0.01,0.01,78137.6,1776932444000
1776932446.745,46.745,0.64,0.65,0.35,0.36,0.01,0.01,78145.02,1776932445000
1776932447.159,47.159,0.64,0.65,0.35,0.36,0.01,0.01,78145.02,1776932446000
1776932447.64,47.64,0.64,0.65,0.35,0.36,0.01,0.01,78145.02,1776932446000
1776932448.335,48.335,0.64,0.65,0.35,0.36,0.01,0.01,78145.02,1776932446000
1776932449.259,49.259,0.64,0.65,0.35,0.36,0.01,0.01,78144.58,1776932448000
1776932449.674,49.674,0.64,0.65,0.35,0.36,0.01,0.01,78144.58,1776932448000
1776932450.271,50.271,0.58,0.59,0.41,0.42,0.01,0.01,78144.58,1776932448000
1776932450.611,50.611,0.58,0.59,0.41,0.42,0.01,0.01,78141.38,1776932449000
1776932451.105,51.105,0.58,0.59,0.41,0.42,0.01,0.01,78141.38,1776932449000
1776932451.457,51.457,0.58,0.59,0.41,0.42,0.01,0.01,78140.46,1776932450000
1776932451.797,51.797,0.58,0.59,0.41,0.42,0.01,0.01,78140.46,1776932450000
1776932452.174,52.174,0.58,0.59,0.41,0.42,0.01,0.01,78140.46,1776932450000
1776932452.594,52.594,0.58,0.59,0.41,0.42,0.01,0.01,78139.38,1776932451000
1776932452.985,52.985,0.58,0.59,0.41,0.42,0.01,0.01,78139.38,1776932451000
1776932453.384,53.384,0.58,0.59,0.41,0.42,0.01,0.01,78139.85,1776932452000
1776932453.932,53.932,0.59,0.6,0.4,0.42,0.01,0.02,78139.85,1776932452000
1776932454.35,54.35,0.59,0.6,0.4,0.41,0.01,0.01,78139.85,1776932452000
1776932454.913,54.913,0.59,0.6,0.4,0.41,0.01,0.01,78139.72,1776932453000
1776932455.316,55.316,0.59,0.6,0.4,0.41,0.01,0.01,78140.73,1776932454000
1776932455.791,55.791,0.59,0.6,0.4,0.41,0.01,0.01,78140.73,1776932454000
1776932456.233,56.233,0.59,0.62,0.4,0.41,0.03,0.01,78140.73,1776932454000
1776932456.795,56.795,0.62,0.63,0.37,0.38,0.01,0.01,78140.86,1776932455000
1776932457.268,57.268,0.62,0.64,0.36,0.38,0.02,0.02,78142.25,1776932456000
1776932457.637,57.637,0.62,0.63,0.37,0.38,0.01,0.01,78142.25,1776932456000
1776932458.209,58.209,0.62,0.63,0.37,0.38,0.01,0.01,78142.25,1776932456000
1776932458.648,58.648,0.62,0.63,0.37,0.38,0.01,0.01,78142.25,1776932456000
1776932459.352,59.352,0.62,0.63,0.37,0.38,0.01,0.01,78142.8,1776932458000
1776932460.022,60.022,0.62,0.63,0.37,0.38,0.01,0.01,78142.8,1776932458000
1776932460.416,60.416,0.62,0.63,0.37,0.38,0.01,0.01,78142.8,1776932458000
1776932460.874,60.874,0.63,0.64,0.36,0.38,0.01,0.02,78142.8,1776932458000
1776932461.233,61.233,0.63,0.64,0.36,0.37,0.01,0.01,78142.8,1776932458000
1776932461.676,61.676,0.63,0.64,0.36,0.37,0.01,0.01,78143.44,1776932460000
1776932462.027,62.027,0.58,0.61,0.38,0.4,0.03,0.02,78143.44,1776932460000
1776932462.377,62.377,0.58,0.59,0.41,0.42,0.01,0.01,78143.41,1776932461000
1776932462.719,62.719,0.58,0.59,0.41,0.42,0.01,0.01,78143.41,1776932461000
1776932463.073,63.073,0.58,0.59,0.41,0.42,0.01,0.01,78143.41,1776932462000
1776932463.495,63.495,0.58,0.59,0.41,0.42,0.01,0.01,78143.41,1776932462000
1776932463.855,63.855,0.58,0.59,0.41,0.42,0.01,0.01,78143.41,1776932462000
1776932464.582,64.582,0.58,0.59,0.41,0.42,0.01,0.01,78142.25,1776932463000
1776932464.924,64.924,0.58,0.59,0.41,0.42,0.01,0.01,78142.25,1776932463000
1776932465.439,65.439,0.58,0.59,0.41,0.42,0.01,0.01,78140.18,1776932464000
1776932465.864,65.864,0.58,0.59,0.41,0.42,0.01,0.01,78140.18,1776932464000
1776932466.262,66.262,0.58,0.59,0.41,0.42,0.01,0.01,78140.18,1776932465000
1776932466.803,66.803,0.58,0.59,0.41,0.42,0.01,0.01,78140.18,1776932465000
1776932467.181,67.181,0.58,0.59,0.41,0.42,0.01,0.01,78140.17,1776932466000
1776932467.525,67.525,0.58,0.59,0.41,0.42,0.01,0.01,78140.17,1776932466000
1776932468.128,68.128,0.58,0.59,0.41,0.42,0.01,0.01,78140.17,1776932466000
1776932468.473,68.473,0.58,0.59,0.41,0.42,0.01,0.01,78138.87,1776932467000
1776932468.858,68.858,0.52,0.53,0.47,0.48,0.01,0.01,78138.87,1776932467000
1776932469.206,69.206,0.52,0.53,0.47,0.48,0.01,0.01,78138.87,1776932467000
1776932469.576,69.576,0.52,0.53,0.47,0.48,0.01,0.01,78138.56,1776932468000
1776932469.962,69.962,0.52,0.53,0.47,0.48,0.01,0.01,78138.56,1776932468000
1776932470.701,70.701,0.52,0.53,0.47,0.48,0.01,0.01,78138.02,1776932469000
1776932471.116,71.116,0.52,0.53,0.47,0.48,0.01,0.01,78132.97,1776932470000
1776932471.451,71.451,0.53,0.54,0.46,0.47,0.01,0.01,78132.97,1776932470000
1776932471.843,71.843,0.53,0.54,0.46,0.47,0.01,0.01,78132.97,1776932470000
1776932472.221,72.221,0.53,0.54,0.46,0.47,0.01,0.01,78132.97,1776932470000
1776932472.911,72.911,0.53,0.54,0.46,0.47,0.01,0.01,78132.85,1776932472000
1776932473.394,73.394,0.53,0.54,0.46,0.47,0.01,0.01,78132.85,1776932472000
1776932473.814,73.814,0.53,0.54,0.46,0.47,0.01,0.01,78132.85,1776932472000
1776932474.161,74.161,0.53,0.54,0.46,0.47,0.01,0.01,78132.47,1776932473000
1776932474.754,74.754,0.51,0.52,0.47,0.49,0.01,0.02,78132.47,1776932473000
1776932475.11,75.11,0.51,0.52,0.48,0.49,0.01,0.01,78132.47,1776932473000
1776932475.488,75.488,0.51,0.52,0.48,0.49,0.01,0.01,78131.23,1776932474000
1776932475.885,75.885,0.51,0.52,0.48,0.49,0.01,0.01,78131.23,1776932474000
1776932476.275,76.275,0.52,0.53,0.47,0.48,0.01,0.01,78130.83,1776932475000
1776932477.228,77.228,0.52,0.53,0.47,0.48,0.01,0.01,78128.84,1776932476000
1776932477.567,77.567,0.53,0.54,0.46,0.47,0.01,0.01,78128.84,1776932476000
1776932477.931,77.931,0.53,0.54,0.46,0.47,0.01,0.01,78128.84,1776932476000
1776932478.267,78.267,0.53,0.54,0.46,0.47,0.01,0.01,78129.36,1776932477000
1776932478.767,78.767,0.53,0.54,0.46,0.47,0.01,0.01,78129.36,1776932477000
1776932479.114,79.114,0.52,0.54,0.46,0.47,0.02,0.01,78129.36,1776932477000
1776932479.575,79.575,0.51,0.52,0.48,0.49,0.01,0.01,78129.0,1776932478000
1776932480.022,80.022,0.51,0.53,0.48,0.49,0.02,0.01,78129.0,1776932478000
1776932480.572,80.572,0.52,0.53,0.47,0.48,0.01,0.01,78128.81,1776932479000
1776932480.929,80.929,0.52,0.53,0.47,0.48,0.01,0.01,78128.81,1776932479000
1776932481.318,81.318,0.52,0.53,0.47,0.48,0.01,0.01,78128.77,1776932480000
1776932481.767,81.767,0.52,0.53,0.47,0.48,0.01,0.01,78128.77,1776932480000
1776932482.269,82.269,0.52,0.53,0.47,0.48,0.01,0.01,78128.08,1776932481000
1776932483.321,83.321,0.52,0.53,0.47,0.48,0.01,0.01,78128.08,1776932481000
1776932483.863,83.863,0.51,0.52,0.47,0.49,0.01,0.02,78128.2,1776932482000
1776932484.225,84.225,0.51,0.52,0.48,0.49,0.01,0.01,78128.2,1776932482000
1776932484.601,84.601,0.51,0.52,0.48,0.49,0.01,0.01,78128.19,1776932483000
1776932485.171,85.171,0.52,0.53,0.48,0.49,0.01,0.01,78128.19,1776932483000
1776932485.574,85.574,0.52,0.53,0.47,0.48,0.01,0.01,78128.19,1776932484000
1776932485.985,85.985,0.52,0.53,0.47,0.48,0.01,0.01,78128.19,1776932484000
1776932486.389,86.389,0.52,0.53,0.47,0.48,0.01,0.01,78128.08,1776932485000
1776932486.856,86.856,0.52,0.53,0.47,0.48,0.01,0.01,78128.08,1776932485000
1776932487.34,87.34,0.52,0.53,0.47,0.48,0.01,0.01,78128.08,1776932485000
1776932487.768,87.768,0.52,0.53,0.47,0.48,0.01,0.01,78128.45,1776932486000
1776932488.805,88.805,0.56,0.57,0.43,0.44,0.01,0.01,78128.45,1776932487000
1776932489.173,89.173,0.56,0.58,0.42,0.44,0.02,0.02,78128.45,1776932487000
1776932489.512,89.512,0.57,0.58,0.42,0.43,0.01,0.01,78128.45,1776932487000
1776932490.065,90.065,0.57,0.58,0.42,0.43,0.01,0.01,78129.91,1776932488000
1776932490.427,90.427,0.57,0.6,0.4,0.43,0.03,0.03,78130.57,1776932489000
1776932490.779,90.779,0.61,0.62,0.38,0.39,0.01,0.01,78130.57,1776932489000
1776932491.113,91.113,0.62,0.63,0.37,0.38,0.01,0.01,78130.57,1776932489000
1776932491.605,91.605,0.62,0.63,0.37,0.38,0.01,0.01,78136.1,1776932490000
1776932492.093,92.093,0.62,0.63,0.37,0.38,0.01,0.01,78136.1,1776932490000
1776932492.489,92.489,0.62,0.63,0.37,0.38,0.01,0.01,78136.21,1776932491000
1776932492.833,92.833,0.62,0.63,0.37,0.38,0.01,0.01,78136.21,1776932491000
1776932493.253,93.253,0.62,0.63,0.37,0.38,0.01,0.01,78137.3,1776932492000
1776932493.755,93.755,0.62,0.63,0.37,0.38,0.01,0.01,78137.3,1776932492000
1776932494.13,94.13,0.62,0.63,0.37,0.38,0.01,0.01,78137.3,1776932492000
1776932494.796,94.796,0.62,0.63,0.37,0.38,0.01,0.01,78137.9,1776932493000
1776932495.397,95.397,0.62,0.63,0.37,0.38,0.01,0.01,78137.89,1776932494000
1776932495.865,95.865,0.62,0.63,0.37,0.38,0.01,0.01,78137.89,1776932494000
1776932496.22,96.22,0.62,0.63,0.37,0.38,0.01,0.01,78137.96,1776932495000
1776932496.632,96.632,0.54,0.56,0.44,0.46,0.02,0.02,78137.96,1776932495000
1776932497.0,97.0,0.54,0.55,0.45,0.46,0.01,0.01,78137.96,1776932495000
1776932497.447,97.447,0.54,0.55,0.45,0.46,0.01,0.01,78137.96,1776932495000
1776932497.823,97.823,0.54,0.55,0.45,0.46,0.01,0.01,78138.14,1776932496000
1776932498.246,98.246,0.49,0.55,0.45,0.46,0.06,0.01,78138.14,1776932496000
1776932498.742,98.742,0.49,0.5,0.5,0.51,0.01,0.01,78133.46,1776932497000
1776932499.272,99.272,0.49,0.5,0.5,0.51,0.01,0.01,78131.97,1776932498000
1776932499.802,99.802,0.42,0.44,0.56,0.58,0.02,0.02,78131.97,1776932498000
1776932500.214,100.214,0.41,0.42,0.58,0.59,0.01,0.01,78131.97,1776932498000
1776932500.696,100.696,0.41,0.42,0.58,0.59,0.01,0.01,78130.4,1776932499000
1776932501.116,101.116,0.41,0.42,0.58,0.59,0.01,0.01,78129.28,1776932500000
1776932501.456,101.456,0.41,0.42,0.58,0.59,0.01,0.01,78129.28,1776932500000
1776932501.941,101.941,0.41,0.42,0.58,0.59,0.01,0.01,78129.28,1776932500000
1776932502.28,102.28,0.41,0.42,0.58,0.59,0.01,0.01,78129.28,1776932500000
1776932502.778,102.778,0.4,0.41,0.58,0.6,0.01,0.02,78119.83,1776932501000
1776932503.363,103.363,0.4,0.41,0.59,0.6,0.01,0.01,78119.83,1776932501000
1776932503.711,103.711,0.4,0.41,0.59,0.6,0.01,0.01,78119.83,1776932501000
1776932504.058,104.058,0.4,0.41,0.59,0.6,0.01,0.01,78119.83,1776932501000
1776932504.544,104.544,0.4,0.41,0.59,0.6,0.01,0.01,78116.64,1776932503000
1776932505.02,105.02,0.4,0.41,0.59,0.6,0.01,0.01,78116.64,1776932503000
1776932505.407,105.407,0.4,0.41,0.59,0.6,0.01,0.01,78115.86,1776932504000
1776932505.782,105.782,0.4,0.41,0.59,0.6,0.01,0.01,78115.86,1776932504000
1776932506.269,106.269,0.41,0.42,0.58,0.59,0.01,0.01,78115.86,1776932504000
1776932506.611,106.611,0.4,0.41,0.58,0.59,0.01,0.01,78115.86,1776932505000
1776932507.058,107.058,0.4,0.41,0.59,0.6,0.01,0.01,78115.85,1776932506000
1776932507.467,107.467,0.4,0.41,0.59,0.6,0.01,0.01,78115.85,1776932506000
1776932507.846,107.846,0.4,0.41,0.59,0.6,0.01,0.01,78115.85,1776932506000
1776932508.346,108.346,0.4,0.41,0.59,0.6,0.01,0.01,78115.66,1776932507000
1776932508.721,108.721,0.35,0.36,0.64,0.65,0.01,0.01,78115.66,1776932507000
1776932509.122,109.122,0.35,0.36,0.64,0.65,0.01,0.01,78115.04,1776932508000
1776932509.488,109.488,0.35,0.36,0.64,0.65,0.01,0.01,78115.04,1776932508000
1776932509.95,109.95,0.35,0.36,0.64,0.65,0.01,0.01,78115.04,1776932508000
1776932510.49,110.49,0.35,0.36,0.64,0.65,0.01,0.01,78109.26,1776932509000
1776932510.876,110.876,0.35,0.36,0.64,0.65,0.01,0.01,78109.26,1776932509000
1776932511.269,111.269,0.34,0.35,0.64,0.66,0.01,0.02,78107.7,1776932510000
1776932511.748,111.748,0.34,0.35,0.65,0.66,0.01,0.01,78107.7,1776932510000
1776932512.09,112.09,0.34,0.35,0.65,0.66,0.01,0.01,78107.67,1776932511000
1776932512.95,112.95,0.34,0.35,0.65,0.66,0.01,0.01,78107.67,1776932511000
1776932513.502,113.502,0.35,0.36,0.64,0.65,0.01,0.01,78107.53,1776932512000
1776932513.894,113.894,0.35,0.38,0.64,0.65,0.03,0.01,78107.53,1776932512000
1776932514.563,114.563,0.35,0.36,0.64,0.65,0.01,0.01,78107.72,1776932513000
1776932515.105,115.105,0.35,0.36,0.64,0.65,0.01,0.01,78107.71,1776932514000
1776932515.527,115.527,0.35,0.36,0.64,0.65,0.01,0.01,78107.71,1776932514000
1776932515.915,115.915,0.35,0.36,0.64,0.65,0.01,0.01,78107.71,1776932514000
1776932516.652,116.652,0.36,0.37,0.63,0.64,0.01,0.01,78107.63,1776932515000
1776932517.127,117.127,0.34,0.37,0.63,0.64,0.03,0.01,78107.63,1776932515000
1776932517.512,117.512,0.33,0.34,0.66,0.67,0.01,0.01,78107.61,1776932516000
1776932517.863,117.863,0.3,0.33,0.67,0.7,0.03,0.03,78107.61,1776932516000
1776932518.258,118.258,0.3,0.31,0.69,0.7,0.01,0.01,78107.61,1776932516000
1776932518.777,118.777,0.28,0.29,0.69,0.7,0.01,0.01,78107.03,1776932517000
1776932519.217,119.217,0.28,0.29,0.71,0.72,0.01,0.01,78107.03,1776932517000
1776932519.689,119.689,0.28,0.29,0.71,0.72,0.01,0.01,78107.03,1776932517000
1776932520.085,120.085,0.28,0.29,0.71,0.72,0.01,0.01,78107.03,1776932517000
1776932520.433,120.433,0.28,0.29,0.71,0.72,0.01,0.01,78097.07,1776932519000
1776932520.963,120.963,0.28,0.29,0.71,0.72,0.01,0.01,78097.07,1776932519000
1776932521.351,121.351,0.27,0.28,0.72,0.73,0.01,0.01,78096.04,1776932520000
1776932521.705,121.705,0.25,0.28,0.72,0.75,0.03,0.03,78096.04,1776932520000
1776932522.176,122.176,0.25,0.26,0.74,0.75,0.01,0.01,78096.04,1776932520000
1776932522.513,122.513,0.24,0.25,0.75,0.76,0.01,0.01,78096.01,1776932521000
1776932522.869,122.869,0.22,0.24,0.75,0.78,0.02,0.03,78096.01,1776932521000
1776932523.228,123.228,0.22,0.23,0.77,0.78,0.01,0.01,78096.01,1776932521000
1776932523.678,123.678,0.22,0.23,0.77,0.78,0.01,0.01,78090.41,1776932522000
1776932524.037,124.037,0.22,0.23,0.77,0.78,0.01,0.01,78090.41,1776932522000
1776932524.466,124.466,0.22,0.23,0.77,0.78,0.01,0.01,78087.86,1776932523000
1776932524.834,124.834,0.22,0.23,0.77,0.78,0.01,0.01,78087.86,1776932523000
1776932525.27,125.27,0.22,0.23,0.77,0.78,0.01,0.01,78087.86,1776932523000
1776932525.633,125.633,0.22,0.23,0.77,0.78,0.01,0.01,78085.45,1776932524000
1776932525.972,125.972,0.22,0.23,0.77,0.78,0.01,0.01,78085.45,1776932524000
1776932526.314,126.314,0.22,0.23,0.77,0.78,0.01,0.01,78085.45,1776932524000
1776932526.752,126.752,0.22,0.23,0.77,0.78,0.01,0.01,78085.36,1776932525000
1776932527.323,127.323,0.22,0.23,0.77,0.78,0.01,0.01,78085.36,1776932525000
1776932527.785,127.785,0.22,0.24,0.77,0.78,0.02,0.01,78085.97,1776932526000
1776932528.156,128.156,0.23,0.24,0.76,0.77,0.01,0.01,78085.85,1776932527000
1776932528.537,128.537,0.23,0.24,0.76,0.77,0.01,0.01,78085.85,1776932527000
1776932528.88,128.88,0.24,0.25,0.75,0.76,0.01,0.01,78085.85,1776932527000
1776932529.352,129.352,0.24,0.25,0.75,0.76,0.01,0.01,78085.26,1776932528000
1776932529.778,129.778,0.24,0.25,0.75,0.76,0.01,0.01,78085.26,1776932528000
1776932530.146,130.146,0.24,0.25,0.75,0.76,0.01,0.01,78085.57,1776932529000
1776932530.501,130.501,0.24,0.25,0.75,0.76,0.01,0.01,78085.57,1776932529000
1776932530.902,130.902,0.24,0.25,0.75,0.76,0.01,0.01,78085.57,1776932529000
1776932531.247,131.247,0.24,0.25,0.75,0.76,0.01,0.01,78085.58,1776932530000
1776932531.595,131.595,0.23,0.24,0.76,0.77,0.01,0.01,78085.58,1776932530000
1776932531.929,131.929,0.23,0.24,0.76,0.77,0.01,0.01,78085.58,1776932530000
1776932532.332,132.332,0.23,0.24,0.76,0.77,0.01,0.01,78085.58,1776932530000
1776932532.686,132.686,0.23,0.24,0.76,0.77,0.01,0.01,78084.36,1776932531000
1776932533.088,133.088,0.23,0.24,0.76,0.77,0.01,0.01,78084.36,1776932531000
1776932533.5,133.5,0.23,0.24,0.76,0.77,0.01,0.01,78082.14,1776932532000
1776932534.036,134.036,0.23,0.24,0.76,0.77,0.01,0.01,78082.14,1776932532000
1776932534.554,134.554,0.23,0.24,0.76,0.77,0.01,0.01,78081.69,1776932533000
1776932534.914,134.914,0.21,0.22,0.78,0.79,0.01,0.01,78081.69,1776932533000
1776932535.293,135.293,0.21,0.22,0.78,0.79,0.01,0.01,78081.69,1776932533000
1776932535.717,135.717,0.21,0.22,0.78,0.79,0.01,0.01,78080.3,1776932534000
1776932536.296,136.296,0.21,0.22,0.78,0.79,0.01,0.01,78080.3,1776932534000
1776932536.726,136.726,0.21,0.22,0.78,0.79,0.01,0.01,78078.88,1776932535000
1776932537.214,137.214,0.21,0.22,0.78,0.79,0.01,0.01,78077.83,1776932536000
1776932537.771,137.771,0.21,0.22,0.78,0.79,0.01,0.01,78077.83,1776932536000
1776932538.125,138.125,0.21,0.22,0.78,0.79,0.01,0.01,78077.83,1776932536000
1776932538.585,138.585,0.21,0.22,0.78,0.79,0.01,0.01,78077.83,1776932536000
1776932539.188,139.188,0.21,0.22,0.78,0.79,0.01,0.01,78077.84,1776932538000
1776932539.636,139.636,0.21,0.22,0.78,0.79,0.01,0.01,78077.84,1776932538000
1776932539.986,139.986,0.21,0.22,0.78,0.79,0.01,0.01,78077.84,1776932538000
1776932540.52,140.52,0.21,0.22,0.78,0.79,0.01,0.01,78077.28,1776932539000
1776932540.861,140.861,0.21,0.22,0.78,0.79,0.01,0.01,78077.28,1776932539000
1776932541.246,141.246,0.21,0.22,0.78,0.79,0.01,0.01,78077.28,1776932540000
1776932541.883,141.883,0.21,0.22,0.78,0.79,0.01,0.01,78077.28,1776932540000
1776932542.227,142.227,0.21,0.22,0.78,0.79,0.01,0.01,78077.28,1776932540000
1776932542.563,142.563,0.21,0.22,0.78,0.79,0.01,0.01,78079.87,1776932541000
1776932543.028,143.028,0.21,0.22,0.78,0.79,0.01,0.01,78079.87,1776932541000
1776932543.671,143.671,0.21,0.22,0.78,0.79,0.01,0.01,78080.95,1776932542000
1776932544.365,144.365,0.21,0.22,0.78,0.79,0.01,0.01,78080.95,1776932542000
1776932544.954,144.954,0.21,0.22,0.78,0.79,0.01,0.01,78082.35,1776932543000
1776932545.677,145.677,0.22,0.23,0.76,0.78,0.01,0.02,78082.68,1776932544000
1776932546.316,146.316,0.22,0.23,0.77,0.78,0.01,0.01,78082.68,1776932544000
1776932546.684,146.684,0.22,0.23,0.77,0.78,0.01,0.01,78083.23,1776932545000
1776932547.195,147.195,0.22,0.23,0.77,0.78,0.01,0.01,78083.23,1776932545000
1776932547.544,147.544,0.22,0.23,0.77,0.78,0.01,0.01,78083.23,1776932546000
1776932547.941,147.941,0.22,0.23,0.77,0.78,0.01,0.01,78083.23,1776932546000
1776932548.343,148.343,0.22,0.23,0.77,0.78,0.01,0.01,78083.23,1776932546000
1776932548.733,148.733,0.22,0.23,0.77,0.78,0.01,0.01,78083.23,1776932546000
1776932549.174,149.174,0.22,0.23,0.77,0.78,0.01,0.01,78083.13,1776932547000
1776932549.535,149.535,0.22,0.23,0.77,0.78,0.01,0.01,78083.14,1776932548000
1776932550.232,150.232,0.22,0.24,0.76,0.78,0.02,0.02,78083.16,1776932549000
1776932550.675,150.675,0.22,0.23,0.76,0.78,0.01,0.02,78083.16,1776932549000
1776932551.22,151.22,0.22,0.23,0.77,0.78,0.01,0.01,78083.16,1776932549000
1776932551.557,151.557,0.22,0.23,0.77,0.78,0.01,0.01,78083.16,1776932549000
1776932551.933,151.933,0.22,0.23,0.77,0.78,0.01,0.01,78083.16,1776932550000
1776932552.351,152.351,0.22,0.23,0.77,0.78,0.01,0.01,78083.16,1776932550000
1776932552.747,152.747,0.22,0.23,0.77,0.78,0.01,0.01,78083.16,1776932550000
1776932553.333,153.333,0.22,0.23,0.77,0.78,0.01,0.01,78083.16,1776932551000
1776932553.779,153.779,0.22,0.23,0.77,0.78,0.01,0.01,78083.55,1776932552000
1776932554.283,154.283,0.22,0.23,0.77,0.78,0.01,0.01,78083.55,1776932553000
1776932554.687,154.687,0.22,0.23,0.77,0.78,0.01,0.01,78083.55,1776932553000
1776932555.028,155.028,0.22,0.23,0.77,0.78,0.01,0.01,78083.55,1776932553000
1776932555.395,155.395,0.22,0.23,0.77,0.78,0.01,0.01,78081.59,1776932554000
1776932555.79,155.79,0.22,0.23,0.77,0.78,0.01,0.01,78081.59,1776932554000
1776932556.368,156.368,0.22,0.23,0.77,0.78,0.01,0.01,78081.16,1776932555000
1776932556.777,156.777,0.22,0.23,0.77,0.78,0.01,0.01,78081.16,1776932555000
1776932557.11,157.11,0.22,0.23,0.77,0.78,0.01,0.01,78081.16,1776932555000
1776932557.481,157.481,0.22,0.23,0.77,0.78,0.01,0.01,78081.08,1776932556000
1776932558.114,158.114,0.22,0.23,0.77,0.78,0.01,0.01,78080.89,1776932557000
1776932558.591,158.591,0.22,0.23,0.77,0.78,0.01,0.01,78080.89,1776932557000
1776932559.151,159.151,0.22,0.23,0.77,0.78,0.01,0.01,78080.89,1776932558000
1776932559.607,159.607,0.2,0.21,0.79,0.8,0.01,0.01,78080.89,1776932558000
1776932559.952,159.952,0.2,0.21,0.79,0.8,0.01,0.01,78080.89,1776932558000
1776932560.29,160.29,0.2,0.21,0.79,0.8,0.01,0.01,78080.93,1776932559000
1776932560.699,160.699,0.2,0.21,0.79,0.8,0.01,0.01,78080.93,1776932559000
1776932561.126,161.126,0.19,0.2,0.8,0.81,0.01,0.01,78080.93,1776932559000
1776932561.478,161.478,0.18,0.19,0.8,0.81,0.01,0.01,78080.93,1776932559000
1776932561.811,161.811,0.18,0.19,0.81,0.82,0.01,0.01,78078.59,1776932560000
1776932562.174,162.174,0.18,0.19,0.81,0.82,0.01,0.01,78077.89,1776932561000
1776932562.508,162.508,0.15,0.16,0.84,0.85,0.01,0.01,78077.89,1776932561000
1776932562.989,162.989,0.15,0.16,0.84,0.85,0.01,0.01,78077.89,1776932561000
1776932563.328,163.328,0.15,0.16,0.84,0.85,0.01,0.01,78074.85,1776932562000
1776932563.889,163.889,0.15,0.16,0.84,0.85,0.01,0.01,78074.85,1776932562000
1776932564.222,164.222,0.15,0.16,0.84,0.85,0.01,0.01,78073.01,1776932563000
1776932564.555,164.555,0.13,0.14,0.86,0.87,0.01,0.01,78073.01,1776932563000
1776932565.011,165.011,0.13,0.14,0.86,0.87,0.01,0.01,78073.01,1776932563000
1776932565.44,165.44,0.13,0.14,0.86,0.87,0.01,0.01,78072.12,1776932564000
1776932565.839,165.839,0.12,0.13,0.86,0.87,0.01,0.01,78072.12,1776932564000
1776932566.24,166.24,0.12,0.13,0.87,0.88,0.01,0.01,78072.12,1776932564000
1776932566.654,166.654,0.12,0.13,0.87,0.88,0.01,0.01,78069.63,1776932565000
1776932567.024,167.024,0.12,0.13,0.87,0.88,0.01,0.01,78067.3,1776932566000
1776932567.377,167.377,0.11,0.12,0.87,0.88,0.01,0.01,78067.3,1776932566000
1776932567.787,167.787,0.11,0.12,0.88,0.89,0.01,0.01,78067.3,1776932566000
1776932568.153,168.153,0.11,0.12,0.88,0.89,0.01,0.01,78066.08,1776932567000
1776932568.676,168.676,0.11,0.12,0.88,0.89,0.01,0.01,78066.08,1776932567000
1776932569.112,169.112,0.11,0.12,0.88,0.89,0.01,0.01,78066.08,1776932567000
1776932569.569,169.569,0.11,0.12,0.88,0.89,0.01,0.01,78066.08,1776932567000
1776932569.914,169.914,0.11,0.12,0.88,0.89,0.01,0.01,78064.87,1776932568000
1776932570.265,170.265,0.11,0.12,0.88,0.89,0.01,0.01,78064.72,1776932569000
1776932570.612,170.612,0.11,0.12,0.88,0.89,0.01,0.01,78064.72,1776932569000
1776932570.946,170.946,0.11,0.12,0.88,0.89,0.01,0.01,78064.72,1776932569000
1776932571.374,171.374,0.11,0.12,0.88,0.89,0.01,0.01,78064.72,1776932569000
1776932571.832,171.832,0.11,0.12,0.88,0.89,0.01,0.01,78063.42,1776932570000
1776932572.496,172.496,0.11,0.12,0.88,0.89,0.01,0.01,78061.89,1776932571000
1776932572.898,172.898,0.11,0.12,0.88,0.89,0.01,0.01,78061.89,1776932571000
1776932573.252,173.252,0.11,0.12,0.88,0.89,0.01,0.01,78061.87,1776932572000
1776932573.601,173.601,0.11,0.12,0.88,0.89,0.01,0.01,78061.87,1776932572000
1776932573.948,173.948,0.11,0.12,0.88,0.89,0.01,0.01,78061.87,1776932572000
1776932574.334,174.334,0.11,0.12,0.88,0.89,0.01,0.01,78061.87,1776932572000
1776932574.797,174.797,0.11,0.12,0.88,0.89,0.01,0.01,78061.87,1776932573000
1776932575.149,175.149,0.1,0.11,0.89,0.9,0.01,0.01,78061.87,1776932574000
1776932575.71,175.71,0.1,0.11,0.89,0.9,0.01,0.01,78061.87,1776932574000
1776932576.182,176.182,0.1,0.11,0.89,0.9,0.01,0.01,78061.89,1776932575000
1776932576.521,176.521,0.1,0.11,0.89,0.9,0.01,0.01,78061.89,1776932575000
1776932576.922,176.922,0.1,0.11,0.89,0.9,0.01,0.01,78061.89,1776932575000
1776932577.521,177.521,0.1,0.11,0.89,0.9,0.01,0.01,78061.88,1776932576000
1776932577.966,177.966,0.1,0.11,0.89,0.9,0.01,0.01,78061.88,1776932576000
1776932578.346,178.346,0.1,0.11,0.89,0.9,0.01,0.01,78061.88,1776932576000
1776932579.038,179.038,0.1,0.11,0.89,0.9,0.01,0.01,78062.18,1776932578000
1776932579.892,179.892,0.1,0.11,0.89,0.9,0.01,0.01,78062.18,1776932578000
1776932580.481,180.481,0.1,0.11,0.89,0.9,0.01,0.01,78062.21,1776932579000
1776932581.555,181.555,0.1,0.11,0.89,0.9,0.01,0.01,78061.7,1776932580000
1776932581.929,181.929,0.1,0.11,0.89,0.9,0.01,0.01,78061.7,1776932580000
1776932582.335,182.335,0.1,0.11,0.89,0.9,0.01,0.01,78061.73,1776932581000
1776932582.796,182.796,0.09,0.1,0.9,0.91,0.01,0.01,78061.73,1776932581000
1776932583.234,183.234,0.08,0.1,0.9,0.92,0.02,0.02,78061.73,1776932581000
1776932583.571,183.571,0.08,0.11,0.89,0.92,0.03,0.03,78061.73,1776932581000
1776932583.906,183.906,0.07,0.1,0.9,0.93,0.03,0.03,78059.27,1776932582000
1776932584.375,184.375,0.07,0.1,0.9,0.92,0.03,0.02,78059.27,1776932582000
1776932584.765,184.765,0.08,0.09,0.91,0.92,0.01,0.01,78055.6,1776932583000
1776932585.119,185.119,0.06,0.08,0.92,0.94,0.02,0.02,78055.39,1776932584000
1776932585.666,185.666,0.06,0.07,0.93,0.94,0.01,0.01,78055.39,1776932584000
1776932586.034,186.034,0.05,0.06,0.94,0.95,0.01,0.01,78055.39,1776932584000
1776932586.42,186.42,0.05,0.06,0.94,0.95,0.01,0.01,78051.42,1776932585000
1776932586.782,186.782,0.05,0.06,0.94,0.95,0.01,0.01,78051.42,1776932585000
1776932587.116,187.116,0.05,0.06,0.94,0.95,0.01,0.01,78051.42,1776932585000
1776932587.66,187.66,0.05,0.06,0.94,0.95,0.01,0.01,78047.67,1776932586000
1776932588.11,188.11,0.05,0.06,0.94,0.95,0.01,0.01,78047.32,1776932587000
1776932588.475,188.475,0.05,0.06,0.94,0.95,0.01,0.01,78047.32,1776932587000
1776932588.955,188.955,0.05,0.07,0.94,0.95,0.02,0.01,78047.32,1776932587000
1776932589.5,189.5,0.05,0.06,0.94,0.95,0.01,0.01,78048.31,1776932588000
1776932589.958,189.958,0.06,0.07,0.94,0.95,0.01,0.01,78048.31,1776932588000
1776932590.33,190.33,0.06,0.07,0.93,0.94,0.01,0.01,78049.46,1776932589000
1776932590.775,190.775,0.06,0.07,0.93,0.94,0.01,0.01,78049.46,1776932589000
1776932591.205,191.205,0.06,0.07,0.93,0.94,0.01,0.01,78049.46,1776932589000
1776932591.57,191.57,0.04,0.05,0.94,0.96,0.01,0.02,78049.68,1776932590000
1776932591.925,191.925,0.04,0.05,0.95,0.96,0.01,0.01,78049.68,1776932590000
1776932592.318,192.318,0.04,0.05,0.95,0.96,0.01,0.01,78050.22,1776932591000
1776932592.815,192.815,0.04,0.05,0.95,0.96,0.01,0.01,78050.22,1776932591000
1776932593.287,193.287,0.04,0.05,0.95,0.96,0.01,0.01,78044.04,1776932592000
1776932593.805,193.805,0.04,0.05,0.95,0.96,0.01,0.01,78044.04,1776932592000
1776932594.26,194.26,0.04,0.06,0.95,0.96,0.02,0.01,78044.04,1776932592000
1776932594.599,194.599,0.05,0.06,0.94,0.96,0.01,0.02,78041.01,1776932593000
1776932595.156,195.156,0.05,0.06,0.94,0.95,0.01,0.01,78040.75,1776932594000
1776932595.717,195.717,0.05,0.06,0.94,0.95,0.01,0.01,78040.75,1776932594000
1776932596.07,196.07,0.05,0.06,0.94,0.95,0.01,0.01,78040.89,1776932595000
1776932596.416,196.416,0.05,0.06,0.94,0.95,0.01,0.01,78040.89,1776932595000
1776932596.755,196.755,0.05,0.06,0.94,0.95,0.01,0.01,78040.89,1776932595000
1776932597.52,197.52,0.05,0.06,0.94,0.95,0.01,0.01,78042.03,1776932596000
1776932597.911,197.911,0.05,0.06,0.94,0.95,0.01,0.01,78042.03,1776932596000
1776932598.322,198.322,0.05,0.06,0.94,0.95,0.01,0.01,78041.89,1776932597000
1776932599.134,199.134,0.05,0.06,0.94,0.95,0.01,0.01,78041.89,1776932597000
1776932599.468,199.468,0.04,0.06,0.94,0.95,0.02,0.01,78041.58,1776932598000
1776932599.944,199.944,0.05,0.06,0.94,0.95,0.01,0.01,78041.58,1776932598000
1776932600.301,200.301,0.05,0.06,0.94,0.95,0.01,0.01,78041.58,1776932598000
1776932600.735,200.735,0.05,0.06,0.94,0.95,0.01,0.01,78041.46,1776932599000
1776932601.153,201.153,0.05,0.06,0.94,0.95,0.01,0.01,78041.46,1776932599000
1776932601.486,201.486,0.05,0.06,0.94,0.95,0.01,0.01,78041.21,1776932600000
1776932601.853,201.853,0.05,0.06,0.94,0.95,0.01,0.01,78041.21,1776932600000
1776932602.361,202.361,0.05,0.06,0.94,0.95,0.01,0.01,78041.78,1776932601000
1776932602.799,202.799,0.05,0.06,0.94,0.95,0.01,0.01,78041.78,1776932601000
1776932603.216,203.216,0.04,0.06,0.94,0.95,0.02,0.01,78042.91,1776932602000
1776932603.869,203.869,0.04,0.05,0.94,0.96,0.01,0.02,78042.91,1776932602000
1776932604.316,204.316,0.04,0.05,0.95,0.96,0.01,0.01,78044.69,1776932603000
1776932604.765,204.765,0.04,0.05,0.95,0.96,0.01,0.01,78044.69,1776932603000
1776932605.119,205.119,0.04,0.05,0.95,0.96,0.01,0.01,78044.69,1776932603000
1776932605.472,205.472,0.04,0.05,0.95,0.96,0.01,0.01,78044.72,1776932604000
1776932606.036,206.036,0.04,0.05,0.95,0.96,0.01,0.01,78044.72,1776932604000
1776932606.382,206.382,0.04,0.05,0.95,0.96,0.01,0.01,78044.7,1776932605000
1776932607.173,207.173,0.04,0.05,0.95,0.96,0.01,0.01,78044.72,1776932606000
1776932607.523,207.523,0.05,0.06,0.94,0.95,0.01,0.01,78044.72,1776932606000
1776932607.859,207.859,0.06,0.07,0.93,0.94,0.01,0.01,78044.72,1776932606000
1776932608.282,208.282,0.06,0.07,0.93,0.94,0.01,0.01,78044.4,1776932607000
1776932609.022,209.022,0.06,0.07,0.93,0.94,0.01,0.01,78044.4,1776932607000
1776932609.732,209.732,0.06,0.07,0.93,0.94,0.01,0.01,78045.7,1776932608000
1776932610.118,210.118,0.06,0.07,0.93,0.94,0.01,0.01,78045.7,1776932608000
1776932610.515,210.515,0.06,0.07,0.93,0.94,0.01,0.01,78044.86,1776932609000
1776932610.901,210.901,0.06,0.07,0.93,0.94,0.01,0.01,78044.86,1776932609000
1776932611.277,211.277,0.06,0.07,0.93,0.94,0.01,0.01,78044.86,1776932610000
1776932611.844,211.844,0.06,0.07,0.93,0.94,0.01,0.01,78044.86,1776932610000
1776932612.298,212.298,0.06,0.07,0.93,0.94,0.01,0.01,78044.86,1776932610000
1776932612.65,212.65,0.06,0.07,0.93,0.94,0.01,0.01,78044.86,1776932610000
1776932612.985,212.985,0.06,0.07,0.93,0.94,0.01,0.01,78045.96,1776932611000
1776932613.341,213.341,0.06,0.07,0.93,0.94,0.01,0.01,78045.96,1776932612000
1776932613.75,213.75,0.06,0.07,0.93,0.94,0.01,0.01,78045.96,1776932612000
1776932614.095,214.095,0.06,0.07,0.93,0.94,0.01,0.01,78045.96,1776932612000
1776932614.465,214.465,0.06,0.07,0.93,0.94,0.01,0.01,78046.22,1776932613000
1776932615.066,215.066,0.06,0.07,0.93,0.94,0.01,0.01,78046.22,1776932613000
1776932615.412,215.412,0.06,0.07,0.93,0.94,0.01,0.01,78047.06,1776932614000
1776932615.842,215.842,0.06,0.07,0.93,0.94,0.01,0.01,78047.06,1776932614000
1776932616.322,216.322,0.06,0.07,0.93,0.94,0.01,0.01,78047.15,1776932615000
1776932617.273,217.273,0.06,0.07,0.93,0.94,0.01,0.01,78047.22,1776932616000
1776932617.672,217.672,0.06,0.07,0.93,0.94,0.01,0.01,78047.22,1776932616000
1776932618.026,218.026,0.06,0.07,0.93,0.94,0.01,0.01,78047.22,1776932616000
1776932618.872,218.872,0.06,0.07,0.93,0.94,0.01,0.01,78047.3,1776932617000
1776932619.294,219.294,0.06,0.07,0.93,0.94,0.01,0.01,78047.34,1776932618000
1776932620.294,220.294,0.06,0.07,0.93,0.94,0.01,0.01,78047.16,1776932619000
1776932620.963,220.963,0.06,0.07,0.93,0.94,0.01,0.01,78047.16,1776932619000
1776932621.296,221.296,0.04,0.06,0.94,0.96,0.02,0.02,78047.16,1776932619000
1776932622.08,222.08,0.04,0.05,0.94,0.96,0.01,0.02,78041.91,1776932620000
1776932622.451,222.451,0.03,0.05,0.95,0.96,0.02,0.01,78033.02,1776932621000
1776932622.884,222.884,0.03,0.04,0.95,0.97,0.01,0.02,78033.02,1776932621000
1776932623.256,223.256,0.03,0.04,0.96,0.97,0.01,0.01,78033.02,1776932621000
1776932623.862,223.862,0.02,0.03,0.97,0.98,0.01,0.01,78032.05,1776932622000
1776932624.319,224.319,0.02,0.03,0.97,0.98,0.01,0.01,78032.05,1776932622000
1776932624.807,224.807,0.02,0.03,0.97,0.98,0.01,0.01,78031.45,1776932623000
1776932625.142,225.142,0.02,0.03,0.97,0.98,0.01,0.01,78031.45,1776932623000
1776932625.603,225.603,0.02,0.03,0.97,0.98,0.01,0.01,78031.45,1776932623000
1776932626.72,226.72,0.02,0.03,0.97,0.98,0.01,0.01,78031.23,1776932624000
1776932627.115,227.115,0.02,0.03,0.97,0.98,0.01,0.01,78031.23,1776932624000
1776932627.618,227.618,0.02,0.03,0.97,0.98,0.01,0.01,78033.08,1776932626000
1776932628.027,228.027,0.02,0.03,0.97,0.98,0.01,0.01,78033.08,1776932626000
1776932628.362,228.362,0.02,0.03,0.97,0.98,0.01,0.01,78033.18,1776932627000
1776932628.771,228.771,0.02,0.03,0.97,0.98,0.01,0.01,78033.18,1776932627000
1776932629.209,229.209,0.02,0.03,0.97,0.98,0.01,0.01,78033.18,1776932627000
1776932629.557,229.557,0.02,0.03,0.97,0.98,0.01,0.01,78033.18,1776932627000
1776932630.157,230.157,0.01,0.02,0.98,0.99,0.01,0.01,78032.27,1776932629000
1776932630.57,230.57,0.01,0.02,0.98,0.99,0.01,0.01,78032.27,1776932629000
1776932631.138,231.138,0.01,0.02,0.98,0.99,0.01,0.01,78032.27,1776932629000
1776932631.515,231.515,0.01,0.02,0.98,0.99,0.01,0.01,78020.3,1776932630000
1776932631.909,231.909,0.01,0.02,0.98,0.99,0.01,0.01,78020.3,1776932630000
1776932632.243,232.243,0.01,0.02,0.98,0.99,0.01,0.01,78020.3,1776932631000
1776932632.625,232.625,0.01,0.02,0.98,0.99,0.01,0.01,78020.3,1776932631000
1776932633.088,233.088,0.01,0.02,0.98,0.99,0.01,0.01,78020.3,1776932631000
1776932633.457,233.457,0.01,0.02,0.98,0.99,0.01,0.01,78018.65,1776932632000
1776932633.867,233.867,0.01,0.02,0.98,0.99,0.01,0.01,78018.65,1776932632000
1776932634.308,234.308,0.01,0.02,0.98,0.99,0.01,0.01,78018.65,1776932632000
1776932634.901,234.901,0.01,0.02,0.98,0.99,0.01,0.01,78017.84,1776932633000
1776932635.418,235.418,0.01,0.02,0.98,0.99,0.01,0.01,78017.84,1776932633000
1776932635.903,235.903,0.01,0.02,0.98,0.99,0.01,0.01,78017.82,1776932634000
1776932636.389,236.389,0.01,0.02,0.98,0.99,0.01,0.01,78017.82,1776932635000
1776932636.926,236.926,0.01,0.02,0.98,0.99,0.01,0.01,78017.82,1776932635000
1776932637.589,237.589,0.01,0.02,0.98,0.99,0.01,0.01,78017.93,1776932636000
1776932637.935,237.935,0.01,0.02,0.98,0.99,0.01,0.01,78017.93,1776932636000
1776932638.845,238.845,0.01,0.02,0.98,0.99,0.01,0.01,78017.99,1776932637000
1776932639.288,239.288,0.01,0.02,0.98,0.99,0.01,0.01,78017.99,1776932637000
1776932640.533,240.533,0.01,0.02,0.98,0.99,0.01,0.01,78017.87,1776932638000
1776932640.945,240.945,0.01,0.02,0.98,0.99,0.01,0.01,78018.82,1776932639000
1776932641.436,241.436,0.01,0.02,0.98,0.99,0.01,0.01,78019.17,1776932640000
1776932642.111,242.111,0.01,0.02,0.98,0.99,0.01,0.01,78019.17,1776932640000
1776932642.457,242.457,0.01,0.02,0.98,0.99,0.01,0.01,78020.6,1776932641000
1776932642.804,242.804,0.01,0.01,0.99,0.99,0.0,0.0,78020.6,1776932641000
1776932643.145,243.145,0.01,0.01,0.99,0.99,0.0,0.0,78020.6,1776932641000
1776932643.48,243.48,0.01,0.01,0.99,0.99,0.0,0.0,78020.87,1776932642000
1776932643.984,243.984,0.01,0.01,0.99,0.99,0.0,0.0,78020.89,1776932643000
1776932644.328,244.328,0.01,0.01,0.99,0.99,0.0,0.0,78020.89,1776932643000
1776932644.699,244.699,0.01,0.01,0.99,0.99,0.0,0.0,78020.89,1776932643000
1776932645.087,245.087,0.01,0.01,0.99,0.99,0.0,0.0,78020.9,1776932644000
1776932645.947,245.947,0.01,0.01,0.99,0.99,0.0,0.0,78020.9,1776932644000
1776932646.362,246.362,0.01,0.01,0.99,0.99,0.0,0.0,78038.48,1776932645000
1776932646.696,246.696,0.01,0.01,0.99,0.99,0.0,0.0,78038.48,1776932645000
1776932647.179,247.179,0.01,0.01,0.99,0.99,0.0,0.0,78040.67,1776932646000
1776932647.707,247.707,0.01,0.01,0.99,0.99,0.0,0.0,78040.67,1776932646000
1776932648.283,248.283,0.01,0.01,0.99,0.99,0.0,0.0,78040.67,1776932647000
1776932648.781,248.781,0.01,0.01,0.99,0.99,0.0,0.0,78040.67,1776932647000
1776932649.263,249.263,0.01,0.01,0.99,0.99,0.0,0.0,78040.69,1776932648000
1776932649.6,249.6,0.01,0.01,0.99,0.99,0.0,0.0,78040.69,1776932648000
1776932649.958,249.958,0.01,0.01,0.99,0.99,0.0,0.0,78040.69,1776932648000
1776932650.508,250.508,0.01,0.01,0.99,0.99,0.0,0.0,78040.7,1776932649000
1776932650.864,250.864,0.01,0.02,0.98,0.99,0.01,0.01,78040.7,1776932649000
1776932651.236,251.236,0.01,0.02,0.98,0.99,0.01,0.01,78040.71,1776932650000
1776932651.589,251.589,0.01,0.02,0.98,0.99,0.01,0.01,78040.71,1776932650000
1776932652.018,252.018,0.01,0.02,0.98,0.99,0.01,0.01,78040.71,1776932650000
1776932652.383,252.383,0.01,0.03,0.98,0.99,0.02,0.01,78041.36,1776932651000
1776932653.098,253.098,0.02,0.03,0.97,0.98,0.01,0.01,78041.36,1776932651000
1776932653.561,253.561,0.02,0.03,0.97,0.98,0.01,0.01,78052.14,1776932652000
1776932653.894,253.894,0.02,0.03,0.97,0.98,0.01,0.01,78054.75,1776932653000
1776932654.477,254.477,0.02,0.03,0.97,0.98,0.01,0.01,78054.75,1776932653000
1776932654.859,254.859,0.02,0.03,0.97,0.98,0.01,0.01,78054.75,1776932653000
1776932655.322,255.322,0.02,0.03,0.97,0.98,0.01,0.01,78055.04,1776932654000
1776932655.69,255.69,0.02,0.03,0.97,0.98,0.01,0.01,78055.04,1776932654000
1776932656.145,256.145,0.02,0.03,0.97,0.98,0.01,0.01,78055.04,1776932655000
1776932656.525,256.525,0.02,0.03,0.97,0.98,0.01,0.01,78055.04,1776932655000
1776932657.088,257.088,0.02,0.03,0.97,0.98,0.01,0.01,78055.36,1776932656000
1776932657.606,257.606,0.02,0.03,0.97,0.98,0.01,0.01,78055.36,1776932656000
1776932658.121,258.121,0.02,0.03,0.97,0.98,0.01,0.01,78057.93,1776932657000
1776932658.525,258.525,0.01,0.05,0.95,0.96,0.04,0.01,78057.93,1776932657000
1776932658.97,258.97,0.02,0.03,0.97,0.98,0.01,0.01,78057.93,1776932657000
1776932659.461,259.461,0.02,0.03,0.97,0.99,0.01,0.02,78056.31,1776932658000
1776932659.81,259.81,0.01,0.03,0.98,0.99,0.02,0.01,78056.31,1776932658000
1776932660.201,260.201,0.01,0.03,0.97,0.99,0.02,0.02,78056.97,1776932659000
1776932660.55,260.55,0.03,0.04,0.96,0.97,0.01,0.01,78056.97,1776932659000
1776932660.905,260.905,0.03,0.04,0.96,0.97,0.01,0.01,78056.97,1776932659000
1776932661.494,261.494,0.03,0.04,0.96,0.97,0.01,0.01,78056.31,1776932660000
1776932661.87,261.87,0.03,0.04,0.96,0.97,0.01,0.01,78056.31,1776932660000
1776932662.207,262.207,0.02,0.04,0.96,0.98,0.02,0.02,78058.05,1776932661000
1776932662.582,262.582,0.02,0.03,0.97,0.98,0.01,0.01,78058.05,1776932661000
1776932663.199,263.199,0.02,0.03,0.97,0.98,0.01,0.01,78058.81,1776932662000
1776932663.65,263.65,0.02,0.03,0.97,0.98,0.01,0.01,78058.81,1776932662000
1776932664.096,264.096,0.02,0.03,0.96,0.98,0.01,0.02,78058.81,1776932662000
1776932664.858,264.858,0.02,0.03,0.97,0.98,0.01,0.01,78057.47,1776932663000
1776932665.243,265.243,0.02,0.03,0.97,0.98,0.01,0.01,78056.2,1776932664000
1776932666.16,266.16,0.01,0.02,0.97,0.99,0.01,0.02,78056.2,1776932664000
1776932666.958,266.958,0.01,0.03,0.98,0.99,0.02,0.01,78055.68,1776932665000
1776932667.623,267.623,0.01,0.02,0.98,0.99,0.01,0.01,78055.68,1776932666000
1776932668.27,268.27,0.01,0.02,0.98,0.99,0.01,0.01,78056.09,1776932667000
1776932668.727,268.727,0.01,0.02,0.98,0.99,0.01,0.01,78056.09,1776932667000
1776932669.086,269.086,0.01,0.02,0.98,0.99,0.01,0.01,78056.09,1776932667000
1776932669.421,269.421,0.01,0.02,0.98,0.99,0.01,0.01,78056.03,1776932668000
1776932669.803,269.803,0.01,0.02,0.98,0.99,0.01,0.01,78056.03,1776932668000
1776932670.445,270.445,0.01,0.02,0.98,0.99,0.01,0.01,78056.03,1776932668000
1776932671.261,271.261,0.01,0.01,0.99,0.99,0.0,0.0,78050.92,1776932670000
1776932672.127,272.127,0.01,0.01,0.99,0.99,0.0,0.0,78050.92,1776932670000
1776932672.583,272.583,0.01,0.01,0.99,0.99,0.0,0.0,78052.31,1776932671000
1776932672.985,272.985,0.01,0.01,0.99,0.99,0.0,0.0,78052.31,1776932672000
1776932673.579,273.579,0.01,0.01,0.99,0.99,0.0,0.0,78052.31,1776932672000
1776932674.306,274.306,0.01,0.01,0.99,0.99,0.0,0.0,78052.49,1776932673000
1776932675.38,275.38,0.01,0.01,0.99,0.99,0.0,0.0,78052.49,1776932673000
1776932676.009,276.009,0.01,0.01,0.99,0.99,0.0,0.0,78053.49,1776932675000
1776932676.645,276.645,0.01,0.01,0.99,0.99,0.0,0.0,78053.49,1776932675000
1776932677.116,277.116,0.01,0.01,0.99,0.99,0.0,0.0,78053.63,1776932676000
1776932678.325,278.325,0.01,0.01,0.99,0.99,0.0,0.0,78053.63,1776932676000
1776932679.442,279.442,0.01,0.01,0.99,0.99,0.0,0.0,78050.56,1776932678000
1776932680.146,280.146,0.01,0.01,0.99,0.99,0.0,0.0,78047.48,1776932679000
1776932681.131,281.131,0.01,0.01,0.99,0.99,0.0,0.0,78046.87,1776932680000
1776932682.338,282.338,0.01,0.01,0.99,0.99,0.0,0.0,78043.42,1776932681000
1776932682.923,282.923,0.01,0.01,0.99,0.99,0.0,0.0,78023.8,1776932682000
1776932684.022,284.022,0.01,0.01,0.99,0.99,0.0,0.0,78015.33,1776932683000
1776932685.154,285.154,0.01,0.01,0.99,0.99,0.0,0.0,78015.33,1776932683000
1776932685.605,285.605,0.01,0.01,0.99,0.99,0.0,0.0,78007.87,1776932684000
1776932686.085,286.085,0.01,0.01,0.99,0.99,0.0,0.0,78007.46,1776932685000
1776932687.275,287.275,0.01,0.01,0.99,0.99,0.0,0.0,78007.49,1776932686000
1776932688.392,288.392,0.01,0.01,0.99,0.99,0.0,0.0,78007.04,1776932687000
1776932688.96,288.96,0.01,0.01,0.99,0.99,0.0,0.0,78007.42,1776932688000
1776932690.333,290.333,0.01,0.01,0.99,0.99,0.0,0.0,78007.19,1776932689000
1776932691.29,291.29,0.01,0.01,0.99,0.99,0.0,0.0,77999.29,1776932690000
1776932691.965,291.965,0.01,0.01,0.99,0.99,0.0,0.0,77999.27,1776932691000
1776932693.043,293.043,0.01,0.01,0.99,0.99,0.0,0.0,78000.18,1776932692000
1776932694.334,294.334,0.01,0.01,0.99,0.99,0.0,0.0,77999.97,1776932693000
1776932695.52,295.52,0.01,0.01,0.99,0.99,0.0,0.0,77999.97,1776932693000
1776932696.259,296.259,0.01,0.01,0.99,0.99,0.0,0.0,77999.81,1776932695000
1776932696.749,296.749,0.01,0.01,0.99,0.99,0.0,0.0,77999.81,1776932695000
1776932697.276,297.276,0.01,0.01,0.99,0.99,0.0,0.0,77999.57,1776932696000
1776932698.394,298.394,0.01,0.01,0.99,0.99,0.0,0.0,77999.51,1776932697000
1776932699.457,299.457,0.01,0.01,0.99,0.99,0.0,0.0,78000.64,1776932698000
1776932699.9,299.9,0.01,0.01,0.99,0.99,0.0,0.0,78000.64,1776932698000
1776932700.374,300.374,0.01,0.01,0.99,0.99,0.0,0.0,78000.64,1776932698000
1776932700.729,300.729,0.01,0.01,0.99,0.99,0.0,0.0,78000.64,1776932699000
1776932701.115,301.115,0.01,0.01,0.99,0.99,0.0,0.0,78000.6,1776932700000
1776932702.16,302.16,0.01,0.01,0.99,0.99,0.0,0.0,78005.24,1776932701000

# RESULT,winner=Down,slug=btc-updown-5m-1776932400,ticks=624
