timestamp,elapsed_sec,up_bid,up_ask,down_bid,down_ask,up_spread,down_spread,btc_price,btc_oracle_ts
1777214400.508,0.508,0.43,0.44,0.53,0.55,0.01,0.02,78087.32,1777214399000
1777214400.904,0.904,0.45,0.47,0.53,0.54,0.02,0.01,78087.32,1777214399000
1777214401.266,1.266,0.46,0.48,0.53,0.54,0.02,0.01,78087.32,1777214399000
1777214401.751,1.751,0.47,0.48,0.51,0.53,0.01,0.02,78087.32,1777214400000
1777214402.143,2.143,0.47,0.48,0.52,0.7,0.01,0.18,78087.32,1777214400000
1777214402.547,2.547,0.46,0.47,0.53,0.54,0.01,0.01,78087.32,1777214401000
1777214402.921,2.921,0.46,0.47,0.53,0.54,0.01,0.01,78087.32,1777214402000
1777214403.31,3.31,0.39,0.46,0.54,0.55,0.07,0.01,78087.32,1777214402000
1777214403.687,3.687,0.43,0.45,0.55,0.62,0.02,0.07,78087.32,1777214402000
1777214404.087,4.087,0.41,0.42,0.58,0.59,0.01,0.01,78087.32,1777214402000
1777214404.606,4.606,0.4,0.41,0.59,0.6,0.01,0.01,78087.45,1777214403000
1777214405.12,5.12,0.41,0.42,0.58,0.59,0.01,0.01,78087.45,1777214403000
1777214405.568,5.568,0.41,0.42,0.58,0.59,0.01,0.01,78087.45,1777214403000
1777214406.068,6.068,0.41,0.43,0.58,0.59,0.02,0.01,78087.76,1777214404000
1777214406.582,6.582,0.44,0.45,0.55,0.56,0.01,0.01,78087.78,1777214405000
1777214406.982,6.982,0.44,0.45,0.55,0.56,0.01,0.01,78087.78,1777214405000
1777214407.323,7.323,0.33,0.43,0.57,0.67,0.1,0.1,78087.78,1777214406000
1777214407.683,7.683,0.36,0.37,0.63,0.64,0.01,0.01,78087.78,1777214406000
1777214408.145,8.145,0.38,0.39,0.61,0.63,0.01,0.02,78087.78,1777214406000
1777214408.56,8.56,0.38,0.39,0.61,0.62,0.01,0.01,78087.56,1777214407000
1777214408.893,8.893,0.42,0.43,0.57,0.58,0.01,0.01,78087.56,1777214407000
1777214409.255,9.255,0.43,0.44,0.56,0.57,0.01,0.01,78087.56,1777214407000
1777214409.635,9.635,0.44,0.45,0.55,0.56,0.01,0.01,78087.52,1777214408000
1777214409.989,9.989,0.44,0.45,0.55,0.56,0.01,0.01,78087.52,1777214409000
1777214410.328,10.328,0.44,0.45,0.55,0.56,0.01,0.01,78087.52,1777214409000
1777214410.678,10.678,0.45,0.46,0.54,0.56,0.01,0.02,78087.52,1777214409000
1777214411.031,11.031,0.45,0.46,0.54,0.55,0.01,0.01,78087.52,1777214410000
1777214411.455,11.455,0.45,0.46,0.54,0.55,0.01,0.01,78087.52,1777214410000
1777214411.982,11.982,0.45,0.46,0.54,0.55,0.01,0.01,78087.52,1777214410000
1777214412.694,12.694,0.45,0.46,0.54,0.55,0.01,0.01,78087.59,1777214411000
1777214413.039,13.039,0.44,0.45,0.54,0.56,0.01,0.02,78087.59,1777214411000
1777214413.437,13.437,0.45,0.46,0.54,0.56,0.01,0.02,78087.6,1777214412000
1777214413.813,13.813,0.44,0.45,0.55,0.56,0.01,0.01,78087.6,1777214412000
1777214414.282,14.282,0.44,0.45,0.55,0.56,0.01,0.01,78087.75,1777214413000
1777214414.937,14.937,0.44,0.45,0.55,0.56,0.01,0.01,78087.75,1777214413000
1777214415.321,15.321,0.46,0.47,0.55,0.56,0.01,0.01,78087.75,1777214413000
1777214415.66,15.66,0.46,0.47,0.53,0.54,0.01,0.01,78087.75,1777214414000
1777214416.035,16.035,0.49,0.5,0.5,0.51,0.01,0.01,78087.75,1777214415000
1777214416.483,16.483,0.49,0.5,0.5,0.51,0.01,0.01,78087.75,1777214415000
1777214416.955,16.955,0.49,0.5,0.5,0.51,0.01,0.01,78087.75,1777214415000
1777214417.328,17.328,0.49,0.5,0.5,0.51,0.01,0.01,78087.85,1777214416000
1777214417.665,17.665,0.49,0.5,0.5,0.51,0.01,0.01,78087.85,1777214416000
1777214418.031,18.031,0.49,0.5,0.5,0.51,0.01,0.01,78087.85,1777214416000
1777214418.387,18.387,0.49,0.51,0.5,0.51,0.02,0.01,78087.85,1777214416000
1777214418.721,18.721,0.5,0.51,0.49,0.51,0.01,0.02,78089.49,1777214417000
1777214419.228,19.228,0.5,0.51,0.49,0.5,0.01,0.01,78089.83,1777214418000
1777214419.837,19.837,0.5,0.51,0.49,0.5,0.01,0.01,78089.83,1777214418000
1777214420.301,20.301,0.5,0.51,0.49,0.5,0.01,0.01,78090.73,1777214419000
1777214420.756,20.756,0.5,0.51,0.49,0.5,0.01,0.01,78090.73,1777214419000
1777214421.228,21.228,0.5,0.51,0.49,0.5,0.01,0.01,78090.73,1777214419000
1777214421.798,21.798,0.5,0.51,0.49,0.5,0.01,0.01,78090.81,1777214420000
1777214422.142,22.142,0.5,0.51,0.49,0.5,0.01,0.01,78091.12,1777214421000
1777214422.711,22.711,0.5,0.51,0.49,0.5,0.01,0.01,78091.12,1777214421000
1777214423.147,23.147,0.5,0.51,0.49,0.5,0.01,0.01,78091.11,1777214422000
1777214423.505,23.505,0.51,0.52,0.48,0.49,0.01,0.01,78091.11,1777214422000
1777214423.892,23.892,0.51,0.52,0.48,0.49,0.01,0.01,78091.11,1777214422000
1777214424.245,24.245,0.51,0.52,0.48,0.49,0.01,0.01,78091.33,1777214423000
1777214424.622,24.622,0.5,0.52,0.48,0.49,0.02,0.01,78091.33,1777214423000
1777214425.399,25.399,0.5,0.51,0.49,0.5,0.01,0.01,78091.33,1777214424000
1777214425.936,25.936,0.5,0.51,0.49,0.5,0.01,0.01,78091.32,1777214425000
1777214426.317,26.317,0.51,0.52,0.48,0.49,0.01,0.01,78091.32,1777214425000
1777214426.944,26.944,0.51,0.52,0.48,0.49,0.01,0.01,78091.32,1777214425000
1777214427.564,27.564,0.53,0.54,0.46,0.49,0.01,0.03,78091.37,1777214426000
1777214428.27,28.27,0.53,0.54,0.46,0.47,0.01,0.01,78091.37,1777214426000
1777214428.894,28.894,0.53,0.54,0.46,0.47,0.01,0.01,78092.82,1777214428000
1777214429.752,29.752,0.53,0.54,0.46,0.47,0.01,0.01,78092.82,1777214428000
1777214430.109,30.109,0.53,0.54,0.46,0.47,0.01,0.01,78092.82,1777214428000
1777214430.621,30.621,0.59,0.6,0.39,0.41,0.01,0.02,78093.46,1777214429000
1777214431.142,31.142,0.59,0.6,0.4,0.41,0.01,0.01,78093.46,1777214429000
1777214431.535,31.535,0.59,0.61,0.4,0.41,0.02,0.01,78101.21,1777214430000
1777214431.87,31.87,0.59,0.6,0.4,0.41,0.01,0.01,78101.21,1777214430000
1777214432.241,32.241,0.59,0.6,0.4,0.41,0.01,0.01,78101.21,1777214430000
1777214432.711,32.711,0.6,0.61,0.4,0.41,0.01,0.01,78101.15,1777214431000
1777214433.203,33.203,0.61,0.62,0.38,0.39,0.01,0.01,78101.15,1777214431000
1777214433.626,33.626,0.61,0.62,0.38,0.39,0.01,0.01,78101.62,1777214432000
1777214434.013,34.013,0.61,0.62,0.38,0.39,0.01,0.01,78102.83,1777214433000
1777214434.504,34.504,0.61,0.62,0.38,0.39,0.01,0.01,78102.83,1777214433000
1777214434.874,34.874,0.61,0.62,0.38,0.39,0.01,0.01,78102.83,1777214433000
1777214435.239,35.239,0.61,0.62,0.38,0.39,0.01,0.01,78103.15,1777214434000
1777214435.929,35.929,0.61,0.62,0.38,0.39,0.01,0.01,78103.15,1777214434000
1777214437.205,37.205,0.59,0.62,0.38,0.39,0.03,0.01,78103.1,1777214435000
1777214437.791,37.791,0.6,0.61,0.39,0.4,0.01,0.01,78103.1,1777214436000
1777214438.185,38.185,0.6,0.61,0.39,0.4,0.01,0.01,78103.1,1777214437000
1777214438.96,38.96,0.59,0.6,0.39,0.4,0.01,0.01,78103.1,1777214437000
1777214439.419,39.419,0.59,0.6,0.4,0.41,0.01,0.01,78103.09,1777214438000
1777214439.787,39.787,0.59,0.6,0.4,0.41,0.01,0.01,78103.09,1777214438000
1777214440.458,40.458,0.59,0.6,0.4,0.41,0.01,0.01,78103.09,1777214439000
1777214441.007,41.007,0.59,0.6,0.4,0.41,0.01,0.01,78103.65,1777214440000
1777214441.502,41.502,0.59,0.6,0.4,0.41,0.01,0.01,78103.65,1777214440000
1777214442.017,42.017,0.59,0.62,0.38,0.39,0.03,0.01,78103.65,1777214440000
1777214442.397,42.397,0.6,0.61,0.39,0.4,0.01,0.01,78104.22,1777214441000
1777214443.013,43.013,0.6,0.61,0.39,0.4,0.01,0.01,78104.22,1777214441000
1777214443.553,43.553,0.6,0.61,0.39,0.4,0.01,0.01,78104.34,1777214442000
1777214444.173,44.173,0.59,0.6,0.39,0.42,0.01,0.03,78104.34,1777214442000
1777214444.523,44.523,0.58,0.59,0.41,0.42,0.01,0.01,78104.34,1777214442000
1777214444.977,44.977,0.58,0.59,0.41,0.42,0.01,0.01,78105.44,1777214443000
1777214445.353,45.353,0.57,0.58,0.4,0.43,0.01,0.03,78105.44,1777214444000
1777214445.733,45.733,0.57,0.58,0.42,0.43,0.01,0.01,78105.44,1777214444000
1777214446.206,46.206,0.57,0.58,0.42,0.43,0.01,0.01,78105.44,1777214444000
1777214446.633,46.633,0.54,0.58,0.42,0.43,0.04,0.01,78105.45,1777214445000
1777214446.967,46.967,0.57,0.58,0.42,0.43,0.01,0.01,78105.49,1777214446000
1777214447.575,47.575,0.57,0.58,0.42,0.43,0.01,0.01,78105.49,1777214446000
1777214447.96,47.96,0.59,0.6,0.41,0.43,0.01,0.02,78105.49,1777214446000
1777214448.486,48.486,0.6,0.61,0.39,0.4,0.01,0.01,78105.49,1777214446000
1777214448.825,48.825,0.6,0.61,0.39,0.4,0.01,0.01,78105.5,1777214447000
1777214449.386,49.386,0.6,0.61,0.39,0.4,0.01,0.01,78105.51,1777214448000
1777214449.788,49.788,0.6,0.61,0.39,0.4,0.01,0.01,78105.51,1777214448000
1777214450.335,50.335,0.59,0.6,0.4,0.41,0.01,0.01,78105.51,1777214448000
1777214451.077,51.077,0.59,0.6,0.4,0.41,0.01,0.01,78105.66,1777214449000
1777214451.674,51.674,0.57,0.58,0.4,0.44,0.01,0.04,78106.15,1777214450000
1777214452.024,52.024,0.56,0.63,0.43,0.44,0.07,0.01,78106.15,1777214450000
1777214452.434,52.434,0.6,0.61,0.37,0.44,0.01,0.07,78106.15,1777214450000
1777214453.107,53.107,0.6,0.61,0.39,0.4,0.01,0.01,78106.15,1777214451000
1777214453.551,53.551,0.6,0.61,0.39,0.4,0.01,0.01,78106.15,1777214452000
1777214454.022,54.022,0.6,0.61,0.35,0.4,0.01,0.05,78106.15,1777214452000
1777214454.377,54.377,0.6,0.61,0.39,0.4,0.01,0.01,78106.15,1777214452000
1777214454.908,54.908,0.6,0.61,0.39,0.4,0.01,0.01,78106.19,1777214453000
1777214455.301,55.301,0.6,0.61,0.39,0.4,0.01,0.01,78106.19,1777214454000
1777214456.152,56.152,0.59,0.6,0.4,0.41,0.01,0.01,78106.19,1777214454000
1777214456.667,56.667,0.59,0.6,0.39,0.41,0.01,0.02,78106.24,1777214455000
1777214457.068,57.068,0.59,0.6,0.4,0.41,0.01,0.01,78106.17,1777214456000
1777214457.432,57.432,0.59,0.6,0.4,0.41,0.01,0.01,78106.17,1777214456000
1777214457.873,57.873,0.6,0.61,0.4,0.41,0.01,0.01,78106.17,1777214456000
1777214458.214,58.214,0.6,0.61,0.39,0.4,0.01,0.01,78106.17,1777214456000
1777214459.357,59.357,0.6,0.61,0.39,0.4,0.01,0.01,78106.21,1777214458000
1777214459.751,59.751,0.6,0.61,0.39,0.4,0.01,0.01,78106.21,1777214458000
1777214460.126,60.126,0.6,0.61,0.39,0.4,0.01,0.01,78106.21,1777214458000
1777214460.536,60.536,0.6,0.61,0.39,0.4,0.01,0.01,78106.21,1777214458000
1777214460.922,60.922,0.6,0.61,0.39,0.4,0.01,0.01,78106.1,1777214459000
1777214461.256,61.256,0.6,0.61,0.39,0.4,0.01,0.01,78106.1,1777214459000
1777214461.903,61.903,0.61,0.62,0.38,0.39,0.01,0.01,78106.11,1777214460000
1777214462.281,62.281,0.61,0.62,0.38,0.39,0.01,0.01,78105.99,1777214461000
1777214462.725,62.725,0.61,0.62,0.38,0.39,0.01,0.01,78105.99,1777214461000
1777214463.088,63.088,0.61,0.62,0.38,0.39,0.01,0.01,78105.99,1777214461000
1777214463.454,63.454,0.61,0.62,0.38,0.4,0.01,0.02,78105.99,1777214461000
1777214463.813,63.813,0.6,0.62,0.38,0.4,0.02,0.02,78105.99,1777214461000
1777214464.497,64.497,0.61,0.62,0.38,0.39,0.01,0.01,78105.98,1777214463000
1777214464.897,64.897,0.61,0.62,0.38,0.39,0.01,0.01,78105.98,1777214463000
1777214465.343,65.343,0.61,0.62,0.38,0.39,0.01,0.01,78106.01,1777214464000
1777214466.131,66.131,0.61,0.62,0.38,0.39,0.01,0.01,78105.7,1777214465000
1777214466.635,66.635,0.61,0.62,0.38,0.39,0.01,0.01,78105.7,1777214465000
1777214467.411,67.411,0.61,0.62,0.38,0.39,0.01,0.01,78106.03,1777214466000
1777214467.816,67.816,0.61,0.62,0.38,0.39,0.01,0.01,78106.03,1777214466000
1777214468.22,68.22,0.61,0.63,0.38,0.39,0.02,0.01,78106.03,1777214466000
1777214468.562,68.562,0.62,0.63,0.37,0.38,0.01,0.01,78106.04,1777214467000
1777214469.049,69.049,0.6,0.63,0.37,0.4,0.03,0.03,78106.04,1777214468000
1777214469.679,69.679,0.61,0.62,0.37,0.4,0.01,0.03,78106.04,1777214468000
1777214470.152,70.152,0.61,0.62,0.38,0.39,0.01,0.01,78106.05,1777214469000
1777214470.517,70.517,0.62,0.63,0.37,0.38,0.01,0.01,78106.05,1777214469000
1777214470.851,70.851,0.62,0.63,0.37,0.38,0.01,0.01,78106.05,1777214469000
1777214471.219,71.219,0.62,0.63,0.37,0.38,0.01,0.01,78106.05,1777214469000
1777214471.75,71.75,0.62,0.63,0.37,0.38,0.01,0.01,78106.06,1777214470000
1777214473.046,73.046,0.62,0.63,0.37,0.38,0.01,0.01,78106.08,1777214472000
1777214473.499,73.499,0.62,0.63,0.37,0.38,0.01,0.01,78106.08,1777214472000
1777214473.907,73.907,0.62,0.63,0.37,0.38,0.01,0.01,78106.08,1777214472000
1777214474.809,74.809,0.62,0.63,0.37,0.38,0.01,0.01,78106.1,1777214473000
1777214475.366,75.366,0.62,0.63,0.37,0.38,0.01,0.01,78106.1,1777214474000
1777214476.003,76.003,0.62,0.63,0.37,0.38,0.01,0.01,78106.1,1777214475000
1777214476.718,76.718,0.62,0.63,0.37,0.38,0.01,0.01,78106.1,1777214475000
1777214477.168,77.168,0.62,0.63,0.37,0.38,0.01,0.01,78106.12,1777214476000
1777214477.515,77.515,0.61,0.63,0.37,0.38,0.02,0.01,78106.12,1777214476000
1777214477.868,77.868,0.62,0.63,0.37,0.38,0.01,0.01,78106.12,1777214476000
1777214478.239,78.239,0.62,0.63,0.37,0.38,0.01,0.01,78106.12,1777214476000
1777214478.582,78.582,0.62,0.63,0.37,0.38,0.01,0.01,78106.1,1777214477000
1777214478.922,78.922,0.61,0.62,0.38,0.39,0.01,0.01,78106.07,1777214478000
1777214479.399,79.399,0.6,0.61,0.38,0.4,0.01,0.02,78106.07,1777214478000
1777214479.985,79.985,0.6,0.61,0.39,0.4,0.01,0.01,78106.07,1777214478000
1777214480.598,80.598,0.6,0.61,0.39,0.4,0.01,0.01,78106.08,1777214479000
1777214480.999,80.999,0.6,0.61,0.39,0.4,0.01,0.01,78106.08,1777214479000
1777214481.441,81.441,0.61,0.62,0.38,0.39,0.01,0.01,78106.15,1777214480000
1777214481.845,81.845,0.61,0.62,0.38,0.39,0.01,0.01,78106.15,1777214480000
1777214482.551,82.551,0.61,0.62,0.38,0.39,0.01,0.01,78105.18,1777214481000
1777214483.013,83.013,0.61,0.62,0.38,0.39,0.01,0.01,78105.18,1777214481000
1777214483.382,83.382,0.59,0.6,0.4,0.41,0.01,0.01,78105.23,1777214482000
1777214483.821,83.821,0.59,0.6,0.4,0.41,0.01,0.01,78105.23,1777214482000
1777214484.164,84.164,0.59,0.6,0.4,0.41,0.01,0.01,78105.23,1777214483000
1777214484.638,84.638,0.59,0.6,0.4,0.41,0.01,0.01,78105.23,1777214483000
1777214485.152,85.152,0.59,0.6,0.4,0.41,0.01,0.01,78105.25,1777214484000
1777214485.505,85.505,0.6,0.61,0.39,0.4,0.01,0.01,78105.25,1777214484000
1777214485.884,85.884,0.61,0.62,0.38,0.4,0.01,0.02,78105.25,1777214484000
1777214486.917,86.917,0.61,0.62,0.38,0.39,0.01,0.01,78105.25,1777214485000
1777214487.461,87.461,0.61,0.62,0.38,0.39,0.01,0.01,78105.37,1777214486000
1777214488.267,88.267,0.61,0.62,0.38,0.39,0.01,0.01,78105.37,1777214486000
1777214489.236,89.236,0.61,0.62,0.38,0.39,0.01,0.01,78105.38,1777214487000
1777214489.625,89.625,0.61,0.62,0.38,0.39,0.01,0.01,78105.37,1777214488000
1777214490.151,90.151,0.61,0.62,0.38,0.39,0.01,0.01,78105.37,1777214488000
1777214490.669,90.669,0.61,0.62,0.38,0.39,0.01,0.01,78105.37,1777214489000
1777214491.185,91.185,0.62,0.63,0.37,0.39,0.01,0.02,78105.37,1777214489000
1777214491.545,91.545,0.62,0.63,0.37,0.38,0.01,0.01,78105.36,1777214490000
1777214492.324,92.324,0.62,0.63,0.37,0.38,0.01,0.01,78105.36,1777214490000
1777214492.831,92.831,0.62,0.63,0.37,0.38,0.01,0.01,78105.42,1777214492000
1777214493.625,93.625,0.62,0.64,0.37,0.38,0.02,0.01,78105.42,1777214492000
1777214494.126,94.126,0.63,0.64,0.36,0.37,0.01,0.01,78105.42,1777214492000
1777214494.509,94.509,0.63,0.64,0.36,0.37,0.01,0.01,78105.46,1777214493000
1777214494.889,94.889,0.63,0.64,0.36,0.37,0.01,0.01,78105.46,1777214493000
1777214495.331,95.331,0.63,0.64,0.36,0.37,0.01,0.01,78105.44,1777214494000
1777214495.736,95.736,0.63,0.64,0.36,0.37,0.01,0.01,78105.44,1777214494000
1777214496.491,96.491,0.63,0.64,0.36,0.37,0.01,0.01,78105.41,1777214495000
1777214497.18,97.18,0.63,0.64,0.36,0.37,0.01,0.01,78105.41,1777214496000
1777214497.645,97.645,0.64,0.65,0.35,0.36,0.01,0.01,78105.41,1777214496000
1777214498.338,98.338,0.64,0.65,0.35,0.36,0.01,0.01,78105.41,1777214496000
1777214498.706,98.706,0.64,0.65,0.35,0.36,0.01,0.01,78105.4,1777214497000
1777214499.065,99.065,0.64,0.65,0.35,0.36,0.01,0.01,78106.28,1777214498000
1777214499.423,99.423,0.64,0.65,0.35,0.36,0.01,0.01,78106.28,1777214498000
1777214499.758,99.758,0.65,0.66,0.34,0.35,0.01,0.01,78106.28,1777214498000
1777214500.118,100.118,0.65,0.71,0.29,0.32,0.06,0.03,78106.28,1777214498000
1777214500.573,100.573,0.77,0.79,0.21,0.23,0.02,0.02,78106.28,1777214498000
1777214500.962,100.962,0.78,0.79,0.21,0.22,0.01,0.01,78107.48,1777214499000
1777214501.492,101.492,0.78,0.79,0.21,0.22,0.01,0.01,78107.19,1777214500000
1777214501.843,101.843,0.78,0.79,0.21,0.22,0.01,0.01,78107.19,1777214500000
1777214502.249,102.249,0.78,0.79,0.21,0.22,0.01,0.01,78107.19,1777214500000
1777214502.642,102.642,0.78,0.79,0.21,0.22,0.01,0.01,78107.19,1777214500000
1777214503.042,103.042,0.78,0.79,0.21,0.22,0.01,0.01,78121.08,1777214501000
1777214503.465,103.465,0.78,0.79,0.21,0.22,0.01,0.01,78123.13,1777214502000
1777214503.84,103.84,0.78,0.79,0.21,0.22,0.01,0.01,78123.13,1777214502000
1777214504.453,104.453,0.78,0.79,0.21,0.22,0.01,0.01,78125.1,1777214503000
1777214504.862,104.862,0.78,0.79,0.21,0.22,0.01,0.01,78125.1,1777214503000
1777214505.284,105.284,0.78,0.79,0.21,0.22,0.01,0.01,78125.1,1777214503000
1777214505.829,105.829,0.78,0.79,0.21,0.22,0.01,0.01,78125.67,1777214504000
1777214506.359,106.359,0.78,0.8,0.2,0.22,0.02,0.02,78125.67,1777214505000
1777214506.776,106.776,0.79,0.8,0.2,0.22,0.01,0.02,78125.67,1777214505000
1777214507.126,107.126,0.8,0.82,0.18,0.2,0.02,0.02,78125.78,1777214506000
1777214507.473,107.473,0.8,0.81,0.19,0.2,0.01,0.01,78125.78,1777214506000
1777214507.841,107.841,0.8,0.81,0.19,0.2,0.01,0.01,78125.78,1777214506000
1777214508.195,108.195,0.81,0.82,0.18,0.19,0.01,0.01,78125.78,1777214506000
1777214508.537,108.537,0.81,0.82,0.18,0.19,0.01,0.01,78127.1,1777214507000
1777214508.918,108.918,0.8,0.81,0.18,0.2,0.01,0.02,78127.1,1777214507000
1777214509.256,109.256,0.79,0.8,0.2,0.21,0.01,0.01,78127.79,1777214508000
1777214509.898,109.898,0.8,0.81,0.19,0.21,0.01,0.02,78127.79,1777214508000
1777214510.408,110.408,0.8,0.81,0.19,0.2,0.01,0.01,78127.79,1777214508000
1777214510.852,110.852,0.8,0.82,0.18,0.19,0.02,0.01,78128.11,1777214509000
1777214511.243,111.243,0.79,0.82,0.18,0.19,0.03,0.01,78128.11,1777214509000
1777214511.583,111.583,0.8,0.81,0.19,0.2,0.01,0.01,78128.21,1777214510000
1777214512.002,112.002,0.8,0.81,0.19,0.2,0.01,0.01,78128.21,1777214510000
1777214512.387,112.387,0.8,0.81,0.19,0.2,0.01,0.01,78128.21,1777214510000
1777214512.725,112.725,0.8,0.81,0.19,0.2,0.01,0.01,78128.2,1777214511000
1777214513.096,113.096,0.8,0.81,0.19,0.2,0.01,0.01,78128.17,1777214512000
1777214513.451,113.451,0.81,0.82,0.19,0.2,0.01,0.01,78128.17,1777214512000
1777214513.968,113.968,0.8,0.81,0.19,0.2,0.01,0.01,78128.17,1777214512000
1777214514.406,114.406,0.81,0.83,0.17,0.2,0.02,0.03,78128.18,1777214513000
1777214514.74,114.74,0.75,0.77,0.23,0.25,0.02,0.02,78128.18,1777214513000
1777214515.165,115.165,0.75,0.76,0.24,0.25,0.01,0.01,78128.18,1777214514000
1777214515.516,115.516,0.76,0.77,0.23,0.24,0.01,0.01,78128.18,1777214514000
1777214515.853,115.853,0.77,0.78,0.22,0.23,0.01,0.01,78128.18,1777214514000
1777214516.196,116.196,0.78,0.79,0.21,0.23,0.01,0.02,78127.47,1777214515000
1777214516.572,116.572,0.79,0.8,0.2,0.21,0.01,0.01,78127.47,1777214515000
1777214516.941,116.941,0.8,0.81,0.19,0.21,0.01,0.02,78127.47,1777214515000
1777214517.343,117.343,0.8,0.81,0.19,0.2,0.01,0.01,78124.54,1777214516000
1777214517.754,117.754,0.79,0.8,0.2,0.21,0.01,0.01,78124.54,1777214516000
1777214518.109,118.109,0.79,0.8,0.2,0.21,0.01,0.01,78124.54,1777214516000
1777214518.491,118.491,0.8,0.81,0.19,0.2,0.01,0.01,78127.58,1777214517000
1777214518.879,118.879,0.81,0.82,0.18,0.19,0.01,0.01,78127.58,1777214517000
1777214519.212,119.212,0.81,0.82,0.18,0.19,0.01,0.01,78127.58,1777214517000
1777214519.558,119.558,0.81,0.82,0.18,0.19,0.01,0.01,78127.51,1777214518000
1777214519.965,119.965,0.81,0.82,0.18,0.19,0.01,0.01,78127.51,1777214518000
1777214520.369,120.369,0.81,0.82,0.18,0.19,0.01,0.01,78127.12,1777214519000
1777214520.719,120.719,0.83,0.84,0.16,0.17,0.01,0.01,78127.12,1777214519000
1777214521.078,121.078,0.82,0.83,0.16,0.18,0.01,0.02,78127.12,1777214519000
1777214521.419,121.419,0.83,0.84,0.16,0.17,0.01,0.01,78128.54,1777214520000
1777214521.909,121.909,0.84,0.85,0.14,0.18,0.01,0.04,78128.54,1777214520000
1777214522.264,122.264,0.84,0.85,0.15,0.16,0.01,0.01,78128.54,1777214520000
1777214522.688,122.688,0.82,0.84,0.16,0.17,0.02,0.01,78129.17,1777214521000
1777214523.026,123.026,0.82,0.83,0.17,0.18,0.01,0.01,78130.59,1777214522000
1777214523.597,123.597,0.83,0.84,0.16,0.17,0.01,0.01,78130.59,1777214522000
1777214524.012,124.012,0.84,0.85,0.15,0.16,0.01,0.01,78132.06,1777214523000
1777214524.353,124.353,0.84,0.85,0.15,0.16,0.01,0.01,78132.06,1777214523000
1777214524.786,124.786,0.84,0.85,0.15,0.16,0.01,0.01,78132.06,1777214523000
1777214525.152,125.152,0.84,0.85,0.15,0.16,0.01,0.01,78132.0,1777214524000
1777214525.495,125.495,0.83,0.84,0.15,0.17,0.01,0.02,78132.0,1777214524000
1777214525.845,125.845,0.81,0.82,0.18,0.19,0.01,0.01,78132.0,1777214524000
1777214526.196,126.196,0.81,0.82,0.18,0.19,0.01,0.01,78132.27,1777214525000
1777214526.629,126.629,0.81,0.82,0.18,0.19,0.01,0.01,78132.27,1777214525000
1777214527.12,127.12,0.81,0.82,0.18,0.19,0.01,0.01,78132.91,1777214526000
1777214527.457,127.457,0.81,0.82,0.18,0.19,0.01,0.01,78132.91,1777214526000
1777214527.967,127.967,0.81,0.82,0.18,0.19,0.01,0.01,78132.91,1777214526000
1777214528.352,128.352,0.81,0.82,0.18,0.19,0.01,0.01,78132.91,1777214526000
1777214528.848,128.848,0.81,0.82,0.18,0.19,0.01,0.01,78132.91,1777214526000
1777214529.2,129.2,0.82,0.86,0.14,0.16,0.04,0.02,78131.92,1777214527000
1777214529.839,129.839,0.82,0.86,0.14,0.18,0.04,0.04,78131.78,1777214528000
1777214530.176,130.176,0.82,0.83,0.17,0.18,0.01,0.01,78131.81,1777214529000
1777214530.618,130.618,0.82,0.83,0.17,0.18,0.01,0.01,78131.81,1777214529000
1777214530.965,130.965,0.82,0.83,0.17,0.18,0.01,0.01,78131.81,1777214529000
1777214531.333,131.333,0.82,0.83,0.17,0.18,0.01,0.01,78135.77,1777214530000
1777214531.866,131.866,0.82,0.83,0.17,0.18,0.01,0.01,78135.77,1777214530000
1777214532.27,132.27,0.82,0.83,0.17,0.18,0.01,0.01,78135.77,1777214530000
1777214532.605,132.605,0.82,0.83,0.17,0.18,0.01,0.01,78136.2,1777214531000
1777214532.997,132.997,0.83,0.84,0.16,0.17,0.01,0.01,78136.2,1777214531000
1777214533.42,133.42,0.83,0.84,0.16,0.17,0.01,0.01,78136.17,1777214532000
1777214533.761,133.761,0.79,0.8,0.2,0.23,0.01,0.03,78136.17,1777214532000
1777214534.126,134.126,0.72,0.75,0.25,0.28,0.03,0.03,78136.17,1777214532000
1777214534.545,134.545,0.72,0.73,0.27,0.28,0.01,0.01,78135.77,1777214533000
1777214534.922,134.922,0.72,0.73,0.27,0.28,0.01,0.01,78135.77,1777214533000
1777214535.286,135.286,0.72,0.73,0.27,0.28,0.01,0.01,78135.77,1777214534000
1777214535.629,135.629,0.72,0.73,0.27,0.28,0.01,0.01,78135.77,1777214534000
1777214535.978,135.978,0.72,0.75,0.23,0.28,0.03,0.05,78135.77,1777214534000
1777214536.352,136.352,0.73,0.74,0.26,0.27,0.01,0.01,78121.21,1777214535000
1777214536.797,136.797,0.73,0.74,0.26,0.27,0.01,0.01,78121.21,1777214535000
1777214537.186,137.186,0.72,0.74,0.26,0.27,0.02,0.01,78121.21,1777214535000
1777214537.572,137.572,0.72,0.73,0.27,0.28,0.01,0.01,78119.74,1777214536000
1777214537.947,137.947,0.72,0.73,0.27,0.28,0.01,0.01,78119.74,1777214536000
1777214538.382,138.382,0.71,0.72,0.27,0.29,0.01,0.02,78119.74,1777214537000
1777214538.765,138.765,0.69,0.7,0.3,0.31,0.01,0.01,78119.74,1777214537000
1777214539.111,139.111,0.69,0.7,0.3,0.31,0.01,0.01,78119.74,1777214537000
1777214539.562,139.562,0.67,0.68,0.3,0.33,0.01,0.03,78119.32,1777214538000
1777214539.927,139.927,0.67,0.68,0.32,0.33,0.01,0.01,78119.32,1777214538000
1777214540.349,140.349,0.66,0.67,0.3,0.35,0.01,0.05,78119.32,1777214538000
1777214540.958,140.958,0.67,0.68,0.32,0.33,0.01,0.01,78117.73,1777214540000
1777214541.374,141.374,0.66,0.67,0.33,0.34,0.01,0.01,78117.73,1777214540000
1777214541.72,141.72,0.66,0.67,0.33,0.34,0.01,0.01,78117.73,1777214540000
1777214542.066,142.066,0.66,0.67,0.33,0.34,0.01,0.01,78117.12,1777214541000
1777214542.897,142.897,0.66,0.67,0.33,0.34,0.01,0.01,78117.12,1777214541000
1777214543.235,143.235,0.65,0.66,0.34,0.35,0.01,0.01,78114.06,1777214542000
1777214543.706,143.706,0.6,0.61,0.38,0.4,0.01,0.02,78114.06,1777214542000
1777214544.097,144.097,0.6,0.61,0.39,0.4,0.01,0.01,78112.2,1777214543000
1777214545.216,145.216,0.6,0.61,0.39,0.4,0.01,0.01,78109.7,1777214544000
1777214545.705,145.705,0.6,0.61,0.39,0.4,0.01,0.01,78109.7,1777214544000
1777214546.074,146.074,0.6,0.61,0.39,0.4,0.01,0.01,78109.7,1777214544000
1777214546.427,146.427,0.6,0.61,0.39,0.4,0.01,0.01,78106.7,1777214545000
1777214546.819,146.819,0.6,0.61,0.39,0.4,0.01,0.01,78106.7,1777214545000
1777214547.179,147.179,0.6,0.61,0.39,0.4,0.01,0.01,78106.7,1777214545000
1777214547.545,147.545,0.6,0.61,0.39,0.4,0.01,0.01,78106.03,1777214546000
1777214547.985,147.985,0.6,0.61,0.39,0.4,0.01,0.01,78106.03,1777214546000
1777214548.382,148.382,0.6,0.61,0.39,0.4,0.01,0.01,78104.7,1777214547000
1777214548.759,148.759,0.6,0.61,0.39,0.4,0.01,0.01,78104.7,1777214547000
1777214549.168,149.168,0.6,0.61,0.39,0.4,0.01,0.01,78103.16,1777214548000
1777214549.879,149.879,0.6,0.61,0.39,0.4,0.01,0.01,78103.16,1777214548000
1777214550.291,150.291,0.44,0.6,0.39,0.41,0.16,0.02,78102.83,1777214549000
1777214550.625,150.625,0.56,0.57,0.43,0.44,0.01,0.01,78102.83,1777214549000
1777214550.997,150.997,0.56,0.57,0.43,0.44,0.01,0.01,78102.83,1777214549000
1777214551.382,151.382,0.56,0.57,0.43,0.44,0.01,0.01,78103.01,1777214550000
1777214551.719,151.719,0.51,0.52,0.48,0.49,0.01,0.01,78103.01,1777214550000
1777214552.085,152.085,0.48,0.49,0.51,0.52,0.01,0.01,78103.01,1777214551000
1777214552.617,152.617,0.5,0.51,0.49,0.51,0.01,0.02,78103.01,1777214551000
1777214553.01,153.01,0.5,0.51,0.49,0.5,0.01,0.01,78103.1,1777214552000
1777214553.387,153.387,0.5,0.51,0.49,0.5,0.01,0.01,78103.1,1777214552000
1777214553.944,153.944,0.49,0.5,0.5,0.52,0.01,0.02,78103.1,1777214552000
1777214554.285,154.285,0.45,0.46,0.54,0.55,0.01,0.01,78103.1,1777214552000
1777214554.684,154.684,0.46,0.47,0.53,0.54,0.01,0.01,78103.09,1777214553000
1777214555.075,155.075,0.46,0.47,0.53,0.54,0.01,0.01,78103.09,1777214553000
1777214555.639,155.639,0.45,0.46,0.53,0.55,0.01,0.02,78103.09,1777214554000
1777214556.092,156.092,0.45,0.46,0.54,0.57,0.01,0.03,78103.09,1777214554000
1777214556.433,156.433,0.43,0.44,0.55,0.56,0.01,0.01,78103.09,1777214554000
1777214556.784,156.784,0.35,0.38,0.62,0.65,0.03,0.03,78103.09,1777214554000
1777214557.209,157.209,0.29,0.3,0.7,0.71,0.01,0.01,78102.67,1777214555000
1777214557.549,157.549,0.29,0.3,0.7,0.71,0.01,0.01,78102.5,1777214556000
1777214557.906,157.906,0.29,0.3,0.7,0.71,0.01,0.01,78102.5,1777214556000
1777214558.242,158.242,0.29,0.3,0.7,0.71,0.01,0.01,78102.5,1777214557000
1777214558.713,158.713,0.31,0.32,0.64,0.7,0.01,0.06,78102.5,1777214557000
1777214559.089,159.089,0.31,0.32,0.68,0.69,0.01,0.01,78102.5,1777214557000
1777214559.422,159.422,0.31,0.32,0.68,0.69,0.01,0.01,78097.09,1777214558000
1777214560.049,160.049,0.3,0.32,0.68,0.69,0.02,0.01,78097.09,1777214558000
1777214560.403,160.403,0.3,0.32,0.68,0.7,0.02,0.02,78094.45,1777214559000
1777214560.736,160.736,0.29,0.31,0.69,0.71,0.02,0.02,78094.45,1777214559000
1777214561.078,161.078,0.3,0.32,0.68,0.71,0.02,0.03,78094.45,1777214559000
1777214561.474,161.474,0.3,0.31,0.69,0.7,0.01,0.01,78094.45,1777214559000
1777214561.84,161.84,0.31,0.35,0.68,0.69,0.04,0.01,78093.86,1777214560000
1777214562.243,162.243,0.34,0.35,0.65,0.67,0.01,0.02,78093.86,1777214560000
1777214562.578,162.578,0.37,0.38,0.61,0.66,0.01,0.05,78093.51,1777214561000
1777214562.926,162.926,0.37,0.38,0.62,0.63,0.01,0.01,78093.51,1777214561000
1777214563.343,163.343,0.24,0.25,0.75,0.76,0.01,0.01,78093.45,1777214562000
1777214563.686,163.686,0.24,0.25,0.75,0.76,0.01,0.01,78093.45,1777214562000
1777214564.027,164.027,0.32,0.33,0.67,0.68,0.01,0.01,78093.45,1777214562000
1777214564.369,164.369,0.3,0.31,0.69,0.7,0.01,0.01,78093.45,1777214562000
1777214564.754,164.754,0.3,0.31,0.69,0.7,0.01,0.01,78093.45,1777214563000
1777214565.12,165.12,0.3,0.31,0.69,0.7,0.01,0.01,78093.45,1777214563000
1777214565.724,165.724,0.31,0.32,0.68,0.69,0.01,0.01,78092.98,1777214564000
1777214566.066,166.066,0.3,0.32,0.68,0.69,0.02,0.01,78092.98,1777214564000
1777214566.458,166.458,0.31,0.32,0.68,0.69,0.01,0.01,78092.86,1777214565000
1777214566.819,166.819,0.31,0.32,0.67,0.68,0.01,0.01,78092.86,1777214565000
1777214567.207,167.207,0.31,0.32,0.68,0.69,0.01,0.01,78092.86,1777214565000
1777214567.673,167.673,0.31,0.32,0.68,0.69,0.01,0.01,78092.86,1777214566000
1777214568.104,168.104,0.31,0.32,0.68,0.69,0.01,0.01,78092.86,1777214566000
1777214568.592,168.592,0.31,0.32,0.68,0.69,0.01,0.01,78093.22,1777214567000
1777214569.033,169.033,0.3,0.31,0.69,0.7,0.01,0.01,78093.22,1777214567000
1777214569.385,169.385,0.3,0.31,0.69,0.7,0.01,0.01,78093.22,1777214568000
1777214569.979,169.979,0.3,0.31,0.69,0.7,0.01,0.01,78093.22,1777214568000
1777214570.371,170.371,0.3,0.31,0.69,0.7,0.01,0.01,78093.22,1777214568000
1777214570.71,170.71,0.34,0.35,0.65,0.66,0.01,0.01,78093.4,1777214569000
1777214571.057,171.057,0.34,0.35,0.65,0.66,0.01,0.01,78093.4,1777214569000
1777214571.394,171.394,0.33,0.34,0.66,0.67,0.01,0.01,78093.4,1777214570000
1777214571.954,171.954,0.36,0.37,0.63,0.64,0.01,0.01,78093.4,1777214570000
1777214572.385,172.385,0.36,0.37,0.63,0.64,0.01,0.01,78093.4,1777214571000
1777214572.737,172.737,0.36,0.37,0.63,0.64,0.01,0.01,78093.4,1777214571000
1777214573.078,173.078,0.43,0.44,0.55,0.58,0.01,0.03,78093.4,1777214571000
1777214573.466,173.466,0.44,0.45,0.55,0.56,0.01,0.01,78093.11,1777214572000
1777214573.815,173.815,0.44,0.45,0.55,0.56,0.01,0.01,78093.11,1777214572000
1777214574.248,174.248,0.44,0.45,0.55,0.56,0.01,0.01,78093.11,1777214572000
1777214574.778,174.778,0.44,0.45,0.55,0.56,0.01,0.01,78093.44,1777214573000
1777214575.127,175.127,0.44,0.45,0.55,0.56,0.01,0.01,78093.44,1777214573000
1777214575.471,175.471,0.44,0.45,0.55,0.56,0.01,0.01,78094.28,1777214574000
1777214575.835,175.835,0.44,0.45,0.55,0.56,0.01,0.01,78094.28,1777214574000
1777214576.42,176.42,0.44,0.45,0.55,0.56,0.01,0.01,78094.28,1777214575000
1777214576.803,176.803,0.4,0.41,0.54,0.6,0.01,0.06,78094.28,1777214575000
1777214577.194,177.194,0.4,0.41,0.59,0.6,0.01,0.01,78094.32,1777214576000
1777214577.546,177.546,0.42,0.43,0.56,0.6,0.01,0.04,78094.32,1777214576000
1777214577.94,177.94,0.42,0.43,0.57,0.58,0.01,0.01,78094.27,1777214577000
1777214578.296,178.296,0.42,0.43,0.57,0.58,0.01,0.01,78094.27,1777214577000
1777214578.718,178.718,0.42,0.43,0.57,0.58,0.01,0.01,78094.27,1777214577000
1777214579.121,179.121,0.42,0.43,0.57,0.58,0.01,0.01,78094.25,1777214578000
1777214579.659,179.659,0.42,0.43,0.57,0.58,0.01,0.01,78094.25,1777214578000
1777214580.005,180.005,0.42,0.43,0.57,0.58,0.01,0.01,78094.25,1777214578000
1777214580.376,180.376,0.42,0.43,0.57,0.58,0.01,0.01,78094.0,1777214579000
1777214580.709,180.709,0.3,0.31,0.69,0.7,0.01,0.01,78094.0,1777214579000
1777214581.06,181.06,0.3,0.31,0.69,0.7,0.01,0.01,78094.0,1777214579000
1777214581.483,181.483,0.29,0.3,0.7,0.71,0.01,0.01,78094.0,1777214580000
1777214581.831,181.831,0.29,0.3,0.7,0.71,0.01,0.01,78094.0,1777214580000
1777214582.198,182.198,0.29,0.3,0.7,0.71,0.01,0.01,78093.99,1777214581000
1777214582.562,182.562,0.29,0.3,0.7,0.71,0.01,0.01,78093.99,1777214581000
1777214583.086,183.086,0.29,0.3,0.7,0.71,0.01,0.01,78093.99,1777214581000
1777214583.437,183.437,0.29,0.3,0.7,0.71,0.01,0.01,78093.99,1777214581000
1777214584.014,184.014,0.29,0.3,0.7,0.71,0.01,0.01,78089.56,1777214583000
1777214584.415,184.415,0.29,0.31,0.7,0.71,0.02,0.01,78089.56,1777214583000
1777214584.904,184.904,0.29,0.31,0.69,0.71,0.02,0.02,78088.57,1777214584000
1777214585.381,185.381,0.3,0.31,0.69,0.7,0.01,0.01,78088.57,1777214584000
1777214585.731,185.731,0.31,0.33,0.58,0.69,0.02,0.11,78088.57,1777214584000
1777214586.066,186.066,0.32,0.33,0.67,0.68,0.01,0.01,78088.57,1777214584000
1777214586.432,186.432,0.32,0.33,0.67,0.68,0.01,0.01,78088.57,1777214584000
1777214586.792,186.792,0.32,0.33,0.67,0.68,0.01,0.01,78088.57,1777214585000
1777214587.129,187.129,0.32,0.33,0.67,0.68,0.01,0.01,78088.57,1777214586000
1777214587.576,187.576,0.31,0.32,0.68,0.69,0.01,0.01,78088.57,1777214586000
1777214587.924,187.924,0.31,0.32,0.68,0.69,0.01,0.01,78088.57,1777214586000
1777214588.308,188.308,0.31,0.32,0.68,0.69,0.01,0.01,78088.16,1777214587000
1777214588.646,188.646,0.31,0.32,0.68,0.69,0.01,0.01,78088.16,1777214587000
1777214589.048,189.048,0.31,0.32,0.68,0.69,0.01,0.01,78088.16,1777214588000
1777214589.423,189.423,0.31,0.32,0.68,0.69,0.01,0.01,78088.16,1777214588000
1777214589.881,189.881,0.31,0.32,0.68,0.69,0.01,0.01,78088.16,1777214588000
1777214590.231,190.231,0.3,0.31,0.68,0.7,0.01,0.02,78088.16,1777214588000
1777214590.715,190.715,0.3,0.31,0.69,0.7,0.01,0.01,78088.16,1777214589000
1777214591.49,191.49,0.3,0.31,0.69,0.7,0.01,0.01,78088.16,1777214589000
1777214591.829,191.829,0.3,0.39,0.69,0.7,0.09,0.01,78088.16,1777214590000
1777214592.408,192.408,0.3,0.31,0.61,0.7,0.01,0.09,78088.11,1777214591000
1777214592.744,192.744,0.3,0.31,0.69,0.7,0.01,0.01,78088.11,1777214591000
1777214593.15,193.15,0.25,0.31,0.7,0.79,0.06,0.09,78087.99,1777214592000
1777214593.505,193.505,0.26,0.28,0.7,0.78,0.02,0.08,78087.99,1777214592000
1777214593.867,193.867,0.22,0.25,0.75,0.78,0.03,0.03,78087.99,1777214592000
1777214594.304,194.304,0.24,0.25,0.75,0.76,0.01,0.01,78084.71,1777214593000
1777214594.843,194.843,0.23,0.25,0.75,0.77,0.02,0.02,78084.71,1777214593000
1777214595.179,195.179,0.18,0.23,0.78,0.82,0.05,0.04,78084.06,1777214594000
1777214595.513,195.513,0.19,0.2,0.8,0.81,0.01,0.01,78084.06,1777214594000
1777214595.903,195.903,0.18,0.19,0.81,0.82,0.01,0.01,78084.06,1777214594000
1777214596.258,196.258,0.18,0.19,0.81,0.82,0.01,0.01,78076.25,1777214595000
1777214596.612,196.612,0.17,0.18,0.82,0.83,0.01,0.01,78076.25,1777214595000
1777214596.965,196.965,0.17,0.18,0.82,0.83,0.01,0.01,78076.25,1777214595000
1777214597.466,197.466,0.17,0.18,0.82,0.83,0.01,0.01,78073.09,1777214596000
1777214597.969,197.969,0.16,0.18,0.82,0.84,0.02,0.02,78073.09,1777214596000
1777214598.81,198.81,0.16,0.17,0.82,0.84,0.01,0.02,78072.52,1777214597000
1777214599.18,199.18,0.16,0.17,0.83,0.84,0.01,0.01,78072.52,1777214597000
1777214599.533,199.533,0.16,0.17,0.83,0.84,0.01,0.01,78072.52,1777214597000
1777214599.881,199.881,0.16,0.17,0.83,0.84,0.01,0.01,78072.5,1777214598000
1777214600.225,200.225,0.16,0.17,0.83,0.84,0.01,0.01,78072.49,1777214599000
1777214600.697,200.697,0.15,0.17,0.83,0.84,0.02,0.01,78072.49,1777214599000
1777214601.141,201.141,0.14,0.15,0.85,0.86,0.01,0.01,78072.49,1777214599000
1777214601.478,201.478,0.14,0.15,0.85,0.86,0.01,0.01,78071.17,1777214600000
1777214601.891,201.891,0.16,0.17,0.83,0.84,0.01,0.01,78071.17,1777214600000
1777214602.267,202.267,0.15,0.17,0.83,0.85,0.02,0.02,78070.96,1777214601000
1777214602.649,202.649,0.16,0.17,0.83,0.84,0.01,0.01,78070.96,1777214601000
1777214603.069,203.069,0.14,0.15,0.85,0.86,0.01,0.01,78070.96,1777214601000
1777214603.46,203.46,0.13,0.14,0.86,0.87,0.01,0.01,78070.55,1777214602000
1777214603.799,203.799,0.13,0.15,0.85,0.87,0.02,0.02,78070.55,1777214602000
1777214604.144,204.144,0.11,0.15,0.85,0.86,0.04,0.01,78070.55,1777214602000
1777214604.538,204.538,0.12,0.13,0.87,0.88,0.01,0.01,78070.53,1777214603000
1777214604.928,204.928,0.12,0.13,0.87,0.88,0.01,0.01,78070.53,1777214603000
1777214605.32,205.32,0.12,0.13,0.87,0.88,0.01,0.01,78070.53,1777214603000
1777214605.76,205.76,0.12,0.14,0.87,0.88,0.02,0.01,78070.53,1777214603000
1777214606.222,206.222,0.12,0.14,0.86,0.88,0.02,0.02,78070.58,1777214605000
1777214606.607,206.607,0.12,0.13,0.87,0.88,0.01,0.01,78070.58,1777214605000
1777214606.942,206.942,0.1,0.13,0.87,0.9,0.03,0.03,78070.58,1777214605000
1777214607.469,207.469,0.12,0.13,0.87,0.88,0.01,0.01,78070.58,1777214605000
1777214608.207,208.207,0.11,0.12,0.88,0.89,0.01,0.01,78067.96,1777214607000
1777214608.576,208.576,0.11,0.15,0.88,0.89,0.04,0.01,78067.96,1777214607000
1777214608.937,208.937,0.12,0.14,0.85,0.89,0.02,0.04,78067.96,1777214607000
1777214609.315,209.315,0.13,0.14,0.86,0.87,0.01,0.01,78067.96,1777214607000
1777214609.708,209.708,0.09,0.1,0.9,0.92,0.01,0.02,78066.99,1777214608000
1777214610.043,210.043,0.11,0.12,0.88,0.89,0.01,0.01,78066.99,1777214608000
1777214610.524,210.524,0.11,0.12,0.88,0.89,0.01,0.01,78066.8,1777214609000
1777214610.927,210.927,0.11,0.12,0.88,0.89,0.01,0.01,78066.8,1777214609000
1777214611.303,211.303,0.11,0.12,0.88,0.89,0.01,0.01,78066.8,1777214609000
1777214611.671,211.671,0.11,0.12,0.88,0.89,0.01,0.01,78066.8,1777214609000
1777214612.01,212.01,0.11,0.12,0.88,0.89,0.01,0.01,78063.26,1777214610000
1777214612.367,212.367,0.1,0.11,0.89,0.9,0.01,0.01,78063.15,1777214611000
1777214612.832,212.832,0.1,0.11,0.89,0.9,0.01,0.01,78063.15,1777214611000
1777214613.31,213.31,0.1,0.11,0.89,0.9,0.01,0.01,78063.16,1777214612000
1777214613.952,213.952,0.09,0.1,0.89,0.9,0.01,0.01,78063.16,1777214612000
1777214614.722,214.722,0.09,0.1,0.9,0.91,0.01,0.01,78063.16,1777214612000
1777214615.183,215.183,0.09,0.1,0.9,0.91,0.01,0.01,78063.16,1777214614000
1777214615.56,215.56,0.09,0.1,0.9,0.91,0.01,0.01,78063.16,1777214614000
1777214615.931,215.931,0.09,0.12,0.89,0.91,0.03,0.02,78063.16,1777214614000
1777214616.4,216.4,0.07,0.1,0.88,0.93,0.03,0.05,78063.17,1777214615000
1777214617.026,217.026,0.11,0.12,0.88,0.89,0.01,0.01,78063.17,1777214615000
1777214617.395,217.395,0.1,0.11,0.89,0.9,0.01,0.01,78063.69,1777214616000
1777214617.868,217.868,0.09,0.1,0.9,0.91,0.01,0.01,78063.69,1777214616000
1777214618.312,218.312,0.09,0.1,0.9,0.91,0.01,0.01,78063.74,1777214617000
1777214618.731,218.731,0.09,0.11,0.9,0.91,0.02,0.01,78063.74,1777214617000
1777214619.156,219.156,0.1,0.11,0.89,0.9,0.01,0.01,78063.72,1777214618000
1777214619.509,219.509,0.09,0.11,0.89,0.91,0.02,0.02,78063.72,1777214618000
1777214619.851,219.851,0.1,0.11,0.89,0.9,0.01,0.01,78063.72,1777214618000
1777214620.215,220.215,0.1,0.11,0.89,0.91,0.01,0.02,78063.72,1777214618000
1777214620.598,220.598,0.09,0.1,0.9,0.92,0.01,0.02,78063.72,1777214619000
1777214621.077,221.077,0.09,0.1,0.9,0.91,0.01,0.01,78063.72,1777214619000
1777214621.679,221.679,0.08,0.1,0.9,0.93,0.02,0.03,78064.06,1777214620000
1777214622.042,222.042,0.09,0.1,0.9,0.91,0.01,0.01,78064.07,1777214621000
1777214622.574,222.574,0.1,0.12,0.89,0.9,0.02,0.01,78064.07,1777214621000
1777214623.036,223.036,0.11,0.12,0.88,0.89,0.01,0.01,78064.07,1777214622000
1777214623.729,223.729,0.11,0.12,0.88,0.89,0.01,0.01,78064.07,1777214622000
1777214624.124,224.124,0.11,0.12,0.88,0.89,0.01,0.01,78064.31,1777214623000
1777214624.467,224.467,0.11,0.12,0.88,0.89,0.01,0.01,78064.31,1777214623000
1777214624.879,224.879,0.11,0.12,0.88,0.89,0.01,0.01,78064.31,1777214623000
1777214625.257,225.257,0.11,0.12,0.88,0.89,0.01,0.01,78064.39,1777214624000
1777214625.688,225.688,0.11,0.12,0.88,0.89,0.01,0.01,78064.39,1777214624000
1777214626.221,226.221,0.11,0.12,0.88,0.89,0.01,0.01,78064.39,1777214624000
1777214626.555,226.555,0.09,0.1,0.89,0.9,0.01,0.01,78064.45,1777214625000
1777214626.991,226.991,0.09,0.1,0.9,0.91,0.01,0.01,78064.45,1777214625000
1777214627.325,227.325,0.06,0.07,0.93,0.94,0.01,0.01,78064.51,1777214626000
1777214627.693,227.693,0.05,0.06,0.94,0.95,0.01,0.01,78064.51,1777214626000
1777214628.071,228.071,0.05,0.06,0.94,0.95,0.01,0.01,78064.51,1777214626000
1777214628.409,228.409,0.05,0.06,0.94,0.95,0.01,0.01,78064.32,1777214627000
1777214628.768,228.768,0.05,0.06,0.94,0.95,0.01,0.01,78064.32,1777214627000
1777214629.146,229.146,0.05,0.06,0.94,0.95,0.01,0.01,78064.32,1777214627000
1777214629.508,229.508,0.05,0.06,0.94,0.95,0.01,0.01,78064.32,1777214627000
1777214629.903,229.903,0.05,0.06,0.94,0.95,0.01,0.01,78059.41,1777214628000
1777214630.239,230.239,0.05,0.06,0.94,0.95,0.01,0.01,78059.41,1777214628000
1777214630.575,230.575,0.05,0.06,0.94,0.95,0.01,0.01,78058.27,1777214629000
1777214630.949,230.949,0.05,0.06,0.94,0.95,0.01,0.01,78058.27,1777214629000
1777214631.321,231.321,0.05,0.06,0.94,0.95,0.01,0.01,78057.56,1777214630000
1777214631.786,231.786,0.05,0.06,0.94,0.95,0.01,0.01,78057.56,1777214630000
1777214632.228,232.228,0.05,0.06,0.94,0.95,0.01,0.01,78057.56,1777214630000
1777214632.691,232.691,0.06,0.07,0.93,0.94,0.01,0.01,78057.13,1777214631000
1777214633.048,233.048,0.04,0.05,0.93,0.97,0.01,0.04,78057.13,1777214631000
1777214633.404,233.404,0.03,0.04,0.96,0.97,0.01,0.01,78057.13,1777214631000
1777214633.767,233.767,0.03,0.04,0.96,0.97,0.01,0.01,78056.7,1777214632000
1777214634.161,234.161,0.03,0.04,0.96,0.97,0.01,0.01,78056.7,1777214633000
1777214634.496,234.496,0.03,0.04,0.96,0.97,0.01,0.01,78056.7,1777214633000
1777214635.031,235.031,0.03,0.04,0.96,0.97,0.01,0.01,78056.7,1777214633000
1777214635.397,235.397,0.03,0.04,0.96,0.97,0.01,0.01,78057.58,1777214634000
1777214635.899,235.899,0.04,0.05,0.95,0.97,0.01,0.02,78057.58,1777214634000
1777214636.421,236.421,0.04,0.05,0.95,0.96,0.01,0.01,78057.58,1777214634000
1777214636.886,236.886,0.04,0.05,0.95,0.96,0.01,0.01,78057.59,1777214635000
1777214637.226,237.226,0.04,0.06,0.94,0.96,0.02,0.02,78057.43,1777214636000
1777214637.578,237.578,0.06,0.07,0.93,0.94,0.01,0.01,78057.43,1777214636000
1777214638.162,238.162,0.06,0.07,0.93,0.94,0.01,0.01,78057.43,1777214636000
1777214638.646,238.646,0.06,0.07,0.93,0.94,0.01,0.01,78057.44,1777214637000
1777214638.989,238.989,0.11,0.12,0.88,0.89,0.01,0.01,78057.81,1777214638000
1777214639.445,239.445,0.11,0.12,0.88,0.89,0.01,0.01,78057.81,1777214638000
1777214639.784,239.784,0.11,0.15,0.85,0.89,0.04,0.04,78057.81,1777214638000
1777214640.171,240.171,0.14,0.15,0.85,0.86,0.01,0.01,78057.81,1777214638000
1777214640.564,240.564,0.14,0.15,0.85,0.86,0.01,0.01,78058.18,1777214639000
1777214640.992,240.992,0.1,0.15,0.85,0.86,0.05,0.01,78058.18,1777214639000
1777214641.45,241.45,0.08,0.09,0.91,0.92,0.01,0.01,78058.18,1777214639000
1777214641.827,241.827,0.08,0.09,0.91,0.92,0.01,0.01,78061.73,1777214640000
1777214642.24,242.24,0.07,0.08,0.91,0.93,0.01,0.02,78063.69,1777214641000
1777214642.708,242.708,0.07,0.08,0.92,0.93,0.01,0.01,78063.69,1777214641000
1777214643.199,243.199,0.07,0.08,0.92,0.93,0.01,0.01,78063.69,1777214641000
1777214643.742,243.742,0.07,0.08,0.92,0.93,0.01,0.01,78063.75,1777214642000
1777214644.141,244.141,0.07,0.08,0.92,0.93,0.01,0.01,78063.75,1777214642000
1777214644.659,244.659,0.07,0.08,0.92,0.93,0.01,0.01,78062.83,1777214643000
1777214645.223,245.223,0.06,0.07,0.92,0.94,0.01,0.02,78062.83,1777214643000
1777214645.568,245.568,0.08,0.09,0.91,0.92,0.01,0.01,78062.83,1777214643000
1777214645.942,245.942,0.08,0.09,0.91,0.92,0.01,0.01,78062.76,1777214644000
1777214646.663,246.663,0.08,0.09,0.91,0.92,0.01,0.01,78062.81,1777214645000
1777214647.075,247.075,0.06,0.09,0.91,0.94,0.03,0.03,78062.77,1777214646000
1777214647.571,247.571,0.07,0.08,0.92,0.93,0.01,0.01,78062.77,1777214646000
1777214648.003,248.003,0.07,0.08,0.92,0.93,0.01,0.01,78062.77,1777214646000
1777214648.498,248.498,0.07,0.08,0.92,0.93,0.01,0.01,78062.77,1777214646000
1777214648.92,248.92,0.07,0.08,0.92,0.93,0.01,0.01,78063.04,1777214647000
1777214649.305,249.305,0.07,0.08,0.92,0.93,0.01,0.01,78063.04,1777214648000
1777214649.94,249.94,0.07,0.08,0.92,0.93,0.01,0.01,78063.04,1777214648000
1777214650.299,250.299,0.07,0.08,0.92,0.93,0.01,0.01,78063.04,1777214648000
1777214650.848,250.848,0.07,0.08,0.92,0.93,0.01,0.01,78063.14,1777214649000
1777214651.477,251.477,0.07,0.08,0.92,0.93,0.01,0.01,78063.15,1777214650000
1777214651.831,251.831,0.07,0.08,0.92,0.93,0.01,0.01,78063.15,1777214650000
1777214652.269,252.269,0.07,0.08,0.92,0.93,0.01,0.01,78063.14,1777214651000
1777214652.633,252.633,0.07,0.08,0.92,0.93,0.01,0.01,78063.14,1777214651000
1777214653.156,253.156,0.07,0.08,0.92,0.93,0.01,0.01,78063.14,1777214651000
1777214653.526,253.526,0.07,0.08,0.92,0.93,0.01,0.01,78063.17,1777214652000
1777214654.022,254.022,0.07,0.08,0.92,0.93,0.01,0.01,78063.17,1777214653000
1777214654.425,254.425,0.07,0.08,0.92,0.93,0.01,0.01,78063.17,1777214653000
1777214654.847,254.847,0.07,0.08,0.92,0.93,0.01,0.01,78063.17,1777214653000
1777214655.264,255.264,0.07,0.08,0.92,0.93,0.01,0.01,78064.41,1777214654000
1777214655.645,255.645,0.07,0.08,0.92,0.93,0.01,0.01,78064.41,1777214654000
1777214656.018,256.018,0.07,0.08,0.92,0.93,0.01,0.01,78064.41,1777214654000
1777214656.407,256.407,0.07,0.08,0.92,0.93,0.01,0.01,78064.41,1777214654000
1777214657.177,257.177,0.07,0.08,0.92,0.93,0.01,0.01,78064.32,1777214656000
1777214657.801,257.801,0.06,0.07,0.93,0.94,0.01,0.01,78064.32,1777214656000
1777214658.273,258.273,0.05,0.06,0.93,0.95,0.01,0.02,78064.32,1777214656000
1777214658.897,258.897,0.05,0.06,0.94,0.95,0.01,0.01,78064.3,1777214657000
1777214659.258,259.258,0.05,0.06,0.94,0.95,0.01,0.01,78064.3,1777214657000
1777214659.776,259.776,0.05,0.06,0.94,0.95,0.01,0.01,78064.25,1777214658000
1777214660.409,260.409,0.05,0.06,0.94,0.95,0.01,0.01,78064.25,1777214659000
1777214660.774,260.774,0.05,0.06,0.94,0.95,0.01,0.01,78064.25,1777214659000
1777214661.205,261.205,0.05,0.06,0.94,0.95,0.01,0.01,78064.25,1777214659000
1777214661.591,261.591,0.05,0.06,0.94,0.95,0.01,0.01,78064.3,1777214660000
1777214661.968,261.968,0.05,0.06,0.94,0.95,0.01,0.01,78064.3,1777214660000
1777214662.584,262.584,0.05,0.07,0.94,0.95,0.02,0.01,78064.3,1777214661000
1777214662.928,262.928,0.07,0.08,0.93,0.94,0.01,0.01,78064.3,1777214661000
1777214663.324,263.324,0.07,0.08,0.92,0.93,0.01,0.01,78064.44,1777214662000
1777214663.753,263.753,0.07,0.08,0.92,0.93,0.01,0.01,78064.44,1777214662000
1777214664.104,264.104,0.07,0.08,0.92,0.93,0.01,0.01,78064.57,1777214663000
1777214664.787,264.787,0.07,0.08,0.92,0.93,0.01,0.01,78064.57,1777214663000
1777214665.368,265.368,0.07,0.08,0.92,0.93,0.01,0.01,78064.8,1777214664000
1777214665.831,265.831,0.07,0.08,0.92,0.93,0.01,0.01,78064.8,1777214664000
1777214666.21,266.21,0.06,0.08,0.92,0.94,0.02,0.02,78064.82,1777214665000
1777214666.624,266.624,0.05,0.06,0.94,0.95,0.01,0.01,78064.82,1777214665000
1777214667.029,267.029,0.05,0.06,0.94,0.95,0.01,0.01,78064.82,1777214665000
1777214667.405,267.405,0.05,0.06,0.94,0.95,0.01,0.01,78064.82,1777214666000
1777214667.783,267.783,0.05,0.06,0.94,0.95,0.01,0.01,78064.82,1777214666000
1777214668.141,268.141,0.05,0.06,0.94,0.95,0.01,0.01,78064.82,1777214666000
1777214668.477,268.477,0.05,0.06,0.94,0.95,0.01,0.01,78064.82,1777214667000
1777214668.875,268.875,0.05,0.06,0.94,0.95,0.01,0.01,78064.82,1777214667000
1777214669.221,269.221,0.05,0.06,0.94,0.95,0.01,0.01,78064.82,1777214667000
1777214669.611,269.611,0.04,0.05,0.94,0.96,0.01,0.02,78064.83,1777214668000
1777214670.028,270.028,0.06,0.07,0.93,0.94,0.01,0.01,78064.83,1777214668000
1777214670.42,270.42,0.06,0.07,0.93,0.94,0.01,0.01,78064.19,1777214669000
1777214670.809,270.809,0.06,0.07,0.93,0.94,0.01,0.01,78064.19,1777214669000
1777214671.172,271.172,0.06,0.07,0.93,0.94,0.01,0.01,78064.38,1777214670000
1777214671.527,271.527,0.06,0.07,0.93,0.94,0.01,0.01,78064.38,1777214670000
1777214672.003,272.003,0.06,0.09,0.93,0.94,0.03,0.01,78064.38,1777214670000
1777214672.656,272.656,0.06,0.07,0.92,0.93,0.01,0.01,78064.38,1777214671000
1777214673.001,273.001,0.06,0.07,0.93,0.94,0.01,0.01,78064.38,1777214671000
1777214673.411,273.411,0.06,0.07,0.93,0.94,0.01,0.01,78064.38,1777214672000
1777214673.764,273.764,0.05,0.06,0.94,0.95,0.01,0.01,78064.38,1777214672000
1777214674.188,274.188,0.04,0.05,0.94,0.96,0.01,0.02,78064.38,1777214672000
1777214674.897,274.897,0.04,0.05,0.95,0.96,0.01,0.01,78064.39,1777214673000
1777214675.287,275.287,0.04,0.05,0.95,0.96,0.01,0.01,78064.39,1777214673000
1777214675.763,275.763,0.04,0.05,0.95,0.96,0.01,0.01,78064.34,1777214674000
1777214676.206,276.206,0.04,0.05,0.95,0.96,0.01,0.01,78064.34,1777214675000
1777214676.578,276.578,0.04,0.05,0.95,0.96,0.01,0.01,78064.34,1777214675000
1777214677.317,277.317,0.04,0.05,0.95,0.96,0.01,0.01,78064.29,1777214676000
1777214677.663,277.663,0.04,0.05,0.95,0.96,0.01,0.01,78064.29,1777214676000
1777214678.035,278.035,0.04,0.1,0.95,0.96,0.06,0.01,78064.29,1777214676000
1777214678.482,278.482,0.03,0.04,0.96,0.97,0.01,0.01,78063.32,1777214677000
1777214678.825,278.825,0.03,0.04,0.96,0.97,0.01,0.01,78063.32,1777214677000
1777214679.411,279.411,0.03,0.04,0.96,0.97,0.01,0.01,78063.35,1777214678000
1777214679.859,279.859,0.03,0.04,0.96,0.97,0.01,0.01,78063.35,1777214678000
1777214680.256,280.256,0.03,0.04,0.95,0.97,0.01,0.02,78063.35,1777214678000
1777214680.661,280.661,0.02,0.03,0.96,0.98,0.01,0.02,78063.81,1777214679000
1777214681.098,281.098,0.02,0.03,0.97,0.98,0.01,0.01,78063.81,1777214680000
1777214681.603,281.603,0.02,0.03,0.97,0.98,0.01,0.01,78063.81,1777214680000
1777214682.097,282.097,0.02,0.03,0.97,0.98,0.01,0.01,78063.81,1777214680000
1777214682.439,282.439,0.02,0.03,0.97,0.98,0.01,0.01,78063.86,1777214681000
1777214682.805,282.805,0.02,0.03,0.97,0.98,0.01,0.01,78063.86,1777214681000
1777214683.301,283.301,0.03,0.04,0.97,0.98,0.01,0.01,78063.86,1777214681000
1777214683.885,283.885,0.03,0.04,0.96,0.97,0.01,0.01,78063.88,1777214682000
1777214684.237,284.237,0.03,0.04,0.96,0.97,0.01,0.01,78063.89,1777214683000
1777214684.599,284.599,0.03,0.04,0.96,0.97,0.01,0.01,78063.89,1777214683000
1777214684.994,284.994,0.04,0.05,0.93,0.97,0.01,0.04,78063.89,1777214683000
1777214685.533,285.533,0.03,0.04,0.96,0.97,0.01,0.01,78064.02,1777214684000
1777214686.016,286.016,0.01,0.02,0.97,0.98,0.01,0.01,78064.02,1777214684000
1777214686.441,286.441,0.01,0.02,0.98,0.99,0.01,0.01,78064.79,1777214685000
1777214686.832,286.832,0.01,0.02,0.98,0.99,0.01,0.01,78064.79,1777214685000
1777214687.187,287.187,0.01,0.02,0.98,0.99,0.01,0.01,78064.79,1777214686000
1777214687.654,287.654,0.01,0.02,0.98,0.99,0.01,0.01,78064.79,1777214686000
1777214687.997,287.997,0.01,0.02,0.98,0.99,0.01,0.01,78064.79,1777214686000
1777214688.485,288.485,0.01,0.03,0.91,0.99,0.02,0.08,78066.27,1777214687000
1777214688.894,288.894,0.03,0.04,0.96,0.97,0.01,0.01,78066.27,1777214687000
1777214689.265,289.265,0.01,0.02,0.97,0.99,0.01,0.02,78066.27,1777214687000
1777214689.63,289.63,0.01,0.03,0.98,0.99,0.02,0.01,78066.27,1777214688000
1777214690.41,290.41,0.01,0.03,0.97,0.99,0.02,0.02,78066.27,1777214688000
1777214690.752,290.752,0.01,0.02,0.98,0.99,0.01,0.01,78066.28,1777214689000
1777214691.244,291.244,0.01,0.02,0.98,0.99,0.01,0.01,78066.28,1777214689000
1777214691.966,291.966,0.01,0.02,0.98,0.99,0.01,0.01,78066.11,1777214690000
1777214692.328,292.328,0.01,0.02,0.98,0.99,0.01,0.01,78066.11,1777214690000
1777214692.671,292.671,0.01,0.02,0.98,0.99,0.01,0.01,78066.11,1777214690000
1777214693.184,293.184,0.01,0.02,0.98,0.99,0.01,0.01,78066.19,1777214691000
1777214693.696,293.696,0.01,0.02,0.98,0.99,0.01,0.01,78066.19,1777214691000
1777214694.116,294.116,0.01,0.01,0.99,0.99,0.0,0.0,78066.19,1777214692000
1777214694.578,294.578,0.01,0.01,0.99,0.99,0.0,0.0,78066.19,1777214692000
1777214695.154,295.154,0.01,0.01,0.99,0.99,0.0,0.0,78066.02,1777214693000
1777214695.57,295.57,0.01,0.01,0.99,0.99,0.0,0.0,78066.02,1777214693000
1777214695.936,295.936,0.01,0.01,0.99,0.99,0.0,0.0,78066.01,1777214694000
1777214696.276,296.276,0.01,0.01,0.99,0.99,0.0,0.0,78066.02,1777214695000
1777214696.62,296.62,0.01,0.01,0.99,0.99,0.0,0.0,78066.02,1777214695000
1777214697.388,297.388,0.01,0.01,0.99,0.99,0.0,0.0,78066.02,1777214695000
1777214697.792,297.792,0.01,0.01,0.99,0.99,0.0,0.0,78066.1,1777214696000
1777214698.303,298.303,0.01,0.01,0.99,0.99,0.0,0.0,78066.1,1777214696000
1777214698.94,298.94,0.01,0.01,0.99,0.99,0.0,0.0,78065.97,1777214698000
1777214700.082,300.082,0.01,0.01,0.99,0.99,0.0,0.0,78065.97,1777214698000
1777214700.503,300.503,0.01,0.01,0.99,0.99,0.0,0.0,78065.97,1777214699000
1777214701.029,301.029,0.01,0.01,0.99,0.99,0.0,0.0,78065.87,1777214700000
1777214702.549,302.549,0.01,0.01,0.99,0.99,0.0,0.0,78068.43,1777214701000

# RESULT,winner=Down,slug=btc-updown-5m-1777214400,ticks=679
