timestamp,elapsed_sec,up_bid,up_ask,down_bid,down_ask,up_spread,down_spread,btc_price,btc_oracle_ts
1776509700.606,0.606,0.54,0.55,0.45,0.46,0.01,0.01,76182.36,1776509699000
1776509701.172,1.172,0.54,0.55,0.45,0.46,0.01,0.01,76182.36,1776509699000
1776509701.546,1.546,0.54,0.63,0.37,0.46,0.09,0.09,76182.61,1776509700000
1776509702.252,2.252,0.59,0.6,0.4,0.41,0.01,0.01,76182.61,1776509700000
1776509702.599,2.599,0.59,0.6,0.4,0.41,0.01,0.01,76182.61,1776509700000
1776509703.046,3.046,0.59,0.6,0.4,0.41,0.01,0.01,76182.53,1776509701000
1776509703.383,3.383,0.55,0.6,0.4,0.45,0.05,0.05,76182.61,1776509702000
1776509703.771,3.771,0.59,0.6,0.4,0.41,0.01,0.01,76182.61,1776509702000
1776509704.112,4.112,0.59,0.6,0.4,0.41,0.01,0.01,76184.04,1776509703000
1776509704.469,4.469,0.6,0.61,0.39,0.4,0.01,0.01,76184.04,1776509703000
1776509705.0,5.0,0.59,0.6,0.4,0.41,0.01,0.01,76184.04,1776509703000
1776509705.419,5.419,0.58,0.59,0.41,0.42,0.01,0.01,76187.38,1776509704000
1776509705.76,5.76,0.58,0.6,0.41,0.42,0.02,0.01,76187.38,1776509704000
1776509706.45,6.45,0.58,0.59,0.41,0.42,0.01,0.01,76188.51,1776509705000
1776509706.87,6.87,0.58,0.59,0.41,0.42,0.01,0.01,76188.51,1776509705000
1776509707.23,7.23,0.58,0.59,0.41,0.42,0.01,0.01,76188.51,1776509706000
1776509707.578,7.578,0.58,0.59,0.41,0.42,0.01,0.01,76188.51,1776509706000
1776509707.932,7.932,0.58,0.59,0.41,0.42,0.01,0.01,76188.64,1776509707000
1776509708.34,8.34,0.58,0.59,0.41,0.42,0.01,0.01,76188.64,1776509707000
1776509708.68,8.68,0.58,0.59,0.41,0.42,0.01,0.01,76188.64,1776509707000
1776509709.125,9.125,0.57,0.58,0.41,0.43,0.01,0.02,76188.64,1776509707000
1776509709.506,9.506,0.57,0.58,0.42,0.43,0.01,0.01,76188.54,1776509708000
1776509709.879,9.879,0.57,0.58,0.42,0.43,0.01,0.01,76188.54,1776509708000
1776509710.279,10.279,0.57,0.58,0.42,0.43,0.01,0.01,76188.54,1776509709000
1776509710.705,10.705,0.57,0.58,0.42,0.43,0.01,0.01,76188.54,1776509709000
1776509711.102,11.102,0.57,0.58,0.42,0.43,0.01,0.01,76188.54,1776509709000
1776509711.483,11.483,0.57,0.58,0.42,0.43,0.01,0.01,76188.48,1776509710000
1776509711.97,11.97,0.57,0.58,0.42,0.43,0.01,0.01,76188.48,1776509710000
1776509712.32,12.32,0.57,0.58,0.42,0.43,0.01,0.01,76188.48,1776509710000
1776509712.661,12.661,0.57,0.58,0.42,0.43,0.01,0.01,76188.49,1776509711000
1776509713.021,13.021,0.57,0.58,0.42,0.43,0.01,0.01,76188.49,1776509711000
1776509713.543,13.543,0.57,0.58,0.42,0.43,0.01,0.01,76188.5,1776509712000
1776509713.934,13.934,0.57,0.58,0.42,0.43,0.01,0.01,76188.5,1776509712000
1776509714.364,14.364,0.57,0.6,0.42,0.43,0.03,0.01,76188.5,1776509712000
1776509714.701,14.701,0.62,0.63,0.36,0.38,0.01,0.02,76188.37,1776509713000
1776509715.044,15.044,0.62,0.63,0.37,0.38,0.01,0.01,76188.37,1776509713000
1776509715.379,15.379,0.63,0.65,0.35,0.38,0.02,0.03,76188.61,1776509714000
1776509715.721,15.721,0.63,0.65,0.36,0.37,0.02,0.01,76188.61,1776509714000
1776509716.07,16.07,0.64,0.65,0.35,0.36,0.01,0.01,76188.61,1776509714000
1776509716.425,16.425,0.65,0.66,0.35,0.36,0.01,0.01,76191.32,1776509715000
1776509716.781,16.781,0.65,0.66,0.34,0.35,0.01,0.01,76191.32,1776509715000
1776509717.201,17.201,0.65,0.66,0.34,0.35,0.01,0.01,76191.32,1776509715000
1776509717.565,17.565,0.65,0.66,0.34,0.35,0.01,0.01,76191.32,1776509715000
1776509718.012,18.012,0.65,0.66,0.34,0.35,0.01,0.01,76199.66,1776509716000
1776509718.405,18.405,0.65,0.66,0.34,0.35,0.01,0.01,76199.75,1776509717000
1776509718.905,18.905,0.65,0.66,0.34,0.35,0.01,0.01,76199.75,1776509717000
1776509719.285,19.285,0.65,0.66,0.34,0.35,0.01,0.01,76200.21,1776509718000
1776509719.683,19.683,0.65,0.66,0.34,0.35,0.01,0.01,76200.21,1776509718000
1776509720.045,20.045,0.65,0.66,0.34,0.35,0.01,0.01,76200.21,1776509718000
1776509720.53,20.53,0.65,0.66,0.34,0.35,0.01,0.01,76200.21,1776509719000
1776509721.05,21.05,0.65,0.66,0.34,0.35,0.01,0.01,76200.21,1776509719000
1776509721.453,21.453,0.65,0.66,0.34,0.35,0.01,0.01,76200.22,1776509720000
1776509721.888,21.888,0.65,0.66,0.34,0.35,0.01,0.01,76200.22,1776509720000
1776509722.382,22.382,0.67,0.68,0.33,0.35,0.01,0.02,76200.22,1776509721000
1776509722.757,22.757,0.67,0.68,0.32,0.33,0.01,0.01,76200.22,1776509721000
1776509723.179,23.179,0.67,0.68,0.32,0.33,0.01,0.01,76201.5,1776509722000
1776509723.635,23.635,0.67,0.68,0.32,0.33,0.01,0.01,76201.5,1776509722000
1776509724.012,24.012,0.67,0.68,0.32,0.33,0.01,0.01,76201.5,1776509722000
1776509724.377,24.377,0.67,0.68,0.32,0.33,0.01,0.01,76201.5,1776509723000
1776509724.794,24.794,0.67,0.68,0.32,0.33,0.01,0.01,76201.5,1776509723000
1776509725.211,25.211,0.67,0.68,0.32,0.33,0.01,0.01,76201.88,1776509724000
1776509725.604,25.604,0.67,0.68,0.32,0.33,0.01,0.01,76201.88,1776509724000
1776509725.954,25.954,0.67,0.68,0.32,0.33,0.01,0.01,76201.88,1776509724000
1776509726.404,26.404,0.67,0.68,0.32,0.33,0.01,0.01,76201.88,1776509725000
1776509726.88,26.88,0.67,0.68,0.32,0.33,0.01,0.01,76201.88,1776509725000
1776509727.331,27.331,0.67,0.68,0.32,0.33,0.01,0.01,76201.88,1776509726000
1776509727.744,27.744,0.68,0.69,0.31,0.33,0.01,0.02,76201.88,1776509726000
1776509728.184,28.184,0.69,0.7,0.29,0.32,0.01,0.03,76201.88,1776509727000
1776509728.682,28.682,0.69,0.7,0.3,0.31,0.01,0.01,76201.88,1776509727000
1776509729.049,29.049,0.7,0.71,0.29,0.31,0.01,0.02,76201.93,1776509728000
1776509729.452,29.452,0.7,0.71,0.29,0.3,0.01,0.01,76201.93,1776509728000
1776509729.795,29.795,0.7,0.71,0.29,0.3,0.01,0.01,76201.93,1776509728000
1776509730.387,30.387,0.7,0.71,0.29,0.3,0.01,0.01,76205.86,1776509729000
1776509730.835,30.835,0.71,0.72,0.28,0.3,0.01,0.02,76205.86,1776509729000
1776509731.224,31.224,0.71,0.72,0.28,0.29,0.01,0.01,76205.86,1776509729000
1776509731.829,31.829,0.71,0.72,0.28,0.29,0.01,0.01,76206.12,1776509730000
1776509732.197,32.197,0.72,0.73,0.27,0.28,0.01,0.01,76206.08,1776509731000
1776509732.676,32.676,0.72,0.73,0.27,0.28,0.01,0.01,76206.08,1776509731000
1776509733.07,33.07,0.72,0.73,0.27,0.28,0.01,0.01,76206.17,1776509732000
1776509733.62,33.62,0.72,0.73,0.27,0.28,0.01,0.01,76206.17,1776509732000
1776509734.2,34.2,0.72,0.73,0.27,0.28,0.01,0.01,76206.18,1776509733000
1776509734.823,34.823,0.72,0.73,0.27,0.28,0.01,0.01,76206.18,1776509733000
1776509735.336,35.336,0.72,0.73,0.27,0.28,0.01,0.01,76206.12,1776509734000
1776509735.987,35.987,0.72,0.73,0.27,0.28,0.01,0.01,76206.12,1776509734000
1776509736.356,36.356,0.72,0.73,0.27,0.28,0.01,0.01,76206.11,1776509735000
1776509736.892,36.892,0.72,0.73,0.27,0.28,0.01,0.01,76206.11,1776509735000
1776509737.255,37.255,0.72,0.73,0.27,0.28,0.01,0.01,76206.11,1776509735000
1776509737.601,37.601,0.72,0.73,0.27,0.28,0.01,0.01,76206.57,1776509736000
1776509737.984,37.984,0.72,0.73,0.27,0.28,0.01,0.01,76206.57,1776509736000
1776509738.326,38.326,0.72,0.73,0.27,0.28,0.01,0.01,76206.56,1776509737000
1776509738.68,38.68,0.72,0.73,0.27,0.28,0.01,0.01,76206.56,1776509737000
1776509739.044,39.044,0.72,0.73,0.27,0.28,0.01,0.01,76206.56,1776509737000
1776509739.437,39.437,0.71,0.72,0.27,0.29,0.01,0.02,76206.37,1776509738000
1776509740.13,40.13,0.71,0.72,0.28,0.29,0.01,0.01,76206.37,1776509738000
1776509740.781,40.781,0.71,0.72,0.28,0.29,0.01,0.01,76206.37,1776509739000
1776509741.136,41.136,0.71,0.72,0.28,0.29,0.01,0.01,76205.55,1776509740000
1776509741.827,41.827,0.71,0.72,0.28,0.29,0.01,0.01,76205.55,1776509740000
1776509742.312,42.312,0.64,0.65,0.35,0.38,0.01,0.03,76205.55,1776509741000
1776509742.667,42.667,0.64,0.65,0.35,0.36,0.01,0.01,76205.55,1776509741000
1776509743.018,43.018,0.64,0.65,0.34,0.36,0.01,0.02,76205.55,1776509741000
1776509743.462,43.462,0.64,0.65,0.35,0.36,0.01,0.01,76205.46,1776509742000
1776509743.887,43.887,0.64,0.65,0.35,0.36,0.01,0.01,76205.46,1776509742000
1776509744.242,44.242,0.64,0.65,0.35,0.36,0.01,0.01,76203.6,1776509743000
1776509744.784,44.784,0.64,0.65,0.35,0.36,0.01,0.01,76203.6,1776509743000
1776509745.138,45.138,0.64,0.65,0.35,0.36,0.01,0.01,76203.6,1776509743000
1776509745.568,45.568,0.65,0.66,0.34,0.35,0.01,0.01,76203.55,1776509744000
1776509745.931,45.931,0.65,0.66,0.34,0.35,0.01,0.01,76203.55,1776509744000
1776509746.274,46.274,0.65,0.66,0.34,0.35,0.01,0.01,76202.02,1776509745000
1776509746.669,46.669,0.65,0.66,0.34,0.35,0.01,0.01,76202.02,1776509745000
1776509747.049,47.049,0.65,0.66,0.34,0.35,0.01,0.01,76202.02,1776509745000
1776509747.484,47.484,0.65,0.66,0.34,0.35,0.01,0.01,76201.91,1776509746000
1776509747.821,47.821,0.64,0.66,0.34,0.36,0.02,0.02,76201.91,1776509746000
1776509748.238,48.238,0.65,0.66,0.34,0.35,0.01,0.01,76201.91,1776509746000
1776509748.739,48.739,0.65,0.66,0.34,0.35,0.01,0.01,76201.95,1776509747000
1776509749.228,49.228,0.65,0.66,0.34,0.35,0.01,0.01,76201.95,1776509748000
1776509750.168,50.168,0.65,0.66,0.34,0.35,0.01,0.01,76201.95,1776509748000
1776509750.564,50.564,0.68,0.7,0.29,0.31,0.02,0.02,76202.12,1776509749000
1776509750.966,50.966,0.7,0.71,0.29,0.3,0.01,0.01,76202.12,1776509749000
1776509751.386,51.386,0.7,0.71,0.29,0.3,0.01,0.01,76202.12,1776509749000
1776509751.743,51.743,0.7,0.71,0.29,0.3,0.01,0.01,76202.12,1776509750000
1776509752.097,52.097,0.7,0.71,0.29,0.3,0.01,0.01,76202.12,1776509750000
1776509752.449,52.449,0.7,0.71,0.29,0.3,0.01,0.01,76204.32,1776509751000
1776509752.803,52.803,0.7,0.71,0.29,0.3,0.01,0.01,76204.32,1776509751000
1776509753.159,53.159,0.7,0.71,0.29,0.3,0.01,0.01,76204.32,1776509751000
1776509753.995,53.995,0.7,0.71,0.29,0.3,0.01,0.01,76208.44,1776509752000
1776509754.365,54.365,0.7,0.71,0.29,0.3,0.01,0.01,76208.47,1776509753000
1776509754.765,54.765,0.69,0.71,0.29,0.31,0.02,0.02,76208.47,1776509753000
1776509755.198,55.198,0.69,0.7,0.3,0.31,0.01,0.01,76208.47,1776509753000
1776509755.699,55.699,0.68,0.69,0.31,0.32,0.01,0.01,76208.45,1776509754000
1776509756.219,56.219,0.68,0.69,0.31,0.32,0.01,0.01,76208.04,1776509755000
1776509756.688,56.688,0.68,0.69,0.31,0.32,0.01,0.01,76208.04,1776509755000
1776509757.126,57.126,0.68,0.69,0.31,0.32,0.01,0.01,76208.04,1776509755000
1776509757.637,57.637,0.68,0.69,0.31,0.32,0.01,0.01,76207.42,1776509756000
1776509757.998,57.998,0.65,0.66,0.33,0.35,0.01,0.02,76207.42,1776509756000
1776509758.343,58.343,0.65,0.66,0.34,0.35,0.01,0.01,76207.42,1776509756000
1776509758.683,58.683,0.65,0.66,0.34,0.35,0.01,0.01,76207.19,1776509757000
1776509759.21,59.21,0.65,0.66,0.34,0.35,0.01,0.01,76207.19,1776509758000
1776509759.707,59.707,0.65,0.66,0.34,0.35,0.01,0.01,76207.19,1776509758000
1776509760.044,60.044,0.65,0.66,0.34,0.35,0.01,0.01,76207.19,1776509758000
1776509760.426,60.426,0.65,0.66,0.34,0.35,0.01,0.01,76204.16,1776509759000
1776509760.803,60.803,0.65,0.66,0.34,0.35,0.01,0.01,76204.16,1776509759000
1776509761.162,61.162,0.65,0.66,0.34,0.35,0.01,0.01,76204.16,1776509759000
1776509761.656,61.656,0.65,0.66,0.34,0.35,0.01,0.01,76203.3,1776509760000
1776509762.026,62.026,0.65,0.66,0.34,0.35,0.01,0.01,76203.3,1776509760000
1776509762.364,62.364,0.65,0.66,0.34,0.35,0.01,0.01,76203.03,1776509761000
1776509762.724,62.724,0.65,0.66,0.34,0.35,0.01,0.01,76203.03,1776509761000
1776509763.067,63.067,0.65,0.66,0.34,0.35,0.01,0.01,76203.03,1776509761000
1776509763.448,63.448,0.65,0.66,0.34,0.35,0.01,0.01,76203.03,1776509761000
1776509764.02,64.02,0.65,0.66,0.34,0.35,0.01,0.01,76203.25,1776509763000
1776509764.364,64.364,0.66,0.67,0.33,0.34,0.01,0.01,76203.25,1776509763000
1776509765.03,65.03,0.66,0.67,0.33,0.34,0.01,0.01,76203.25,1776509763000
1776509765.375,65.375,0.66,0.67,0.33,0.34,0.01,0.01,76203.03,1776509764000
1776509765.817,65.817,0.67,0.68,0.32,0.33,0.01,0.01,76203.03,1776509764000
1776509766.243,66.243,0.67,0.68,0.32,0.33,0.01,0.01,76203.03,1776509764000
1776509766.648,66.648,0.67,0.68,0.32,0.33,0.01,0.01,76203.99,1776509765000
1776509767.102,67.102,0.65,0.66,0.34,0.35,0.01,0.01,76203.99,1776509765000
1776509767.471,67.471,0.65,0.66,0.34,0.35,0.01,0.01,76203.99,1776509765000
1776509767.818,67.818,0.65,0.66,0.34,0.35,0.01,0.01,76204.16,1776509766000
1776509768.217,68.217,0.65,0.66,0.34,0.35,0.01,0.01,76204.16,1776509767000
1776509768.569,68.569,0.65,0.66,0.34,0.35,0.01,0.01,76204.16,1776509767000
1776509768.918,68.918,0.65,0.66,0.34,0.35,0.01,0.01,76204.16,1776509767000
1776509769.286,69.286,0.65,0.66,0.34,0.35,0.01,0.01,76202.16,1776509768000
1776509769.753,69.753,0.65,0.66,0.34,0.35,0.01,0.01,76202.16,1776509768000
1776509770.349,70.349,0.65,0.66,0.34,0.35,0.01,0.01,76202.16,1776509768000
1776509770.713,70.713,0.65,0.66,0.34,0.35,0.01,0.01,76200.16,1776509769000
1776509771.147,71.147,0.65,0.66,0.34,0.35,0.01,0.01,76200.16,1776509770000
1776509771.657,71.657,0.65,0.66,0.34,0.35,0.01,0.01,76200.16,1776509770000
1776509771.99,71.99,0.65,0.66,0.34,0.35,0.01,0.01,76200.16,1776509770000
1776509772.357,72.357,0.65,0.66,0.34,0.35,0.01,0.01,76199.42,1776509771000
1776509772.717,72.717,0.65,0.66,0.34,0.35,0.01,0.01,76199.42,1776509771000
1776509773.064,73.064,0.65,0.66,0.34,0.35,0.01,0.01,76199.42,1776509771000
1776509773.418,73.418,0.65,0.66,0.34,0.35,0.01,0.01,76200.07,1776509772000
1776509773.767,73.767,0.65,0.66,0.34,0.35,0.01,0.01,76200.07,1776509772000
1776509774.124,74.124,0.66,0.67,0.33,0.34,0.01,0.01,76200.07,1776509772000
1776509774.487,74.487,0.66,0.67,0.33,0.34,0.01,0.01,76200.07,1776509773000
1776509774.858,74.858,0.66,0.67,0.33,0.34,0.01,0.01,76200.07,1776509773000
1776509775.217,75.217,0.66,0.67,0.33,0.34,0.01,0.01,76200.07,1776509773000
1776509775.613,75.613,0.66,0.67,0.33,0.34,0.01,0.01,76199.76,1776509774000
1776509776.046,76.046,0.66,0.67,0.33,0.34,0.01,0.01,76199.76,1776509774000
1776509776.385,76.385,0.66,0.67,0.33,0.34,0.01,0.01,76199.76,1776509774000
1776509776.762,76.762,0.66,0.67,0.33,0.34,0.01,0.01,76199.95,1776509775000
1776509777.259,77.259,0.66,0.68,0.33,0.34,0.02,0.01,76199.95,1776509775000
1776509777.726,77.726,0.67,0.68,0.33,0.34,0.01,0.01,76200.26,1776509776000
1776509778.307,78.307,0.67,0.68,0.32,0.33,0.01,0.01,76200.26,1776509777000
1776509778.658,78.658,0.68,0.7,0.3,0.32,0.02,0.02,76200.26,1776509777000
1776509779.221,79.221,0.7,0.71,0.29,0.31,0.01,0.02,76200.26,1776509777000
1776509779.608,79.608,0.71,0.72,0.28,0.3,0.01,0.02,76201.97,1776509778000
1776509780.026,80.026,0.71,0.72,0.28,0.29,0.01,0.01,76201.97,1776509778000
1776509780.361,80.361,0.71,0.72,0.28,0.29,0.01,0.01,76201.97,1776509778000
1776509780.767,80.767,0.72,0.73,0.28,0.29,0.01,0.01,76203.56,1776509779000
1776509781.106,81.106,0.72,0.73,0.27,0.28,0.01,0.01,76203.56,1776509780000
1776509781.46,81.46,0.72,0.73,0.27,0.28,0.01,0.01,76203.56,1776509780000
1776509781.829,81.829,0.72,0.73,0.27,0.28,0.01,0.01,76203.56,1776509780000
1776509782.182,82.182,0.72,0.73,0.27,0.28,0.01,0.01,76207.2,1776509781000
1776509782.54,82.54,0.72,0.73,0.27,0.28,0.01,0.01,76207.2,1776509781000
1776509783.032,83.032,0.72,0.73,0.27,0.28,0.01,0.01,76207.2,1776509782000
1776509783.491,83.491,0.72,0.73,0.27,0.28,0.01,0.01,76207.2,1776509782000
1776509783.909,83.909,0.72,0.73,0.27,0.28,0.01,0.01,76207.2,1776509782000
1776509784.298,84.298,0.72,0.73,0.27,0.28,0.01,0.01,76207.2,1776509782000
1776509784.826,84.826,0.72,0.73,0.27,0.28,0.01,0.01,76207.74,1776509783000
1776509785.301,85.301,0.72,0.73,0.27,0.28,0.01,0.01,76207.74,1776509784000
1776509785.64,85.64,0.72,0.73,0.27,0.28,0.01,0.01,76207.74,1776509784000
1776509785.98,85.98,0.72,0.73,0.27,0.28,0.01,0.01,76207.9,1776509785000
1776509786.356,86.356,0.72,0.73,0.27,0.28,0.01,0.01,76207.9,1776509785000
1776509786.714,86.714,0.72,0.73,0.27,0.28,0.01,0.01,76207.9,1776509785000
1776509787.185,87.185,0.72,0.73,0.27,0.28,0.01,0.01,76207.9,1776509785000
1776509787.649,87.649,0.72,0.73,0.27,0.28,0.01,0.01,76208.22,1776509786000
1776509788.189,88.189,0.72,0.73,0.27,0.28,0.01,0.01,76209.73,1776509787000
1776509788.581,88.581,0.72,0.73,0.27,0.28,0.01,0.01,76209.73,1776509787000
1776509788.941,88.941,0.72,0.73,0.27,0.28,0.01,0.01,76209.73,1776509787000
1776509789.437,89.437,0.72,0.73,0.27,0.28,0.01,0.01,76209.79,1776509788000
1776509789.984,89.984,0.72,0.73,0.27,0.28,0.01,0.01,76209.79,1776509788000
1776509790.339,90.339,0.72,0.73,0.27,0.28,0.01,0.01,76209.79,1776509789000
1776509791.019,91.019,0.72,0.73,0.27,0.28,0.01,0.01,76209.79,1776509789000
1776509791.467,91.467,0.72,0.73,0.27,0.28,0.01,0.01,76209.79,1776509790000
1776509792.052,92.052,0.72,0.73,0.27,0.28,0.01,0.01,76209.79,1776509790000
1776509792.505,92.505,0.72,0.73,0.27,0.28,0.01,0.01,76209.79,1776509791000
1776509792.859,92.859,0.72,0.73,0.27,0.28,0.01,0.01,76209.79,1776509791000
1776509793.205,93.205,0.72,0.73,0.27,0.28,0.01,0.01,76209.79,1776509791000
1776509793.739,93.739,0.72,0.73,0.27,0.28,0.01,0.01,76209.79,1776509791000
1776509794.118,94.118,0.72,0.73,0.27,0.28,0.01,0.01,76209.79,1776509792000
1776509794.544,94.544,0.72,0.73,0.27,0.28,0.01,0.01,76209.79,1776509793000
1776509794.971,94.971,0.72,0.73,0.27,0.28,0.01,0.01,76209.79,1776509794000
1776509795.577,95.577,0.72,0.73,0.27,0.28,0.01,0.01,76209.79,1776509794000
1776509795.923,95.923,0.72,0.73,0.27,0.28,0.01,0.01,76209.79,1776509794000
1776509796.277,96.277,0.72,0.73,0.27,0.28,0.01,0.01,76209.98,1776509795000
1776509797.04,97.04,0.72,0.73,0.27,0.28,0.01,0.01,76209.98,1776509795000
1776509798.006,98.006,0.72,0.73,0.27,0.28,0.01,0.01,76209.98,1776509796000
1776509798.398,98.398,0.72,0.73,0.27,0.28,0.01,0.01,76209.98,1776509796000
1776509798.821,98.821,0.72,0.73,0.27,0.28,0.01,0.01,76209.98,1776509797000
1776509799.561,99.561,0.72,0.73,0.27,0.28,0.01,0.01,76209.96,1776509798000
1776509800.105,100.105,0.72,0.73,0.27,0.28,0.01,0.01,76209.96,1776509799000
1776509800.468,100.468,0.7,0.72,0.27,0.29,0.02,0.02,76209.96,1776509799000
1776509801.024,101.024,0.71,0.72,0.28,0.29,0.01,0.01,76209.96,1776509799000
1776509801.437,101.437,0.71,0.72,0.28,0.29,0.01,0.01,76209.97,1776509800000
1776509801.786,101.786,0.71,0.72,0.28,0.29,0.01,0.01,76209.97,1776509800000
1776509802.167,102.167,0.71,0.72,0.28,0.29,0.01,0.01,76209.97,1776509800000
1776509802.585,102.585,0.71,0.72,0.28,0.29,0.01,0.01,76208.3,1776509801000
1776509803.177,103.177,0.71,0.72,0.28,0.29,0.01,0.01,76208.28,1776509802000
1776509803.678,103.678,0.71,0.72,0.28,0.29,0.01,0.01,76208.28,1776509802000
1776509804.033,104.033,0.71,0.72,0.28,0.29,0.01,0.01,76208.28,1776509803000
1776509804.827,104.827,0.7,0.72,0.28,0.29,0.02,0.01,76208.28,1776509803000
1776509805.255,105.255,0.7,0.71,0.29,0.3,0.01,0.01,76207.37,1776509804000
1776509805.615,105.615,0.7,0.71,0.29,0.3,0.01,0.01,76207.37,1776509804000
1776509806.191,106.191,0.7,0.71,0.29,0.3,0.01,0.01,76206.9,1776509805000
1776509806.605,106.605,0.7,0.71,0.29,0.3,0.01,0.01,76206.9,1776509805000
1776509807.36,107.36,0.7,0.71,0.29,0.3,0.01,0.01,76206.9,1776509806000
1776509807.871,107.871,0.7,0.71,0.29,0.3,0.01,0.01,76206.9,1776509806000
1776509808.464,108.464,0.7,0.71,0.29,0.3,0.01,0.01,76207.32,1776509807000
1776509809.037,109.037,0.7,0.71,0.29,0.3,0.01,0.01,76207.39,1776509808000
1776509809.556,109.556,0.7,0.71,0.29,0.3,0.01,0.01,76207.39,1776509808000
1776509810.154,110.154,0.72,0.73,0.27,0.28,0.01,0.01,76207.43,1776509809000
1776509810.989,110.989,0.72,0.73,0.27,0.28,0.01,0.01,76207.43,1776509809000
1776509811.381,111.381,0.72,0.74,0.27,0.28,0.02,0.01,76207.46,1776509810000
1776509811.766,111.766,0.73,0.74,0.26,0.28,0.01,0.02,76207.46,1776509810000
1776509812.153,112.153,0.73,0.74,0.26,0.27,0.01,0.01,76207.47,1776509811000
1776509812.798,112.798,0.73,0.74,0.26,0.27,0.01,0.01,76207.47,1776509811000
1776509813.166,113.166,0.73,0.74,0.26,0.27,0.01,0.01,76208.83,1776509812000
1776509813.514,113.514,0.73,0.74,0.26,0.27,0.01,0.01,76208.83,1776509812000
1776509813.871,113.871,0.73,0.74,0.26,0.27,0.01,0.01,76208.83,1776509812000
1776509814.219,114.219,0.73,0.74,0.26,0.27,0.01,0.01,76208.84,1776509813000
1776509814.573,114.573,0.73,0.74,0.26,0.27,0.01,0.01,76208.84,1776509813000
1776509814.964,114.964,0.73,0.74,0.26,0.27,0.01,0.01,76208.84,1776509813000
1776509815.323,115.323,0.73,0.74,0.26,0.27,0.01,0.01,76208.84,1776509813000
1776509815.667,115.667,0.73,0.74,0.26,0.27,0.01,0.01,76208.84,1776509813000
1776509816.015,116.015,0.73,0.74,0.26,0.27,0.01,0.01,76208.91,1776509814000
1776509816.375,116.375,0.73,0.74,0.26,0.27,0.01,0.01,76208.91,1776509814000
1776509816.722,116.722,0.73,0.74,0.26,0.27,0.01,0.01,76208.91,1776509815000
1776509817.069,117.069,0.73,0.74,0.26,0.27,0.01,0.01,76208.91,1776509815000
1776509817.581,117.581,0.73,0.74,0.26,0.27,0.01,0.01,76209.18,1776509816000
1776509818.182,118.182,0.73,0.74,0.26,0.27,0.01,0.01,76209.18,1776509817000
1776509819.103,119.103,0.73,0.74,0.26,0.27,0.01,0.01,76209.18,1776509817000
1776509819.602,119.602,0.73,0.75,0.25,0.27,0.02,0.02,76209.18,1776509818000
1776509820.029,120.029,0.74,0.75,0.25,0.27,0.01,0.02,76209.18,1776509818000
1776509820.446,120.446,0.74,0.75,0.25,0.26,0.01,0.01,76209.19,1776509819000
1776509820.897,120.897,0.74,0.75,0.25,0.26,0.01,0.01,76209.19,1776509819000
1776509821.351,121.351,0.74,0.75,0.25,0.26,0.01,0.01,76209.19,1776509820000
1776509821.805,121.805,0.74,0.75,0.25,0.26,0.01,0.01,76209.19,1776509820000
1776509822.617,122.617,0.74,0.75,0.25,0.26,0.01,0.01,76209.22,1776509821000
1776509823.047,123.047,0.74,0.75,0.25,0.26,0.01,0.01,76209.22,1776509821000
1776509823.406,123.406,0.74,0.75,0.25,0.26,0.01,0.01,76209.22,1776509822000
1776509823.787,123.787,0.74,0.75,0.25,0.26,0.01,0.01,76209.22,1776509822000
1776509824.148,124.148,0.74,0.75,0.25,0.26,0.01,0.01,76209.22,1776509822000
1776509824.617,124.617,0.74,0.75,0.25,0.26,0.01,0.01,76209.22,1776509822000
1776509825.438,125.438,0.74,0.75,0.25,0.26,0.01,0.01,76209.26,1776509823000
1776509826.324,126.324,0.74,0.75,0.25,0.26,0.01,0.01,76209.25,1776509825000
1776509826.878,126.878,0.74,0.75,0.25,0.26,0.01,0.01,76209.25,1776509825000
1776509827.632,127.632,0.74,0.75,0.25,0.26,0.01,0.01,76209.24,1776509826000
1776509828.307,128.307,0.74,0.75,0.25,0.26,0.01,0.01,76209.24,1776509827000
1776509828.758,128.758,0.74,0.76,0.25,0.26,0.02,0.01,76209.24,1776509827000
1776509829.198,129.198,0.75,0.76,0.24,0.25,0.01,0.01,76209.24,1776509827000
1776509829.834,129.834,0.75,0.76,0.24,0.25,0.01,0.01,76209.24,1776509827000
1776509830.448,130.448,0.75,0.76,0.24,0.25,0.01,0.01,76209.3,1776509828000
1776509830.795,130.795,0.75,0.76,0.24,0.25,0.01,0.01,76209.24,1776509829000
1776509831.48,131.48,0.75,0.76,0.24,0.25,0.01,0.01,76209.3,1776509830000
1776509832.247,132.247,0.75,0.76,0.24,0.25,0.01,0.01,76209.3,1776509830000
1776509832.923,132.923,0.75,0.76,0.24,0.25,0.01,0.01,76209.25,1776509831000
1776509833.299,133.299,0.75,0.76,0.24,0.25,0.01,0.01,76209.25,1776509831000
1776509833.645,133.645,0.75,0.76,0.24,0.25,0.01,0.01,76209.32,1776509832000
1776509834.69,134.69,0.76,0.77,0.24,0.25,0.01,0.01,76209.34,1776509833000
1776509835.068,135.068,0.76,0.77,0.23,0.24,0.01,0.01,76210.67,1776509834000
1776509835.708,135.708,0.76,0.77,0.23,0.24,0.01,0.01,76210.67,1776509834000
1776509836.155,136.155,0.76,0.77,0.23,0.24,0.01,0.01,76210.65,1776509835000
1776509837.148,137.148,0.76,0.77,0.23,0.24,0.01,0.01,76210.65,1776509835000
1776509837.484,137.484,0.76,0.77,0.23,0.24,0.01,0.01,76210.67,1776509836000
1776509837.921,137.921,0.76,0.77,0.23,0.24,0.01,0.01,76210.67,1776509836000
1776509838.303,138.303,0.76,0.77,0.23,0.24,0.01,0.01,76210.67,1776509836000
1776509838.645,138.645,0.76,0.77,0.23,0.24,0.01,0.01,76210.67,1776509837000
1776509839.005,139.005,0.76,0.77,0.23,0.24,0.01,0.01,76210.66,1776509838000
1776509839.379,139.379,0.76,0.77,0.23,0.24,0.01,0.01,76210.66,1776509838000
1776509839.862,139.862,0.76,0.77,0.23,0.24,0.01,0.01,76210.66,1776509838000
1776509840.227,140.227,0.75,0.77,0.23,0.24,0.02,0.01,76210.66,1776509838000
1776509840.597,140.597,0.75,0.76,0.24,0.25,0.01,0.01,76210.67,1776509839000
1776509841.133,141.133,0.75,0.76,0.24,0.25,0.01,0.01,76210.67,1776509839000
1776509841.497,141.497,0.75,0.76,0.24,0.25,0.01,0.01,76210.67,1776509840000
1776509841.836,141.836,0.74,0.76,0.24,0.25,0.02,0.01,76210.67,1776509840000
1776509842.307,142.307,0.74,0.76,0.24,0.26,0.02,0.02,76210.67,1776509840000
1776509842.674,142.674,0.73,0.74,0.25,0.27,0.01,0.02,76209.63,1776509841000
1776509843.008,143.008,0.73,0.74,0.26,0.27,0.01,0.01,76209.38,1776509842000
1776509843.342,143.342,0.73,0.74,0.26,0.27,0.01,0.01,76209.38,1776509842000
1776509843.981,143.981,0.72,0.73,0.26,0.28,0.01,0.02,76209.38,1776509842000
1776509844.526,144.526,0.72,0.73,0.27,0.28,0.01,0.01,76209.09,1776509843000
1776509844.896,144.896,0.72,0.73,0.27,0.28,0.01,0.01,76209.09,1776509843000
1776509845.383,145.383,0.72,0.73,0.27,0.28,0.01,0.01,76208.93,1776509844000
1776509845.82,145.82,0.72,0.73,0.27,0.28,0.01,0.01,76208.93,1776509844000
1776509846.305,146.305,0.72,0.73,0.27,0.28,0.01,0.01,76208.93,1776509845000
1776509846.935,146.935,0.72,0.73,0.27,0.28,0.01,0.01,76208.93,1776509845000
1776509847.381,147.381,0.72,0.73,0.27,0.28,0.01,0.01,76207.13,1776509846000
1776509847.792,147.792,0.72,0.73,0.27,0.28,0.01,0.01,76207.13,1776509846000
1776509848.132,148.132,0.73,0.75,0.25,0.27,0.02,0.02,76207.13,1776509846000
1776509848.765,148.765,0.75,0.76,0.24,0.26,0.01,0.02,76207.18,1776509847000
1776509849.231,149.231,0.75,0.76,0.24,0.25,0.01,0.01,76207.18,1776509847000
1776509849.623,149.623,0.75,0.76,0.24,0.25,0.01,0.01,76207.18,1776509848000
1776509849.964,149.964,0.75,0.76,0.24,0.25,0.01,0.01,76207.43,1776509849000
1776509850.49,150.49,0.76,0.77,0.23,0.25,0.01,0.02,76207.43,1776509849000
1776509850.856,150.856,0.76,0.77,0.23,0.24,0.01,0.01,76207.43,1776509849000
1776509851.3,151.3,0.76,0.77,0.23,0.24,0.01,0.01,76209.49,1776509850000
1776509851.666,151.666,0.76,0.77,0.23,0.24,0.01,0.01,76209.49,1776509850000
1776509852.01,152.01,0.76,0.77,0.23,0.24,0.01,0.01,76209.49,1776509850000
1776509852.361,152.361,0.76,0.77,0.23,0.24,0.01,0.01,76209.3,1776509851000
1776509852.703,152.703,0.76,0.77,0.23,0.24,0.01,0.01,76209.3,1776509851000
1776509853.058,153.058,0.76,0.77,0.23,0.24,0.01,0.01,76209.3,1776509852000
1776509853.422,153.422,0.76,0.77,0.23,0.24,0.01,0.01,76209.3,1776509852000
1776509853.778,153.778,0.76,0.77,0.23,0.24,0.01,0.01,76209.3,1776509852000
1776509854.134,154.134,0.76,0.77,0.23,0.24,0.01,0.01,76209.3,1776509852000
1776509854.502,154.502,0.76,0.77,0.23,0.24,0.01,0.01,76209.55,1776509853000
1776509854.93,154.93,0.75,0.76,0.23,0.24,0.01,0.01,76209.55,1776509853000
1776509855.343,155.343,0.75,0.76,0.24,0.25,0.01,0.01,76209.27,1776509854000
1776509855.704,155.704,0.75,0.76,0.24,0.25,0.01,0.01,76209.27,1776509854000
1776509856.196,156.196,0.75,0.76,0.24,0.25,0.01,0.01,76209.27,1776509854000
1776509856.559,156.559,0.74,0.76,0.24,0.26,0.02,0.02,76209.16,1776509855000
1776509857.116,157.116,0.74,0.75,0.25,0.26,0.01,0.01,76207.49,1776509856000
1776509857.634,157.634,0.73,0.74,0.25,0.27,0.01,0.02,76207.49,1776509856000
1776509858.158,158.158,0.73,0.74,0.26,0.27,0.01,0.01,76207.49,1776509856000
1776509858.94,158.94,0.73,0.74,0.26,0.27,0.01,0.01,76206.77,1776509858000
1776509859.337,159.337,0.73,0.74,0.26,0.27,0.01,0.01,76206.77,1776509858000
1776509859.925,159.925,0.73,0.74,0.26,0.27,0.01,0.01,76206.77,1776509858000
1776509860.957,160.957,0.71,0.72,0.26,0.29,0.01,0.03,76206.77,1776509859000
1776509861.637,161.637,0.71,0.72,0.28,0.29,0.01,0.01,76206.4,1776509860000
1776509861.995,161.995,0.7,0.71,0.29,0.3,0.01,0.01,76206.4,1776509860000
1776509862.423,162.423,0.7,0.71,0.29,0.3,0.01,0.01,76203.16,1776509861000
1776509862.923,162.923,0.7,0.71,0.29,0.3,0.01,0.01,76203.16,1776509861000
1776509863.296,163.296,0.7,0.71,0.29,0.3,0.01,0.01,76203.16,1776509861000
1776509863.905,163.905,0.7,0.71,0.29,0.3,0.01,0.01,76202.63,1776509862000
1776509864.368,164.368,0.7,0.71,0.29,0.3,0.01,0.01,76201.87,1776509863000
1776509864.96,164.96,0.7,0.71,0.29,0.3,0.01,0.01,76201.87,1776509863000
1776509865.375,165.375,0.7,0.71,0.29,0.3,0.01,0.01,76202.58,1776509864000
1776509865.729,165.729,0.7,0.71,0.29,0.3,0.01,0.01,76202.58,1776509864000
1776509866.459,166.459,0.7,0.71,0.29,0.3,0.01,0.01,76202.58,1776509865000
1776509866.919,166.919,0.7,0.71,0.29,0.3,0.01,0.01,76202.68,1776509866000
1776509867.984,167.984,0.7,0.71,0.29,0.3,0.01,0.01,76202.78,1776509867000
1776509868.416,168.416,0.7,0.71,0.29,0.3,0.01,0.01,76202.78,1776509867000
1776509868.95,168.95,0.7,0.71,0.29,0.3,0.01,0.01,76202.71,1776509868000
1776509869.309,169.309,0.7,0.71,0.29,0.3,0.01,0.01,76202.71,1776509868000
1776509869.799,169.799,0.7,0.71,0.29,0.3,0.01,0.01,76202.71,1776509868000
1776509870.165,170.165,0.7,0.71,0.29,0.3,0.01,0.01,76202.62,1776509869000
1776509870.789,170.789,0.7,0.71,0.29,0.31,0.01,0.02,76202.62,1776509869000
1776509871.13,171.13,0.7,0.71,0.29,0.3,0.01,0.01,76202.34,1776509870000
1776509871.565,171.565,0.69,0.71,0.29,0.3,0.02,0.01,76202.34,1776509870000
1776509872.079,172.079,0.69,0.71,0.29,0.31,0.02,0.02,76202.34,1776509871000
1776509872.49,172.49,0.69,0.7,0.3,0.31,0.01,0.01,76202.34,1776509871000
1776509872.962,172.962,0.69,0.7,0.3,0.31,0.01,0.01,76202.34,1776509871000
1776509873.321,173.321,0.69,0.7,0.3,0.31,0.01,0.01,76200.84,1776509872000
1776509873.754,173.754,0.69,0.7,0.3,0.31,0.01,0.01,76200.84,1776509872000
1776509874.105,174.105,0.69,0.7,0.3,0.31,0.01,0.01,76200.27,1776509873000
1776509874.539,174.539,0.69,0.7,0.3,0.31,0.01,0.01,76200.27,1776509873000
1776509875.064,175.064,0.69,0.7,0.3,0.31,0.01,0.01,76198.75,1776509874000
1776509876.673,176.673,0.69,0.7,0.3,0.31,0.01,0.01,76199.35,1776509875000
1776509877.157,177.157,0.69,0.7,0.3,0.31,0.01,0.01,76199.35,1776509875000
1776509877.56,177.56,0.7,0.71,0.29,0.31,0.01,0.02,76199.35,1776509875000
1776509877.912,177.912,0.69,0.71,0.29,0.3,0.02,0.01,76199.35,1776509875000
1776509878.512,178.512,0.69,0.7,0.29,0.31,0.01,0.02,76199.35,1776509876000
1776509879.337,179.337,0.68,0.7,0.3,0.31,0.02,0.01,76201.03,1776509877000
1776509879.739,179.739,0.67,0.68,0.32,0.34,0.01,0.02,76201.03,1776509878000
1776509880.189,180.189,0.67,0.68,0.32,0.33,0.01,0.01,76198.28,1776509879000
1776509880.566,180.566,0.67,0.68,0.32,0.34,0.01,0.02,76198.28,1776509879000
1776509880.927,180.927,0.65,0.66,0.34,0.35,0.01,0.01,76198.28,1776509879000
1776509881.287,181.287,0.65,0.66,0.34,0.35,0.01,0.01,76198.28,1776509879000
1776509881.65,181.65,0.65,0.66,0.34,0.35,0.01,0.01,76198.28,1776509879000
1776509881.989,181.989,0.65,0.66,0.34,0.35,0.01,0.01,76195.44,1776509880000
1776509882.384,182.384,0.65,0.66,0.34,0.35,0.01,0.01,76195.15,1776509881000
1776509883.199,183.199,0.65,0.66,0.34,0.35,0.01,0.01,76195.15,1776509882000
1776509883.546,183.546,0.65,0.66,0.34,0.35,0.01,0.01,76195.15,1776509882000
1776509883.914,183.914,0.65,0.66,0.34,0.35,0.01,0.01,76195.15,1776509882000
1776509884.8,184.8,0.65,0.66,0.34,0.35,0.01,0.01,76197.7,1776509883000
1776509885.276,185.276,0.65,0.66,0.34,0.35,0.01,0.01,76197.7,1776509883000
1776509885.721,185.721,0.65,0.66,0.34,0.35,0.01,0.01,76197.7,1776509884000
1776509886.166,186.166,0.65,0.66,0.34,0.35,0.01,0.01,76198.26,1776509885000
1776509887.626,187.626,0.65,0.66,0.34,0.35,0.01,0.01,76197.76,1776509886000
1776509888.209,188.209,0.65,0.66,0.34,0.35,0.01,0.01,76197.76,1776509886000
1776509888.546,188.546,0.65,0.68,0.33,0.35,0.03,0.02,76197.68,1776509887000
1776509888.95,188.95,0.65,0.66,0.34,0.35,0.01,0.01,76197.68,1776509887000
1776509889.328,189.328,0.65,0.66,0.34,0.35,0.01,0.01,76197.68,1776509887000
1776509889.68,189.68,0.65,0.66,0.34,0.35,0.01,0.01,76197.68,1776509888000
1776509890.035,190.035,0.64,0.66,0.34,0.36,0.02,0.02,76197.68,1776509888000
1776509890.409,190.409,0.64,0.65,0.35,0.36,0.01,0.01,76196.61,1776509889000
1776509890.757,190.757,0.64,0.65,0.35,0.36,0.01,0.01,76196.61,1776509889000
1776509891.189,191.189,0.64,0.65,0.35,0.36,0.01,0.01,76195.32,1776509890000
1776509891.59,191.59,0.64,0.65,0.35,0.36,0.01,0.01,76195.32,1776509890000
1776509892.45,192.45,0.64,0.65,0.35,0.36,0.01,0.01,76195.32,1776509890000
1776509893.093,193.093,0.64,0.65,0.35,0.36,0.01,0.01,76195.93,1776509892000
1776509893.627,193.627,0.64,0.65,0.35,0.36,0.01,0.01,76195.93,1776509892000
1776509894.007,194.007,0.64,0.65,0.35,0.36,0.01,0.01,76195.93,1776509892000
1776509894.561,194.561,0.64,0.65,0.35,0.36,0.01,0.01,76195.71,1776509893000
1776509895.187,195.187,0.64,0.65,0.35,0.36,0.01,0.01,76195.71,1776509893000
1776509895.803,195.803,0.64,0.65,0.35,0.36,0.01,0.01,76195.71,1776509894000
1776509896.222,196.222,0.64,0.65,0.35,0.36,0.01,0.01,76195.71,1776509895000
1776509896.567,196.567,0.64,0.65,0.35,0.36,0.01,0.01,76195.71,1776509895000
1776509896.96,196.96,0.64,0.65,0.35,0.36,0.01,0.01,76195.68,1776509896000
1776509897.328,197.328,0.64,0.65,0.35,0.36,0.01,0.01,76195.68,1776509896000
1776509898.006,198.006,0.64,0.65,0.35,0.36,0.01,0.01,76195.68,1776509897000
1776509898.499,198.499,0.64,0.65,0.35,0.36,0.01,0.01,76195.68,1776509897000
1776509898.911,198.911,0.64,0.65,0.35,0.36,0.01,0.01,76195.68,1776509897000
1776509899.468,199.468,0.64,0.65,0.35,0.36,0.01,0.01,76195.76,1776509898000
1776509899.905,199.905,0.64,0.65,0.35,0.36,0.01,0.01,76195.76,1776509898000
1776509900.271,200.271,0.64,0.65,0.35,0.37,0.01,0.02,76195.79,1776509899000
1776509900.843,200.843,0.63,0.64,0.36,0.37,0.01,0.01,76195.79,1776509899000
1776509901.193,201.193,0.63,0.64,0.36,0.37,0.01,0.01,76195.75,1776509900000
1776509902.185,202.185,0.63,0.64,0.36,0.37,0.01,0.01,76195.75,1776509900000
1776509902.699,202.699,0.63,0.64,0.36,0.37,0.01,0.01,76195.75,1776509901000
1776509903.23,203.23,0.63,0.64,0.36,0.37,0.01,0.01,76195.82,1776509902000
1776509903.619,203.619,0.63,0.64,0.36,0.37,0.01,0.01,76195.82,1776509902000
1776509904.147,204.147,0.62,0.63,0.36,0.37,0.01,0.01,76195.82,1776509902000
1776509904.521,204.521,0.63,0.65,0.36,0.37,0.02,0.01,76195.77,1776509903000
1776509904.894,204.894,0.63,0.65,0.36,0.37,0.02,0.01,76195.77,1776509903000
1776509905.274,205.274,0.64,0.65,0.35,0.36,0.01,0.01,76195.77,1776509903000
1776509905.694,205.694,0.64,0.65,0.35,0.36,0.01,0.01,76196.1,1776509904000
1776509906.068,206.068,0.63,0.64,0.35,0.37,0.01,0.02,76196.1,1776509904000
1776509906.407,206.407,0.63,0.64,0.36,0.37,0.01,0.01,76196.19,1776509905000
1776509906.81,206.81,0.63,0.64,0.36,0.37,0.01,0.01,76196.19,1776509905000
1776509907.445,207.445,0.63,0.64,0.36,0.37,0.01,0.01,76196.19,1776509905000
1776509907.813,207.813,0.62,0.63,0.37,0.38,0.01,0.01,76196.19,1776509906000
1776509908.168,208.168,0.62,0.63,0.37,0.38,0.01,0.01,76195.96,1776509907000
1776509908.532,208.532,0.62,0.63,0.37,0.38,0.01,0.01,76195.96,1776509907000
1776509908.909,208.909,0.62,0.63,0.37,0.38,0.01,0.01,76195.96,1776509907000
1776509909.418,209.418,0.62,0.63,0.37,0.38,0.01,0.01,76195.96,1776509907000
1776509909.913,209.913,0.61,0.63,0.37,0.38,0.02,0.01,76195.94,1776509908000
1776509910.88,210.88,0.61,0.62,0.38,0.39,0.01,0.01,76195.79,1776509909000
1776509911.273,211.273,0.61,0.62,0.38,0.39,0.01,0.01,76195.79,1776509910000
1776509911.672,211.672,0.61,0.62,0.38,0.39,0.01,0.01,76195.79,1776509910000
1776509912.098,212.098,0.61,0.62,0.38,0.39,0.01,0.01,76194.05,1776509911000
1776509912.489,212.489,0.61,0.62,0.38,0.39,0.01,0.01,76194.05,1776509911000
1776509912.877,212.877,0.61,0.62,0.38,0.39,0.01,0.01,76194.05,1776509911000
1776509913.254,213.254,0.6,0.61,0.39,0.4,0.01,0.01,76194.05,1776509911000
1776509913.722,213.722,0.6,0.61,0.39,0.4,0.01,0.01,76193.69,1776509912000
1776509914.07,214.07,0.6,0.61,0.39,0.4,0.01,0.01,76193.69,1776509912000
1776509914.473,214.473,0.6,0.61,0.39,0.4,0.01,0.01,76193.97,1776509913000
1776509914.873,214.873,0.6,0.61,0.39,0.4,0.01,0.01,76193.97,1776509913000
1776509915.349,215.349,0.6,0.61,0.39,0.4,0.01,0.01,76193.64,1776509914000
1776509915.813,215.813,0.6,0.61,0.39,0.4,0.01,0.01,76193.64,1776509914000
1776509916.197,216.197,0.6,0.61,0.39,0.4,0.01,0.01,76193.64,1776509914000
1776509916.645,216.645,0.59,0.6,0.39,0.41,0.01,0.02,76194.11,1776509915000
1776509916.99,216.99,0.59,0.6,0.4,0.41,0.01,0.01,76194.11,1776509915000
1776509917.335,217.335,0.59,0.6,0.4,0.41,0.01,0.01,76193.99,1776509916000
1776509917.955,217.955,0.59,0.6,0.4,0.41,0.01,0.01,76193.99,1776509916000
1776509918.533,218.533,0.59,0.6,0.4,0.41,0.01,0.01,76193.98,1776509917000
1776509918.968,218.968,0.59,0.6,0.4,0.41,0.01,0.01,76193.98,1776509917000
1776509919.312,219.312,0.59,0.6,0.4,0.41,0.01,0.01,76193.98,1776509917000
1776509920.263,220.263,0.59,0.6,0.4,0.41,0.01,0.01,76193.27,1776509918000
1776509920.745,220.745,0.59,0.6,0.4,0.41,0.01,0.01,76192.57,1776509919000
1776509921.1,221.1,0.59,0.6,0.4,0.41,0.01,0.01,76192.57,1776509919000
1776509921.543,221.543,0.59,0.61,0.4,0.41,0.02,0.01,76192.57,1776509919000
1776509921.915,221.915,0.6,0.61,0.39,0.4,0.01,0.01,76192.57,1776509920000
1776509922.281,222.281,0.62,0.63,0.37,0.38,0.01,0.01,76192.42,1776509921000
1776509922.633,222.633,0.61,0.62,0.37,0.39,0.01,0.02,76192.42,1776509921000
1776509923.058,223.058,0.59,0.61,0.38,0.39,0.02,0.01,76192.42,1776509921000
1776509923.521,223.521,0.59,0.6,0.4,0.41,0.01,0.01,76192.42,1776509922000
1776509923.86,223.86,0.59,0.6,0.4,0.41,0.01,0.01,76192.42,1776509922000
1776509924.206,224.206,0.59,0.6,0.4,0.41,0.01,0.01,76192.42,1776509922000
1776509924.592,224.592,0.58,0.59,0.41,0.42,0.01,0.01,76192.67,1776509923000
1776509925.05,225.05,0.58,0.59,0.41,0.43,0.01,0.02,76192.67,1776509923000
1776509925.58,225.58,0.59,0.6,0.41,0.42,0.01,0.01,76192.53,1776509924000
1776509926.226,226.226,0.59,0.6,0.4,0.41,0.01,0.01,76192.13,1776509925000
1776509926.691,226.691,0.59,0.6,0.4,0.41,0.01,0.01,76192.13,1776509925000
1776509927.107,227.107,0.59,0.6,0.4,0.41,0.01,0.01,76192.13,1776509925000
1776509927.499,227.499,0.57,0.58,0.42,0.43,0.01,0.01,76192.59,1776509926000
1776509927.832,227.832,0.56,0.57,0.42,0.43,0.01,0.01,76192.59,1776509926000
1776509928.21,228.21,0.56,0.57,0.43,0.44,0.01,0.01,76192.59,1776509926000
1776509928.544,228.544,0.56,0.58,0.43,0.44,0.02,0.01,76192.92,1776509927000
1776509928.906,228.906,0.59,0.6,0.4,0.42,0.01,0.02,76192.92,1776509927000
1776509929.302,229.302,0.58,0.6,0.4,0.42,0.02,0.02,76189.6,1776509928000
1776509929.692,229.692,0.57,0.58,0.42,0.43,0.01,0.01,76189.6,1776509928000
1776509930.135,230.135,0.55,0.56,0.44,0.45,0.01,0.01,76189.6,1776509928000
1776509930.546,230.546,0.55,0.56,0.44,0.45,0.01,0.01,76189.56,1776509929000
1776509930.892,230.892,0.55,0.56,0.44,0.45,0.01,0.01,76189.56,1776509929000
1776509931.241,231.241,0.52,0.54,0.46,0.48,0.02,0.02,76189.56,1776509929000
1776509931.601,231.601,0.53,0.54,0.46,0.47,0.01,0.01,76190.09,1776509930000
1776509931.976,231.976,0.53,0.54,0.46,0.47,0.01,0.01,76190.09,1776509931000
1776509932.377,232.377,0.56,0.57,0.42,0.44,0.01,0.02,76190.09,1776509931000
1776509932.778,232.778,0.57,0.58,0.42,0.44,0.01,0.02,76190.09,1776509931000
1776509933.137,233.137,0.57,0.58,0.42,0.43,0.01,0.01,76190.09,1776509931000
1776509933.52,233.52,0.57,0.58,0.42,0.43,0.01,0.01,76187.72,1776509932000
1776509933.957,233.957,0.59,0.6,0.4,0.41,0.01,0.01,76187.72,1776509932000
1776509934.292,234.292,0.59,0.6,0.4,0.41,0.01,0.01,76187.72,1776509932000
1776509934.65,234.65,0.59,0.6,0.4,0.41,0.01,0.01,76187.72,1776509932000
1776509935.018,235.018,0.59,0.6,0.4,0.41,0.01,0.01,76188.25,1776509933000
1776509935.413,235.413,0.59,0.6,0.4,0.41,0.01,0.01,76188.25,1776509933000
1776509935.76,235.76,0.59,0.6,0.4,0.41,0.01,0.01,76188.63,1776509934000
1776509936.178,236.178,0.6,0.61,0.39,0.41,0.01,0.02,76188.63,1776509934000
1776509936.586,236.586,0.6,0.61,0.39,0.4,0.01,0.01,76188.51,1776509935000
1776509936.951,236.951,0.6,0.61,0.39,0.4,0.01,0.01,76188.51,1776509935000
1776509937.301,237.301,0.6,0.61,0.39,0.4,0.01,0.01,76188.4,1776509936000
1776509937.649,237.649,0.6,0.61,0.39,0.4,0.01,0.01,76188.4,1776509936000
1776509937.994,237.994,0.6,0.61,0.39,0.4,0.01,0.01,76188.4,1776509936000
1776509938.351,238.351,0.6,0.61,0.39,0.4,0.01,0.01,76188.21,1776509937000
1776509938.829,238.829,0.6,0.61,0.39,0.4,0.01,0.01,76188.21,1776509937000
1776509939.178,239.178,0.61,0.62,0.38,0.39,0.01,0.01,76188.21,1776509937000
1776509939.543,239.543,0.61,0.62,0.38,0.39,0.01,0.01,76188.12,1776509938000
1776509939.941,239.941,0.61,0.62,0.38,0.39,0.01,0.01,76188.12,1776509938000
1776509940.34,240.34,0.61,0.62,0.38,0.39,0.01,0.01,76188.12,1776509938000
1776509940.744,240.744,0.61,0.62,0.38,0.39,0.01,0.01,76188.11,1776509939000
1776509941.461,241.461,0.61,0.62,0.38,0.39,0.01,0.01,76189.28,1776509940000
1776509941.92,241.92,0.61,0.62,0.38,0.39,0.01,0.01,76189.28,1776509940000
1776509942.276,242.276,0.61,0.62,0.38,0.39,0.01,0.01,76189.02,1776509941000
1776509942.621,242.621,0.61,0.62,0.38,0.39,0.01,0.01,76189.02,1776509941000
1776509943.027,243.027,0.61,0.62,0.38,0.39,0.01,0.01,76189.02,1776509941000
1776509943.395,243.395,0.44,0.48,0.5,0.55,0.04,0.05,76188.23,1776509942000
1776509943.73,243.73,0.4,0.45,0.59,0.6,0.05,0.01,76188.23,1776509942000
1776509944.071,244.071,0.36,0.39,0.61,0.64,0.03,0.03,76188.23,1776509942000
1776509944.414,244.414,0.37,0.38,0.62,0.63,0.01,0.01,76188.23,1776509943000
1776509944.836,244.836,0.35,0.38,0.62,0.63,0.03,0.01,76188.23,1776509943000
1776509945.219,245.219,0.37,0.38,0.62,0.63,0.01,0.01,76188.23,1776509943000
1776509945.637,245.637,0.36,0.38,0.62,0.64,0.02,0.02,76181.7,1776509944000
1776509945.994,245.994,0.35,0.36,0.64,0.65,0.01,0.01,76181.7,1776509944000
1776509946.327,246.327,0.35,0.36,0.64,0.65,0.01,0.01,76180.85,1776509945000
1776509946.683,246.683,0.35,0.36,0.64,0.65,0.01,0.01,76180.85,1776509945000
1776509947.043,247.043,0.35,0.36,0.64,0.65,0.01,0.01,76180.85,1776509945000
1776509947.443,247.443,0.35,0.36,0.64,0.65,0.01,0.01,76177.99,1776509946000
1776509947.777,247.777,0.35,0.36,0.64,0.65,0.01,0.01,76177.99,1776509946000
1776509948.401,248.401,0.35,0.36,0.64,0.65,0.01,0.01,76177.99,1776509946000
1776509948.804,248.804,0.35,0.36,0.64,0.65,0.01,0.01,76176.16,1776509947000
1776509949.168,249.168,0.33,0.34,0.66,0.67,0.01,0.01,76176.16,1776509947000
1776509949.57,249.57,0.33,0.34,0.66,0.67,0.01,0.01,76176.27,1776509948000
1776509950.106,250.106,0.33,0.34,0.66,0.67,0.01,0.01,76176.27,1776509948000
1776509950.467,250.467,0.33,0.34,0.66,0.67,0.01,0.01,76176.2,1776509949000
1776509950.84,250.84,0.33,0.34,0.66,0.67,0.01,0.01,76176.2,1776509949000
1776509951.279,251.279,0.33,0.34,0.66,0.67,0.01,0.01,76176.2,1776509949000
1776509951.623,251.623,0.33,0.34,0.66,0.67,0.01,0.01,76175.58,1776509950000
1776509952.013,252.013,0.32,0.33,0.66,0.68,0.01,0.02,76175.58,1776509951000
1776509952.421,252.421,0.32,0.33,0.67,0.68,0.01,0.01,76175.58,1776509951000
1776509952.84,252.84,0.28,0.31,0.69,0.72,0.03,0.03,76175.95,1776509952000
1776509953.191,253.191,0.27,0.28,0.72,0.74,0.01,0.02,76175.95,1776509952000
1776509953.545,253.545,0.27,0.28,0.72,0.73,0.01,0.01,76175.95,1776509952000
1776509954.026,254.026,0.27,0.28,0.72,0.73,0.01,0.01,76175.76,1776509953000
1776509954.367,254.367,0.15,0.26,0.74,0.85,0.11,0.11,76175.76,1776509953000
1776509954.705,254.705,0.12,0.13,0.83,0.88,0.01,0.05,76175.76,1776509953000
1776509955.038,255.038,0.19,0.2,0.8,0.81,0.01,0.01,76175.67,1776509954000
1776509955.395,255.395,0.19,0.2,0.8,0.81,0.01,0.01,76175.67,1776509954000
1776509955.729,255.729,0.19,0.21,0.79,0.81,0.02,0.02,76175.67,1776509954000
1776509956.085,256.085,0.19,0.2,0.8,0.81,0.01,0.01,76168.89,1776509955000
1776509956.486,256.486,0.18,0.19,0.81,0.82,0.01,0.01,76168.89,1776509955000
1776509956.843,256.843,0.18,0.19,0.81,0.82,0.01,0.01,76168.89,1776509955000
1776509957.325,257.325,0.14,0.15,0.84,0.86,0.01,0.02,76166.44,1776509956000
1776509957.814,257.814,0.12,0.13,0.86,0.88,0.01,0.02,76166.44,1776509956000
1776509958.158,258.158,0.12,0.13,0.87,0.88,0.01,0.01,76168.55,1776509957000
1776509958.521,258.521,0.12,0.15,0.87,0.88,0.03,0.01,76168.55,1776509957000
1776509958.908,258.908,0.13,0.14,0.86,0.88,0.01,0.02,76168.55,1776509957000
1776509959.434,259.434,0.14,0.15,0.85,0.86,0.01,0.01,76166.01,1776509958000
1776509959.779,259.779,0.11,0.12,0.87,0.89,0.01,0.02,76166.01,1776509958000
1776509960.38,260.38,0.11,0.12,0.88,0.89,0.01,0.01,76166.01,1776509959000
1776509960.879,260.879,0.1,0.11,0.89,0.9,0.01,0.01,76166.01,1776509959000
1776509961.245,261.245,0.1,0.12,0.89,0.9,0.02,0.01,76166.47,1776509960000
1776509961.765,261.765,0.1,0.11,0.89,0.9,0.01,0.01,76166.47,1776509960000
1776509962.297,262.297,0.1,0.11,0.89,0.9,0.01,0.01,76166.47,1776509960000
1776509962.63,262.63,0.1,0.11,0.89,0.9,0.01,0.01,76166.47,1776509960000
1776509963.231,263.231,0.09,0.1,0.9,0.91,0.01,0.01,76166.68,1776509962000
1776509963.849,263.849,0.09,0.1,0.89,0.91,0.01,0.02,76166.68,1776509962000
1776509964.184,264.184,0.18,0.19,0.81,0.82,0.01,0.01,76166.68,1776509962000
1776509964.523,264.523,0.22,0.23,0.77,0.78,0.01,0.01,76166.68,1776509962000
1776509964.947,264.947,0.23,0.24,0.75,0.78,0.01,0.03,76166.51,1776509963000
1776509965.303,265.303,0.24,0.27,0.75,0.76,0.03,0.01,76166.51,1776509963000
1776509965.646,265.646,0.26,0.27,0.67,0.74,0.01,0.07,76166.25,1776509964000
1776509965.997,265.997,0.3,0.31,0.68,0.7,0.01,0.02,76166.25,1776509964000
1776509966.377,266.377,0.3,0.31,0.69,0.7,0.01,0.01,76166.25,1776509965000
1776509966.713,266.713,0.37,0.42,0.61,0.63,0.05,0.02,76166.25,1776509965000
1776509967.046,267.046,0.5,0.53,0.47,0.5,0.03,0.03,76166.25,1776509965000
1776509967.412,267.412,0.52,0.53,0.47,0.48,0.01,0.01,76166.25,1776509965000
1776509967.835,267.835,0.53,0.56,0.46,0.47,0.03,0.01,76175.67,1776509966000
1776509968.218,268.218,0.55,0.56,0.44,0.45,0.01,0.01,76174.43,1776509967000
1776509968.644,268.644,0.55,0.56,0.44,0.45,0.01,0.01,76174.43,1776509967000
1776509969.036,269.036,0.55,0.56,0.44,0.45,0.01,0.01,76174.43,1776509967000
1776509969.397,269.397,0.55,0.56,0.44,0.45,0.01,0.01,76174.43,1776509967000
1776509969.745,269.745,0.55,0.56,0.44,0.45,0.01,0.01,76177.36,1776509968000
1776509970.214,270.214,0.55,0.56,0.44,0.45,0.01,0.01,76177.36,1776509968000
1776509970.57,270.57,0.55,0.56,0.44,0.45,0.01,0.01,76182.84,1776509969000
1776509971.002,271.002,0.55,0.56,0.44,0.45,0.01,0.01,76182.91,1776509970000
1776509971.335,271.335,0.55,0.56,0.44,0.45,0.01,0.01,76182.91,1776509970000
1776509971.7,271.7,0.47,0.5,0.48,0.54,0.03,0.06,76182.91,1776509970000
1776509972.046,272.046,0.47,0.48,0.52,0.53,0.01,0.01,76182.91,1776509970000
1776509972.421,272.421,0.46,0.47,0.52,0.54,0.01,0.02,76182.92,1776509971000
1776509972.79,272.79,0.46,0.47,0.53,0.54,0.01,0.01,76182.92,1776509971000
1776509973.263,273.263,0.46,0.47,0.53,0.54,0.01,0.01,76183.13,1776509972000
1776509973.697,273.697,0.45,0.46,0.53,0.54,0.01,0.01,76183.13,1776509972000
1776509974.357,274.357,0.45,0.46,0.54,0.55,0.01,0.01,76183.13,1776509972000
1776509974.691,274.691,0.38,0.39,0.61,0.62,0.01,0.01,76183.13,1776509973000
1776509975.039,275.039,0.39,0.4,0.6,0.61,0.01,0.01,76183.13,1776509973000
1776509975.482,275.482,0.45,0.49,0.54,0.55,0.04,0.01,76183.13,1776509974000
1776509975.828,275.828,0.54,0.55,0.45,0.46,0.01,0.01,76183.13,1776509974000
1776509976.297,276.297,0.54,0.55,0.45,0.46,0.01,0.01,76183.13,1776509974000
1776509976.659,276.659,0.57,0.58,0.41,0.46,0.01,0.05,76181.66,1776509975000
1776509977.014,277.014,0.58,0.59,0.42,0.43,0.01,0.01,76181.66,1776509975000
1776509977.408,277.408,0.58,0.59,0.41,0.42,0.01,0.01,76181.66,1776509975000
1776509977.955,277.955,0.58,0.59,0.41,0.42,0.01,0.01,76181.66,1776509975000
1776509978.309,278.309,0.58,0.59,0.41,0.42,0.01,0.01,76181.72,1776509976000
1776509978.681,278.681,0.58,0.59,0.41,0.42,0.01,0.01,76182.2,1776509977000
1776509979.015,279.015,0.58,0.59,0.41,0.42,0.01,0.01,76182.2,1776509978000
1776509979.407,279.407,0.58,0.59,0.41,0.42,0.01,0.01,76182.2,1776509978000
1776509979.999,279.999,0.58,0.59,0.41,0.42,0.01,0.01,76183.26,1776509979000
1776509980.342,280.342,0.74,0.8,0.2,0.26,0.06,0.06,76183.26,1776509979000
1776509980.684,280.684,0.77,0.82,0.2,0.23,0.05,0.03,76183.26,1776509979000
1776509981.019,281.019,0.82,0.84,0.17,0.18,0.02,0.01,76183.26,1776509979000
1776509981.364,281.364,0.82,0.85,0.15,0.18,0.03,0.03,76183.21,1776509980000
1776509981.786,281.786,0.85,0.86,0.14,0.15,0.01,0.01,76183.21,1776509980000
1776509982.126,282.126,0.87,0.88,0.12,0.13,0.01,0.01,76183.21,1776509980000
1776509982.479,282.479,0.89,0.9,0.1,0.13,0.01,0.03,76185.15,1776509981000
1776509982.93,282.93,0.89,0.9,0.1,0.11,0.01,0.01,76185.15,1776509981000
1776509983.267,283.267,0.89,0.9,0.1,0.11,0.01,0.01,76185.15,1776509981000
1776509983.836,283.836,0.9,0.91,0.09,0.1,0.01,0.01,76195.49,1776509982000
1776509984.209,284.209,0.9,0.91,0.09,0.1,0.01,0.01,76195.49,1776509982000
1776509984.545,284.545,0.9,0.91,0.09,0.1,0.01,0.01,76195.49,1776509982000
1776509984.891,284.891,0.9,0.91,0.09,0.1,0.01,0.01,76197.35,1776509983000
1776509985.325,285.325,0.91,0.92,0.08,0.09,0.01,0.01,76197.35,1776509984000
1776509985.751,285.751,0.91,0.92,0.08,0.09,0.01,0.01,76197.35,1776509984000
1776509986.088,286.088,0.91,0.92,0.08,0.09,0.01,0.01,76197.35,1776509984000
1776509986.454,286.454,0.92,0.93,0.07,0.08,0.01,0.01,76197.44,1776509985000
1776509986.796,286.796,0.92,0.93,0.07,0.08,0.01,0.01,76197.44,1776509985000
1776509987.168,287.168,0.92,0.93,0.07,0.08,0.01,0.01,76197.37,1776509986000
1776509987.625,287.625,0.94,0.95,0.05,0.06,0.01,0.01,76197.37,1776509986000
1776509987.988,287.988,0.94,0.95,0.05,0.06,0.01,0.01,76197.37,1776509986000
1776509988.361,288.361,0.94,0.95,0.05,0.06,0.01,0.01,76197.37,1776509987000
1776509988.718,288.718,0.95,0.96,0.04,0.05,0.01,0.01,76197.37,1776509987000
1776509989.084,289.084,0.95,0.96,0.04,0.05,0.01,0.01,76197.37,1776509987000
1776509989.433,289.433,0.96,0.97,0.03,0.04,0.01,0.01,76197.37,1776509988000
1776509989.782,289.782,0.96,0.97,0.03,0.04,0.01,0.01,76197.37,1776509988000
1776509990.201,290.201,0.96,0.97,0.03,0.04,0.01,0.01,76197.37,1776509988000
1776509990.605,290.605,0.96,0.97,0.03,0.04,0.01,0.01,76197.37,1776509989000
1776509990.981,290.981,0.96,0.97,0.03,0.04,0.01,0.01,76197.37,1776509989000
1776509991.376,291.376,0.96,0.97,0.03,0.04,0.01,0.01,76197.4,1776509990000
1776509991.827,291.827,0.96,0.97,0.03,0.04,0.01,0.01,76197.4,1776509990000
1776509992.167,292.167,0.97,0.98,0.02,0.03,0.01,0.01,76197.4,1776509990000
1776509992.513,292.513,0.97,0.98,0.02,0.03,0.01,0.01,76198.01,1776509991000
1776509992.856,292.856,0.97,0.98,0.02,0.03,0.01,0.01,76198.01,1776509991000
1776509993.453,293.453,0.97,0.98,0.02,0.03,0.01,0.01,76198.38,1776509992000
1776509993.829,293.829,0.97,0.98,0.02,0.03,0.01,0.01,76198.38,1776509992000
1776509994.214,294.214,0.97,0.98,0.02,0.03,0.01,0.01,76198.58,1776509993000
1776509994.585,294.585,0.97,0.98,0.02,0.03,0.01,0.01,76198.58,1776509993000
1776509995.025,295.025,0.97,0.98,0.02,0.03,0.01,0.01,76198.58,1776509993000
1776509995.384,295.384,0.98,0.99,0.01,0.03,0.01,0.02,76198.58,1776509993000
1776509995.819,295.819,0.98,0.99,0.01,0.02,0.01,0.01,76199.35,1776509994000
1776509996.169,296.169,0.98,0.99,0.01,0.02,0.01,0.01,76199.35,1776509994000
1776509996.68,296.68,0.99,0.99,0.01,0.01,0.0,0.0,76199.35,1776509995000
1776509997.07,297.07,0.99,0.99,0.01,0.01,0.0,0.0,76199.35,1776509995000
1776509997.418,297.418,0.99,0.99,0.01,0.01,0.0,0.0,76199.83,1776509996000
1776509997.905,297.905,0.99,0.99,0.01,0.01,0.0,0.0,76199.83,1776509996000
1776509998.255,298.255,0.99,0.99,0.01,0.01,0.0,0.0,76199.83,1776509996000
1776509998.615,298.615,0.99,0.99,0.01,0.01,0.0,0.0,76203.92,1776509997000
1776509999.151,299.151,0.99,0.99,0.01,0.01,0.0,0.0,76203.92,1776509997000
1776509999.716,299.716,0.99,0.99,0.01,0.01,0.0,0.0,76212.75,1776509998000
1776510000.393,300.393,0.99,0.99,0.01,0.01,0.0,0.0,76212.75,1776509998000
1776510000.95,300.95,0.99,0.99,0.01,0.01,0.0,0.0,76212.75,1776509999000

# RESULT,winner=Up,slug=btc-updown-5m-1776509700,ticks=680
