timestamp,elapsed_sec,up_bid,up_ask,down_bid,down_ask,up_spread,down_spread,btc_price,btc_oracle_ts
1776720600.936,0.936,0.55,0.56,0.44,0.45,0.01,0.01,75960.14,1776720599000
1776720601.277,1.277,0.55,0.56,0.44,0.45,0.01,0.01,75960.14,1776720599000
1776720601.852,1.852,0.55,0.56,0.44,0.45,0.01,0.01,75958.63,1776720600000
1776720602.242,2.242,0.55,0.56,0.44,0.45,0.01,0.01,75958.63,1776720600000
1776720602.67,2.67,0.55,0.56,0.44,0.45,0.01,0.01,75958.63,1776720601000
1776720603.011,3.011,0.55,0.56,0.44,0.45,0.01,0.01,75958.63,1776720601000
1776720603.356,3.356,0.55,0.56,0.44,0.45,0.01,0.01,75958.64,1776720602000
1776720603.689,3.689,0.52,0.53,0.47,0.48,0.01,0.01,75958.64,1776720602000
1776720604.052,4.052,0.52,0.53,0.47,0.48,0.01,0.01,75958.64,1776720602000
1776720604.439,4.439,0.52,0.53,0.47,0.48,0.01,0.01,75958.64,1776720602000
1776720604.782,4.782,0.5,0.51,0.49,0.5,0.01,0.01,75958.62,1776720603000
1776720605.16,5.16,0.5,0.51,0.49,0.5,0.01,0.01,75958.6,1776720604000
1776720605.57,5.57,0.5,0.51,0.49,0.5,0.01,0.01,75958.6,1776720604000
1776720606.162,6.162,0.5,0.51,0.49,0.5,0.01,0.01,75958.6,1776720604000
1776720606.603,6.603,0.5,0.51,0.49,0.5,0.01,0.01,75957.96,1776720605000
1776720606.996,6.996,0.5,0.51,0.49,0.5,0.01,0.01,75957.96,1776720605000
1776720607.492,7.492,0.5,0.51,0.49,0.5,0.01,0.01,75953.72,1776720606000
1776720608.136,8.136,0.5,0.51,0.49,0.5,0.01,0.01,75953.72,1776720606000
1776720608.47,8.47,0.5,0.51,0.49,0.5,0.01,0.01,75953.72,1776720606000
1776720608.845,8.845,0.5,0.51,0.49,0.5,0.01,0.01,75953.01,1776720607000
1776720609.209,9.209,0.5,0.51,0.49,0.5,0.01,0.01,75953.01,1776720607000
1776720609.978,9.978,0.5,0.51,0.49,0.5,0.01,0.01,75952.9,1776720608000
1776720610.35,10.35,0.49,0.5,0.49,0.5,0.01,0.01,75952.9,1776720608000
1776720610.713,10.713,0.49,0.5,0.5,0.51,0.01,0.01,75952.11,1776720609000
1776720611.171,11.171,0.48,0.49,0.51,0.52,0.01,0.01,75952.11,1776720609000
1776720611.629,11.629,0.48,0.49,0.51,0.52,0.01,0.01,75952.88,1776720610000
1776720612.048,12.048,0.48,0.49,0.51,0.52,0.01,0.01,75952.88,1776720610000
1776720612.396,12.396,0.48,0.49,0.51,0.52,0.01,0.01,75952.88,1776720611000
1776720612.763,12.763,0.48,0.49,0.51,0.52,0.01,0.01,75952.88,1776720611000
1776720613.181,13.181,0.48,0.49,0.51,0.52,0.01,0.01,75952.88,1776720612000
1776720613.567,13.567,0.48,0.49,0.51,0.52,0.01,0.01,75952.88,1776720612000
1776720613.907,13.907,0.48,0.49,0.51,0.52,0.01,0.01,75952.88,1776720612000
1776720614.269,14.269,0.48,0.49,0.51,0.52,0.01,0.01,75951.28,1776720613000
1776720614.875,14.875,0.47,0.49,0.51,0.52,0.02,0.01,75951.28,1776720613000
1776720615.22,15.22,0.47,0.48,0.52,0.53,0.01,0.01,75951.28,1776720613000
1776720615.558,15.558,0.47,0.48,0.52,0.53,0.01,0.01,75950.32,1776720614000
1776720615.916,15.916,0.47,0.48,0.52,0.53,0.01,0.01,75950.32,1776720614000
1776720616.259,16.259,0.46,0.47,0.53,0.54,0.01,0.01,75950.32,1776720615000
1776720616.866,16.866,0.46,0.47,0.53,0.54,0.01,0.01,75950.32,1776720615000
1776720617.281,17.281,0.46,0.47,0.53,0.54,0.01,0.01,75950.33,1776720616000
1776720618.017,18.017,0.45,0.47,0.53,0.54,0.02,0.01,75950.33,1776720616000
1776720618.4,18.4,0.46,0.47,0.53,0.54,0.01,0.01,75949.35,1776720617000
1776720618.765,18.765,0.45,0.46,0.54,0.55,0.01,0.01,75949.35,1776720617000
1776720619.145,19.145,0.45,0.46,0.54,0.55,0.01,0.01,75949.35,1776720617000
1776720619.489,19.489,0.45,0.46,0.54,0.55,0.01,0.01,75949.48,1776720618000
1776720620.056,20.056,0.45,0.46,0.54,0.55,0.01,0.01,75949.34,1776720619000
1776720620.616,20.616,0.45,0.46,0.54,0.55,0.01,0.01,75949.34,1776720619000
1776720621.105,21.105,0.45,0.46,0.54,0.55,0.01,0.01,75949.34,1776720619000
1776720622.138,22.138,0.45,0.46,0.54,0.55,0.01,0.01,75949.35,1776720620000
1776720622.517,22.517,0.45,0.46,0.54,0.55,0.01,0.01,75949.32,1776720621000
1776720622.898,22.898,0.45,0.46,0.54,0.55,0.01,0.01,75949.19,1776720622000
1776720623.472,23.472,0.45,0.46,0.54,0.55,0.01,0.01,75949.19,1776720622000
1776720623.935,23.935,0.45,0.46,0.54,0.55,0.01,0.01,75949.13,1776720623000
1776720624.517,24.517,0.45,0.46,0.54,0.55,0.01,0.01,75949.13,1776720623000
1776720624.875,24.875,0.45,0.46,0.54,0.55,0.01,0.01,75949.13,1776720623000
1776720625.368,25.368,0.45,0.46,0.54,0.55,0.01,0.01,75949.08,1776720624000
1776720626.122,26.122,0.45,0.46,0.54,0.55,0.01,0.01,75948.98,1776720625000
1776720626.536,26.536,0.45,0.46,0.54,0.55,0.01,0.01,75948.98,1776720625000
1776720626.982,26.982,0.45,0.46,0.54,0.55,0.01,0.01,75948.98,1776720625000
1776720627.557,27.557,0.45,0.46,0.54,0.55,0.01,0.01,75948.96,1776720626000
1776720628.14,28.14,0.45,0.46,0.54,0.55,0.01,0.01,75948.96,1776720626000
1776720628.625,28.625,0.45,0.46,0.54,0.55,0.01,0.01,75948.89,1776720627000
1776720629.112,29.112,0.45,0.46,0.54,0.55,0.01,0.01,75948.89,1776720627000
1776720630.056,30.056,0.45,0.46,0.54,0.55,0.01,0.01,75949.02,1776720629000
1776720630.49,30.49,0.45,0.46,0.54,0.55,0.01,0.01,75949.02,1776720629000
1776720631.153,31.153,0.45,0.46,0.54,0.55,0.01,0.01,75948.84,1776720630000
1776720631.651,31.651,0.44,0.46,0.54,0.55,0.02,0.01,75948.84,1776720630000
1776720632.008,32.008,0.41,0.42,0.58,0.59,0.01,0.01,75948.84,1776720630000
1776720632.397,32.397,0.39,0.41,0.59,0.61,0.02,0.02,75949.75,1776720631000
1776720632.764,32.764,0.39,0.4,0.6,0.61,0.01,0.01,75949.75,1776720631000
1776720633.116,33.116,0.38,0.39,0.61,0.62,0.01,0.01,75949.75,1776720631000
1776720633.505,33.505,0.37,0.38,0.62,0.63,0.01,0.01,75949.75,1776720631000
1776720633.964,33.964,0.36,0.38,0.62,0.64,0.02,0.02,75947.97,1776720632000
1776720634.345,34.345,0.34,0.36,0.64,0.66,0.02,0.02,75947.97,1776720632000
1776720634.681,34.681,0.32,0.33,0.67,0.68,0.01,0.01,75947.97,1776720632000
1776720635.015,35.015,0.31,0.32,0.68,0.69,0.01,0.01,75942.5,1776720633000
1776720635.352,35.352,0.3,0.31,0.69,0.7,0.01,0.01,75942.5,1776720633000
1776720635.687,35.687,0.3,0.31,0.69,0.7,0.01,0.01,75941.08,1776720634000
1776720636.225,36.225,0.29,0.3,0.7,0.71,0.01,0.01,75941.08,1776720634000
1776720636.596,36.596,0.29,0.3,0.7,0.71,0.01,0.01,75939.16,1776720635000
1776720636.955,36.955,0.29,0.3,0.7,0.71,0.01,0.01,75939.16,1776720635000
1776720637.486,37.486,0.28,0.29,0.7,0.71,0.01,0.01,75939.16,1776720635000
1776720637.834,37.834,0.28,0.29,0.71,0.72,0.01,0.01,75929.88,1776720636000
1776720638.212,38.212,0.29,0.3,0.7,0.71,0.01,0.01,75929.88,1776720636000
1776720638.603,38.603,0.29,0.3,0.7,0.71,0.01,0.01,75929.51,1776720637000
1776720638.988,38.988,0.29,0.3,0.7,0.71,0.01,0.01,75929.51,1776720637000
1776720639.342,39.342,0.29,0.3,0.7,0.71,0.01,0.01,75929.49,1776720638000
1776720639.74,39.74,0.29,0.3,0.7,0.71,0.01,0.01,75929.49,1776720638000
1776720640.257,40.257,0.29,0.3,0.7,0.71,0.01,0.01,75929.49,1776720638000
1776720640.742,40.742,0.29,0.3,0.7,0.71,0.01,0.01,75929.24,1776720639000
1776720641.089,41.089,0.29,0.3,0.7,0.71,0.01,0.01,75929.14,1776720640000
1776720641.424,41.424,0.29,0.32,0.68,0.71,0.03,0.03,75929.14,1776720640000
1776720641.761,41.761,0.3,0.31,0.69,0.7,0.01,0.01,75929.14,1776720640000
1776720642.11,42.11,0.31,0.32,0.68,0.69,0.01,0.01,75929.14,1776720640000
1776720642.45,42.45,0.31,0.32,0.68,0.69,0.01,0.01,75928.7,1776720641000
1776720642.806,42.806,0.31,0.32,0.68,0.69,0.01,0.01,75928.7,1776720641000
1776720643.152,43.152,0.31,0.32,0.68,0.69,0.01,0.01,75928.7,1776720641000
1776720643.495,43.495,0.31,0.32,0.68,0.69,0.01,0.01,75928.7,1776720641000
1776720643.916,43.916,0.31,0.32,0.68,0.69,0.01,0.01,75928.98,1776720642000
1776720644.256,44.256,0.31,0.32,0.68,0.69,0.01,0.01,75928.98,1776720643000
1776720644.615,44.615,0.32,0.33,0.67,0.68,0.01,0.01,75928.98,1776720643000
1776720644.957,44.957,0.32,0.33,0.67,0.68,0.01,0.01,75928.98,1776720643000
1776720645.358,45.358,0.32,0.33,0.67,0.68,0.01,0.01,75928.98,1776720643000
1776720645.714,45.714,0.32,0.33,0.67,0.68,0.01,0.01,75929.23,1776720644000
1776720646.124,46.124,0.32,0.33,0.67,0.68,0.01,0.01,75929.23,1776720644000
1776720646.611,46.611,0.32,0.33,0.67,0.68,0.01,0.01,75929.23,1776720645000
1776720647.038,47.038,0.32,0.33,0.67,0.68,0.01,0.01,75929.23,1776720646000
1776720647.397,47.397,0.32,0.33,0.67,0.68,0.01,0.01,75929.23,1776720646000
1776720648.121,48.121,0.32,0.33,0.67,0.68,0.01,0.01,75929.23,1776720646000
1776720648.514,48.514,0.32,0.33,0.67,0.68,0.01,0.01,75929.24,1776720647000
1776720648.88,48.88,0.32,0.33,0.67,0.68,0.01,0.01,75929.24,1776720647000
1776720649.271,49.271,0.32,0.33,0.67,0.68,0.01,0.01,75929.67,1776720648000
1776720649.846,49.846,0.32,0.33,0.67,0.68,0.01,0.01,75929.67,1776720648000
1776720650.427,50.427,0.31,0.32,0.68,0.69,0.01,0.01,75929.74,1776720649000
1776720650.768,50.768,0.31,0.32,0.68,0.69,0.01,0.01,75929.74,1776720649000
1776720651.16,51.16,0.31,0.32,0.68,0.69,0.01,0.01,75929.74,1776720649000
1776720651.53,51.53,0.32,0.34,0.67,0.68,0.02,0.01,75929.74,1776720650000
1776720651.933,51.933,0.33,0.34,0.66,0.67,0.01,0.01,75929.74,1776720650000
1776720652.385,52.385,0.33,0.34,0.66,0.67,0.01,0.01,75929.62,1776720651000
1776720652.804,52.804,0.33,0.34,0.66,0.67,0.01,0.01,75929.62,1776720651000
1776720653.214,53.214,0.33,0.34,0.66,0.67,0.01,0.01,75929.01,1776720652000
1776720653.613,53.613,0.33,0.34,0.66,0.67,0.01,0.01,75929.01,1776720652000
1776720654.056,54.056,0.33,0.34,0.66,0.67,0.01,0.01,75930.31,1776720653000
1776720654.533,54.533,0.33,0.34,0.66,0.67,0.01,0.01,75930.31,1776720653000
1776720655.092,55.092,0.33,0.34,0.66,0.67,0.01,0.01,75930.31,1776720653000
1776720655.86,55.86,0.33,0.34,0.66,0.67,0.01,0.01,75931.22,1776720654000
1776720656.349,56.349,0.33,0.34,0.66,0.67,0.01,0.01,75931.22,1776720654000
1776720657.338,57.338,0.33,0.34,0.66,0.67,0.01,0.01,75932.92,1776720655000
1776720657.802,57.802,0.33,0.34,0.66,0.67,0.01,0.01,75932.51,1776720656000
1776720658.357,58.357,0.33,0.34,0.66,0.67,0.01,0.01,75932.51,1776720657000
1776720658.845,58.845,0.33,0.34,0.66,0.67,0.01,0.01,75932.51,1776720657000
1776720659.192,59.192,0.33,0.34,0.66,0.67,0.01,0.01,75932.23,1776720658000
1776720659.53,59.53,0.33,0.34,0.66,0.67,0.01,0.01,75932.23,1776720658000
1776720659.884,59.884,0.24,0.26,0.73,0.76,0.02,0.03,75932.23,1776720658000
1776720660.225,60.225,0.24,0.25,0.75,0.76,0.01,0.01,75931.54,1776720659000
1776720660.583,60.583,0.23,0.24,0.76,0.77,0.01,0.01,75931.54,1776720659000
1776720660.921,60.921,0.23,0.24,0.76,0.77,0.01,0.01,75931.54,1776720659000
1776720661.321,61.321,0.24,0.25,0.75,0.76,0.01,0.01,75929.53,1776720660000
1776720661.703,61.703,0.24,0.25,0.75,0.76,0.01,0.01,75929.53,1776720660000
1776720662.161,62.161,0.24,0.25,0.75,0.76,0.01,0.01,75919.37,1776720661000
1776720662.702,62.702,0.24,0.25,0.75,0.76,0.01,0.01,75919.37,1776720661000
1776720663.055,63.055,0.24,0.25,0.75,0.76,0.01,0.01,75919.37,1776720661000
1776720663.628,63.628,0.23,0.25,0.75,0.76,0.02,0.01,75917.24,1776720662000
1776720664.004,64.004,0.23,0.24,0.76,0.77,0.01,0.01,75917.24,1776720662000
1776720664.34,64.34,0.23,0.24,0.76,0.77,0.01,0.01,75917.2,1776720663000
1776720664.713,64.713,0.23,0.24,0.76,0.77,0.01,0.01,75917.2,1776720663000
1776720665.14,65.14,0.23,0.24,0.76,0.77,0.01,0.01,75917.2,1776720663000
1776720665.484,65.484,0.21,0.22,0.78,0.79,0.01,0.01,75917.2,1776720663000
1776720665.92,65.92,0.19,0.2,0.79,0.81,0.01,0.02,75916.99,1776720664000
1776720666.263,66.263,0.19,0.2,0.8,0.81,0.01,0.01,75916.99,1776720665000
1776720666.601,66.601,0.17,0.18,0.82,0.83,0.01,0.01,75916.99,1776720665000
1776720667.002,67.002,0.16,0.17,0.82,0.84,0.01,0.02,75916.99,1776720665000
1776720667.4,67.4,0.16,0.17,0.83,0.84,0.01,0.01,75909.69,1776720666000
1776720667.747,67.747,0.16,0.17,0.83,0.84,0.01,0.01,75909.69,1776720666000
1776720668.172,68.172,0.16,0.17,0.83,0.84,0.01,0.01,75909.69,1776720666000
1776720668.684,68.684,0.16,0.17,0.83,0.84,0.01,0.01,75905.0,1776720667000
1776720669.148,69.148,0.16,0.17,0.83,0.84,0.01,0.01,75905.0,1776720667000
1776720669.52,69.52,0.16,0.17,0.83,0.84,0.01,0.01,75902.29,1776720668000
1776720669.868,69.868,0.14,0.15,0.85,0.86,0.01,0.01,75902.29,1776720668000
1776720670.229,70.229,0.14,0.15,0.85,0.86,0.01,0.01,75902.24,1776720669000
1776720670.599,70.599,0.13,0.14,0.86,0.87,0.01,0.01,75902.24,1776720669000
1776720670.97,70.97,0.13,0.14,0.86,0.87,0.01,0.01,75902.24,1776720669000
1776720671.371,71.371,0.13,0.14,0.86,0.87,0.01,0.01,75901.4,1776720670000
1776720671.753,71.753,0.13,0.14,0.86,0.87,0.01,0.01,75901.4,1776720670000
1776720672.099,72.099,0.1,0.12,0.88,0.89,0.02,0.01,75901.4,1776720670000
1776720672.434,72.434,0.09,0.11,0.89,0.9,0.02,0.01,75895.97,1776720671000
1776720672.845,72.845,0.08,0.09,0.91,0.92,0.01,0.01,75895.97,1776720671000
1776720673.188,73.188,0.08,0.09,0.91,0.92,0.01,0.01,75895.97,1776720671000
1776720673.643,73.643,0.08,0.09,0.91,0.92,0.01,0.01,75892.29,1776720672000
1776720674.001,74.001,0.08,0.09,0.91,0.92,0.01,0.01,75892.29,1776720672000
1776720674.428,74.428,0.08,0.09,0.91,0.92,0.01,0.01,75892.29,1776720672000
1776720674.794,74.794,0.09,0.11,0.9,0.91,0.02,0.01,75876.04,1776720673000
1776720675.151,75.151,0.1,0.11,0.89,0.9,0.01,0.01,75874.43,1776720674000
1776720675.579,75.579,0.1,0.11,0.89,0.9,0.01,0.01,75874.43,1776720674000
1776720675.927,75.927,0.1,0.11,0.89,0.9,0.01,0.01,75874.43,1776720674000
1776720676.261,76.261,0.1,0.11,0.89,0.9,0.01,0.01,75872.98,1776720675000
1776720676.774,76.774,0.1,0.11,0.89,0.9,0.01,0.01,75872.98,1776720675000
1776720677.144,77.144,0.1,0.11,0.89,0.9,0.01,0.01,75873.21,1776720676000
1776720677.559,77.559,0.1,0.11,0.89,0.9,0.01,0.01,75873.21,1776720676000
1776720677.944,77.944,0.09,0.1,0.89,0.91,0.01,0.02,75873.21,1776720676000
1776720678.52,78.52,0.09,0.1,0.9,0.91,0.01,0.01,75875.01,1776720677000
1776720679.055,79.055,0.1,0.12,0.89,0.9,0.02,0.01,75875.01,1776720677000
1776720679.439,79.439,0.11,0.12,0.88,0.89,0.01,0.01,75875.01,1776720677000
1776720679.822,79.822,0.11,0.12,0.88,0.89,0.01,0.01,75875.11,1776720678000
1776720680.374,80.374,0.09,0.1,0.88,0.91,0.01,0.03,75875.11,1776720678000
1776720680.745,80.745,0.09,0.1,0.9,0.91,0.01,0.01,75875.11,1776720678000
1776720681.194,81.194,0.09,0.1,0.9,0.91,0.01,0.01,75874.79,1776720680000
1776720681.591,81.591,0.09,0.1,0.9,0.91,0.01,0.01,75874.79,1776720680000
1776720681.981,81.981,0.09,0.1,0.9,0.91,0.01,0.01,75874.79,1776720680000
1776720682.408,82.408,0.09,0.1,0.9,0.91,0.01,0.01,75874.62,1776720681000
1776720683.259,83.259,0.09,0.1,0.9,0.91,0.01,0.01,75874.62,1776720681000
1776720683.626,83.626,0.08,0.09,0.91,0.92,0.01,0.01,75874.64,1776720682000
1776720684.094,84.094,0.08,0.09,0.91,0.92,0.01,0.01,75874.64,1776720682000
1776720684.443,84.443,0.08,0.09,0.91,0.92,0.01,0.01,75874.62,1776720683000
1776720685.074,85.074,0.08,0.09,0.91,0.92,0.01,0.01,75874.62,1776720683000
1776720685.418,85.418,0.08,0.09,0.91,0.92,0.01,0.01,75874.6,1776720684000
1776720686.143,86.143,0.1,0.11,0.89,0.9,0.01,0.01,75874.73,1776720685000
1776720686.742,86.742,0.1,0.11,0.89,0.9,0.01,0.01,75874.73,1776720685000
1776720687.33,87.33,0.1,0.12,0.88,0.9,0.02,0.02,75873.95,1776720686000
1776720687.748,87.748,0.11,0.12,0.88,0.9,0.01,0.02,75873.95,1776720686000
1776720688.168,88.168,0.11,0.12,0.88,0.89,0.01,0.01,75873.95,1776720686000
1776720688.542,88.542,0.12,0.13,0.87,0.88,0.01,0.01,75873.95,1776720686000
1776720688.909,88.909,0.12,0.13,0.87,0.88,0.01,0.01,75877.9,1776720687000
1776720689.247,89.247,0.12,0.13,0.87,0.88,0.01,0.01,75878.08,1776720688000
1776720689.597,89.597,0.12,0.13,0.87,0.88,0.01,0.01,75878.08,1776720688000
1776720689.962,89.962,0.12,0.13,0.87,0.88,0.01,0.01,75878.08,1776720688000
1776720690.321,90.321,0.12,0.13,0.87,0.88,0.01,0.01,75878.06,1776720689000
1776720690.702,90.702,0.12,0.13,0.87,0.88,0.01,0.01,75878.06,1776720689000
1776720691.133,91.133,0.12,0.13,0.87,0.88,0.01,0.01,75878.06,1776720689000
1776720691.607,91.607,0.12,0.13,0.87,0.88,0.01,0.01,75878.06,1776720690000
1776720692.148,92.148,0.12,0.13,0.87,0.88,0.01,0.01,75878.06,1776720690000
1776720692.526,92.526,0.12,0.13,0.87,0.88,0.01,0.01,75878.05,1776720691000
1776720693.414,93.414,0.12,0.13,0.87,0.88,0.01,0.01,75878.05,1776720691000
1776720693.833,93.833,0.12,0.13,0.87,0.88,0.01,0.01,75878.11,1776720692000
1776720694.272,94.272,0.12,0.13,0.87,0.88,0.01,0.01,75878.13,1776720693000
1776720694.615,94.615,0.12,0.13,0.87,0.88,0.01,0.01,75878.13,1776720693000
1776720695.139,95.139,0.12,0.13,0.87,0.88,0.01,0.01,75878.13,1776720693000
1776720695.507,95.507,0.12,0.13,0.87,0.88,0.01,0.01,75880.24,1776720694000
1776720695.938,95.938,0.13,0.14,0.86,0.87,0.01,0.01,75880.24,1776720694000
1776720696.275,96.275,0.13,0.14,0.86,0.87,0.01,0.01,75880.44,1776720695000
1776720696.697,96.697,0.12,0.13,0.87,0.88,0.01,0.01,75880.44,1776720695000
1776720697.443,97.443,0.12,0.13,0.87,0.88,0.01,0.01,75880.44,1776720695000
1776720697.84,97.84,0.11,0.12,0.88,0.89,0.01,0.01,75880.45,1776720696000
1776720698.367,98.367,0.1,0.11,0.89,0.9,0.01,0.01,75880.45,1776720696000
1776720698.742,98.742,0.1,0.11,0.89,0.9,0.01,0.01,75880.33,1776720697000
1776720699.101,99.101,0.1,0.11,0.89,0.9,0.01,0.01,75880.33,1776720697000
1776720699.438,99.438,0.1,0.11,0.89,0.9,0.01,0.01,75880.33,1776720698000
1776720699.857,99.857,0.08,0.11,0.89,0.9,0.03,0.01,75880.33,1776720698000
1776720700.325,100.325,0.09,0.1,0.9,0.91,0.01,0.01,75880.33,1776720698000
1776720700.718,100.718,0.09,0.1,0.9,0.91,0.01,0.01,75877.35,1776720699000
1776720701.124,101.124,0.06,0.07,0.93,0.94,0.01,0.01,75877.35,1776720699000
1776720701.729,101.729,0.06,0.07,0.93,0.94,0.01,0.01,75878.88,1776720700000
1776720702.074,102.074,0.05,0.06,0.94,0.95,0.01,0.01,75878.88,1776720700000
1776720702.417,102.417,0.05,0.06,0.94,0.95,0.01,0.01,75878.88,1776720700000
1776720702.75,102.75,0.05,0.06,0.94,0.95,0.01,0.01,75876.55,1776720701000
1776720703.099,103.099,0.05,0.06,0.94,0.95,0.01,0.01,75876.55,1776720701000
1776720703.605,103.605,0.05,0.06,0.94,0.95,0.01,0.01,75869.41,1776720702000
1776720704.043,104.043,0.05,0.06,0.94,0.95,0.01,0.01,75869.41,1776720702000
1776720704.416,104.416,0.05,0.06,0.94,0.95,0.01,0.01,75859.54,1776720703000
1776720704.768,104.768,0.05,0.06,0.94,0.95,0.01,0.01,75859.54,1776720703000
1776720705.113,105.113,0.04,0.05,0.95,0.96,0.01,0.01,75859.54,1776720703000
1776720705.463,105.463,0.04,0.05,0.95,0.96,0.01,0.01,75859.54,1776720703000
1776720705.864,105.864,0.04,0.08,0.95,0.96,0.04,0.01,75855.85,1776720704000
1776720706.22,106.22,0.06,0.07,0.93,0.94,0.01,0.01,75855.85,1776720704000
1776720706.599,106.599,0.06,0.07,0.93,0.94,0.01,0.01,75855.7,1776720705000
1776720707.064,107.064,0.07,0.08,0.92,0.93,0.01,0.01,75855.7,1776720705000
1776720707.537,107.537,0.07,0.08,0.92,0.93,0.01,0.01,75855.7,1776720705000
1776720708.096,108.096,0.06,0.07,0.93,0.94,0.01,0.01,75848.97,1776720706000
1776720708.43,108.43,0.06,0.08,0.92,0.94,0.02,0.02,75850.84,1776720707000
1776720708.832,108.832,0.06,0.08,0.92,0.93,0.02,0.01,75850.84,1776720707000
1776720709.28,109.28,0.06,0.07,0.91,0.94,0.01,0.03,75853.81,1776720708000
1776720709.682,109.682,0.06,0.07,0.93,0.94,0.01,0.01,75853.81,1776720708000
1776720710.036,110.036,0.06,0.07,0.93,0.94,0.01,0.01,75853.81,1776720708000
1776720710.399,110.399,0.06,0.07,0.93,0.94,0.01,0.01,75853.81,1776720708000
1776720710.739,110.739,0.06,0.07,0.93,0.94,0.01,0.01,75856.18,1776720709000
1776720711.327,111.327,0.06,0.07,0.93,0.94,0.01,0.01,75856.18,1776720709000
1776720711.74,111.74,0.06,0.07,0.93,0.94,0.01,0.01,75856.06,1776720710000
1776720712.105,112.105,0.06,0.07,0.93,0.94,0.01,0.01,75856.06,1776720710000
1776720712.448,112.448,0.05,0.06,0.94,0.95,0.01,0.01,75856.06,1776720710000
1776720712.825,112.825,0.05,0.06,0.94,0.95,0.01,0.01,75853.66,1776720711000
1776720713.185,113.185,0.05,0.06,0.94,0.95,0.01,0.01,75849.77,1776720712000
1776720714.329,114.329,0.06,0.07,0.93,0.94,0.01,0.01,75846.76,1776720713000
1776720714.697,114.697,0.06,0.07,0.93,0.94,0.01,0.01,75846.76,1776720713000
1776720715.098,115.098,0.06,0.07,0.93,0.95,0.01,0.02,75846.76,1776720713000
1776720715.465,115.465,0.06,0.07,0.93,0.94,0.01,0.01,75848.57,1776720714000
1776720715.831,115.831,0.05,0.06,0.94,0.95,0.01,0.01,75848.57,1776720714000
1776720716.467,116.467,0.06,0.07,0.93,0.95,0.01,0.02,75849.3,1776720715000
1776720716.905,116.905,0.06,0.07,0.93,0.94,0.01,0.01,75849.3,1776720715000
1776720717.282,117.282,0.06,0.07,0.93,0.94,0.01,0.01,75848.63,1776720716000
1776720717.749,117.749,0.05,0.06,0.94,0.95,0.01,0.01,75848.63,1776720716000
1776720718.312,118.312,0.05,0.06,0.94,0.95,0.01,0.01,75847.72,1776720717000
1776720718.831,118.831,0.05,0.06,0.94,0.95,0.01,0.01,75847.72,1776720717000
1776720719.545,119.545,0.05,0.06,0.94,0.95,0.01,0.01,75844.39,1776720718000
1776720720.044,120.044,0.04,0.05,0.95,0.96,0.01,0.01,75844.39,1776720718000
1776720720.397,120.397,0.04,0.05,0.95,0.96,0.01,0.01,75841.6,1776720719000
1776720720.743,120.743,0.04,0.05,0.95,0.96,0.01,0.01,75841.6,1776720719000
1776720721.079,121.079,0.04,0.07,0.95,0.96,0.03,0.01,75841.6,1776720719000
1776720721.434,121.434,0.05,0.06,0.95,0.96,0.01,0.01,75839.04,1776720720000
1776720721.889,121.889,0.05,0.06,0.94,0.95,0.01,0.01,75839.04,1776720720000
1776720722.29,122.29,0.04,0.05,0.94,0.95,0.01,0.01,75839.04,1776720720000
1776720722.631,122.631,0.04,0.05,0.95,0.96,0.01,0.01,75837.38,1776720721000
1776720723.024,123.024,0.04,0.05,0.95,0.96,0.01,0.01,75837.38,1776720721000
1776720723.399,123.399,0.04,0.05,0.95,0.96,0.01,0.01,75838.7,1776720722000
1776720723.789,123.789,0.04,0.05,0.95,0.96,0.01,0.01,75838.7,1776720722000
1776720724.138,124.138,0.04,0.05,0.95,0.96,0.01,0.01,75839.65,1776720723000
1776720724.587,124.587,0.03,0.04,0.95,0.96,0.01,0.01,75839.65,1776720723000
1776720724.975,124.975,0.03,0.04,0.96,0.97,0.01,0.01,75839.65,1776720723000
1776720725.427,125.427,0.03,0.04,0.96,0.97,0.01,0.01,75838.56,1776720724000
1776720725.962,125.962,0.03,0.04,0.96,0.97,0.01,0.01,75838.56,1776720724000
1776720726.453,126.453,0.03,0.04,0.96,0.97,0.01,0.01,75838.56,1776720724000
1776720726.81,126.81,0.03,0.04,0.96,0.97,0.01,0.01,75837.4,1776720725000
1776720727.303,127.303,0.03,0.04,0.96,0.97,0.01,0.01,75837.4,1776720726000
1776720727.639,127.639,0.03,0.04,0.96,0.97,0.01,0.01,75837.4,1776720726000
1776720728.03,128.03,0.03,0.04,0.96,0.97,0.01,0.01,75837.4,1776720726000
1776720728.689,128.689,0.03,0.04,0.96,0.97,0.01,0.01,75833.15,1776720727000
1776720729.243,129.243,0.03,0.04,0.96,0.97,0.01,0.01,75829.82,1776720728000
1776720729.605,129.605,0.03,0.04,0.96,0.97,0.01,0.01,75829.82,1776720728000
1776720730.114,130.114,0.03,0.04,0.96,0.97,0.01,0.01,75829.82,1776720728000
1776720730.45,130.45,0.03,0.04,0.96,0.97,0.01,0.01,75828.53,1776720729000
1776720730.802,130.802,0.03,0.04,0.96,0.97,0.01,0.01,75828.53,1776720729000
1776720731.153,131.153,0.03,0.04,0.96,0.97,0.01,0.01,75828.53,1776720729000
1776720731.545,131.545,0.03,0.04,0.96,0.97,0.01,0.01,75829.34,1776720730000
1776720732.222,132.222,0.03,0.04,0.96,0.97,0.01,0.01,75824.09,1776720731000
1776720732.861,132.861,0.03,0.04,0.96,0.97,0.01,0.01,75824.09,1776720731000
1776720733.354,133.354,0.03,0.04,0.96,0.97,0.01,0.01,75816.15,1776720732000
1776720733.727,133.727,0.03,0.04,0.96,0.97,0.01,0.01,75816.15,1776720732000
1776720734.195,134.195,0.03,0.04,0.96,0.97,0.01,0.01,75815.42,1776720733000
1776720734.587,134.587,0.03,0.04,0.96,0.97,0.01,0.01,75815.42,1776720733000
1776720735.208,135.208,0.02,0.04,0.96,0.97,0.02,0.01,75815.42,1776720733000
1776720735.607,135.607,0.02,0.03,0.97,0.98,0.01,0.01,75818.13,1776720734000
1776720736.105,136.105,0.02,0.04,0.97,0.98,0.02,0.01,75818.13,1776720734000
1776720736.968,136.968,0.03,0.04,0.96,0.97,0.01,0.01,75820.34,1776720735000
1776720738.007,138.007,0.03,0.04,0.96,0.97,0.01,0.01,75819.4,1776720736000
1776720738.534,138.534,0.03,0.04,0.96,0.97,0.01,0.01,75819.34,1776720737000
1776720739.78,139.78,0.03,0.04,0.96,0.97,0.01,0.01,75819.73,1776720738000
1776720740.257,140.257,0.03,0.04,0.96,0.97,0.01,0.01,75819.73,1776720739000
1776720740.592,140.592,0.03,0.04,0.96,0.97,0.01,0.01,75819.73,1776720739000
1776720741.189,141.189,0.03,0.04,0.96,0.97,0.01,0.01,75820.86,1776720740000
1776720741.685,141.685,0.03,0.04,0.96,0.97,0.01,0.01,75820.86,1776720740000
1776720742.185,142.185,0.03,0.04,0.96,0.97,0.01,0.01,75820.86,1776720740000
1776720742.613,142.613,0.03,0.04,0.96,0.97,0.01,0.01,75820.86,1776720741000
1776720743.045,143.045,0.03,0.04,0.96,0.97,0.01,0.01,75820.86,1776720741000
1776720743.481,143.481,0.03,0.04,0.96,0.97,0.01,0.01,75820.86,1776720742000
1776720744.147,144.147,0.03,0.04,0.96,0.97,0.01,0.01,75819.59,1776720743000
1776720744.898,144.898,0.03,0.04,0.96,0.97,0.01,0.01,75819.59,1776720743000
1776720745.445,145.445,0.03,0.04,0.96,0.97,0.01,0.01,75819.21,1776720744000
1776720745.818,145.818,0.03,0.04,0.96,0.97,0.01,0.01,75819.21,1776720744000
1776720746.439,146.439,0.03,0.04,0.96,0.97,0.01,0.01,75819.21,1776720745000
1776720746.897,146.897,0.03,0.04,0.96,0.97,0.01,0.01,75819.21,1776720745000
1776720747.402,147.402,0.03,0.04,0.96,0.97,0.01,0.01,75816.43,1776720746000
1776720747.854,147.854,0.03,0.04,0.96,0.97,0.01,0.01,75816.43,1776720746000
1776720748.612,148.612,0.03,0.04,0.96,0.97,0.01,0.01,75817.91,1776720747000
1776720749.006,149.006,0.03,0.04,0.96,0.97,0.01,0.01,75817.91,1776720747000
1776720749.577,149.577,0.03,0.04,0.96,0.97,0.01,0.01,75819.13,1776720748000
1776720750.077,150.077,0.03,0.04,0.96,0.97,0.01,0.01,75820.02,1776720749000
1776720750.432,150.432,0.03,0.04,0.96,0.97,0.01,0.01,75820.02,1776720749000
1776720750.812,150.812,0.03,0.04,0.96,0.97,0.01,0.01,75820.02,1776720749000
1776720751.378,151.378,0.03,0.04,0.96,0.97,0.01,0.01,75820.01,1776720750000
1776720751.74,151.74,0.03,0.04,0.96,0.97,0.01,0.01,75820.01,1776720750000
1776720752.229,152.229,0.03,0.04,0.96,0.97,0.01,0.01,75820.01,1776720750000
1776720752.638,152.638,0.03,0.04,0.96,0.97,0.01,0.01,75820.01,1776720751000
1776720753.197,153.197,0.03,0.04,0.96,0.97,0.01,0.01,75820.0,1776720752000
1776720753.687,153.687,0.03,0.04,0.96,0.97,0.01,0.01,75820.0,1776720752000
1776720754.797,154.797,0.03,0.04,0.96,0.97,0.01,0.01,75821.3,1776720753000
1776720755.426,155.426,0.03,0.04,0.96,0.97,0.01,0.01,75821.99,1776720754000
1776720756.242,156.242,0.03,0.04,0.96,0.97,0.01,0.01,75823.87,1776720755000
1776720756.641,156.641,0.03,0.04,0.96,0.97,0.01,0.01,75823.87,1776720755000
1776720757.028,157.028,0.03,0.04,0.96,0.97,0.01,0.01,75823.87,1776720755000
1776720757.396,157.396,0.03,0.04,0.96,0.97,0.01,0.01,75827.56,1776720756000
1776720757.742,157.742,0.03,0.04,0.96,0.97,0.01,0.01,75827.56,1776720756000
1776720758.194,158.194,0.03,0.04,0.96,0.97,0.01,0.01,75825.81,1776720757000
1776720758.585,158.585,0.03,0.04,0.96,0.97,0.01,0.01,75825.81,1776720757000
1776720759.032,159.032,0.03,0.04,0.96,0.97,0.01,0.01,75825.81,1776720757000
1776720759.495,159.495,0.03,0.04,0.96,0.97,0.01,0.01,75826.83,1776720758000
1776720759.928,159.928,0.03,0.04,0.96,0.97,0.01,0.01,75826.83,1776720758000
1776720760.443,160.443,0.03,0.04,0.96,0.97,0.01,0.01,75826.49,1776720759000
1776720760.819,160.819,0.03,0.04,0.96,0.97,0.01,0.01,75826.49,1776720759000
1776720761.172,161.172,0.03,0.04,0.96,0.97,0.01,0.01,75825.57,1776720760000
1776720761.536,161.536,0.03,0.04,0.96,0.97,0.01,0.01,75825.57,1776720760000
1776720761.947,161.947,0.03,0.04,0.96,0.97,0.01,0.01,75825.57,1776720760000
1776720762.875,162.875,0.03,0.04,0.96,0.97,0.01,0.01,75826.37,1776720761000
1776720763.48,163.48,0.03,0.04,0.96,0.97,0.01,0.01,75827.61,1776720762000
1776720763.814,163.814,0.03,0.04,0.96,0.97,0.01,0.01,75827.61,1776720762000
1776720764.204,164.204,0.03,0.04,0.96,0.97,0.01,0.01,75827.61,1776720762000
1776720765.181,165.181,0.03,0.04,0.96,0.97,0.01,0.01,75832.69,1776720764000
1776720766.354,166.354,0.03,0.04,0.96,0.97,0.01,0.01,75835.01,1776720765000
1776720766.812,166.812,0.03,0.04,0.96,0.97,0.01,0.01,75835.01,1776720765000
1776720767.4,167.4,0.03,0.04,0.96,0.97,0.01,0.01,75834.95,1776720766000
1776720767.736,167.736,0.03,0.04,0.96,0.97,0.01,0.01,75834.95,1776720766000
1776720768.209,168.209,0.03,0.04,0.96,0.97,0.01,0.01,75833.94,1776720767000
1776720768.778,168.778,0.04,0.05,0.95,0.97,0.01,0.02,75833.94,1776720767000
1776720769.132,169.132,0.04,0.05,0.95,0.96,0.01,0.01,75833.94,1776720767000
1776720769.647,169.647,0.04,0.05,0.95,0.96,0.01,0.01,75834.15,1776720768000
1776720770.282,170.282,0.04,0.05,0.95,0.96,0.01,0.01,75834.15,1776720768000
1776720770.732,170.732,0.04,0.05,0.95,0.96,0.01,0.01,75837.11,1776720769000
1776720771.123,171.123,0.04,0.05,0.95,0.96,0.01,0.01,75837.11,1776720769000
1776720771.513,171.513,0.04,0.05,0.95,0.96,0.01,0.01,75837.11,1776720769000
1776720771.92,171.92,0.04,0.05,0.95,0.96,0.01,0.01,75837.6,1776720770000
1776720772.484,172.484,0.04,0.05,0.95,0.96,0.01,0.01,75843.08,1776720771000
1776720773.058,173.058,0.04,0.05,0.95,0.96,0.01,0.01,75843.08,1776720771000
1776720773.471,173.471,0.04,0.05,0.95,0.96,0.01,0.01,75842.8,1776720772000
1776720773.92,173.92,0.04,0.05,0.95,0.96,0.01,0.01,75843.24,1776720773000
1776720774.472,174.472,0.04,0.05,0.95,0.96,0.01,0.01,75843.24,1776720773000
1776720774.827,174.827,0.04,0.05,0.95,0.96,0.01,0.01,75843.24,1776720773000
1776720775.203,175.203,0.04,0.05,0.95,0.97,0.01,0.02,75843.24,1776720773000
1776720775.737,175.737,0.04,0.05,0.95,0.96,0.01,0.01,75843.63,1776720774000
1776720776.27,176.27,0.04,0.05,0.95,0.96,0.01,0.01,75846.3,1776720775000
1776720777.231,177.231,0.04,0.05,0.95,0.96,0.01,0.01,75846.3,1776720775000
1776720777.849,177.849,0.04,0.05,0.95,0.96,0.01,0.01,75848.0,1776720776000
1776720778.224,178.224,0.04,0.05,0.95,0.96,0.01,0.01,75847.67,1776720777000
1776720779.058,179.058,0.04,0.05,0.95,0.96,0.01,0.01,75847.67,1776720778000
1776720779.513,179.513,0.04,0.05,0.95,0.96,0.01,0.01,75847.67,1776720778000
1776720779.858,179.858,0.04,0.05,0.95,0.96,0.01,0.01,75847.67,1776720778000
1776720780.314,180.314,0.04,0.05,0.95,0.96,0.01,0.01,75847.67,1776720778000
1776720780.771,180.771,0.03,0.04,0.96,0.97,0.01,0.01,75847.65,1776720779000
1776720781.131,181.131,0.03,0.04,0.96,0.97,0.01,0.01,75850.69,1776720780000
1776720781.466,181.466,0.03,0.04,0.96,0.97,0.01,0.01,75850.69,1776720780000
1776720781.849,181.849,0.02,0.04,0.96,0.97,0.02,0.01,75850.69,1776720780000
1776720782.218,182.218,0.02,0.03,0.97,0.98,0.01,0.01,75850.69,1776720780000
1776720782.83,182.83,0.02,0.03,0.97,0.98,0.01,0.01,75850.69,1776720780000
1776720783.302,183.302,0.02,0.03,0.97,0.98,0.01,0.01,75849.26,1776720781000
1776720783.738,183.738,0.02,0.03,0.97,0.98,0.01,0.01,75850.76,1776720782000
1776720784.089,184.089,0.02,0.03,0.97,0.98,0.01,0.01,75850.76,1776720782000
1776720784.482,184.482,0.02,0.03,0.97,0.98,0.01,0.01,75849.38,1776720783000
1776720784.887,184.887,0.02,0.04,0.97,0.98,0.02,0.01,75849.38,1776720783000
1776720785.302,185.302,0.03,0.04,0.96,0.97,0.01,0.01,75850.98,1776720784000
1776720785.695,185.695,0.04,0.05,0.95,0.96,0.01,0.01,75850.98,1776720784000
1776720786.062,186.062,0.04,0.05,0.95,0.96,0.01,0.01,75852.3,1776720785000
1776720786.496,186.496,0.04,0.05,0.95,0.96,0.01,0.01,75852.3,1776720785000
1776720787.132,187.132,0.05,0.06,0.94,0.95,0.01,0.01,75852.3,1776720785000
1776720787.517,187.517,0.05,0.06,0.94,0.95,0.01,0.01,75856.3,1776720786000
1776720787.977,187.977,0.05,0.06,0.94,0.95,0.01,0.01,75856.3,1776720786000
1776720788.717,188.717,0.04,0.05,0.94,0.95,0.01,0.01,75861.74,1776720787000
1776720789.132,189.132,0.04,0.05,0.95,0.96,0.01,0.01,75861.74,1776720787000
1776720789.533,189.533,0.04,0.05,0.95,0.96,0.01,0.01,75862.4,1776720788000
1776720789.915,189.915,0.04,0.05,0.95,0.96,0.01,0.01,75862.4,1776720788000
1776720790.26,190.26,0.04,0.05,0.95,0.96,0.01,0.01,75862.48,1776720789000
1776720790.624,190.624,0.04,0.05,0.95,0.96,0.01,0.01,75862.48,1776720789000
1776720790.992,190.992,0.04,0.05,0.95,0.96,0.01,0.01,75862.48,1776720789000
1776720791.379,191.379,0.04,0.05,0.95,0.96,0.01,0.01,75862.48,1776720789000
1776720792.121,192.121,0.03,0.04,0.96,0.97,0.01,0.01,75863.84,1776720790000
1776720792.554,192.554,0.03,0.04,0.96,0.97,0.01,0.01,75863.78,1776720791000
1776720792.91,192.91,0.03,0.04,0.96,0.97,0.01,0.01,75863.78,1776720791000
1776720793.379,193.379,0.03,0.04,0.96,0.97,0.01,0.01,75863.38,1776720792000
1776720793.951,193.951,0.03,0.04,0.96,0.97,0.01,0.01,75863.38,1776720792000
1776720794.54,194.54,0.03,0.04,0.96,0.97,0.01,0.01,75863.95,1776720793000
1776720795.116,195.116,0.03,0.04,0.96,0.97,0.01,0.01,75863.83,1776720794000
1776720795.542,195.542,0.03,0.04,0.96,0.97,0.01,0.01,75863.83,1776720794000
1776720796.046,196.046,0.03,0.04,0.96,0.97,0.01,0.01,75863.83,1776720794000
1776720796.454,196.454,0.03,0.04,0.96,0.97,0.01,0.01,75863.83,1776720794000
1776720796.864,196.864,0.03,0.05,0.95,0.97,0.02,0.02,75861.92,1776720795000
1776720797.357,197.357,0.04,0.05,0.95,0.97,0.01,0.02,75864.35,1776720796000
1776720797.743,197.743,0.04,0.05,0.95,0.96,0.01,0.01,75864.35,1776720796000
1776720798.157,198.157,0.04,0.05,0.95,0.96,0.01,0.01,75864.35,1776720796000
1776720798.525,198.525,0.04,0.05,0.95,0.96,0.01,0.01,75864.38,1776720797000
1776720798.923,198.923,0.04,0.05,0.95,0.96,0.01,0.01,75864.38,1776720797000
1776720799.354,199.354,0.04,0.05,0.95,0.96,0.01,0.01,75864.39,1776720798000
1776720799.691,199.691,0.04,0.05,0.95,0.96,0.01,0.01,75864.39,1776720798000
1776720800.077,200.077,0.04,0.05,0.95,0.96,0.01,0.01,75864.39,1776720799000
1776720800.482,200.482,0.04,0.05,0.95,0.96,0.01,0.01,75864.39,1776720799000
1776720800.975,200.975,0.04,0.05,0.95,0.96,0.01,0.01,75864.19,1776720800000
1776720801.325,201.325,0.04,0.05,0.95,0.96,0.01,0.01,75864.19,1776720800000
1776720802.09,202.09,0.04,0.05,0.95,0.96,0.01,0.01,75864.19,1776720800000
1776720802.61,202.61,0.04,0.05,0.95,0.96,0.01,0.01,75864.11,1776720801000
1776720802.95,202.95,0.03,0.04,0.96,0.97,0.01,0.01,75864.11,1776720801000
1776720803.301,203.301,0.02,0.04,0.96,0.98,0.02,0.02,75862.7,1776720802000
1776720803.934,203.934,0.02,0.03,0.96,0.98,0.01,0.02,75862.7,1776720802000
1776720804.317,204.317,0.02,0.03,0.97,0.98,0.01,0.01,75862.7,1776720802000
1776720804.911,204.911,0.02,0.03,0.97,0.98,0.01,0.01,75854.07,1776720803000
1776720805.339,205.339,0.02,0.03,0.97,0.98,0.01,0.01,75843.72,1776720804000
1776720805.914,205.914,0.02,0.03,0.97,0.98,0.01,0.01,75843.72,1776720804000
1776720806.32,206.32,0.02,0.04,0.97,0.98,0.02,0.01,75841.29,1776720805000
1776720806.817,206.817,0.02,0.03,0.97,0.98,0.01,0.01,75841.29,1776720805000
1776720807.235,207.235,0.02,0.03,0.97,0.98,0.01,0.01,75837.12,1776720806000
1776720807.853,207.853,0.02,0.03,0.97,0.98,0.01,0.01,75837.12,1776720806000
1776720808.329,208.329,0.02,0.03,0.97,0.98,0.01,0.01,75835.98,1776720807000
1776720808.755,208.755,0.02,0.03,0.97,0.98,0.01,0.01,75835.98,1776720807000
1776720809.231,209.231,0.02,0.03,0.97,0.98,0.01,0.01,75835.98,1776720808000
1776720809.623,209.623,0.02,0.03,0.97,0.98,0.01,0.01,75835.98,1776720808000
1776720809.964,209.964,0.02,0.03,0.97,0.98,0.01,0.01,75835.98,1776720808000
1776720810.338,210.338,0.02,0.03,0.97,0.98,0.01,0.01,75835.83,1776720809000
1776720810.696,210.696,0.02,0.03,0.97,0.98,0.01,0.01,75835.83,1776720809000
1776720811.029,211.029,0.02,0.03,0.97,0.98,0.01,0.01,75835.83,1776720809000
1776720811.474,211.474,0.02,0.03,0.97,0.99,0.01,0.02,75835.72,1776720810000
1776720811.808,211.808,0.01,0.02,0.98,0.99,0.01,0.01,75835.72,1776720810000
1776720812.203,212.203,0.02,0.03,0.98,0.99,0.01,0.01,75835.72,1776720811000
1776720812.604,212.604,0.02,0.03,0.97,0.98,0.01,0.01,75835.72,1776720811000
1776720813.005,213.005,0.01,0.02,0.98,0.99,0.01,0.01,75835.72,1776720811000
1776720813.38,213.38,0.01,0.02,0.98,0.99,0.01,0.01,75835.26,1776720812000
1776720813.762,213.762,0.01,0.02,0.98,0.99,0.01,0.01,75835.26,1776720812000
1776720814.128,214.128,0.01,0.02,0.98,0.99,0.01,0.01,75835.8,1776720813000
1776720814.52,214.52,0.01,0.02,0.98,0.99,0.01,0.01,75835.8,1776720813000
1776720814.879,214.879,0.01,0.02,0.98,0.99,0.01,0.01,75835.8,1776720813000
1776720815.333,215.333,0.01,0.02,0.98,0.99,0.01,0.01,75839.49,1776720814000
1776720815.676,215.676,0.01,0.02,0.98,0.99,0.01,0.01,75839.49,1776720814000
1776720816.122,216.122,0.01,0.02,0.98,0.99,0.01,0.01,75839.49,1776720814000
1776720816.597,216.597,0.01,0.02,0.98,0.99,0.01,0.01,75839.84,1776720815000
1776720817.044,217.044,0.01,0.02,0.98,0.99,0.01,0.01,75839.84,1776720815000
1776720817.545,217.545,0.01,0.02,0.98,0.99,0.01,0.01,75841.4,1776720816000
1776720818.053,218.053,0.01,0.02,0.98,0.99,0.01,0.01,75842.54,1776720817000
1776720818.571,218.571,0.01,0.02,0.98,0.99,0.01,0.01,75842.54,1776720817000
1776720819.071,219.071,0.01,0.02,0.98,0.99,0.01,0.01,75842.54,1776720817000
1776720819.434,219.434,0.01,0.02,0.98,0.99,0.01,0.01,75843.36,1776720818000
1776720819.826,219.826,0.01,0.02,0.98,0.99,0.01,0.01,75843.36,1776720818000
1776720820.176,220.176,0.01,0.02,0.98,0.99,0.01,0.01,75845.52,1776720819000
1776720820.525,220.525,0.02,0.04,0.96,0.98,0.02,0.02,75845.52,1776720819000
1776720820.873,220.873,0.03,0.04,0.96,0.97,0.01,0.01,75845.52,1776720819000
1776720821.237,221.237,0.03,0.04,0.96,0.97,0.01,0.01,75849.93,1776720820000
1776720821.575,221.575,0.03,0.04,0.96,0.97,0.01,0.01,75849.93,1776720820000
1776720822.015,222.015,0.03,0.04,0.96,0.97,0.01,0.01,75849.93,1776720820000
1776720822.381,222.381,0.03,0.04,0.96,0.97,0.01,0.01,75854.33,1776720821000
1776720822.9,222.9,0.03,0.04,0.96,0.97,0.01,0.01,75854.33,1776720821000
1776720823.435,223.435,0.03,0.04,0.96,0.97,0.01,0.01,75854.99,1776720822000
1776720823.889,223.889,0.03,0.04,0.96,0.97,0.01,0.01,75854.99,1776720822000
1776720824.311,224.311,0.03,0.04,0.96,0.97,0.01,0.01,75855.01,1776720823000
1776720824.69,224.69,0.03,0.04,0.96,0.97,0.01,0.01,75855.01,1776720823000
1776720825.086,225.086,0.03,0.04,0.96,0.97,0.01,0.01,75855.01,1776720823000
1776720825.521,225.521,0.03,0.04,0.96,0.97,0.01,0.01,75855.01,1776720823000
1776720825.925,225.925,0.03,0.04,0.96,0.98,0.01,0.02,75856.84,1776720824000
1776720826.412,226.412,0.03,0.04,0.96,0.97,0.01,0.01,75856.96,1776720825000
1776720826.959,226.959,0.03,0.05,0.95,0.97,0.02,0.02,75859.36,1776720826000
1776720827.574,227.574,0.03,0.04,0.96,0.97,0.01,0.01,75859.36,1776720826000
1776720827.91,227.91,0.03,0.04,0.96,0.97,0.01,0.01,75859.36,1776720826000
1776720828.376,228.376,0.02,0.04,0.96,0.97,0.02,0.01,75858.41,1776720827000
1776720828.839,228.839,0.02,0.04,0.96,0.98,0.02,0.02,75858.41,1776720827000
1776720829.243,229.243,0.03,0.04,0.96,0.98,0.01,0.02,75858.41,1776720827000
1776720829.715,229.715,0.02,0.03,0.96,0.98,0.01,0.02,75858.14,1776720828000
1776720830.207,230.207,0.02,0.03,0.97,0.98,0.01,0.01,75858.34,1776720829000
1776720830.646,230.646,0.02,0.03,0.97,0.98,0.01,0.01,75858.34,1776720829000
1776720831.042,231.042,0.02,0.03,0.97,0.98,0.01,0.01,75858.34,1776720829000
1776720831.376,231.376,0.02,0.03,0.97,0.98,0.01,0.01,75858.29,1776720830000
1776720831.778,231.778,0.01,0.02,0.97,0.99,0.01,0.02,75858.29,1776720830000
1776720832.148,232.148,0.01,0.02,0.98,0.99,0.01,0.01,75860.93,1776720831000
1776720832.665,232.665,0.01,0.02,0.98,0.99,0.01,0.01,75860.93,1776720831000
1776720833.348,233.348,0.01,0.02,0.98,0.99,0.01,0.01,75863.21,1776720832000
1776720833.929,233.929,0.01,0.02,0.98,0.99,0.01,0.01,75863.21,1776720832000
1776720834.345,234.345,0.01,0.02,0.98,0.99,0.01,0.01,75863.19,1776720833000
1776720834.822,234.822,0.01,0.02,0.98,0.99,0.01,0.01,75863.19,1776720833000
1776720835.358,235.358,0.01,0.02,0.98,0.99,0.01,0.01,75863.19,1776720834000
1776720836.018,236.018,0.01,0.02,0.98,0.99,0.01,0.01,75863.19,1776720834000
1776720836.388,236.388,0.01,0.02,0.98,0.99,0.01,0.01,75863.11,1776720835000
1776720837.191,237.191,0.01,0.02,0.98,0.99,0.01,0.01,75863.45,1776720836000
1776720837.805,237.805,0.01,0.02,0.98,0.99,0.01,0.01,75863.45,1776720836000
1776720838.344,238.344,0.01,0.02,0.98,0.99,0.01,0.01,75863.45,1776720836000
1776720838.878,238.878,0.01,0.02,0.98,0.99,0.01,0.01,75863.52,1776720837000
1776720839.236,239.236,0.01,0.02,0.98,0.99,0.01,0.01,75863.6,1776720838000
1776720839.585,239.585,0.01,0.02,0.98,0.99,0.01,0.01,75863.6,1776720838000
1776720840.01,240.01,0.01,0.02,0.98,0.99,0.01,0.01,75863.6,1776720838000
1776720840.352,240.352,0.01,0.02,0.98,0.99,0.01,0.01,75863.6,1776720838000
1776720840.849,240.849,0.01,0.02,0.98,0.99,0.01,0.01,75863.6,1776720839000
1776720841.286,241.286,0.02,0.04,0.97,0.99,0.02,0.02,75863.6,1776720840000
1776720841.751,241.751,0.02,0.03,0.97,0.98,0.01,0.01,75863.6,1776720840000
1776720842.13,242.13,0.02,0.03,0.97,0.98,0.01,0.01,75863.58,1776720841000
1776720842.472,242.472,0.01,0.05,0.95,0.96,0.04,0.01,75863.58,1776720841000
1776720842.86,242.86,0.02,0.03,0.97,0.98,0.01,0.01,75863.58,1776720841000
1776720843.217,243.217,0.02,0.03,0.97,0.99,0.01,0.02,75863.56,1776720842000
1776720843.611,243.611,0.02,0.03,0.97,0.98,0.01,0.01,75863.56,1776720842000
1776720843.975,243.975,0.01,0.03,0.97,0.98,0.02,0.01,75863.56,1776720842000
1776720844.402,244.402,0.02,0.03,0.95,0.98,0.01,0.03,75863.85,1776720843000
1776720844.762,244.762,0.01,0.03,0.97,0.98,0.02,0.01,75863.85,1776720843000
1776720845.233,245.233,0.02,0.03,0.97,0.98,0.01,0.01,75863.87,1776720844000
1776720846.05,246.05,0.01,0.02,0.97,0.99,0.01,0.02,75863.87,1776720844000
1776720846.46,246.46,0.01,0.02,0.98,0.99,0.01,0.01,75863.81,1776720845000
1776720847.012,247.012,0.01,0.02,0.98,0.99,0.01,0.01,75863.81,1776720845000
1776720847.451,247.451,0.01,0.03,0.98,0.99,0.02,0.01,75864.29,1776720846000
1776720847.868,247.868,0.02,0.03,0.97,0.98,0.01,0.01,75864.29,1776720846000
1776720848.273,248.273,0.02,0.03,0.97,0.98,0.01,0.01,75864.38,1776720847000
1776720848.863,248.863,0.01,0.02,0.97,0.98,0.01,0.01,75864.38,1776720847000
1776720849.357,249.357,0.01,0.02,0.98,0.99,0.01,0.01,75864.38,1776720847000
1776720849.839,249.839,0.01,0.02,0.98,0.99,0.01,0.01,75864.23,1776720848000
1776720850.173,250.173,0.01,0.02,0.98,0.99,0.01,0.01,75864.34,1776720849000
1776720850.578,250.578,0.01,0.02,0.98,0.99,0.01,0.01,75864.34,1776720849000
1776720850.916,250.916,0.01,0.02,0.98,0.99,0.01,0.01,75864.34,1776720849000
1776720851.308,251.308,0.01,0.02,0.98,0.99,0.01,0.01,75864.35,1776720850000
1776720851.841,251.841,0.01,0.02,0.98,0.99,0.01,0.01,75864.35,1776720850000
1776720852.188,252.188,0.01,0.02,0.98,0.99,0.01,0.01,75864.35,1776720850000
1776720852.568,252.568,0.01,0.02,0.98,0.99,0.01,0.01,75864.35,1776720850000
1776720852.973,252.973,0.01,0.02,0.98,0.99,0.01,0.01,75861.64,1776720851000
1776720853.322,253.322,0.01,0.02,0.98,0.99,0.01,0.01,75860.24,1776720852000
1776720853.928,253.928,0.01,0.02,0.98,0.99,0.01,0.01,75860.24,1776720852000
1776720854.601,254.601,0.01,0.02,0.98,0.99,0.01,0.01,75860.55,1776720853000
1776720855.12,255.12,0.01,0.02,0.98,0.99,0.01,0.01,75860.55,1776720853000
1776720855.608,255.608,0.01,0.02,0.98,0.99,0.01,0.01,75860.06,1776720854000
1776720855.99,255.99,0.01,0.02,0.98,0.99,0.01,0.01,75860.06,1776720854000
1776720856.393,256.393,0.01,0.02,0.98,0.99,0.01,0.01,75859.75,1776720855000
1776720857.036,257.036,0.01,0.01,0.99,0.99,0.0,0.0,75859.75,1776720855000
1776720857.383,257.383,0.01,0.01,0.99,0.99,0.0,0.0,75859.61,1776720856000
1776720857.856,257.856,0.01,0.01,0.99,0.99,0.0,0.0,75859.61,1776720856000
1776720858.624,258.624,0.01,0.01,0.99,0.99,0.0,0.0,75859.61,1776720857000
1776720859.097,259.097,0.01,0.01,0.99,0.99,0.0,0.0,75859.45,1776720858000
1776720860.201,260.201,0.01,0.01,0.99,0.99,0.0,0.0,75859.62,1776720859000
1776720860.683,260.683,0.01,0.01,0.99,0.99,0.0,0.0,75859.62,1776720859000
1776720861.091,261.091,0.01,0.01,0.99,0.99,0.0,0.0,75859.62,1776720859000
1776720861.51,261.51,0.01,0.01,0.99,0.99,0.0,0.0,75860.28,1776720860000
1776720861.955,261.955,0.01,0.01,0.99,0.99,0.0,0.0,75860.28,1776720860000
1776720862.997,262.997,0.01,0.01,0.99,0.99,0.0,0.0,75863.41,1776720862000
1776720863.99,263.99,0.01,0.01,0.99,0.99,0.0,0.0,75863.47,1776720863000
1776720864.51,264.51,0.01,0.01,0.99,0.99,0.0,0.0,75863.47,1776720863000
1776720864.934,264.934,0.01,0.01,0.99,0.99,0.0,0.0,75863.51,1776720864000
1776720865.501,265.501,0.01,0.01,0.99,0.99,0.0,0.0,75863.51,1776720864000
1776720865.847,265.847,0.01,0.01,0.99,0.99,0.0,0.0,75863.84,1776720865000
1776720867.347,267.347,0.01,0.01,0.99,0.99,0.0,0.0,75863.87,1776720866000
1776720868.163,268.163,0.01,0.01,0.99,0.99,0.0,0.0,75863.87,1776720866000
1776720868.902,268.902,0.01,0.01,0.99,0.99,0.0,0.0,75862.64,1776720868000
1776720870.023,270.023,0.01,0.01,0.99,0.99,0.0,0.0,75869.89,1776720869000
1776720870.992,270.992,0.01,0.01,0.99,0.99,0.0,0.0,75869.89,1776720869000
1776720872.198,272.198,0.01,0.01,0.99,0.99,0.0,0.0,75868.07,1776720871000
1776720873.093,273.093,0.01,0.01,0.99,0.99,0.0,0.0,75869.7,1776720872000
1776720873.654,273.654,0.01,0.01,0.99,0.99,0.0,0.0,75869.7,1776720872000
1776720874.233,274.233,0.01,0.01,0.99,0.99,0.0,0.0,75873.1,1776720873000
1776720874.575,274.575,0.01,0.01,0.99,0.99,0.0,0.0,75873.1,1776720873000
1776720875.254,275.254,0.01,0.01,0.99,0.99,0.0,0.0,75876.92,1776720874000
1776720875.701,275.701,0.01,0.01,0.99,0.99,0.0,0.0,75876.92,1776720874000
1776720876.3,276.3,0.01,0.01,0.99,0.99,0.0,0.0,75878.9,1776720875000
1776720876.941,276.941,0.01,0.01,0.99,0.99,0.0,0.0,75878.9,1776720875000
1776720877.377,277.377,0.01,0.01,0.99,0.99,0.0,0.0,75879.86,1776720876000
1776720877.872,277.872,0.01,0.01,0.99,0.99,0.0,0.0,75879.86,1776720876000
1776720878.422,278.422,0.01,0.01,0.99,0.99,0.0,0.0,75883.24,1776720877000
1776720878.794,278.794,0.01,0.01,0.99,0.99,0.0,0.0,75883.24,1776720877000
1776720879.33,279.33,0.01,0.01,0.99,0.99,0.0,0.0,75885.07,1776720878000
1776720880.226,280.226,0.01,0.01,0.99,0.99,0.0,0.0,75887.99,1776720879000
1776720880.948,280.948,0.01,0.01,0.99,0.99,0.0,0.0,75887.99,1776720879000
1776720882.375,282.375,0.01,0.01,0.99,0.99,0.0,0.0,75889.52,1776720881000
1776720882.889,282.889,0.01,0.01,0.99,0.99,0.0,0.0,75889.68,1776720882000
1776720883.517,283.517,0.01,0.01,0.99,0.99,0.0,0.0,75889.68,1776720882000
1776720883.957,283.957,0.01,0.01,0.99,0.99,0.0,0.0,75890.29,1776720883000
1776720884.314,284.314,0.01,0.01,0.99,0.99,0.0,0.0,75890.29,1776720883000
1776720885.045,285.045,0.01,0.01,0.99,0.99,0.0,0.0,75890.4,1776720884000
1776720886.253,286.253,0.01,0.01,0.99,0.99,0.0,0.0,75891.23,1776720885000
1776720886.724,286.724,0.01,0.01,0.99,0.99,0.0,0.0,75891.23,1776720885000
1776720887.259,287.259,0.01,0.01,0.99,0.99,0.0,0.0,75891.02,1776720886000
1776720888.277,288.277,0.01,0.01,0.99,0.99,0.0,0.0,75891.02,1776720886000
1776720888.876,288.876,0.01,0.01,0.99,0.99,0.0,0.0,75891.18,1776720888000
1776720889.989,289.989,0.01,0.01,0.99,0.99,0.0,0.0,75891.23,1776720889000
1776720890.968,290.968,0.01,0.01,0.99,0.99,0.0,0.0,75891.19,1776720890000
1776720892.152,292.152,0.01,0.01,0.99,0.99,0.0,0.0,75891.19,1776720890000
1776720892.83,292.83,0.01,0.01,0.99,0.99,0.0,0.0,75891.34,1776720892000
1776720893.834,293.834,0.01,0.01,0.99,0.99,0.0,0.0,75891.34,1776720892000
1776720894.212,294.212,0.01,0.01,0.99,0.99,0.0,0.0,75892.74,1776720893000
1776720895.541,295.541,0.01,0.01,0.99,0.99,0.0,0.0,75892.74,1776720894000
1776720896.403,296.403,0.01,0.01,0.99,0.99,0.0,0.0,75893.12,1776720895000
1776720897.035,297.035,0.01,0.01,0.99,0.99,0.0,0.0,75893.12,1776720896000
1776720898.567,298.567,0.01,0.01,0.99,0.99,0.0,0.0,75893.28,1776720897000
1776720899.61,299.61,0.01,0.01,0.99,0.99,0.0,0.0,75892.08,1776720898000
1776720900.351,300.351,0.01,0.01,0.99,0.99,0.0,0.0,75894.21,1776720899000
1776720900.685,300.685,0.01,0.01,0.99,0.99,0.0,0.0,75894.21,1776720899000
1776720901.833,301.833,0.01,0.01,0.99,0.99,0.0,0.0,75894.21,1776720900000
1776720902.401,302.401,0.01,0.01,0.99,0.99,0.0,0.0,75896.1,1776720901000

# RESULT,winner=Down,slug=btc-updown-5m-1776720600,ticks=628
