timestamp,elapsed_sec,up_bid,up_ask,down_bid,down_ask,up_spread,down_spread,btc_price,btc_oracle_ts
1776753600.501,0.501,0.46,0.47,0.54,0.55,0.01,0.01,76050.83,1776753599000
1776753600.841,0.841,0.47,0.48,0.52,0.55,0.01,0.03,76050.83,1776753599000
1776753601.192,1.192,0.47,0.48,0.52,0.53,0.01,0.01,76050.83,1776753600000
1776753601.716,1.716,0.47,0.48,0.52,0.53,0.01,0.01,76050.83,1776753600000
1776753602.22,2.22,0.47,0.48,0.52,0.53,0.01,0.01,76050.93,1776753601000
1776753602.828,2.828,0.46,0.47,0.52,0.54,0.01,0.02,76050.93,1776753601000
1776753603.788,3.788,0.46,0.47,0.53,0.54,0.01,0.01,76050.93,1776753602000
1776753604.141,4.141,0.46,0.47,0.53,0.54,0.01,0.01,76050.93,1776753602000
1776753604.635,4.635,0.46,0.47,0.53,0.54,0.01,0.01,76052.5,1776753603000
1776753605.179,5.179,0.46,0.47,0.53,0.54,0.01,0.01,76052.5,1776753603000
1776753605.744,5.744,0.46,0.47,0.53,0.54,0.01,0.01,76053.05,1776753604000
1776753606.206,6.206,0.46,0.47,0.53,0.54,0.01,0.01,76052.5,1776753605000
1776753606.663,6.663,0.46,0.47,0.53,0.54,0.01,0.01,76052.5,1776753605000
1776753607.001,7.001,0.47,0.48,0.52,0.54,0.01,0.02,76052.5,1776753605000
1776753607.358,7.358,0.47,0.48,0.52,0.53,0.01,0.01,76052.51,1776753606000
1776753607.746,7.746,0.47,0.48,0.52,0.53,0.01,0.01,76052.51,1776753606000
1776753608.081,8.081,0.47,0.48,0.52,0.53,0.01,0.01,76052.51,1776753606000
1776753608.415,8.415,0.47,0.5,0.51,0.53,0.03,0.02,76052.51,1776753606000
1776753608.873,8.873,0.5,0.51,0.49,0.5,0.01,0.01,76052.51,1776753606000
1776753609.387,9.387,0.54,0.55,0.46,0.48,0.01,0.02,76052.51,1776753606000
1776753609.747,9.747,0.55,0.56,0.45,0.46,0.01,0.01,76052.51,1776753606000
1776753610.424,10.424,0.56,0.57,0.44,0.45,0.01,0.01,76052.51,1776753606000
1776753610.78,10.78,0.57,0.58,0.42,0.43,0.01,0.01,76052.51,1776753606000
1776753611.197,11.197,0.58,0.59,0.41,0.42,0.01,0.01,76052.51,1776753606000
1776753611.729,11.729,0.59,0.6,0.4,0.41,0.01,0.01,76052.51,1776753606000
1776753612.128,12.128,0.59,0.6,0.4,0.41,0.01,0.01,76052.51,1776753606000
1776753612.526,12.526,0.58,0.59,0.41,0.42,0.01,0.01,76052.51,1776753606000
1776753612.867,12.867,0.58,0.6,0.41,0.42,0.02,0.01,76052.51,1776753606000
1776753613.225,13.225,0.59,0.6,0.4,0.41,0.01,0.01,76052.51,1776753606000
1776753613.607,13.607,0.59,0.6,0.4,0.41,0.01,0.01,76052.51,1776753606000
1776753614.351,14.351,0.59,0.6,0.4,0.41,0.01,0.01,76052.51,1776753606000
1776753614.831,14.831,0.58,0.6,0.4,0.41,0.02,0.01,76052.51,1776753606000
1776753615.28,15.28,0.58,0.59,0.41,0.42,0.01,0.01,76052.51,1776753606000
1776753615.676,15.676,0.57,0.58,0.42,0.43,0.01,0.01,76062.27,1776753614000
1776753616.378,16.378,0.56,0.58,0.42,0.44,0.02,0.02,76062.28,1776753615000
1776753616.812,16.812,0.56,0.57,0.42,0.44,0.01,0.02,76062.28,1776753615000
1776753617.233,17.233,0.56,0.57,0.43,0.44,0.01,0.01,76062.28,1776753615000
1776753617.93,17.93,0.56,0.57,0.43,0.44,0.01,0.01,76059.46,1776753617000
1776753618.33,18.33,0.56,0.57,0.43,0.44,0.01,0.01,76059.46,1776753617000
1776753618.723,18.723,0.56,0.57,0.43,0.44,0.01,0.01,76059.46,1776753617000
1776753619.074,19.074,0.56,0.57,0.43,0.44,0.01,0.01,76059.66,1776753618000
1776753619.441,19.441,0.56,0.57,0.43,0.44,0.01,0.01,76059.66,1776753618000
1776753620.021,20.021,0.56,0.57,0.43,0.44,0.01,0.01,76059.66,1776753618000
1776753620.392,20.392,0.56,0.57,0.43,0.44,0.01,0.01,76059.59,1776753619000
1776753620.769,20.769,0.56,0.57,0.43,0.44,0.01,0.01,76059.59,1776753619000
1776753621.371,21.371,0.55,0.57,0.43,0.45,0.02,0.02,76059.59,1776753620000
1776753621.771,21.771,0.55,0.56,0.44,0.45,0.01,0.01,76059.59,1776753620000
1776753622.434,22.434,0.55,0.56,0.44,0.45,0.01,0.01,76059.59,1776753620000
1776753622.892,22.892,0.55,0.56,0.44,0.45,0.01,0.01,76059.59,1776753620000
1776753623.261,23.261,0.56,0.57,0.43,0.44,0.01,0.01,76059.14,1776753621000
1776753623.654,23.654,0.56,0.57,0.43,0.44,0.01,0.01,76059.14,1776753621000
1776753624.207,24.207,0.56,0.57,0.43,0.44,0.01,0.01,76059.14,1776753622000
1776753624.594,24.594,0.56,0.57,0.43,0.44,0.01,0.01,76059.16,1776753623000
1776753625.282,25.282,0.56,0.57,0.43,0.44,0.01,0.01,76059.18,1776753624000
1776753625.83,25.83,0.56,0.57,0.43,0.44,0.01,0.01,76059.18,1776753624000
1776753626.453,26.453,0.57,0.58,0.42,0.44,0.01,0.02,76059.18,1776753624000
1776753627.023,27.023,0.57,0.58,0.42,0.43,0.01,0.01,76059.19,1776753625000
1776753627.397,27.397,0.57,0.58,0.42,0.43,0.01,0.01,76059.19,1776753625000
1776753627.772,27.772,0.57,0.58,0.42,0.43,0.01,0.01,76059.17,1776753626000
1776753628.165,28.165,0.57,0.58,0.42,0.43,0.01,0.01,76059.21,1776753627000
1776753628.804,28.804,0.57,0.58,0.42,0.43,0.01,0.01,76059.21,1776753627000
1776753629.145,29.145,0.57,0.58,0.42,0.43,0.01,0.01,76059.21,1776753627000
1776753629.586,29.586,0.57,0.58,0.42,0.43,0.01,0.01,76061.13,1776753628000
1776753630.004,30.004,0.57,0.58,0.42,0.43,0.01,0.01,76061.13,1776753628000
1776753630.416,30.416,0.57,0.58,0.42,0.43,0.01,0.01,76061.13,1776753629000
1776753630.951,30.951,0.57,0.58,0.42,0.43,0.01,0.01,76061.13,1776753629000
1776753631.294,31.294,0.57,0.58,0.42,0.43,0.01,0.01,76061.13,1776753629000
1776753631.943,31.943,0.57,0.58,0.42,0.43,0.01,0.01,76064.1,1776753630000
1776753632.31,32.31,0.57,0.58,0.42,0.43,0.01,0.01,76064.33,1776753631000
1776753632.672,32.672,0.57,0.58,0.42,0.43,0.01,0.01,76064.33,1776753631000
1776753633.015,33.015,0.57,0.58,0.42,0.43,0.01,0.01,76064.33,1776753631000
1776753633.375,33.375,0.57,0.58,0.42,0.43,0.01,0.01,76064.33,1776753631000
1776753633.732,33.732,0.57,0.58,0.42,0.43,0.01,0.01,76066.54,1776753632000
1776753634.448,34.448,0.57,0.58,0.42,0.43,0.01,0.01,76064.36,1776753633000
1776753634.808,34.808,0.57,0.58,0.42,0.43,0.01,0.01,76064.36,1776753633000
1776753635.202,35.202,0.57,0.63,0.38,0.43,0.06,0.05,76064.36,1776753634000
1776753635.799,35.799,0.63,0.65,0.35,0.38,0.02,0.03,76064.36,1776753634000
1776753636.211,36.211,0.63,0.64,0.36,0.37,0.01,0.01,76064.36,1776753634000
1776753636.559,36.559,0.64,0.66,0.34,0.37,0.02,0.03,76064.47,1776753635000
1776753636.907,36.907,0.65,0.66,0.34,0.36,0.01,0.02,76064.47,1776753635000
1776753637.243,37.243,0.65,0.66,0.34,0.35,0.01,0.01,76064.47,1776753635000
1776753637.826,37.826,0.65,0.66,0.34,0.35,0.01,0.01,76068.58,1776753636000
1776753638.185,38.185,0.65,0.66,0.34,0.35,0.01,0.01,76068.58,1776753636000
1776753638.521,38.521,0.65,0.66,0.34,0.35,0.01,0.01,76068.58,1776753636000
1776753638.864,38.864,0.65,0.66,0.34,0.35,0.01,0.01,76070.49,1776753637000
1776753639.494,39.494,0.65,0.66,0.34,0.35,0.01,0.01,76070.49,1776753637000
1776753639.911,39.911,0.66,0.67,0.33,0.34,0.01,0.01,76069.14,1776753638000
1776753640.281,40.281,0.66,0.67,0.33,0.34,0.01,0.01,76069.14,1776753638000
1776753640.675,40.675,0.67,0.69,0.31,0.33,0.02,0.02,76069.14,1776753639000
1776753641.073,41.073,0.68,0.69,0.31,0.32,0.01,0.01,76069.14,1776753639000
1776753641.473,41.473,0.69,0.7,0.31,0.32,0.01,0.01,76069.72,1776753640000
1776753641.854,41.854,0.69,0.7,0.3,0.31,0.01,0.01,76069.72,1776753640000
1776753642.24,42.24,0.69,0.7,0.3,0.31,0.01,0.01,76070.88,1776753641000
1776753642.652,42.652,0.69,0.7,0.3,0.31,0.01,0.01,76070.88,1776753641000
1776753643.036,43.036,0.7,0.71,0.29,0.31,0.01,0.02,76070.88,1776753641000
1776753643.389,43.389,0.7,0.71,0.29,0.3,0.01,0.01,76070.88,1776753641000
1776753643.876,43.876,0.7,0.71,0.29,0.3,0.01,0.01,76077.34,1776753642000
1776753644.243,44.243,0.66,0.71,0.29,0.31,0.05,0.02,76077.39,1776753643000
1776753644.585,44.585,0.64,0.69,0.31,0.36,0.05,0.05,76077.39,1776753643000
1776753644.99,44.99,0.67,0.69,0.31,0.33,0.02,0.02,76077.39,1776753643000
1776753645.824,45.824,0.67,0.68,0.32,0.33,0.01,0.01,76077.03,1776753644000
1776753646.162,46.162,0.67,0.68,0.32,0.33,0.01,0.01,76077.03,1776753644000
1776753646.515,46.515,0.67,0.68,0.32,0.33,0.01,0.01,76077.03,1776753644000
1776753646.967,46.967,0.67,0.68,0.32,0.33,0.01,0.01,76075.99,1776753645000
1776753647.444,47.444,0.67,0.68,0.32,0.33,0.01,0.01,76076.1,1776753646000
1776753647.778,47.778,0.67,0.68,0.32,0.33,0.01,0.01,76076.1,1776753646000
1776753648.33,48.33,0.67,0.68,0.32,0.33,0.01,0.01,76076.1,1776753646000
1776753649.009,49.009,0.67,0.68,0.32,0.33,0.01,0.01,76076.18,1776753647000
1776753649.356,49.356,0.67,0.69,0.32,0.33,0.02,0.01,76076.18,1776753647000
1776753650.038,50.038,0.68,0.69,0.31,0.32,0.01,0.01,76077.45,1776753649000
1776753650.553,50.553,0.68,0.69,0.31,0.32,0.01,0.01,76077.45,1776753649000
1776753651.265,51.265,0.68,0.69,0.31,0.32,0.01,0.01,76077.45,1776753649000
1776753651.652,51.652,0.68,0.69,0.31,0.32,0.01,0.01,76076.37,1776753650000
1776753651.992,51.992,0.68,0.69,0.31,0.32,0.01,0.01,76076.37,1776753650000
1776753652.355,52.355,0.69,0.7,0.3,0.32,0.01,0.02,76076.37,1776753650000
1776753652.982,52.982,0.69,0.7,0.3,0.31,0.01,0.01,76076.57,1776753651000
1776753653.338,53.338,0.69,0.7,0.3,0.31,0.01,0.01,76076.57,1776753652000
1776753653.826,53.826,0.69,0.7,0.3,0.31,0.01,0.01,76076.57,1776753652000
1776753654.308,54.308,0.69,0.7,0.3,0.31,0.01,0.01,76076.69,1776753653000
1776753654.713,54.713,0.69,0.7,0.3,0.31,0.01,0.01,76076.69,1776753653000
1776753655.073,55.073,0.69,0.7,0.3,0.31,0.01,0.01,76076.69,1776753653000
1776753655.413,55.413,0.7,0.71,0.29,0.3,0.01,0.01,76076.73,1776753654000
1776753655.773,55.773,0.7,0.71,0.29,0.3,0.01,0.01,76076.73,1776753654000
1776753656.23,56.23,0.71,0.72,0.28,0.3,0.01,0.02,76076.81,1776753655000
1776753656.603,56.603,0.71,0.72,0.28,0.29,0.01,0.01,76076.81,1776753655000
1776753656.94,56.94,0.71,0.72,0.28,0.29,0.01,0.01,76076.81,1776753655000
1776753657.451,57.451,0.71,0.72,0.28,0.29,0.01,0.01,76076.81,1776753656000
1776753657.941,57.941,0.71,0.72,0.28,0.29,0.01,0.01,76076.81,1776753656000
1776753658.372,58.372,0.68,0.69,0.3,0.34,0.01,0.04,76076.81,1776753656000
1776753658.83,58.83,0.67,0.68,0.32,0.33,0.01,0.01,76078.38,1776753657000
1776753659.248,59.248,0.65,0.67,0.32,0.34,0.02,0.02,76078.75,1776753658000
1776753659.688,59.688,0.65,0.66,0.34,0.35,0.01,0.01,76078.75,1776753658000
1776753660.219,60.219,0.65,0.66,0.34,0.35,0.01,0.01,76078.24,1776753659000
1776753660.707,60.707,0.65,0.66,0.34,0.35,0.01,0.01,76078.24,1776753659000
1776753661.126,61.126,0.65,0.66,0.34,0.35,0.01,0.01,76078.24,1776753659000
1776753661.537,61.537,0.65,0.66,0.34,0.35,0.01,0.01,76078.24,1776753659000
1776753662.081,62.081,0.65,0.66,0.34,0.35,0.01,0.01,76077.5,1776753660000
1776753662.575,62.575,0.65,0.66,0.34,0.35,0.01,0.01,76077.5,1776753660000
1776753663.024,63.024,0.65,0.66,0.34,0.35,0.01,0.01,76077.26,1776753662000
1776753663.365,63.365,0.65,0.66,0.34,0.35,0.01,0.01,76077.26,1776753662000
1776753664.142,64.142,0.65,0.67,0.33,0.35,0.02,0.02,76077.22,1776753663000
1776753664.663,64.663,0.66,0.67,0.33,0.35,0.01,0.02,76077.22,1776753663000
1776753665.151,65.151,0.65,0.67,0.33,0.34,0.02,0.01,76077.22,1776753663000
1776753665.492,65.492,0.62,0.63,0.37,0.38,0.01,0.01,76077.21,1776753664000
1776753665.845,65.845,0.62,0.63,0.37,0.38,0.01,0.01,76077.21,1776753664000
1776753666.273,66.273,0.62,0.63,0.37,0.38,0.01,0.01,76077.22,1776753665000
1776753666.624,66.624,0.61,0.63,0.37,0.38,0.02,0.01,76077.22,1776753665000
1776753666.968,66.968,0.57,0.58,0.41,0.42,0.01,0.01,76077.22,1776753665000
1776753667.307,67.307,0.57,0.58,0.42,0.43,0.01,0.01,76077.22,1776753665000
1776753667.734,67.734,0.57,0.58,0.42,0.43,0.01,0.01,76074.11,1776753666000
1776753668.234,68.234,0.57,0.58,0.42,0.43,0.01,0.01,76072.76,1776753667000
1776753668.606,68.606,0.57,0.58,0.42,0.43,0.01,0.01,76072.76,1776753667000
1776753669.217,69.217,0.57,0.58,0.42,0.43,0.01,0.01,76068.61,1776753668000
1776753669.566,69.566,0.57,0.58,0.42,0.43,0.01,0.01,76068.61,1776753668000
1776753669.91,69.91,0.57,0.58,0.42,0.43,0.01,0.01,76068.61,1776753668000
1776753670.514,70.514,0.56,0.57,0.43,0.44,0.01,0.01,76068.61,1776753668000
1776753671.422,71.422,0.56,0.57,0.43,0.44,0.01,0.01,76064.49,1776753670000
1776753672.192,72.192,0.56,0.57,0.43,0.44,0.01,0.01,76062.58,1776753671000
1776753672.607,72.607,0.56,0.57,0.43,0.44,0.01,0.01,76062.58,1776753671000
1776753673.406,73.406,0.56,0.57,0.43,0.44,0.01,0.01,76062.58,1776753671000
1776753673.846,73.846,0.56,0.57,0.43,0.44,0.01,0.01,76062.35,1776753672000
1776753674.388,74.388,0.54,0.57,0.43,0.44,0.03,0.01,76062.35,1776753672000
1776753675.234,75.234,0.5,0.57,0.43,0.5,0.07,0.07,76057.61,1776753674000
1776753675.752,75.752,0.53,0.55,0.45,0.47,0.02,0.02,76057.61,1776753674000
1776753676.087,76.087,0.53,0.54,0.46,0.47,0.01,0.01,76057.61,1776753674000
1776753676.521,76.521,0.53,0.54,0.46,0.47,0.01,0.01,76057.61,1776753674000
1776753677.093,77.093,0.53,0.54,0.46,0.47,0.01,0.01,76058.18,1776753675000
1776753677.443,77.443,0.53,0.54,0.46,0.47,0.01,0.01,76058.18,1776753675000
1776753678.089,78.089,0.53,0.54,0.46,0.47,0.01,0.01,76056.58,1776753676000
1776753678.465,78.465,0.53,0.54,0.46,0.47,0.01,0.01,76056.58,1776753677000
1776753678.864,78.864,0.53,0.54,0.46,0.47,0.01,0.01,76056.58,1776753677000
1776753679.355,79.355,0.53,0.54,0.46,0.47,0.01,0.01,76056.58,1776753677000
1776753679.795,79.795,0.53,0.54,0.46,0.47,0.01,0.01,76054.51,1776753678000
1776753680.645,80.645,0.53,0.54,0.46,0.47,0.01,0.01,76055.21,1776753679000
1776753681.224,81.224,0.53,0.54,0.46,0.47,0.01,0.01,76055.21,1776753679000
1776753681.729,81.729,0.53,0.54,0.46,0.47,0.01,0.01,76054.65,1776753680000
1776753682.119,82.119,0.53,0.55,0.46,0.47,0.02,0.01,76054.65,1776753680000
1776753682.474,82.474,0.54,0.55,0.44,0.47,0.01,0.03,76055.48,1776753681000
1776753683.04,83.04,0.55,0.56,0.44,0.45,0.01,0.01,76055.48,1776753681000
1776753683.436,83.436,0.55,0.56,0.44,0.45,0.01,0.01,76055.48,1776753681000
1776753683.822,83.822,0.55,0.56,0.44,0.45,0.01,0.01,76056.0,1776753682000
1776753684.234,84.234,0.55,0.56,0.44,0.45,0.01,0.01,76056.0,1776753682000
1776753684.637,84.637,0.55,0.56,0.44,0.45,0.01,0.01,76059.67,1776753683000
1776753684.984,84.984,0.53,0.54,0.46,0.47,0.01,0.01,76059.67,1776753683000
1776753685.658,85.658,0.53,0.55,0.46,0.47,0.02,0.01,76060.13,1776753684000
1776753686.036,86.036,0.54,0.55,0.45,0.46,0.01,0.01,76060.13,1776753684000
1776753686.416,86.416,0.54,0.55,0.45,0.46,0.01,0.01,76060.13,1776753684000
1776753686.798,86.798,0.54,0.56,0.45,0.46,0.02,0.01,76057.75,1776753685000
1776753687.184,87.184,0.54,0.55,0.45,0.46,0.01,0.01,76057.75,1776753685000
1776753687.702,87.702,0.54,0.55,0.45,0.46,0.01,0.01,76059.54,1776753686000
1776753688.287,88.287,0.54,0.55,0.45,0.46,0.01,0.01,76059.79,1776753687000
1776753688.666,88.666,0.54,0.55,0.45,0.46,0.01,0.01,76059.79,1776753687000
1776753689.066,89.066,0.54,0.55,0.45,0.46,0.01,0.01,76059.79,1776753687000
1776753689.401,89.401,0.54,0.55,0.45,0.46,0.01,0.01,76059.79,1776753687000
1776753689.916,89.916,0.54,0.55,0.45,0.46,0.01,0.01,76059.79,1776753687000
1776753690.319,90.319,0.54,0.55,0.45,0.46,0.01,0.01,76058.36,1776753689000
1776753690.69,90.69,0.55,0.56,0.44,0.46,0.01,0.02,76058.36,1776753689000
1776753691.255,91.255,0.55,0.56,0.44,0.45,0.01,0.01,76058.36,1776753689000
1776753691.787,91.787,0.56,0.58,0.43,0.45,0.02,0.02,76057.74,1776753690000
1776753692.213,92.213,0.57,0.58,0.42,0.43,0.01,0.01,76057.74,1776753690000
1776753692.655,92.655,0.57,0.58,0.42,0.43,0.01,0.01,76059.41,1776753691000
1776753692.996,92.996,0.57,0.59,0.42,0.43,0.02,0.01,76059.41,1776753691000
1776753693.335,93.335,0.58,0.59,0.41,0.42,0.01,0.01,76060.56,1776753692000
1776753693.861,93.861,0.58,0.59,0.41,0.42,0.01,0.01,76060.56,1776753692000
1776753694.232,94.232,0.58,0.59,0.41,0.42,0.01,0.01,76061.17,1776753693000
1776753694.601,94.601,0.58,0.59,0.41,0.42,0.01,0.01,76061.17,1776753693000
1776753695.273,95.273,0.58,0.59,0.41,0.42,0.01,0.01,76061.17,1776753693000
1776753695.659,95.659,0.58,0.59,0.41,0.42,0.01,0.01,76062.02,1776753694000
1776753696.04,96.04,0.58,0.6,0.41,0.42,0.02,0.01,76062.02,1776753694000
1776753696.8,96.8,0.59,0.6,0.4,0.41,0.01,0.01,76062.04,1776753695000
1776753697.254,97.254,0.59,0.6,0.4,0.41,0.01,0.01,76062.18,1776753696000
1776753697.903,97.903,0.59,0.6,0.4,0.41,0.01,0.01,76062.18,1776753696000
1776753698.413,98.413,0.59,0.6,0.4,0.41,0.01,0.01,76062.76,1776753697000
1776753699.145,99.145,0.59,0.6,0.4,0.41,0.01,0.01,76062.76,1776753697000
1776753699.51,99.51,0.59,0.62,0.38,0.41,0.03,0.03,76062.17,1776753698000
1776753699.969,99.969,0.61,0.62,0.38,0.39,0.01,0.01,76062.17,1776753698000
1776753700.348,100.348,0.61,0.62,0.38,0.39,0.01,0.01,76062.19,1776753699000
1776753700.948,100.948,0.61,0.62,0.38,0.39,0.01,0.01,76062.19,1776753699000
1776753701.35,101.35,0.61,0.62,0.38,0.39,0.01,0.01,76062.19,1776753700000
1776753701.712,101.712,0.61,0.62,0.38,0.39,0.01,0.01,76062.19,1776753700000
1776753702.314,102.314,0.61,0.62,0.38,0.39,0.01,0.01,76062.2,1776753701000
1776753702.715,102.715,0.61,0.62,0.38,0.39,0.01,0.01,76062.2,1776753701000
1776753703.176,103.176,0.61,0.63,0.37,0.39,0.02,0.02,76062.21,1776753702000
1776753703.698,103.698,0.62,0.63,0.37,0.38,0.01,0.01,76062.21,1776753702000
1776753704.121,104.121,0.61,0.62,0.38,0.39,0.01,0.01,76062.21,1776753702000
1776753704.973,104.973,0.61,0.62,0.38,0.39,0.01,0.01,76063.26,1776753703000
1776753705.323,105.323,0.61,0.62,0.38,0.39,0.01,0.01,76063.26,1776753704000
1776753706.103,106.103,0.61,0.62,0.38,0.39,0.01,0.01,76063.26,1776753704000
1776753706.577,106.577,0.61,0.62,0.38,0.39,0.01,0.01,76062.16,1776753705000
1776753707.131,107.131,0.61,0.62,0.38,0.39,0.01,0.01,76062.16,1776753705000
1776753708.076,108.076,0.61,0.62,0.38,0.39,0.01,0.01,76062.23,1776753706000
1776753708.446,108.446,0.61,0.62,0.38,0.39,0.01,0.01,76060.45,1776753707000
1776753709.382,109.382,0.61,0.62,0.38,0.39,0.01,0.01,76060.48,1776753708000
1776753709.931,109.931,0.61,0.62,0.38,0.39,0.01,0.01,76060.48,1776753708000
1776753710.28,110.28,0.61,0.62,0.38,0.39,0.01,0.01,76060.32,1776753709000
1776753710.871,110.871,0.61,0.62,0.38,0.39,0.01,0.01,76060.32,1776753709000
1776753711.216,111.216,0.69,0.7,0.3,0.31,0.01,0.01,76060.32,1776753709000
1776753711.549,111.549,0.7,0.71,0.29,0.3,0.01,0.01,76060.3,1776753710000
1776753711.961,111.961,0.71,0.72,0.28,0.3,0.01,0.02,76060.3,1776753710000
1776753712.331,112.331,0.71,0.72,0.28,0.29,0.01,0.01,76060.3,1776753710000
1776753712.694,112.694,0.71,0.72,0.28,0.29,0.01,0.01,76062.51,1776753711000
1776753713.042,113.042,0.71,0.72,0.28,0.29,0.01,0.01,76062.51,1776753711000
1776753713.381,113.381,0.7,0.72,0.28,0.29,0.02,0.01,76071.65,1776753712000
1776753713.72,113.72,0.65,0.67,0.33,0.34,0.02,0.01,76071.65,1776753712000
1776753714.171,114.171,0.63,0.64,0.36,0.37,0.01,0.01,76071.65,1776753712000
1776753714.535,114.535,0.61,0.64,0.36,0.39,0.03,0.03,76069.99,1776753713000
1776753715.265,115.265,0.61,0.62,0.38,0.39,0.01,0.01,76066.53,1776753714000
1776753715.6,115.6,0.61,0.62,0.38,0.39,0.01,0.01,76066.53,1776753714000
1776753716.161,116.161,0.61,0.62,0.38,0.39,0.01,0.01,76066.53,1776753714000
1776753716.57,116.57,0.61,0.62,0.38,0.39,0.01,0.01,76066.53,1776753715000
1776753717.119,117.119,0.61,0.65,0.38,0.39,0.04,0.01,76066.53,1776753715000
1776753717.492,117.492,0.64,0.65,0.35,0.39,0.01,0.04,76066.15,1776753716000
1776753717.946,117.946,0.64,0.65,0.35,0.36,0.01,0.01,76066.15,1776753716000
1776753718.307,118.307,0.64,0.65,0.35,0.36,0.01,0.01,76066.15,1776753717000
1776753718.691,118.691,0.64,0.65,0.35,0.36,0.01,0.01,76066.15,1776753717000
1776753719.029,119.029,0.64,0.65,0.35,0.36,0.01,0.01,76066.15,1776753717000
1776753719.383,119.383,0.64,0.65,0.35,0.36,0.01,0.01,76067.69,1776753718000
1776753720.189,120.189,0.64,0.65,0.35,0.36,0.01,0.01,76067.87,1776753719000
1776753720.603,120.603,0.64,0.65,0.35,0.36,0.01,0.01,76067.87,1776753719000
1776753721.102,121.102,0.63,0.65,0.35,0.37,0.02,0.02,76067.93,1776753720000
1776753721.542,121.542,0.63,0.64,0.36,0.37,0.01,0.01,76067.93,1776753720000
1776753721.892,121.892,0.63,0.64,0.36,0.37,0.01,0.01,76067.93,1776753720000
1776753722.549,122.549,0.63,0.64,0.36,0.37,0.01,0.01,76067.96,1776753721000
1776753722.897,122.897,0.63,0.64,0.36,0.37,0.01,0.01,76067.96,1776753721000
1776753723.274,123.274,0.63,0.64,0.36,0.37,0.01,0.01,76068.03,1776753722000
1776753723.66,123.66,0.63,0.65,0.35,0.37,0.02,0.02,76068.03,1776753722000
1776753724.065,124.065,0.64,0.65,0.35,0.36,0.01,0.01,76067.89,1776753723000
1776753724.732,124.732,0.64,0.65,0.35,0.36,0.01,0.01,76067.89,1776753723000
1776753725.485,125.485,0.64,0.65,0.35,0.36,0.01,0.01,76067.86,1776753724000
1776753725.882,125.882,0.64,0.65,0.35,0.36,0.01,0.01,76067.86,1776753724000
1776753726.893,126.893,0.64,0.65,0.35,0.36,0.01,0.01,76067.36,1776753726000
1776753727.289,127.289,0.64,0.65,0.35,0.36,0.01,0.01,76067.36,1776753726000
1776753727.734,127.734,0.63,0.64,0.36,0.37,0.01,0.01,76067.36,1776753726000
1776753728.409,128.409,0.63,0.64,0.36,0.37,0.01,0.01,76067.24,1776753727000
1776753729.039,129.039,0.63,0.64,0.36,0.37,0.01,0.01,76067.24,1776753727000
1776753729.383,129.383,0.63,0.64,0.36,0.37,0.01,0.01,76066.21,1776753728000
1776753729.811,129.811,0.63,0.64,0.36,0.37,0.01,0.01,76066.21,1776753728000
1776753730.247,130.247,0.63,0.64,0.36,0.37,0.01,0.01,76066.21,1776753728000
1776753730.679,130.679,0.63,0.64,0.36,0.37,0.01,0.01,76066.21,1776753728000
1776753731.295,131.295,0.63,0.64,0.36,0.37,0.01,0.01,76066.18,1776753730000
1776753732.388,132.388,0.63,0.64,0.36,0.37,0.01,0.01,76066.4,1776753731000
1776753732.772,132.772,0.63,0.64,0.36,0.37,0.01,0.01,76066.4,1776753731000
1776753733.761,133.761,0.63,0.65,0.36,0.37,0.02,0.01,76066.4,1776753732000
1776753734.219,134.219,0.64,0.7,0.3,0.36,0.06,0.06,76066.39,1776753733000
1776753734.579,134.579,0.68,0.69,0.29,0.34,0.01,0.05,76066.39,1776753733000
1776753735.028,135.028,0.69,0.7,0.3,0.31,0.01,0.01,76066.39,1776753733000
1776753735.474,135.474,0.69,0.71,0.29,0.31,0.02,0.02,76066.46,1776753734000
1776753736.052,136.052,0.7,0.71,0.29,0.3,0.01,0.01,76066.46,1776753734000
1776753736.441,136.441,0.7,0.71,0.29,0.3,0.01,0.01,76066.46,1776753734000
1776753736.909,136.909,0.7,0.71,0.29,0.3,0.01,0.01,76069.32,1776753735000
1776753737.316,137.316,0.7,0.71,0.29,0.3,0.01,0.01,76069.2,1776753736000
1776753737.719,137.719,0.72,0.73,0.27,0.28,0.01,0.01,76069.2,1776753736000
1776753738.16,138.16,0.72,0.73,0.27,0.28,0.01,0.01,76070.4,1776753737000
1776753738.527,138.527,0.72,0.73,0.27,0.28,0.01,0.01,76070.4,1776753737000
1776753738.912,138.912,0.72,0.73,0.27,0.28,0.01,0.01,76070.4,1776753737000
1776753739.254,139.254,0.72,0.74,0.27,0.28,0.02,0.01,76070.4,1776753737000
1776753739.714,139.714,0.73,0.74,0.26,0.27,0.01,0.01,76073.76,1776753738000
1776753740.051,140.051,0.73,0.74,0.26,0.27,0.01,0.01,76073.76,1776753738000
1776753740.433,140.433,0.73,0.74,0.26,0.27,0.01,0.01,76073.76,1776753738000
1776753740.95,140.95,0.73,0.74,0.26,0.27,0.01,0.01,76073.15,1776753739000
1776753741.45,141.45,0.73,0.75,0.26,0.27,0.02,0.01,76073.05,1776753740000
1776753741.79,141.79,0.74,0.75,0.25,0.26,0.01,0.01,76073.05,1776753740000
1776753742.191,142.191,0.74,0.75,0.25,0.26,0.01,0.01,76073.05,1776753740000
1776753742.601,142.601,0.74,0.75,0.25,0.26,0.01,0.01,76073.05,1776753741000
1776753743.057,143.057,0.74,0.75,0.25,0.26,0.01,0.01,76073.05,1776753741000
1776753743.639,143.639,0.74,0.75,0.25,0.26,0.01,0.01,76073.13,1776753742000
1776753744.074,144.074,0.74,0.75,0.25,0.26,0.01,0.01,76073.13,1776753742000
1776753744.457,144.457,0.73,0.74,0.26,0.27,0.01,0.01,76073.13,1776753742000
1776753744.821,144.821,0.71,0.72,0.28,0.29,0.01,0.01,76077.34,1776753743000
1776753745.158,145.158,0.7,0.71,0.29,0.3,0.01,0.01,76077.34,1776753743000
1776753745.527,145.527,0.7,0.71,0.29,0.3,0.01,0.01,76077.34,1776753743000
1776753745.962,145.962,0.71,0.72,0.28,0.29,0.01,0.01,76077.34,1776753743000
1776753746.909,146.909,0.72,0.75,0.25,0.28,0.03,0.03,76076.75,1776753744000
1776753747.46,147.46,0.73,0.74,0.25,0.27,0.01,0.02,76074.71,1776753745000
1776753747.969,147.969,0.73,0.75,0.25,0.27,0.02,0.02,76074.87,1776753746000
1776753748.986,148.986,0.73,0.75,0.25,0.27,0.02,0.02,76077.49,1776753747000
1776753749.467,149.467,0.73,0.74,0.25,0.27,0.01,0.02,76077.49,1776753747000
1776753749.843,149.843,0.73,0.74,0.26,0.27,0.01,0.01,76077.92,1776753748000
1776753750.24,150.24,0.73,0.74,0.26,0.27,0.01,0.01,76077.92,1776753748000
1776753750.71,150.71,0.74,0.75,0.25,0.26,0.01,0.01,76077.94,1776753749000
1776753751.059,151.059,0.74,0.75,0.25,0.26,0.01,0.01,76077.94,1776753749000
1776753751.394,151.394,0.74,0.75,0.25,0.26,0.01,0.01,76077.94,1776753749000
1776753751.757,151.757,0.74,0.75,0.25,0.26,0.01,0.01,76080.69,1776753750000
1776753752.097,152.097,0.74,0.75,0.25,0.26,0.01,0.01,76080.69,1776753750000
1776753752.443,152.443,0.72,0.74,0.26,0.27,0.02,0.01,76080.69,1776753750000
1776753752.784,152.784,0.71,0.72,0.28,0.29,0.01,0.01,76080.69,1776753750000
1776753753.119,153.119,0.71,0.72,0.28,0.29,0.01,0.01,76080.69,1776753750000
1776753753.574,153.574,0.71,0.72,0.28,0.29,0.01,0.01,76077.29,1776753751000
1776753754.059,154.059,0.7,0.72,0.28,0.3,0.02,0.02,76074.53,1776753752000
1776753754.488,154.488,0.69,0.7,0.29,0.3,0.01,0.01,76074.53,1776753752000
1776753754.837,154.837,0.65,0.66,0.34,0.35,0.01,0.01,76074.53,1776753753000
1776753755.51,155.51,0.65,0.66,0.34,0.35,0.01,0.01,76074.53,1776753754000
1776753755.943,155.943,0.65,0.66,0.34,0.35,0.01,0.01,76074.53,1776753754000
1776753756.285,156.285,0.65,0.66,0.34,0.35,0.01,0.01,76074.53,1776753754000
1776753756.816,156.816,0.64,0.66,0.34,0.37,0.02,0.03,76074.23,1776753755000
1776753757.396,157.396,0.64,0.65,0.34,0.37,0.01,0.03,76074.23,1776753755000
1776753757.976,157.976,0.63,0.64,0.36,0.37,0.01,0.01,76074.23,1776753755000
1776753758.343,158.343,0.63,0.64,0.36,0.37,0.01,0.01,76073.49,1776753756000
1776753758.802,158.802,0.63,0.64,0.36,0.37,0.01,0.01,76069.15,1776753757000
1776753759.267,159.267,0.63,0.64,0.36,0.37,0.01,0.01,76069.15,1776753757000
1776753759.617,159.617,0.62,0.64,0.36,0.38,0.02,0.02,76066.34,1776753758000
1776753759.965,159.965,0.6,0.61,0.39,0.4,0.01,0.01,76066.34,1776753758000
1776753760.426,160.426,0.57,0.58,0.42,0.43,0.01,0.01,76066.34,1776753758000
1776753760.837,160.837,0.57,0.58,0.42,0.43,0.01,0.01,76066.34,1776753759000
1776753761.238,161.238,0.56,0.57,0.43,0.44,0.01,0.01,76066.34,1776753759000
1776753761.622,161.622,0.56,0.57,0.43,0.44,0.01,0.01,76065.73,1776753760000
1776753762.034,162.034,0.55,0.56,0.44,0.45,0.01,0.01,76065.73,1776753760000
1776753762.367,162.367,0.55,0.56,0.44,0.45,0.01,0.01,76065.73,1776753760000
1776753762.705,162.705,0.55,0.56,0.44,0.45,0.01,0.01,76062.54,1776753761000
1776753763.183,163.183,0.55,0.56,0.44,0.45,0.01,0.01,76062.54,1776753761000
1776753763.518,163.518,0.55,0.56,0.44,0.45,0.01,0.01,76060.26,1776753762000
1776753764.228,164.228,0.55,0.56,0.44,0.45,0.01,0.01,76060.26,1776753762000
1776753764.783,164.783,0.55,0.56,0.44,0.45,0.01,0.01,76059.2,1776753763000
1776753765.152,165.152,0.55,0.56,0.44,0.45,0.01,0.01,76059.2,1776753763000
1776753765.634,165.634,0.55,0.56,0.44,0.45,0.01,0.01,76058.23,1776753764000
1776753766.078,166.078,0.55,0.56,0.44,0.45,0.01,0.01,76058.23,1776753764000
1776753766.443,166.443,0.55,0.56,0.44,0.45,0.01,0.01,76058.23,1776753764000
1776753767.082,167.082,0.55,0.56,0.44,0.45,0.01,0.01,76057.64,1776753765000
1776753768.141,168.141,0.56,0.57,0.43,0.44,0.01,0.01,76060.14,1776753767000
1776753768.515,168.515,0.56,0.57,0.43,0.44,0.01,0.01,76060.14,1776753767000
1776753769.051,169.051,0.56,0.57,0.43,0.44,0.01,0.01,76060.14,1776753767000
1776753769.555,169.555,0.56,0.57,0.43,0.44,0.01,0.01,76060.13,1776753768000
1776753770.212,170.212,0.56,0.57,0.43,0.44,0.01,0.01,76060.06,1776753769000
1776753770.766,170.766,0.56,0.57,0.43,0.44,0.01,0.01,76060.06,1776753769000
1776753771.298,171.298,0.56,0.57,0.43,0.44,0.01,0.01,76058.78,1776753770000
1776753771.732,171.732,0.55,0.57,0.43,0.44,0.02,0.01,76058.78,1776753770000
1776753772.111,172.111,0.56,0.57,0.43,0.44,0.01,0.01,76058.78,1776753770000
1776753772.459,172.459,0.59,0.6,0.4,0.41,0.01,0.01,76058.83,1776753771000
1776753772.894,172.894,0.59,0.6,0.4,0.41,0.01,0.01,76058.83,1776753771000
1776753773.346,173.346,0.59,0.61,0.39,0.41,0.02,0.02,76058.9,1776753772000
1776753773.847,173.847,0.6,0.61,0.39,0.4,0.01,0.01,76058.9,1776753772000
1776753774.272,174.272,0.6,0.61,0.39,0.4,0.01,0.01,76059.57,1776753773000
1776753774.607,174.607,0.6,0.61,0.39,0.4,0.01,0.01,76059.57,1776753773000
1776753775.217,175.217,0.6,0.61,0.39,0.4,0.01,0.01,76059.57,1776753773000
1776753775.612,175.612,0.6,0.61,0.39,0.4,0.01,0.01,76062.52,1776753774000
1776753776.154,176.154,0.6,0.61,0.39,0.4,0.01,0.01,76062.52,1776753774000
1776753776.968,176.968,0.6,0.61,0.39,0.4,0.01,0.01,76061.51,1776753775000
1776753777.529,177.529,0.6,0.61,0.39,0.4,0.01,0.01,76061.85,1776753776000
1776753778.057,178.057,0.6,0.62,0.38,0.4,0.02,0.02,76061.85,1776753776000
1776753778.587,178.587,0.6,0.61,0.38,0.4,0.01,0.02,76061.84,1776753777000
1776753779.677,179.677,0.6,0.61,0.39,0.4,0.01,0.01,76061.84,1776753777000
1776753780.042,180.042,0.58,0.61,0.39,0.4,0.03,0.01,76061.84,1776753777000
1776753780.379,180.379,0.57,0.58,0.42,0.43,0.01,0.01,76061.38,1776753778000
1776753780.735,180.735,0.57,0.59,0.41,0.43,0.02,0.02,76060.15,1776753779000
1776753781.233,181.233,0.57,0.58,0.41,0.43,0.01,0.02,76060.15,1776753779000
1776753781.571,181.571,0.57,0.58,0.42,0.43,0.01,0.01,76060.12,1776753780000
1776753781.933,181.933,0.57,0.58,0.42,0.43,0.01,0.01,76060.12,1776753780000
1776753782.414,182.414,0.57,0.58,0.42,0.43,0.01,0.01,76059.74,1776753781000
1776753782.794,182.794,0.59,0.6,0.4,0.41,0.01,0.01,76059.74,1776753781000
1776753783.158,183.158,0.59,0.6,0.4,0.41,0.01,0.01,76059.67,1776753782000
1776753784.159,184.159,0.59,0.6,0.4,0.41,0.01,0.01,76061.26,1776753783000
1776753785.337,185.337,0.59,0.66,0.4,0.41,0.07,0.01,76061.26,1776753783000
1776753785.732,185.732,0.61,0.68,0.33,0.39,0.07,0.06,76062.98,1776753784000
1776753786.197,186.197,0.66,0.69,0.31,0.39,0.03,0.08,76062.98,1776753784000
1776753787.117,187.117,0.66,0.69,0.31,0.34,0.03,0.03,76066.16,1776753786000
1776753788.12,188.12,0.66,0.68,0.31,0.34,0.02,0.03,76066.16,1776753786000
1776753789.09,189.09,0.61,0.68,0.32,0.34,0.07,0.02,76067.38,1776753787000
1776753789.429,189.429,0.65,0.68,0.32,0.39,0.03,0.07,76068.05,1776753788000
1776753789.765,189.765,0.63,0.65,0.35,0.37,0.02,0.02,76068.05,1776753788000
1776753790.109,190.109,0.64,0.65,0.34,0.36,0.01,0.02,76068.05,1776753788000
1776753790.577,190.577,0.64,0.65,0.35,0.36,0.01,0.01,76068.11,1776753789000
1776753790.953,190.953,0.64,0.65,0.35,0.36,0.01,0.01,76068.11,1776753789000
1776753791.328,191.328,0.64,0.66,0.35,0.36,0.02,0.01,76068.05,1776753790000
1776753791.757,191.757,0.64,0.68,0.32,0.36,0.04,0.04,76068.05,1776753790000
1776753792.098,192.098,0.64,0.65,0.34,0.36,0.01,0.02,76068.05,1776753790000
1776753792.579,192.579,0.64,0.65,0.35,0.36,0.01,0.01,76068.34,1776753791000
1776753792.994,192.994,0.64,0.65,0.35,0.36,0.01,0.01,76068.34,1776753791000
1776753793.418,193.418,0.64,0.66,0.34,0.36,0.02,0.02,76068.34,1776753791000
1776753793.961,193.961,0.64,0.65,0.35,0.36,0.01,0.01,76067.35,1776753793000
1776753794.382,194.382,0.64,0.65,0.35,0.36,0.01,0.01,76067.35,1776753793000
1776753794.733,194.733,0.64,0.65,0.35,0.36,0.01,0.01,76067.35,1776753793000
1776753795.352,195.352,0.64,0.65,0.35,0.36,0.01,0.01,76067.26,1776753794000
1776753795.803,195.803,0.64,0.65,0.35,0.36,0.01,0.01,76067.26,1776753794000
1776753796.443,196.443,0.64,0.65,0.35,0.36,0.01,0.01,76067.26,1776753794000
1776753796.808,196.808,0.63,0.65,0.35,0.37,0.02,0.02,76062.72,1776753795000
1776753797.183,197.183,0.57,0.61,0.39,0.42,0.04,0.03,76062.72,1776753795000
1776753797.784,197.784,0.56,0.59,0.41,0.46,0.03,0.05,76062.72,1776753796000
1776753798.124,198.124,0.51,0.57,0.43,0.48,0.06,0.05,76060.67,1776753797000
1776753798.471,198.471,0.51,0.52,0.48,0.5,0.01,0.02,76060.67,1776753797000
1776753798.809,198.809,0.51,0.52,0.48,0.49,0.01,0.01,76060.67,1776753797000
1776753799.149,199.149,0.51,0.52,0.48,0.49,0.01,0.01,76060.67,1776753797000
1776753799.507,199.507,0.51,0.52,0.48,0.49,0.01,0.01,76059.5,1776753798000
1776753800.208,200.208,0.51,0.52,0.48,0.49,0.01,0.01,76059.5,1776753798000
1776753800.78,200.78,0.51,0.52,0.48,0.49,0.01,0.01,76055.96,1776753799000
1776753801.259,201.259,0.51,0.54,0.46,0.5,0.03,0.04,76055.99,1776753800000
1776753801.724,201.724,0.51,0.52,0.46,0.49,0.01,0.03,76055.99,1776753800000
1776753802.168,202.168,0.51,0.52,0.48,0.49,0.01,0.01,76058.69,1776753801000
1776753802.64,202.64,0.51,0.52,0.48,0.49,0.01,0.01,76058.69,1776753801000
1776753802.98,202.98,0.5,0.52,0.48,0.5,0.02,0.02,76058.69,1776753801000
1776753803.353,203.353,0.48,0.5,0.5,0.52,0.02,0.02,76056.58,1776753802000
1776753803.819,203.819,0.39,0.44,0.56,0.61,0.05,0.05,76056.58,1776753802000
1776753804.159,204.159,0.35,0.37,0.63,0.65,0.02,0.02,76056.58,1776753802000
1776753804.541,204.541,0.29,0.31,0.69,0.71,0.02,0.02,76053.99,1776753803000
1776753804.91,204.91,0.3,0.31,0.69,0.7,0.01,0.01,76053.99,1776753803000
1776753805.249,205.249,0.3,0.31,0.69,0.71,0.01,0.02,76045.4,1776753804000
1776753805.592,205.592,0.3,0.31,0.69,0.7,0.01,0.01,76045.4,1776753804000
1776753806.0,206.0,0.3,0.31,0.69,0.7,0.01,0.01,76045.4,1776753804000
1776753806.388,206.388,0.3,0.31,0.69,0.7,0.01,0.01,76040.87,1776753805000
1776753806.814,206.814,0.3,0.31,0.69,0.7,0.01,0.01,76040.87,1776753805000
1776753807.258,207.258,0.29,0.3,0.7,0.71,0.01,0.01,76040.49,1776753806000
1776753807.603,207.603,0.29,0.3,0.7,0.71,0.01,0.01,76040.49,1776753806000
1776753807.941,207.941,0.29,0.3,0.7,0.71,0.01,0.01,76040.49,1776753806000
1776753808.299,208.299,0.29,0.3,0.7,0.71,0.01,0.01,76040.49,1776753806000
1776753808.64,208.64,0.28,0.29,0.71,0.72,0.01,0.01,76040.43,1776753807000
1776753808.975,208.975,0.28,0.29,0.71,0.72,0.01,0.01,76040.43,1776753807000
1776753809.356,209.356,0.28,0.29,0.71,0.72,0.01,0.01,76038.39,1776753808000
1776753809.703,209.703,0.28,0.29,0.71,0.72,0.01,0.01,76038.39,1776753808000
1776753810.098,210.098,0.21,0.22,0.78,0.79,0.01,0.01,76038.39,1776753808000
1776753810.434,210.434,0.2,0.22,0.78,0.8,0.02,0.02,76038.39,1776753808000
1776753810.813,210.813,0.16,0.17,0.83,0.84,0.01,0.01,76036.66,1776753809000
1776753811.172,211.172,0.16,0.17,0.83,0.84,0.01,0.01,76036.66,1776753809000
1776753811.518,211.518,0.17,0.21,0.79,0.83,0.04,0.04,76035.74,1776753810000
1776753811.897,211.897,0.17,0.18,0.82,0.83,0.01,0.01,76035.74,1776753810000
1776753812.341,212.341,0.17,0.18,0.82,0.83,0.01,0.01,76032.46,1776753811000
1776753812.741,212.741,0.18,0.19,0.81,0.82,0.01,0.01,76032.46,1776753811000
1776753813.074,213.074,0.18,0.19,0.81,0.82,0.01,0.01,76032.46,1776753811000
1776753813.492,213.492,0.18,0.19,0.81,0.82,0.01,0.01,76026.99,1776753812000
1776753813.858,213.858,0.18,0.19,0.81,0.82,0.01,0.01,76026.99,1776753812000
1776753814.255,214.255,0.19,0.2,0.8,0.82,0.01,0.02,76026.99,1776753812000
1776753814.634,214.634,0.19,0.2,0.8,0.81,0.01,0.01,76026.99,1776753813000
1776753814.988,214.988,0.19,0.2,0.8,0.81,0.01,0.01,76026.99,1776753813000
1776753815.44,215.44,0.19,0.2,0.8,0.81,0.01,0.01,76026.99,1776753814000
1776753815.82,215.82,0.18,0.19,0.81,0.82,0.01,0.01,76026.99,1776753814000
1776753816.226,216.226,0.18,0.19,0.81,0.82,0.01,0.01,76026.99,1776753815000
1776753816.716,216.716,0.18,0.19,0.81,0.82,0.01,0.01,76026.99,1776753815000
1776753817.072,217.072,0.18,0.19,0.81,0.82,0.01,0.01,76026.99,1776753815000
1776753817.448,217.448,0.19,0.2,0.8,0.82,0.01,0.02,76027.01,1776753816000
1776753817.86,217.86,0.19,0.2,0.8,0.81,0.01,0.01,76027.01,1776753816000
1776753818.209,218.209,0.19,0.2,0.8,0.81,0.01,0.01,76027.01,1776753816000
1776753818.698,218.698,0.19,0.2,0.8,0.81,0.01,0.01,76027.57,1776753817000
1776753819.048,219.048,0.3,0.31,0.69,0.7,0.01,0.01,76027.57,1776753817000
1776753819.385,219.385,0.35,0.36,0.64,0.65,0.01,0.01,76027.57,1776753817000
1776753819.755,219.755,0.36,0.37,0.63,0.65,0.01,0.02,76028.44,1776753818000
1776753820.099,220.099,0.36,0.37,0.63,0.64,0.01,0.01,76028.44,1776753818000
1776753820.432,220.432,0.36,0.37,0.63,0.64,0.01,0.01,76028.44,1776753819000
1776753820.869,220.869,0.35,0.36,0.64,0.65,0.01,0.01,76028.44,1776753819000
1776753821.235,221.235,0.35,0.36,0.64,0.65,0.01,0.01,76034.11,1776753820000
1776753821.598,221.598,0.35,0.36,0.64,0.65,0.01,0.01,76034.11,1776753820000
1776753822.007,222.007,0.35,0.36,0.64,0.65,0.01,0.01,76034.11,1776753820000
1776753822.341,222.341,0.35,0.36,0.64,0.65,0.01,0.01,76037.11,1776753821000
1776753822.694,222.694,0.35,0.36,0.64,0.65,0.01,0.01,76037.11,1776753821000
1776753823.038,223.038,0.34,0.35,0.65,0.66,0.01,0.01,76037.11,1776753821000
1776753823.394,223.394,0.36,0.37,0.63,0.64,0.01,0.01,76037.11,1776753821000
1776753823.77,223.77,0.36,0.37,0.63,0.64,0.01,0.01,76037.18,1776753822000
1776753824.237,224.237,0.33,0.35,0.63,0.66,0.02,0.03,76037.18,1776753822000
1776753824.763,224.763,0.32,0.35,0.65,0.67,0.03,0.02,76038.32,1776753823000
1776753825.309,225.309,0.32,0.35,0.65,0.68,0.03,0.03,76038.41,1776753824000
1776753825.682,225.682,0.32,0.33,0.66,0.68,0.01,0.02,76038.41,1776753824000
1776753826.017,226.017,0.32,0.33,0.67,0.68,0.01,0.01,76038.41,1776753824000
1776753826.354,226.354,0.32,0.33,0.67,0.68,0.01,0.01,76038.45,1776753825000
1776753826.729,226.729,0.32,0.33,0.67,0.68,0.01,0.01,76038.45,1776753825000
1776753827.303,227.303,0.31,0.33,0.67,0.69,0.02,0.02,76038.91,1776753826000
1776753827.738,227.738,0.31,0.32,0.68,0.69,0.01,0.01,76038.91,1776753826000
1776753828.267,228.267,0.31,0.32,0.68,0.69,0.01,0.01,76039.07,1776753827000
1776753828.736,228.736,0.32,0.33,0.67,0.68,0.01,0.01,76039.07,1776753827000
1776753829.221,229.221,0.32,0.33,0.67,0.68,0.01,0.01,76039.1,1776753828000
1776753829.755,229.755,0.32,0.33,0.67,0.68,0.01,0.01,76039.1,1776753828000
1776753830.118,230.118,0.31,0.32,0.67,0.68,0.01,0.01,76039.1,1776753828000
1776753830.485,230.485,0.31,0.32,0.68,0.69,0.01,0.01,76039.11,1776753829000
1776753830.892,230.892,0.3,0.31,0.69,0.7,0.01,0.01,76039.11,1776753829000
1776753831.243,231.243,0.28,0.29,0.71,0.72,0.01,0.01,76039.04,1776753830000
1776753831.732,231.732,0.28,0.29,0.71,0.72,0.01,0.01,76039.04,1776753830000
1776753832.092,232.092,0.28,0.29,0.71,0.72,0.01,0.01,76039.05,1776753831000
1776753832.69,232.69,0.28,0.29,0.71,0.72,0.01,0.01,76039.05,1776753831000
1776753833.04,233.04,0.28,0.29,0.71,0.72,0.01,0.01,76036.96,1776753832000
1776753833.553,233.553,0.28,0.29,0.71,0.72,0.01,0.01,76036.96,1776753832000
1776753833.962,233.962,0.28,0.29,0.71,0.72,0.01,0.01,76037.71,1776753833000
1776753834.322,234.322,0.26,0.27,0.73,0.74,0.01,0.01,76037.71,1776753833000
1776753834.971,234.971,0.25,0.26,0.73,0.74,0.01,0.01,76037.71,1776753833000
1776753835.309,235.309,0.24,0.25,0.75,0.76,0.01,0.01,76037.71,1776753834000
1776753835.727,235.727,0.24,0.25,0.75,0.76,0.01,0.01,76037.71,1776753834000
1776753836.206,236.206,0.24,0.25,0.75,0.76,0.01,0.01,76037.71,1776753835000
1776753836.625,236.625,0.24,0.25,0.75,0.76,0.01,0.01,76037.71,1776753835000
1776753837.042,237.042,0.24,0.25,0.75,0.76,0.01,0.01,76037.71,1776753835000
1776753837.527,237.527,0.21,0.22,0.75,0.79,0.01,0.04,76037.71,1776753835000
1776753837.976,237.976,0.21,0.22,0.78,0.79,0.01,0.01,76036.16,1776753836000
1776753838.329,238.329,0.21,0.22,0.78,0.79,0.01,0.01,76035.98,1776753837000
1776753838.996,238.996,0.21,0.23,0.78,0.79,0.02,0.01,76035.98,1776753837000
1776753839.362,239.362,0.22,0.23,0.77,0.78,0.01,0.01,76035.98,1776753837000
1776753839.771,239.771,0.22,0.23,0.77,0.78,0.01,0.01,76033.86,1776753838000
1776753840.136,240.136,0.21,0.23,0.77,0.79,0.02,0.02,76033.58,1776753839000
1776753840.471,240.471,0.21,0.22,0.78,0.79,0.01,0.01,76033.58,1776753839000
1776753840.994,240.994,0.17,0.18,0.81,0.83,0.01,0.02,76033.58,1776753839000
1776753841.395,241.395,0.17,0.18,0.82,0.83,0.01,0.01,76033.58,1776753840000
1776753841.731,241.731,0.18,0.19,0.81,0.83,0.01,0.02,76033.58,1776753840000
1776753842.097,242.097,0.2,0.21,0.79,0.8,0.01,0.01,76033.58,1776753840000
1776753842.671,242.671,0.16,0.17,0.79,0.84,0.01,0.05,76033.59,1776753841000
1776753843.035,243.035,0.12,0.13,0.87,0.89,0.01,0.02,76033.59,1776753841000
1776753843.369,243.369,0.12,0.13,0.87,0.88,0.01,0.01,76033.89,1776753842000
1776753843.786,243.786,0.13,0.15,0.86,0.87,0.02,0.01,76033.89,1776753842000
1776753844.19,244.19,0.14,0.17,0.85,0.87,0.03,0.02,76032.95,1776753843000
1776753844.651,244.651,0.16,0.17,0.83,0.84,0.01,0.01,76032.95,1776753843000
1776753845.018,245.018,0.16,0.17,0.83,0.84,0.01,0.01,76032.95,1776753843000
1776753845.435,245.435,0.16,0.17,0.83,0.84,0.01,0.01,76029.47,1776753844000
1776753845.822,245.822,0.11,0.13,0.87,0.88,0.02,0.01,76029.47,1776753844000
1776753846.17,246.17,0.11,0.13,0.87,0.88,0.02,0.01,76031.54,1776753845000
1776753846.512,246.512,0.11,0.12,0.88,0.89,0.01,0.01,76031.54,1776753845000
1776753846.874,246.874,0.13,0.14,0.86,0.88,0.01,0.02,76031.54,1776753845000
1776753847.216,247.216,0.13,0.14,0.86,0.87,0.01,0.01,76029.79,1776753846000
1776753847.597,247.597,0.13,0.14,0.86,0.87,0.01,0.01,76029.79,1776753846000
1776753847.999,247.999,0.12,0.15,0.85,0.87,0.03,0.02,76029.79,1776753846000
1776753848.367,248.367,0.11,0.12,0.88,0.89,0.01,0.01,76026.97,1776753847000
1776753848.78,248.78,0.13,0.14,0.86,0.87,0.01,0.01,76026.97,1776753847000
1776753849.146,249.146,0.13,0.14,0.86,0.87,0.01,0.01,76026.97,1776753847000
1776753849.502,249.502,0.14,0.15,0.85,0.86,0.01,0.01,76029.08,1776753848000
1776753849.918,249.918,0.13,0.14,0.86,0.87,0.01,0.01,76029.08,1776753848000
1776753850.265,250.265,0.11,0.12,0.88,0.89,0.01,0.01,76029.08,1776753848000
1776753850.672,250.672,0.11,0.12,0.88,0.89,0.01,0.01,76029.78,1776753849000
1776753851.016,251.016,0.13,0.15,0.86,0.87,0.02,0.01,76029.78,1776753849000
1776753851.391,251.391,0.18,0.2,0.81,0.82,0.02,0.01,76029.78,1776753849000
1776753851.739,251.739,0.19,0.2,0.8,0.81,0.01,0.01,76029.78,1776753849000
1776753852.094,252.094,0.18,0.19,0.8,0.81,0.01,0.01,76030.02,1776753850000
1776753852.428,252.428,0.18,0.19,0.81,0.82,0.01,0.01,76030.02,1776753850000
1776753852.829,252.829,0.18,0.19,0.81,0.82,0.01,0.01,76030.02,1776753851000
1776753853.513,253.513,0.16,0.18,0.81,0.83,0.02,0.02,76030.02,1776753851000
1776753853.847,253.847,0.16,0.17,0.83,0.84,0.01,0.01,76030.03,1776753852000
1776753854.305,254.305,0.14,0.15,0.83,0.86,0.01,0.03,76030.03,1776753852000
1776753854.806,254.806,0.14,0.15,0.85,0.86,0.01,0.01,76031.1,1776753853000
1776753855.163,255.163,0.1,0.11,0.89,0.9,0.01,0.01,76031.2,1776753854000
1776753855.535,255.535,0.1,0.11,0.89,0.9,0.01,0.01,76031.2,1776753854000
1776753856.066,256.066,0.1,0.11,0.89,0.9,0.01,0.01,76031.2,1776753854000
1776753856.431,256.431,0.1,0.11,0.89,0.9,0.01,0.01,76031.2,1776753854000
1776753856.985,256.985,0.1,0.11,0.89,0.9,0.01,0.01,76031.07,1776753855000
1776753857.338,257.338,0.08,0.09,0.91,0.92,0.01,0.01,76031.01,1776753856000
1776753857.82,257.82,0.08,0.09,0.91,0.92,0.01,0.01,76031.01,1776753856000
1776753858.261,258.261,0.08,0.09,0.91,0.92,0.01,0.01,76031.01,1776753856000
1776753858.613,258.613,0.08,0.09,0.91,0.92,0.01,0.01,76030.21,1776753857000
1776753859.303,259.303,0.08,0.09,0.91,0.92,0.01,0.01,76030.21,1776753857000
1776753859.636,259.636,0.08,0.09,0.91,0.92,0.01,0.01,76029.98,1776753858000
1776753860.018,260.018,0.09,0.1,0.9,0.92,0.01,0.02,76029.98,1776753858000
1776753860.383,260.383,0.09,0.1,0.9,0.91,0.01,0.01,76029.98,1776753858000
1776753860.898,260.898,0.1,0.11,0.89,0.91,0.01,0.02,76029.3,1776753859000
1776753861.241,261.241,0.09,0.1,0.9,0.91,0.01,0.01,76029.3,1776753859000
1776753861.754,261.754,0.09,0.11,0.9,0.91,0.02,0.01,76029.3,1776753860000
1776753862.103,262.103,0.1,0.11,0.89,0.9,0.01,0.01,76029.3,1776753861000
1776753862.549,262.549,0.11,0.12,0.88,0.9,0.01,0.02,76029.3,1776753861000
1776753862.913,262.913,0.11,0.12,0.88,0.89,0.01,0.01,76029.3,1776753861000
1776753863.479,263.479,0.1,0.11,0.88,0.9,0.01,0.02,76029.3,1776753861000
1776753863.816,263.816,0.1,0.11,0.89,0.9,0.01,0.01,76029.31,1776753862000
1776753864.176,264.176,0.09,0.1,0.9,0.91,0.01,0.01,76029.31,1776753862000
1776753864.514,264.514,0.09,0.1,0.9,0.91,0.01,0.01,76029.31,1776753863000
1776753864.855,264.855,0.08,0.09,0.91,0.92,0.01,0.01,76029.31,1776753863000
1776753865.256,265.256,0.08,0.09,0.91,0.92,0.01,0.01,76029.3,1776753864000
1776753865.624,265.624,0.08,0.09,0.91,0.92,0.01,0.01,76029.3,1776753864000
1776753866.035,266.035,0.09,0.1,0.9,0.91,0.01,0.01,76029.3,1776753864000
1776753866.47,266.47,0.09,0.1,0.9,0.91,0.01,0.01,76029.3,1776753864000
1776753866.842,266.842,0.08,0.09,0.91,0.92,0.01,0.01,76029.3,1776753865000
1776753867.221,267.221,0.08,0.09,0.91,0.92,0.01,0.01,76029.3,1776753865000
1776753867.563,267.563,0.08,0.09,0.91,0.92,0.01,0.01,76029.31,1776753866000
1776753867.999,267.999,0.08,0.09,0.91,0.92,0.01,0.01,76029.31,1776753866000
1776753868.445,268.445,0.08,0.09,0.91,0.92,0.01,0.01,76029.31,1776753866000
1776753868.907,268.907,0.08,0.09,0.91,0.92,0.01,0.01,76029.31,1776753867000
1776753869.242,269.242,0.08,0.09,0.91,0.92,0.01,0.01,76029.31,1776753867000
1776753869.91,269.91,0.08,0.09,0.91,0.92,0.01,0.01,76029.31,1776753868000
1776753870.371,270.371,0.08,0.09,0.91,0.92,0.01,0.01,76029.31,1776753868000
1776753870.797,270.797,0.08,0.09,0.91,0.92,0.01,0.01,76029.31,1776753868000
1776753871.168,271.168,0.08,0.09,0.91,0.92,0.01,0.01,76029.32,1776753869000
1776753871.512,271.512,0.08,0.09,0.91,0.92,0.01,0.01,76029.32,1776753869000
1776753871.845,271.845,0.08,0.09,0.91,0.92,0.01,0.01,76028.64,1776753870000
1776753872.185,272.185,0.08,0.09,0.91,0.92,0.01,0.01,76028.63,1776753871000
1776753872.542,272.542,0.08,0.09,0.91,0.92,0.01,0.01,76028.63,1776753871000
1776753872.88,272.88,0.08,0.09,0.91,0.92,0.01,0.01,76028.63,1776753871000
1776753873.28,273.28,0.08,0.09,0.91,0.92,0.01,0.01,76028.63,1776753872000
1776753873.615,273.615,0.08,0.09,0.91,0.92,0.01,0.01,76028.63,1776753872000
1776753874.242,274.242,0.08,0.09,0.91,0.92,0.01,0.01,76028.63,1776753872000
1776753874.609,274.609,0.08,0.09,0.91,0.92,0.01,0.01,76028.63,1776753873000
1776753874.968,274.968,0.08,0.09,0.91,0.92,0.01,0.01,76028.63,1776753873000
1776753875.417,275.417,0.08,0.09,0.91,0.92,0.01,0.01,76028.63,1776753874000
1776753875.917,275.917,0.08,0.09,0.91,0.92,0.01,0.01,76028.63,1776753874000
1776753876.605,276.605,0.08,0.09,0.91,0.92,0.01,0.01,76028.64,1776753875000
1776753876.945,276.945,0.08,0.09,0.91,0.92,0.01,0.01,76028.64,1776753875000
1776753877.305,277.305,0.08,0.09,0.91,0.92,0.01,0.01,76028.41,1776753876000
1776753877.749,277.749,0.08,0.09,0.91,0.92,0.01,0.01,76028.41,1776753876000
1776753878.205,278.205,0.08,0.09,0.91,0.92,0.01,0.01,76028.41,1776753876000
1776753878.625,278.625,0.07,0.08,0.91,0.93,0.01,0.02,76028.41,1776753877000
1776753879.008,279.008,0.07,0.08,0.92,0.93,0.01,0.01,76028.41,1776753877000
1776753879.358,279.358,0.07,0.08,0.92,0.93,0.01,0.01,76028.41,1776753877000
1776753879.713,279.713,0.07,0.08,0.92,0.93,0.01,0.01,76028.41,1776753878000
1776753880.159,280.159,0.07,0.15,0.92,0.93,0.08,0.01,76028.41,1776753878000
1776753880.494,280.494,0.09,0.1,0.9,0.91,0.01,0.01,76026.92,1776753879000
1776753880.853,280.853,0.08,0.09,0.9,0.92,0.01,0.02,76026.92,1776753879000
1776753881.395,281.395,0.05,0.06,0.94,0.95,0.01,0.01,76026.94,1776753880000
1776753881.76,281.76,0.05,0.06,0.94,0.95,0.01,0.01,76026.94,1776753880000
1776753882.109,282.109,0.04,0.05,0.94,0.95,0.01,0.01,76026.94,1776753881000
1776753882.451,282.451,0.04,0.05,0.95,0.96,0.01,0.01,76026.94,1776753881000
1776753882.793,282.793,0.03,0.04,0.96,0.97,0.01,0.01,76026.94,1776753881000
1776753883.351,283.351,0.03,0.04,0.96,0.97,0.01,0.01,76026.37,1776753882000
1776753883.819,283.819,0.03,0.04,0.96,0.97,0.01,0.01,76026.37,1776753882000
1776753884.335,284.335,0.03,0.04,0.96,0.97,0.01,0.01,76024.74,1776753883000
1776753884.672,284.672,0.03,0.04,0.96,0.97,0.01,0.01,76024.74,1776753883000
1776753885.009,285.009,0.03,0.04,0.96,0.97,0.01,0.01,76024.74,1776753883000
1776753885.375,285.375,0.02,0.03,0.96,0.98,0.01,0.02,76025.39,1776753884000
1776753885.72,285.72,0.02,0.03,0.97,0.98,0.01,0.01,76025.39,1776753884000
1776753886.059,286.059,0.02,0.03,0.97,0.98,0.01,0.01,76025.39,1776753884000
1776753886.415,286.415,0.02,0.03,0.97,0.98,0.01,0.01,76025.39,1776753884000
1776753886.797,286.797,0.01,0.02,0.98,0.99,0.01,0.01,76019.38,1776753885000
1776753887.131,287.131,0.01,0.02,0.98,0.99,0.01,0.01,76018.73,1776753886000
1776753887.562,287.562,0.01,0.02,0.98,0.99,0.01,0.01,76018.73,1776753886000
1776753887.963,287.963,0.01,0.02,0.98,0.99,0.01,0.01,76018.73,1776753886000
1776753888.338,288.338,0.01,0.02,0.98,0.99,0.01,0.01,76017.65,1776753887000
1776753889.039,289.039,0.01,0.02,0.98,0.99,0.01,0.01,76017.65,1776753887000
1776753889.396,289.396,0.01,0.02,0.98,0.99,0.01,0.01,76017.22,1776753888000
1776753889.874,289.874,0.01,0.02,0.98,0.99,0.01,0.01,76017.22,1776753888000
1776753890.27,290.27,0.01,0.02,0.98,0.99,0.01,0.01,76017.23,1776753889000
1776753890.684,290.684,0.01,0.02,0.98,0.99,0.01,0.01,76017.23,1776753889000
1776753891.027,291.027,0.01,0.02,0.98,0.99,0.01,0.01,76017.23,1776753889000
1776753891.41,291.41,0.01,0.01,0.98,0.99,0.0,0.01,76017.23,1776753889000
1776753891.746,291.746,0.01,0.01,0.99,0.99,0.0,0.0,76017.11,1776753890000
1776753892.3,292.3,0.01,0.01,0.99,0.99,0.0,0.0,76015.02,1776753891000
1776753893.098,293.098,0.01,0.01,0.99,0.99,0.0,0.0,76015.02,1776753891000
1776753894.347,294.347,0.01,0.01,0.99,0.99,0.0,0.0,76018.76,1776753893000
1776753894.953,294.953,0.01,0.01,0.99,0.99,0.0,0.0,76018.76,1776753893000
1776753895.408,295.408,0.01,0.01,0.99,0.99,0.0,0.0,76018.76,1776753893000
1776753896.009,296.009,0.01,0.01,0.99,0.99,0.0,0.0,76018.69,1776753895000
1776753896.368,296.368,0.01,0.01,0.99,0.99,0.0,0.0,76018.69,1776753895000
1776753897.254,297.254,0.01,0.01,0.99,0.99,0.0,0.0,76018.73,1776753896000
1776753897.909,297.909,0.01,0.01,0.99,0.99,0.0,0.0,76018.73,1776753896000
1776753898.373,298.373,0.01,0.01,0.99,0.99,0.0,0.0,76018.84,1776753897000
1776753898.921,298.921,0.01,0.01,0.99,0.99,0.0,0.0,76018.87,1776753898000
1776753899.289,299.289,0.01,0.01,0.99,0.99,0.0,0.0,76018.87,1776753898000
1776753899.714,299.714,0.01,0.01,0.99,0.99,0.0,0.0,76018.87,1776753898000
1776753900.239,300.239,0.01,0.01,0.99,0.99,0.0,0.0,76018.87,1776753898000
1776753900.748,300.748,0.01,0.01,0.99,0.99,0.0,0.0,76018.89,1776753899000

# RESULT,winner=Down,slug=btc-updown-5m-1776753600,ticks=663
