timestamp,elapsed_sec,up_bid,up_ask,down_bid,down_ask,up_spread,down_spread,btc_price,btc_oracle_ts
1776469500.547,0.547,0.53,0.55,0.46,0.47,0.02,0.01,77061.01,1776469499000
1776469501.029,1.029,0.55,0.56,0.44,0.46,0.01,0.02,77061.01,1776469499000
1776469501.377,1.377,0.55,0.56,0.44,0.45,0.01,0.01,77061.01,1776469499000
1776469502.022,2.022,0.55,0.56,0.44,0.45,0.01,0.01,77061.01,1776469500000
1776469502.488,2.488,0.55,0.56,0.44,0.45,0.01,0.01,77061.01,1776469500000
1776469502.881,2.881,0.55,0.57,0.43,0.45,0.02,0.02,77061.01,1776469501000
1776469503.214,3.214,0.56,0.57,0.43,0.44,0.01,0.01,77061.01,1776469501000
1776469503.611,3.611,0.56,0.57,0.43,0.44,0.01,0.01,77061.01,1776469501000
1776469504.09,4.09,0.56,0.57,0.43,0.44,0.01,0.01,77063.75,1776469502000
1776469504.579,4.579,0.56,0.57,0.43,0.44,0.01,0.01,77063.75,1776469502000
1776469504.945,4.945,0.56,0.57,0.43,0.44,0.01,0.01,77066.23,1776469503000
1776469505.338,5.338,0.56,0.57,0.43,0.44,0.01,0.01,77066.23,1776469503000
1776469505.718,5.718,0.57,0.58,0.42,0.44,0.01,0.02,77069.2,1776469504000
1776469506.066,6.066,0.57,0.58,0.42,0.43,0.01,0.01,77069.2,1776469504000
1776469506.425,6.425,0.57,0.58,0.42,0.43,0.01,0.01,77070.38,1776469505000
1776469507.069,7.069,0.57,0.58,0.42,0.43,0.01,0.01,77070.38,1776469505000
1776469507.497,7.497,0.57,0.58,0.42,0.43,0.01,0.01,77071.37,1776469506000
1776469507.83,7.83,0.57,0.58,0.42,0.43,0.01,0.01,77071.37,1776469506000
1776469508.318,8.318,0.57,0.58,0.42,0.43,0.01,0.01,77071.37,1776469506000
1776469509.114,9.114,0.57,0.58,0.42,0.43,0.01,0.01,77075.35,1776469507000
1776469509.542,9.542,0.57,0.58,0.42,0.43,0.01,0.01,77075.41,1776469508000
1776469510.053,10.053,0.57,0.59,0.42,0.43,0.02,0.01,77075.41,1776469508000
1776469510.424,10.424,0.58,0.59,0.41,0.42,0.01,0.01,77075.69,1776469509000
1776469510.846,10.846,0.59,0.6,0.4,0.41,0.01,0.01,77075.69,1776469509000
1776469511.372,11.372,0.59,0.6,0.4,0.41,0.01,0.01,77075.72,1776469510000
1776469511.741,11.741,0.6,0.61,0.39,0.4,0.01,0.01,77075.72,1776469510000
1776469512.152,12.152,0.6,0.61,0.39,0.4,0.01,0.01,77075.72,1776469510000
1776469512.488,12.488,0.6,0.61,0.39,0.4,0.01,0.01,77075.72,1776469510000
1776469512.855,12.855,0.6,0.61,0.39,0.4,0.01,0.01,77076.3,1776469511000
1776469513.271,13.271,0.6,0.61,0.39,0.4,0.01,0.01,77076.99,1776469512000
1776469514.017,14.017,0.6,0.61,0.39,0.4,0.01,0.01,77076.99,1776469512000
1776469514.404,14.404,0.6,0.61,0.39,0.4,0.01,0.01,77076.95,1776469513000
1776469514.741,14.741,0.6,0.61,0.39,0.4,0.01,0.01,77076.95,1776469513000
1776469515.166,15.166,0.6,0.61,0.39,0.4,0.01,0.01,77076.95,1776469513000
1776469515.518,15.518,0.6,0.61,0.39,0.4,0.01,0.01,77076.71,1776469514000
1776469516.071,16.071,0.6,0.61,0.39,0.4,0.01,0.01,77076.71,1776469514000
1776469516.408,16.408,0.6,0.61,0.39,0.4,0.01,0.01,77076.71,1776469515000
1776469517.08,17.08,0.6,0.61,0.39,0.4,0.01,0.01,77076.71,1776469515000
1776469517.481,17.481,0.6,0.61,0.39,0.4,0.01,0.01,77076.72,1776469516000
1776469517.937,17.937,0.6,0.61,0.39,0.4,0.01,0.01,77076.72,1776469516000
1776469518.301,18.301,0.6,0.61,0.39,0.4,0.01,0.01,77076.72,1776469516000
1776469518.776,18.776,0.6,0.61,0.39,0.4,0.01,0.01,77073.71,1776469517000
1776469519.294,19.294,0.59,0.6,0.4,0.41,0.01,0.01,77073.71,1776469518000
1776469519.671,19.671,0.59,0.6,0.4,0.41,0.01,0.01,77073.71,1776469518000
1776469520.13,20.13,0.57,0.58,0.41,0.43,0.01,0.02,77072.12,1776469519000
1776469520.523,20.523,0.57,0.58,0.42,0.43,0.01,0.01,77072.12,1776469519000
1776469520.94,20.94,0.57,0.58,0.42,0.43,0.01,0.01,77072.12,1776469519000
1776469521.327,21.327,0.57,0.58,0.42,0.43,0.01,0.01,77071.3,1776469520000
1776469521.815,21.815,0.6,0.62,0.38,0.4,0.02,0.02,77071.3,1776469520000
1776469522.231,22.231,0.61,0.62,0.36,0.39,0.01,0.03,77071.26,1776469521000
1776469522.591,22.591,0.63,0.64,0.36,0.39,0.01,0.03,77071.26,1776469521000
1776469523.033,23.033,0.62,0.65,0.35,0.38,0.03,0.03,77070.47,1776469522000
1776469523.391,23.391,0.62,0.63,0.37,0.38,0.01,0.01,77070.47,1776469522000
1776469523.745,23.745,0.62,0.63,0.37,0.38,0.01,0.01,77070.47,1776469522000
1776469524.131,24.131,0.62,0.63,0.37,0.38,0.01,0.01,77079.51,1776469523000
1776469524.862,24.862,0.62,0.63,0.37,0.38,0.01,0.01,77079.51,1776469523000
1776469525.208,25.208,0.62,0.63,0.37,0.38,0.01,0.01,77079.55,1776469524000
1776469525.637,25.637,0.6,0.61,0.39,0.4,0.01,0.01,77079.55,1776469524000
1776469526.031,26.031,0.6,0.61,0.39,0.41,0.01,0.02,77079.55,1776469524000
1776469526.502,26.502,0.6,0.61,0.39,0.4,0.01,0.01,77078.06,1776469525000
1776469526.852,26.852,0.58,0.59,0.4,0.42,0.01,0.02,77078.06,1776469525000
1776469527.569,27.569,0.57,0.58,0.41,0.42,0.01,0.01,77078.06,1776469525000
1776469527.912,27.912,0.57,0.58,0.42,0.43,0.01,0.01,77072.57,1776469526000
1776469528.248,28.248,0.57,0.58,0.42,0.43,0.01,0.01,77072.57,1776469527000
1776469528.659,28.659,0.57,0.59,0.42,0.43,0.02,0.01,77072.57,1776469527000
1776469529.3,29.3,0.58,0.59,0.41,0.42,0.01,0.01,77070.21,1776469528000
1776469530.087,30.087,0.58,0.59,0.41,0.42,0.01,0.01,77070.21,1776469528000
1776469530.984,30.984,0.58,0.59,0.41,0.42,0.01,0.01,77070.8,1776469529000
1776469531.361,31.361,0.58,0.59,0.41,0.42,0.01,0.01,77074.29,1776469530000
1776469531.731,31.731,0.58,0.59,0.41,0.42,0.01,0.01,77074.29,1776469530000
1776469532.303,32.303,0.58,0.59,0.41,0.42,0.01,0.01,77073.91,1776469531000
1776469532.858,32.858,0.58,0.59,0.41,0.42,0.01,0.01,77073.91,1776469531000
1776469533.281,33.281,0.58,0.59,0.41,0.42,0.01,0.01,77073.71,1776469532000
1776469533.803,33.803,0.56,0.57,0.41,0.44,0.01,0.03,77073.71,1776469532000
1776469534.165,34.165,0.56,0.57,0.43,0.44,0.01,0.01,77073.03,1776469533000
1776469535.147,35.147,0.56,0.57,0.43,0.44,0.01,0.01,77071.8,1776469534000
1776469535.521,35.521,0.56,0.57,0.43,0.44,0.01,0.01,77071.8,1776469534000
1776469536.078,36.078,0.56,0.57,0.43,0.44,0.01,0.01,77071.8,1776469534000
1776469536.483,36.483,0.55,0.56,0.44,0.45,0.01,0.01,77071.31,1776469535000
1776469537.189,37.189,0.54,0.55,0.45,0.46,0.01,0.01,77071.31,1776469535000
1776469537.544,37.544,0.54,0.55,0.45,0.46,0.01,0.01,77071.05,1776469536000
1776469538.283,38.283,0.54,0.55,0.45,0.46,0.01,0.01,77066.45,1776469537000
1776469539.127,39.127,0.54,0.55,0.45,0.46,0.01,0.01,77066.45,1776469537000
1776469539.463,39.463,0.54,0.55,0.45,0.46,0.01,0.01,77065.61,1776469538000
1776469539.925,39.925,0.54,0.55,0.45,0.46,0.01,0.01,77065.61,1776469538000
1776469540.464,40.464,0.54,0.55,0.45,0.46,0.01,0.01,77065.88,1776469539000
1776469541.196,41.196,0.54,0.55,0.45,0.46,0.01,0.01,77065.88,1776469539000
1776469541.539,41.539,0.54,0.55,0.45,0.46,0.01,0.01,77066.03,1776469540000
1776469541.932,41.932,0.55,0.56,0.44,0.45,0.01,0.01,77066.03,1776469540000
1776469542.307,42.307,0.55,0.56,0.44,0.45,0.01,0.01,77065.65,1776469541000
1776469542.976,42.976,0.55,0.56,0.44,0.45,0.01,0.01,77065.65,1776469541000
1776469543.697,43.697,0.55,0.56,0.44,0.45,0.01,0.01,77065.38,1776469542000
1776469544.251,44.251,0.58,0.59,0.41,0.42,0.01,0.01,77065.38,1776469542000
1776469544.625,44.625,0.59,0.6,0.4,0.41,0.01,0.01,77067.97,1776469543000
1776469545.112,45.112,0.59,0.6,0.4,0.41,0.01,0.01,77067.97,1776469543000
1776469545.459,45.459,0.59,0.6,0.4,0.41,0.01,0.01,77068.4,1776469544000
1776469545.809,45.809,0.59,0.6,0.4,0.41,0.01,0.01,77068.4,1776469544000
1776469546.158,46.158,0.59,0.6,0.4,0.41,0.01,0.01,77068.4,1776469544000
1776469546.561,46.561,0.59,0.6,0.4,0.41,0.01,0.01,77071.8,1776469545000
1776469546.953,46.953,0.59,0.6,0.4,0.41,0.01,0.01,77077.47,1776469546000
1776469547.376,47.376,0.59,0.6,0.4,0.41,0.01,0.01,77077.47,1776469546000
1776469547.766,47.766,0.59,0.6,0.4,0.41,0.01,0.01,77077.47,1776469546000
1776469548.45,48.45,0.59,0.6,0.4,0.41,0.01,0.01,77077.32,1776469547000
1776469549.099,49.099,0.59,0.6,0.4,0.41,0.01,0.01,77077.32,1776469547000
1776469549.545,49.545,0.59,0.6,0.4,0.41,0.01,0.01,77077.34,1776469548000
1776469550.0,50.0,0.61,0.62,0.39,0.41,0.01,0.02,77077.34,1776469548000
1776469550.513,50.513,0.62,0.63,0.37,0.39,0.01,0.02,77077.19,1776469549000
1776469550.874,50.874,0.62,0.63,0.37,0.38,0.01,0.01,77077.19,1776469549000
1776469551.245,51.245,0.62,0.63,0.37,0.38,0.01,0.01,77077.19,1776469550000
1776469552.046,52.046,0.62,0.63,0.37,0.38,0.01,0.01,77077.19,1776469550000
1776469552.494,52.494,0.62,0.63,0.37,0.38,0.01,0.01,77078.43,1776469551000
1776469552.886,52.886,0.62,0.63,0.37,0.38,0.01,0.01,77078.43,1776469551000
1776469553.403,53.403,0.62,0.63,0.37,0.38,0.01,0.01,77078.43,1776469551000
1776469553.956,53.956,0.62,0.63,0.37,0.38,0.01,0.01,77081.64,1776469552000
1776469554.299,54.299,0.62,0.63,0.37,0.38,0.01,0.01,77082.95,1776469553000
1776469555.157,55.157,0.63,0.64,0.36,0.37,0.01,0.01,77082.95,1776469553000
1776469555.699,55.699,0.65,0.66,0.34,0.35,0.01,0.01,77082.01,1776469554000
1776469556.145,56.145,0.66,0.67,0.33,0.35,0.01,0.02,77082.01,1776469554000
1776469556.522,56.522,0.66,0.67,0.33,0.34,0.01,0.01,77081.98,1776469555000
1776469556.921,56.921,0.66,0.67,0.33,0.34,0.01,0.01,77081.98,1776469555000
1776469557.333,57.333,0.66,0.67,0.33,0.34,0.01,0.01,77081.98,1776469555000
1776469557.884,57.884,0.67,0.68,0.32,0.33,0.01,0.01,77086.95,1776469556000
1776469558.261,58.261,0.67,0.68,0.32,0.33,0.01,0.01,77087.87,1776469557000
1776469558.842,58.842,0.67,0.68,0.32,0.33,0.01,0.01,77087.87,1776469557000
1776469559.24,59.24,0.67,0.68,0.32,0.33,0.01,0.01,77088.5,1776469558000
1776469559.732,59.732,0.67,0.68,0.32,0.33,0.01,0.01,77088.5,1776469558000
1776469560.248,60.248,0.67,0.68,0.32,0.33,0.01,0.01,77088.51,1776469559000
1776469560.775,60.775,0.67,0.68,0.32,0.33,0.01,0.01,77088.51,1776469559000
1776469561.177,61.177,0.67,0.68,0.32,0.33,0.01,0.01,77088.51,1776469559000
1776469562.245,62.245,0.67,0.68,0.32,0.33,0.01,0.01,77088.51,1776469560000
1776469562.665,62.665,0.67,0.68,0.32,0.33,0.01,0.01,77088.45,1776469561000
1776469563.196,63.196,0.67,0.68,0.32,0.33,0.01,0.01,77088.45,1776469561000
1776469563.596,63.596,0.67,0.68,0.32,0.33,0.01,0.01,77092.31,1776469562000
1776469564.023,64.023,0.67,0.68,0.32,0.33,0.01,0.01,77092.31,1776469562000
1776469564.525,64.525,0.67,0.68,0.32,0.33,0.01,0.01,77092.3,1776469563000
1776469564.885,64.885,0.67,0.68,0.32,0.33,0.01,0.01,77092.3,1776469563000
1776469565.223,65.223,0.67,0.68,0.32,0.33,0.01,0.01,77092.3,1776469563000
1776469566.277,66.277,0.67,0.68,0.32,0.33,0.01,0.01,77092.29,1776469565000
1776469567.265,67.265,0.67,0.68,0.32,0.33,0.01,0.01,77092.25,1776469566000
1776469567.641,67.641,0.67,0.68,0.32,0.33,0.01,0.01,77092.25,1776469566000
1776469567.994,67.994,0.67,0.68,0.32,0.33,0.01,0.01,77092.25,1776469566000
1776469568.337,68.337,0.67,0.68,0.32,0.33,0.01,0.01,77092.28,1776469567000
1776469568.81,68.81,0.67,0.68,0.32,0.33,0.01,0.01,77092.28,1776469567000
1776469569.174,69.174,0.67,0.68,0.32,0.33,0.01,0.01,77092.33,1776469568000
1776469569.633,69.633,0.67,0.68,0.32,0.33,0.01,0.01,77092.33,1776469568000
1776469569.979,69.979,0.67,0.68,0.32,0.33,0.01,0.01,77092.33,1776469568000
1776469570.772,70.772,0.67,0.68,0.32,0.33,0.01,0.01,77089.68,1776469569000
1776469571.14,71.14,0.67,0.68,0.32,0.33,0.01,0.01,77089.68,1776469569000
1776469571.612,71.612,0.67,0.68,0.32,0.33,0.01,0.01,77089.68,1776469570000
1776469572.008,72.008,0.68,0.69,0.31,0.33,0.01,0.02,77089.68,1776469570000
1776469572.358,72.358,0.69,0.7,0.3,0.31,0.01,0.01,77089.68,1776469570000
1776469572.772,72.772,0.71,0.72,0.28,0.29,0.01,0.01,77092.34,1776469571000
1776469573.317,73.317,0.71,0.72,0.28,0.29,0.01,0.01,77090.76,1776469572000
1776469573.788,73.788,0.71,0.72,0.28,0.29,0.01,0.01,77090.76,1776469572000
1776469574.29,74.29,0.71,0.72,0.28,0.29,0.01,0.01,77092.51,1776469573000
1776469574.624,74.624,0.71,0.72,0.28,0.29,0.01,0.01,77092.51,1776469573000
1776469574.987,74.987,0.71,0.72,0.28,0.29,0.01,0.01,77096.86,1776469574000
1776469575.579,75.579,0.72,0.73,0.28,0.29,0.01,0.01,77096.86,1776469574000
1776469575.974,75.974,0.73,0.74,0.26,0.28,0.01,0.02,77096.86,1776469574000
1776469576.43,76.43,0.73,0.74,0.26,0.27,0.01,0.01,77097.1,1776469575000
1776469576.775,76.775,0.75,0.78,0.23,0.25,0.03,0.02,77097.1,1776469575000
1776469577.127,77.127,0.78,0.79,0.21,0.22,0.01,0.01,77097.1,1776469575000
1776469577.51,77.51,0.76,0.79,0.21,0.22,0.03,0.01,77097.05,1776469576000
1776469577.894,77.894,0.78,0.79,0.21,0.22,0.01,0.01,77097.05,1776469576000
1776469578.384,78.384,0.78,0.79,0.21,0.22,0.01,0.01,77097.99,1776469577000
1776469578.729,78.729,0.76,0.77,0.23,0.24,0.01,0.01,77097.99,1776469577000
1776469579.134,79.134,0.76,0.77,0.23,0.24,0.01,0.01,77101.85,1776469578000
1776469579.478,79.478,0.76,0.77,0.23,0.24,0.01,0.01,77101.85,1776469578000
1776469579.903,79.903,0.75,0.76,0.24,0.25,0.01,0.01,77101.85,1776469578000
1776469580.277,80.277,0.75,0.76,0.24,0.25,0.01,0.01,77101.85,1776469578000
1776469580.72,80.72,0.75,0.76,0.24,0.25,0.01,0.01,77106.19,1776469579000
1776469581.094,81.094,0.75,0.76,0.24,0.25,0.01,0.01,77106.19,1776469579000
1776469581.427,81.427,0.75,0.76,0.24,0.25,0.01,0.01,77106.19,1776469579000
1776469581.786,81.786,0.74,0.75,0.25,0.26,0.01,0.01,77106.69,1776469580000
1776469582.163,82.163,0.74,0.75,0.25,0.26,0.01,0.01,77106.69,1776469580000
1776469582.555,82.555,0.74,0.75,0.25,0.26,0.01,0.01,77106.94,1776469581000
1776469582.919,82.919,0.74,0.75,0.25,0.26,0.01,0.01,77106.94,1776469581000
1776469583.387,83.387,0.75,0.76,0.24,0.25,0.01,0.01,77106.94,1776469582000
1776469583.758,83.758,0.77,0.78,0.22,0.24,0.01,0.02,77106.94,1776469582000
1776469584.232,84.232,0.77,0.78,0.22,0.23,0.01,0.01,77106.94,1776469582000
1776469584.571,84.571,0.78,0.79,0.21,0.23,0.01,0.02,77106.94,1776469583000
1776469585.145,85.145,0.78,0.79,0.21,0.22,0.01,0.01,77106.94,1776469583000
1776469585.645,85.645,0.78,0.79,0.21,0.22,0.01,0.01,77106.95,1776469584000
1776469585.984,85.984,0.79,0.8,0.2,0.21,0.01,0.01,77106.95,1776469584000
1776469586.411,86.411,0.79,0.8,0.2,0.21,0.01,0.01,77108.78,1776469585000
1776469587.028,87.028,0.79,0.8,0.2,0.21,0.01,0.01,77108.78,1776469586000
1776469587.426,87.426,0.79,0.8,0.2,0.21,0.01,0.01,77108.78,1776469586000
1776469588.123,88.123,0.79,0.8,0.2,0.21,0.01,0.01,77109.25,1776469587000
1776469588.613,88.613,0.79,0.8,0.2,0.21,0.01,0.01,77109.25,1776469587000
1776469589.018,89.018,0.79,0.8,0.2,0.21,0.01,0.01,77109.25,1776469587000
1776469589.758,89.758,0.79,0.8,0.2,0.21,0.01,0.01,77108.13,1776469588000
1776469590.137,90.137,0.79,0.8,0.2,0.21,0.01,0.01,77108.13,1776469588000
1776469590.484,90.484,0.79,0.8,0.2,0.21,0.01,0.01,77108.13,1776469588000
1776469590.837,90.837,0.79,0.8,0.2,0.21,0.01,0.01,77109.97,1776469589000
1776469591.247,91.247,0.79,0.8,0.2,0.21,0.01,0.01,77109.97,1776469590000
1776469591.698,91.698,0.79,0.8,0.2,0.21,0.01,0.01,77109.97,1776469590000
1776469592.318,92.318,0.79,0.8,0.2,0.21,0.01,0.01,77109.97,1776469590000
1776469592.682,92.682,0.79,0.8,0.2,0.21,0.01,0.01,77109.97,1776469590000
1776469593.354,93.354,0.79,0.8,0.2,0.21,0.01,0.01,77109.97,1776469590000
1776469594.077,94.077,0.79,0.8,0.2,0.21,0.01,0.01,77109.97,1776469590000
1776469594.417,94.417,0.79,0.8,0.2,0.21,0.01,0.01,77109.97,1776469590000
1776469594.853,94.853,0.8,0.81,0.19,0.2,0.01,0.01,77109.97,1776469590000
1776469595.207,95.207,0.8,0.81,0.19,0.2,0.01,0.01,77109.97,1776469590000
1776469595.774,95.774,0.8,0.81,0.19,0.2,0.01,0.01,77109.97,1776469590000
1776469596.159,96.159,0.8,0.81,0.19,0.2,0.01,0.01,77109.97,1776469590000
1776469596.768,96.768,0.8,0.81,0.19,0.2,0.01,0.01,77109.97,1776469590000
1776469597.148,97.148,0.79,0.8,0.19,0.2,0.01,0.01,77109.97,1776469590000
1776469598.244,98.244,0.79,0.8,0.2,0.21,0.01,0.01,77109.97,1776469590000
1776469598.636,98.636,0.78,0.79,0.2,0.22,0.01,0.02,77109.97,1776469590000
1776469599.172,99.172,0.78,0.79,0.21,0.22,0.01,0.01,77109.97,1776469590000
1776469600.004,100.004,0.78,0.79,0.21,0.22,0.01,0.01,77109.97,1776469590000
1776469600.545,100.545,0.78,0.79,0.21,0.22,0.01,0.01,77111.89,1776469598000
1776469601.249,101.249,0.78,0.79,0.21,0.22,0.01,0.01,77111.89,1776469600000
1776469602.08,102.08,0.78,0.79,0.21,0.22,0.01,0.01,77111.89,1776469600000
1776469602.435,102.435,0.78,0.79,0.21,0.22,0.01,0.01,77111.89,1776469601000
1776469602.831,102.831,0.78,0.79,0.21,0.22,0.01,0.01,77111.89,1776469601000
1776469603.593,103.593,0.78,0.79,0.21,0.22,0.01,0.01,77111.89,1776469602000
1776469603.951,103.951,0.79,0.8,0.2,0.21,0.01,0.01,77111.89,1776469602000
1776469604.443,104.443,0.79,0.8,0.2,0.21,0.01,0.01,77111.89,1776469603000
1776469605.22,105.22,0.79,0.8,0.2,0.21,0.01,0.01,77111.89,1776469603000
1776469605.572,105.572,0.79,0.8,0.2,0.21,0.01,0.01,77111.91,1776469604000
1776469605.961,105.961,0.82,0.83,0.16,0.18,0.01,0.02,77111.91,1776469604000
1776469606.33,106.33,0.83,0.84,0.16,0.17,0.01,0.01,77112.58,1776469605000
1776469606.665,106.665,0.83,0.84,0.16,0.17,0.01,0.01,77112.58,1776469605000
1776469607.028,107.028,0.83,0.84,0.16,0.17,0.01,0.01,77112.58,1776469605000
1776469607.467,107.467,0.83,0.84,0.16,0.17,0.01,0.01,77112.37,1776469606000
1776469607.812,107.812,0.83,0.84,0.16,0.17,0.01,0.01,77112.37,1776469606000
1776469608.323,108.323,0.83,0.84,0.16,0.17,0.01,0.01,77113.11,1776469607000
1776469608.658,108.658,0.83,0.84,0.16,0.18,0.01,0.02,77113.11,1776469607000
1776469609.21,109.21,0.83,0.85,0.16,0.17,0.02,0.01,77113.11,1776469607000
1776469609.659,109.659,0.84,0.85,0.15,0.17,0.01,0.02,77117.25,1776469608000
1776469610.168,110.168,0.83,0.84,0.15,0.17,0.01,0.02,77117.25,1776469608000
1776469610.539,110.539,0.82,0.84,0.16,0.17,0.02,0.01,77118.11,1776469609000
1776469611.203,111.203,0.83,0.84,0.16,0.18,0.01,0.02,77118.11,1776469609000
1776469611.976,111.976,0.83,0.84,0.16,0.17,0.01,0.01,77118.2,1776469611000
1776469612.895,112.895,0.83,0.85,0.16,0.17,0.02,0.01,77118.2,1776469611000
1776469613.403,113.403,0.83,0.84,0.16,0.17,0.01,0.01,77118.69,1776469612000
1776469613.785,113.785,0.83,0.84,0.16,0.17,0.01,0.01,77118.69,1776469612000
1776469614.224,114.224,0.82,0.84,0.16,0.18,0.02,0.02,77118.7,1776469613000
1776469614.842,114.842,0.83,0.84,0.16,0.18,0.01,0.02,77118.7,1776469613000
1776469615.234,115.234,0.83,0.84,0.16,0.17,0.01,0.01,77118.7,1776469614000
1776469615.704,115.704,0.83,0.84,0.16,0.17,0.01,0.01,77118.7,1776469614000
1776469616.102,116.102,0.82,0.84,0.16,0.17,0.02,0.01,77118.7,1776469614000
1776469616.548,116.548,0.81,0.84,0.16,0.18,0.03,0.02,77118.7,1776469614000
1776469617.104,117.104,0.81,0.82,0.18,0.19,0.01,0.01,77118.14,1776469616000
1776469617.611,117.611,0.82,0.83,0.18,0.19,0.01,0.01,77118.14,1776469616000
1776469618.173,118.173,0.81,0.82,0.17,0.22,0.01,0.05,77118.14,1776469616000
1776469618.552,118.552,0.81,0.82,0.18,0.19,0.01,0.01,77118.14,1776469617000
1776469618.976,118.976,0.79,0.8,0.19,0.21,0.01,0.02,77118.14,1776469617000
1776469619.36,119.36,0.78,0.79,0.21,0.22,0.01,0.01,77118.15,1776469618000
1776469619.741,119.741,0.77,0.78,0.21,0.24,0.01,0.03,77118.15,1776469618000
1776469620.138,120.138,0.77,0.78,0.22,0.23,0.01,0.01,77118.15,1776469618000
1776469620.472,120.472,0.77,0.78,0.22,0.24,0.01,0.02,77118.15,1776469618000
1776469620.84,120.84,0.77,0.78,0.22,0.23,0.01,0.01,77118.14,1776469619000
1776469621.219,121.219,0.77,0.78,0.22,0.23,0.01,0.01,77118.14,1776469620000
1776469621.695,121.695,0.77,0.78,0.22,0.23,0.01,0.01,77118.14,1776469620000
1776469622.115,122.115,0.77,0.78,0.22,0.23,0.01,0.01,77118.14,1776469620000
1776469622.486,122.486,0.77,0.78,0.22,0.23,0.01,0.01,77118.13,1776469621000
1776469622.942,122.942,0.77,0.8,0.2,0.23,0.03,0.03,77118.12,1776469622000
1776469623.284,123.284,0.78,0.79,0.21,0.22,0.01,0.01,77118.12,1776469622000
1776469623.684,123.684,0.78,0.8,0.21,0.22,0.02,0.01,77118.12,1776469622000
1776469624.124,124.124,0.79,0.8,0.2,0.21,0.01,0.01,77118.12,1776469622000
1776469624.488,124.488,0.79,0.8,0.2,0.21,0.01,0.01,77118.12,1776469623000
1776469625.086,125.086,0.79,0.8,0.2,0.21,0.01,0.01,77118.12,1776469623000
1776469625.441,125.441,0.79,0.8,0.2,0.21,0.01,0.01,77118.12,1776469623000
1776469625.864,125.864,0.78,0.79,0.21,0.22,0.01,0.01,77118.13,1776469624000
1776469626.854,126.854,0.78,0.79,0.21,0.22,0.01,0.01,77118.13,1776469625000
1776469627.207,127.207,0.78,0.79,0.21,0.22,0.01,0.01,77118.12,1776469626000
1776469627.615,127.615,0.77,0.78,0.22,0.23,0.01,0.01,77118.12,1776469626000
1776469628.319,128.319,0.77,0.78,0.22,0.23,0.01,0.01,77118.12,1776469626000
1776469628.855,128.855,0.77,0.78,0.22,0.23,0.01,0.01,77118.12,1776469627000
1776469629.196,129.196,0.76,0.77,0.23,0.24,0.01,0.01,77118.12,1776469627000
1776469629.539,129.539,0.76,0.77,0.23,0.24,0.01,0.01,77118.13,1776469628000
1776469629.875,129.875,0.77,0.78,0.22,0.24,0.01,0.02,77118.13,1776469628000
1776469630.241,130.241,0.77,0.78,0.22,0.23,0.01,0.01,77118.13,1776469629000
1776469630.741,130.741,0.77,0.78,0.22,0.23,0.01,0.01,77118.13,1776469629000
1776469631.114,131.114,0.77,0.78,0.22,0.23,0.01,0.01,77118.13,1776469629000
1776469631.488,131.488,0.77,0.78,0.22,0.23,0.01,0.01,77118.14,1776469630000
1776469632.043,132.043,0.77,0.78,0.22,0.23,0.01,0.01,77118.14,1776469630000
1776469632.56,132.56,0.77,0.78,0.22,0.23,0.01,0.01,77118.36,1776469631000
1776469633.231,133.231,0.77,0.78,0.22,0.23,0.01,0.01,77118.39,1776469632000
1776469634.336,134.336,0.77,0.78,0.22,0.23,0.01,0.01,77118.41,1776469633000
1776469634.904,134.904,0.77,0.78,0.22,0.23,0.01,0.01,77118.41,1776469633000
1776469635.338,135.338,0.77,0.78,0.22,0.23,0.01,0.01,77118.41,1776469634000
1776469636.194,136.194,0.77,0.78,0.22,0.23,0.01,0.01,77118.41,1776469635000
1776469636.995,136.995,0.77,0.78,0.22,0.23,0.01,0.01,77118.41,1776469635000
1776469637.408,137.408,0.77,0.78,0.22,0.23,0.01,0.01,77118.41,1776469635000
1776469638.01,138.01,0.77,0.78,0.22,0.23,0.01,0.01,77118.42,1776469636000
1776469638.86,138.86,0.78,0.79,0.21,0.22,0.01,0.01,77118.4,1776469637000
1776469639.298,139.298,0.78,0.8,0.21,0.22,0.02,0.01,77118.4,1776469637000
1776469639.658,139.658,0.85,0.88,0.14,0.15,0.03,0.01,77118.4,1776469637000
1776469640.027,140.027,0.87,0.88,0.12,0.13,0.01,0.01,77117.63,1776469638000
1776469640.629,140.629,0.87,0.88,0.12,0.13,0.01,0.01,77118.41,1776469639000
1776469641.01,141.01,0.87,0.88,0.12,0.13,0.01,0.01,77118.41,1776469639000
1776469641.38,141.38,0.89,0.9,0.1,0.12,0.01,0.02,77122.44,1776469640000
1776469641.72,141.72,0.89,0.9,0.1,0.11,0.01,0.01,77122.44,1776469640000
1776469642.217,142.217,0.89,0.9,0.1,0.11,0.01,0.01,77122.44,1776469640000
1776469642.563,142.563,0.89,0.9,0.1,0.11,0.01,0.01,77136.92,1776469641000
1776469642.936,142.936,0.89,0.9,0.1,0.11,0.01,0.01,77140.03,1776469642000
1776469643.485,143.485,0.89,0.9,0.1,0.11,0.01,0.01,77140.03,1776469642000
1776469643.874,143.874,0.89,0.9,0.1,0.11,0.01,0.01,77140.03,1776469642000
1776469644.264,144.264,0.89,0.9,0.1,0.11,0.01,0.01,77140.03,1776469642000
1776469644.62,144.62,0.89,0.9,0.1,0.11,0.01,0.01,77141.82,1776469643000
1776469645.526,145.526,0.89,0.9,0.1,0.11,0.01,0.01,77141.82,1776469643000
1776469645.861,145.861,0.89,0.9,0.1,0.11,0.01,0.01,77141.98,1776469644000
1776469646.221,146.221,0.89,0.9,0.1,0.11,0.01,0.01,77142.09,1776469645000
1776469646.725,146.725,0.89,0.9,0.1,0.11,0.01,0.01,77142.09,1776469645000
1776469647.195,147.195,0.88,0.89,0.11,0.12,0.01,0.01,77142.09,1776469645000
1776469647.559,147.559,0.87,0.88,0.12,0.13,0.01,0.01,77142.09,1776469645000
1776469648.118,148.118,0.87,0.88,0.12,0.13,0.01,0.01,77142.09,1776469645000
1776469648.634,148.634,0.87,0.88,0.12,0.13,0.01,0.01,77140.53,1776469647000
1776469649.29,149.29,0.87,0.88,0.12,0.13,0.01,0.01,77136.02,1776469648000
1776469649.712,149.712,0.87,0.88,0.12,0.13,0.01,0.01,77136.02,1776469648000
1776469650.283,150.283,0.87,0.88,0.12,0.13,0.01,0.01,77134.99,1776469649000
1776469650.636,150.636,0.87,0.88,0.12,0.13,0.01,0.01,77134.99,1776469649000
1776469651.116,151.116,0.87,0.88,0.12,0.13,0.01,0.01,77134.99,1776469650000
1776469651.476,151.476,0.87,0.88,0.12,0.13,0.01,0.01,77134.99,1776469650000
1776469651.833,151.833,0.87,0.88,0.12,0.13,0.01,0.01,77134.99,1776469650000
1776469652.257,152.257,0.87,0.88,0.12,0.13,0.01,0.01,77137.48,1776469651000
1776469652.937,152.937,0.87,0.88,0.12,0.13,0.01,0.01,77137.48,1776469651000
1776469653.354,153.354,0.87,0.88,0.12,0.13,0.01,0.01,77138.66,1776469652000
1776469653.844,153.844,0.87,0.88,0.12,0.13,0.01,0.01,77138.66,1776469652000
1776469654.208,154.208,0.87,0.88,0.12,0.13,0.01,0.01,77138.65,1776469653000
1776469654.991,154.991,0.86,0.88,0.12,0.13,0.02,0.01,77138.65,1776469653000
1776469655.337,155.337,0.86,0.87,0.12,0.14,0.01,0.02,77136.73,1776469654000
1776469655.709,155.709,0.86,0.87,0.13,0.14,0.01,0.01,77136.73,1776469654000
1776469656.106,156.106,0.87,0.88,0.12,0.13,0.01,0.01,77138.68,1776469655000
1776469656.633,156.633,0.87,0.88,0.12,0.13,0.01,0.01,77138.68,1776469655000
1776469657.221,157.221,0.87,0.88,0.12,0.13,0.01,0.01,77138.68,1776469655000
1776469657.72,157.72,0.87,0.89,0.12,0.13,0.02,0.01,77138.68,1776469656000
1776469658.359,158.359,0.88,0.89,0.11,0.12,0.01,0.01,77138.69,1776469657000
1776469658.798,158.798,0.87,0.89,0.11,0.12,0.02,0.01,77138.69,1776469657000
1776469659.644,159.644,0.87,0.88,0.12,0.13,0.01,0.01,77138.68,1776469658000
1776469660.065,160.065,0.87,0.88,0.12,0.13,0.01,0.01,77138.68,1776469659000
1776469660.454,160.454,0.87,0.88,0.12,0.13,0.01,0.01,77138.68,1776469659000
1776469660.894,160.894,0.88,0.89,0.11,0.12,0.01,0.01,77138.68,1776469659000
1776469661.29,161.29,0.89,0.9,0.11,0.12,0.01,0.01,77136.54,1776469660000
1776469661.694,161.694,0.89,0.9,0.1,0.11,0.01,0.01,77136.54,1776469660000
1776469662.048,162.048,0.89,0.9,0.1,0.11,0.01,0.01,77136.54,1776469660000
1776469662.527,162.527,0.9,0.91,0.1,0.11,0.01,0.01,77136.54,1776469660000
1776469662.942,162.942,0.9,0.91,0.09,0.1,0.01,0.01,77136.86,1776469661000
1776469663.319,163.319,0.91,0.92,0.08,0.09,0.01,0.01,77137.71,1776469662000
1776469663.677,163.677,0.91,0.92,0.08,0.09,0.01,0.01,77137.71,1776469662000
1776469664.024,164.024,0.91,0.92,0.08,0.09,0.01,0.01,77137.71,1776469662000
1776469664.415,164.415,0.91,0.92,0.08,0.09,0.01,0.01,77140.6,1776469663000
1776469664.752,164.752,0.91,0.92,0.07,0.09,0.01,0.02,77140.6,1776469663000
1776469665.092,165.092,0.92,0.93,0.07,0.09,0.01,0.02,77140.6,1776469663000
1776469665.434,165.434,0.92,0.93,0.07,0.08,0.01,0.01,77141.87,1776469664000
1776469665.941,165.941,0.92,0.93,0.07,0.08,0.01,0.01,77141.87,1776469664000
1776469666.334,166.334,0.92,0.93,0.07,0.08,0.01,0.01,77142.29,1776469665000
1776469666.724,166.724,0.92,0.93,0.07,0.08,0.01,0.01,77142.29,1776469665000
1776469667.125,167.125,0.92,0.93,0.07,0.08,0.01,0.01,77142.29,1776469665000
1776469667.485,167.485,0.92,0.93,0.07,0.08,0.01,0.01,77145.65,1776469666000
1776469667.887,167.887,0.94,0.95,0.05,0.06,0.01,0.01,77145.65,1776469666000
1776469668.293,168.293,0.94,0.95,0.05,0.06,0.01,0.01,77145.65,1776469666000
1776469668.646,168.646,0.94,0.95,0.05,0.06,0.01,0.01,77146.79,1776469667000
1776469668.99,168.99,0.94,0.95,0.05,0.06,0.01,0.01,77151.14,1776469668000
1776469669.605,169.605,0.94,0.95,0.05,0.06,0.01,0.01,77151.14,1776469668000
1776469669.962,169.962,0.94,0.95,0.05,0.06,0.01,0.01,77160.31,1776469669000
1776469670.311,170.311,0.94,0.95,0.05,0.06,0.01,0.01,77160.31,1776469669000
1776469670.834,170.834,0.94,0.95,0.05,0.06,0.01,0.01,77160.31,1776469669000
1776469671.181,171.181,0.94,0.95,0.05,0.06,0.01,0.01,77162.43,1776469670000
1776469671.591,171.591,0.94,0.95,0.05,0.06,0.01,0.01,77162.43,1776469670000
1776469671.942,171.942,0.94,0.95,0.05,0.06,0.01,0.01,77162.43,1776469670000
1776469672.297,172.297,0.94,0.95,0.05,0.06,0.01,0.01,77164.92,1776469671000
1776469672.952,172.952,0.94,0.95,0.05,0.06,0.01,0.01,77164.92,1776469671000
1776469673.323,173.323,0.94,0.95,0.05,0.06,0.01,0.01,77164.9,1776469672000
1776469673.935,173.935,0.94,0.95,0.05,0.06,0.01,0.01,77164.91,1776469673000
1776469674.277,174.277,0.94,0.95,0.05,0.06,0.01,0.01,77164.91,1776469673000
1776469674.677,174.677,0.94,0.95,0.05,0.06,0.01,0.01,77164.91,1776469673000
1776469675.121,175.121,0.94,0.95,0.05,0.06,0.01,0.01,77162.6,1776469674000
1776469675.733,175.733,0.94,0.95,0.05,0.06,0.01,0.01,77162.6,1776469674000
1776469676.07,176.07,0.94,0.95,0.05,0.06,0.01,0.01,77162.6,1776469674000
1776469676.427,176.427,0.94,0.95,0.05,0.06,0.01,0.01,77161.61,1776469675000
1776469676.86,176.86,0.94,0.95,0.05,0.06,0.01,0.01,77161.61,1776469675000
1776469677.268,177.268,0.94,0.95,0.05,0.06,0.01,0.01,77161.61,1776469676000
1776469677.704,177.704,0.94,0.95,0.05,0.06,0.01,0.01,77161.61,1776469676000
1776469678.155,178.155,0.95,0.96,0.04,0.05,0.01,0.01,77161.58,1776469677000
1776469679.028,179.028,0.95,0.96,0.04,0.05,0.01,0.01,77161.58,1776469677000
1776469679.402,179.402,0.95,0.96,0.04,0.05,0.01,0.01,77161.66,1776469678000
1776469680.088,180.088,0.95,0.96,0.04,0.05,0.01,0.01,77161.66,1776469678000
1776469680.469,180.469,0.95,0.96,0.04,0.05,0.01,0.01,77161.66,1776469679000
1776469680.826,180.826,0.95,0.96,0.04,0.05,0.01,0.01,77161.66,1776469679000
1776469681.482,181.482,0.95,0.96,0.04,0.05,0.01,0.01,77161.71,1776469680000
1776469682.055,182.055,0.95,0.96,0.04,0.05,0.01,0.01,77161.71,1776469680000
1776469682.403,182.403,0.95,0.96,0.04,0.05,0.01,0.01,77158.05,1776469681000
1776469683.131,183.131,0.95,0.96,0.04,0.05,0.01,0.01,77158.05,1776469681000
1776469683.466,183.466,0.95,0.96,0.04,0.05,0.01,0.01,77157.18,1776469682000
1776469683.934,183.934,0.95,0.96,0.04,0.05,0.01,0.01,77157.18,1776469682000
1776469684.377,184.377,0.95,0.96,0.04,0.05,0.01,0.01,77156.82,1776469683000
1776469684.982,184.982,0.95,0.96,0.04,0.05,0.01,0.01,77156.82,1776469684000
1776469685.627,185.627,0.95,0.96,0.04,0.05,0.01,0.01,77156.82,1776469684000
1776469685.968,185.968,0.95,0.96,0.04,0.05,0.01,0.01,77155.9,1776469685000
1776469686.643,186.643,0.95,0.96,0.04,0.05,0.01,0.01,77155.9,1776469685000
1776469687.169,187.169,0.95,0.96,0.04,0.05,0.01,0.01,77155.47,1776469686000
1776469687.881,187.881,0.95,0.96,0.04,0.05,0.01,0.01,77155.53,1776469687000
1776469688.322,188.322,0.95,0.96,0.04,0.05,0.01,0.01,77155.53,1776469687000
1776469688.769,188.769,0.95,0.96,0.04,0.05,0.01,0.01,77155.53,1776469687000
1776469689.206,189.206,0.95,0.96,0.04,0.05,0.01,0.01,77155.53,1776469688000
1776469690.242,190.242,0.95,0.96,0.04,0.05,0.01,0.01,77155.53,1776469688000
1776469690.903,190.903,0.95,0.96,0.04,0.05,0.01,0.01,77154.0,1776469690000
1776469691.931,191.931,0.95,0.96,0.04,0.05,0.01,0.01,77148.42,1776469691000
1776469692.369,192.369,0.95,0.96,0.04,0.05,0.01,0.01,77148.42,1776469691000
1776469692.991,192.991,0.95,0.96,0.04,0.05,0.01,0.01,77147.94,1776469692000
1776469693.576,193.576,0.95,0.96,0.04,0.05,0.01,0.01,77147.94,1776469692000
1776469693.967,193.967,0.95,0.96,0.04,0.05,0.01,0.01,77147.94,1776469693000
1776469694.469,194.469,0.94,0.95,0.04,0.06,0.01,0.02,77147.94,1776469693000
1776469694.928,194.928,0.93,0.94,0.05,0.07,0.01,0.02,77147.94,1776469693000
1776469695.441,195.441,0.93,0.94,0.06,0.07,0.01,0.01,77147.79,1776469694000
1776469695.937,195.937,0.93,0.94,0.06,0.07,0.01,0.01,77147.23,1776469695000
1776469696.657,196.657,0.93,0.94,0.06,0.07,0.01,0.01,77147.23,1776469695000
1776469697.034,197.034,0.93,0.94,0.06,0.07,0.01,0.01,77146.53,1776469696000
1776469697.513,197.513,0.93,0.94,0.06,0.07,0.01,0.01,77146.53,1776469696000
1776469698.045,198.045,0.93,0.94,0.06,0.07,0.01,0.01,77146.44,1776469697000
1776469698.518,198.518,0.92,0.93,0.07,0.08,0.01,0.01,77146.44,1776469697000
1776469699.041,199.041,0.92,0.93,0.07,0.08,0.01,0.01,77145.9,1776469698000
1776469699.465,199.465,0.92,0.93,0.07,0.08,0.01,0.01,77145.9,1776469698000
1776469699.873,199.873,0.92,0.93,0.07,0.08,0.01,0.01,77145.9,1776469698000
1776469700.268,200.268,0.92,0.93,0.07,0.09,0.01,0.02,77144.59,1776469699000
1776469700.606,200.606,0.92,0.93,0.07,0.08,0.01,0.01,77144.59,1776469699000
1776469701.185,201.185,0.92,0.93,0.07,0.08,0.01,0.01,77142.42,1776469700000
1776469702.073,202.073,0.92,0.93,0.07,0.08,0.01,0.01,77142.42,1776469700000
1776469702.417,202.417,0.92,0.93,0.07,0.08,0.01,0.01,77142.33,1776469701000
1776469703.086,203.086,0.92,0.93,0.07,0.08,0.01,0.01,77142.33,1776469701000
1776469703.828,203.828,0.92,0.93,0.07,0.08,0.01,0.01,77142.33,1776469701000
1776469704.207,204.207,0.92,0.93,0.07,0.08,0.01,0.01,77141.31,1776469702000
1776469704.544,204.544,0.92,0.93,0.07,0.08,0.01,0.01,77141.31,1776469703000
1776469705.055,205.055,0.92,0.93,0.07,0.08,0.01,0.01,77141.31,1776469703000
1776469705.503,205.503,0.92,0.93,0.07,0.08,0.01,0.01,77141.8,1776469704000
1776469705.975,205.975,0.92,0.93,0.07,0.08,0.01,0.01,77141.8,1776469704000
1776469706.501,206.501,0.92,0.93,0.07,0.08,0.01,0.01,77141.97,1776469705000
1776469706.916,206.916,0.92,0.93,0.07,0.08,0.01,0.01,77140.61,1776469706000
1776469707.297,207.297,0.92,0.93,0.07,0.08,0.01,0.01,77140.61,1776469706000
1776469707.736,207.736,0.92,0.93,0.07,0.08,0.01,0.01,77140.61,1776469706000
1776469708.096,208.096,0.92,0.93,0.07,0.08,0.01,0.01,77142.12,1776469707000
1776469708.444,208.444,0.92,0.93,0.07,0.08,0.01,0.01,77142.12,1776469707000
1776469708.869,208.869,0.92,0.93,0.07,0.08,0.01,0.01,77142.12,1776469707000
1776469709.27,209.27,0.92,0.93,0.07,0.08,0.01,0.01,77142.39,1776469708000
1776469709.677,209.677,0.93,0.94,0.06,0.07,0.01,0.01,77142.39,1776469708000
1776469710.409,210.409,0.93,0.94,0.06,0.07,0.01,0.01,77142.39,1776469708000
1776469710.805,210.805,0.93,0.94,0.06,0.07,0.01,0.01,77144.18,1776469709000
1776469711.192,211.192,0.93,0.94,0.06,0.07,0.01,0.01,77144.18,1776469710000
1776469711.763,211.763,0.93,0.94,0.06,0.07,0.01,0.01,77144.18,1776469710000
1776469712.192,212.192,0.92,0.93,0.06,0.08,0.01,0.02,77144.18,1776469710000
1776469712.544,212.544,0.92,0.93,0.07,0.08,0.01,0.01,77144.7,1776469711000
1776469712.909,212.909,0.92,0.93,0.07,0.08,0.01,0.01,77144.7,1776469711000
1776469713.269,213.269,0.92,0.93,0.07,0.08,0.01,0.01,77144.7,1776469711000
1776469713.695,213.695,0.92,0.93,0.07,0.08,0.01,0.01,77144.79,1776469712000
1776469714.149,214.149,0.92,0.93,0.07,0.08,0.01,0.01,77144.79,1776469713000
1776469714.937,214.937,0.92,0.93,0.07,0.08,0.01,0.01,77144.79,1776469713000
1776469715.424,215.424,0.92,0.93,0.07,0.08,0.01,0.01,77144.79,1776469713000
1776469715.793,215.793,0.92,0.93,0.07,0.08,0.01,0.01,77144.61,1776469714000
1776469716.242,216.242,0.93,0.94,0.07,0.08,0.01,0.01,77144.61,1776469715000
1776469716.605,216.605,0.93,0.94,0.06,0.07,0.01,0.01,77144.61,1776469715000
1776469716.944,216.944,0.93,0.94,0.06,0.07,0.01,0.01,77144.61,1776469715000
1776469717.326,217.326,0.93,0.94,0.06,0.07,0.01,0.01,77144.55,1776469716000
1776469717.701,217.701,0.93,0.94,0.05,0.07,0.01,0.02,77144.55,1776469716000
1776469718.173,218.173,0.93,0.95,0.06,0.07,0.02,0.01,77144.55,1776469716000
1776469718.61,218.61,0.93,0.95,0.05,0.06,0.02,0.01,77144.63,1776469717000
1776469719.016,219.016,0.93,0.94,0.06,0.07,0.01,0.01,77144.63,1776469717000
1776469719.429,219.429,0.93,0.94,0.06,0.07,0.01,0.01,77144.47,1776469718000
1776469719.985,219.985,0.93,0.94,0.06,0.07,0.01,0.01,77144.4,1776469719000
1776469720.586,220.586,0.93,0.94,0.06,0.07,0.01,0.01,77144.4,1776469719000
1776469720.972,220.972,0.93,0.94,0.06,0.07,0.01,0.01,77144.4,1776469720000
1776469721.666,221.666,0.94,0.95,0.05,0.06,0.01,0.01,77144.4,1776469720000
1776469722.031,222.031,0.94,0.95,0.05,0.06,0.01,0.01,77144.5,1776469721000
1776469722.387,222.387,0.94,0.95,0.05,0.06,0.01,0.01,77144.5,1776469721000
1776469722.723,222.723,0.94,0.95,0.05,0.06,0.01,0.01,77144.5,1776469721000
1776469723.096,223.096,0.94,0.95,0.05,0.06,0.01,0.01,77144.47,1776469722000
1776469723.808,223.808,0.94,0.95,0.05,0.06,0.01,0.01,77144.47,1776469722000
1776469724.178,224.178,0.94,0.95,0.05,0.06,0.01,0.01,77144.51,1776469723000
1776469724.587,224.587,0.94,0.95,0.05,0.06,0.01,0.01,77144.51,1776469723000
1776469725.139,225.139,0.94,0.95,0.05,0.06,0.01,0.01,77144.46,1776469724000
1776469726.061,226.061,0.94,0.95,0.05,0.06,0.01,0.01,77144.47,1776469725000
1776469727.011,227.011,0.94,0.95,0.05,0.06,0.01,0.01,77144.44,1776469726000
1776469727.794,227.794,0.94,0.95,0.05,0.06,0.01,0.01,77144.44,1776469726000
1776469728.201,228.201,0.94,0.95,0.05,0.06,0.01,0.01,77143.66,1776469727000
1776469728.799,228.799,0.94,0.95,0.04,0.06,0.01,0.02,77143.66,1776469727000
1776469729.431,229.431,0.94,0.96,0.05,0.06,0.02,0.01,77143.66,1776469728000
1776469729.837,229.837,0.95,0.96,0.05,0.06,0.01,0.01,77143.66,1776469728000
1776469730.328,230.328,0.96,0.97,0.03,0.04,0.01,0.01,77142.66,1776469729000
1776469730.805,230.805,0.96,0.97,0.03,0.04,0.01,0.01,77142.66,1776469729000
1776469731.14,231.14,0.96,0.97,0.03,0.04,0.01,0.01,77142.62,1776469730000
1776469731.529,231.529,0.96,0.97,0.03,0.04,0.01,0.01,77142.62,1776469730000
1776469731.864,231.864,0.96,0.97,0.03,0.04,0.01,0.01,77142.62,1776469730000
1776469732.223,232.223,0.96,0.97,0.03,0.04,0.01,0.01,77142.62,1776469730000
1776469732.714,232.714,0.96,0.97,0.03,0.04,0.01,0.01,77143.17,1776469731000
1776469733.131,233.131,0.96,0.97,0.03,0.04,0.01,0.01,77143.17,1776469732000
1776469733.518,233.518,0.96,0.97,0.03,0.04,0.01,0.01,77143.17,1776469732000
1776469733.879,233.879,0.96,0.97,0.03,0.04,0.01,0.01,77143.17,1776469732000
1776469734.234,234.234,0.96,0.97,0.03,0.04,0.01,0.01,77143.11,1776469733000
1776469735.256,235.256,0.96,0.97,0.03,0.04,0.01,0.01,77142.72,1776469734000
1776469735.627,235.627,0.96,0.97,0.03,0.04,0.01,0.01,77142.72,1776469734000
1776469736.37,236.37,0.96,0.97,0.03,0.04,0.01,0.01,77142.86,1776469735000
1776469736.824,236.824,0.96,0.97,0.03,0.04,0.01,0.01,77142.86,1776469735000
1776469737.388,237.388,0.96,0.97,0.03,0.04,0.01,0.01,77142.86,1776469735000
1776469737.744,237.744,0.96,0.97,0.03,0.04,0.01,0.01,77144.38,1776469736000
1776469738.081,238.081,0.96,0.97,0.03,0.04,0.01,0.01,77144.58,1776469737000
1776469738.441,238.441,0.96,0.97,0.03,0.04,0.01,0.01,77144.58,1776469737000
1776469739.018,239.018,0.96,0.97,0.03,0.04,0.01,0.01,77144.58,1776469738000
1776469739.364,239.364,0.95,0.96,0.04,0.05,0.01,0.01,77144.58,1776469738000
1776469740.301,240.301,0.95,0.96,0.04,0.05,0.01,0.01,77145.34,1776469739000
1776469740.739,240.739,0.96,0.97,0.03,0.05,0.01,0.02,77145.34,1776469739000
1776469741.102,241.102,0.96,0.98,0.03,0.04,0.02,0.01,77145.34,1776469739000
1776469741.462,241.462,0.96,0.97,0.03,0.04,0.01,0.01,77145.58,1776469740000
1776469741.802,241.802,0.97,0.98,0.02,0.03,0.01,0.01,77145.58,1776469740000
1776469742.15,242.15,0.97,0.98,0.02,0.03,0.01,0.01,77145.34,1776469741000
1776469742.524,242.524,0.97,0.98,0.02,0.03,0.01,0.01,77145.34,1776469741000
1776469742.982,242.982,0.97,0.98,0.02,0.03,0.01,0.01,77145.34,1776469741000
1776469743.38,243.38,0.97,0.98,0.02,0.03,0.01,0.01,77145.26,1776469742000
1776469743.726,243.726,0.97,0.98,0.02,0.03,0.01,0.01,77145.26,1776469742000
1776469744.076,244.076,0.97,0.98,0.02,0.03,0.01,0.01,77145.26,1776469742000
1776469744.482,244.482,0.97,0.98,0.02,0.03,0.01,0.01,77145.26,1776469743000
1776469744.966,244.966,0.97,0.98,0.02,0.03,0.01,0.01,77145.26,1776469743000
1776469745.333,245.333,0.97,0.98,0.02,0.03,0.01,0.01,77145.19,1776469744000
1776469745.794,245.794,0.97,0.98,0.02,0.03,0.01,0.01,77145.19,1776469744000
1776469746.193,246.193,0.97,0.98,0.02,0.03,0.01,0.01,77145.19,1776469744000
1776469746.7,246.7,0.97,0.98,0.02,0.03,0.01,0.01,77145.19,1776469744000
1776469747.057,247.057,0.97,0.98,0.02,0.03,0.01,0.01,77144.93,1776469745000
1776469747.466,247.466,0.97,0.98,0.02,0.03,0.01,0.01,77144.93,1776469745000
1776469747.9,247.9,0.97,0.98,0.02,0.03,0.01,0.01,77144.93,1776469746000
1776469748.246,248.246,0.97,0.98,0.02,0.03,0.01,0.01,77144.93,1776469746000
1776469749.214,249.214,0.97,0.98,0.02,0.03,0.01,0.01,77144.98,1776469747000
1776469750.017,250.017,0.97,0.98,0.02,0.03,0.01,0.01,77144.65,1776469748000
1776469750.603,250.603,0.97,0.98,0.02,0.03,0.01,0.01,77144.65,1776469748000
1776469751.11,251.11,0.97,0.98,0.02,0.03,0.01,0.01,77144.86,1776469749000
1776469751.451,251.451,0.97,0.98,0.02,0.03,0.01,0.01,77144.86,1776469749000
1776469751.8,251.8,0.97,0.98,0.02,0.03,0.01,0.01,77144.9,1776469750000
1776469752.18,252.18,0.97,0.98,0.02,0.03,0.01,0.01,77144.8,1776469751000
1776469752.814,252.814,0.97,0.98,0.02,0.03,0.01,0.01,77144.8,1776469751000
1776469753.165,253.165,0.97,0.98,0.02,0.03,0.01,0.01,77144.8,1776469751000
1776469753.67,253.67,0.97,0.98,0.02,0.03,0.01,0.01,77144.77,1776469752000
1776469754.102,254.102,0.97,0.98,0.02,0.03,0.01,0.01,77144.94,1776469753000
1776469754.661,254.661,0.97,0.98,0.02,0.03,0.01,0.01,77144.94,1776469753000
1776469755.149,255.149,0.97,0.98,0.02,0.03,0.01,0.01,77144.94,1776469753000
1776469755.494,255.494,0.97,0.98,0.02,0.03,0.01,0.01,77144.94,1776469753000
1776469755.955,255.955,0.97,0.98,0.02,0.03,0.01,0.01,77144.94,1776469754000
1776469756.319,256.319,0.97,0.98,0.02,0.03,0.01,0.01,77145.59,1776469755000
1776469756.977,256.977,0.97,0.98,0.02,0.03,0.01,0.01,77145.65,1776469756000
1776469757.549,257.549,0.97,0.98,0.02,0.03,0.01,0.01,77145.65,1776469756000
1776469758.379,258.379,0.97,0.98,0.02,0.03,0.01,0.01,77146.11,1776469757000
1776469758.994,258.994,0.97,0.98,0.02,0.03,0.01,0.01,77146.11,1776469757000
1776469759.389,259.389,0.97,0.98,0.02,0.03,0.01,0.01,77146.12,1776469758000
1776469759.799,259.799,0.97,0.98,0.02,0.03,0.01,0.01,77146.12,1776469758000
1776469760.154,260.154,0.97,0.98,0.02,0.03,0.01,0.01,77146.12,1776469758000
1776469760.619,260.619,0.97,0.98,0.02,0.03,0.01,0.01,77146.11,1776469759000
1776469760.984,260.984,0.97,0.98,0.02,0.03,0.01,0.01,77146.11,1776469760000
1776469761.349,261.349,0.97,0.98,0.02,0.03,0.01,0.01,77146.11,1776469760000
1776469761.687,261.687,0.97,0.98,0.02,0.03,0.01,0.01,77146.11,1776469760000
1776469762.136,262.136,0.98,0.99,0.01,0.02,0.01,0.01,77146.11,1776469760000
1776469762.475,262.475,0.98,0.99,0.01,0.02,0.01,0.01,77146.12,1776469761000
1776469762.846,262.846,0.98,0.99,0.01,0.02,0.01,0.01,77146.12,1776469761000
1776469763.302,263.302,0.98,0.99,0.01,0.02,0.01,0.01,77146.12,1776469762000
1776469763.646,263.646,0.98,0.99,0.01,0.02,0.01,0.01,77146.12,1776469762000
1776469763.981,263.981,0.98,0.99,0.01,0.02,0.01,0.01,77146.12,1776469762000
1776469764.401,264.401,0.98,0.99,0.01,0.02,0.01,0.01,77146.12,1776469762000
1776469764.799,264.799,0.98,0.99,0.01,0.02,0.01,0.01,77146.12,1776469762000
1776469765.164,265.164,0.98,0.99,0.01,0.02,0.01,0.01,77154.47,1776469763000
1776469765.521,265.521,0.98,0.99,0.01,0.02,0.01,0.01,77158.08,1776469764000
1776469765.957,265.957,0.98,0.99,0.01,0.02,0.01,0.01,77158.08,1776469764000
1776469766.407,266.407,0.98,0.99,0.01,0.02,0.01,0.01,77158.77,1776469765000
1776469767.041,267.041,0.99,0.99,0.01,0.02,0.0,0.01,77158.77,1776469765000
1776469767.621,267.621,0.99,0.99,0.01,0.01,0.0,0.0,77159.76,1776469766000
1776469768.319,268.319,0.99,0.99,0.01,0.01,0.0,0.0,77159.82,1776469767000
1776469768.774,268.774,0.99,0.99,0.01,0.01,0.0,0.0,77159.82,1776469767000
1776469769.526,269.526,0.99,0.99,0.01,0.01,0.0,0.0,77159.78,1776469768000
1776469770.051,270.051,0.99,0.99,0.01,0.01,0.0,0.0,77159.78,1776469769000
1776469770.684,270.684,0.99,0.99,0.01,0.01,0.0,0.0,77159.78,1776469769000
1776469771.12,271.12,0.99,0.99,0.01,0.01,0.0,0.0,77159.78,1776469770000
1776469771.511,271.511,0.99,0.99,0.01,0.01,0.0,0.0,77159.78,1776469770000
1776469772.216,272.216,0.99,0.99,0.01,0.01,0.0,0.0,77159.78,1776469771000
1776469772.612,272.612,0.99,0.99,0.01,0.01,0.0,0.0,77159.78,1776469771000
1776469773.154,273.154,0.99,0.99,0.01,0.01,0.0,0.0,77159.78,1776469771000
1776469774.108,274.108,0.99,0.99,0.01,0.01,0.0,0.0,77161.23,1776469773000
1776469774.441,274.441,0.99,0.99,0.01,0.01,0.0,0.0,77161.23,1776469773000
1776469775.043,275.043,0.99,0.99,0.01,0.01,0.0,0.0,77161.23,1776469773000
1776469775.401,275.401,0.99,0.99,0.01,0.01,0.0,0.0,77159.65,1776469774000
1776469775.776,275.776,0.99,0.99,0.01,0.01,0.0,0.0,77159.65,1776469774000
1776469776.684,276.684,0.99,0.99,0.01,0.01,0.0,0.0,77159.33,1776469775000
1776469777.296,277.296,0.99,0.99,0.01,0.01,0.0,0.0,77159.34,1776469776000
1776469778.113,278.113,0.99,0.99,0.01,0.01,0.0,0.0,77159.34,1776469776000
1776469778.927,278.927,0.99,0.99,0.01,0.01,0.0,0.0,77159.91,1776469778000
1776469780.454,280.454,0.99,0.99,0.01,0.01,0.0,0.0,77159.91,1776469778000
1776469781.068,281.068,0.99,0.99,0.01,0.01,0.0,0.0,77165.04,1776469780000
1776469782.099,282.099,0.99,0.99,0.01,0.01,0.0,0.0,77167.2,1776469781000
1776469783.147,283.147,0.99,0.99,0.01,0.01,0.0,0.0,77163.88,1776469782000
1776469784.245,284.245,0.99,0.99,0.01,0.01,0.0,0.0,77163.88,1776469783000
1776469785.213,285.213,0.99,0.99,0.01,0.01,0.0,0.0,77163.88,1776469784000
1776469785.582,285.582,0.99,0.99,0.01,0.01,0.0,0.0,77163.88,1776469784000
1776469786.04,286.04,0.99,0.99,0.01,0.01,0.0,0.0,77163.88,1776469784000
1776469787.386,287.386,0.99,0.99,0.01,0.01,0.0,0.0,77163.61,1776469786000
1776469787.903,287.903,0.99,0.99,0.01,0.01,0.0,0.0,77163.83,1776469787000
1776469788.288,288.288,0.99,0.99,0.01,0.01,0.0,0.0,77163.83,1776469787000
1776469788.964,288.964,0.99,0.99,0.01,0.01,0.0,0.0,77163.01,1776469788000
1776469789.388,289.388,0.99,0.99,0.01,0.01,0.0,0.0,77163.01,1776469788000
1776469789.994,289.994,0.99,0.99,0.01,0.01,0.0,0.0,77163.01,1776469788000
1776469790.334,290.334,0.99,0.99,0.01,0.01,0.0,0.0,77161.53,1776469789000
1776469791.06,291.06,0.99,0.99,0.01,0.01,0.0,0.0,77161.53,1776469789000
1776469792.112,292.112,0.99,0.99,0.01,0.01,0.0,0.0,77161.5,1776469791000
1776469792.97,292.97,0.99,0.99,0.01,0.01,0.0,0.0,77161.5,1776469791000
1776469793.921,293.921,0.99,0.99,0.01,0.01,0.0,0.0,77159.71,1776469792000
1776469794.609,294.609,0.99,0.99,0.01,0.01,0.0,0.0,77159.43,1776469793000
1776469795.166,295.166,0.99,0.99,0.01,0.01,0.0,0.0,77161.79,1776469794000
1776469796.315,296.315,0.99,0.99,0.01,0.01,0.0,0.0,77161.84,1776469795000
1776469796.922,296.922,0.99,0.99,0.01,0.01,0.0,0.0,77161.84,1776469795000
1776469797.559,297.559,0.99,0.99,0.01,0.01,0.0,0.0,77161.82,1776469796000
1776469798.051,298.051,0.99,0.99,0.01,0.01,0.0,0.0,77161.82,1776469797000
1776469799.157,299.157,0.99,0.99,0.01,0.01,0.0,0.0,77159.19,1776469798000
1776469800.389,300.389,0.99,0.99,0.01,0.01,0.0,0.0,77161.7,1776469799000
1776469800.977,300.977,0.99,0.99,0.01,0.01,0.0,0.0,77161.7,1776469799000
1776469802.254,302.254,0.99,0.99,0.01,0.01,0.0,0.0,77162.28,1776469801000

# RESULT,winner=Up,slug=btc-updown-5m-1776469500,ticks=611
