timestamp,elapsed_sec,up_bid,up_ask,down_bid,down_ask,up_spread,down_spread,btc_price
1775873700.544,0.544,0.5,0.51,0.49,0.5,0.01,0.01,72992.44
1775873701.126,1.126,0.5,0.51,0.49,0.5,0.01,0.01,72992.44
1775873701.559,1.559,0.5,0.51,0.49,0.5,0.01,0.01,72992.44
1775873701.918,1.918,0.5,0.51,0.49,0.5,0.01,0.01,72992.49
1775873702.498,2.498,0.49,0.5,0.49,0.51,0.01,0.02,72992
1775873702.846,2.846,0.49,0.5,0.5,0.51,0.01,0.01,72992
1775873703.807,3.807,0.49,0.5,0.5,0.51,0.01,0.01,72992
1775873704.161,4.161,0.49,0.5,0.5,0.51,0.01,0.01,72992
1775873704.7,4.7,0.49,0.5,0.5,0.51,0.01,0.01,72992.34
1775873705.29,5.29,0.48,0.49,0.5,0.51,0.01,0.01,72992.34
1775873705.712,5.712,0.48,0.49,0.51,0.52,0.01,0.01,72992.03
1775873706.75,6.75,0.48,0.49,0.51,0.52,0.01,0.01,72992.73
1775873707.448,7.448,0.5,0.51,0.49,0.51,0.01,0.02,72992.75
1775873707.802,7.802,0.5,0.51,0.49,0.5,0.01,0.01,72992.75
1775873708.211,8.211,0.5,0.51,0.49,0.5,0.01,0.01,72992.75
1775873709.021,9.021,0.51,0.52,0.49,0.5,0.01,0.01,72992.75
1775873709.594,9.594,0.51,0.52,0.48,0.49,0.01,0.01,72992.75
1775873710.0,10.0,0.51,0.52,0.48,0.49,0.01,0.01,72992.75
1775873710.39,10.39,0.5,0.52,0.47,0.49,0.02,0.02,72994.41
1775873710.738,10.738,0.51,0.52,0.48,0.49,0.01,0.01,72994.41
1775873711.423,11.423,0.52,0.53,0.47,0.49,0.01,0.02,72994.51
1775873711.78,11.78,0.52,0.53,0.47,0.48,0.01,0.01,72994.51
1775873712.375,12.375,0.52,0.53,0.47,0.48,0.01,0.01,72994.41
1775873712.906,12.906,0.52,0.53,0.47,0.48,0.01,0.01,72994.41
1775873713.401,13.401,0.52,0.53,0.47,0.48,0.01,0.01,72994.41
1775873714.148,14.148,0.52,0.54,0.47,0.48,0.02,0.01,72994.41
1775873715.306,15.306,0.52,0.53,0.47,0.48,0.01,0.01,72994.4
1775873715.654,15.654,0.52,0.53,0.47,0.48,0.01,0.01,72994.4
1775873716.155,16.155,0.53,0.54,0.47,0.48,0.01,0.01,72994.4
1775873716.705,16.705,0.53,0.54,0.46,0.47,0.01,0.01,72994.39
1775873717.11,17.11,0.52,0.53,0.46,0.48,0.01,0.02,72994.39
1775873717.476,17.476,0.52,0.53,0.47,0.48,0.01,0.01,72994.6
1775873717.839,17.839,0.52,0.53,0.47,0.48,0.01,0.01,72994.6
1775873718.346,18.346,0.52,0.53,0.47,0.48,0.01,0.01,72994.41
1775873718.71,18.71,0.51,0.53,0.47,0.48,0.02,0.01,72994.41
1775873719.472,19.472,0.51,0.52,0.48,0.49,0.01,0.01,72994.41
1775873720.252,20.252,0.51,0.53,0.47,0.49,0.02,0.02,72994.41
1775873720.715,20.715,0.5,0.51,0.49,0.5,0.01,0.01,72994.2
1775873721.65,21.65,0.51,0.52,0.49,0.5,0.01,0.01,72994.2
1775873722.148,22.148,0.51,0.52,0.48,0.49,0.01,0.01,72994.2
1775873722.508,22.508,0.5,0.51,0.49,0.5,0.01,0.01,72994.2
1775873722.915,22.915,0.5,0.51,0.49,0.5,0.01,0.01,72994.2
1775873723.579,23.579,0.5,0.51,0.49,0.5,0.01,0.01,72994.13
1775873724.142,24.142,0.5,0.51,0.49,0.5,0.01,0.01,72994.13
1775873724.573,24.573,0.5,0.51,0.49,0.5,0.01,0.01,72994.33
1775873725.069,25.069,0.57,0.58,0.42,0.43,0.01,0.01,72994.33
1775873725.588,25.588,0.57,0.58,0.42,0.43,0.01,0.01,72994.33
1775873726.124,26.124,0.59,0.6,0.4,0.41,0.01,0.01,72994.33
1775873726.481,26.481,0.59,0.6,0.4,0.41,0.01,0.01,72994.33
1775873726.84,26.84,0.59,0.6,0.4,0.41,0.01,0.01,72994.33
1775873727.209,27.209,0.59,0.6,0.4,0.41,0.01,0.01,72997.15
1775873727.856,27.856,0.59,0.6,0.4,0.41,0.01,0.01,72998.42
1775873728.216,28.216,0.6,0.61,0.39,0.41,0.01,0.02,72998.42
1775873728.553,28.553,0.6,0.61,0.39,0.4,0.01,0.01,72998.42
1775873729.128,29.128,0.6,0.61,0.39,0.4,0.01,0.01,72998.45
1775873729.479,29.479,0.6,0.61,0.39,0.4,0.01,0.01,72998.45
1775873729.846,29.846,0.6,0.61,0.39,0.4,0.01,0.01,72998.45
1775873730.259,30.259,0.6,0.61,0.39,0.4,0.01,0.01,72998.87
1775873730.652,30.652,0.6,0.61,0.39,0.4,0.01,0.01,72998.87
1775873731.044,31.044,0.6,0.61,0.39,0.4,0.01,0.01,72998.87
1775873731.431,31.431,0.6,0.61,0.39,0.4,0.01,0.01,72999.35
1775873732.034,32.034,0.6,0.61,0.39,0.4,0.01,0.01,72999.35
1775873732.642,32.642,0.6,0.61,0.39,0.4,0.01,0.01,72999.35
1775873733.011,33.011,0.6,0.61,0.39,0.4,0.01,0.01,72999.35
1775873733.533,33.533,0.6,0.61,0.39,0.4,0.01,0.01,72999.46
1775873734.015,34.015,0.59,0.6,0.39,0.41,0.01,0.02,72999.46
1775873734.458,34.458,0.59,0.6,0.4,0.41,0.01,0.01,72999.33
1775873734.96,34.96,0.59,0.6,0.4,0.41,0.01,0.01,72999.33
1775873735.715,35.715,0.59,0.6,0.4,0.41,0.01,0.01,72999.34
1775873736.059,36.059,0.59,0.6,0.4,0.41,0.01,0.01,72999.34
1775873736.49,36.49,0.59,0.6,0.4,0.41,0.01,0.01,72999.34
1775873736.918,36.918,0.59,0.6,0.4,0.41,0.01,0.01,72999.34
1775873737.51,37.51,0.6,0.61,0.39,0.41,0.01,0.02,72999.31
1775873737.91,37.91,0.6,0.61,0.39,0.4,0.01,0.01,72999.31
1775873738.269,38.269,0.6,0.61,0.39,0.4,0.01,0.01,72999.3
1775873738.812,38.812,0.59,0.6,0.39,0.41,0.01,0.02,72999.3
1775873739.324,39.324,0.59,0.6,0.4,0.41,0.01,0.01,72999.38
1775873739.773,39.773,0.59,0.6,0.4,0.41,0.01,0.01,72999.38
1775873740.107,40.107,0.59,0.6,0.4,0.41,0.01,0.01,72999.37
1775873740.484,40.484,0.59,0.6,0.4,0.41,0.01,0.01,72999.37
1775873740.89,40.89,0.59,0.6,0.4,0.41,0.01,0.01,72999.37
1775873741.462,41.462,0.59,0.6,0.4,0.41,0.01,0.01,72999.37
1775873741.927,41.927,0.59,0.6,0.4,0.41,0.01,0.01,72999.37
1775873742.546,42.546,0.59,0.6,0.4,0.41,0.01,0.01,72999.49
1775873742.984,42.984,0.59,0.61,0.4,0.41,0.02,0.01,72999.49
1775873743.581,43.581,0.59,0.6,0.39,0.41,0.01,0.02,72999.5
1775873744.065,44.065,0.59,0.6,0.4,0.41,0.01,0.01,72999.51
1775873744.514,44.514,0.59,0.61,0.4,0.41,0.02,0.01,72999.51
1775873745.087,45.087,0.6,0.61,0.39,0.41,0.01,0.02,72999.5
1775873745.454,45.454,0.6,0.61,0.39,0.4,0.01,0.01,72999.5
1775873746.112,46.112,0.6,0.62,0.38,0.4,0.02,0.02,72999.5
1775873746.962,46.962,0.6,0.61,0.39,0.4,0.01,0.01,72999.5
1775873747.979,47.979,0.6,0.61,0.39,0.4,0.01,0.01,72999.54
1775873748.395,48.395,0.6,0.61,0.39,0.4,0.01,0.01,72999.54
1775873748.956,48.956,0.6,0.61,0.39,0.4,0.01,0.01,72999.54
1775873749.723,49.723,0.6,0.61,0.39,0.4,0.01,0.01,72999.77
1775873750.086,50.086,0.6,0.61,0.39,0.4,0.01,0.01,72999.77
1775873750.757,50.757,0.6,0.61,0.39,0.4,0.01,0.01,72999.77
1775873751.223,51.223,0.6,0.61,0.39,0.4,0.01,0.01,72999.71
1775873751.627,51.627,0.6,0.61,0.39,0.4,0.01,0.01,72999.71
1775873751.991,51.991,0.6,0.61,0.39,0.4,0.01,0.01,72999.71
1775873752.37,52.37,0.6,0.61,0.39,0.4,0.01,0.01,72999.71
1775873752.971,52.971,0.6,0.61,0.39,0.4,0.01,0.01,72999.71
1775873753.573,53.573,0.6,0.61,0.39,0.4,0.01,0.01,72999.69
1775873754.28,54.28,0.6,0.61,0.39,0.4,0.01,0.01,72999.71
1775873754.63,54.63,0.6,0.61,0.39,0.4,0.01,0.01,72999.71
1775873755.106,55.106,0.6,0.61,0.39,0.4,0.01,0.01,72999.71
1775873756.14,56.14,0.6,0.61,0.39,0.4,0.01,0.01,72999.7
1775873756.996,56.996,0.6,0.61,0.39,0.4,0.01,0.01,72999.73
1775873757.806,57.806,0.6,0.61,0.39,0.4,0.01,0.01,72999.7
1775873758.292,58.292,0.6,0.61,0.39,0.4,0.01,0.01,72999.7
1775873759.004,59.004,0.6,0.61,0.39,0.4,0.01,0.01,72999.7
1775873759.352,59.352,0.58,0.59,0.4,0.42,0.01,0.02,72999.7
1775873759.782,59.782,0.57,0.58,0.42,0.43,0.01,0.01,72999.7
1775873760.255,60.255,0.57,0.58,0.42,0.43,0.01,0.01,72999.56
1775873760.795,60.795,0.57,0.58,0.42,0.43,0.01,0.01,72999.56
1775873761.22,61.22,0.57,0.58,0.42,0.43,0.01,0.01,72999.37
1775873761.627,61.627,0.57,0.58,0.42,0.43,0.01,0.01,72999.37
1775873762.027,62.027,0.57,0.58,0.42,0.43,0.01,0.01,72999.37
1775873762.368,62.368,0.57,0.58,0.42,0.43,0.01,0.01,72999.25
1775873763.156,63.156,0.57,0.58,0.42,0.43,0.01,0.01,72999.25
1775873764.559,64.559,0.57,0.58,0.42,0.43,0.01,0.01,72999.1
1775873765.686,65.686,0.57,0.58,0.42,0.43,0.01,0.01,72999.09
1775873766.189,66.189,0.57,0.58,0.42,0.43,0.01,0.01,72999.09
1775873766.825,66.825,0.57,0.58,0.42,0.43,0.01,0.01,72999.09
1775873767.2,67.2,0.57,0.58,0.42,0.43,0.01,0.01,72999.09
1775873767.577,67.577,0.57,0.58,0.42,0.43,0.01,0.01,72999.03
1775873768.904,68.904,0.57,0.58,0.42,0.43,0.01,0.01,72999.03
1775873769.357,69.357,0.57,0.58,0.42,0.43,0.01,0.01,72999.03
1775873770.409,70.409,0.57,0.58,0.42,0.43,0.01,0.01,72999.05
1775873770.948,70.948,0.56,0.57,0.43,0.44,0.01,0.01,72999.05
1775873771.535,71.535,0.56,0.57,0.43,0.44,0.01,0.01,72999.05
1775873772.184,72.184,0.56,0.57,0.43,0.44,0.01,0.01,72999.02
1775873773.555,73.555,0.56,0.57,0.43,0.44,0.01,0.01,72999.02
1775873774.648,74.648,0.56,0.57,0.43,0.44,0.01,0.01,72999.04
1775873777.011,77.011,0.56,0.57,0.43,0.44,0.01,0.01,72999.01
1775873777.909,77.909,0.56,0.57,0.43,0.44,0.01,0.01,72999.01
1775873778.858,78.858,0.56,0.57,0.43,0.44,0.01,0.01,72999.01
1775873779.484,79.484,0.56,0.57,0.43,0.44,0.01,0.01,72999.01
1775873779.963,79.963,0.56,0.57,0.43,0.44,0.01,0.01,72999.01
1775873781.237,81.237,0.56,0.57,0.43,0.44,0.01,0.01,72999.02
1775873781.84,81.84,0.56,0.57,0.43,0.44,0.01,0.01,72999.02
1775873782.242,82.242,0.56,0.62,0.43,0.44,0.06,0.01,72999.02
1775873782.609,82.609,0.59,0.6,0.4,0.41,0.01,0.01,72999.02
1775873783.077,83.077,0.59,0.6,0.4,0.41,0.01,0.01,72999.07
1775873783.825,83.825,0.59,0.6,0.4,0.41,0.01,0.01,72999.07
1775873784.963,84.963,0.59,0.6,0.4,0.41,0.01,0.01,72999.07
1775873786.474,86.474,0.59,0.6,0.4,0.41,0.01,0.01,72999.13
1775873787.08,87.08,0.59,0.6,0.4,0.41,0.01,0.01,72999.13
1775873787.637,87.637,0.59,0.6,0.4,0.41,0.01,0.01,72999.12
1775873787.979,87.979,0.59,0.6,0.4,0.42,0.01,0.02,72999.12
1775873789.445,89.445,0.58,0.59,0.4,0.41,0.01,0.01,72999.12
1775873790.494,90.494,0.58,0.59,0.41,0.42,0.01,0.01,72999.12
1775873791.027,91.027,0.58,0.59,0.41,0.42,0.01,0.01,72999.12
1775873791.524,91.524,0.59,0.6,0.4,0.42,0.01,0.02,72999.12
1775873791.921,91.921,0.59,0.61,0.4,0.41,0.02,0.01,72999.12
1775873792.424,92.424,0.61,0.62,0.38,0.4,0.01,0.02,72999.12
1775873792.904,92.904,0.61,0.62,0.38,0.39,0.01,0.01,72999.13
1775873793.448,93.448,0.61,0.62,0.38,0.39,0.01,0.01,72999.13
1775873794.013,94.013,0.61,0.62,0.38,0.39,0.01,0.01,72999.13
1775873794.744,94.744,0.61,0.62,0.38,0.39,0.01,0.01,72999.13
1775873795.122,95.122,0.61,0.62,0.38,0.39,0.01,0.01,72999.23
1775873795.483,95.483,0.61,0.62,0.38,0.39,0.01,0.01,72999.23
1775873795.848,95.848,0.61,0.62,0.38,0.39,0.01,0.01,72999.23
1775873796.242,96.242,0.61,0.63,0.38,0.39,0.02,0.01,72999.47
1775873796.866,96.866,0.62,0.63,0.37,0.39,0.01,0.02,72999.48
1775873798.719,98.719,0.62,0.63,0.37,0.38,0.01,0.01,72999.48
1775873799.614,99.614,0.62,0.63,0.37,0.38,0.01,0.01,72999.39
1775873800.325,100.325,0.62,0.63,0.37,0.38,0.01,0.01,72999.39
1775873801.316,101.316,0.62,0.63,0.37,0.38,0.01,0.01,72999.39
1775873802.175,102.175,0.63,0.64,0.37,0.38,0.01,0.01,72999.39
1775873802.691,102.691,0.63,0.64,0.36,0.37,0.01,0.01,72999.39
1775873803.173,103.173,0.61,0.62,0.38,0.39,0.01,0.01,72999.39
1775873803.598,103.598,0.61,0.62,0.38,0.39,0.01,0.01,72999.34
1775873804.145,104.145,0.61,0.62,0.38,0.39,0.01,0.01,72999.34
1775873804.882,104.882,0.61,0.62,0.38,0.39,0.01,0.01,72999.71
1775873806.092,106.092,0.61,0.62,0.38,0.39,0.01,0.01,73000.1
1775873807.511,107.511,0.61,0.62,0.38,0.39,0.01,0.01,73000.11
1775873808.242,108.242,0.61,0.62,0.38,0.39,0.01,0.01,73000.11
1775873808.669,108.669,0.61,0.62,0.38,0.39,0.01,0.01,73000.11
1775873809.149,109.149,0.62,0.63,0.37,0.39,0.01,0.02,73000.1
1775873810.189,110.189,0.62,0.63,0.37,0.38,0.01,0.01,73000.1
1775873810.555,110.555,0.61,0.62,0.37,0.39,0.01,0.02,73000.1
1775873811.699,111.699,0.61,0.63,0.37,0.39,0.02,0.02,72999.82
1775873812.358,112.358,0.62,0.63,0.38,0.39,0.01,0.01,72999.83
1775873813.022,113.022,0.62,0.63,0.38,0.39,0.01,0.01,72999.83
1775873813.677,113.677,0.62,0.63,0.37,0.38,0.01,0.01,72999.82
1775873814.612,114.612,0.61,0.62,0.37,0.38,0.01,0.01,72999.82
1775873815.347,115.347,0.61,0.62,0.38,0.39,0.01,0.01,72999.82
1775873815.947,115.947,0.61,0.62,0.38,0.39,0.01,0.01,73000.43
1775873816.4,116.4,0.61,0.62,0.38,0.39,0.01,0.01,73000.43
1775873816.791,116.791,0.61,0.62,0.38,0.39,0.01,0.01,73000.43
1775873817.131,117.131,0.61,0.62,0.38,0.39,0.01,0.01,73000.43
1775873817.736,117.736,0.6,0.61,0.38,0.4,0.01,0.02,73000.43
1775873818.743,118.743,0.6,0.62,0.39,0.4,0.02,0.01,73000.37
1775873819.674,119.674,0.61,0.62,0.38,0.39,0.01,0.01,73000.32
1775873820.153,120.153,0.61,0.62,0.38,0.39,0.01,0.01,73000.32
1775873820.55,120.55,0.6,0.61,0.39,0.4,0.01,0.01,73000.32
1775873820.884,120.884,0.6,0.61,0.39,0.4,0.01,0.01,73000.32
1775873821.307,121.307,0.6,0.61,0.39,0.4,0.01,0.01,73000.32
1775873821.651,121.651,0.59,0.6,0.39,0.41,0.01,0.02,73000.32
1775873822.416,122.416,0.58,0.59,0.41,0.42,0.01,0.01,72999.84
1775873823.325,123.325,0.58,0.59,0.41,0.43,0.01,0.02,72999.28
1775873824.274,124.274,0.58,0.59,0.41,0.42,0.01,0.01,72999.28
1775873824.627,124.627,0.58,0.59,0.41,0.42,0.01,0.01,72999.28
1775873824.98,124.98,0.57,0.58,0.42,0.43,0.01,0.01,72999.05
1775873825.632,125.632,0.56,0.57,0.42,0.44,0.01,0.02,72999.01
1775873825.967,125.967,0.56,0.57,0.43,0.44,0.01,0.01,72999.01
1775873826.596,126.596,0.56,0.57,0.43,0.44,0.01,0.01,72999.01
1775873827.846,127.846,0.56,0.57,0.43,0.44,0.01,0.01,72999.08
1775873828.414,128.414,0.56,0.57,0.43,0.44,0.01,0.01,72999.08
1775873828.757,128.757,0.56,0.57,0.43,0.44,0.01,0.01,72999.08
1775873829.162,129.162,0.56,0.57,0.43,0.44,0.01,0.01,72999.08
1775873829.607,129.607,0.56,0.57,0.43,0.44,0.01,0.01,72999.01
1775873830.031,130.031,0.56,0.57,0.43,0.44,0.01,0.01,72999.01
1775873830.48,130.48,0.56,0.57,0.43,0.44,0.01,0.01,72999.01
1775873830.967,130.967,0.56,0.57,0.43,0.44,0.01,0.01,72999.01
1775873831.457,131.457,0.56,0.57,0.43,0.44,0.01,0.01,72999.01
1775873832.146,132.146,0.56,0.57,0.43,0.44,0.01,0.01,72999.01
1775873832.556,132.556,0.56,0.57,0.43,0.44,0.01,0.01,72999.01
1775873833.837,133.837,0.56,0.57,0.43,0.44,0.01,0.01,72998.94
1775873834.205,134.205,0.56,0.57,0.43,0.44,0.01,0.01,72998.94
1775873835.44,135.44,0.55,0.56,0.43,0.44,0.01,0.01,72998.94
1775873836.1,136.1,0.56,0.57,0.43,0.45,0.01,0.02,72998.94
1775873837.941,137.941,0.56,0.57,0.44,0.45,0.01,0.01,72998.93
1775873838.363,138.363,0.56,0.57,0.43,0.44,0.01,0.01,72998.93
1775873838.925,138.925,0.55,0.56,0.43,0.44,0.01,0.01,72998.93
1775873840.448,140.448,0.55,0.56,0.44,0.45,0.01,0.01,72998.94
1775873840.901,140.901,0.55,0.56,0.44,0.45,0.01,0.01,72998.94
1775873841.578,141.578,0.55,0.56,0.44,0.45,0.01,0.01,72998.89
1775873842.224,142.224,0.55,0.56,0.44,0.45,0.01,0.01,72998.89
1775873843.344,143.344,0.56,0.57,0.43,0.44,0.01,0.01,72998.89
1775873843.95,143.95,0.56,0.57,0.43,0.44,0.01,0.01,72998.91
1775873844.299,144.299,0.65,0.66,0.34,0.35,0.01,0.01,72998.92
1775873844.641,144.641,0.75,0.77,0.22,0.25,0.02,0.03,72998.92
1775873845.012,145.012,0.79,0.81,0.17,0.21,0.02,0.04,72998.92
1775873845.354,145.354,0.79,0.8,0.2,0.21,0.01,0.01,72998.92
1775873845.7,145.7,0.8,0.81,0.19,0.2,0.01,0.01,72998.92
1775873846.035,146.035,0.8,0.81,0.19,0.2,0.01,0.01,72999.01
1775873846.392,146.392,0.8,0.82,0.19,0.2,0.02,0.01,72999.01
1775873846.857,146.857,0.82,0.83,0.18,0.19,0.01,0.01,73012.38
1775873847.286,147.286,0.82,0.83,0.17,0.18,0.01,0.01,73019.09
1775873847.63,147.63,0.82,0.83,0.17,0.18,0.01,0.01,73019.09
1775873848.011,148.011,0.82,0.83,0.17,0.18,0.01,0.01,73019.09
1775873848.377,148.377,0.82,0.83,0.17,0.18,0.01,0.01,73019.33
1775873848.974,148.974,0.82,0.83,0.17,0.18,0.01,0.01,73019.33
1775873849.362,149.362,0.82,0.83,0.17,0.18,0.01,0.01,73019.33
1775873849.754,149.754,0.82,0.83,0.17,0.18,0.01,0.01,73019.28
1775873850.551,150.551,0.82,0.83,0.17,0.18,0.01,0.01,73019.93
1775873850.909,150.909,0.83,0.84,0.16,0.17,0.01,0.01,73019.93
1775873851.357,151.357,0.83,0.84,0.16,0.17,0.01,0.01,73020.41
1775873851.862,151.862,0.83,0.84,0.16,0.17,0.01,0.01,73020.41
1775873852.281,152.281,0.84,0.85,0.15,0.17,0.01,0.02,73020.41
1775873852.658,152.658,0.84,0.85,0.15,0.16,0.01,0.01,73021.14
1775873853.497,153.497,0.84,0.85,0.15,0.16,0.01,0.01,73021.5
1775873854.037,154.037,0.84,0.85,0.15,0.16,0.01,0.01,73021.5
1775873854.391,154.391,0.84,0.85,0.15,0.16,0.01,0.01,73021.5
1775873854.779,154.779,0.84,0.85,0.15,0.16,0.01,0.01,73021.5
1775873855.19,155.19,0.83,0.85,0.15,0.16,0.02,0.01,73021.62
1775873855.647,155.647,0.83,0.84,0.16,0.17,0.01,0.01,73021.62
1775873856.207,156.207,0.83,0.84,0.16,0.17,0.01,0.01,73021.62
1775873856.648,156.648,0.83,0.84,0.16,0.17,0.01,0.01,73021.94
1775873857.089,157.089,0.82,0.83,0.17,0.18,0.01,0.01,73021.94
1775873857.623,157.623,0.82,0.83,0.17,0.18,0.01,0.01,73021.98
1775873858.193,158.193,0.82,0.83,0.17,0.18,0.01,0.01,73021.98
1775873858.531,158.531,0.82,0.84,0.17,0.18,0.02,0.01,73021.98
1775873858.869,158.869,0.83,0.84,0.16,0.17,0.01,0.01,73021.89
1775873859.268,159.268,0.83,0.84,0.16,0.17,0.01,0.01,73021.89
1775873859.805,159.805,0.83,0.84,0.16,0.17,0.01,0.01,73021.89
1775873860.227,160.227,0.83,0.84,0.16,0.17,0.01,0.01,73021.89
1775873861.182,161.182,0.8,0.81,0.16,0.17,0.01,0.01,73022.03
1775873861.56,161.56,0.8,0.81,0.19,0.2,0.01,0.01,73022.03
1775873862.272,162.272,0.8,0.81,0.19,0.2,0.01,0.01,73022.03
1775873862.703,162.703,0.8,0.81,0.19,0.2,0.01,0.01,73022.17
1775873863.067,163.067,0.8,0.81,0.19,0.2,0.01,0.01,73022.17
1775873863.445,163.445,0.8,0.81,0.19,0.2,0.01,0.01,73022.49
1775873863.841,163.841,0.8,0.81,0.19,0.2,0.01,0.01,73022.49
1775873864.195,164.195,0.8,0.81,0.19,0.2,0.01,0.01,73022.49
1775873864.569,164.569,0.8,0.81,0.19,0.2,0.01,0.01,73022.19
1775873864.905,164.905,0.8,0.81,0.19,0.2,0.01,0.01,73022.19
1775873865.264,165.264,0.8,0.81,0.19,0.2,0.01,0.01,73022.19
1775873865.612,165.612,0.8,0.81,0.19,0.2,0.01,0.01,73022.36
1775873865.981,165.981,0.8,0.81,0.19,0.2,0.01,0.01,73022.36
1775873866.346,166.346,0.8,0.81,0.19,0.2,0.01,0.01,73023.16
1775873866.682,166.682,0.79,0.8,0.2,0.21,0.01,0.01,73023.16
1775873867.024,167.024,0.79,0.8,0.2,0.21,0.01,0.01,73023.16
1775873867.443,167.443,0.79,0.8,0.2,0.21,0.01,0.01,73023.47
1775873867.863,167.863,0.79,0.8,0.2,0.21,0.01,0.01,73023.47
1775873868.208,168.208,0.79,0.8,0.2,0.21,0.01,0.01,73023.65
1775873868.55,168.55,0.79,0.8,0.2,0.21,0.01,0.01,73023.65
1775873868.905,168.905,0.79,0.8,0.2,0.21,0.01,0.01,73023.86
1775873869.324,169.324,0.79,0.8,0.2,0.21,0.01,0.01,73023.86
1775873869.666,169.666,0.79,0.8,0.2,0.21,0.01,0.01,73023.86
1775873870.033,170.033,0.79,0.8,0.2,0.21,0.01,0.01,73023.96
1775873870.448,170.448,0.79,0.8,0.2,0.21,0.01,0.01,73023.96
1775873870.798,170.798,0.79,0.8,0.2,0.21,0.01,0.01,73023.96
1775873871.14,171.14,0.79,0.8,0.2,0.21,0.01,0.01,73025.96
1775873871.496,171.496,0.79,0.8,0.2,0.21,0.01,0.01,73025.96
1775873871.829,171.829,0.8,0.81,0.19,0.2,0.01,0.01,73025.96
1775873872.187,172.187,0.8,0.81,0.19,0.2,0.01,0.01,73025.96
1775873872.522,172.522,0.8,0.81,0.19,0.2,0.01,0.01,73025.96
1775873872.884,172.884,0.8,0.81,0.19,0.2,0.01,0.01,73025.96
1775873873.222,173.222,0.8,0.81,0.19,0.2,0.01,0.01,73026.06
1775873873.559,173.559,0.79,0.8,0.2,0.21,0.01,0.01,73026.06
1775873873.902,173.902,0.78,0.79,0.21,0.22,0.01,0.01,73026.06
1775873874.272,174.272,0.78,0.79,0.21,0.22,0.01,0.01,73026.06
1775873874.62,174.62,0.78,0.79,0.21,0.22,0.01,0.01,73037.47
1775873874.977,174.977,0.77,0.78,0.22,0.23,0.01,0.01,73037.47
1775873875.319,175.319,0.78,0.79,0.21,0.22,0.01,0.01,73037.47
1775873875.664,175.664,0.77,0.78,0.22,0.23,0.01,0.01,73038.3
1775873876.029,176.029,0.77,0.78,0.22,0.23,0.01,0.01,73038.3
1775873876.406,176.406,0.76,0.77,0.22,0.24,0.01,0.02,73038.61
1775873876.742,176.742,0.75,0.78,0.22,0.24,0.03,0.02,73038.61
1775873877.096,177.096,0.75,0.76,0.24,0.25,0.01,0.01,73038.61
1775873877.429,177.429,0.75,0.76,0.24,0.25,0.01,0.01,73038.61
1775873877.868,177.868,0.72,0.73,0.26,0.28,0.01,0.02,73039.47
1775873878.287,178.287,0.72,0.73,0.25,0.28,0.01,0.03,73039.47
1775873878.855,178.855,0.74,0.75,0.25,0.26,0.01,0.01,73040.01
1775873879.227,179.227,0.74,0.75,0.25,0.26,0.01,0.01,73039.76
1775873879.58,179.58,0.74,0.75,0.25,0.26,0.01,0.01,73039.76
1775873879.921,179.921,0.74,0.75,0.25,0.26,0.01,0.01,73039.76
1775873880.343,180.343,0.74,0.75,0.25,0.26,0.01,0.01,73037.29
1775873880.695,180.695,0.75,0.76,0.24,0.25,0.01,0.01,73037.29
1775873881.05,181.05,0.76,0.77,0.23,0.24,0.01,0.01,73037.29
1775873881.442,181.442,0.76,0.77,0.23,0.24,0.01,0.01,73037.29
1775873881.786,181.786,0.76,0.77,0.23,0.24,0.01,0.01,73037.93
1775873882.187,182.187,0.76,0.77,0.23,0.24,0.01,0.01,73037.93
1775873882.582,182.582,0.76,0.77,0.23,0.24,0.01,0.01,73037.93
1775873882.94,182.94,0.76,0.77,0.23,0.24,0.01,0.01,73037.93
1775873883.303,183.303,0.76,0.77,0.23,0.24,0.01,0.01,73037.93
1775873883.706,183.706,0.76,0.77,0.23,0.24,0.01,0.01,73038.53
1775873884.11,184.11,0.76,0.77,0.23,0.24,0.01,0.01,73038.53
1775873884.455,184.455,0.76,0.77,0.23,0.24,0.01,0.01,73038.93
1775873885.296,185.296,0.74,0.77,0.23,0.25,0.03,0.02,73038.93
1775873885.647,185.647,0.74,0.77,0.23,0.26,0.03,0.03,73038.96
1775873886.139,186.139,0.75,0.76,0.23,0.25,0.01,0.02,73038.96
1775873886.48,186.48,0.73,0.75,0.25,0.29,0.02,0.04,73039.02
1775873886.866,186.866,0.73,0.74,0.25,0.28,0.01,0.03,73039.02
1775873887.266,187.266,0.73,0.74,0.26,0.28,0.01,0.02,73039.18
1775873887.678,187.678,0.72,0.74,0.26,0.27,0.02,0.01,73039.18
1775873888.039,188.039,0.72,0.73,0.27,0.28,0.01,0.01,73039.18
1775873888.384,188.384,0.72,0.73,0.27,0.28,0.01,0.01,73039.18
1775873888.828,188.828,0.72,0.73,0.27,0.28,0.01,0.01,73039.29
1775873889.206,189.206,0.73,0.74,0.26,0.27,0.01,0.01,73039.62
1775873889.563,189.563,0.74,0.75,0.26,0.27,0.01,0.01,73039.62
1775873889.962,189.962,0.74,0.75,0.25,0.26,0.01,0.01,73039.63
1775873890.298,190.298,0.74,0.75,0.25,0.26,0.01,0.01,73039.63
1775873890.643,190.643,0.74,0.75,0.25,0.26,0.01,0.01,73039.63
1775873891.002,191.002,0.75,0.76,0.24,0.25,0.01,0.01,73039.63
1775873891.364,191.364,0.72,0.73,0.27,0.29,0.01,0.02,73039.68
1775873891.753,191.753,0.72,0.73,0.27,0.28,0.01,0.01,73039.68
1775873892.115,192.115,0.72,0.73,0.27,0.28,0.01,0.01,73051.03
1775873892.459,192.459,0.73,0.74,0.26,0.27,0.01,0.01,73051.03
1775873892.816,192.816,0.73,0.74,0.26,0.27,0.01,0.01,73051.03
1775873893.174,193.174,0.74,0.75,0.25,0.26,0.01,0.01,73052.92
1775873893.602,193.602,0.74,0.75,0.25,0.26,0.01,0.01,73052.92
1775873894.054,194.054,0.76,0.77,0.23,0.24,0.01,0.01,73052.49
1775873894.389,194.389,0.76,0.77,0.23,0.24,0.01,0.01,73052.49
1775873894.755,194.755,0.75,0.76,0.24,0.25,0.01,0.01,73052.49
1775873895.172,195.172,0.76,0.77,0.23,0.24,0.01,0.01,73052.07
1775873895.53,195.53,0.77,0.78,0.22,0.24,0.01,0.02,73052.07
1775873895.884,195.884,0.77,0.78,0.22,0.23,0.01,0.01,73052.07
1775873896.24,196.24,0.77,0.78,0.22,0.23,0.01,0.01,73052.07
1775873896.586,196.586,0.77,0.78,0.22,0.23,0.01,0.01,73051.87
1775873896.93,196.93,0.77,0.78,0.22,0.23,0.01,0.01,73051.87
1775873897.305,197.305,0.77,0.78,0.22,0.23,0.01,0.01,73051.87
1775873897.638,197.638,0.78,0.79,0.21,0.22,0.01,0.01,73051.86
1775873898.033,198.033,0.78,0.79,0.21,0.22,0.01,0.01,73051.86
1775873898.392,198.392,0.79,0.8,0.2,0.21,0.01,0.01,73051.86
1775873898.74,198.74,0.79,0.8,0.2,0.21,0.01,0.01,73051.86
1775873899.13,199.13,0.79,0.8,0.2,0.21,0.01,0.01,73051.86
1775873899.505,199.505,0.79,0.8,0.2,0.21,0.01,0.01,73051.87
1775873899.861,199.861,0.78,0.79,0.21,0.22,0.01,0.01,73051.87
1775873900.205,200.205,0.78,0.79,0.21,0.22,0.01,0.01,73051.87
1775873900.59,200.59,0.78,0.79,0.21,0.22,0.01,0.01,73051.87
1775873900.931,200.931,0.79,0.8,0.2,0.21,0.01,0.01,73051.87
1775873901.27,201.27,0.79,0.8,0.2,0.21,0.01,0.01,73056.02
1775873901.649,201.649,0.78,0.79,0.21,0.22,0.01,0.01,73057.31
1775873902.102,202.102,0.78,0.79,0.21,0.22,0.01,0.01,73058.65
1775873902.501,202.501,0.78,0.79,0.21,0.22,0.01,0.01,73058.65
1775873902.838,202.838,0.79,0.8,0.2,0.21,0.01,0.01,73058.65
1775873903.224,203.224,0.79,0.8,0.2,0.21,0.01,0.01,73062.6
1775873903.649,203.649,0.79,0.8,0.2,0.21,0.01,0.01,73062.6
1775873904.043,204.043,0.79,0.8,0.2,0.21,0.01,0.01,73064.59
1775873904.405,204.405,0.79,0.8,0.2,0.21,0.01,0.01,73064.59
1775873905.142,205.142,0.79,0.8,0.2,0.21,0.01,0.01,73064.59
1775873905.641,205.641,0.8,0.81,0.19,0.2,0.01,0.01,73064.59
1775873905.976,205.976,0.8,0.81,0.19,0.2,0.01,0.01,73064.97
1775873906.539,206.539,0.81,0.82,0.18,0.19,0.01,0.01,73064.97
1775873907.152,207.152,0.81,0.82,0.18,0.19,0.01,0.01,73065.34
1775873907.516,207.516,0.81,0.83,0.18,0.19,0.02,0.01,73065.34
1775873908.068,208.068,0.82,0.83,0.17,0.18,0.01,0.01,73065.46
1775873908.461,208.461,0.81,0.82,0.18,0.19,0.01,0.01,73065.46
1775873908.845,208.845,0.81,0.82,0.18,0.19,0.01,0.01,73065.46
1775873909.181,209.181,0.81,0.82,0.18,0.19,0.01,0.01,73066.45
1775873909.528,209.528,0.81,0.82,0.18,0.19,0.01,0.01,73066.45
1775873910.072,210.072,0.82,0.83,0.17,0.18,0.01,0.01,73066.48
1775873910.472,210.472,0.81,0.82,0.17,0.19,0.01,0.02,73066.48
1775873910.922,210.922,0.81,0.82,0.18,0.19,0.01,0.01,73066.25
1775873911.258,211.258,0.81,0.82,0.18,0.19,0.01,0.01,73066.25
1775873911.63,211.63,0.81,0.82,0.18,0.19,0.01,0.01,73066.25
1775873911.981,211.981,0.82,0.83,0.17,0.18,0.01,0.01,73064.61
1775873912.418,212.418,0.82,0.83,0.17,0.18,0.01,0.01,73064.61
1775873912.883,212.883,0.81,0.82,0.17,0.18,0.01,0.01,73064.61
1775873913.309,213.309,0.81,0.83,0.18,0.19,0.02,0.01,73064.65
1775873913.826,213.826,0.82,0.83,0.17,0.19,0.01,0.02,73064.65
1775873914.242,214.242,0.82,0.83,0.17,0.19,0.01,0.02,73064.91
1775873914.593,214.593,0.82,0.83,0.18,0.19,0.01,0.01,73064.91
1775873915.024,215.024,0.81,0.83,0.17,0.18,0.02,0.01,73064.91
1775873915.412,215.412,0.81,0.82,0.18,0.19,0.01,0.01,73064.91
1775873915.777,215.777,0.81,0.82,0.18,0.19,0.01,0.01,73064.88
1775873916.197,216.197,0.82,0.83,0.18,0.19,0.01,0.01,73064.76
1775873916.54,216.54,0.81,0.82,0.17,0.19,0.01,0.02,73064.76
1775873917.296,217.296,0.82,0.83,0.16,0.18,0.01,0.02,73064.76
1775873917.764,217.764,0.81,0.82,0.18,0.19,0.01,0.01,73064.7
1775873918.119,218.119,0.81,0.82,0.18,0.19,0.01,0.01,73064.7
1775873918.974,218.974,0.81,0.82,0.18,0.19,0.01,0.01,73064.66
1775873919.493,219.493,0.81,0.82,0.18,0.19,0.01,0.01,73064.62
1775873919.836,219.836,0.81,0.82,0.18,0.19,0.01,0.01,73064.62
1775873920.228,220.228,0.81,0.82,0.18,0.19,0.01,0.01,73064.62
1775873920.59,220.59,0.8,0.81,0.18,0.2,0.01,0.02,73064.58
1775873921.158,221.158,0.8,0.81,0.19,0.2,0.01,0.01,73064.58
1775873921.614,221.614,0.8,0.81,0.19,0.2,0.01,0.01,73064.61
1775873922.234,222.234,0.81,0.82,0.18,0.2,0.01,0.02,73064.61
1775873922.629,222.629,0.81,0.82,0.18,0.19,0.01,0.01,73064.61
1775873923.173,223.173,0.81,0.82,0.18,0.19,0.01,0.01,73064.61
1775873923.686,223.686,0.8,0.81,0.19,0.2,0.01,0.01,73062.31
1775873924.406,224.406,0.8,0.81,0.19,0.2,0.01,0.01,73062.31
1775873924.885,224.885,0.8,0.81,0.19,0.2,0.01,0.01,73062.2
1775873925.553,225.553,0.8,0.81,0.19,0.2,0.01,0.01,73062.2
1775873925.91,225.91,0.81,0.82,0.18,0.2,0.01,0.02,73062.2
1775873927.008,227.008,0.81,0.82,0.18,0.19,0.01,0.01,73062.17
1775873927.396,227.396,0.81,0.82,0.18,0.19,0.01,0.01,73062.17
1775873927.778,227.778,0.81,0.82,0.18,0.19,0.01,0.01,73062.21
1775873928.801,228.801,0.81,0.82,0.18,0.19,0.01,0.01,73062.21
1775873929.14,229.14,0.81,0.82,0.18,0.19,0.01,0.01,73062.21
1775873929.524,229.524,0.82,0.83,0.18,0.19,0.01,0.01,73062.21
1775873930.019,230.019,0.83,0.85,0.16,0.17,0.02,0.01,73062.21
1775873930.36,230.36,0.84,0.85,0.15,0.16,0.01,0.01,73062.21
1775873930.889,230.889,0.85,0.86,0.14,0.15,0.01,0.01,73062.26
1775873931.273,231.273,0.86,0.87,0.13,0.14,0.01,0.01,73062.26
1775873931.644,231.644,0.86,0.87,0.13,0.14,0.01,0.01,73062.26
1775873932.012,232.012,0.87,0.88,0.12,0.13,0.01,0.01,73062.26
1775873932.351,232.351,0.87,0.88,0.12,0.13,0.01,0.01,73062.5
1775873932.833,232.833,0.87,0.88,0.12,0.13,0.01,0.01,73062.5
1775873933.412,233.412,0.87,0.88,0.12,0.13,0.01,0.01,73062.5
1775873933.884,233.884,0.87,0.88,0.12,0.13,0.01,0.01,73062.5
1775873934.236,234.236,0.87,0.88,0.12,0.13,0.01,0.01,73062.5
1775873934.646,234.646,0.88,0.89,0.11,0.12,0.01,0.01,73062.5
1775873935.021,235.021,0.88,0.89,0.11,0.12,0.01,0.01,73062.5
1775873935.437,235.437,0.88,0.89,0.11,0.12,0.01,0.01,73062.49
1775873935.831,235.831,0.9,0.91,0.09,0.12,0.01,0.03,73062.49
1775873936.211,236.211,0.9,0.91,0.09,0.1,0.01,0.01,73062.49
1775873936.556,236.556,0.9,0.91,0.09,0.1,0.01,0.01,73062.41
1775873936.899,236.899,0.9,0.91,0.09,0.1,0.01,0.01,73062.41
1775873937.603,237.603,0.9,0.91,0.09,0.1,0.01,0.01,73062.32
1775873938.014,238.014,0.91,0.92,0.08,0.1,0.01,0.02,73062.32
1775873938.529,238.529,0.91,0.92,0.08,0.09,0.01,0.01,73062.32
1775873939.057,239.057,0.91,0.92,0.08,0.09,0.01,0.01,73062.32
1775873939.393,239.393,0.91,0.92,0.08,0.09,0.01,0.01,73062.32
1775873939.776,239.776,0.91,0.92,0.08,0.09,0.01,0.01,73062.32
1775873940.235,240.235,0.91,0.92,0.08,0.09,0.01,0.01,73062.41
1775873940.61,240.61,0.91,0.92,0.08,0.09,0.01,0.01,73062.41
1775873940.948,240.948,0.91,0.92,0.08,0.09,0.01,0.01,73062.41
1775873941.371,241.371,0.91,0.92,0.08,0.09,0.01,0.01,73062.53
1775873941.739,241.739,0.92,0.93,0.07,0.08,0.01,0.01,73062.53
1775873942.1,242.1,0.92,0.93,0.07,0.08,0.01,0.01,73062.53
1775873942.498,242.498,0.92,0.93,0.07,0.08,0.01,0.01,73062.52
1775873942.853,242.853,0.93,0.94,0.06,0.07,0.01,0.01,73062.52
1775873943.363,243.363,0.93,0.94,0.06,0.07,0.01,0.01,73062.92
1775873943.714,243.714,0.93,0.94,0.06,0.07,0.01,0.01,73062.92
1775873944.068,244.068,0.93,0.94,0.06,0.07,0.01,0.01,73062.92
1775873944.421,244.421,0.93,0.94,0.06,0.07,0.01,0.01,73063.95
1775873944.773,244.773,0.92,0.94,0.06,0.08,0.02,0.02,73063.95
1775873945.121,245.121,0.93,0.94,0.06,0.07,0.01,0.01,73064.1
1775873945.459,245.459,0.93,0.94,0.06,0.07,0.01,0.01,73064.1
1775873945.88,245.88,0.93,0.94,0.06,0.07,0.01,0.01,73064.1
1775873946.25,246.25,0.93,0.94,0.06,0.07,0.01,0.01,73064.27
1775873946.607,246.607,0.94,0.95,0.05,0.07,0.01,0.02,73064.27
1775873946.956,246.956,0.92,0.93,0.07,0.08,0.01,0.01,73064.27
1775873947.292,247.292,0.92,0.95,0.07,0.08,0.03,0.01,73064.28
1775873947.668,247.668,0.94,0.95,0.05,0.06,0.01,0.01,73064.28
1775873948.056,248.056,0.93,0.94,0.06,0.07,0.01,0.01,73064.05
1775873948.438,248.438,0.93,0.94,0.06,0.07,0.01,0.01,73064.05
1775873948.991,248.991,0.93,0.95,0.05,0.06,0.02,0.01,73064.05
1775873949.358,249.358,0.92,0.93,0.05,0.07,0.01,0.02,73064.05
1775873949.728,249.728,0.92,0.93,0.07,0.08,0.01,0.01,73064.05
1775873950.107,250.107,0.92,0.93,0.07,0.08,0.01,0.01,73064.05
1775873950.442,250.442,0.94,0.95,0.05,0.06,0.01,0.01,73064.08
1775873950.802,250.802,0.94,0.95,0.05,0.06,0.01,0.01,73064.08
1775873951.169,251.169,0.94,0.95,0.05,0.06,0.01,0.01,73064.08
1775873951.609,251.609,0.94,0.95,0.05,0.06,0.01,0.01,73064.08
1775873952.009,252.009,0.94,0.95,0.05,0.06,0.01,0.01,73064.08
1775873952.483,252.483,0.94,0.95,0.05,0.06,0.01,0.01,73064.08
1775873952.818,252.818,0.94,0.95,0.05,0.06,0.01,0.01,73064.12
1775873953.291,253.291,0.94,0.95,0.05,0.06,0.01,0.01,73064.28
1775873953.671,253.671,0.92,0.93,0.06,0.08,0.01,0.02,73064.28
1775873954.257,254.257,0.93,0.94,0.06,0.08,0.01,0.02,73064.25
1775873954.715,254.715,0.92,0.93,0.06,0.08,0.01,0.02,73064.25
1775873955.071,255.071,0.93,0.94,0.06,0.08,0.01,0.02,73064.25
1775873955.442,255.442,0.91,0.94,0.06,0.07,0.03,0.01,73063.72
1775873955.814,255.814,0.85,0.86,0.14,0.15,0.01,0.01,73063.72
1775873956.248,256.248,0.85,0.87,0.14,0.15,0.02,0.01,73063.19
1775873956.691,256.691,0.86,0.87,0.13,0.14,0.01,0.01,73063.19
1775873957.082,257.082,0.86,0.87,0.13,0.14,0.01,0.01,73063.03
1775873957.502,257.502,0.86,0.87,0.13,0.14,0.01,0.01,73063.03
1775873957.864,257.864,0.86,0.87,0.13,0.14,0.01,0.01,73063.03
1775873958.364,258.364,0.86,0.87,0.13,0.14,0.01,0.01,73058.37
1775873958.8,258.8,0.88,0.89,0.11,0.12,0.01,0.01,73058.37
1775873959.532,259.532,0.88,0.89,0.11,0.12,0.01,0.01,73058.37
1775873960.022,260.022,0.88,0.89,0.11,0.12,0.01,0.01,73058.18
1775873960.384,260.384,0.89,0.9,0.11,0.12,0.01,0.01,73057.4
1775873960.795,260.795,0.89,0.9,0.1,0.11,0.01,0.01,73057.4
1775873961.203,261.203,0.88,0.89,0.1,0.12,0.01,0.02,73057.4
1775873961.614,261.614,0.89,0.9,0.1,0.11,0.01,0.01,73057.21
1775873962.022,262.022,0.84,0.9,0.1,0.11,0.06,0.01,73057.21
1775873962.365,262.365,0.88,0.89,0.06,0.13,0.01,0.07,73057.21
1775873962.699,262.699,0.88,0.89,0.11,0.12,0.01,0.01,73057.21
1775873963.093,263.093,0.88,0.89,0.11,0.12,0.01,0.01,73057.21
1775873963.506,263.506,0.88,0.89,0.11,0.12,0.01,0.01,73057.49
1775873963.86,263.86,0.88,0.89,0.11,0.12,0.01,0.01,73057.49
1775873964.203,264.203,0.86,0.87,0.13,0.14,0.01,0.01,73057.49
1775873964.548,264.548,0.87,0.88,0.12,0.14,0.01,0.02,73057.49
1775873965.008,265.008,0.87,0.88,0.12,0.13,0.01,0.01,73057.49
1775873965.633,265.633,0.87,0.88,0.12,0.13,0.01,0.01,73057.47
1775873965.986,265.986,0.87,0.88,0.12,0.13,0.01,0.01,73057.47
1775873966.415,266.415,0.87,0.88,0.12,0.13,0.01,0.01,73057.1
1775873966.86,266.86,0.87,0.88,0.12,0.13,0.01,0.01,73057.1
1775873967.366,267.366,0.88,0.91,0.11,0.12,0.03,0.01,73057.1
1775873967.711,267.711,0.9,0.93,0.09,0.1,0.03,0.01,73057.1
1775873968.137,268.137,0.92,0.94,0.07,0.08,0.02,0.01,73057.22
1775873968.57,268.57,0.92,0.93,0.06,0.08,0.01,0.02,73057.19
1775873969.117,269.117,0.92,0.94,0.07,0.08,0.02,0.01,73056.9
1775873969.622,269.622,0.93,0.94,0.06,0.08,0.01,0.02,73056.9
1775873970.035,270.035,0.93,0.94,0.06,0.07,0.01,0.01,73056.9
1775873970.369,270.369,0.93,0.94,0.06,0.07,0.01,0.01,73056.9
1775873970.858,270.858,0.93,0.94,0.06,0.07,0.01,0.01,73056.9
1775873971.322,271.322,0.93,0.94,0.06,0.07,0.01,0.01,73057.04
1775873971.664,271.664,0.93,0.94,0.06,0.07,0.01,0.01,73057.04
1775873972.314,272.314,0.94,0.95,0.05,0.06,0.01,0.01,73057.04
1775873972.703,272.703,0.95,0.96,0.04,0.05,0.01,0.01,73057.04
1775873973.17,273.17,0.95,0.96,0.04,0.05,0.01,0.01,73057.04
1775873973.528,273.528,0.95,0.96,0.04,0.05,0.01,0.01,73057.04
1775873973.95,273.95,0.94,0.95,0.05,0.06,0.01,0.01,73057.39
1775873974.448,274.448,0.94,0.95,0.05,0.06,0.01,0.01,73057.33
1775873974.815,274.815,0.94,0.95,0.05,0.06,0.01,0.01,73057.33
1775873975.239,275.239,0.94,0.95,0.05,0.06,0.01,0.01,73057.23
1775873975.626,275.626,0.94,0.95,0.05,0.06,0.01,0.01,73057.23
1775873976.032,276.032,0.94,0.95,0.05,0.06,0.01,0.01,73057.16
1775873976.423,276.423,0.94,0.95,0.05,0.06,0.01,0.01,73057.16
1775873977.308,277.308,0.94,0.95,0.05,0.06,0.01,0.01,73057.16
1775873977.755,277.755,0.94,0.95,0.05,0.06,0.01,0.01,73057.16
1775873978.091,278.091,0.94,0.95,0.05,0.06,0.01,0.01,73057.16
1775873978.49,278.49,0.94,0.95,0.05,0.06,0.01,0.01,73057.46
1775873978.889,278.889,0.94,0.95,0.05,0.06,0.01,0.01,73057.46
1775873979.231,279.231,0.94,0.95,0.05,0.06,0.01,0.01,73057.46
1775873979.576,279.576,0.94,0.95,0.05,0.06,0.01,0.01,73057.46
1775873979.912,279.912,0.94,0.95,0.05,0.06,0.01,0.01,73057.46
1775873980.302,280.302,0.93,0.95,0.05,0.06,0.02,0.01,73057.46
1775873980.704,280.704,0.93,0.94,0.06,0.07,0.01,0.01,73057.39
1775873981.114,281.114,0.93,0.94,0.06,0.07,0.01,0.01,73057.39
1775873981.559,281.559,0.93,0.94,0.06,0.07,0.01,0.01,73057.32
1775873981.903,281.903,0.93,0.94,0.06,0.07,0.01,0.01,73057.32
1775873982.295,282.295,0.93,0.94,0.06,0.07,0.01,0.01,73057.32
1775873982.649,282.649,0.94,0.95,0.05,0.06,0.01,0.01,73057.48
1775873983.002,283.002,0.94,0.95,0.05,0.06,0.01,0.01,73057.48
1775873983.383,283.383,0.94,0.95,0.05,0.06,0.01,0.01,73057.48
1775873983.787,283.787,0.93,0.95,0.05,0.07,0.02,0.02,73057.48
1775873984.125,284.125,0.93,0.94,0.06,0.07,0.01,0.01,73057.48
1775873984.472,284.472,0.93,0.94,0.05,0.07,0.01,0.02,73057.48
1775873984.921,284.921,0.93,0.94,0.06,0.07,0.01,0.01,73057.48
1775873985.486,285.486,0.92,0.93,0.07,0.08,0.01,0.01,73057.52
1775873985.975,285.975,0.93,0.95,0.05,0.07,0.02,0.02,73057.52
1775873986.452,286.452,0.93,0.95,0.05,0.07,0.02,0.02,73057.52
1775873986.85,286.85,0.93,0.95,0.05,0.07,0.02,0.02,73057.68
1775873987.463,287.463,0.93,0.94,0.06,0.07,0.01,0.01,73057.68
1775873987.815,287.815,0.93,0.95,0.05,0.06,0.02,0.01,73057.68
1775873988.226,288.226,0.94,0.95,0.05,0.07,0.01,0.02,73057.69
1775873988.565,288.565,0.94,0.95,0.05,0.06,0.01,0.01,73057.69
1775873988.929,288.929,0.93,0.96,0.04,0.06,0.03,0.02,73057.69
1775873989.287,289.287,0.94,0.96,0.05,0.06,0.02,0.01,73057.62
1775873989.714,289.714,0.94,0.95,0.04,0.06,0.01,0.02,73057.62
1775873990.105,290.105,0.94,0.96,0.05,0.06,0.02,0.01,73057.62
1775873990.464,290.464,0.95,0.96,0.04,0.05,0.01,0.01,73057.62
1775873990.897,290.897,0.95,0.96,0.04,0.05,0.01,0.01,73057.62
1775873991.323,291.323,0.95,0.96,0.04,0.05,0.01,0.01,73057.62
1775873991.661,291.661,0.96,0.97,0.04,0.05,0.01,0.01,73057.62
1775873992.007,292.007,0.96,0.97,0.03,0.04,0.01,0.01,73057.62
1775873992.44,292.44,0.96,0.97,0.03,0.04,0.01,0.01,73057.62
1775873992.778,292.778,0.95,0.96,0.04,0.05,0.01,0.01,73057.59
1775873993.217,293.217,0.95,0.96,0.04,0.05,0.01,0.01,73057.59
1775873993.691,293.691,0.95,0.96,0.04,0.05,0.01,0.01,73057.56
1775873994.082,294.082,0.95,0.96,0.04,0.05,0.01,0.01,73057.56
1775873994.454,294.454,0.94,0.96,0.04,0.05,0.02,0.01,73057.56
1775873994.818,294.818,0.95,0.96,0.04,0.05,0.01,0.01,73057.56
1775873995.158,295.158,0.97,0.98,0.02,0.03,0.01,0.01,73057.24
1775873995.498,295.498,0.97,0.98,0.02,0.03,0.01,0.01,73057.24
1775873995.831,295.831,0.97,0.99,0.01,0.03,0.02,0.02,73057.24
1775873996.175,296.175,0.98,0.99,0.01,0.02,0.01,0.01,73057.24
1775873996.513,296.513,0.98,0.99,0.01,0.02,0.01,0.01,73057.24
1775873996.874,296.874,0.95,0.97,0.03,0.04,0.02,0.01,73057.24
1775873997.209,297.209,0.97,0.99,0.01,0.03,0.02,0.02,73057.24
1775873997.819,297.819,0.99,0.99,0.01,0.01,0.0,0.0,73060.44
1775873998.156,298.156,0.99,0.99,0.01,0.01,0.0,0.0,73060.44
1775873998.554,298.554,0.99,0.99,0.01,0.01,0.0,0.0,73061.97
1775873999.171,299.171,0.99,0.99,0.01,0.01,0.0,0.0,73062.0
1775873999.509,299.509,0.99,0.99,0.01,0.01,0.0,0.0,73062.0
1775873999.904,299.904,0.99,0.99,0.01,0.01,0.0,0.0,73062.0
1775874000.548,300.548,0.99,0.99,0.01,0.01,0.0,0.0,73061.9
1775874000.952,300.952,0.99,0.99,0.01,0.01,0.0,0.0,73061.9

# RESULT,winner=Up,slug=btc-updown-5m-1775873700,ticks=610
