timestamp,elapsed_sec,up_bid,up_ask,down_bid,down_ask,up_spread,down_spread,btc_price
1775869800.525,0.525,0.55,0.57,0.43,0.44,0.02,0.01,72864.86
1775869801.125,1.125,0.55,0.56,0.44,0.45,0.01,0.01,72864.7
1775869801.54,1.54,0.55,0.56,0.44,0.45,0.01,0.01,72864.7
1775869801.907,1.907,0.54,0.56,0.44,0.45,0.02,0.01,72864.7
1775869802.327,2.327,0.54,0.55,0.45,0.46,0.01,0.01,72864.7
1775869802.667,2.667,0.54,0.55,0.45,0.46,0.01,0.01,72864.7
1775869803.09,3.09,0.45,0.47,0.53,0.54,0.02,0.01,72864.7
1775869803.447,3.447,0.45,0.46,0.53,0.55,0.01,0.02,72864.74
1775869803.966,3.966,0.44,0.45,0.55,0.56,0.01,0.01,72864.74
1775869804.362,4.362,0.42,0.44,0.57,0.58,0.02,0.01,72864.73
1775869804.827,4.827,0.43,0.44,0.56,0.58,0.01,0.02,72864.73
1775869805.445,5.445,0.43,0.44,0.56,0.57,0.01,0.01,72856.25
1775869805.811,5.811,0.43,0.44,0.56,0.57,0.01,0.01,72856.25
1775869806.198,6.198,0.43,0.44,0.56,0.57,0.01,0.01,72856.25
1775869806.81,6.81,0.43,0.44,0.56,0.57,0.01,0.01,72855.86
1775869807.373,7.373,0.43,0.44,0.56,0.57,0.01,0.01,72855.86
1775869807.87,7.87,0.43,0.44,0.56,0.57,0.01,0.01,72855.86
1775869808.326,8.326,0.43,0.44,0.56,0.57,0.01,0.01,72855.86
1775869809.077,9.077,0.43,0.44,0.56,0.57,0.01,0.01,72855.86
1775869809.5,9.5,0.43,0.44,0.56,0.57,0.01,0.01,72855.35
1775869809.89,9.89,0.45,0.46,0.54,0.57,0.01,0.03,72855.35
1775869810.254,10.254,0.45,0.46,0.54,0.55,0.01,0.01,72855.35
1775869810.614,10.614,0.45,0.46,0.54,0.55,0.01,0.01,72855.35
1775869811.164,11.164,0.45,0.46,0.54,0.55,0.01,0.01,72855.35
1775869811.774,11.774,0.45,0.46,0.54,0.55,0.01,0.01,72855.52
1775869812.326,12.326,0.45,0.46,0.54,0.55,0.01,0.01,72855.52
1775869812.846,12.846,0.45,0.46,0.54,0.55,0.01,0.01,72855.52
1775869813.502,13.502,0.45,0.46,0.54,0.55,0.01,0.01,72855.71
1775869813.845,13.845,0.43,0.44,0.56,0.57,0.01,0.01,72855.71
1775869814.322,14.322,0.43,0.44,0.56,0.57,0.01,0.01,72855.71
1775869814.908,14.908,0.42,0.43,0.57,0.58,0.01,0.01,72855.65
1775869815.255,15.255,0.42,0.43,0.57,0.58,0.01,0.01,72855.65
1775869815.778,15.778,0.42,0.43,0.57,0.58,0.01,0.01,72855.25
1775869816.125,16.125,0.42,0.43,0.57,0.58,0.01,0.01,72855.25
1775869816.48,16.48,0.42,0.43,0.57,0.58,0.01,0.01,72855.25
1775869816.842,16.842,0.33,0.36,0.64,0.66,0.03,0.02,72855.25
1775869817.176,17.176,0.29,0.3,0.7,0.71,0.01,0.01,72853.98
1775869817.603,17.603,0.29,0.3,0.7,0.71,0.01,0.01,72853.98
1775869817.96,17.96,0.28,0.29,0.71,0.72,0.01,0.01,72853.98
1775869818.309,18.309,0.28,0.29,0.71,0.72,0.01,0.01,72853.98
1775869818.657,18.657,0.28,0.29,0.71,0.72,0.01,0.01,72852.17
1775869819.011,19.011,0.28,0.29,0.71,0.72,0.01,0.01,72852.17
1775869819.421,19.421,0.28,0.29,0.71,0.72,0.01,0.01,72852.17
1775869819.82,19.82,0.28,0.29,0.71,0.72,0.01,0.01,72844
1775869820.163,20.163,0.28,0.29,0.71,0.72,0.01,0.01,72841.73
1775869820.615,20.615,0.28,0.29,0.71,0.72,0.01,0.01,72841.73
1775869821.087,21.087,0.28,0.29,0.71,0.72,0.01,0.01,72841.73
1775869821.47,21.47,0.27,0.28,0.72,0.73,0.01,0.01,72841.67
1775869821.839,21.839,0.27,0.29,0.72,0.73,0.02,0.01,72841.67
1775869822.177,22.177,0.29,0.32,0.69,0.71,0.03,0.02,72841.67
1775869822.689,22.689,0.31,0.33,0.66,0.68,0.02,0.02,72843.22
1775869823.17,23.17,0.34,0.35,0.65,0.66,0.01,0.01,72843.31
1775869823.542,23.542,0.34,0.35,0.65,0.66,0.01,0.01,72843.31
1775869823.969,23.969,0.34,0.37,0.65,0.66,0.03,0.01,72843.31
1775869824.343,24.343,0.36,0.37,0.63,0.64,0.01,0.01,72843.78
1775869824.732,24.732,0.36,0.37,0.62,0.64,0.01,0.02,72843.78
1775869825.068,25.068,0.38,0.39,0.61,0.62,0.01,0.01,72843.78
1775869825.519,25.519,0.38,0.39,0.61,0.62,0.01,0.01,72843.78
1775869825.906,25.906,0.38,0.39,0.61,0.62,0.01,0.01,72846.34
1775869826.33,26.33,0.4,0.42,0.58,0.61,0.02,0.03,72846.39
1775869826.698,26.698,0.4,0.41,0.58,0.6,0.01,0.02,72846.39
1775869827.09,27.09,0.42,0.44,0.57,0.58,0.02,0.01,72846.39
1775869827.545,27.545,0.43,0.44,0.56,0.57,0.01,0.01,72846.53
1775869827.905,27.905,0.43,0.44,0.56,0.57,0.01,0.01,72846.53
1775869828.252,28.252,0.43,0.44,0.56,0.57,0.01,0.01,72846.53
1775869828.755,28.755,0.43,0.44,0.56,0.57,0.01,0.01,72849.25
1775869829.105,29.105,0.41,0.42,0.57,0.58,0.01,0.01,72852.01
1775869829.503,29.503,0.41,0.42,0.58,0.59,0.01,0.01,72852.01
1775869830.027,30.027,0.41,0.42,0.58,0.59,0.01,0.01,72852.15
1775869830.381,30.381,0.44,0.45,0.53,0.56,0.01,0.03,72852.15
1775869830.785,30.785,0.45,0.47,0.54,0.55,0.02,0.01,72852.15
1775869831.139,31.139,0.46,0.47,0.53,0.55,0.01,0.02,72850.56
1775869831.479,31.479,0.45,0.46,0.54,0.55,0.01,0.01,72850.56
1775869831.83,31.83,0.45,0.46,0.54,0.56,0.01,0.02,72850.56
1775869832.204,32.204,0.46,0.47,0.53,0.54,0.01,0.01,72850.56
1775869832.597,32.597,0.45,0.46,0.54,0.55,0.01,0.01,72850.56
1775869832.954,32.954,0.45,0.46,0.54,0.55,0.01,0.01,72850.56
1775869833.3,33.3,0.45,0.46,0.54,0.55,0.01,0.01,72850.55
1775869833.823,33.823,0.44,0.45,0.55,0.56,0.01,0.01,72850.55
1775869834.34,34.34,0.44,0.45,0.55,0.56,0.01,0.01,72850.55
1775869834.772,34.772,0.44,0.45,0.55,0.56,0.01,0.01,72850.55
1775869835.226,35.226,0.44,0.45,0.55,0.56,0.01,0.01,72850.55
1775869835.766,35.766,0.44,0.45,0.55,0.56,0.01,0.01,72850.57
1775869836.337,36.337,0.44,0.45,0.55,0.56,0.01,0.01,72850.43
1775869836.793,36.793,0.44,0.45,0.55,0.56,0.01,0.01,72850.43
1775869837.213,37.213,0.44,0.45,0.55,0.56,0.01,0.01,72850.43
1775869837.651,37.651,0.44,0.45,0.55,0.56,0.01,0.01,72850.41
1775869838.032,38.032,0.43,0.44,0.56,0.57,0.01,0.01,72850.41
1775869838.64,38.64,0.43,0.44,0.56,0.57,0.01,0.01,72850.87
1775869839.006,39.006,0.43,0.44,0.56,0.57,0.01,0.01,72850.87
1775869839.354,39.354,0.45,0.46,0.54,0.57,0.01,0.03,72850.96
1775869839.98,39.98,0.45,0.46,0.54,0.55,0.01,0.01,72850.96
1775869840.361,40.361,0.45,0.46,0.54,0.55,0.01,0.01,72850.96
1775869841.001,41.001,0.45,0.46,0.54,0.55,0.01,0.01,72850.94
1775869841.507,41.507,0.45,0.46,0.54,0.55,0.01,0.01,72850.94
1775869842.11,42.11,0.45,0.46,0.54,0.55,0.01,0.01,72851.91
1775869842.462,42.462,0.45,0.46,0.54,0.55,0.01,0.01,72851.91
1775869842.937,42.937,0.48,0.49,0.51,0.52,0.01,0.01,72851.91
1775869843.377,43.377,0.46,0.48,0.53,0.54,0.02,0.01,72851.91
1775869843.767,43.767,0.48,0.51,0.49,0.52,0.03,0.03,72851.78
1775869844.135,44.135,0.52,0.53,0.47,0.48,0.01,0.01,72851.78
1775869844.618,44.618,0.52,0.53,0.45,0.48,0.01,0.03,72851.78
1775869844.963,44.963,0.53,0.54,0.46,0.47,0.01,0.01,72851.78
1775869845.796,45.796,0.53,0.54,0.46,0.47,0.01,0.01,72851.99
1775869848.49,48.49,0.53,0.54,0.46,0.47,0.01,0.01,72857.09
1775869850.052,50.052,0.53,0.54,0.46,0.47,0.01,0.01,72857.37
1775869850.557,50.557,0.53,0.54,0.46,0.47,0.01,0.01,72857.37
1775869850.997,50.997,0.53,0.54,0.46,0.47,0.01,0.01,72857.98
1775869851.386,51.386,0.53,0.54,0.46,0.47,0.01,0.01,72858.05
1775869851.792,51.792,0.53,0.54,0.46,0.47,0.01,0.01,72858.05
1775869852.291,52.291,0.53,0.54,0.46,0.47,0.01,0.01,72858.05
1775869852.727,52.727,0.53,0.54,0.46,0.47,0.01,0.01,72858.05
1775869853.231,53.231,0.55,0.56,0.44,0.45,0.01,0.01,72857.88
1775869853.724,53.724,0.55,0.56,0.44,0.45,0.01,0.01,72857.88
1775869854.213,54.213,0.55,0.56,0.44,0.45,0.01,0.01,72857.88
1775869854.574,54.574,0.55,0.56,0.44,0.45,0.01,0.01,72858.05
1775869855.03,55.03,0.55,0.56,0.44,0.45,0.01,0.01,72858.05
1775869855.37,55.37,0.55,0.56,0.44,0.45,0.01,0.01,72858.05
1775869855.73,55.73,0.55,0.56,0.44,0.45,0.01,0.01,72859.44
1775869856.084,56.084,0.55,0.56,0.44,0.45,0.01,0.01,72859.44
1775869856.919,56.919,0.55,0.56,0.44,0.45,0.01,0.01,72859.66
1775869857.484,57.484,0.55,0.56,0.44,0.45,0.01,0.01,72859.62
1775869857.916,57.916,0.55,0.56,0.44,0.45,0.01,0.01,72859.62
1775869858.375,58.375,0.55,0.56,0.44,0.46,0.01,0.02,72859.62
1775869858.986,58.986,0.54,0.55,0.45,0.46,0.01,0.01,72859.43
1775869859.332,59.332,0.54,0.55,0.45,0.46,0.01,0.01,72859.43
1775869860.015,60.015,0.54,0.55,0.45,0.46,0.01,0.01,72859.47
1775869860.539,60.539,0.54,0.55,0.45,0.46,0.01,0.01,72859.47
1775869860.887,60.887,0.54,0.55,0.45,0.46,0.01,0.01,72859.47
1775869861.383,61.383,0.55,0.56,0.43,0.47,0.01,0.04,72859.59

# RESULT,winner=Down,slug=btc-updown-5m-1775869800,ticks=130
