timestamp,elapsed_sec,up_bid,up_ask,down_bid,down_ask,up_spread,down_spread,btc_price,btc_oracle_ts
1776765901.124,1.124,0.47,0.48,0.52,0.53,0.01,0.01,76439.12,1776765899000
1776765902.182,2.182,0.47,0.48,0.52,0.53,0.01,0.01,76439.25,1776765901000
1776765902.537,2.537,0.47,0.48,0.52,0.53,0.01,0.01,76439.25,1776765901000
1776765902.87,2.87,0.47,0.48,0.52,0.53,0.01,0.01,76439.25,1776765901000
1776765903.242,3.242,0.47,0.49,0.51,0.53,0.02,0.02,76438.93,1776765902000
1776765903.753,3.753,0.48,0.49,0.51,0.53,0.01,0.02,76438.93,1776765902000
1776765904.12,4.12,0.48,0.49,0.51,0.52,0.01,0.01,76439.95,1776765903000
1776765904.456,4.456,0.48,0.49,0.51,0.52,0.01,0.01,76439.95,1776765903000
1776765904.832,4.832,0.49,0.5,0.5,0.51,0.01,0.01,76439.95,1776765903000
1776765905.171,5.171,0.49,0.5,0.5,0.51,0.01,0.01,76439.95,1776765904000
1776765905.507,5.507,0.51,0.53,0.48,0.49,0.02,0.01,76439.95,1776765904000
1776765905.852,5.852,0.54,0.6,0.44,0.46,0.06,0.02,76439.95,1776765904000
1776765906.21,6.21,0.6,0.61,0.39,0.4,0.01,0.01,76439.98,1776765905000
1776765906.994,6.994,0.6,0.61,0.39,0.4,0.01,0.01,76439.98,1776765905000
1776765907.332,7.332,0.6,0.61,0.39,0.4,0.01,0.01,76440.61,1776765906000
1776765908.577,8.577,0.6,0.61,0.39,0.4,0.01,0.01,76451.82,1776765907000
1776765909.07,9.07,0.6,0.61,0.39,0.4,0.01,0.01,76451.82,1776765907000
1776765909.418,9.418,0.57,0.61,0.39,0.4,0.04,0.01,76449.6,1776765908000
1776765909.775,9.775,0.57,0.58,0.42,0.43,0.01,0.01,76449.6,1776765908000
1776765910.205,10.205,0.57,0.58,0.42,0.43,0.01,0.01,76449.6,1776765908000
1776765910.613,10.613,0.58,0.59,0.41,0.42,0.01,0.01,76449.6,1776765908000
1776765910.963,10.963,0.58,0.59,0.41,0.42,0.01,0.01,76449.57,1776765909000
1776765911.354,11.354,0.58,0.59,0.41,0.42,0.01,0.01,76449.57,1776765909000
1776765911.7,11.7,0.58,0.59,0.41,0.42,0.01,0.01,76449.66,1776765910000
1776765912.046,12.046,0.61,0.62,0.38,0.41,0.01,0.03,76449.66,1776765910000
1776765912.4,12.4,0.61,0.62,0.38,0.39,0.01,0.01,76449.66,1776765911000
1776765912.765,12.765,0.61,0.62,0.38,0.39,0.01,0.01,76449.66,1776765911000
1776765913.183,13.183,0.61,0.62,0.38,0.39,0.01,0.01,76449.66,1776765911000
1776765913.533,13.533,0.61,0.62,0.38,0.39,0.01,0.01,76449.66,1776765911000
1776765913.877,13.877,0.61,0.62,0.38,0.39,0.01,0.01,76449.66,1776765911000
1776765914.338,14.338,0.61,0.62,0.38,0.39,0.01,0.01,76450.24,1776765912000
1776765914.737,14.737,0.61,0.62,0.38,0.39,0.01,0.01,76451.52,1776765913000
1776765915.155,15.155,0.61,0.62,0.38,0.39,0.01,0.01,76451.52,1776765913000
1776765915.498,15.498,0.61,0.62,0.38,0.39,0.01,0.01,76452.82,1776765914000
1776765915.95,15.95,0.61,0.62,0.38,0.39,0.01,0.01,76452.82,1776765914000
1776765916.295,16.295,0.61,0.63,0.38,0.39,0.02,0.01,76452.82,1776765914000
1776765916.828,16.828,0.61,0.62,0.38,0.39,0.01,0.01,76452.17,1776765915000
1776765917.192,17.192,0.58,0.6,0.4,0.42,0.02,0.02,76452.17,1776765915000
1776765917.733,17.733,0.58,0.6,0.4,0.42,0.02,0.02,76453.84,1776765916000
1776765918.071,18.071,0.59,0.6,0.4,0.41,0.01,0.01,76453.84,1776765916000
1776765918.412,18.412,0.59,0.6,0.4,0.41,0.01,0.01,76453.84,1776765916000
1776765918.829,18.829,0.59,0.6,0.4,0.41,0.01,0.01,76453.84,1776765916000
1776765919.181,19.181,0.59,0.6,0.4,0.41,0.01,0.01,76452.35,1776765917000
1776765919.535,19.535,0.59,0.6,0.4,0.41,0.01,0.01,76452.11,1776765918000
1776765919.927,19.927,0.59,0.6,0.4,0.41,0.01,0.01,76452.11,1776765918000
1776765920.302,20.302,0.59,0.61,0.4,0.41,0.02,0.01,76452.11,1776765919000
1776765920.67,20.67,0.61,0.62,0.38,0.39,0.01,0.01,76452.11,1776765919000
1776765921.069,21.069,0.61,0.62,0.38,0.39,0.01,0.01,76452.11,1776765919000
1776765921.442,21.442,0.61,0.62,0.38,0.39,0.01,0.01,76452.11,1776765919000
1776765922.354,22.354,0.61,0.62,0.38,0.39,0.01,0.01,76452.56,1776765921000
1776765922.713,22.713,0.61,0.63,0.38,0.39,0.02,0.01,76452.56,1776765921000
1776765923.136,23.136,0.62,0.63,0.38,0.39,0.01,0.01,76454.12,1776765922000
1776765924.027,24.027,0.62,0.63,0.37,0.38,0.01,0.01,76454.12,1776765922000
1776765924.41,24.41,0.62,0.63,0.37,0.38,0.01,0.01,76454.34,1776765923000
1776765925.001,25.001,0.62,0.63,0.37,0.38,0.01,0.01,76454.34,1776765923000
1776765925.362,25.362,0.62,0.64,0.37,0.38,0.02,0.01,76455.37,1776765924000
1776765925.74,25.74,0.63,0.65,0.36,0.37,0.02,0.01,76455.37,1776765924000
1776765926.148,26.148,0.63,0.65,0.35,0.37,0.02,0.02,76455.37,1776765924000
1776765926.543,26.543,0.63,0.65,0.35,0.37,0.02,0.02,76455.37,1776765924000
1776765926.889,26.889,0.63,0.64,0.36,0.37,0.01,0.01,76455.37,1776765924000
1776765927.229,27.229,0.63,0.64,0.36,0.37,0.01,0.01,76458.33,1776765925000
1776765927.591,27.591,0.62,0.64,0.36,0.37,0.02,0.01,76458.33,1776765925000
1776765927.938,27.938,0.62,0.63,0.37,0.38,0.01,0.01,76458.08,1776765926000
1776765928.3,28.3,0.62,0.63,0.37,0.38,0.01,0.01,76458.08,1776765927000
1776765928.727,28.727,0.62,0.63,0.37,0.38,0.01,0.01,76458.08,1776765927000
1776765929.273,29.273,0.62,0.63,0.37,0.38,0.01,0.01,76458.09,1776765928000
1776765929.682,29.682,0.62,0.63,0.37,0.38,0.01,0.01,76458.09,1776765928000
1776765930.455,30.455,0.61,0.62,0.38,0.39,0.01,0.01,76458.09,1776765929000
1776765930.944,30.944,0.62,0.63,0.37,0.38,0.01,0.01,76458.08,1776765930000
1776765931.338,31.338,0.62,0.63,0.37,0.38,0.01,0.01,76458.08,1776765930000
1776765931.741,31.741,0.62,0.63,0.37,0.38,0.01,0.01,76458.08,1776765930000
1776765932.135,32.135,0.62,0.64,0.36,0.38,0.02,0.02,76458.08,1776765930000
1776765932.852,32.852,0.63,0.64,0.36,0.37,0.01,0.01,76458.09,1776765931000
1776765933.374,33.374,0.63,0.64,0.36,0.37,0.01,0.01,76458.09,1776765932000
1776765933.932,33.932,0.62,0.63,0.37,0.38,0.01,0.01,76458.09,1776765932000
1776765934.302,34.302,0.62,0.63,0.37,0.38,0.01,0.01,76458.09,1776765932000
1776765934.682,34.682,0.62,0.63,0.37,0.38,0.01,0.01,76458.09,1776765932000
1776765935.029,35.029,0.62,0.63,0.37,0.38,0.01,0.01,76458.09,1776765932000
1776765935.61,35.61,0.62,0.63,0.37,0.38,0.01,0.01,76458.09,1776765932000
1776765936.11,36.11,0.62,0.63,0.37,0.38,0.01,0.01,76458.09,1776765932000
1776765936.445,36.445,0.65,0.68,0.32,0.35,0.03,0.03,76458.09,1776765932000
1776765936.798,36.798,0.66,0.67,0.33,0.34,0.01,0.01,76458.09,1776765932000
1776765937.317,37.317,0.67,0.68,0.32,0.33,0.01,0.01,76458.09,1776765932000
1776765937.686,37.686,0.67,0.68,0.32,0.33,0.01,0.01,76458.09,1776765932000
1776765938.054,38.054,0.67,0.68,0.32,0.33,0.01,0.01,76458.09,1776765932000
1776765938.556,38.556,0.67,0.68,0.32,0.33,0.01,0.01,76458.09,1776765932000
1776765938.894,38.894,0.63,0.65,0.35,0.36,0.02,0.01,76458.09,1776765932000
1776765939.433,39.433,0.63,0.65,0.36,0.37,0.02,0.01,76458.09,1776765932000
1776765939.847,39.847,0.67,0.68,0.32,0.33,0.01,0.01,76458.09,1776765932000
1776765940.198,40.198,0.67,0.68,0.32,0.33,0.01,0.01,76458.09,1776765932000
1776765940.706,40.706,0.67,0.68,0.32,0.33,0.01,0.01,76458.09,1776765932000
1776765941.266,41.266,0.68,0.69,0.31,0.32,0.01,0.01,76458.09,1776765932000
1776765941.614,41.614,0.68,0.69,0.31,0.32,0.01,0.01,76458.09,1776765932000
1776765942.001,42.001,0.67,0.68,0.32,0.33,0.01,0.01,76458.09,1776765932000
1776765942.383,42.383,0.67,0.68,0.32,0.33,0.01,0.01,76460.87,1776765941000
1776765942.722,42.722,0.67,0.68,0.32,0.33,0.01,0.01,76460.87,1776765941000
1776765943.137,43.137,0.67,0.68,0.32,0.33,0.01,0.01,76460.87,1776765941000
1776765943.551,43.551,0.67,0.68,0.32,0.33,0.01,0.01,76460.87,1776765941000
1776765943.911,43.911,0.68,0.69,0.31,0.32,0.01,0.01,76460.87,1776765941000
1776765944.344,44.344,0.68,0.69,0.31,0.32,0.01,0.01,76462.05,1776765942000
1776765944.742,44.742,0.68,0.69,0.31,0.32,0.01,0.01,76462.05,1776765942000
1776765945.15,45.15,0.68,0.69,0.31,0.32,0.01,0.01,76461.96,1776765943000
1776765945.567,45.567,0.68,0.69,0.31,0.32,0.01,0.01,76461.96,1776765943000
1776765946.002,46.002,0.68,0.69,0.31,0.32,0.01,0.01,76462.06,1776765944000
1776765946.345,46.345,0.68,0.7,0.3,0.32,0.02,0.02,76462.12,1776765945000
1776765946.691,46.691,0.69,0.7,0.3,0.31,0.01,0.01,76462.12,1776765945000
1776765947.025,47.025,0.69,0.7,0.3,0.31,0.01,0.01,76462.12,1776765945000
1776765947.783,47.783,0.69,0.7,0.3,0.31,0.01,0.01,76462.16,1776765946000
1776765948.146,48.146,0.69,0.7,0.3,0.31,0.01,0.01,76462.16,1776765946000
1776765948.571,48.571,0.69,0.7,0.3,0.31,0.01,0.01,76462.16,1776765946000
1776765948.984,48.984,0.69,0.7,0.3,0.31,0.01,0.01,76466.84,1776765947000
1776765949.387,49.387,0.69,0.7,0.3,0.31,0.01,0.01,76466.84,1776765947000
1776765949.83,49.83,0.68,0.69,0.31,0.32,0.01,0.01,76466.83,1776765948000
1776765950.287,50.287,0.68,0.69,0.31,0.32,0.01,0.01,76467.66,1776765949000
1776765950.623,50.623,0.68,0.69,0.31,0.32,0.01,0.01,76467.66,1776765949000
1776765951.023,51.023,0.68,0.69,0.31,0.32,0.01,0.01,76467.66,1776765949000
1776765951.381,51.381,0.68,0.69,0.31,0.32,0.01,0.01,76467.66,1776765949000
1776765951.733,51.733,0.68,0.69,0.31,0.32,0.01,0.01,76467.63,1776765950000
1776765952.09,52.09,0.68,0.69,0.31,0.32,0.01,0.01,76467.63,1776765950000
1776765952.469,52.469,0.68,0.69,0.31,0.32,0.01,0.01,76467.63,1776765950000
1776765953.014,53.014,0.68,0.69,0.31,0.32,0.01,0.01,76468.0,1776765951000
1776765953.38,53.38,0.66,0.67,0.31,0.34,0.01,0.03,76465.27,1776765952000
1776765953.781,53.781,0.66,0.67,0.33,0.34,0.01,0.01,76465.27,1776765952000
1776765954.209,54.209,0.68,0.69,0.31,0.33,0.01,0.02,76465.27,1776765952000
1776765954.563,54.563,0.68,0.69,0.31,0.32,0.01,0.01,76465.27,1776765952000
1776765954.903,54.903,0.7,0.71,0.28,0.3,0.01,0.02,76468.06,1776765953000
1776765955.274,55.274,0.74,0.75,0.26,0.28,0.01,0.02,76468.06,1776765953000
1776765955.654,55.654,0.74,0.75,0.25,0.26,0.01,0.01,76467.87,1776765954000
1776765956.136,56.136,0.74,0.75,0.25,0.26,0.01,0.01,76467.87,1776765955000
1776765956.536,56.536,0.74,0.75,0.25,0.26,0.01,0.01,76467.87,1776765955000
1776765957.018,57.018,0.73,0.74,0.25,0.27,0.01,0.02,76467.87,1776765955000
1776765957.589,57.589,0.73,0.74,0.26,0.27,0.01,0.01,76467.87,1776765955000
1776765958.035,58.035,0.73,0.74,0.26,0.27,0.01,0.01,76476.16,1776765956000
1776765958.451,58.451,0.73,0.74,0.26,0.27,0.01,0.01,76476.16,1776765956000
1776765958.92,58.92,0.73,0.74,0.26,0.27,0.01,0.01,76476.13,1776765957000
1776765959.257,59.257,0.73,0.74,0.26,0.27,0.01,0.01,76473.0,1776765958000
1776765959.835,59.835,0.73,0.74,0.26,0.27,0.01,0.01,76473.0,1776765958000
1776765960.186,60.186,0.73,0.74,0.26,0.27,0.01,0.01,76473.0,1776765958000
1776765960.53,60.53,0.73,0.74,0.26,0.27,0.01,0.01,76473.0,1776765958000
1776765960.934,60.934,0.73,0.75,0.25,0.27,0.02,0.02,76476.03,1776765959000
1776765961.3,61.3,0.73,0.74,0.26,0.27,0.01,0.01,76476.03,1776765959000
1776765961.657,61.657,0.73,0.74,0.26,0.27,0.01,0.01,76476.02,1776765960000
1776765962.03,62.03,0.73,0.74,0.26,0.27,0.01,0.01,76476.02,1776765960000
1776765962.371,62.371,0.72,0.74,0.26,0.27,0.02,0.01,76476.02,1776765961000
1776765962.781,62.781,0.72,0.73,0.27,0.28,0.01,0.01,76476.02,1776765961000
1776765963.119,63.119,0.72,0.73,0.27,0.28,0.01,0.01,76476.02,1776765961000
1776765963.488,63.488,0.72,0.73,0.27,0.28,0.01,0.01,76476.01,1776765962000
1776765963.83,63.83,0.72,0.73,0.27,0.28,0.01,0.01,76476.01,1776765962000
1776765964.379,64.379,0.72,0.73,0.27,0.28,0.01,0.01,76476.17,1776765963000
1776765964.79,64.79,0.72,0.73,0.27,0.28,0.01,0.01,76476.17,1776765963000
1776765965.371,65.371,0.72,0.73,0.27,0.28,0.01,0.01,76476.19,1776765964000
1776765965.915,65.915,0.72,0.73,0.27,0.28,0.01,0.01,76476.19,1776765964000
1776765966.263,66.263,0.72,0.73,0.27,0.28,0.01,0.01,76476.19,1776765965000
1776765966.91,66.91,0.72,0.74,0.27,0.28,0.02,0.01,76476.19,1776765965000
1776765967.246,67.246,0.73,0.74,0.26,0.27,0.01,0.01,76476.19,1776765966000
1776765967.611,67.611,0.73,0.74,0.26,0.27,0.01,0.01,76476.19,1776765966000
1776765967.968,67.968,0.73,0.74,0.26,0.27,0.01,0.01,76476.19,1776765966000
1776765968.578,68.578,0.74,0.75,0.25,0.27,0.01,0.02,76476.28,1776765967000
1776765969.181,69.181,0.74,0.75,0.25,0.26,0.01,0.01,76476.28,1776765967000
1776765969.561,69.561,0.74,0.75,0.25,0.26,0.01,0.01,76476.37,1776765968000
1776765969.937,69.937,0.75,0.76,0.24,0.25,0.01,0.01,76476.37,1776765968000
1776765970.581,70.581,0.75,0.76,0.24,0.25,0.01,0.01,76476.73,1776765969000
1776765970.932,70.932,0.75,0.76,0.24,0.25,0.01,0.01,76476.73,1776765969000
1776765971.39,71.39,0.75,0.76,0.24,0.25,0.01,0.01,76476.79,1776765970000
1776765971.727,71.727,0.75,0.76,0.24,0.25,0.01,0.01,76476.79,1776765970000
1776765972.07,72.07,0.79,0.8,0.2,0.21,0.01,0.01,76476.87,1776765971000
1776765972.453,72.453,0.79,0.8,0.2,0.21,0.01,0.01,76476.87,1776765971000
1776765972.797,72.797,0.8,0.81,0.19,0.2,0.01,0.01,76476.87,1776765971000
1776765973.146,73.146,0.8,0.81,0.19,0.2,0.01,0.01,76476.87,1776765971000
1776765973.485,73.485,0.8,0.81,0.19,0.2,0.01,0.01,76476.85,1776765972000
1776765973.847,73.847,0.8,0.81,0.19,0.2,0.01,0.01,76476.85,1776765972000
1776765974.327,74.327,0.8,0.81,0.19,0.2,0.01,0.01,76483.15,1776765973000
1776765974.925,74.925,0.8,0.81,0.19,0.2,0.01,0.01,76483.15,1776765973000
1776765975.299,75.299,0.8,0.81,0.19,0.2,0.01,0.01,76483.15,1776765973000
1776765975.928,75.928,0.8,0.81,0.19,0.2,0.01,0.01,76486.37,1776765974000
1776765976.458,76.458,0.8,0.81,0.19,0.2,0.01,0.01,76486.37,1776765974000
1776765976.838,76.838,0.8,0.81,0.19,0.2,0.01,0.01,76486.26,1776765975000
1776765977.197,77.197,0.8,0.81,0.19,0.2,0.01,0.01,76486.26,1776765976000
1776765977.532,77.532,0.8,0.81,0.19,0.2,0.01,0.01,76486.26,1776765976000
1776765977.886,77.886,0.8,0.81,0.19,0.2,0.01,0.01,76486.26,1776765976000
1776765978.532,78.532,0.8,0.81,0.19,0.2,0.01,0.01,76486.23,1776765977000
1776765979.076,79.076,0.81,0.82,0.18,0.19,0.01,0.01,76486.45,1776765978000
1776765979.478,79.478,0.81,0.82,0.18,0.19,0.01,0.01,76486.45,1776765978000
1776765979.957,79.957,0.81,0.82,0.18,0.19,0.01,0.01,76486.6,1776765979000
1776765980.712,80.712,0.81,0.83,0.18,0.19,0.02,0.01,76486.6,1776765979000
1776765981.178,81.178,0.82,0.83,0.17,0.18,0.01,0.01,76486.6,1776765979000
1776765981.53,81.53,0.82,0.83,0.17,0.18,0.01,0.01,76486.69,1776765980000
1776765981.882,81.882,0.82,0.83,0.17,0.18,0.01,0.01,76486.69,1776765980000
1776765982.325,82.325,0.83,0.84,0.16,0.17,0.01,0.01,76486.76,1776765981000
1776765982.912,82.912,0.83,0.84,0.16,0.17,0.01,0.01,76486.76,1776765981000
1776765983.423,83.423,0.83,0.85,0.15,0.17,0.02,0.02,76487.44,1776765982000
1776765983.864,83.864,0.83,0.85,0.15,0.17,0.02,0.02,76488.66,1776765983000
1776765984.58,84.58,0.83,0.84,0.15,0.17,0.01,0.02,76488.66,1776765983000
1776765985.036,85.036,0.83,0.84,0.16,0.17,0.01,0.01,76488.66,1776765983000
1776765985.532,85.532,0.83,0.84,0.16,0.17,0.01,0.01,76489.13,1776765984000
1776765985.977,85.977,0.83,0.84,0.16,0.17,0.01,0.01,76489.17,1776765985000
1776765986.328,86.328,0.83,0.84,0.16,0.17,0.01,0.01,76489.17,1776765985000
1776765986.844,86.844,0.85,0.86,0.14,0.17,0.01,0.03,76489.17,1776765985000
1776765987.423,87.423,0.85,0.86,0.14,0.15,0.01,0.01,76489.55,1776765986000
1776765987.763,87.763,0.86,0.87,0.13,0.14,0.01,0.01,76489.55,1776765986000
1776765988.189,88.189,0.86,0.87,0.12,0.14,0.01,0.02,76489.13,1776765987000
1776765988.769,88.769,0.86,0.87,0.13,0.14,0.01,0.01,76489.13,1776765987000
1776765989.121,89.121,0.86,0.87,0.13,0.14,0.01,0.01,76489.13,1776765987000
1776765989.502,89.502,0.82,0.83,0.17,0.18,0.01,0.01,76493.03,1776765988000
1776765989.87,89.87,0.82,0.83,0.17,0.18,0.01,0.01,76493.03,1776765988000
1776765990.224,90.224,0.8,0.82,0.18,0.2,0.02,0.02,76495.64,1776765989000
1776765990.617,90.617,0.8,0.81,0.19,0.2,0.01,0.01,76495.64,1776765989000
1776765991.459,91.459,0.79,0.8,0.19,0.21,0.01,0.02,76496.14,1776765990000
1776765991.983,91.983,0.78,0.8,0.2,0.22,0.02,0.02,76492.41,1776765991000
1776765992.81,92.81,0.76,0.78,0.2,0.23,0.02,0.03,76492.41,1776765991000
1776765993.15,93.15,0.73,0.74,0.26,0.27,0.01,0.01,76492.41,1776765991000
1776765993.487,93.487,0.65,0.74,0.26,0.35,0.09,0.09,76479.1,1776765992000
1776765993.872,93.872,0.65,0.66,0.34,0.35,0.01,0.01,76479.1,1776765992000
1776765994.206,94.206,0.64,0.65,0.35,0.36,0.01,0.01,76479.1,1776765992000
1776765994.548,94.548,0.64,0.65,0.35,0.36,0.01,0.01,76466.46,1776765993000
1776765994.886,94.886,0.64,0.65,0.35,0.36,0.01,0.01,76466.46,1776765993000
1776765995.232,95.232,0.64,0.65,0.35,0.36,0.01,0.01,76465.67,1776765994000
1776765995.569,95.569,0.64,0.65,0.35,0.36,0.01,0.01,76465.67,1776765994000
1776765995.913,95.913,0.64,0.65,0.35,0.36,0.01,0.01,76465.67,1776765994000
1776765996.265,96.265,0.64,0.65,0.35,0.36,0.01,0.01,76465.67,1776765994000
1776765996.609,96.609,0.64,0.65,0.35,0.36,0.01,0.01,76465.3,1776765995000
1776765997.157,97.157,0.64,0.65,0.35,0.36,0.01,0.01,76465.3,1776765995000
1776765997.553,97.553,0.64,0.65,0.35,0.36,0.01,0.01,76464.4,1776765996000
1776765997.905,97.905,0.64,0.65,0.35,0.36,0.01,0.01,76464.4,1776765996000
1776765998.258,98.258,0.64,0.66,0.34,0.36,0.02,0.02,76464.4,1776765996000
1776765999.331,99.331,0.65,0.66,0.34,0.35,0.01,0.01,76464.47,1776765998000
1776765999.873,99.873,0.66,0.67,0.34,0.35,0.01,0.01,76464.47,1776765998000
1776766000.249,100.249,0.7,0.71,0.3,0.31,0.01,0.01,76464.47,1776765998000
1776766000.705,100.705,0.71,0.72,0.28,0.29,0.01,0.01,76464.7,1776765999000
1776766001.051,101.051,0.69,0.7,0.28,0.31,0.01,0.03,76464.8,1776766000000
1776766001.493,101.493,0.69,0.7,0.3,0.31,0.01,0.01,76464.8,1776766000000
1776766001.989,101.989,0.69,0.7,0.3,0.31,0.01,0.01,76464.8,1776766000000
1776766002.348,102.348,0.69,0.7,0.3,0.31,0.01,0.01,76468.67,1776766001000
1776766002.723,102.723,0.69,0.7,0.3,0.31,0.01,0.01,76468.67,1776766001000
1776766003.19,103.19,0.69,0.7,0.3,0.31,0.01,0.01,76468.95,1776766002000
1776766003.549,103.549,0.72,0.74,0.26,0.28,0.02,0.02,76468.95,1776766002000
1776766004.004,104.004,0.73,0.74,0.26,0.27,0.01,0.01,76468.95,1776766002000
1776766004.347,104.347,0.72,0.73,0.27,0.28,0.01,0.01,76468.89,1776766003000
1776766004.978,104.978,0.72,0.73,0.27,0.28,0.01,0.01,76468.89,1776766003000
1776766005.332,105.332,0.72,0.73,0.27,0.28,0.01,0.01,76468.9,1776766004000
1776766006.259,106.259,0.72,0.73,0.27,0.28,0.01,0.01,76469.61,1776766005000
1776766006.874,106.874,0.72,0.74,0.27,0.28,0.02,0.01,76469.61,1776766005000
1776766007.285,107.285,0.72,0.74,0.26,0.28,0.02,0.02,76469.61,1776766006000
1776766007.653,107.653,0.72,0.75,0.26,0.28,0.03,0.02,76469.61,1776766006000
1776766007.992,107.992,0.74,0.76,0.24,0.26,0.02,0.02,76469.61,1776766006000
1776766008.373,108.373,0.75,0.76,0.24,0.25,0.01,0.01,76474.99,1776766007000
1776766008.759,108.759,0.75,0.76,0.24,0.25,0.01,0.01,76474.99,1776766007000
1776766009.351,109.351,0.75,0.76,0.24,0.25,0.01,0.01,76478.56,1776766008000
1776766009.758,109.758,0.76,0.77,0.23,0.24,0.01,0.01,76478.56,1776766008000
1776766010.115,110.115,0.76,0.77,0.23,0.24,0.01,0.01,76478.56,1776766008000
1776766010.492,110.492,0.76,0.77,0.23,0.24,0.01,0.01,76478.35,1776766009000
1776766010.872,110.872,0.76,0.77,0.23,0.24,0.01,0.01,76478.35,1776766009000
1776766011.522,111.522,0.77,0.78,0.22,0.23,0.01,0.01,76478.35,1776766009000
1776766011.877,111.877,0.76,0.77,0.22,0.23,0.01,0.01,76479.44,1776766010000
1776766012.211,112.211,0.76,0.77,0.23,0.24,0.01,0.01,76478.73,1776766011000
1776766012.576,112.576,0.76,0.77,0.23,0.24,0.01,0.01,76478.73,1776766011000
1776766013.093,113.093,0.76,0.77,0.23,0.24,0.01,0.01,76478.73,1776766011000
1776766013.826,113.826,0.78,0.79,0.21,0.22,0.01,0.01,76477.43,1776766012000
1776766014.162,114.162,0.78,0.79,0.21,0.22,0.01,0.01,76477.43,1776766012000
1776766014.69,114.69,0.78,0.79,0.21,0.22,0.01,0.01,76477.6,1776766013000
1776766015.63,115.63,0.78,0.79,0.21,0.22,0.01,0.01,76477.6,1776766013000
1776766016.039,116.039,0.78,0.79,0.21,0.22,0.01,0.01,76477.63,1776766014000
1776766016.487,116.487,0.78,0.79,0.21,0.22,0.01,0.01,76478.85,1776766015000
1776766016.844,116.844,0.76,0.79,0.21,0.22,0.03,0.01,76478.85,1776766015000
1776766017.257,117.257,0.75,0.76,0.23,0.25,0.01,0.02,76478.85,1776766015000
1776766017.666,117.666,0.75,0.76,0.24,0.25,0.01,0.01,76478.88,1776766016000
1776766018.002,118.002,0.75,0.76,0.24,0.25,0.01,0.01,76478.88,1776766016000
1776766018.439,118.439,0.75,0.76,0.24,0.25,0.01,0.01,76478.58,1776766017000
1776766018.918,118.918,0.73,0.74,0.25,0.27,0.01,0.02,76478.58,1776766017000
1776766019.271,119.271,0.73,0.74,0.26,0.27,0.01,0.01,76477.82,1776766018000
1776766019.757,119.757,0.73,0.74,0.26,0.27,0.01,0.01,76477.82,1776766018000
1776766020.123,120.123,0.73,0.74,0.26,0.27,0.01,0.01,76477.82,1776766018000
1776766020.487,120.487,0.73,0.74,0.26,0.27,0.01,0.01,76477.77,1776766019000
1776766020.848,120.848,0.73,0.74,0.26,0.27,0.01,0.01,76477.77,1776766019000
1776766021.182,121.182,0.73,0.74,0.26,0.27,0.01,0.01,76476.47,1776766020000
1776766021.563,121.563,0.74,0.75,0.25,0.26,0.01,0.01,76476.47,1776766020000
1776766021.91,121.91,0.74,0.75,0.25,0.26,0.01,0.01,76476.47,1776766020000
1776766022.26,122.26,0.74,0.75,0.25,0.26,0.01,0.01,76476.47,1776766020000
1776766022.629,122.629,0.74,0.75,0.25,0.26,0.01,0.01,76475.24,1776766021000
1776766023.044,123.044,0.72,0.73,0.27,0.28,0.01,0.01,76475.24,1776766021000
1776766023.389,123.389,0.72,0.73,0.27,0.28,0.01,0.01,76475.24,1776766021000
1776766023.774,123.774,0.72,0.73,0.27,0.28,0.01,0.01,76475.14,1776766022000
1776766024.262,124.262,0.72,0.73,0.27,0.28,0.01,0.01,76475.13,1776766023000
1776766024.671,124.671,0.72,0.73,0.27,0.28,0.01,0.01,76475.13,1776766023000
1776766025.053,125.053,0.72,0.73,0.27,0.28,0.01,0.01,76473.57,1776766024000
1776766025.597,125.597,0.72,0.73,0.27,0.28,0.01,0.01,76473.57,1776766024000
1776766025.949,125.949,0.72,0.74,0.27,0.28,0.02,0.01,76473.57,1776766024000
1776766026.285,126.285,0.73,0.74,0.26,0.27,0.01,0.01,76473.22,1776766025000
1776766026.873,126.873,0.73,0.75,0.26,0.27,0.02,0.01,76473.22,1776766025000
1776766027.222,127.222,0.74,0.75,0.25,0.26,0.01,0.01,76473.24,1776766026000
1776766027.605,127.605,0.76,0.77,0.23,0.24,0.01,0.01,76473.24,1776766026000
1776766028.029,128.029,0.76,0.77,0.23,0.24,0.01,0.01,76473.24,1776766026000
1776766028.454,128.454,0.76,0.77,0.23,0.24,0.01,0.01,76473.38,1776766027000
1776766028.794,128.794,0.73,0.77,0.23,0.25,0.04,0.02,76473.38,1776766027000
1776766029.255,129.255,0.71,0.74,0.26,0.27,0.03,0.01,76473.45,1776766028000
1776766030.234,130.234,0.71,0.72,0.26,0.29,0.01,0.03,76473.45,1776766028000
1776766030.572,130.572,0.71,0.72,0.28,0.29,0.01,0.01,76473.45,1776766028000
1776766031.116,131.116,0.71,0.72,0.28,0.29,0.01,0.01,76472.63,1776766029000
1776766031.58,131.58,0.71,0.72,0.28,0.29,0.01,0.01,76472.63,1776766030000
1776766031.913,131.913,0.71,0.72,0.28,0.29,0.01,0.01,76472.63,1776766030000
1776766032.296,132.296,0.71,0.72,0.28,0.29,0.01,0.01,76471.29,1776766031000
1776766032.682,132.682,0.69,0.7,0.3,0.31,0.01,0.01,76471.29,1776766031000
1776766033.198,133.198,0.69,0.7,0.3,0.31,0.01,0.01,76471.18,1776766032000
1776766033.707,133.707,0.69,0.7,0.3,0.31,0.01,0.01,76471.18,1776766032000
1776766034.329,134.329,0.69,0.7,0.3,0.31,0.01,0.01,76469.69,1776766033000
1776766034.989,134.989,0.69,0.7,0.3,0.31,0.01,0.01,76469.69,1776766033000
1776766035.563,135.563,0.69,0.7,0.3,0.31,0.01,0.01,76468.75,1776766034000
1776766036.062,136.062,0.69,0.7,0.3,0.31,0.01,0.01,76468.75,1776766034000
1776766036.408,136.408,0.69,0.7,0.3,0.32,0.01,0.02,76468.72,1776766035000
1776766036.758,136.758,0.67,0.69,0.31,0.33,0.02,0.02,76468.72,1776766035000
1776766037.18,137.18,0.67,0.68,0.32,0.33,0.01,0.01,76468.72,1776766035000
1776766037.517,137.517,0.67,0.68,0.32,0.33,0.01,0.01,76468.47,1776766036000
1776766037.957,137.957,0.67,0.68,0.32,0.33,0.01,0.01,76468.47,1776766036000
1776766038.367,138.367,0.67,0.68,0.32,0.33,0.01,0.01,76468.3,1776766037000
1776766038.704,138.704,0.64,0.66,0.34,0.36,0.02,0.02,76468.3,1776766037000
1776766039.129,139.129,0.64,0.65,0.34,0.36,0.01,0.02,76468.3,1776766037000
1776766039.469,139.469,0.56,0.6,0.4,0.42,0.04,0.02,76468.3,1776766038000
1776766039.804,139.804,0.52,0.57,0.46,0.48,0.05,0.02,76468.3,1776766038000
1776766040.145,140.145,0.53,0.54,0.46,0.47,0.01,0.01,76468.3,1776766038000
1776766040.5,140.5,0.49,0.53,0.47,0.49,0.04,0.02,76462.73,1776766039000
1776766040.859,140.859,0.51,0.53,0.47,0.49,0.02,0.02,76462.73,1776766039000
1776766041.221,141.221,0.51,0.52,0.48,0.49,0.01,0.01,76462.73,1776766039000
1776766041.561,141.561,0.51,0.52,0.48,0.5,0.01,0.02,76454.12,1776766040000
1776766042.691,142.691,0.51,0.52,0.48,0.49,0.01,0.01,76447.44,1776766041000
1776766043.234,143.234,0.51,0.52,0.48,0.49,0.01,0.01,76447.44,1776766041000
1776766043.622,143.622,0.49,0.52,0.49,0.51,0.03,0.02,76447.44,1776766041000
1776766043.96,143.96,0.47,0.48,0.52,0.53,0.01,0.01,76445.45,1776766042000
1776766044.379,144.379,0.47,0.48,0.5,0.54,0.01,0.04,76445.45,1776766042000
1776766044.713,144.713,0.46,0.48,0.52,0.53,0.02,0.01,76445.45,1776766042000
1776766045.107,145.107,0.46,0.47,0.53,0.54,0.01,0.01,76443.34,1776766043000
1776766045.518,145.518,0.46,0.47,0.53,0.54,0.01,0.01,76441.78,1776766044000
1776766045.919,145.919,0.46,0.47,0.53,0.54,0.01,0.01,76441.78,1776766044000
1776766046.274,146.274,0.46,0.47,0.53,0.54,0.01,0.01,76441.78,1776766044000
1776766046.63,146.63,0.44,0.45,0.55,0.56,0.01,0.01,76441.6,1776766045000
1776766047.06,147.06,0.44,0.45,0.55,0.56,0.01,0.01,76441.6,1776766045000
1776766047.482,147.482,0.44,0.45,0.55,0.56,0.01,0.01,76441.59,1776766046000
1776766048.045,148.045,0.44,0.45,0.55,0.56,0.01,0.01,76441.59,1776766046000
1776766048.565,148.565,0.44,0.45,0.55,0.56,0.01,0.01,76441.26,1776766047000
1776766049.134,149.134,0.44,0.45,0.55,0.56,0.01,0.01,76441.26,1776766048000
1776766050.237,150.237,0.44,0.45,0.55,0.56,0.01,0.01,76438.56,1776766049000
1776766051.276,151.276,0.44,0.45,0.55,0.56,0.01,0.01,76438.56,1776766049000
1776766051.635,151.635,0.4,0.45,0.55,0.6,0.05,0.05,76433.24,1776766050000
1776766052.042,152.042,0.32,0.34,0.66,0.68,0.02,0.02,76435.19,1776766051000
1776766052.418,152.418,0.43,0.44,0.56,0.57,0.01,0.01,76435.19,1776766051000
1776766052.757,152.757,0.37,0.4,0.58,0.63,0.03,0.05,76435.19,1776766051000
1776766053.093,153.093,0.42,0.43,0.57,0.58,0.01,0.01,76435.19,1776766051000
1776766053.426,153.426,0.43,0.45,0.55,0.57,0.02,0.02,76435.19,1776766052000
1776766053.768,153.768,0.46,0.47,0.53,0.54,0.01,0.01,76435.19,1776766052000
1776766054.126,154.126,0.46,0.47,0.53,0.54,0.01,0.01,76435.19,1776766052000
1776766054.484,154.484,0.46,0.47,0.53,0.54,0.01,0.01,76435.2,1776766053000
1776766054.827,154.827,0.46,0.5,0.51,0.54,0.04,0.03,76435.2,1776766053000
1776766055.172,155.172,0.48,0.54,0.48,0.52,0.06,0.04,76435.2,1776766053000
1776766055.543,155.543,0.51,0.56,0.44,0.49,0.05,0.05,76435.2,1776766053000
1776766056.081,156.081,0.54,0.58,0.42,0.49,0.04,0.07,76436.87,1776766054000
1776766056.445,156.445,0.54,0.58,0.42,0.46,0.04,0.04,76436.29,1776766055000
1776766056.977,156.977,0.54,0.58,0.42,0.46,0.04,0.04,76436.29,1776766055000
1776766057.67,157.67,0.54,0.58,0.42,0.46,0.04,0.04,76446.19,1776766056000
1776766058.067,158.067,0.56,0.57,0.43,0.44,0.01,0.01,76446.19,1776766056000
1776766058.607,158.607,0.56,0.57,0.43,0.44,0.01,0.01,76446.19,1776766056000
1776766058.993,158.993,0.56,0.59,0.41,0.44,0.03,0.03,76446.19,1776766056000
1776766059.337,159.337,0.55,0.62,0.38,0.45,0.07,0.07,76448.42,1776766057000
1776766059.838,159.838,0.55,0.62,0.38,0.45,0.07,0.07,76448.42,1776766057000
1776766060.176,160.176,0.6,0.66,0.34,0.4,0.06,0.06,76448.42,1776766057000
1776766060.53,160.53,0.6,0.61,0.38,0.4,0.01,0.02,76451.22,1776766058000
1776766060.965,160.965,0.6,0.65,0.35,0.4,0.05,0.05,76451.22,1776766059000
1776766061.308,161.308,0.63,0.64,0.36,0.39,0.01,0.03,76451.22,1776766059000
1776766061.702,161.702,0.63,0.64,0.36,0.37,0.01,0.01,76451.22,1776766059000
1776766062.104,162.104,0.63,0.64,0.36,0.37,0.01,0.01,76451.45,1776766060000
1776766062.466,162.466,0.63,0.64,0.36,0.37,0.01,0.01,76451.45,1776766060000
1776766062.833,162.833,0.62,0.64,0.36,0.38,0.02,0.02,76451.45,1776766061000
1776766063.199,163.199,0.62,0.63,0.37,0.38,0.01,0.01,76451.45,1776766061000
1776766063.573,163.573,0.62,0.63,0.37,0.38,0.01,0.01,76451.46,1776766062000
1776766064.014,164.014,0.62,0.63,0.37,0.38,0.01,0.01,76451.46,1776766062000
1776766064.462,164.462,0.62,0.63,0.37,0.38,0.01,0.01,76451.46,1776766063000
1776766065.463,165.463,0.62,0.64,0.36,0.38,0.02,0.02,76451.5,1776766064000
1776766065.901,165.901,0.63,0.64,0.36,0.38,0.01,0.02,76451.5,1776766064000
1776766066.251,166.251,0.63,0.64,0.36,0.37,0.01,0.01,76451.61,1776766065000
1776766066.642,166.642,0.63,0.64,0.36,0.37,0.01,0.01,76451.61,1776766065000
1776766067.051,167.051,0.63,0.64,0.36,0.37,0.01,0.01,76451.62,1776766066000
1776766067.457,167.457,0.67,0.68,0.32,0.33,0.01,0.01,76451.62,1776766066000
1776766068.019,168.019,0.7,0.71,0.28,0.32,0.01,0.04,76451.62,1776766066000
1776766068.56,168.56,0.7,0.71,0.29,0.3,0.01,0.01,76454.66,1776766067000
1776766068.894,168.894,0.63,0.67,0.36,0.39,0.04,0.03,76454.66,1776766067000
1776766069.236,169.236,0.64,0.66,0.35,0.36,0.02,0.01,76456.29,1776766068000
1776766069.667,169.667,0.68,0.71,0.29,0.32,0.03,0.03,76456.29,1776766068000
1776766070.01,170.01,0.7,0.74,0.26,0.27,0.04,0.01,76456.29,1776766068000
1776766070.349,170.349,0.73,0.74,0.26,0.27,0.01,0.01,76458.55,1776766069000
1776766070.682,170.682,0.76,0.8,0.2,0.26,0.04,0.06,76458.55,1776766069000
1776766071.037,171.037,0.77,0.78,0.22,0.23,0.01,0.01,76458.55,1776766069000
1776766071.451,171.451,0.77,0.78,0.22,0.23,0.01,0.01,76458.28,1776766070000
1776766071.79,171.79,0.77,0.78,0.22,0.23,0.01,0.01,76458.28,1776766070000
1776766072.229,172.229,0.77,0.78,0.22,0.23,0.01,0.01,76458.28,1776766070000
1776766072.632,172.632,0.77,0.78,0.22,0.23,0.01,0.01,76462.7,1776766071000
1776766072.985,172.985,0.77,0.78,0.22,0.23,0.01,0.01,76462.7,1776766071000
1776766073.8,173.8,0.77,0.78,0.22,0.23,0.01,0.01,76464.65,1776766072000
1776766074.137,174.137,0.77,0.78,0.22,0.23,0.01,0.01,76464.65,1776766072000
1776766075.008,175.008,0.72,0.74,0.27,0.28,0.02,0.01,76466.92,1776766073000
1776766075.468,175.468,0.72,0.74,0.26,0.28,0.02,0.02,76466.95,1776766074000
1776766075.81,175.81,0.73,0.74,0.26,0.27,0.01,0.01,76466.95,1776766074000
1776766076.221,176.221,0.73,0.74,0.26,0.28,0.01,0.02,76466.95,1776766074000
1776766076.792,176.792,0.73,0.74,0.26,0.27,0.01,0.01,76465.1,1776766075000
1776766077.205,177.205,0.71,0.72,0.28,0.29,0.01,0.01,76465.1,1776766075000
1776766077.631,177.631,0.75,0.76,0.24,0.27,0.01,0.03,76465.18,1776766076000
1776766077.987,177.987,0.76,0.78,0.22,0.23,0.02,0.01,76465.18,1776766076000
1776766078.414,178.414,0.77,0.79,0.22,0.23,0.02,0.01,76464.93,1776766077000
1776766078.752,178.752,0.78,0.79,0.21,0.23,0.01,0.02,76464.93,1776766077000
1776766079.157,179.157,0.78,0.79,0.21,0.22,0.01,0.01,76464.66,1776766078000
1776766079.512,179.512,0.78,0.79,0.21,0.22,0.01,0.01,76464.66,1776766078000
1776766079.964,179.964,0.78,0.79,0.21,0.22,0.01,0.01,76464.66,1776766078000
1776766080.633,180.633,0.78,0.79,0.21,0.22,0.01,0.01,76465.74,1776766079000
1776766081.109,181.109,0.78,0.79,0.21,0.22,0.01,0.01,76465.92,1776766080000
1776766081.598,181.598,0.78,0.79,0.21,0.22,0.01,0.01,76465.92,1776766080000
1776766081.974,181.974,0.78,0.79,0.21,0.22,0.01,0.01,76465.92,1776766080000
1776766082.487,182.487,0.78,0.79,0.21,0.22,0.01,0.01,76466.0,1776766081000
1776766082.828,182.828,0.69,0.75,0.25,0.31,0.06,0.06,76466.0,1776766081000
1776766083.241,183.241,0.69,0.75,0.25,0.31,0.06,0.06,76464.7,1776766082000
1776766083.646,183.646,0.74,0.75,0.25,0.26,0.01,0.01,76464.7,1776766082000
1776766084.054,184.054,0.71,0.72,0.28,0.29,0.01,0.01,76464.7,1776766082000
1776766084.457,184.457,0.71,0.72,0.28,0.29,0.01,0.01,76464.31,1776766083000
1776766084.792,184.792,0.71,0.72,0.28,0.29,0.01,0.01,76464.31,1776766083000
1776766085.173,185.173,0.71,0.72,0.28,0.29,0.01,0.01,76464.31,1776766083000
1776766085.547,185.547,0.71,0.72,0.28,0.29,0.01,0.01,76464.34,1776766084000
1776766086.437,186.437,0.71,0.72,0.28,0.29,0.01,0.01,76464.34,1776766084000
1776766086.809,186.809,0.71,0.72,0.28,0.29,0.01,0.01,76464.37,1776766085000
1776766087.375,187.375,0.71,0.72,0.28,0.29,0.01,0.01,76464.37,1776766085000
1776766088.044,188.044,0.71,0.72,0.28,0.29,0.01,0.01,76464.4,1776766086000
1776766089.292,189.292,0.71,0.72,0.28,0.29,0.01,0.01,76464.38,1776766088000
1776766089.901,189.901,0.71,0.72,0.28,0.29,0.01,0.01,76464.38,1776766088000
1776766090.323,190.323,0.71,0.73,0.27,0.29,0.02,0.02,76464.38,1776766088000
1776766090.925,190.925,0.71,0.72,0.28,0.29,0.01,0.01,76464.28,1776766089000
1776766091.321,191.321,0.71,0.72,0.28,0.29,0.01,0.01,76464.28,1776766089000
1776766091.84,191.84,0.71,0.72,0.28,0.29,0.01,0.01,76463.97,1776766091000
1776766092.525,192.525,0.71,0.72,0.28,0.29,0.01,0.01,76463.97,1776766091000
1776766092.946,192.946,0.71,0.72,0.28,0.29,0.01,0.01,76463.96,1776766092000
1776766093.336,193.336,0.71,0.72,0.28,0.29,0.01,0.01,76463.96,1776766092000
1776766094.472,194.472,0.71,0.72,0.28,0.29,0.01,0.01,76464.05,1776766093000
1776766095.144,195.144,0.71,0.72,0.28,0.29,0.01,0.01,76462.55,1776766094000
1776766096.06,196.06,0.71,0.72,0.28,0.29,0.01,0.01,76463.99,1776766095000
1776766096.494,196.494,0.71,0.72,0.28,0.29,0.01,0.01,76463.99,1776766095000
1776766097.132,197.132,0.71,0.72,0.28,0.29,0.01,0.01,76464.05,1776766096000
1776766097.807,197.807,0.71,0.73,0.27,0.29,0.02,0.02,76464.05,1776766096000
1776766098.169,198.169,0.71,0.73,0.27,0.29,0.02,0.02,76464.0,1776766097000
1776766098.676,198.676,0.72,0.73,0.27,0.29,0.01,0.02,76464.0,1776766097000
1776766099.159,199.159,0.72,0.73,0.27,0.28,0.01,0.01,76464.0,1776766098000
1776766099.595,199.595,0.72,0.73,0.27,0.28,0.01,0.01,76464.0,1776766098000
1776766099.959,199.959,0.72,0.73,0.27,0.28,0.01,0.01,76464.0,1776766098000
1776766100.303,200.303,0.72,0.73,0.27,0.28,0.01,0.01,76464.0,1776766098000
1776766100.745,200.745,0.78,0.79,0.2,0.22,0.01,0.02,76464.26,1776766099000
1776766101.108,201.108,0.78,0.79,0.21,0.22,0.01,0.01,76464.26,1776766099000
1776766101.498,201.498,0.78,0.79,0.21,0.22,0.01,0.01,76464.28,1776766100000
1776766101.911,201.911,0.78,0.79,0.21,0.22,0.01,0.01,76464.28,1776766100000
1776766102.487,202.487,0.79,0.8,0.2,0.22,0.01,0.02,76464.28,1776766100000
1776766102.919,202.919,0.79,0.8,0.2,0.21,0.01,0.01,76466.15,1776766101000
1776766103.262,203.262,0.79,0.8,0.2,0.21,0.01,0.01,76466.14,1776766102000
1776766103.638,203.638,0.79,0.8,0.2,0.21,0.01,0.01,76466.14,1776766102000
1776766104.044,204.044,0.79,0.8,0.2,0.21,0.01,0.01,76466.14,1776766102000
1776766104.407,204.407,0.79,0.8,0.2,0.21,0.01,0.01,76466.14,1776766102000
1776766105.002,205.002,0.8,0.81,0.19,0.21,0.01,0.02,76466.2,1776766103000
1776766105.843,205.843,0.8,0.81,0.19,0.2,0.01,0.01,76466.2,1776766104000
1776766106.22,206.22,0.8,0.81,0.19,0.2,0.01,0.01,76466.21,1776766105000
1776766106.676,206.676,0.8,0.81,0.19,0.2,0.01,0.01,76466.21,1776766105000
1776766107.25,207.25,0.8,0.81,0.19,0.2,0.01,0.01,76466.21,1776766105000
1776766107.599,207.599,0.8,0.81,0.19,0.2,0.01,0.01,76466.21,1776766105000
1776766108.087,208.087,0.8,0.81,0.19,0.2,0.01,0.01,76466.24,1776766107000
1776766108.422,208.422,0.8,0.81,0.19,0.2,0.01,0.01,76466.24,1776766107000
1776766108.769,208.769,0.8,0.82,0.18,0.2,0.02,0.02,76466.24,1776766107000
1776766109.111,209.111,0.81,0.83,0.18,0.19,0.02,0.01,76466.24,1776766107000
1776766109.46,209.46,0.83,0.84,0.16,0.17,0.01,0.01,76466.21,1776766108000
1776766109.798,209.798,0.83,0.84,0.16,0.17,0.01,0.01,76466.21,1776766108000
1776766110.544,210.544,0.83,0.84,0.16,0.17,0.01,0.01,76466.23,1776766109000
1776766110.988,210.988,0.83,0.84,0.16,0.17,0.01,0.01,76466.3,1776766110000
1776766112.191,212.191,0.83,0.84,0.16,0.17,0.01,0.01,76471.78,1776766111000
1776766112.693,212.693,0.83,0.84,0.16,0.17,0.01,0.01,76471.78,1776766111000
1776766113.081,213.081,0.86,0.88,0.12,0.14,0.02,0.02,76471.78,1776766111000
1776766113.42,213.42,0.86,0.88,0.12,0.14,0.02,0.02,76481.22,1776766112000
1776766113.803,213.803,0.87,0.88,0.12,0.13,0.01,0.01,76481.22,1776766112000
1776766114.143,214.143,0.87,0.9,0.1,0.13,0.03,0.03,76481.22,1776766112000
1776766114.487,214.487,0.89,0.92,0.08,0.11,0.03,0.03,76487.72,1776766113000
1776766114.827,214.827,0.89,0.93,0.1,0.11,0.04,0.01,76487.72,1776766113000
1776766115.186,215.186,0.92,0.93,0.07,0.08,0.01,0.01,76488.27,1776766114000
1776766115.526,215.526,0.92,0.93,0.07,0.08,0.01,0.01,76488.27,1776766114000
1776766115.912,215.912,0.92,0.93,0.07,0.08,0.01,0.01,76488.27,1776766114000
1776766116.363,216.363,0.94,0.95,0.05,0.06,0.01,0.01,76489.41,1776766115000
1776766116.729,216.729,0.94,0.95,0.05,0.06,0.01,0.01,76489.41,1776766115000
1776766117.084,217.084,0.94,0.95,0.05,0.06,0.01,0.01,76489.41,1776766115000
1776766117.438,217.438,0.94,0.96,0.05,0.06,0.02,0.01,76490.89,1776766116000
1776766117.775,217.775,0.95,0.96,0.04,0.05,0.01,0.01,76490.89,1776766116000
1776766118.152,218.152,0.95,0.96,0.04,0.05,0.01,0.01,76490.89,1776766116000
1776766118.508,218.508,0.95,0.96,0.04,0.05,0.01,0.01,76492.53,1776766117000
1776766118.923,218.923,0.95,0.96,0.04,0.05,0.01,0.01,76492.53,1776766117000
1776766119.28,219.28,0.95,0.96,0.04,0.05,0.01,0.01,76493.87,1776766118000
1776766119.694,219.694,0.95,0.96,0.04,0.05,0.01,0.01,76493.87,1776766118000
1776766120.103,220.103,0.95,0.96,0.04,0.05,0.01,0.01,76493.87,1776766118000
1776766120.446,220.446,0.95,0.96,0.04,0.05,0.01,0.01,76494.28,1776766119000
1776766120.818,220.818,0.95,0.96,0.04,0.05,0.01,0.01,76494.28,1776766119000
1776766121.158,221.158,0.95,0.96,0.04,0.05,0.01,0.01,76494.28,1776766119000
1776766121.57,221.57,0.95,0.96,0.04,0.05,0.01,0.01,76496.99,1776766120000
1776766122.006,222.006,0.95,0.96,0.04,0.05,0.01,0.01,76496.99,1776766120000
1776766122.387,222.387,0.95,0.96,0.04,0.05,0.01,0.01,76498.9,1776766121000
1776766122.897,222.897,0.95,0.97,0.03,0.05,0.02,0.02,76499.05,1776766122000
1776766123.274,223.274,0.96,0.97,0.03,0.04,0.01,0.01,76499.05,1776766122000
1776766123.825,223.825,0.96,0.97,0.03,0.04,0.01,0.01,76499.05,1776766122000
1776766124.302,224.302,0.96,0.97,0.03,0.04,0.01,0.01,76499.04,1776766123000
1776766124.739,224.739,0.96,0.97,0.03,0.04,0.01,0.01,76499.04,1776766123000
1776766125.085,225.085,0.96,0.97,0.03,0.04,0.01,0.01,76499.13,1776766124000
1776766125.438,225.438,0.96,0.97,0.03,0.04,0.01,0.01,76499.13,1776766124000
1776766125.9,225.9,0.96,0.97,0.03,0.04,0.01,0.01,76499.02,1776766125000
1776766126.309,226.309,0.96,0.97,0.03,0.04,0.01,0.01,76499.02,1776766125000
1776766126.69,226.69,0.96,0.97,0.03,0.04,0.01,0.01,76499.02,1776766125000
1776766127.064,227.064,0.96,0.97,0.03,0.04,0.01,0.01,76499.58,1776766126000
1776766127.401,227.401,0.96,0.97,0.03,0.04,0.01,0.01,76499.58,1776766126000
1776766127.744,227.744,0.96,0.97,0.03,0.04,0.01,0.01,76499.58,1776766126000
1776766128.194,228.194,0.96,0.97,0.03,0.04,0.01,0.01,76501.11,1776766127000
1776766128.529,228.529,0.96,0.97,0.03,0.04,0.01,0.01,76501.11,1776766127000
1776766128.915,228.915,0.96,0.97,0.03,0.04,0.01,0.01,76501.11,1776766127000
1776766129.252,229.252,0.96,0.97,0.03,0.04,0.01,0.01,76501.11,1776766127000
1776766129.632,229.632,0.96,0.97,0.03,0.04,0.01,0.01,76501.88,1776766128000
1776766130.392,230.392,0.96,0.97,0.03,0.04,0.01,0.01,76501.88,1776766128000
1776766130.787,230.787,0.95,0.96,0.04,0.05,0.01,0.01,76501.88,1776766128000
1776766131.124,231.124,0.95,0.96,0.04,0.05,0.01,0.01,76503.43,1776766129000
1776766131.501,231.501,0.95,0.96,0.04,0.05,0.01,0.01,76503.43,1776766129000
1776766131.936,231.936,0.95,0.96,0.04,0.05,0.01,0.01,76504.81,1776766130000
1776766132.445,232.445,0.95,0.96,0.04,0.05,0.01,0.01,76504.81,1776766130000
1776766133.022,233.022,0.95,0.97,0.04,0.05,0.02,0.01,76504.83,1776766131000
1776766133.428,233.428,0.96,0.97,0.03,0.04,0.01,0.01,76504.79,1776766132000
1776766133.793,233.793,0.96,0.97,0.03,0.04,0.01,0.01,76504.79,1776766132000
1776766134.148,234.148,0.96,0.97,0.03,0.04,0.01,0.01,76504.79,1776766132000
1776766134.531,234.531,0.96,0.97,0.03,0.04,0.01,0.01,76504.79,1776766132000
1776766134.933,234.933,0.97,0.98,0.02,0.03,0.01,0.01,76504.67,1776766133000
1776766135.42,235.42,0.97,0.98,0.02,0.03,0.01,0.01,76504.67,1776766133000
1776766135.769,235.769,0.97,0.98,0.02,0.03,0.01,0.01,76504.69,1776766134000
1776766136.236,236.236,0.97,0.98,0.02,0.03,0.01,0.01,76506.77,1776766135000
1776766137.196,237.196,0.97,0.98,0.02,0.03,0.01,0.01,76506.77,1776766135000
1776766137.569,237.569,0.97,0.98,0.02,0.03,0.01,0.01,76506.77,1776766135000
1776766137.986,237.986,0.97,0.98,0.02,0.03,0.01,0.01,76507.97,1776766136000
1776766138.431,238.431,0.97,0.98,0.02,0.03,0.01,0.01,76508.1,1776766137000
1776766138.984,238.984,0.97,0.98,0.02,0.03,0.01,0.01,76508.1,1776766137000
1776766139.371,239.371,0.97,0.98,0.02,0.03,0.01,0.01,76508.1,1776766137000
1776766139.739,239.739,0.97,0.98,0.02,0.03,0.01,0.01,76508.1,1776766138000
1776766140.281,240.281,0.97,0.98,0.02,0.03,0.01,0.01,76508.1,1776766139000
1776766140.641,240.641,0.97,0.98,0.02,0.03,0.01,0.01,76508.1,1776766139000
1776766140.995,240.995,0.97,0.98,0.02,0.03,0.01,0.01,76508.1,1776766139000
1776766141.415,241.415,0.97,0.98,0.02,0.03,0.01,0.01,76508.1,1776766139000
1776766141.921,241.921,0.97,0.98,0.02,0.03,0.01,0.01,76512.44,1776766140000
1776766142.27,242.27,0.97,0.98,0.02,0.03,0.01,0.01,76511.52,1776766141000
1776766142.731,242.731,0.98,0.99,0.01,0.03,0.01,0.02,76511.52,1776766141000
1776766143.065,243.065,0.98,0.99,0.01,0.02,0.01,0.01,76511.52,1776766141000
1776766143.403,243.403,0.98,0.99,0.01,0.02,0.01,0.01,76511.52,1776766141000
1776766143.738,243.738,0.98,0.99,0.01,0.02,0.01,0.01,76513.06,1776766142000
1776766144.147,244.147,0.98,0.99,0.01,0.02,0.01,0.01,76513.06,1776766142000
1776766144.56,244.56,0.98,0.99,0.01,0.02,0.01,0.01,76513.02,1776766143000
1776766145.055,245.055,0.98,0.99,0.01,0.02,0.01,0.01,76513.02,1776766143000
1776766145.393,245.393,0.98,0.99,0.01,0.02,0.01,0.01,76513.02,1776766143000
1776766145.781,245.781,0.98,0.99,0.01,0.02,0.01,0.01,76513.02,1776766143000
1776766146.268,246.268,0.98,0.99,0.01,0.02,0.01,0.01,76513.02,1776766144000
1776766146.702,246.702,0.98,0.99,0.01,0.02,0.01,0.01,76513.01,1776766145000
1776766147.098,247.098,0.98,0.99,0.01,0.03,0.01,0.02,76513.01,1776766145000
1776766147.479,247.479,0.98,0.99,0.01,0.02,0.01,0.01,76513.02,1776766146000
1776766147.883,247.883,0.98,0.99,0.01,0.02,0.01,0.01,76513.02,1776766146000
1776766148.395,248.395,0.98,0.99,0.01,0.02,0.01,0.01,76512.84,1776766147000
1776766148.815,248.815,0.98,0.99,0.01,0.02,0.01,0.01,76512.84,1776766147000
1776766149.215,249.215,0.98,0.99,0.01,0.02,0.01,0.01,76511.44,1776766148000
1776766149.698,249.698,0.98,0.99,0.01,0.02,0.01,0.01,76511.44,1776766148000
1776766150.1,250.1,0.98,0.99,0.01,0.02,0.01,0.01,76508.38,1776766149000
1776766150.54,250.54,0.98,0.99,0.01,0.02,0.01,0.01,76508.38,1776766149000
1776766150.943,250.943,0.98,0.99,0.01,0.02,0.01,0.01,76508.38,1776766149000
1776766151.584,251.584,0.98,0.99,0.01,0.02,0.01,0.01,76511.16,1776766150000
1776766152.012,252.012,0.98,0.99,0.01,0.02,0.01,0.01,76511.16,1776766150000
1776766152.355,252.355,0.98,0.99,0.01,0.02,0.01,0.01,76512.03,1776766151000
1776766152.995,252.995,0.98,0.99,0.01,0.02,0.01,0.01,76512.03,1776766151000
1776766153.392,253.392,0.98,0.99,0.01,0.02,0.01,0.01,76515.44,1776766152000
1776766153.758,253.758,0.98,0.99,0.01,0.02,0.01,0.01,76515.44,1776766152000
1776766154.096,254.096,0.98,0.99,0.01,0.02,0.01,0.01,76513.48,1776766153000
1776766154.525,254.525,0.98,0.99,0.01,0.02,0.01,0.01,76513.48,1776766153000
1776766154.908,254.908,0.98,0.99,0.01,0.02,0.01,0.01,76513.48,1776766153000
1776766155.76,255.76,0.98,0.99,0.01,0.02,0.01,0.01,76513.71,1776766154000
1776766156.322,256.322,0.98,0.99,0.01,0.02,0.01,0.01,76513.72,1776766155000
1776766156.664,256.664,0.98,0.99,0.01,0.02,0.01,0.01,76513.72,1776766155000
1776766156.999,256.999,0.98,0.99,0.01,0.02,0.01,0.01,76514.28,1776766156000
1776766157.361,257.361,0.98,0.99,0.01,0.02,0.01,0.01,76514.28,1776766156000
1776766157.726,257.726,0.98,0.99,0.01,0.02,0.01,0.01,76514.28,1776766156000
1776766158.333,258.333,0.98,0.99,0.01,0.02,0.01,0.01,76514.28,1776766157000
1776766158.922,258.922,0.99,0.99,0.01,0.02,0.0,0.01,76514.28,1776766157000
1776766159.279,259.279,0.99,0.99,0.01,0.01,0.0,0.0,76514.28,1776766158000
1776766159.738,259.738,0.99,0.99,0.01,0.01,0.0,0.0,76514.28,1776766158000
1776766160.426,260.426,0.99,0.99,0.01,0.01,0.0,0.0,76514.29,1776766159000
1776766160.761,260.761,0.99,0.99,0.01,0.01,0.0,0.0,76514.29,1776766159000
1776766161.195,261.195,0.99,0.99,0.01,0.01,0.0,0.0,76514.28,1776766160000
1776766161.758,261.758,0.99,0.99,0.01,0.01,0.0,0.0,76514.28,1776766160000
1776766162.397,262.397,0.99,0.99,0.01,0.01,0.0,0.0,76514.47,1776766161000
1776766162.864,262.864,0.99,0.99,0.01,0.01,0.0,0.0,76514.47,1776766161000
1776766163.335,263.335,0.99,0.99,0.01,0.01,0.0,0.0,76514.47,1776766162000
1776766164.35,264.35,0.99,0.99,0.01,0.01,0.0,0.0,76518.04,1776766163000
1776766164.734,264.734,0.99,0.99,0.01,0.01,0.0,0.0,76518.04,1776766163000
1776766165.392,265.392,0.99,0.99,0.01,0.01,0.0,0.0,76520.39,1776766164000
1776766166.053,266.053,0.99,0.99,0.01,0.01,0.0,0.0,76520.39,1776766164000
1776766166.421,266.421,0.99,0.99,0.01,0.01,0.0,0.0,76520.39,1776766164000
1776766166.829,266.829,0.99,0.99,0.01,0.01,0.0,0.0,76520.39,1776766164000
1776766167.43,267.43,0.99,0.99,0.01,0.01,0.0,0.0,76521.17,1776766166000
1776766167.795,267.795,0.99,0.99,0.01,0.01,0.0,0.0,76521.17,1776766166000
1776766168.585,268.585,0.99,0.99,0.01,0.01,0.0,0.0,76521.17,1776766167000
1776766169.502,269.502,0.99,0.99,0.01,0.01,0.0,0.0,76521.17,1776766167000
1776766170.05,270.05,0.99,0.99,0.01,0.01,0.0,0.0,76514.58,1776766168000
1776766170.61,270.61,0.99,0.99,0.01,0.01,0.0,0.0,76512.15,1776766169000
1776766171.242,271.242,0.99,0.99,0.01,0.01,0.0,0.0,76512.15,1776766169000
1776766171.64,271.64,0.99,0.99,0.01,0.01,0.0,0.0,76512.15,1776766169000
1776766172.211,272.211,0.99,0.99,0.01,0.01,0.0,0.0,76506.44,1776766171000
1776766172.748,272.748,0.99,0.99,0.01,0.01,0.0,0.0,76506.44,1776766171000
1776766173.669,273.669,0.99,0.99,0.01,0.01,0.0,0.0,76504.11,1776766172000
1776766174.43,274.43,0.99,0.99,0.01,0.01,0.0,0.0,76504.1,1776766173000
1776766174.999,274.999,0.99,0.99,0.01,0.01,0.0,0.0,76504.1,1776766173000
1776766175.37,275.37,0.99,0.99,0.01,0.01,0.0,0.0,76504.1,1776766173000
1776766175.852,275.852,0.99,0.99,0.01,0.01,0.0,0.0,76504.15,1776766174000
1776766176.523,276.523,0.99,0.99,0.01,0.01,0.0,0.0,76505.06,1776766175000
1776766177.242,277.242,0.99,0.99,0.01,0.01,0.0,0.0,76505.18,1776766176000
1776766177.758,277.758,0.99,0.99,0.01,0.01,0.0,0.0,76505.18,1776766176000
1776766178.133,278.133,0.99,0.99,0.01,0.01,0.0,0.0,76511.77,1776766177000
1776766178.653,278.653,0.99,0.99,0.01,0.01,0.0,0.0,76511.77,1776766177000
1776766179.496,279.496,0.99,0.99,0.01,0.01,0.0,0.0,76511.77,1776766177000
1776766179.981,279.981,0.99,0.99,0.01,0.01,0.0,0.0,76511.78,1776766179000
1776766181.037,281.037,0.99,0.99,0.01,0.01,0.0,0.0,76511.78,1776766179000
1776766182.107,282.107,0.99,0.99,0.01,0.01,0.0,0.0,76510.7,1776766181000
1776766183.089,283.089,0.99,0.99,0.01,0.01,0.0,0.0,76510.64,1776766182000
1776766184.172,284.172,0.99,0.99,0.01,0.01,0.0,0.0,76507.62,1776766183000
1776766185.195,285.195,0.99,0.99,0.01,0.01,0.0,0.0,76507.08,1776766184000
1776766185.712,285.712,0.99,0.99,0.01,0.01,0.0,0.0,76507.08,1776766184000
1776766186.226,286.226,0.99,0.99,0.01,0.01,0.0,0.0,76507.08,1776766185000
1776766187.335,287.335,0.99,0.99,0.01,0.01,0.0,0.0,76507.09,1776766186000
1776766188.184,288.184,0.99,0.99,0.01,0.01,0.0,0.0,76507.09,1776766186000
1776766189.492,289.492,0.99,0.99,0.01,0.01,0.0,0.0,76507.29,1776766188000
1776766190.295,290.295,0.99,0.99,0.01,0.01,0.0,0.0,76507.29,1776766189000
1776766191.218,291.218,0.99,0.99,0.01,0.01,0.0,0.0,76507.33,1776766190000
1776766191.903,291.903,0.99,0.99,0.01,0.01,0.0,0.0,76507.33,1776766190000
1776766193.242,293.242,0.99,0.99,0.01,0.01,0.0,0.0,76507.28,1776766192000
1776766194.023,294.023,0.99,0.99,0.01,0.01,0.0,0.0,76507.28,1776766192000
1776766195.022,295.022,0.99,0.99,0.01,0.01,0.0,0.0,76506.25,1776766193000
1776766196.381,296.381,0.99,0.99,0.01,0.01,0.0,0.0,76506.05,1776766195000
1776766197.318,297.318,0.99,0.99,0.01,0.01,0.0,0.0,76506.05,1776766195000
1776766197.853,297.853,0.99,0.99,0.01,0.01,0.0,0.0,76501.98,1776766196000
1776766198.568,298.568,0.99,0.99,0.01,0.01,0.0,0.0,76501.53,1776766197000
1776766199.046,299.046,0.99,0.99,0.01,0.01,0.0,0.0,76499.99,1776766198000
1776766199.617,299.617,0.99,0.99,0.01,0.01,0.0,0.0,76499.99,1776766198000
1776766199.997,299.997,0.99,0.99,0.01,0.01,0.0,0.0,76494.72,1776766199000
1776766200.393,300.393,0.99,0.99,0.01,0.01,0.0,0.0,76494.72,1776766199000
1776766201.033,301.033,0.99,0.99,0.01,0.01,0.0,0.0,76494.3,1776766200000
1776766202.052,302.052,0.99,0.99,0.01,0.01,0.0,0.0,76495.85,1776766201000

# RESULT,winner=Up,slug=btc-updown-5m-1776765900,ticks=646
