timestamp,elapsed_sec,up_bid,up_ask,down_bid,down_ask,up_spread,down_spread,btc_price,btc_oracle_ts
1776278400.749,0.749,0.51,0.52,0.48,0.49,0.01,0.01,74278.69,1776278399000
1776278401.175,1.175,0.51,0.52,0.48,0.49,0.01,0.01,74278.69,1776278399000
1776278401.661,1.661,0.52,0.53,0.47,0.49,0.01,0.02,74278.69,1776278399000
1776278402.157,2.157,0.52,0.53,0.47,0.48,0.01,0.01,74277.53,1776278400000
1776278402.491,2.491,0.52,0.53,0.47,0.48,0.01,0.01,74277.53,1776278400000
1776278402.988,2.988,0.52,0.53,0.47,0.48,0.01,0.01,74277.53,1776278401000
1776278403.348,3.348,0.52,0.53,0.47,0.48,0.01,0.01,74277.53,1776278401000
1776278403.688,3.688,0.52,0.53,0.47,0.48,0.01,0.01,74278.08,1776278402000
1776278404.165,4.165,0.53,0.54,0.46,0.47,0.01,0.01,74278.08,1776278402000
1776278404.607,4.607,0.53,0.54,0.46,0.47,0.01,0.01,74280.1,1776278403000
1776278404.968,4.968,0.53,0.54,0.46,0.47,0.01,0.01,74280.1,1776278403000
1776278405.334,5.334,0.53,0.54,0.46,0.47,0.01,0.01,74280.1,1776278403000
1776278405.782,5.782,0.53,0.54,0.46,0.47,0.01,0.01,74283.67,1776278404000
1776278406.16,6.16,0.53,0.54,0.46,0.47,0.01,0.01,74283.67,1776278404000
1776278406.572,6.572,0.53,0.54,0.46,0.47,0.01,0.01,74283.69,1776278405000
1776278406.941,6.941,0.53,0.54,0.46,0.47,0.01,0.01,74283.69,1776278405000
1776278407.368,7.368,0.53,0.54,0.46,0.47,0.01,0.01,74283.88,1776278406000
1776278407.726,7.726,0.53,0.54,0.46,0.47,0.01,0.01,74283.88,1776278406000
1776278408.168,8.168,0.53,0.54,0.46,0.47,0.01,0.01,74283.88,1776278406000
1776278408.628,8.628,0.53,0.54,0.46,0.47,0.01,0.01,74283.78,1776278407000
1776278409.115,9.115,0.53,0.54,0.46,0.47,0.01,0.01,74283.78,1776278407000
1776278409.448,9.448,0.53,0.54,0.46,0.47,0.01,0.01,74283.78,1776278407000
1776278409.865,9.865,0.53,0.54,0.46,0.47,0.01,0.01,74283.78,1776278407000
1776278410.209,10.209,0.53,0.54,0.46,0.47,0.01,0.01,74283.78,1776278407000
1776278410.579,10.579,0.53,0.54,0.46,0.47,0.01,0.01,74283.5,1776278409000
1776278410.935,10.935,0.53,0.54,0.46,0.47,0.01,0.01,74283.5,1776278409000
1776278411.39,11.39,0.54,0.55,0.45,0.47,0.01,0.02,74283.5,1776278409000
1776278411.741,11.741,0.54,0.55,0.45,0.46,0.01,0.01,74282.13,1776278410000
1776278412.189,12.189,0.54,0.55,0.45,0.46,0.01,0.01,74282.13,1776278410000
1776278412.601,12.601,0.54,0.55,0.45,0.46,0.01,0.01,74282.13,1776278411000
1776278413.181,13.181,0.54,0.55,0.45,0.46,0.01,0.01,74282.13,1776278411000
1776278413.543,13.543,0.54,0.55,0.45,0.46,0.01,0.01,74282.07,1776278412000
1776278413.892,13.892,0.52,0.53,0.45,0.47,0.01,0.02,74282.07,1776278412000
1776278414.233,14.233,0.5,0.51,0.49,0.5,0.01,0.01,74282.07,1776278412000
1776278414.62,14.62,0.5,0.51,0.49,0.5,0.01,0.01,74282.07,1776278413000
1776278414.988,14.988,0.5,0.51,0.49,0.5,0.01,0.01,74282.07,1776278413000
1776278415.482,15.482,0.51,0.52,0.48,0.49,0.01,0.01,74281.45,1776278414000
1776278415.95,15.95,0.51,0.52,0.48,0.49,0.01,0.01,74281.45,1776278414000
1776278416.372,16.372,0.51,0.52,0.48,0.49,0.01,0.01,74276.41,1776278415000
1776278416.864,16.864,0.52,0.53,0.47,0.48,0.01,0.01,74276.41,1776278415000
1776278417.229,17.229,0.52,0.54,0.47,0.48,0.02,0.01,74278.27,1776278416000
1776278417.577,17.577,0.53,0.54,0.46,0.47,0.01,0.01,74278.27,1776278416000
1776278418.125,18.125,0.53,0.54,0.46,0.47,0.01,0.01,74278.27,1776278416000
1776278418.661,18.661,0.53,0.54,0.46,0.47,0.01,0.01,74282.54,1776278417000
1776278419.246,19.246,0.53,0.54,0.46,0.47,0.01,0.01,74281.61,1776278418000
1776278419.777,19.777,0.53,0.55,0.46,0.47,0.02,0.01,74281.61,1776278418000
1776278420.22,20.22,0.54,0.55,0.45,0.47,0.01,0.02,74281.61,1776278418000
1776278420.621,20.621,0.56,0.57,0.43,0.45,0.01,0.02,74281.61,1776278419000
1776278420.956,20.956,0.55,0.56,0.44,0.45,0.01,0.01,74281.61,1776278419000
1776278421.299,21.299,0.55,0.56,0.44,0.45,0.01,0.01,74282.75,1776278420000
1776278421.888,21.888,0.55,0.56,0.44,0.45,0.01,0.01,74282.75,1776278420000
1776278422.38,22.38,0.55,0.56,0.44,0.45,0.01,0.01,74285.97,1776278421000
1776278422.935,22.935,0.55,0.56,0.44,0.45,0.01,0.01,74285.97,1776278421000
1776278423.274,23.274,0.55,0.56,0.44,0.45,0.01,0.01,74285.28,1776278422000
1776278423.754,23.754,0.55,0.56,0.44,0.45,0.01,0.01,74285.28,1776278422000
1776278424.399,24.399,0.55,0.56,0.44,0.45,0.01,0.01,74285.28,1776278422000
1776278424.747,24.747,0.53,0.54,0.46,0.47,0.01,0.01,74285.28,1776278422000
1776278425.131,25.131,0.53,0.54,0.46,0.47,0.01,0.01,74285.22,1776278423000
1776278425.493,25.493,0.52,0.53,0.46,0.48,0.01,0.02,74285.22,1776278423000
1776278425.961,25.961,0.51,0.52,0.48,0.49,0.01,0.01,74284.54,1776278424000
1776278426.316,26.316,0.51,0.52,0.48,0.49,0.01,0.01,74283.67,1776278425000
1776278427.264,27.264,0.5,0.52,0.48,0.5,0.02,0.02,74280.45,1776278426000
1776278427.661,27.661,0.5,0.51,0.48,0.5,0.01,0.02,74280.45,1776278426000
1776278428.155,28.155,0.5,0.51,0.49,0.5,0.01,0.01,74280.45,1776278426000
1776278428.573,28.573,0.5,0.51,0.49,0.5,0.01,0.01,74277.65,1776278427000
1776278428.912,28.912,0.49,0.51,0.49,0.51,0.02,0.02,74277.65,1776278427000
1776278429.326,29.326,0.47,0.48,0.52,0.53,0.01,0.01,74277.65,1776278427000
1776278429.693,29.693,0.47,0.48,0.52,0.53,0.01,0.01,74272.42,1776278428000
1776278430.129,30.129,0.46,0.48,0.52,0.53,0.02,0.01,74270.9,1776278429000
1776278430.547,30.547,0.45,0.47,0.53,0.55,0.02,0.02,74270.9,1776278429000
1776278430.916,30.916,0.43,0.46,0.54,0.57,0.03,0.03,74270.9,1776278429000
1776278431.256,31.256,0.42,0.44,0.55,0.58,0.02,0.03,74266.83,1776278430000
1776278431.602,31.602,0.42,0.43,0.57,0.59,0.01,0.02,74266.83,1776278430000
1776278431.937,31.937,0.41,0.42,0.58,0.6,0.01,0.02,74266.83,1776278430000
1776278432.35,32.35,0.41,0.42,0.58,0.59,0.01,0.01,74262.68,1776278431000
1776278432.925,32.925,0.4,0.41,0.59,0.6,0.01,0.01,74262.68,1776278431000
1776278433.27,33.27,0.4,0.41,0.6,0.61,0.01,0.01,74255.63,1776278432000
1776278433.767,33.767,0.4,0.41,0.59,0.6,0.01,0.01,74255.63,1776278432000
1776278434.285,34.285,0.4,0.41,0.59,0.6,0.01,0.01,74255.06,1776278433000
1776278434.654,34.654,0.4,0.41,0.59,0.6,0.01,0.01,74255.06,1776278433000
1776278435.162,35.162,0.39,0.4,0.6,0.61,0.01,0.01,74255.06,1776278433000
1776278435.515,35.515,0.39,0.4,0.6,0.61,0.01,0.01,74258.92,1776278434000
1776278435.856,35.856,0.39,0.4,0.6,0.61,0.01,0.01,74258.92,1776278434000
1776278436.21,36.21,0.39,0.4,0.6,0.61,0.01,0.01,74259.33,1776278435000
1776278436.625,36.625,0.39,0.4,0.6,0.61,0.01,0.01,74259.33,1776278435000
1776278437.174,37.174,0.39,0.4,0.6,0.61,0.01,0.01,74259.8,1776278436000
1776278437.54,37.54,0.39,0.41,0.59,0.61,0.02,0.02,74259.8,1776278436000
1776278437.886,37.886,0.4,0.41,0.59,0.6,0.01,0.01,74259.8,1776278436000
1776278438.237,38.237,0.41,0.42,0.58,0.59,0.01,0.01,74259.8,1776278436000
1776278438.733,38.733,0.41,0.42,0.58,0.59,0.01,0.01,74260.03,1776278437000
1776278439.101,39.101,0.41,0.42,0.58,0.59,0.01,0.01,74260.1,1776278438000
1776278439.448,39.448,0.42,0.43,0.57,0.59,0.01,0.02,74260.1,1776278438000
1776278439.812,39.812,0.42,0.43,0.57,0.58,0.01,0.01,74260.1,1776278438000
1776278440.227,40.227,0.43,0.44,0.56,0.57,0.01,0.01,74263.23,1776278439000
1776278440.613,40.613,0.43,0.44,0.56,0.57,0.01,0.01,74263.23,1776278439000
1776278441.153,41.153,0.43,0.44,0.56,0.57,0.01,0.01,74263.23,1776278439000
1776278441.504,41.504,0.43,0.44,0.56,0.57,0.01,0.01,74265.78,1776278440000
1776278441.857,41.857,0.43,0.44,0.56,0.57,0.01,0.01,74265.85,1776278441000
1776278442.191,42.191,0.42,0.43,0.57,0.58,0.01,0.01,74265.85,1776278441000
1776278442.547,42.547,0.41,0.43,0.57,0.58,0.02,0.01,74265.85,1776278441000
1776278442.937,42.937,0.41,0.42,0.58,0.59,0.01,0.01,74265.85,1776278441000
1776278443.432,43.432,0.41,0.42,0.58,0.59,0.01,0.01,74266.42,1776278442000
1776278443.856,43.856,0.41,0.42,0.58,0.59,0.01,0.01,74266.42,1776278442000
1776278444.205,44.205,0.41,0.42,0.58,0.59,0.01,0.01,74262.97,1776278443000
1776278444.579,44.579,0.41,0.42,0.58,0.59,0.01,0.01,74262.97,1776278443000
1776278445.102,45.102,0.4,0.42,0.58,0.59,0.02,0.01,74262.97,1776278443000
1776278445.437,45.437,0.38,0.41,0.59,0.62,0.03,0.03,74260.5,1776278444000
1776278445.837,45.837,0.39,0.4,0.6,0.61,0.01,0.01,74260.5,1776278444000
1776278446.201,46.201,0.39,0.4,0.6,0.61,0.01,0.01,74260.5,1776278444000
1776278446.561,46.561,0.39,0.4,0.6,0.61,0.01,0.01,74258.64,1776278445000
1776278446.896,46.896,0.39,0.4,0.6,0.61,0.01,0.01,74258.64,1776278445000
1776278447.237,47.237,0.38,0.39,0.6,0.62,0.01,0.02,74256.94,1776278446000
1776278448.017,48.017,0.38,0.39,0.61,0.62,0.01,0.01,74256.94,1776278446000
1776278448.379,48.379,0.38,0.39,0.61,0.62,0.01,0.01,74256.96,1776278447000
1776278448.74,48.74,0.38,0.39,0.61,0.62,0.01,0.01,74256.96,1776278447000
1776278449.091,49.091,0.37,0.39,0.61,0.63,0.02,0.02,74256.96,1776278447000
1776278449.69,49.69,0.38,0.39,0.61,0.63,0.01,0.02,74254.47,1776278448000
1776278450.052,50.052,0.36,0.38,0.62,0.64,0.02,0.02,74254.47,1776278448000
1776278450.446,50.446,0.37,0.38,0.62,0.63,0.01,0.01,74250.34,1776278449000
1776278450.925,50.925,0.37,0.38,0.62,0.63,0.01,0.01,74250.34,1776278449000
1776278451.643,51.643,0.37,0.38,0.62,0.63,0.01,0.01,74250.89,1776278450000
1776278452.038,52.038,0.37,0.38,0.62,0.63,0.01,0.01,74252.11,1776278451000
1776278452.4,52.4,0.37,0.38,0.62,0.63,0.01,0.01,74252.11,1776278451000
1776278452.751,52.751,0.36,0.37,0.63,0.64,0.01,0.01,74252.11,1776278451000
1776278453.114,53.114,0.36,0.37,0.63,0.64,0.01,0.01,74252.11,1776278451000
1776278453.531,53.531,0.35,0.36,0.63,0.65,0.01,0.02,74252.11,1776278451000
1776278453.974,53.974,0.35,0.36,0.64,0.65,0.01,0.01,74252.17,1776278452000
1776278455.169,55.169,0.35,0.36,0.64,0.65,0.01,0.01,74248.33,1776278454000
1776278455.636,55.636,0.35,0.36,0.64,0.65,0.01,0.01,74248.33,1776278454000
1776278456.073,56.073,0.35,0.36,0.64,0.65,0.01,0.01,74248.33,1776278454000
1776278456.652,56.652,0.35,0.36,0.64,0.65,0.01,0.01,74247.42,1776278455000
1776278457.219,57.219,0.35,0.36,0.64,0.65,0.01,0.01,74247.42,1776278456000
1776278457.567,57.567,0.34,0.36,0.64,0.65,0.02,0.01,74247.42,1776278456000
1776278457.907,57.907,0.34,0.35,0.65,0.66,0.01,0.01,74247.42,1776278456000
1776278458.508,58.508,0.34,0.35,0.65,0.66,0.01,0.01,74247.09,1776278457000
1776278459.048,59.048,0.34,0.35,0.65,0.66,0.01,0.01,74247.09,1776278457000
1776278459.445,59.445,0.34,0.35,0.65,0.66,0.01,0.01,74247.09,1776278458000
1776278459.781,59.781,0.34,0.35,0.65,0.66,0.01,0.01,74247.09,1776278458000
1776278460.163,60.163,0.34,0.35,0.65,0.66,0.01,0.01,74247.11,1776278459000
1776278460.538,60.538,0.34,0.35,0.65,0.66,0.01,0.01,74247.11,1776278459000
1776278460.931,60.931,0.34,0.35,0.65,0.66,0.01,0.01,74247.11,1776278459000
1776278461.414,61.414,0.34,0.35,0.65,0.66,0.01,0.01,74247.15,1776278460000
1776278461.779,61.779,0.34,0.35,0.65,0.66,0.01,0.01,74247.15,1776278460000
1776278462.144,62.144,0.34,0.35,0.65,0.66,0.01,0.01,74247.15,1776278460000
1776278462.491,62.491,0.34,0.35,0.65,0.66,0.01,0.01,74248,1776278461000
1776278463.112,63.112,0.34,0.35,0.65,0.66,0.01,0.01,74248,1776278461000
1776278463.452,63.452,0.33,0.35,0.65,0.67,0.02,0.02,74248.56,1776278462000
1776278463.994,63.994,0.33,0.34,0.66,0.67,0.01,0.01,74248.56,1776278462000
1776278464.377,64.377,0.33,0.34,0.66,0.67,0.01,0.01,74250.38,1776278463000
1776278464.779,64.779,0.33,0.34,0.66,0.67,0.01,0.01,74250.38,1776278463000
1776278465.127,65.127,0.33,0.34,0.66,0.67,0.01,0.01,74250.38,1776278464000
1776278465.521,65.521,0.33,0.34,0.66,0.67,0.01,0.01,74250.38,1776278464000
1776278465.888,65.888,0.33,0.34,0.66,0.67,0.01,0.01,74250.38,1776278464000
1776278466.294,66.294,0.33,0.34,0.66,0.67,0.01,0.01,74250.38,1776278464000
1776278466.734,66.734,0.33,0.34,0.66,0.67,0.01,0.01,74247.4,1776278465000
1776278467.073,67.073,0.32,0.33,0.66,0.68,0.01,0.02,74247.4,1776278465000
1776278467.425,67.425,0.32,0.33,0.67,0.68,0.01,0.01,74247.82,1776278466000
1776278468.045,68.045,0.32,0.33,0.67,0.68,0.01,0.01,74247.82,1776278466000
1776278468.403,68.403,0.32,0.33,0.67,0.68,0.01,0.01,74247.82,1776278467000
1776278468.787,68.787,0.32,0.33,0.67,0.68,0.01,0.01,74247.82,1776278467000
1776278469.251,69.251,0.32,0.33,0.67,0.68,0.01,0.01,74247.82,1776278467000
1776278469.687,69.687,0.32,0.34,0.67,0.68,0.02,0.01,74247.97,1776278468000
1776278470.024,70.024,0.33,0.35,0.65,0.67,0.02,0.02,74247.86,1776278469000
1776278470.388,70.388,0.34,0.35,0.65,0.66,0.01,0.01,74247.86,1776278469000
1776278470.728,70.728,0.34,0.35,0.65,0.66,0.01,0.01,74247.86,1776278469000
1776278471.083,71.083,0.34,0.35,0.65,0.66,0.01,0.01,74248.77,1776278470000
1776278471.438,71.438,0.34,0.35,0.65,0.66,0.01,0.01,74248.77,1776278470000
1776278471.776,71.776,0.34,0.35,0.65,0.66,0.01,0.01,74248.77,1776278470000
1776278472.185,72.185,0.34,0.35,0.65,0.66,0.01,0.01,74253.67,1776278471000
1776278472.542,72.542,0.35,0.36,0.64,0.65,0.01,0.01,74253.67,1776278471000
1776278473.191,73.191,0.35,0.36,0.64,0.65,0.01,0.01,74253.67,1776278471000
1776278473.548,73.548,0.35,0.36,0.64,0.65,0.01,0.01,74255.01,1776278472000
1776278474.028,74.028,0.35,0.36,0.64,0.65,0.01,0.01,74255.01,1776278473000
1776278474.52,74.52,0.35,0.36,0.64,0.65,0.01,0.01,74255.01,1776278473000
1776278475.039,75.039,0.35,0.36,0.64,0.65,0.01,0.01,74255.01,1776278473000
1776278475.428,75.428,0.35,0.36,0.64,0.65,0.01,0.01,74254.92,1776278474000
1776278476.05,76.05,0.35,0.36,0.64,0.65,0.01,0.01,74254.92,1776278474000
1776278476.522,76.522,0.35,0.36,0.64,0.65,0.01,0.01,74255.32,1776278475000
1776278476.875,76.875,0.37,0.38,0.64,0.65,0.01,0.01,74255.32,1776278475000
1776278477.212,77.212,0.37,0.38,0.62,0.63,0.01,0.01,74255.32,1776278475000
1776278477.681,77.681,0.38,0.39,0.61,0.62,0.01,0.01,74256.94,1776278476000
1776278478.073,78.073,0.38,0.41,0.61,0.62,0.03,0.01,74260.73,1776278477000
1776278478.483,78.483,0.4,0.41,0.59,0.6,0.01,0.01,74260.73,1776278477000
1776278478.829,78.829,0.43,0.44,0.56,0.57,0.01,0.01,74260.73,1776278477000
1776278479.304,79.304,0.43,0.44,0.55,0.57,0.01,0.02,74265.55,1776278478000
1776278479.71,79.71,0.43,0.44,0.56,0.57,0.01,0.01,74265.55,1776278478000
1776278480.209,80.209,0.43,0.44,0.56,0.57,0.01,0.01,74266.73,1776278479000
1776278480.631,80.631,0.43,0.44,0.56,0.57,0.01,0.01,74266.73,1776278479000
1776278481.013,81.013,0.44,0.45,0.55,0.56,0.01,0.01,74266.73,1776278479000
1776278481.35,81.35,0.44,0.45,0.55,0.56,0.01,0.01,74269.26,1776278480000
1776278481.813,81.813,0.44,0.45,0.55,0.56,0.01,0.01,74269.26,1776278480000
1776278482.166,82.166,0.44,0.45,0.55,0.56,0.01,0.01,74269.26,1776278480000
1776278482.539,82.539,0.44,0.45,0.55,0.56,0.01,0.01,74268.98,1776278481000
1776278482.895,82.895,0.44,0.45,0.55,0.56,0.01,0.01,74268.98,1776278481000
1776278483.249,83.249,0.44,0.45,0.55,0.56,0.01,0.01,74269.78,1776278482000
1776278484.165,84.165,0.44,0.45,0.55,0.56,0.01,0.01,74268.87,1776278483000
1776278484.597,84.597,0.44,0.45,0.55,0.56,0.01,0.01,74268.87,1776278483000
1776278485.17,85.17,0.44,0.45,0.55,0.56,0.01,0.01,74268.87,1776278483000
1776278485.587,85.587,0.44,0.45,0.55,0.56,0.01,0.01,74268.87,1776278484000
1776278486.222,86.222,0.45,0.46,0.54,0.56,0.01,0.02,74268.87,1776278484000
1776278486.764,86.764,0.45,0.46,0.54,0.55,0.01,0.01,74269.17,1776278485000
1776278487.24,87.24,0.45,0.46,0.54,0.55,0.01,0.01,74269.17,1776278485000
1776278487.696,87.696,0.45,0.46,0.54,0.55,0.01,0.01,74270.08,1776278486000
1776278488.063,88.063,0.45,0.46,0.54,0.55,0.01,0.01,74270.44,1776278487000
1776278488.474,88.474,0.45,0.46,0.54,0.55,0.01,0.01,74270.44,1776278487000
1776278488.961,88.961,0.45,0.46,0.54,0.55,0.01,0.01,74270.44,1776278487000
1776278489.393,89.393,0.45,0.46,0.54,0.55,0.01,0.01,74269.81,1776278488000
1776278489.764,89.764,0.45,0.46,0.54,0.55,0.01,0.01,74269.81,1776278488000
1776278490.1,90.1,0.45,0.46,0.54,0.55,0.01,0.01,74269.81,1776278489000
1776278490.435,90.435,0.45,0.46,0.54,0.55,0.01,0.01,74269.81,1776278489000
1776278490.791,90.791,0.45,0.46,0.54,0.55,0.01,0.01,74269.81,1776278489000
1776278491.178,91.178,0.45,0.46,0.54,0.55,0.01,0.01,74269.17,1776278490000
1776278491.822,91.822,0.45,0.46,0.54,0.55,0.01,0.01,74269.17,1776278490000
1776278492.661,92.661,0.45,0.46,0.54,0.55,0.01,0.01,74269.15,1776278491000
1776278493.05,93.05,0.45,0.46,0.54,0.55,0.01,0.01,74269.58,1776278492000
1776278493.422,93.422,0.45,0.46,0.54,0.55,0.01,0.01,74269.58,1776278492000
1776278493.899,93.899,0.45,0.46,0.54,0.55,0.01,0.01,74269.58,1776278492000
1776278494.623,94.623,0.45,0.46,0.54,0.55,0.01,0.01,74270.7,1776278493000
1776278495.114,95.114,0.45,0.46,0.54,0.55,0.01,0.01,74268.52,1776278494000
1776278495.645,95.645,0.45,0.46,0.54,0.55,0.01,0.01,74268.52,1776278494000
1776278496.197,96.197,0.45,0.46,0.54,0.55,0.01,0.01,74269.1,1776278495000
1776278496.64,96.64,0.45,0.46,0.54,0.55,0.01,0.01,74269.1,1776278495000
1776278497.236,97.236,0.45,0.46,0.54,0.55,0.01,0.01,74268.82,1776278496000
1776278497.594,97.594,0.45,0.46,0.54,0.55,0.01,0.01,74268.82,1776278496000
1776278498.054,98.054,0.45,0.46,0.54,0.55,0.01,0.01,74268.82,1776278496000
1776278498.69,98.69,0.45,0.46,0.54,0.55,0.01,0.01,74269.38,1776278497000
1776278499.278,99.278,0.44,0.45,0.55,0.56,0.01,0.01,74269.38,1776278498000
1776278499.954,99.954,0.44,0.45,0.55,0.56,0.01,0.01,74267.31,1776278499000
1776278500.569,100.569,0.44,0.45,0.55,0.56,0.01,0.01,74267.31,1776278499000
1776278501.005,101.005,0.44,0.45,0.55,0.56,0.01,0.01,74267.31,1776278499000
1776278501.453,101.453,0.44,0.45,0.55,0.56,0.01,0.01,74268.13,1776278500000
1776278501.817,101.817,0.44,0.45,0.55,0.56,0.01,0.01,74268.13,1776278500000
1776278502.513,102.513,0.44,0.45,0.55,0.56,0.01,0.01,74268.28,1776278501000
1776278502.969,102.969,0.44,0.45,0.55,0.56,0.01,0.01,74268.28,1776278501000
1776278503.433,103.433,0.44,0.45,0.55,0.56,0.01,0.01,74269.36,1776278502000
1776278503.831,103.831,0.44,0.45,0.55,0.56,0.01,0.01,74269.36,1776278502000
1776278504.198,104.198,0.44,0.45,0.55,0.56,0.01,0.01,74269.57,1776278503000
1776278504.541,104.541,0.44,0.45,0.55,0.56,0.01,0.01,74269.57,1776278503000
1776278505.088,105.088,0.44,0.45,0.55,0.56,0.01,0.01,74269.57,1776278503000
1776278505.569,105.569,0.44,0.45,0.55,0.56,0.01,0.01,74269.06,1776278504000
1776278506.215,106.215,0.44,0.45,0.55,0.56,0.01,0.01,74269.06,1776278504000
1776278506.58,106.58,0.44,0.45,0.55,0.56,0.01,0.01,74269.06,1776278505000
1776278507.379,107.379,0.44,0.45,0.55,0.56,0.01,0.01,74269.06,1776278505000
1776278508.007,108.007,0.44,0.45,0.55,0.56,0.01,0.01,74268.95,1776278507000
1776278508.772,108.772,0.43,0.44,0.56,0.57,0.01,0.01,74268.95,1776278507000
1776278509.207,109.207,0.43,0.44,0.56,0.57,0.01,0.01,74268.95,1776278507000
1776278510.074,110.074,0.43,0.44,0.56,0.57,0.01,0.01,74268.95,1776278507000
1776278510.95,110.95,0.42,0.44,0.56,0.58,0.02,0.02,74268.59,1776278509000
1776278511.786,111.786,0.42,0.43,0.57,0.58,0.01,0.01,74269.09,1776278510000
1776278512.427,112.427,0.42,0.43,0.57,0.58,0.01,0.01,74269.09,1776278510000
1776278513.269,113.269,0.42,0.43,0.57,0.58,0.01,0.01,74268.82,1776278512000
1776278514.326,114.326,0.42,0.43,0.57,0.58,0.01,0.01,74268.82,1776278512000
1776278515.196,115.196,0.42,0.43,0.57,0.58,0.01,0.01,74268.6,1776278514000
1776278515.687,115.687,0.4,0.41,0.58,0.61,0.01,0.03,74268.6,1776278514000
1776278516.06,116.06,0.4,0.41,0.59,0.6,0.01,0.01,74268.6,1776278514000
1776278516.478,116.478,0.4,0.41,0.59,0.6,0.01,0.01,74268.6,1776278514000
1776278516.819,116.819,0.4,0.41,0.59,0.6,0.01,0.01,74268.45,1776278515000
1776278517.204,117.204,0.4,0.41,0.59,0.6,0.01,0.01,74268.45,1776278515000
1776278517.709,117.709,0.4,0.41,0.59,0.6,0.01,0.01,74266.29,1776278516000
1776278518.183,118.183,0.4,0.41,0.59,0.6,0.01,0.01,74266.29,1776278516000
1776278518.591,118.591,0.4,0.41,0.59,0.6,0.01,0.01,74267.08,1776278517000
1776278519.011,119.011,0.4,0.41,0.59,0.6,0.01,0.01,74267.08,1776278517000
1776278519.397,119.397,0.4,0.41,0.59,0.6,0.01,0.01,74268.62,1776278518000
1776278519.827,119.827,0.39,0.41,0.59,0.6,0.02,0.01,74268.62,1776278518000
1776278520.328,120.328,0.39,0.4,0.6,0.61,0.01,0.01,74268.62,1776278518000
1776278520.914,120.914,0.39,0.4,0.6,0.61,0.01,0.01,74268.62,1776278519000
1776278521.265,121.265,0.39,0.4,0.6,0.61,0.01,0.01,74267.43,1776278520000
1776278521.694,121.694,0.39,0.4,0.6,0.61,0.01,0.01,74267.43,1776278520000
1776278522.583,122.583,0.39,0.4,0.6,0.61,0.01,0.01,74266.14,1776278521000
1776278523.15,123.15,0.39,0.4,0.6,0.61,0.01,0.01,74265.82,1776278522000
1776278523.509,123.509,0.37,0.4,0.6,0.61,0.03,0.01,74265.82,1776278522000
1776278523.854,123.854,0.31,0.36,0.64,0.67,0.05,0.03,74265.82,1776278522000
1776278524.234,124.234,0.3,0.33,0.64,0.69,0.03,0.05,74265.82,1776278522000
1776278524.984,124.984,0.3,0.31,0.67,0.7,0.01,0.03,74265.86,1776278523000
1776278525.384,125.384,0.32,0.33,0.67,0.71,0.01,0.04,74259.36,1776278524000
1776278525.801,125.801,0.28,0.29,0.7,0.72,0.01,0.02,74259.36,1776278524000
1776278526.211,126.211,0.27,0.28,0.72,0.73,0.01,0.01,74259.36,1776278524000
1776278526.561,126.561,0.27,0.28,0.72,0.73,0.01,0.01,74259.36,1776278524000
1776278526.909,126.909,0.27,0.28,0.72,0.73,0.01,0.01,74246.76,1776278525000
1776278527.26,127.26,0.27,0.28,0.72,0.73,0.01,0.01,74246.76,1776278525000
1776278527.795,127.795,0.27,0.28,0.72,0.73,0.01,0.01,74246.68,1776278526000
1776278528.148,128.148,0.27,0.28,0.72,0.73,0.01,0.01,74246.68,1776278526000
1776278528.547,128.547,0.27,0.28,0.72,0.73,0.01,0.01,74246.68,1776278526000
1776278528.907,128.907,0.28,0.29,0.71,0.73,0.01,0.02,74248.48,1776278527000
1776278529.35,129.35,0.28,0.29,0.71,0.72,0.01,0.01,74249.03,1776278528000
1776278529.77,129.77,0.29,0.3,0.7,0.72,0.01,0.02,74249.03,1776278528000
1776278530.263,130.263,0.29,0.3,0.7,0.71,0.01,0.01,74249.03,1776278528000
1776278530.611,130.611,0.29,0.3,0.7,0.71,0.01,0.01,74249.08,1776278529000
1776278530.961,130.961,0.29,0.3,0.7,0.71,0.01,0.01,74250.77,1776278530000
1776278531.357,131.357,0.3,0.31,0.69,0.7,0.01,0.01,74250.77,1776278530000
1776278531.713,131.713,0.3,0.31,0.69,0.7,0.01,0.01,74250.77,1776278530000
1776278532.156,132.156,0.3,0.32,0.68,0.7,0.02,0.02,74252.54,1776278531000
1776278533.25,133.25,0.31,0.32,0.68,0.7,0.01,0.02,74252.54,1776278531000
1776278533.624,133.624,0.32,0.33,0.67,0.68,0.01,0.01,74253.6,1776278532000
1776278533.969,133.969,0.32,0.33,0.67,0.68,0.01,0.01,74253.6,1776278532000
1776278534.304,134.304,0.34,0.35,0.65,0.66,0.01,0.01,74253.6,1776278532000
1776278534.642,134.642,0.34,0.35,0.65,0.66,0.01,0.01,74259.23,1776278533000
1776278535.052,135.052,0.34,0.35,0.65,0.66,0.01,0.01,74261.07,1776278534000
1776278535.76,135.76,0.35,0.36,0.64,0.65,0.01,0.01,74261.07,1776278534000
1776278536.128,136.128,0.35,0.36,0.64,0.65,0.01,0.01,74261.05,1776278535000
1776278537.262,137.262,0.35,0.36,0.64,0.65,0.01,0.01,74261.35,1776278536000
1776278537.623,137.623,0.35,0.36,0.64,0.65,0.01,0.01,74261.35,1776278536000
1776278538.285,138.285,0.35,0.36,0.64,0.65,0.01,0.01,74261.35,1776278536000
1776278538.802,138.802,0.35,0.36,0.64,0.65,0.01,0.01,74262.34,1776278537000
1776278539.423,139.423,0.35,0.36,0.64,0.65,0.01,0.01,74262.57,1776278538000
1776278539.853,139.853,0.35,0.36,0.64,0.65,0.01,0.01,74262.57,1776278538000
1776278540.291,140.291,0.35,0.36,0.64,0.65,0.01,0.01,74262.57,1776278539000
1776278540.667,140.667,0.35,0.36,0.64,0.65,0.01,0.01,74262.57,1776278539000
1776278541.081,141.081,0.35,0.36,0.64,0.65,0.01,0.01,74262.57,1776278539000
1776278541.726,141.726,0.35,0.36,0.64,0.65,0.01,0.01,74262.57,1776278539000
1776278542.327,142.327,0.35,0.36,0.64,0.65,0.01,0.01,74262.94,1776278540000
1776278542.68,142.68,0.37,0.38,0.61,0.63,0.01,0.02,74262.6,1776278541000
1776278543.024,143.024,0.38,0.39,0.61,0.62,0.01,0.01,74262.6,1776278541000
1776278543.381,143.381,0.38,0.39,0.61,0.62,0.01,0.01,74261.54,1776278542000
1776278543.796,143.796,0.38,0.39,0.61,0.62,0.01,0.01,74261.54,1776278542000
1776278544.28,144.28,0.38,0.39,0.61,0.62,0.01,0.01,74262.31,1776278543000
1776278544.656,144.656,0.38,0.39,0.61,0.62,0.01,0.01,74262.31,1776278543000
1776278545.105,145.105,0.39,0.4,0.6,0.61,0.01,0.01,74268.49,1776278544000
1776278545.88,145.88,0.39,0.4,0.6,0.61,0.01,0.01,74268.49,1776278544000
1776278546.228,146.228,0.39,0.4,0.6,0.61,0.01,0.01,74268.82,1776278545000
1776278546.788,146.788,0.39,0.4,0.6,0.61,0.01,0.01,74268.82,1776278545000
1776278547.123,147.123,0.39,0.4,0.6,0.61,0.01,0.01,74269.66,1776278546000
1776278547.62,147.62,0.39,0.4,0.6,0.61,0.01,0.01,74269.66,1776278546000
1776278548.017,148.017,0.39,0.4,0.6,0.61,0.01,0.01,74269.66,1776278546000
1776278548.433,148.433,0.4,0.41,0.6,0.61,0.01,0.01,74270.21,1776278547000
1776278548.888,148.888,0.4,0.41,0.59,0.6,0.01,0.01,74270.21,1776278547000
1776278549.261,149.261,0.42,0.43,0.57,0.59,0.01,0.02,74270.21,1776278548000
1776278549.597,149.597,0.42,0.43,0.57,0.58,0.01,0.01,74270.21,1776278548000
1776278550.078,150.078,0.43,0.45,0.57,0.58,0.02,0.01,74270.21,1776278548000
1776278550.469,150.469,0.44,0.45,0.55,0.56,0.01,0.01,74270.07,1776278549000
1776278550.931,150.931,0.45,0.46,0.54,0.56,0.01,0.02,74270.07,1776278549000
1776278551.289,151.289,0.45,0.46,0.54,0.55,0.01,0.01,74270.07,1776278549000
1776278551.675,151.675,0.46,0.47,0.53,0.54,0.01,0.01,74270.07,1776278550000
1776278552.041,152.041,0.46,0.47,0.53,0.54,0.01,0.01,74270.07,1776278550000
1776278552.427,152.427,0.46,0.47,0.53,0.54,0.01,0.01,74273.14,1776278551000
1776278552.78,152.78,0.46,0.47,0.53,0.54,0.01,0.01,74273.14,1776278551000
1776278553.729,153.729,0.46,0.47,0.53,0.54,0.01,0.01,74273.36,1776278552000
1776278554.078,154.078,0.47,0.49,0.49,0.53,0.02,0.04,74273.4,1776278553000
1776278554.62,154.62,0.49,0.5,0.51,0.53,0.01,0.02,74273.4,1776278553000
1776278554.977,154.977,0.49,0.5,0.49,0.51,0.01,0.02,74273.4,1776278553000
1776278555.311,155.311,0.49,0.5,0.5,0.51,0.01,0.01,74273.4,1776278553000
1776278555.655,155.655,0.49,0.51,0.5,0.51,0.02,0.01,74276.17,1776278554000
1776278556.113,156.113,0.5,0.51,0.49,0.5,0.01,0.01,74276.17,1776278554000
1776278556.536,156.536,0.5,0.51,0.49,0.5,0.01,0.01,74276.61,1776278555000
1776278556.921,156.921,0.5,0.51,0.49,0.5,0.01,0.01,74276.61,1776278555000
1776278557.393,157.393,0.46,0.49,0.51,0.52,0.03,0.01,74280.28,1776278556000
1776278557.816,157.816,0.46,0.47,0.53,0.54,0.01,0.01,74280.28,1776278556000
1776278558.179,158.179,0.45,0.46,0.54,0.55,0.01,0.01,74280.28,1776278556000
1776278558.513,158.513,0.45,0.46,0.54,0.55,0.01,0.01,74279.33,1776278557000
1776278558.85,158.85,0.46,0.47,0.53,0.54,0.01,0.01,74279.33,1776278557000
1776278559.285,159.285,0.46,0.47,0.53,0.54,0.01,0.01,74278.12,1776278558000
1776278559.76,159.76,0.46,0.47,0.53,0.54,0.01,0.01,74278.12,1776278558000
1776278560.108,160.108,0.46,0.47,0.53,0.54,0.01,0.01,74278.12,1776278558000
1776278560.464,160.464,0.48,0.52,0.49,0.52,0.04,0.03,74278.12,1776278558000
1776278560.85,160.85,0.51,0.52,0.48,0.49,0.01,0.01,74272.94,1776278559000
1776278561.184,161.184,0.51,0.52,0.48,0.49,0.01,0.01,74275.31,1776278560000
1776278561.52,161.52,0.51,0.52,0.48,0.5,0.01,0.02,74275.31,1776278560000
1776278561.986,161.986,0.51,0.52,0.48,0.49,0.01,0.01,74275.31,1776278560000
1776278562.455,162.455,0.51,0.52,0.48,0.49,0.01,0.01,74278.08,1776278561000
1776278562.855,162.855,0.51,0.52,0.48,0.49,0.01,0.01,74278.08,1776278561000
1776278563.696,163.696,0.51,0.52,0.48,0.49,0.01,0.01,74280.17,1776278562000
1776278564.045,164.045,0.51,0.52,0.48,0.49,0.01,0.01,74280.17,1776278562000
1776278564.535,164.535,0.51,0.52,0.48,0.49,0.01,0.01,74279.28,1776278563000
1776278565.021,165.021,0.51,0.53,0.48,0.49,0.02,0.01,74279.28,1776278563000
1776278565.374,165.374,0.51,0.53,0.47,0.49,0.02,0.02,74278.62,1776278564000
1776278565.812,165.812,0.51,0.52,0.48,0.49,0.01,0.01,74278.62,1776278564000
1776278566.614,166.614,0.51,0.52,0.48,0.49,0.01,0.01,74278.62,1776278565000
1776278567.318,167.318,0.51,0.52,0.48,0.49,0.01,0.01,74278.62,1776278565000
1776278567.743,167.743,0.51,0.52,0.48,0.49,0.01,0.01,74278.62,1776278566000
1776278568.207,168.207,0.51,0.52,0.48,0.49,0.01,0.01,74278.62,1776278566000
1776278568.59,168.59,0.5,0.51,0.49,0.5,0.01,0.01,74278.27,1776278567000
1776278569.026,169.026,0.49,0.5,0.5,0.51,0.01,0.01,74278.27,1776278567000
1776278569.36,169.36,0.49,0.5,0.5,0.51,0.01,0.01,74278.24,1776278568000
1776278570.379,170.379,0.49,0.5,0.5,0.51,0.01,0.01,74277.95,1776278569000
1776278570.827,170.827,0.46,0.47,0.53,0.54,0.01,0.01,74277.95,1776278569000
1776278571.178,171.178,0.46,0.47,0.53,0.54,0.01,0.01,74277.95,1776278570000
1776278571.513,171.513,0.45,0.46,0.54,0.55,0.01,0.01,74277.95,1776278570000
1776278571.975,171.975,0.44,0.45,0.55,0.56,0.01,0.01,74277.95,1776278570000
1776278572.318,172.318,0.45,0.46,0.54,0.55,0.01,0.01,74277.95,1776278570000
1776278573.197,173.197,0.45,0.46,0.54,0.55,0.01,0.01,74277.61,1776278571000
1776278573.756,173.756,0.45,0.46,0.54,0.55,0.01,0.01,74277.61,1776278571000
1776278574.226,174.226,0.45,0.46,0.54,0.55,0.01,0.01,74272.83,1776278573000
1776278574.68,174.68,0.45,0.46,0.54,0.55,0.01,0.01,74272.83,1776278573000
1776278575.149,175.149,0.45,0.46,0.54,0.55,0.01,0.01,74272.83,1776278573000
1776278575.759,175.759,0.45,0.46,0.54,0.55,0.01,0.01,74273.05,1776278574000
1776278576.283,176.283,0.45,0.46,0.54,0.55,0.01,0.01,74273.05,1776278574000
1776278577.071,177.071,0.45,0.46,0.54,0.55,0.01,0.01,74273.05,1776278576000
1776278577.486,177.486,0.45,0.46,0.54,0.55,0.01,0.01,74273.05,1776278576000
1776278577.82,177.82,0.45,0.46,0.54,0.55,0.01,0.01,74273.05,1776278576000
1776278578.259,178.259,0.45,0.46,0.54,0.55,0.01,0.01,74273.05,1776278576000
1776278579.033,179.033,0.45,0.46,0.54,0.55,0.01,0.01,74273.5,1776278578000
1776278579.6,179.6,0.46,0.47,0.53,0.55,0.01,0.02,74273.5,1776278578000
1776278580.131,180.131,0.46,0.47,0.53,0.55,0.01,0.02,74273.5,1776278578000
1776278580.489,180.489,0.47,0.49,0.52,0.54,0.02,0.02,74273.5,1776278579000
1776278580.868,180.868,0.5,0.51,0.49,0.5,0.01,0.01,74273.5,1776278579000
1776278581.213,181.213,0.5,0.51,0.49,0.5,0.01,0.01,74273.5,1776278579000
1776278581.652,181.652,0.5,0.51,0.49,0.5,0.01,0.01,74273.65,1776278580000
1776278582.095,182.095,0.54,0.55,0.45,0.46,0.01,0.01,74273.65,1776278580000
1776278582.493,182.493,0.54,0.56,0.44,0.46,0.02,0.02,74273.65,1776278580000
1776278582.858,182.858,0.55,0.57,0.43,0.45,0.02,0.02,74274.84,1776278581000
1776278583.2,183.2,0.55,0.56,0.44,0.45,0.01,0.01,74279.56,1776278582000
1776278583.537,183.537,0.55,0.56,0.44,0.45,0.01,0.01,74279.56,1776278582000
1776278583.969,183.969,0.55,0.56,0.44,0.45,0.01,0.01,74279.56,1776278582000
1776278584.42,184.42,0.55,0.56,0.44,0.45,0.01,0.01,74287.34,1776278583000
1776278584.856,184.856,0.55,0.56,0.44,0.45,0.01,0.01,74287.34,1776278583000
1776278585.254,185.254,0.55,0.56,0.44,0.45,0.01,0.01,74286.54,1776278584000
1776278585.747,185.747,0.55,0.56,0.44,0.45,0.01,0.01,74286.54,1776278584000
1776278586.085,186.085,0.55,0.56,0.44,0.45,0.01,0.01,74286.54,1776278584000
1776278586.468,186.468,0.55,0.56,0.44,0.45,0.01,0.01,74285.81,1776278585000
1776278586.927,186.927,0.55,0.56,0.44,0.45,0.01,0.01,74285.81,1776278585000
1776278587.329,187.329,0.55,0.56,0.44,0.45,0.01,0.01,74286.09,1776278586000
1776278587.829,187.829,0.55,0.56,0.44,0.45,0.01,0.01,74286.09,1776278586000
1776278588.352,188.352,0.55,0.56,0.44,0.45,0.01,0.01,74286.34,1776278587000
1776278588.716,188.716,0.55,0.56,0.44,0.45,0.01,0.01,74286.34,1776278587000
1776278589.106,189.106,0.56,0.57,0.43,0.44,0.01,0.01,74286.34,1776278587000
1776278589.474,189.474,0.56,0.57,0.43,0.44,0.01,0.01,74286.34,1776278588000
1776278589.997,189.997,0.56,0.57,0.43,0.44,0.01,0.01,74286.33,1776278589000
1776278590.475,190.475,0.56,0.57,0.43,0.44,0.01,0.01,74286.33,1776278589000
1776278591.429,191.429,0.57,0.58,0.42,0.44,0.01,0.02,74286.33,1776278589000
1776278591.786,191.786,0.59,0.62,0.38,0.41,0.03,0.03,74286.34,1776278590000
1776278592.298,192.298,0.61,0.62,0.38,0.41,0.01,0.03,74287.04,1776278591000
1776278592.68,192.68,0.62,0.63,0.36,0.38,0.01,0.02,74287.04,1776278591000
1776278593.305,193.305,0.63,0.64,0.36,0.38,0.01,0.02,74287.04,1776278591000
1776278593.645,193.645,0.64,0.67,0.35,0.37,0.03,0.02,74287.04,1776278591000
1776278594.031,194.031,0.68,0.7,0.3,0.32,0.02,0.02,74287.04,1776278591000
1776278594.446,194.446,0.71,0.72,0.27,0.29,0.01,0.02,74290.46,1776278592000
1776278594.798,194.798,0.74,0.75,0.25,0.26,0.01,0.01,74290.46,1776278592000
1776278595.204,195.204,0.74,0.75,0.25,0.26,0.01,0.01,74291.26,1776278593000
1776278595.549,195.549,0.74,0.75,0.25,0.26,0.01,0.01,74291.26,1776278593000
1776278595.883,195.883,0.74,0.75,0.25,0.26,0.01,0.01,74295.69,1776278594000
1776278596.246,196.246,0.74,0.75,0.25,0.26,0.01,0.01,74295.69,1776278594000
1776278596.583,196.583,0.74,0.75,0.25,0.26,0.01,0.01,74301.81,1776278595000
1776278597.008,197.008,0.73,0.74,0.25,0.27,0.01,0.02,74301.81,1776278595000
1776278597.346,197.346,0.66,0.67,0.33,0.34,0.01,0.01,74303.12,1776278596000
1776278597.71,197.71,0.67,0.7,0.3,0.33,0.03,0.03,74303.12,1776278596000
1776278598.054,198.054,0.69,0.7,0.3,0.31,0.01,0.01,74303.12,1776278596000
1776278598.408,198.408,0.67,0.68,0.3,0.31,0.01,0.01,74303.12,1776278596000
1776278598.773,198.773,0.69,0.7,0.3,0.31,0.01,0.01,74301.25,1776278597000
1776278599.109,199.109,0.69,0.7,0.3,0.31,0.01,0.01,74301.25,1776278597000
1776278599.459,199.459,0.69,0.7,0.3,0.31,0.01,0.01,74301.25,1776278597000
1776278599.797,199.797,0.69,0.7,0.3,0.31,0.01,0.01,74297.14,1776278598000
1776278600.173,200.173,0.69,0.7,0.3,0.31,0.01,0.01,74297.14,1776278598000
1776278600.769,200.769,0.69,0.7,0.3,0.31,0.01,0.01,74296.85,1776278599000
1776278601.112,201.112,0.68,0.69,0.3,0.32,0.01,0.02,74296.85,1776278599000
1776278601.476,201.476,0.68,0.69,0.31,0.32,0.01,0.01,74296.85,1776278599000
1776278601.833,201.833,0.68,0.69,0.31,0.32,0.01,0.01,74296.49,1776278600000
1776278602.205,202.205,0.7,0.71,0.29,0.3,0.01,0.01,74296.49,1776278600000
1776278602.586,202.586,0.71,0.72,0.28,0.29,0.01,0.01,74296.49,1776278600000
1776278602.919,202.919,0.71,0.72,0.28,0.29,0.01,0.01,74296.53,1776278601000
1776278603.255,203.255,0.7,0.72,0.28,0.29,0.02,0.01,74296.53,1776278601000
1776278603.711,203.711,0.7,0.71,0.29,0.3,0.01,0.01,74295.86,1776278602000
1776278604.124,204.124,0.7,0.71,0.29,0.3,0.01,0.01,74295.86,1776278602000
1776278604.477,204.477,0.7,0.71,0.29,0.3,0.01,0.01,74296.63,1776278603000
1776278604.844,204.844,0.7,0.71,0.29,0.3,0.01,0.01,74296.63,1776278603000
1776278605.264,205.264,0.7,0.71,0.29,0.3,0.01,0.01,74296.63,1776278603000
1776278605.68,205.68,0.71,0.72,0.27,0.29,0.01,0.02,74296.63,1776278603000
1776278606.09,206.09,0.71,0.72,0.28,0.29,0.01,0.01,74298.21,1776278604000
1776278606.449,206.449,0.71,0.72,0.28,0.29,0.01,0.01,74298.21,1776278604000
1776278606.99,206.99,0.71,0.72,0.28,0.29,0.01,0.01,74298.21,1776278605000
1776278607.37,207.37,0.71,0.72,0.28,0.29,0.01,0.01,74298.21,1776278605000
1776278607.703,207.703,0.71,0.72,0.28,0.29,0.01,0.01,74298.22,1776278606000
1776278608.482,208.482,0.71,0.72,0.28,0.29,0.01,0.01,74298.22,1776278606000
1776278608.832,208.832,0.71,0.72,0.28,0.29,0.01,0.01,74298.22,1776278606000
1776278609.18,209.18,0.71,0.72,0.28,0.29,0.01,0.01,74298.69,1776278608000
1776278609.532,209.532,0.71,0.72,0.28,0.29,0.01,0.01,74298.69,1776278608000
1776278609.91,209.91,0.71,0.72,0.28,0.29,0.01,0.01,74298.69,1776278608000
1776278610.37,210.37,0.71,0.72,0.28,0.29,0.01,0.01,74298.61,1776278609000
1776278610.837,210.837,0.71,0.72,0.28,0.29,0.01,0.01,74298.61,1776278609000
1776278611.177,211.177,0.71,0.72,0.28,0.29,0.01,0.01,74298.69,1776278610000
1776278611.536,211.536,0.71,0.72,0.28,0.29,0.01,0.01,74298.69,1776278610000
1776278611.89,211.89,0.7,0.72,0.28,0.3,0.02,0.02,74298.69,1776278610000
1776278612.239,212.239,0.7,0.71,0.29,0.3,0.01,0.01,74298.67,1776278611000
1776278612.596,212.596,0.7,0.71,0.29,0.3,0.01,0.01,74298.67,1776278611000
1776278612.957,212.957,0.7,0.71,0.29,0.3,0.01,0.01,74298.67,1776278611000
1776278613.397,213.397,0.69,0.7,0.3,0.31,0.01,0.01,74298.69,1776278612000
1776278613.755,213.755,0.69,0.7,0.3,0.31,0.01,0.01,74298.69,1776278612000
1776278614.164,214.164,0.69,0.7,0.3,0.31,0.01,0.01,74298.69,1776278612000
1776278614.562,214.562,0.69,0.7,0.3,0.31,0.01,0.01,74297.82,1776278613000
1776278614.987,214.987,0.69,0.71,0.29,0.31,0.02,0.02,74297.82,1776278614000
1776278615.477,215.477,0.7,0.71,0.29,0.3,0.01,0.01,74297.82,1776278614000
1776278615.902,215.902,0.7,0.71,0.29,0.3,0.01,0.01,74297.82,1776278614000
1776278616.247,216.247,0.7,0.71,0.29,0.3,0.01,0.01,74297.65,1776278615000
1776278616.585,216.585,0.69,0.7,0.3,0.31,0.01,0.01,74297.65,1776278615000
1776278617.062,217.062,0.69,0.7,0.3,0.31,0.01,0.01,74297.65,1776278615000
1776278617.4,217.4,0.69,0.7,0.3,0.31,0.01,0.01,74297.25,1776278616000
1776278617.803,217.803,0.69,0.7,0.3,0.31,0.01,0.01,74297.25,1776278616000
1776278618.363,218.363,0.69,0.7,0.3,0.31,0.01,0.01,74296.35,1776278617000
1776278618.798,218.798,0.69,0.7,0.3,0.31,0.01,0.01,74296.35,1776278617000
1776278619.311,219.311,0.69,0.7,0.3,0.31,0.01,0.01,74296.35,1776278617000
1776278619.664,219.664,0.69,0.7,0.3,0.31,0.01,0.01,74294.78,1776278618000
1776278620.06,220.06,0.69,0.7,0.3,0.31,0.01,0.01,74294.38,1776278619000
1776278620.64,220.64,0.69,0.7,0.3,0.31,0.01,0.01,74294.38,1776278619000
1776278621.084,221.084,0.69,0.7,0.3,0.31,0.01,0.01,74294.38,1776278619000
1776278621.443,221.443,0.69,0.7,0.3,0.31,0.01,0.01,74294.38,1776278620000
1776278621.807,221.807,0.68,0.69,0.31,0.32,0.01,0.01,74294.38,1776278620000
1776278622.246,222.246,0.68,0.69,0.31,0.32,0.01,0.01,74294.28,1776278621000
1776278622.642,222.642,0.68,0.69,0.31,0.32,0.01,0.01,74294.28,1776278621000
1776278623.774,223.774,0.68,0.69,0.31,0.32,0.01,0.01,74294.27,1776278622000
1776278624.156,224.156,0.68,0.69,0.31,0.32,0.01,0.01,74294.27,1776278622000
1776278624.579,224.579,0.68,0.69,0.31,0.32,0.01,0.01,74292.51,1776278623000
1776278624.915,224.915,0.68,0.69,0.31,0.32,0.01,0.01,74292.51,1776278623000
1776278625.34,225.34,0.68,0.69,0.31,0.32,0.01,0.01,74292.51,1776278623000
1776278626.093,226.093,0.68,0.69,0.31,0.32,0.01,0.01,74292.76,1776278624000
1776278626.509,226.509,0.68,0.69,0.31,0.32,0.01,0.01,74292.32,1776278625000
1776278626.946,226.946,0.68,0.69,0.31,0.32,0.01,0.01,74292.32,1776278626000
1776278627.385,227.385,0.68,0.7,0.31,0.32,0.02,0.01,74292.32,1776278626000
1776278627.882,227.882,0.69,0.7,0.3,0.31,0.01,0.01,74292.32,1776278626000
1776278628.525,228.525,0.69,0.7,0.3,0.31,0.01,0.01,74292.7,1776278627000
1776278628.953,228.953,0.69,0.7,0.3,0.31,0.01,0.01,74292.7,1776278627000
1776278629.292,229.292,0.69,0.7,0.3,0.31,0.01,0.01,74292.7,1776278628000
1776278629.627,229.627,0.69,0.7,0.3,0.31,0.01,0.01,74292.7,1776278628000
1776278630.04,230.04,0.69,0.7,0.3,0.31,0.01,0.01,74292.7,1776278628000
1776278630.448,230.448,0.69,0.7,0.3,0.31,0.01,0.01,74293.69,1776278629000
1776278631.099,231.099,0.69,0.7,0.3,0.31,0.01,0.01,74294.96,1776278630000
1776278631.457,231.457,0.7,0.71,0.3,0.31,0.01,0.01,74294.96,1776278630000
1776278631.853,231.853,0.7,0.71,0.29,0.3,0.01,0.01,74294.96,1776278630000
1776278632.527,232.527,0.7,0.72,0.29,0.3,0.02,0.01,74296.37,1776278631000
1776278633.189,233.189,0.7,0.71,0.29,0.3,0.01,0.01,74294.92,1776278632000
1776278633.692,233.692,0.71,0.72,0.29,0.3,0.01,0.01,74294.92,1776278632000
1776278634.249,234.249,0.71,0.72,0.28,0.29,0.01,0.01,74294.92,1776278632000
1776278634.939,234.939,0.71,0.72,0.28,0.29,0.01,0.01,74294.12,1776278633000
1776278635.341,235.341,0.71,0.72,0.28,0.29,0.01,0.01,74294.41,1776278634000
1776278635.857,235.857,0.72,0.73,0.27,0.29,0.01,0.02,74294.41,1776278634000
1776278636.215,236.215,0.73,0.75,0.25,0.27,0.02,0.02,74294.41,1776278634000
1776278636.59,236.59,0.75,0.77,0.23,0.26,0.02,0.03,74294.93,1776278635000
1776278636.928,236.928,0.81,0.85,0.15,0.19,0.04,0.04,74294.93,1776278635000
1776278637.308,237.308,0.81,0.88,0.13,0.19,0.07,0.06,74294.93,1776278635000
1776278637.647,237.647,0.8,0.82,0.12,0.19,0.02,0.07,74294.93,1776278636000
1776278638.006,238.006,0.82,0.87,0.13,0.18,0.05,0.05,74301.89,1776278637000
1776278638.366,238.366,0.85,0.87,0.13,0.15,0.02,0.02,74301.89,1776278637000
1776278638.701,238.701,0.86,0.87,0.13,0.14,0.01,0.01,74301.89,1776278637000
1776278639.057,239.057,0.86,0.87,0.13,0.14,0.01,0.01,74307.1,1776278638000
1776278639.428,239.428,0.87,0.88,0.11,0.13,0.01,0.02,74307.1,1776278638000
1776278639.788,239.788,0.87,0.88,0.12,0.13,0.01,0.01,74307.1,1776278638000
1776278640.174,240.174,0.87,0.88,0.12,0.13,0.01,0.01,74311.63,1776278639000
1776278640.516,240.516,0.88,0.9,0.1,0.12,0.02,0.02,74311.63,1776278639000
1776278640.912,240.912,0.89,0.91,0.1,0.11,0.02,0.01,74311.63,1776278639000
1776278641.246,241.246,0.91,0.92,0.08,0.1,0.01,0.02,74311.63,1776278639000
1776278641.608,241.608,0.91,0.92,0.08,0.09,0.01,0.01,74314.85,1776278640000
1776278641.949,241.949,0.94,0.95,0.05,0.08,0.01,0.03,74314.85,1776278640000
1776278642.301,242.301,0.94,0.95,0.05,0.06,0.01,0.01,74314.85,1776278640000
1776278642.646,242.646,0.94,0.95,0.05,0.06,0.01,0.01,74314.96,1776278641000
1776278643.027,243.027,0.94,0.95,0.05,0.06,0.01,0.01,74314.96,1776278641000
1776278643.461,243.461,0.94,0.95,0.05,0.06,0.01,0.01,74322.57,1776278642000
1776278643.798,243.798,0.94,0.95,0.05,0.06,0.01,0.01,74322.57,1776278642000
1776278644.147,244.147,0.94,0.95,0.05,0.06,0.01,0.01,74326.89,1776278643000
1776278644.506,244.506,0.94,0.95,0.05,0.06,0.01,0.01,74326.89,1776278643000
1776278644.879,244.879,0.94,0.95,0.05,0.06,0.01,0.01,74326.89,1776278643000
1776278645.215,245.215,0.94,0.95,0.05,0.06,0.01,0.01,74327.32,1776278644000
1776278645.55,245.55,0.95,0.96,0.04,0.05,0.01,0.01,74327.32,1776278644000
1776278645.986,245.986,0.95,0.96,0.04,0.05,0.01,0.01,74327.32,1776278644000
1776278646.32,246.32,0.96,0.97,0.03,0.04,0.01,0.01,74327.67,1776278645000
1776278646.709,246.709,0.96,0.97,0.03,0.04,0.01,0.01,74327.67,1776278645000
1776278647.048,247.048,0.96,0.97,0.03,0.04,0.01,0.01,74327.67,1776278645000
1776278647.441,247.441,0.96,0.97,0.03,0.04,0.01,0.01,74328.12,1776278646000
1776278647.849,247.849,0.96,0.97,0.03,0.04,0.01,0.01,74328.12,1776278646000
1776278648.402,248.402,0.96,0.97,0.03,0.04,0.01,0.01,74328.16,1776278647000
1776278648.795,248.795,0.96,0.97,0.03,0.04,0.01,0.01,74328.16,1776278647000
1776278649.207,249.207,0.96,0.97,0.03,0.04,0.01,0.01,74328.17,1776278648000
1776278649.575,249.575,0.96,0.97,0.03,0.04,0.01,0.01,74328.17,1776278648000
1776278649.996,249.996,0.96,0.97,0.03,0.04,0.01,0.01,74328.17,1776278648000
1776278650.351,250.351,0.96,0.97,0.03,0.04,0.01,0.01,74328.19,1776278649000
1776278650.87,250.87,0.96,0.97,0.03,0.04,0.01,0.01,74328.19,1776278649000
1776278651.215,251.215,0.96,0.97,0.03,0.04,0.01,0.01,74328.19,1776278649000
1776278651.557,251.557,0.96,0.97,0.03,0.04,0.01,0.01,74328.21,1776278650000
1776278651.944,251.944,0.96,0.97,0.03,0.04,0.01,0.01,74327.94,1776278651000
1776278652.33,252.33,0.96,0.97,0.03,0.04,0.01,0.01,74327.94,1776278651000
1776278652.736,252.736,0.96,0.97,0.03,0.04,0.01,0.01,74327.94,1776278651000
1776278653.093,253.093,0.97,0.98,0.02,0.03,0.01,0.01,74327.94,1776278651000
1776278653.468,253.468,0.97,0.98,0.02,0.03,0.01,0.01,74327.91,1776278652000
1776278653.835,253.835,0.97,0.98,0.02,0.03,0.01,0.01,74327.91,1776278652000
1776278654.182,254.182,0.97,0.98,0.02,0.03,0.01,0.01,74328.38,1776278653000
1776278654.549,254.549,0.97,0.98,0.02,0.03,0.01,0.01,74328.38,1776278653000
1776278654.949,254.949,0.96,0.98,0.02,0.03,0.02,0.01,74328.38,1776278653000
1776278655.3,255.3,0.97,0.98,0.02,0.03,0.01,0.01,74328.54,1776278654000
1776278655.803,255.803,0.97,0.98,0.02,0.03,0.01,0.01,74328.54,1776278654000
1776278656.198,256.198,0.97,0.98,0.02,0.03,0.01,0.01,74329.44,1776278655000
1776278656.588,256.588,0.97,0.98,0.02,0.03,0.01,0.01,74329.44,1776278655000
1776278656.98,256.98,0.97,0.98,0.02,0.03,0.01,0.01,74328.4,1776278656000
1776278657.368,257.368,0.97,0.98,0.02,0.03,0.01,0.01,74328.4,1776278656000
1776278657.808,257.808,0.97,0.98,0.02,0.03,0.01,0.01,74328.4,1776278656000
1776278658.235,258.235,0.97,0.98,0.02,0.03,0.01,0.01,74328.38,1776278657000
1776278658.708,258.708,0.97,0.98,0.02,0.03,0.01,0.01,74328.38,1776278657000
1776278659.228,259.228,0.97,0.98,0.02,0.03,0.01,0.01,74328.38,1776278658000
1776278659.6,259.6,0.97,0.98,0.02,0.03,0.01,0.01,74328.38,1776278658000
1776278659.974,259.974,0.97,0.98,0.02,0.03,0.01,0.01,74328.41,1776278659000
1776278660.316,260.316,0.97,0.98,0.02,0.03,0.01,0.01,74328.41,1776278659000
1776278660.794,260.794,0.97,0.98,0.02,0.03,0.01,0.01,74328.41,1776278659000
1776278661.22,261.22,0.97,0.98,0.02,0.03,0.01,0.01,74328.39,1776278660000
1776278661.843,261.843,0.97,0.98,0.02,0.03,0.01,0.01,74328.39,1776278661000
1776278662.315,262.315,0.97,0.98,0.02,0.03,0.01,0.01,74328.39,1776278661000
1776278662.771,262.771,0.97,0.98,0.02,0.03,0.01,0.01,74328.39,1776278661000
1776278663.151,263.151,0.97,0.98,0.02,0.03,0.01,0.01,74328.39,1776278661000
1776278663.492,263.492,0.97,0.98,0.02,0.03,0.01,0.01,74328.41,1776278662000
1776278663.857,263.857,0.97,0.98,0.02,0.03,0.01,0.01,74328.41,1776278662000
1776278664.215,264.215,0.97,0.98,0.02,0.03,0.01,0.01,74328.39,1776278663000
1776278664.628,264.628,0.96,0.97,0.03,0.04,0.01,0.01,74328.39,1776278663000
1776278665.071,265.071,0.96,0.97,0.03,0.04,0.01,0.01,74328.39,1776278663000
1776278665.45,265.45,0.96,0.97,0.03,0.04,0.01,0.01,74327.15,1776278664000
1776278665.987,265.987,0.96,0.97,0.03,0.04,0.01,0.01,74327.15,1776278664000
1776278666.349,266.349,0.96,0.97,0.03,0.04,0.01,0.01,74324.93,1776278665000
1776278666.758,266.758,0.96,0.97,0.03,0.04,0.01,0.01,74324.93,1776278665000
1776278667.167,267.167,0.96,0.97,0.03,0.04,0.01,0.01,74324.93,1776278665000
1776278667.591,267.591,0.96,0.97,0.03,0.04,0.01,0.01,74325.16,1776278666000
1776278667.931,267.931,0.97,0.98,0.02,0.03,0.01,0.01,74325.16,1776278667000
1776278668.296,268.296,0.97,0.99,0.02,0.03,0.02,0.01,74325.16,1776278667000
1776278668.668,268.668,0.98,0.99,0.01,0.02,0.01,0.01,74325.16,1776278667000
1776278669.035,269.035,0.98,0.99,0.01,0.02,0.01,0.01,74324.88,1776278668000
1776278669.453,269.453,0.98,0.99,0.01,0.02,0.01,0.01,74324.88,1776278668000
1776278669.83,269.83,0.98,0.99,0.01,0.02,0.01,0.01,74325.26,1776278669000
1776278670.196,270.196,0.98,0.99,0.01,0.02,0.01,0.01,74325.26,1776278669000
1776278670.541,270.541,0.98,0.99,0.01,0.02,0.01,0.01,74325.26,1776278669000
1776278670.887,270.887,0.98,0.99,0.01,0.02,0.01,0.01,74325.32,1776278670000
1776278671.235,271.235,0.98,0.99,0.01,0.02,0.01,0.01,74325.32,1776278670000
1776278671.72,271.72,0.98,0.99,0.01,0.02,0.01,0.01,74325.32,1776278670000
1776278672.067,272.067,0.98,0.99,0.01,0.02,0.01,0.01,74325.72,1776278671000
1776278672.405,272.405,0.98,0.99,0.01,0.02,0.01,0.01,74325.72,1776278671000
1776278672.935,272.935,0.98,0.99,0.01,0.02,0.01,0.01,74325.72,1776278671000
1776278673.286,273.286,0.98,0.99,0.01,0.02,0.01,0.01,74325.75,1776278672000
1776278673.731,273.731,0.98,0.99,0.01,0.02,0.01,0.01,74325.75,1776278672000
1776278674.064,274.064,0.98,0.99,0.01,0.02,0.01,0.01,74325.75,1776278672000
1776278674.4,274.4,0.98,0.99,0.01,0.02,0.01,0.01,74325.77,1776278673000
1776278674.737,274.737,0.98,0.99,0.01,0.02,0.01,0.01,74325.77,1776278673000
1776278675.216,275.216,0.98,0.99,0.01,0.02,0.01,0.01,74325.77,1776278673000
1776278675.633,275.633,0.98,0.99,0.01,0.02,0.01,0.01,74325.74,1776278674000
1776278676.143,276.143,0.98,0.99,0.01,0.02,0.01,0.01,74325.74,1776278674000
1776278676.622,276.622,0.98,0.99,0.01,0.02,0.01,0.01,74325.82,1776278675000
1776278677.094,277.094,0.98,0.99,0.01,0.02,0.01,0.01,74325.82,1776278676000
1776278677.449,277.449,0.98,0.99,0.01,0.02,0.01,0.01,74325.82,1776278676000
1776278677.968,277.968,0.98,0.99,0.01,0.02,0.01,0.01,74325.82,1776278676000
1776278678.43,278.43,0.98,0.99,0.01,0.02,0.01,0.01,74325.84,1776278677000
1776278678.771,278.771,0.98,0.99,0.01,0.02,0.01,0.01,74325.84,1776278677000
1776278679.155,279.155,0.98,0.99,0.01,0.02,0.01,0.01,74325.84,1776278677000
1776278679.521,279.521,0.98,0.99,0.01,0.02,0.01,0.01,74325.72,1776278678000
1776278679.951,279.951,0.98,0.99,0.01,0.02,0.01,0.01,74325.83,1776278679000
1776278680.291,280.291,0.98,0.99,0.01,0.02,0.01,0.01,74325.83,1776278679000
1776278680.69,280.69,0.98,0.99,0.01,0.02,0.01,0.01,74325.83,1776278679000
1776278681.028,281.028,0.98,0.99,0.01,0.02,0.01,0.01,74325.77,1776278680000
1776278681.397,281.397,0.98,0.99,0.01,0.02,0.01,0.01,74325.77,1776278680000
1776278681.927,281.927,0.99,0.99,0.01,0.02,0.0,0.01,74325.77,1776278680000
1776278682.569,282.569,0.99,0.99,0.01,0.01,0.0,0.0,74325.03,1776278681000
1776278683.194,283.194,0.99,0.99,0.01,0.01,0.0,0.0,74324.27,1776278682000
1776278683.581,283.581,0.99,0.99,0.01,0.01,0.0,0.0,74324.27,1776278682000
1776278684.284,284.284,0.99,0.99,0.01,0.01,0.0,0.0,74325.68,1776278683000
1776278685.062,285.062,0.99,0.99,0.01,0.01,0.0,0.0,74325.68,1776278683000
1776278685.46,285.46,0.99,0.99,0.01,0.01,0.0,0.0,74325.68,1776278684000
1776278686.04,286.04,0.99,0.99,0.01,0.01,0.0,0.0,74325.68,1776278684000
1776278686.419,286.419,0.99,0.99,0.01,0.01,0.0,0.0,74325.63,1776278685000
1776278686.926,286.926,0.99,0.99,0.01,0.01,0.0,0.0,74325.63,1776278685000
1776278687.58,287.58,0.99,0.99,0.01,0.01,0.0,0.0,74325.66,1776278686000
1776278688.078,288.078,0.99,0.99,0.01,0.01,0.0,0.0,74324.94,1776278687000
1776278688.699,288.699,0.99,0.99,0.01,0.01,0.0,0.0,74324.94,1776278687000
1776278689.168,289.168,0.99,0.99,0.01,0.01,0.0,0.0,74323.89,1776278688000
1776278690.259,290.259,0.99,0.99,0.01,0.01,0.0,0.0,74323.89,1776278689000
1776278691.051,291.051,0.99,0.99,0.01,0.01,0.0,0.0,74324.33,1776278690000
1776278692.15,292.15,0.99,0.99,0.01,0.01,0.0,0.0,74324.34,1776278691000
1776278693.125,293.125,0.99,0.99,0.01,0.01,0.0,0.0,74324.39,1776278692000
1776278693.468,293.468,0.99,0.99,0.01,0.01,0.0,0.0,74324.39,1776278692000
1776278693.834,293.834,0.99,0.99,0.01,0.01,0.0,0.0,74324.39,1776278692000
1776278695.101,295.101,0.99,0.99,0.01,0.01,0.0,0.0,74324.42,1776278694000
1776278695.541,295.541,0.99,0.99,0.01,0.01,0.0,0.0,74324.42,1776278694000
1776278696.092,296.092,0.99,0.99,0.01,0.01,0.0,0.0,74324.43,1776278695000
1776278697.077,297.077,0.99,0.99,0.01,0.01,0.0,0.0,74324.88,1776278696000
1776278697.466,297.466,0.99,0.99,0.01,0.01,0.0,0.0,74324.88,1776278696000
1776278698.13,298.13,0.99,0.99,0.01,0.01,0.0,0.0,74325.28,1776278697000
1776278699.089,299.089,0.99,0.99,0.01,0.01,0.0,0.0,74325.23,1776278698000
1776278700.11,300.11,0.99,0.99,0.01,0.01,0.0,0.0,74325.24,1776278699000

# RESULT,winner=Up,slug=btc-updown-5m-1776278400,ticks=667
