timestamp,elapsed_sec,up_bid,up_ask,down_bid,down_ask,up_spread,down_spread,btc_price,btc_oracle_ts
1776825000.526,0.526,0.46,0.47,0.53,0.54,0.01,0.01,77235.97,1776824999000
1776825000.928,0.928,0.46,0.47,0.53,0.54,0.01,0.01,77235.97,1776824999000
1776825001.262,1.262,0.46,0.48,0.52,0.54,0.02,0.02,77235.97,1776824999000
1776825001.599,1.599,0.46,0.5,0.5,0.51,0.04,0.01,77243.4,1776825000000
1776825001.935,1.935,0.55,0.61,0.39,0.45,0.06,0.06,77243.4,1776825000000
1776825002.41,2.41,0.6,0.61,0.39,0.4,0.01,0.01,77254.66,1776825001000
1776825002.745,2.745,0.62,0.63,0.37,0.4,0.01,0.03,77254.66,1776825001000
1776825003.215,3.215,0.64,0.69,0.31,0.37,0.05,0.06,77264.33,1776825002000
1776825003.562,3.562,0.68,0.69,0.31,0.33,0.01,0.02,77264.33,1776825002000
1776825003.943,3.943,0.67,0.68,0.32,0.33,0.01,0.01,77264.33,1776825002000
1776825004.277,4.277,0.67,0.69,0.31,0.33,0.02,0.02,77264.33,1776825002000
1776825004.958,4.958,0.68,0.69,0.31,0.32,0.01,0.01,77301.37,1776825003000
1776825005.627,5.627,0.68,0.69,0.31,0.32,0.01,0.01,77324.9,1776825004000
1776825005.984,5.984,0.68,0.69,0.31,0.32,0.01,0.01,77324.9,1776825004000
1776825006.37,6.37,0.69,0.7,0.3,0.31,0.01,0.01,77324.9,1776825004000
1776825006.798,6.798,0.62,0.66,0.33,0.37,0.04,0.04,77324.9,1776825004000
1776825007.156,7.156,0.58,0.65,0.35,0.39,0.07,0.04,77324.9,1776825004000
1776825007.502,7.502,0.58,0.65,0.35,0.42,0.07,0.07,77308.33,1776825005000
1776825007.874,7.874,0.58,0.63,0.37,0.42,0.05,0.05,77301.06,1776825006000
1776825008.207,8.207,0.62,0.65,0.35,0.42,0.03,0.07,77301.06,1776825006000
1776825008.541,8.541,0.64,0.66,0.34,0.36,0.02,0.02,77301.06,1776825006000
1776825008.874,8.874,0.65,0.66,0.34,0.35,0.01,0.01,77301.06,1776825006000
1776825009.242,9.242,0.65,0.66,0.34,0.35,0.01,0.01,77301.06,1776825006000
1776825009.606,9.606,0.65,0.66,0.34,0.35,0.01,0.01,77301.04,1776825007000
1776825009.958,9.958,0.65,0.66,0.34,0.35,0.01,0.01,77324.17,1776825008000
1776825010.329,10.329,0.65,0.66,0.34,0.35,0.01,0.01,77324.17,1776825008000
1776825010.671,10.671,0.65,0.66,0.34,0.35,0.01,0.01,77324.17,1776825008000
1776825011.012,11.012,0.65,0.66,0.34,0.35,0.01,0.01,77327.34,1776825009000
1776825011.457,11.457,0.65,0.67,0.34,0.35,0.02,0.01,77327.34,1776825009000
1776825012.384,12.384,0.66,0.67,0.33,0.34,0.01,0.01,77330.39,1776825010000
1776825013.357,13.357,0.66,0.67,0.33,0.34,0.01,0.01,77330.39,1776825010000
1776825014.011,14.011,0.66,0.67,0.33,0.34,0.01,0.01,77330.39,1776825010000
1776825014.36,14.36,0.66,0.67,0.33,0.34,0.01,0.01,77326.87,1776825011000
1776825014.778,14.778,0.66,0.67,0.33,0.34,0.01,0.01,77326.75,1776825012000
1776825015.16,15.16,0.67,0.7,0.31,0.34,0.03,0.03,77326.75,1776825012000
1776825015.625,15.625,0.67,0.7,0.3,0.33,0.03,0.03,77326.75,1776825012000
1776825016.066,16.066,0.72,0.75,0.25,0.28,0.03,0.03,77326.75,1776825012000
1776825016.418,16.418,0.66,0.69,0.33,0.34,0.03,0.01,77328.45,1776825013000
1776825016.758,16.758,0.72,0.73,0.31,0.32,0.01,0.01,77328.45,1776825013000
1776825017.317,17.317,0.71,0.72,0.28,0.3,0.01,0.02,77338.25,1776825014000
1776825017.7,17.7,0.69,0.71,0.3,0.31,0.02,0.01,77338.25,1776825014000
1776825018.089,18.089,0.7,0.71,0.29,0.3,0.01,0.01,77338.25,1776825014000
1776825018.515,18.515,0.7,0.71,0.29,0.3,0.01,0.01,77336.2,1776825015000
1776825018.947,18.947,0.73,0.74,0.26,0.28,0.01,0.02,77336.2,1776825015000
1776825019.441,19.441,0.73,0.74,0.26,0.27,0.01,0.01,77340.09,1776825016000
1776825019.83,19.83,0.74,0.75,0.25,0.26,0.01,0.01,77340.09,1776825016000
1776825020.357,20.357,0.74,0.75,0.25,0.26,0.01,0.01,77340.09,1776825016000
1776825020.741,20.741,0.74,0.75,0.25,0.26,0.01,0.01,77340.71,1776825017000
1776825021.089,21.089,0.74,0.75,0.25,0.26,0.01,0.01,77340.71,1776825017000
1776825021.809,21.809,0.74,0.76,0.25,0.26,0.02,0.01,77340.71,1776825017000
1776825022.899,22.899,0.74,0.75,0.24,0.25,0.01,0.01,77339.04,1776825018000
1776825023.259,23.259,0.74,0.75,0.25,0.26,0.01,0.01,77342.77,1776825019000
1776825023.676,23.676,0.74,0.75,0.25,0.26,0.01,0.01,77350.55,1776825020000
1776825024.011,24.011,0.72,0.73,0.27,0.28,0.01,0.01,77350.55,1776825020000
1776825024.41,24.41,0.72,0.74,0.27,0.3,0.02,0.03,77350.55,1776825020000
1776825024.756,24.756,0.74,0.75,0.25,0.26,0.01,0.01,77350.55,1776825020000
1776825025.247,25.247,0.73,0.77,0.24,0.27,0.04,0.03,77361.72,1776825021000
1776825025.631,25.631,0.74,0.75,0.25,0.26,0.01,0.01,77361.72,1776825021000
1776825026.142,26.142,0.74,0.76,0.24,0.26,0.02,0.02,77353.04,1776825022000
1776825026.499,26.499,0.75,0.76,0.24,0.25,0.01,0.01,77353.04,1776825022000
1776825026.91,26.91,0.75,0.76,0.24,0.25,0.01,0.01,77348.74,1776825023000
1776825027.275,27.275,0.75,0.76,0.24,0.25,0.01,0.01,77348.74,1776825023000
1776825027.689,27.689,0.74,0.75,0.24,0.26,0.01,0.02,77348.74,1776825023000
1776825028.032,28.032,0.74,0.75,0.25,0.26,0.01,0.01,77352.77,1776825024000
1776825028.415,28.415,0.74,0.75,0.25,0.26,0.01,0.01,77352.77,1776825024000
1776825028.853,28.853,0.73,0.74,0.26,0.27,0.01,0.01,77352.77,1776825024000
1776825029.209,29.209,0.73,0.74,0.26,0.27,0.01,0.01,77352.77,1776825024000
1776825029.552,29.552,0.73,0.75,0.25,0.27,0.02,0.02,77360.89,1776825025000
1776825029.964,29.964,0.74,0.75,0.25,0.26,0.01,0.01,77360.89,1776825026000
1776825030.317,30.317,0.74,0.75,0.25,0.26,0.01,0.01,77360.89,1776825026000
1776825030.695,30.695,0.75,0.76,0.24,0.25,0.01,0.01,77360.89,1776825026000
1776825031.068,31.068,0.74,0.75,0.25,0.26,0.01,0.01,77347.82,1776825027000
1776825032.126,32.126,0.74,0.75,0.25,0.26,0.01,0.01,77347.82,1776825027000
1776825032.816,32.816,0.74,0.75,0.25,0.26,0.01,0.01,77346.22,1776825029000
1776825033.171,33.171,0.74,0.75,0.25,0.26,0.01,0.01,77346.22,1776825029000
1776825033.596,33.596,0.74,0.75,0.25,0.26,0.01,0.01,77346.22,1776825029000
1776825033.932,33.932,0.74,0.75,0.25,0.26,0.01,0.01,77346.22,1776825029000
1776825034.266,34.266,0.73,0.74,0.26,0.27,0.01,0.01,77345.97,1776825030000
1776825034.677,34.677,0.72,0.73,0.27,0.28,0.01,0.01,77345.97,1776825030000
1776825035.181,35.181,0.72,0.73,0.27,0.28,0.01,0.01,77345.97,1776825030000
1776825035.645,35.645,0.71,0.72,0.27,0.28,0.01,0.01,77346.22,1776825031000
1776825035.998,35.998,0.7,0.71,0.29,0.3,0.01,0.01,77346.22,1776825031000
1776825036.401,36.401,0.66,0.68,0.32,0.34,0.02,0.02,77349.12,1776825032000
1776825036.758,36.758,0.65,0.67,0.33,0.35,0.02,0.02,77349.12,1776825032000
1776825037.158,37.158,0.62,0.65,0.33,0.38,0.03,0.05,77349.07,1776825033000
1776825037.568,37.568,0.62,0.63,0.37,0.38,0.01,0.01,77349.07,1776825033000
1776825037.922,37.922,0.61,0.62,0.38,0.39,0.01,0.01,77346.46,1776825034000
1776825038.301,38.301,0.61,0.62,0.38,0.39,0.01,0.01,77346.46,1776825034000
1776825038.657,38.657,0.61,0.62,0.38,0.39,0.01,0.01,77346.46,1776825034000
1776825039.024,39.024,0.62,0.63,0.37,0.39,0.01,0.02,77341.0,1776825035000
1776825039.46,39.46,0.62,0.63,0.37,0.38,0.01,0.01,77341.0,1776825035000
1776825039.821,39.821,0.62,0.63,0.37,0.38,0.01,0.01,77337.6,1776825036000
1776825040.361,40.361,0.62,0.63,0.36,0.38,0.01,0.02,77337.6,1776825036000
1776825040.867,40.867,0.62,0.63,0.37,0.38,0.01,0.01,77312.84,1776825037000
1776825041.203,41.203,0.61,0.62,0.37,0.38,0.01,0.01,77312.84,1776825037000
1776825041.57,41.57,0.61,0.62,0.38,0.39,0.01,0.01,77294.56,1776825039000
1776825041.988,41.988,0.61,0.62,0.38,0.39,0.01,0.01,77294.56,1776825039000
1776825042.496,42.496,0.6,0.61,0.39,0.4,0.01,0.01,77294.56,1776825039000
1776825042.831,42.831,0.6,0.61,0.39,0.4,0.01,0.01,77294.56,1776825039000
1776825043.473,43.473,0.6,0.61,0.39,0.4,0.01,0.01,77295.34,1776825040000
1776825043.889,43.889,0.63,0.64,0.36,0.38,0.01,0.02,77295.34,1776825040000
1776825044.271,44.271,0.63,0.64,0.36,0.37,0.01,0.01,77295.48,1776825041000
1776825044.622,44.622,0.63,0.64,0.36,0.37,0.01,0.01,77295.48,1776825041000
1776825045.062,45.062,0.63,0.64,0.36,0.37,0.01,0.01,77295.31,1776825042000
1776825045.578,45.578,0.63,0.65,0.36,0.37,0.02,0.01,77295.31,1776825042000
1776825045.961,45.961,0.64,0.65,0.35,0.36,0.01,0.01,77295.31,1776825042000
1776825046.301,46.301,0.65,0.66,0.34,0.35,0.01,0.01,77294.97,1776825043000
1776825046.73,46.73,0.65,0.66,0.34,0.35,0.01,0.01,77294.97,1776825043000
1776825047.095,47.095,0.65,0.66,0.34,0.35,0.01,0.01,77296.18,1776825044000
1776825047.477,47.477,0.65,0.66,0.34,0.35,0.01,0.01,77296.18,1776825044000
1776825047.838,47.838,0.65,0.68,0.34,0.35,0.03,0.01,77296.18,1776825044000
1776825048.308,48.308,0.67,0.68,0.32,0.35,0.01,0.03,77304.91,1776825045000
1776825048.729,48.729,0.65,0.66,0.33,0.35,0.01,0.02,77306.57,1776825046000
1776825049.117,49.117,0.65,0.66,0.34,0.35,0.01,0.01,77306.57,1776825046000
1776825049.728,49.728,0.65,0.66,0.34,0.35,0.01,0.01,77306.57,1776825046000
1776825050.161,50.161,0.64,0.65,0.35,0.36,0.01,0.01,77304.09,1776825047000
1776825050.511,50.511,0.64,0.65,0.35,0.36,0.01,0.01,77304.43,1776825048000
1776825050.917,50.917,0.64,0.65,0.35,0.36,0.01,0.01,77304.43,1776825048000
1776825051.29,51.29,0.61,0.65,0.35,0.37,0.04,0.02,77304.51,1776825049000
1776825051.654,51.654,0.61,0.62,0.38,0.39,0.01,0.01,77304.51,1776825049000
1776825052.036,52.036,0.61,0.62,0.38,0.39,0.01,0.01,77304.51,1776825049000
1776825052.571,52.571,0.61,0.62,0.38,0.39,0.01,0.01,77299.01,1776825051000
1776825052.937,52.937,0.61,0.62,0.38,0.39,0.01,0.01,77299.01,1776825051000
1776825053.302,53.302,0.61,0.62,0.38,0.39,0.01,0.01,77296.78,1776825052000
1776825054.204,54.204,0.61,0.62,0.38,0.39,0.01,0.01,77296.78,1776825052000
1776825054.579,54.579,0.59,0.62,0.38,0.41,0.03,0.03,77296.78,1776825052000
1776825055.415,55.415,0.58,0.6,0.4,0.42,0.02,0.02,77288.42,1776825054000
1776825055.887,55.887,0.6,0.61,0.39,0.4,0.01,0.01,77288.42,1776825054000
1776825056.264,56.264,0.6,0.61,0.39,0.4,0.01,0.01,77284.9,1776825055000
1776825056.619,56.619,0.58,0.59,0.41,0.42,0.01,0.01,77284.9,1776825055000
1776825056.959,56.959,0.58,0.59,0.41,0.42,0.01,0.01,77284.9,1776825055000
1776825057.309,57.309,0.58,0.59,0.41,0.43,0.01,0.02,77284.9,1776825055000
1776825057.738,57.738,0.58,0.59,0.41,0.42,0.01,0.01,77278.85,1776825056000
1776825058.075,58.075,0.52,0.55,0.45,0.48,0.03,0.03,77278.85,1776825056000
1776825058.416,58.416,0.53,0.55,0.45,0.49,0.02,0.04,77274.48,1776825057000
1776825058.85,58.85,0.53,0.54,0.46,0.47,0.01,0.01,77274.48,1776825057000
1776825059.192,59.192,0.53,0.54,0.46,0.47,0.01,0.01,77274.48,1776825057000
1776825059.588,59.588,0.52,0.54,0.46,0.47,0.02,0.01,77264.93,1776825058000
1776825059.931,59.931,0.51,0.52,0.47,0.49,0.01,0.02,77264.93,1776825058000
1776825060.295,60.295,0.51,0.52,0.48,0.49,0.01,0.01,77264.93,1776825058000
1776825060.641,60.641,0.51,0.52,0.48,0.49,0.01,0.01,77261.08,1776825059000
1776825060.976,60.976,0.45,0.49,0.51,0.55,0.04,0.04,77261.08,1776825059000
1776825061.327,61.327,0.41,0.42,0.58,0.59,0.01,0.01,77260.69,1776825060000
1776825061.708,61.708,0.4,0.44,0.56,0.6,0.04,0.04,77260.69,1776825060000
1776825062.059,62.059,0.41,0.43,0.57,0.59,0.02,0.02,77260.69,1776825060000
1776825062.464,62.464,0.41,0.42,0.57,0.59,0.01,0.02,77260.69,1776825060000
1776825062.816,62.816,0.41,0.42,0.58,0.59,0.01,0.01,77238.99,1776825061000
1776825063.205,63.205,0.41,0.42,0.58,0.59,0.01,0.01,77238.99,1776825061000
1776825063.553,63.553,0.4,0.44,0.56,0.59,0.04,0.03,77228.17,1776825062000
1776825063.945,63.945,0.42,0.44,0.56,0.6,0.02,0.04,77228.17,1776825062000
1776825064.327,64.327,0.41,0.42,0.58,0.59,0.01,0.01,77228.17,1776825062000
1776825064.664,64.664,0.41,0.42,0.58,0.59,0.01,0.01,77228.17,1776825062000
1776825065.064,65.064,0.41,0.43,0.57,0.59,0.02,0.02,77221.99,1776825063000
1776825065.437,65.437,0.41,0.43,0.57,0.59,0.02,0.02,77221.99,1776825063000
1776825065.772,65.772,0.45,0.46,0.54,0.55,0.01,0.01,77221.99,1776825063000
1776825066.118,66.118,0.45,0.48,0.52,0.55,0.03,0.03,77221.13,1776825064000
1776825066.452,66.452,0.47,0.48,0.52,0.53,0.01,0.01,77221.13,1776825064000
1776825066.801,66.801,0.47,0.48,0.52,0.53,0.01,0.01,77221.13,1776825064000
1776825067.163,67.163,0.47,0.48,0.52,0.53,0.01,0.01,77227.4,1776825065000
1776825067.58,67.58,0.48,0.49,0.51,0.52,0.01,0.01,77227.4,1776825065000
1776825067.92,67.92,0.48,0.49,0.51,0.52,0.01,0.01,77243.73,1776825066000
1776825068.286,68.286,0.48,0.49,0.51,0.52,0.01,0.01,77245.62,1776825067000
1776825068.693,68.693,0.48,0.49,0.51,0.52,0.01,0.01,77245.62,1776825067000
1776825069.339,69.339,0.48,0.49,0.51,0.52,0.01,0.01,77245.62,1776825067000
1776825069.696,69.696,0.47,0.48,0.52,0.53,0.01,0.01,77246.02,1776825068000
1776825070.042,70.042,0.47,0.48,0.52,0.53,0.01,0.01,77246.02,1776825068000
1776825070.936,70.936,0.45,0.47,0.53,0.55,0.02,0.02,77245.32,1776825069000
1776825071.367,71.367,0.46,0.47,0.53,0.54,0.01,0.01,77245.32,1776825069000
1776825071.713,71.713,0.46,0.47,0.53,0.54,0.01,0.01,77245.22,1776825070000
1776825072.206,72.206,0.46,0.47,0.53,0.54,0.01,0.01,77245.22,1776825070000
1776825072.542,72.542,0.46,0.47,0.53,0.54,0.01,0.01,77245.22,1776825070000
1776825072.897,72.897,0.46,0.47,0.53,0.55,0.01,0.02,77242.52,1776825071000
1776825073.296,73.296,0.46,0.47,0.53,0.54,0.01,0.01,77242.52,1776825071000
1776825073.669,73.669,0.44,0.45,0.53,0.56,0.01,0.03,77240.62,1776825072000
1776825074.017,74.017,0.44,0.45,0.55,0.56,0.01,0.01,77240.62,1776825072000
1776825074.642,74.642,0.44,0.45,0.55,0.56,0.01,0.01,77238.04,1776825073000
1776825075.047,75.047,0.49,0.5,0.49,0.56,0.01,0.07,77238.04,1776825073000
1776825075.381,75.381,0.49,0.5,0.5,0.51,0.01,0.01,77236.19,1776825074000
1776825075.723,75.723,0.5,0.51,0.48,0.5,0.01,0.02,77236.19,1776825074000
1776825076.058,76.058,0.5,0.51,0.49,0.5,0.01,0.01,77236.55,1776825075000
1776825076.46,76.46,0.5,0.51,0.49,0.5,0.01,0.01,77236.55,1776825075000
1776825076.829,76.829,0.47,0.49,0.51,0.53,0.02,0.02,77236.55,1776825075000
1776825077.402,77.402,0.47,0.48,0.52,0.53,0.01,0.01,77251.64,1776825076000
1776825077.759,77.759,0.47,0.48,0.52,0.53,0.01,0.01,77251.64,1776825076000
1776825078.198,78.198,0.47,0.48,0.52,0.53,0.01,0.01,77251.34,1776825077000
1776825078.533,78.533,0.47,0.48,0.52,0.53,0.01,0.01,77251.34,1776825077000
1776825078.88,78.88,0.47,0.48,0.52,0.53,0.01,0.01,77251.34,1776825077000
1776825079.219,79.219,0.43,0.44,0.53,0.57,0.01,0.04,77244.89,1776825078000
1776825079.747,79.747,0.43,0.44,0.56,0.57,0.01,0.01,77244.89,1776825078000
1776825080.158,80.158,0.43,0.44,0.56,0.57,0.01,0.01,77244.89,1776825078000
1776825080.518,80.518,0.43,0.44,0.56,0.57,0.01,0.01,77244.89,1776825078000
1776825080.875,80.875,0.41,0.44,0.56,0.59,0.03,0.03,77241.8,1776825079000
1776825081.398,81.398,0.4,0.41,0.58,0.6,0.01,0.02,77241.8,1776825079000
1776825081.769,81.769,0.41,0.42,0.58,0.59,0.01,0.01,77241.8,1776825079000
1776825082.173,82.173,0.41,0.42,0.58,0.59,0.01,0.01,77231.49,1776825080000
1776825082.639,82.639,0.41,0.42,0.58,0.59,0.01,0.01,77231.49,1776825080000
1776825083.037,83.037,0.4,0.42,0.58,0.59,0.02,0.01,77224.28,1776825081000
1776825083.393,83.393,0.35,0.36,0.64,0.65,0.01,0.01,77228.43,1776825082000
1776825083.735,83.735,0.35,0.36,0.64,0.65,0.01,0.01,77228.43,1776825082000
1776825084.179,84.179,0.35,0.36,0.64,0.65,0.01,0.01,77231.31,1776825083000
1776825084.721,84.721,0.35,0.36,0.64,0.65,0.01,0.01,77231.31,1776825083000
1776825085.124,85.124,0.35,0.36,0.64,0.65,0.01,0.01,77231.31,1776825083000
1776825085.493,85.493,0.34,0.35,0.65,0.66,0.01,0.01,77214.85,1776825084000
1776825085.833,85.833,0.31,0.35,0.65,0.69,0.04,0.04,77214.85,1776825084000
1776825086.2,86.2,0.3,0.32,0.68,0.69,0.02,0.01,77214.85,1776825084000
1776825086.694,86.694,0.29,0.31,0.69,0.71,0.02,0.02,77214.85,1776825084000
1776825087.325,87.325,0.29,0.3,0.7,0.71,0.01,0.01,77209.25,1776825086000
1776825087.736,87.736,0.29,0.3,0.7,0.71,0.01,0.01,77209.25,1776825086000
1776825088.13,88.13,0.29,0.3,0.7,0.71,0.01,0.01,77192.99,1776825087000
1776825088.515,88.515,0.29,0.32,0.68,0.71,0.03,0.03,77192.99,1776825087000
1776825089.159,89.159,0.29,0.32,0.68,0.71,0.03,0.03,77191.15,1776825088000
1776825089.5,89.5,0.29,0.31,0.69,0.71,0.02,0.02,77191.15,1776825088000
1776825089.876,89.876,0.29,0.3,0.7,0.71,0.01,0.01,77191.15,1776825088000
1776825090.216,90.216,0.29,0.3,0.7,0.71,0.01,0.01,77191.15,1776825088000
1776825090.551,90.551,0.3,0.31,0.69,0.7,0.01,0.01,77191.15,1776825088000
1776825090.977,90.977,0.3,0.31,0.69,0.7,0.01,0.01,77190.92,1776825089000
1776825091.732,91.732,0.24,0.28,0.72,0.74,0.04,0.02,77191.02,1776825090000
1776825092.081,92.081,0.24,0.28,0.72,0.76,0.04,0.04,77181.89,1776825091000
1776825092.546,92.546,0.24,0.27,0.73,0.76,0.03,0.03,77181.89,1776825091000
1776825092.957,92.957,0.25,0.26,0.74,0.75,0.01,0.01,77181.89,1776825091000
1776825093.301,93.301,0.25,0.26,0.74,0.75,0.01,0.01,77165.78,1776825092000
1776825093.667,93.667,0.24,0.25,0.75,0.76,0.01,0.01,77165.78,1776825092000
1776825094.001,94.001,0.24,0.25,0.75,0.76,0.01,0.01,77165.78,1776825092000
1776825094.465,94.465,0.24,0.25,0.75,0.76,0.01,0.01,77160.53,1776825093000
1776825094.893,94.893,0.24,0.25,0.75,0.76,0.01,0.01,77160.53,1776825093000
1776825095.231,95.231,0.24,0.25,0.75,0.76,0.01,0.01,77160.17,1776825094000
1776825095.872,95.872,0.24,0.25,0.75,0.76,0.01,0.01,77160.17,1776825094000
1776825096.61,96.61,0.24,0.25,0.75,0.76,0.01,0.01,77161.4,1776825095000
1776825097.035,97.035,0.24,0.25,0.75,0.76,0.01,0.01,77161.4,1776825095000
1776825097.428,97.428,0.26,0.28,0.73,0.74,0.02,0.01,77164.99,1776825096000
1776825098.24,98.24,0.26,0.28,0.72,0.74,0.02,0.02,77164.99,1776825096000
1776825098.736,98.736,0.25,0.27,0.72,0.74,0.02,0.02,77170.62,1776825097000
1776825099.074,99.074,0.25,0.26,0.74,0.75,0.01,0.01,77170.62,1776825097000
1776825099.462,99.462,0.24,0.27,0.73,0.76,0.03,0.03,77170.62,1776825097000
1776825099.803,99.803,0.26,0.27,0.73,0.74,0.01,0.01,77170.08,1776825098000
1776825100.15,100.15,0.26,0.27,0.72,0.74,0.01,0.02,77176.06,1776825099000
1776825100.49,100.49,0.26,0.27,0.73,0.74,0.01,0.01,77176.06,1776825099000
1776825100.843,100.843,0.26,0.27,0.73,0.74,0.01,0.01,77176.06,1776825099000
1776825101.187,101.187,0.26,0.27,0.73,0.74,0.01,0.01,77178.6,1776825100000
1776825101.556,101.556,0.26,0.27,0.73,0.74,0.01,0.01,77178.6,1776825100000
1776825101.923,101.923,0.25,0.26,0.74,0.75,0.01,0.01,77178.6,1776825100000
1776825102.314,102.314,0.24,0.25,0.74,0.76,0.01,0.02,77177.77,1776825101000
1776825102.682,102.682,0.24,0.25,0.75,0.76,0.01,0.01,77177.77,1776825101000
1776825103.125,103.125,0.24,0.25,0.75,0.76,0.01,0.01,77177.77,1776825101000
1776825103.501,103.501,0.24,0.25,0.75,0.76,0.01,0.01,77177.77,1776825102000
1776825104.032,104.032,0.24,0.25,0.75,0.76,0.01,0.01,77177.77,1776825102000
1776825104.379,104.379,0.24,0.25,0.75,0.76,0.01,0.01,77173.51,1776825103000
1776825104.83,104.83,0.24,0.25,0.75,0.76,0.01,0.01,77173.51,1776825103000
1776825105.215,105.215,0.24,0.25,0.75,0.76,0.01,0.01,77173.51,1776825103000
1776825105.763,105.763,0.24,0.25,0.75,0.76,0.01,0.01,77169.94,1776825104000
1776825106.111,106.111,0.23,0.25,0.75,0.76,0.02,0.01,77169.94,1776825104000
1776825106.669,106.669,0.24,0.25,0.75,0.76,0.01,0.01,77169.97,1776825105000
1776825107.151,107.151,0.24,0.25,0.75,0.76,0.01,0.01,77169.97,1776825105000
1776825107.648,107.648,0.24,0.25,0.75,0.76,0.01,0.01,77169.14,1776825106000
1776825107.99,107.99,0.24,0.25,0.75,0.76,0.01,0.01,77163.9,1776825107000
1776825108.354,108.354,0.24,0.25,0.75,0.76,0.01,0.01,77163.9,1776825107000
1776825108.738,108.738,0.24,0.25,0.75,0.76,0.01,0.01,77163.9,1776825107000
1776825109.139,109.139,0.24,0.25,0.75,0.76,0.01,0.01,77161.92,1776825108000
1776825109.617,109.617,0.24,0.25,0.75,0.76,0.01,0.01,77161.92,1776825108000
1776825110.025,110.025,0.23,0.24,0.76,0.77,0.01,0.01,77161.92,1776825108000
1776825110.379,110.379,0.23,0.24,0.76,0.77,0.01,0.01,77161.92,1776825108000
1776825110.761,110.761,0.25,0.26,0.74,0.75,0.01,0.01,77162.29,1776825109000
1776825111.165,111.165,0.25,0.26,0.74,0.75,0.01,0.01,77162.29,1776825109000
1776825111.533,111.533,0.25,0.26,0.74,0.75,0.01,0.01,77163.82,1776825110000
1776825111.934,111.934,0.25,0.26,0.74,0.75,0.01,0.01,77163.82,1776825110000
1776825112.27,112.27,0.25,0.26,0.74,0.75,0.01,0.01,77163.82,1776825110000
1776825112.622,112.622,0.25,0.26,0.74,0.75,0.01,0.01,77163.82,1776825110000
1776825113.127,113.127,0.25,0.26,0.74,0.75,0.01,0.01,77179.7,1776825111000
1776825113.517,113.517,0.24,0.25,0.75,0.76,0.01,0.01,77178.06,1776825112000
1776825113.901,113.901,0.22,0.23,0.77,0.78,0.01,0.01,77178.06,1776825112000
1776825114.838,114.838,0.22,0.23,0.77,0.78,0.01,0.01,77177.13,1776825113000
1776825115.235,115.235,0.22,0.23,0.77,0.78,0.01,0.01,77177.13,1776825113000
1776825115.859,115.859,0.22,0.23,0.76,0.78,0.01,0.02,77175.55,1776825114000
1776825116.2,116.2,0.22,0.23,0.77,0.78,0.01,0.01,77175.55,1776825114000
1776825116.61,116.61,0.22,0.23,0.77,0.78,0.01,0.01,77175.55,1776825114000
1776825117.042,117.042,0.2,0.23,0.77,0.8,0.03,0.03,77170.4,1776825115000
1776825117.396,117.396,0.15,0.17,0.83,0.85,0.02,0.02,77170.3,1776825116000
1776825117.819,117.819,0.16,0.17,0.83,0.84,0.01,0.01,77170.3,1776825116000
1776825118.248,118.248,0.15,0.16,0.84,0.85,0.01,0.01,77170.3,1776825116000
1776825118.623,118.623,0.15,0.16,0.84,0.85,0.01,0.01,77170.3,1776825116000
1776825119.003,119.003,0.15,0.16,0.84,0.85,0.01,0.01,77152.69,1776825117000
1776825119.39,119.39,0.15,0.16,0.84,0.85,0.01,0.01,77141.62,1776825118000
1776825119.772,119.772,0.15,0.16,0.84,0.86,0.01,0.02,77141.62,1776825118000
1776825120.283,120.283,0.11,0.12,0.88,0.89,0.01,0.01,77141.62,1776825118000
1776825120.634,120.634,0.11,0.12,0.88,0.89,0.01,0.01,77137.02,1776825119000
1776825121.046,121.046,0.11,0.12,0.88,0.89,0.01,0.01,77134.91,1776825120000
1776825121.435,121.435,0.11,0.12,0.88,0.89,0.01,0.01,77134.91,1776825120000
1776825121.772,121.772,0.11,0.12,0.88,0.89,0.01,0.01,77134.91,1776825120000
1776825122.644,122.644,0.11,0.12,0.88,0.89,0.01,0.01,77126.56,1776825121000
1776825123.137,123.137,0.11,0.12,0.88,0.89,0.01,0.01,77126.56,1776825121000
1776825123.498,123.498,0.11,0.12,0.88,0.89,0.01,0.01,77126.07,1776825122000
1776825123.855,123.855,0.11,0.12,0.88,0.89,0.01,0.01,77126.07,1776825122000
1776825124.188,124.188,0.11,0.12,0.88,0.89,0.01,0.01,77126.66,1776825123000
1776825124.722,124.722,0.11,0.12,0.88,0.9,0.01,0.02,77126.66,1776825123000
1776825125.071,125.071,0.1,0.11,0.89,0.9,0.01,0.01,77126.66,1776825123000
1776825125.405,125.405,0.1,0.11,0.89,0.9,0.01,0.01,77126.66,1776825123000
1776825125.808,125.808,0.1,0.11,0.89,0.9,0.01,0.01,77126.66,1776825123000
1776825126.51,126.51,0.1,0.11,0.89,0.9,0.01,0.01,77125.37,1776825124000
1776825126.978,126.978,0.1,0.11,0.89,0.9,0.01,0.01,77120.61,1776825125000
1776825127.428,127.428,0.1,0.11,0.89,0.9,0.01,0.01,77118.44,1776825126000
1776825127.86,127.86,0.1,0.11,0.89,0.9,0.01,0.01,77118.44,1776825126000
1776825128.225,128.225,0.1,0.11,0.89,0.9,0.01,0.01,77118.44,1776825126000
1776825128.593,128.593,0.1,0.11,0.89,0.9,0.01,0.01,77119.66,1776825127000
1776825128.972,128.972,0.1,0.11,0.89,0.9,0.01,0.01,77119.66,1776825127000
1776825129.312,129.312,0.1,0.11,0.89,0.9,0.01,0.01,77119.02,1776825128000
1776825129.804,129.804,0.09,0.1,0.9,0.91,0.01,0.01,77119.02,1776825128000
1776825130.221,130.221,0.08,0.1,0.9,0.91,0.02,0.01,77119.02,1776825128000
1776825130.567,130.567,0.08,0.09,0.91,0.92,0.01,0.01,77116.36,1776825129000
1776825130.939,130.939,0.08,0.09,0.91,0.92,0.01,0.01,77116.36,1776825129000
1776825131.392,131.392,0.08,0.09,0.91,0.92,0.01,0.01,77116.36,1776825129000
1776825131.766,131.766,0.08,0.09,0.91,0.92,0.01,0.01,77114.45,1776825130000
1776825132.117,132.117,0.08,0.09,0.91,0.92,0.01,0.01,77114.45,1776825130000
1776825132.503,132.503,0.08,0.09,0.91,0.92,0.01,0.01,77113.49,1776825131000
1776825132.928,132.928,0.08,0.09,0.91,0.92,0.01,0.01,77113.49,1776825131000
1776825133.294,133.294,0.08,0.09,0.91,0.92,0.01,0.01,77113.49,1776825131000
1776825133.832,133.832,0.07,0.08,0.91,0.93,0.01,0.02,77113.29,1776825132000
1776825134.177,134.177,0.07,0.09,0.92,0.93,0.02,0.01,77113.29,1776825132000
1776825134.59,134.59,0.08,0.09,0.91,0.92,0.01,0.01,77108.34,1776825133000
1776825134.964,134.964,0.08,0.09,0.91,0.92,0.01,0.01,77108.34,1776825133000
1776825135.679,135.679,0.08,0.09,0.91,0.92,0.01,0.01,77104.17,1776825134000
1776825136.061,136.061,0.08,0.09,0.91,0.92,0.01,0.01,77104.17,1776825134000
1776825136.452,136.452,0.08,0.09,0.9,0.92,0.01,0.02,77109.94,1776825135000
1776825136.883,136.883,0.08,0.09,0.91,0.92,0.01,0.01,77109.94,1776825135000
1776825137.28,137.28,0.08,0.09,0.91,0.92,0.01,0.01,77112.51,1776825136000
1776825137.636,137.636,0.09,0.1,0.9,0.91,0.01,0.01,77112.51,1776825136000
1776825138.123,138.123,0.09,0.1,0.9,0.91,0.01,0.01,77112.51,1776825136000
1776825138.683,138.683,0.09,0.1,0.9,0.91,0.01,0.01,77113.55,1776825137000
1776825139.068,139.068,0.09,0.1,0.9,0.91,0.01,0.01,77113.55,1776825137000
1776825139.514,139.514,0.11,0.12,0.88,0.89,0.01,0.01,77115.56,1776825138000
1776825139.847,139.847,0.11,0.12,0.88,0.89,0.01,0.01,77115.56,1776825138000
1776825140.232,140.232,0.09,0.1,0.9,0.91,0.01,0.01,77115.41,1776825139000
1776825140.625,140.625,0.09,0.1,0.9,0.91,0.01,0.01,77115.41,1776825139000
1776825141.398,141.398,0.09,0.1,0.9,0.91,0.01,0.01,77115.41,1776825139000
1776825141.789,141.789,0.09,0.1,0.9,0.91,0.01,0.01,77115.41,1776825139000
1776825142.134,142.134,0.09,0.1,0.9,0.91,0.01,0.01,77122.72,1776825140000
1776825142.912,142.912,0.09,0.1,0.9,0.91,0.01,0.01,77119.65,1776825142000
1776825143.252,143.252,0.09,0.1,0.9,0.91,0.01,0.01,77119.65,1776825142000
1776825143.759,143.759,0.09,0.1,0.9,0.91,0.01,0.01,77119.65,1776825142000
1776825144.279,144.279,0.09,0.1,0.9,0.91,0.01,0.01,77122.18,1776825143000
1776825144.784,144.784,0.11,0.12,0.88,0.89,0.01,0.01,77122.18,1776825143000
1776825145.306,145.306,0.1,0.11,0.88,0.9,0.01,0.02,77122.18,1776825143000
1776825145.867,145.867,0.09,0.1,0.9,0.91,0.01,0.01,77122.68,1776825144000
1776825146.471,146.471,0.08,0.09,0.91,0.92,0.01,0.01,77124.46,1776825145000
1776825146.808,146.808,0.08,0.09,0.91,0.92,0.01,0.01,77124.46,1776825145000
1776825147.35,147.35,0.08,0.09,0.91,0.92,0.01,0.01,77125.25,1776825146000
1776825148.654,148.654,0.08,0.09,0.91,0.92,0.01,0.01,77124.27,1776825147000
1776825149.027,149.027,0.08,0.09,0.91,0.92,0.01,0.01,77124.27,1776825147000
1776825149.801,149.801,0.08,0.09,0.91,0.92,0.01,0.01,77124.27,1776825147000
1776825150.2,150.2,0.09,0.1,0.9,0.91,0.01,0.01,77122.79,1776825148000
1776825150.556,150.556,0.09,0.1,0.9,0.91,0.01,0.01,77122.68,1776825149000
1776825151.091,151.091,0.09,0.12,0.88,0.91,0.03,0.03,77122.26,1776825150000
1776825151.552,151.552,0.1,0.11,0.88,0.9,0.01,0.02,77122.26,1776825150000
1776825152.252,152.252,0.1,0.11,0.89,0.9,0.01,0.01,77122.26,1776825150000
1776825152.608,152.608,0.09,0.1,0.89,0.91,0.01,0.02,77121.64,1776825151000
1776825153.011,153.011,0.09,0.1,0.9,0.91,0.01,0.01,77121.64,1776825151000
1776825153.836,153.836,0.09,0.1,0.9,0.91,0.01,0.01,77121.75,1776825152000
1776825154.332,154.332,0.09,0.1,0.9,0.91,0.01,0.01,77121.75,1776825153000
1776825155.173,155.173,0.09,0.1,0.9,0.91,0.01,0.01,77121.75,1776825153000
1776825155.547,155.547,0.09,0.1,0.9,0.91,0.01,0.01,77121.7,1776825154000
1776825156.139,156.139,0.09,0.1,0.9,0.91,0.01,0.01,77121.64,1776825155000
1776825156.543,156.543,0.09,0.1,0.9,0.91,0.01,0.01,77121.64,1776825155000
1776825156.877,156.877,0.1,0.11,0.9,0.91,0.01,0.01,77121.64,1776825155000
1776825157.31,157.31,0.1,0.11,0.89,0.9,0.01,0.01,77121.64,1776825155000
1776825158.028,158.028,0.11,0.12,0.89,0.9,0.01,0.01,77121.57,1776825156000
1776825158.487,158.487,0.11,0.12,0.87,0.89,0.01,0.02,77121.57,1776825156000
1776825158.834,158.834,0.13,0.15,0.86,0.88,0.02,0.02,77121.57,1776825156000
1776825159.223,159.223,0.15,0.16,0.84,0.85,0.01,0.01,77125.65,1776825158000
1776825159.642,159.642,0.15,0.16,0.84,0.85,0.01,0.01,77125.65,1776825158000
1776825159.994,159.994,0.15,0.16,0.84,0.85,0.01,0.01,77125.65,1776825158000
1776825160.381,160.381,0.15,0.16,0.84,0.85,0.01,0.01,77125.65,1776825158000
1776825160.721,160.721,0.15,0.16,0.84,0.85,0.01,0.01,77143.18,1776825159000
1776825161.171,161.171,0.15,0.16,0.84,0.85,0.01,0.01,77146.19,1776825160000
1776825162.515,162.515,0.15,0.16,0.84,0.85,0.01,0.01,77146.19,1776825160000
1776825162.959,162.959,0.15,0.16,0.84,0.85,0.01,0.01,77148.11,1776825161000
1776825163.899,163.899,0.15,0.16,0.84,0.85,0.01,0.01,77148.12,1776825162000
1776825164.497,164.497,0.15,0.16,0.84,0.85,0.01,0.01,77148.57,1776825163000
1776825164.949,164.949,0.15,0.16,0.84,0.85,0.01,0.01,77148.57,1776825163000
1776825165.304,165.304,0.14,0.16,0.84,0.85,0.02,0.01,77150.07,1776825164000
1776825166.16,166.16,0.14,0.15,0.84,0.86,0.01,0.02,77150.07,1776825164000
1776825166.531,166.531,0.14,0.15,0.85,0.86,0.01,0.01,77150.07,1776825164000
1776825166.896,166.896,0.13,0.15,0.85,0.86,0.02,0.01,77151.83,1776825165000
1776825167.309,167.309,0.1,0.11,0.89,0.9,0.01,0.01,77151.83,1776825165000
1776825167.709,167.709,0.09,0.1,0.89,0.9,0.01,0.01,77150.98,1776825166000
1776825168.092,168.092,0.09,0.1,0.9,0.91,0.01,0.01,77150.98,1776825166000
1776825168.513,168.513,0.09,0.1,0.9,0.91,0.01,0.01,77149.62,1776825167000
1776825168.855,168.855,0.08,0.1,0.9,0.91,0.02,0.01,77149.62,1776825167000
1776825169.214,169.214,0.08,0.09,0.91,0.92,0.01,0.01,77144.32,1776825168000
1776825169.587,169.587,0.09,0.1,0.9,0.92,0.01,0.02,77144.32,1776825168000
1776825170.213,170.213,0.09,0.1,0.9,0.91,0.01,0.01,77144.32,1776825168000
1776825170.61,170.61,0.09,0.1,0.9,0.91,0.01,0.01,77144.32,1776825168000
1776825171.237,171.237,0.07,0.08,0.92,0.93,0.01,0.01,77140.65,1776825170000
1776825171.618,171.618,0.06,0.07,0.93,0.94,0.01,0.01,77140.65,1776825170000
1776825172.158,172.158,0.06,0.07,0.93,0.94,0.01,0.01,77140.65,1776825170000
1776825172.637,172.637,0.06,0.07,0.93,0.94,0.01,0.01,77140.65,1776825170000
1776825173.379,173.379,0.06,0.07,0.93,0.94,0.01,0.01,77125.23,1776825172000
1776825173.765,173.765,0.06,0.07,0.93,0.94,0.01,0.01,77125.23,1776825172000
1776825174.19,174.19,0.06,0.07,0.93,0.94,0.01,0.01,77125.23,1776825172000
1776825174.582,174.582,0.06,0.07,0.93,0.94,0.01,0.01,77119.16,1776825173000
1776825174.967,174.967,0.06,0.07,0.93,0.94,0.01,0.01,77119.16,1776825173000
1776825175.347,175.347,0.07,0.08,0.92,0.94,0.01,0.02,77119.16,1776825173000
1776825175.783,175.783,0.07,0.09,0.92,0.93,0.02,0.01,77117.74,1776825174000
1776825176.325,176.325,0.1,0.11,0.89,0.9,0.01,0.01,77117.74,1776825174000
1776825176.745,176.745,0.1,0.11,0.89,0.9,0.01,0.01,77118.45,1776825175000
1776825177.191,177.191,0.1,0.11,0.89,0.9,0.01,0.01,77118.45,1776825175000
1776825177.566,177.566,0.1,0.11,0.89,0.9,0.01,0.01,77118.45,1776825175000
1776825177.938,177.938,0.1,0.11,0.89,0.9,0.01,0.01,77118.45,1776825175000
1776825178.412,178.412,0.09,0.1,0.89,0.91,0.01,0.02,77128.72,1776825176000
1776825178.924,178.924,0.09,0.1,0.9,0.91,0.01,0.01,77140.08,1776825177000
1776825179.259,179.259,0.09,0.1,0.9,0.91,0.01,0.01,77140.08,1776825177000
1776825179.6,179.6,0.08,0.09,0.9,0.91,0.01,0.01,77140.08,1776825177000
1776825179.997,179.997,0.08,0.09,0.91,0.92,0.01,0.01,77139.87,1776825178000
1776825180.433,180.433,0.08,0.09,0.91,0.92,0.01,0.01,77136.77,1776825179000
1776825180.809,180.809,0.08,0.09,0.91,0.92,0.01,0.01,77136.77,1776825179000
1776825181.238,181.238,0.07,0.08,0.92,0.93,0.01,0.01,77136.77,1776825179000
1776825181.613,181.613,0.07,0.08,0.92,0.93,0.01,0.01,77136.21,1776825180000
1776825182.003,182.003,0.07,0.08,0.92,0.93,0.01,0.01,77136.21,1776825180000
1776825182.499,182.499,0.08,0.09,0.91,0.92,0.01,0.01,77136.02,1776825181000
1776825182.948,182.948,0.08,0.09,0.91,0.92,0.01,0.01,77136.02,1776825181000
1776825183.403,183.403,0.08,0.09,0.91,0.92,0.01,0.01,77136.02,1776825181000
1776825184.039,184.039,0.1,0.11,0.89,0.9,0.01,0.01,77136.22,1776825182000
1776825184.386,184.386,0.1,0.11,0.89,0.9,0.01,0.01,77137.67,1776825183000
1776825184.815,184.815,0.1,0.11,0.89,0.9,0.01,0.01,77137.67,1776825183000
1776825185.245,185.245,0.11,0.12,0.87,0.89,0.01,0.02,77138.97,1776825184000
1776825185.611,185.611,0.08,0.09,0.9,0.92,0.01,0.02,77138.97,1776825184000
1776825186.002,186.002,0.06,0.07,0.92,0.94,0.01,0.02,77138.97,1776825184000
1776825186.437,186.437,0.06,0.07,0.93,0.94,0.01,0.01,77138.97,1776825184000
1776825186.771,186.771,0.06,0.07,0.93,0.94,0.01,0.01,77143.83,1776825185000
1776825187.214,187.214,0.06,0.07,0.93,0.94,0.01,0.01,77144.16,1776825186000
1776825187.606,187.606,0.06,0.07,0.93,0.94,0.01,0.01,77144.16,1776825186000
1776825188.529,188.529,0.06,0.07,0.93,0.94,0.01,0.01,77125.38,1776825187000
1776825188.985,188.985,0.06,0.07,0.93,0.94,0.01,0.01,77125.38,1776825187000
1776825189.69,189.69,0.06,0.07,0.93,0.94,0.01,0.01,77125.71,1776825188000
1776825190.24,190.24,0.06,0.07,0.93,0.94,0.01,0.01,77125.71,1776825188000
1776825190.6,190.6,0.06,0.07,0.93,0.94,0.01,0.01,77125.71,1776825188000
1776825191.094,191.094,0.05,0.07,0.93,0.95,0.02,0.02,77127.77,1776825189000
1776825191.537,191.537,0.05,0.06,0.94,0.95,0.01,0.01,77128.85,1776825190000
1776825191.895,191.895,0.05,0.06,0.94,0.95,0.01,0.01,77128.85,1776825190000
1776825192.435,192.435,0.05,0.06,0.94,0.95,0.01,0.01,77130.71,1776825191000
1776825193.251,193.251,0.05,0.06,0.94,0.95,0.01,0.01,77130.71,1776825191000
1776825193.617,193.617,0.05,0.06,0.94,0.95,0.01,0.01,77130.71,1776825191000
1776825194.339,194.339,0.05,0.06,0.94,0.95,0.01,0.01,77128.81,1776825192000
1776825194.724,194.724,0.05,0.06,0.94,0.95,0.01,0.01,77124.28,1776825193000
1776825195.2,195.2,0.05,0.06,0.94,0.95,0.01,0.01,77124.28,1776825193000
1776825195.677,195.677,0.05,0.06,0.94,0.95,0.01,0.01,77124.28,1776825193000
1776825196.175,196.175,0.05,0.06,0.94,0.95,0.01,0.01,77122.53,1776825194000
1776825196.607,196.607,0.05,0.06,0.94,0.95,0.01,0.01,77122.84,1776825195000
1776825196.941,196.941,0.05,0.06,0.94,0.95,0.01,0.01,77122.84,1776825195000
1776825197.466,197.466,0.04,0.06,0.94,0.96,0.02,0.02,77122.57,1776825196000
1776825197.823,197.823,0.04,0.05,0.95,0.96,0.01,0.01,77122.57,1776825196000
1776825198.409,198.409,0.04,0.05,0.95,0.96,0.01,0.01,77121.15,1776825197000
1776825198.746,198.746,0.04,0.05,0.95,0.96,0.01,0.01,77121.15,1776825197000
1776825199.287,199.287,0.04,0.05,0.95,0.96,0.01,0.01,77119.43,1776825198000
1776825200.108,200.108,0.04,0.05,0.95,0.96,0.01,0.01,77118.81,1776825199000
1776825200.487,200.487,0.04,0.05,0.95,0.96,0.01,0.01,77118.81,1776825199000
1776825200.942,200.942,0.04,0.05,0.95,0.96,0.01,0.01,77118.81,1776825199000
1776825201.331,201.331,0.04,0.05,0.95,0.96,0.01,0.01,77115.93,1776825200000
1776825201.699,201.699,0.04,0.05,0.95,0.96,0.01,0.01,77115.93,1776825200000
1776825202.061,202.061,0.04,0.05,0.95,0.96,0.01,0.01,77114.84,1776825201000
1776825202.483,202.483,0.04,0.05,0.95,0.96,0.01,0.01,77114.84,1776825201000
1776825203.075,203.075,0.04,0.05,0.95,0.96,0.01,0.01,77115.57,1776825202000
1776825203.544,203.544,0.04,0.05,0.95,0.96,0.01,0.01,77115.57,1776825202000
1776825203.885,203.885,0.04,0.05,0.95,0.96,0.01,0.01,77115.57,1776825202000
1776825204.224,204.224,0.03,0.04,0.96,0.97,0.01,0.01,77115.57,1776825202000
1776825204.673,204.673,0.03,0.05,0.95,0.97,0.02,0.02,77117.15,1776825203000
1776825205.179,205.179,0.04,0.05,0.95,0.96,0.01,0.01,77117.15,1776825203000
1776825205.549,205.549,0.03,0.04,0.96,0.97,0.01,0.01,77121.83,1776825204000
1776825205.94,205.94,0.03,0.04,0.96,0.97,0.01,0.01,77121.83,1776825204000
1776825206.376,206.376,0.03,0.04,0.96,0.97,0.01,0.01,77122.81,1776825205000
1776825206.802,206.802,0.03,0.04,0.96,0.97,0.01,0.01,77122.81,1776825205000
1776825207.313,207.313,0.03,0.04,0.96,0.97,0.01,0.01,77122.81,1776825205000
1776825207.668,207.668,0.04,0.05,0.95,0.96,0.01,0.01,77123.76,1776825206000
1776825208.006,208.006,0.04,0.05,0.95,0.96,0.01,0.01,77123.76,1776825206000
1776825208.443,208.443,0.04,0.05,0.95,0.96,0.01,0.01,77117.44,1776825207000
1776825208.867,208.867,0.04,0.05,0.95,0.96,0.01,0.01,77117.44,1776825207000
1776825209.274,209.274,0.04,0.05,0.95,0.96,0.01,0.01,77117.44,1776825207000
1776825209.607,209.607,0.04,0.05,0.95,0.96,0.01,0.01,77116.39,1776825208000
1776825210.233,210.233,0.04,0.05,0.95,0.96,0.01,0.01,77116.39,1776825208000
1776825210.57,210.57,0.04,0.05,0.95,0.96,0.01,0.01,77123.59,1776825209000
1776825211.439,211.439,0.04,0.05,0.95,0.96,0.01,0.01,77123.59,1776825209000
1776825211.911,211.911,0.04,0.05,0.95,0.96,0.01,0.01,77121.69,1776825210000
1776825212.323,212.323,0.04,0.05,0.95,0.96,0.01,0.01,77121.88,1776825211000
1776825212.736,212.736,0.04,0.05,0.95,0.96,0.01,0.01,77121.88,1776825211000
1776825213.165,213.165,0.04,0.05,0.95,0.96,0.01,0.01,77121.88,1776825211000
1776825213.503,213.503,0.02,0.03,0.97,0.98,0.01,0.01,77119.49,1776825212000
1776825213.842,213.842,0.02,0.03,0.97,0.98,0.01,0.01,77119.49,1776825212000
1776825214.191,214.191,0.02,0.03,0.97,0.98,0.01,0.01,77119.31,1776825213000
1776825214.615,214.615,0.02,0.03,0.97,0.98,0.01,0.01,77119.31,1776825213000
1776825214.954,214.954,0.02,0.03,0.97,0.98,0.01,0.01,77119.31,1776825213000
1776825215.46,215.46,0.02,0.03,0.97,0.98,0.01,0.01,77118.42,1776825214000
1776825216.172,216.172,0.02,0.03,0.97,0.98,0.01,0.01,77118.42,1776825214000
1776825216.567,216.567,0.02,0.03,0.97,0.98,0.01,0.01,77115.97,1776825215000
1776825217.056,217.056,0.02,0.03,0.97,0.98,0.01,0.01,77115.97,1776825215000
1776825217.613,217.613,0.02,0.03,0.97,0.98,0.01,0.01,77112.6,1776825216000
1776825217.972,217.972,0.02,0.03,0.97,0.98,0.01,0.01,77112.6,1776825216000
1776825218.538,218.538,0.02,0.03,0.97,0.98,0.01,0.01,77117.29,1776825217000
1776825218.871,218.871,0.02,0.06,0.94,0.98,0.04,0.04,77117.29,1776825217000
1776825219.838,219.838,0.02,0.03,0.94,0.98,0.01,0.04,77120.34,1776825218000
1776825220.42,220.42,0.02,0.03,0.97,0.98,0.01,0.01,77120.34,1776825218000
1776825220.849,220.849,0.02,0.03,0.97,0.98,0.01,0.01,77118.9,1776825219000
1776825221.321,221.321,0.02,0.03,0.97,0.98,0.01,0.01,77110.95,1776825220000
1776825221.659,221.659,0.02,0.03,0.97,0.98,0.01,0.01,77110.95,1776825220000
1776825222.011,222.011,0.02,0.03,0.97,0.98,0.01,0.01,77110.95,1776825220000
1776825222.408,222.408,0.02,0.03,0.97,0.98,0.01,0.01,77109.2,1776825221000
1776825222.789,222.789,0.02,0.03,0.97,0.98,0.01,0.01,77109.2,1776825221000
1776825223.34,223.34,0.02,0.03,0.97,0.98,0.01,0.01,77107.98,1776825222000
1776825223.868,223.868,0.02,0.03,0.97,0.98,0.01,0.01,77107.98,1776825222000
1776825224.263,224.263,0.01,0.03,0.97,0.98,0.02,0.01,77105.05,1776825223000
1776825224.649,224.649,0.02,0.03,0.97,0.98,0.01,0.01,77105.05,1776825223000
1776825225.1,225.1,0.01,0.02,0.98,0.99,0.01,0.01,77105.05,1776825223000
1776825225.566,225.566,0.01,0.02,0.98,0.99,0.01,0.01,77105.05,1776825223000
1776825226.098,226.098,0.01,0.02,0.98,0.99,0.01,0.01,77105.05,1776825223000
1776825226.454,226.454,0.01,0.02,0.98,0.99,0.01,0.01,77103.1,1776825224000
1776825226.794,226.794,0.01,0.02,0.98,0.99,0.01,0.01,77103.1,1776825224000
1776825227.26,227.26,0.01,0.02,0.98,0.99,0.01,0.01,77103.75,1776825226000
1776825228.148,228.148,0.01,0.02,0.98,0.99,0.01,0.01,77103.75,1776825226000
1776825229.068,229.068,0.01,0.02,0.98,0.99,0.01,0.01,77105.61,1776825227000
1776825229.479,229.479,0.01,0.02,0.98,0.99,0.01,0.01,77105.61,1776825227000
1776825229.876,229.876,0.01,0.02,0.98,0.99,0.01,0.01,77109.07,1776825228000
1776825230.568,230.568,0.01,0.02,0.98,0.99,0.01,0.01,77107.95,1776825229000
1776825231.199,231.199,0.01,0.02,0.98,0.99,0.01,0.01,77107.95,1776825229000
1776825231.658,231.658,0.01,0.02,0.98,0.99,0.01,0.01,77101.11,1776825230000
1776825232.276,232.276,0.01,0.03,0.98,0.99,0.02,0.01,77101.11,1776825230000
1776825232.617,232.617,0.02,0.03,0.97,0.98,0.01,0.01,77097.89,1776825231000
1776825233.024,233.024,0.02,0.03,0.97,0.98,0.01,0.01,77097.89,1776825231000
1776825233.363,233.363,0.01,0.03,0.97,0.98,0.02,0.01,77097.89,1776825231000
1776825234.116,234.116,0.01,0.02,0.98,0.99,0.01,0.01,77098.82,1776825233000
1776825234.917,234.917,0.01,0.02,0.98,0.99,0.01,0.01,77098.82,1776825233000
1776825235.394,235.394,0.01,0.02,0.98,0.99,0.01,0.01,77098.41,1776825234000
1776825235.729,235.729,0.01,0.02,0.98,0.99,0.01,0.01,77098.41,1776825234000
1776825236.226,236.226,0.01,0.06,0.94,0.99,0.05,0.05,77098.41,1776825234000
1776825236.719,236.719,0.02,0.03,0.97,0.98,0.01,0.01,77097.76,1776825235000
1776825237.15,237.15,0.02,0.03,0.97,0.98,0.01,0.01,77097.76,1776825235000
1776825237.973,237.973,0.01,0.02,0.98,0.99,0.01,0.01,77094.61,1776825236000
1776825238.371,238.371,0.01,0.02,0.98,0.99,0.01,0.01,77096.26,1776825237000
1776825238.757,238.757,0.01,0.02,0.98,0.99,0.01,0.01,77096.26,1776825237000
1776825239.998,239.998,0.01,0.02,0.98,0.99,0.01,0.01,77097.97,1776825238000
1776825240.36,240.36,0.01,0.02,0.98,0.99,0.01,0.01,77097.97,1776825238000
1776825240.928,240.928,0.01,0.02,0.98,0.99,0.01,0.01,77099.77,1776825239000
1776825241.296,241.296,0.01,0.02,0.98,0.99,0.01,0.01,77105.33,1776825240000
1776825241.637,241.637,0.01,0.02,0.98,0.99,0.01,0.01,77105.33,1776825240000
1776825242.0,242.0,0.01,0.02,0.98,0.99,0.01,0.01,77105.33,1776825240000
1776825242.474,242.474,0.01,0.02,0.98,0.99,0.01,0.01,77109.38,1776825241000
1776825242.863,242.863,0.01,0.02,0.98,0.99,0.01,0.01,77109.38,1776825241000
1776825243.276,243.276,0.01,0.02,0.98,0.99,0.01,0.01,77101.45,1776825242000
1776825243.661,243.661,0.01,0.02,0.98,0.99,0.01,0.01,77101.45,1776825242000
1776825244.022,244.022,0.01,0.02,0.98,0.99,0.01,0.01,77101.45,1776825242000
1776825244.403,244.403,0.01,0.02,0.98,0.99,0.01,0.01,77100.81,1776825243000
1776825244.947,244.947,0.01,0.02,0.98,0.99,0.01,0.01,77103.29,1776825244000
1776825245.304,245.304,0.01,0.02,0.98,0.99,0.01,0.01,77103.29,1776825244000
1776825245.696,245.696,0.01,0.02,0.98,0.99,0.01,0.01,77103.29,1776825244000
1776825246.082,246.082,0.01,0.02,0.98,0.99,0.01,0.01,77108.29,1776825245000
1776825246.547,246.547,0.01,0.02,0.98,0.99,0.01,0.01,77108.29,1776825245000
1776825247.085,247.085,0.01,0.02,0.98,0.99,0.01,0.01,77109.1,1776825246000
1776825247.485,247.485,0.01,0.02,0.98,0.99,0.01,0.01,77109.1,1776825246000
1776825247.853,247.853,0.01,0.02,0.98,0.99,0.01,0.01,77109.1,1776825246000
1776825248.196,248.196,0.01,0.02,0.98,0.99,0.01,0.01,77109.1,1776825246000
1776825248.832,248.832,0.01,0.02,0.98,0.99,0.01,0.01,77108.27,1776825247000
1776825249.231,249.231,0.01,0.02,0.98,0.99,0.01,0.01,77108.16,1776825248000
1776825250.019,250.019,0.01,0.02,0.98,0.99,0.01,0.01,77108.16,1776825248000
1776825250.383,250.383,0.01,0.02,0.98,0.99,0.01,0.01,77108.05,1776825249000
1776825250.719,250.719,0.01,0.02,0.98,0.99,0.01,0.01,77108.05,1776825249000
1776825251.35,251.35,0.01,0.02,0.98,0.99,0.01,0.01,77107.84,1776825250000
1776825251.881,251.881,0.01,0.02,0.98,0.99,0.01,0.01,77107.84,1776825250000
1776825252.407,252.407,0.01,0.02,0.98,0.99,0.01,0.01,77103.8,1776825251000
1776825252.978,252.978,0.01,0.02,0.98,0.99,0.01,0.01,77103.25,1776825252000
1776825254.3,254.3,0.01,0.02,0.98,0.99,0.01,0.01,77103.25,1776825252000
1776825254.713,254.713,0.01,0.02,0.98,0.99,0.01,0.01,77102.61,1776825253000
1776825255.121,255.121,0.01,0.02,0.98,0.99,0.01,0.01,77102.61,1776825253000
1776825255.508,255.508,0.01,0.02,0.98,0.99,0.01,0.01,77102.96,1776825254000
1776825256.662,256.662,0.01,0.02,0.98,0.99,0.01,0.01,77104.04,1776825255000
1776825257.003,257.003,0.01,0.02,0.98,0.99,0.01,0.01,77104.04,1776825255000
1776825257.375,257.375,0.01,0.02,0.98,0.99,0.01,0.01,77104.19,1776825256000
1776825257.981,257.981,0.01,0.02,0.98,0.99,0.01,0.01,77104.19,1776825256000
1776825258.351,258.351,0.01,0.02,0.98,0.99,0.01,0.01,77104.62,1776825257000
1776825258.791,258.791,0.01,0.02,0.98,0.99,0.01,0.01,77104.62,1776825257000
1776825259.237,259.237,0.01,0.02,0.98,0.99,0.01,0.01,77105.47,1776825258000
1776825259.674,259.674,0.01,0.01,0.99,0.99,0.0,0.0,77105.47,1776825258000
1776825260.014,260.014,0.01,0.01,0.99,0.99,0.0,0.0,77105.47,1776825258000
1776825260.39,260.39,0.01,0.01,0.99,0.99,0.0,0.0,77105.43,1776825259000
1776825260.745,260.745,0.01,0.01,0.99,0.99,0.0,0.0,77105.43,1776825259000
1776825261.3,261.3,0.01,0.01,0.99,0.99,0.0,0.0,77105.3,1776825260000
1776825262.036,262.036,0.01,0.01,0.99,0.99,0.0,0.0,77105.3,1776825260000
1776825262.453,262.453,0.01,0.01,0.99,0.99,0.0,0.0,77104.5,1776825261000
1776825263.052,263.052,0.01,0.01,0.99,0.99,0.0,0.0,77104.59,1776825262000
1776825263.707,263.707,0.01,0.01,0.99,0.99,0.0,0.0,77104.59,1776825262000
1776825264.064,264.064,0.01,0.01,0.99,0.99,0.0,0.0,77104.66,1776825263000
1776825265.241,265.241,0.01,0.01,0.99,0.99,0.0,0.0,77105.55,1776825264000
1776825265.879,265.879,0.01,0.01,0.99,0.99,0.0,0.0,77105.55,1776825264000
1776825266.554,266.554,0.01,0.01,0.99,0.99,0.0,0.0,77110.3,1776825265000
1776825267.146,267.146,0.01,0.01,0.99,0.99,0.0,0.0,77110.3,1776825266000
1776825267.808,267.808,0.01,0.01,0.99,0.99,0.0,0.0,77110.3,1776825266000
1776825268.149,268.149,0.01,0.01,0.99,0.99,0.0,0.0,77110.85,1776825267000
1776825269.788,269.788,0.01,0.01,0.99,0.99,0.0,0.0,77110.82,1776825268000
1776825270.27,270.27,0.01,0.01,0.99,0.99,0.0,0.0,77110.85,1776825269000
1776825271.407,271.407,0.01,0.01,0.99,0.99,0.0,0.0,77110.81,1776825270000
1776825272.155,272.155,0.01,0.01,0.99,0.99,0.0,0.0,77110.81,1776825270000
1776825272.978,272.978,0.01,0.01,0.99,0.99,0.0,0.0,77109.5,1776825272000
1776825273.94,273.94,0.01,0.01,0.99,0.99,0.0,0.0,77109.86,1776825273000
1776825275.078,275.078,0.01,0.01,0.99,0.99,0.0,0.0,77110.12,1776825274000
1776825276.03,276.03,0.01,0.01,0.99,0.99,0.0,0.0,77109.62,1776825275000
1776825277.19,277.19,0.01,0.01,0.99,0.99,0.0,0.0,77110.36,1776825276000
1776825278.158,278.158,0.01,0.01,0.99,0.99,0.0,0.0,77110.01,1776825277000
1776825279.179,279.179,0.01,0.01,0.99,0.99,0.0,0.0,77109.47,1776825278000
1776825280.031,280.031,0.01,0.01,0.99,0.99,0.0,0.0,77109.38,1776825279000
1776825280.987,280.987,0.01,0.01,0.99,0.99,0.0,0.0,77109.39,1776825280000
1776825281.342,281.342,0.01,0.01,0.99,0.99,0.0,0.0,77109.39,1776825280000
1776825282.074,282.074,0.01,0.01,0.99,0.99,0.0,0.0,77109.38,1776825281000
1776825283.081,283.081,0.01,0.01,0.99,0.99,0.0,0.0,77110.32,1776825282000
1776825284.212,284.212,0.01,0.01,0.99,0.99,0.0,0.0,77124.63,1776825283000
1776825284.572,284.572,0.01,0.01,0.99,0.99,0.0,0.0,77124.63,1776825283000
1776825285.253,285.253,0.01,0.01,0.99,0.99,0.0,0.0,77124.63,1776825283000
1776825286.201,286.201,0.01,0.01,0.99,0.99,0.0,0.0,77128.05,1776825285000
1776825287.171,287.171,0.01,0.01,0.99,0.99,0.0,0.0,77128.3,1776825286000
1776825288.096,288.096,0.01,0.01,0.99,0.99,0.0,0.0,77128.12,1776825287000
1776825289.105,289.105,0.01,0.01,0.99,0.99,0.0,0.0,77128.19,1776825288000
1776825290.344,290.344,0.01,0.01,0.99,0.99,0.0,0.0,77127.88,1776825289000
1776825291.051,291.051,0.01,0.01,0.99,0.99,0.0,0.0,77127.86,1776825290000
1776825291.386,291.386,0.01,0.01,0.99,0.99,0.0,0.0,77127.86,1776825290000
1776825292.342,292.342,0.01,0.01,0.99,0.99,0.0,0.0,77127.86,1776825290000
1776825292.813,292.813,0.01,0.01,0.99,0.99,0.0,0.0,77137.04,1776825291000
1776825294.054,294.054,0.01,0.01,0.99,0.99,0.0,0.0,77155.9,1776825293000
1776825294.556,294.556,0.01,0.01,0.99,0.99,0.0,0.0,77155.9,1776825293000
1776825295.161,295.161,0.01,0.01,0.99,0.99,0.0,0.0,77158.55,1776825294000
1776825296.776,296.776,0.01,0.01,0.99,0.99,0.0,0.0,77158.71,1776825295000
1776825297.376,297.376,0.01,0.01,0.99,0.99,0.0,0.0,77158.71,1776825296000
1776825298.339,298.339,0.01,0.01,0.99,0.99,0.0,0.0,77158.71,1776825297000
1776825299.452,299.452,0.01,0.01,0.99,0.99,0.0,0.0,77158.67,1776825298000
1776825299.821,299.821,0.01,0.01,0.99,0.99,0.0,0.0,77158.66,1776825299000
1776825300.157,300.157,0.01,0.01,0.99,0.99,0.0,0.0,77158.66,1776825299000
1776825300.493,300.493,0.01,0.01,0.99,0.99,0.0,0.0,77158.66,1776825299000
1776825300.886,300.886,0.01,0.01,0.99,0.99,0.0,0.0,77151.93,1776825300000
1776825301.944,301.944,0.01,0.01,0.99,0.99,0.0,0.0,77151.79,1776825301000

# RESULT,winner=Down,slug=btc-updown-5m-1776825000,ticks=632
