timestamp,elapsed_sec,up_bid,up_ask,down_bid,down_ask,up_spread,down_spread,btc_price,btc_oracle_ts
1776303300.602,0.602,0.5,0.52,0.49,0.5,0.02,0.01,74694.61,1776303299000
1776303300.941,0.941,0.51,0.52,0.48,0.49,0.01,0.01,74694.61,1776303299000
1776303301.371,1.371,0.51,0.52,0.48,0.49,0.01,0.01,74694.25,1776303300000
1776303301.84,1.84,0.51,0.52,0.48,0.49,0.01,0.01,74694.25,1776303300000
1776303302.218,2.218,0.5,0.52,0.48,0.49,0.02,0.01,74694.27,1776303301000
1776303302.656,2.656,0.48,0.51,0.49,0.5,0.03,0.01,74694.27,1776303301000
1776303303.334,3.334,0.48,0.49,0.49,0.52,0.01,0.03,74694.63,1776303302000
1776303303.683,3.683,0.48,0.49,0.51,0.52,0.01,0.01,74694.63,1776303302000
1776303304.059,4.059,0.48,0.49,0.51,0.52,0.01,0.01,74694.63,1776303302000
1776303304.599,4.599,0.48,0.49,0.51,0.52,0.01,0.01,74691.98,1776303303000
1776303304.984,4.984,0.48,0.49,0.51,0.52,0.01,0.01,74691.98,1776303303000
1776303305.43,5.43,0.48,0.49,0.51,0.52,0.01,0.01,74691.24,1776303304000
1776303305.804,5.804,0.48,0.49,0.51,0.52,0.01,0.01,74691.24,1776303304000
1776303306.22,6.22,0.48,0.49,0.51,0.52,0.01,0.01,74690.08,1776303305000
1776303306.596,6.596,0.48,0.49,0.51,0.52,0.01,0.01,74690.08,1776303305000
1776303307.032,7.032,0.46,0.48,0.52,0.54,0.02,0.02,74690.08,1776303305000
1776303307.369,7.369,0.45,0.47,0.53,0.55,0.02,0.02,74690.05,1776303306000
1776303307.723,7.723,0.45,0.46,0.54,0.55,0.01,0.01,74690.05,1776303306000
1776303308.245,8.245,0.43,0.44,0.56,0.57,0.01,0.01,74690.06,1776303307000
1776303308.675,8.675,0.43,0.44,0.56,0.57,0.01,0.01,74690.06,1776303307000
1776303309.042,9.042,0.43,0.44,0.56,0.57,0.01,0.01,74684.06,1776303308000
1776303309.521,9.521,0.43,0.44,0.56,0.57,0.01,0.01,74684.06,1776303308000
1776303309.862,9.862,0.42,0.43,0.56,0.57,0.01,0.01,74684.06,1776303308000
1776303310.334,10.334,0.42,0.43,0.57,0.58,0.01,0.01,74680.45,1776303309000
1776303310.689,10.689,0.41,0.42,0.57,0.58,0.01,0.01,74680.45,1776303309000
1776303311.13,11.13,0.41,0.42,0.58,0.59,0.01,0.01,74680.73,1776303310000
1776303311.985,11.985,0.41,0.42,0.58,0.59,0.01,0.01,74680.73,1776303310000
1776303312.609,12.609,0.37,0.39,0.58,0.64,0.02,0.06,74680.73,1776303310000
1776303313.369,13.369,0.37,0.38,0.62,0.66,0.01,0.04,74676.51,1776303311000
1776303313.759,13.759,0.37,0.38,0.62,0.63,0.01,0.01,74676.51,1776303311000
1776303314.154,14.154,0.35,0.37,0.63,0.65,0.02,0.02,74669.35,1776303312000
1776303314.491,14.491,0.33,0.35,0.65,0.67,0.02,0.02,74668.22,1776303313000
1776303314.826,14.826,0.32,0.34,0.66,0.68,0.02,0.02,74668.22,1776303313000
1776303315.176,15.176,0.33,0.34,0.66,0.67,0.01,0.01,74668.22,1776303314000
1776303315.633,15.633,0.32,0.33,0.66,0.68,0.01,0.02,74668.22,1776303314000
1776303315.995,15.995,0.29,0.31,0.69,0.71,0.02,0.02,74668.22,1776303314000
1776303316.358,16.358,0.26,0.29,0.71,0.74,0.03,0.03,74668.22,1776303314000
1776303316.697,16.697,0.26,0.27,0.73,0.74,0.01,0.01,74662.18,1776303315000
1776303317.099,17.099,0.26,0.27,0.73,0.74,0.01,0.01,74662.18,1776303315000
1776303317.454,17.454,0.26,0.27,0.73,0.74,0.01,0.01,74659.11,1776303316000
1776303318.065,18.065,0.26,0.27,0.73,0.74,0.01,0.01,74654.43,1776303317000
1776303318.4,18.4,0.28,0.31,0.69,0.72,0.03,0.03,74654.43,1776303317000
1776303319.36,19.36,0.3,0.31,0.69,0.7,0.01,0.01,74654.43,1776303317000
1776303320.005,20.005,0.3,0.31,0.69,0.7,0.01,0.01,74654.0,1776303318000
1776303320.431,20.431,0.3,0.31,0.69,0.7,0.01,0.01,74656.1,1776303319000
1776303320.789,20.789,0.3,0.31,0.69,0.7,0.01,0.01,74656.1,1776303319000
1776303321.238,21.238,0.3,0.31,0.69,0.7,0.01,0.01,74656.1,1776303319000
1776303321.607,21.607,0.29,0.31,0.69,0.71,0.02,0.02,74660.86,1776303320000
1776303321.952,21.952,0.3,0.31,0.69,0.7,0.01,0.01,74660.86,1776303320000
1776303322.297,22.297,0.29,0.31,0.69,0.7,0.02,0.01,74660.86,1776303320000
1776303322.839,22.839,0.27,0.28,0.7,0.72,0.01,0.02,74659.04,1776303321000
1776303323.364,23.364,0.27,0.28,0.72,0.73,0.01,0.01,74658.42,1776303322000
1776303323.777,23.777,0.26,0.27,0.73,0.74,0.01,0.01,74658.42,1776303322000
1776303324.285,24.285,0.26,0.27,0.73,0.74,0.01,0.01,74656.54,1776303323000
1776303324.628,24.628,0.26,0.27,0.73,0.74,0.01,0.01,74656.54,1776303323000
1776303324.971,24.971,0.26,0.27,0.73,0.74,0.01,0.01,74656.54,1776303323000
1776303325.527,25.527,0.26,0.27,0.73,0.74,0.01,0.01,74655.92,1776303324000
1776303325.878,25.878,0.25,0.27,0.73,0.75,0.02,0.02,74655.92,1776303324000
1776303326.344,26.344,0.24,0.26,0.74,0.75,0.02,0.01,74655.84,1776303325000
1776303327.395,27.395,0.24,0.26,0.74,0.76,0.02,0.02,74655.84,1776303325000
1776303327.804,27.804,0.24,0.26,0.74,0.76,0.02,0.02,74646.01,1776303326000
1776303328.184,28.184,0.24,0.25,0.74,0.75,0.01,0.01,74646.01,1776303326000
1776303328.619,28.619,0.24,0.25,0.75,0.77,0.01,0.02,74644.81,1776303327000
1776303329.144,29.144,0.24,0.25,0.75,0.76,0.01,0.01,74644.81,1776303327000
1776303329.572,29.572,0.24,0.25,0.75,0.76,0.01,0.01,74645.15,1776303328000
1776303330.179,30.179,0.24,0.25,0.75,0.76,0.01,0.01,74645.15,1776303328000
1776303330.582,30.582,0.24,0.25,0.75,0.76,0.01,0.01,74645.15,1776303328000
1776303330.918,30.918,0.25,0.28,0.72,0.75,0.03,0.03,74645.93,1776303329000
1776303331.276,31.276,0.27,0.29,0.72,0.74,0.02,0.02,74645.93,1776303330000
1776303331.724,31.724,0.28,0.29,0.71,0.72,0.01,0.01,74645.93,1776303330000
1776303332.166,32.166,0.28,0.3,0.7,0.72,0.02,0.02,74647.78,1776303331000
1776303332.821,32.821,0.29,0.3,0.7,0.71,0.01,0.01,74647.78,1776303331000
1776303333.188,33.188,0.29,0.3,0.7,0.71,0.01,0.01,74647.78,1776303331000
1776303333.59,33.59,0.29,0.3,0.7,0.71,0.01,0.01,74655.03,1776303332000
1776303333.967,33.967,0.29,0.3,0.7,0.71,0.01,0.01,74655.03,1776303332000
1776303334.321,34.321,0.29,0.3,0.7,0.71,0.01,0.01,74656.13,1776303333000
1776303334.667,34.667,0.29,0.3,0.7,0.71,0.01,0.01,74656.13,1776303333000
1776303335.107,35.107,0.29,0.3,0.7,0.71,0.01,0.01,74656.13,1776303333000
1776303335.446,35.446,0.29,0.3,0.7,0.71,0.01,0.01,74657.49,1776303334000
1776303335.952,35.952,0.32,0.33,0.67,0.68,0.01,0.01,74657.49,1776303334000
1776303336.298,36.298,0.32,0.33,0.67,0.68,0.01,0.01,74657.49,1776303334000
1776303336.639,36.639,0.32,0.33,0.67,0.68,0.01,0.01,74658.32,1776303335000
1776303337.078,37.078,0.32,0.33,0.67,0.68,0.01,0.01,74658.32,1776303335000
1776303337.637,37.637,0.32,0.33,0.67,0.68,0.01,0.01,74661.83,1776303336000
1776303337.982,37.982,0.32,0.33,0.67,0.68,0.01,0.01,74661.83,1776303336000
1776303338.4,38.4,0.32,0.33,0.67,0.68,0.01,0.01,74661.83,1776303336000
1776303338.747,38.747,0.32,0.33,0.67,0.68,0.01,0.01,74664.67,1776303337000
1776303339.272,39.272,0.32,0.33,0.67,0.68,0.01,0.01,74664.71,1776303338000
1776303339.648,39.648,0.32,0.33,0.67,0.68,0.01,0.01,74664.71,1776303338000
1776303340.033,40.033,0.32,0.33,0.67,0.68,0.01,0.01,74664.72,1776303339000
1776303340.513,40.513,0.32,0.33,0.67,0.68,0.01,0.01,74664.72,1776303339000
1776303340.912,40.912,0.32,0.33,0.67,0.68,0.01,0.01,74664.72,1776303339000
1776303341.386,41.386,0.32,0.33,0.67,0.68,0.01,0.01,74664.69,1776303340000
1776303341.932,41.932,0.32,0.33,0.67,0.68,0.01,0.01,74664.69,1776303340000
1776303342.405,42.405,0.32,0.33,0.67,0.68,0.01,0.01,74664.72,1776303341000
1776303343.007,43.007,0.32,0.33,0.67,0.68,0.01,0.01,74664.72,1776303341000
1776303343.519,43.519,0.32,0.33,0.67,0.68,0.01,0.01,74664.72,1776303342000
1776303343.933,43.933,0.32,0.33,0.67,0.68,0.01,0.01,74664.72,1776303342000
1776303344.367,44.367,0.32,0.33,0.67,0.68,0.01,0.01,74664.71,1776303343000
1776303344.996,44.996,0.31,0.32,0.67,0.68,0.01,0.01,74664.71,1776303343000
1776303345.559,45.559,0.31,0.32,0.68,0.69,0.01,0.01,74664.71,1776303344000
1776303346.135,46.135,0.32,0.33,0.67,0.68,0.01,0.01,74664.71,1776303344000
1776303346.468,46.468,0.32,0.33,0.67,0.68,0.01,0.01,74664.71,1776303345000
1776303347.248,47.248,0.32,0.33,0.67,0.68,0.01,0.01,74664.71,1776303345000
1776303347.622,47.622,0.32,0.33,0.67,0.68,0.01,0.01,74664.75,1776303346000
1776303348.017,48.017,0.32,0.33,0.67,0.68,0.01,0.01,74664.75,1776303347000
1776303348.467,48.467,0.31,0.32,0.67,0.69,0.01,0.02,74664.75,1776303347000
1776303348.858,48.858,0.31,0.32,0.68,0.69,0.01,0.01,74664.75,1776303347000
1776303349.243,49.243,0.31,0.32,0.68,0.69,0.01,0.01,74664.75,1776303348000
1776303349.911,49.911,0.31,0.32,0.68,0.69,0.01,0.01,74664.75,1776303348000
1776303350.258,50.258,0.31,0.32,0.68,0.69,0.01,0.01,74664.71,1776303349000
1776303351.408,51.408,0.32,0.33,0.67,0.68,0.01,0.01,74664.71,1776303350000
1776303351.743,51.743,0.33,0.34,0.66,0.67,0.01,0.01,74664.71,1776303350000
1776303352.137,52.137,0.33,0.34,0.66,0.67,0.01,0.01,74664.71,1776303351000
1776303352.653,52.653,0.34,0.35,0.65,0.66,0.01,0.01,74664.71,1776303351000
1776303352.998,52.998,0.34,0.35,0.65,0.66,0.01,0.01,74664.71,1776303351000
1776303353.475,53.475,0.34,0.35,0.65,0.66,0.01,0.01,74667.21,1776303352000
1776303354.027,54.027,0.35,0.36,0.64,0.65,0.01,0.01,74667.21,1776303352000
1776303354.452,54.452,0.35,0.36,0.64,0.65,0.01,0.01,74671.21,1776303353000
1776303354.787,54.787,0.35,0.36,0.64,0.65,0.01,0.01,74671.21,1776303353000
1776303355.189,55.189,0.3,0.31,0.69,0.7,0.01,0.01,74671.21,1776303353000
1776303355.569,55.569,0.3,0.31,0.69,0.7,0.01,0.01,74671.68,1776303354000
1776303356.009,56.009,0.28,0.3,0.7,0.72,0.02,0.02,74671.68,1776303354000
1776303356.374,56.374,0.28,0.29,0.71,0.72,0.01,0.01,74670.01,1776303355000
1776303356.782,56.782,0.28,0.29,0.71,0.72,0.01,0.01,74670.01,1776303355000
1776303357.128,57.128,0.27,0.28,0.71,0.73,0.01,0.02,74670.01,1776303355000
1776303357.497,57.497,0.27,0.28,0.72,0.73,0.01,0.01,74664.49,1776303356000
1776303357.881,57.881,0.27,0.28,0.72,0.73,0.01,0.01,74664.49,1776303356000
1776303358.217,58.217,0.27,0.28,0.72,0.73,0.01,0.01,74664.49,1776303356000
1776303358.554,58.554,0.27,0.28,0.72,0.73,0.01,0.01,74662.06,1776303357000
1776303359.021,59.021,0.27,0.28,0.72,0.73,0.01,0.01,74662.06,1776303357000
1776303359.39,59.39,0.27,0.28,0.72,0.73,0.01,0.01,74662.02,1776303358000
1776303359.883,59.883,0.27,0.28,0.72,0.73,0.01,0.01,74662.03,1776303359000
1776303360.222,60.222,0.27,0.28,0.72,0.73,0.01,0.01,74662.03,1776303359000
1776303360.56,60.56,0.27,0.28,0.72,0.73,0.01,0.01,74662.03,1776303359000
1776303360.939,60.939,0.26,0.27,0.73,0.74,0.01,0.01,74662.02,1776303360000
1776303361.475,61.475,0.26,0.27,0.73,0.74,0.01,0.01,74662.02,1776303360000
1776303361.826,61.826,0.26,0.27,0.73,0.74,0.01,0.01,74662.02,1776303360000
1776303362.164,62.164,0.26,0.27,0.73,0.74,0.01,0.01,74662.01,1776303361000
1776303362.499,62.499,0.26,0.27,0.73,0.74,0.01,0.01,74662.01,1776303361000
1776303362.858,62.858,0.26,0.27,0.73,0.74,0.01,0.01,74662.01,1776303361000
1776303363.416,63.416,0.26,0.27,0.72,0.74,0.01,0.02,74661.9,1776303362000
1776303363.759,63.759,0.26,0.27,0.73,0.74,0.01,0.01,74661.9,1776303362000
1776303364.109,64.109,0.26,0.27,0.73,0.74,0.01,0.01,74659.36,1776303363000
1776303364.501,64.501,0.26,0.27,0.73,0.74,0.01,0.01,74659.36,1776303363000
1776303365.089,65.089,0.26,0.27,0.73,0.74,0.01,0.01,74659.36,1776303363000
1776303365.427,65.427,0.26,0.27,0.73,0.74,0.01,0.01,74659.6,1776303364000
1776303365.814,65.814,0.26,0.27,0.73,0.74,0.01,0.01,74659.6,1776303364000
1776303366.166,66.166,0.26,0.27,0.73,0.74,0.01,0.01,74659.6,1776303364000
1776303366.58,66.58,0.28,0.29,0.71,0.74,0.01,0.03,74660.44,1776303365000
1776303366.932,66.932,0.26,0.27,0.73,0.74,0.01,0.01,74660.44,1776303365000
1776303367.297,67.297,0.25,0.26,0.74,0.75,0.01,0.01,74661.08,1776303366000
1776303367.77,67.77,0.24,0.25,0.74,0.76,0.01,0.02,74661.08,1776303366000
1776303368.238,68.238,0.24,0.25,0.75,0.76,0.01,0.01,74661.08,1776303366000
1776303368.948,68.948,0.24,0.25,0.75,0.76,0.01,0.01,74660.16,1776303367000
1776303369.414,69.414,0.23,0.24,0.76,0.77,0.01,0.01,74658.47,1776303368000
1776303369.841,69.841,0.23,0.24,0.76,0.77,0.01,0.01,74658.47,1776303368000
1776303370.405,70.405,0.23,0.24,0.76,0.77,0.01,0.01,74656.09,1776303369000
1776303370.907,70.907,0.22,0.23,0.77,0.78,0.01,0.01,74652.4,1776303370000
1776303371.664,71.664,0.22,0.23,0.77,0.78,0.01,0.01,74652.4,1776303370000
1776303372.062,72.062,0.22,0.23,0.77,0.78,0.01,0.01,74650.54,1776303371000
1776303372.474,72.474,0.21,0.22,0.77,0.78,0.01,0.01,74650.54,1776303371000
1776303373.042,73.042,0.21,0.22,0.78,0.79,0.01,0.01,74650.54,1776303371000
1776303373.387,73.387,0.21,0.22,0.78,0.79,0.01,0.01,74649.07,1776303372000
1776303373.758,73.758,0.21,0.22,0.78,0.79,0.01,0.01,74649.07,1776303372000
1776303374.1,74.1,0.2,0.21,0.79,0.8,0.01,0.01,74649.07,1776303372000
1776303374.454,74.454,0.2,0.21,0.79,0.8,0.01,0.01,74649.07,1776303372000
1776303374.79,74.79,0.2,0.21,0.79,0.8,0.01,0.01,74649.07,1776303372000
1776303375.155,75.155,0.2,0.21,0.79,0.8,0.01,0.01,74649.07,1776303372000
1776303375.577,75.577,0.2,0.21,0.79,0.8,0.01,0.01,74648.3,1776303374000
1776303376.076,76.076,0.2,0.21,0.79,0.8,0.01,0.01,74648.3,1776303374000
1776303376.427,76.427,0.2,0.21,0.79,0.8,0.01,0.01,74648.31,1776303375000
1776303377.084,77.084,0.2,0.21,0.79,0.8,0.01,0.01,74648.31,1776303375000
1776303377.598,77.598,0.19,0.21,0.79,0.81,0.02,0.02,74648.32,1776303376000
1776303377.957,77.957,0.19,0.2,0.8,0.81,0.01,0.01,74648.32,1776303376000
1776303378.302,78.302,0.17,0.18,0.82,0.83,0.01,0.01,74648.74,1776303377000
1776303378.681,78.681,0.17,0.18,0.82,0.83,0.01,0.01,74648.74,1776303377000
1776303379.144,79.144,0.17,0.21,0.79,0.83,0.04,0.04,74648.33,1776303378000
1776303379.495,79.495,0.19,0.2,0.8,0.81,0.01,0.01,74648.33,1776303378000
1776303380.016,80.016,0.21,0.22,0.78,0.79,0.01,0.01,74648.33,1776303378000
1776303380.35,80.35,0.21,0.22,0.78,0.79,0.01,0.01,74648.33,1776303378000
1776303380.851,80.851,0.21,0.22,0.78,0.79,0.01,0.01,74647.16,1776303379000
1776303381.187,81.187,0.21,0.22,0.78,0.79,0.01,0.01,74647.16,1776303379000
1776303381.614,81.614,0.21,0.22,0.78,0.79,0.01,0.01,74649.27,1776303380000
1776303381.963,81.963,0.22,0.23,0.77,0.78,0.01,0.01,74649.27,1776303380000
1776303382.775,82.775,0.24,0.25,0.75,0.76,0.01,0.01,74651.69,1776303381000
1776303383.556,83.556,0.24,0.25,0.75,0.76,0.01,0.01,74652.12,1776303382000
1776303384.297,84.297,0.24,0.25,0.75,0.76,0.01,0.01,74652.12,1776303382000
1776303384.721,84.721,0.24,0.25,0.75,0.76,0.01,0.01,74653.67,1776303383000
1776303385.169,85.169,0.24,0.25,0.75,0.76,0.01,0.01,74653.67,1776303383000
1776303385.597,85.597,0.26,0.27,0.75,0.76,0.01,0.01,74653.82,1776303384000
1776303386.108,86.108,0.3,0.31,0.69,0.72,0.01,0.03,74653.82,1776303384000
1776303386.548,86.548,0.31,0.32,0.68,0.7,0.01,0.02,74653.82,1776303384000
1776303386.906,86.906,0.33,0.34,0.66,0.67,0.01,0.01,74653.82,1776303384000
1776303387.266,87.266,0.33,0.34,0.66,0.67,0.01,0.01,74653.92,1776303385000
1776303387.759,87.759,0.33,0.34,0.66,0.67,0.01,0.01,74660.29,1776303386000
1776303388.276,88.276,0.34,0.35,0.66,0.67,0.01,0.01,74660.29,1776303386000
1776303388.626,88.626,0.34,0.35,0.65,0.66,0.01,0.01,74663.36,1776303387000
1776303388.961,88.961,0.34,0.35,0.65,0.66,0.01,0.01,74663.36,1776303387000
1776303389.354,89.354,0.32,0.33,0.65,0.68,0.01,0.03,74663.36,1776303387000
1776303389.704,89.704,0.29,0.3,0.7,0.71,0.01,0.01,74664.36,1776303388000
1776303390.06,90.06,0.27,0.3,0.7,0.71,0.03,0.01,74664.36,1776303388000
1776303390.428,90.428,0.28,0.29,0.71,0.72,0.01,0.01,74664.39,1776303389000
1776303390.772,90.772,0.27,0.28,0.72,0.73,0.01,0.01,74664.39,1776303389000
1776303391.123,91.123,0.27,0.28,0.72,0.73,0.01,0.01,74664.39,1776303389000
1776303391.472,91.472,0.26,0.27,0.72,0.73,0.01,0.01,74664.39,1776303389000
1776303391.824,91.824,0.26,0.27,0.73,0.74,0.01,0.01,74664.39,1776303389000
1776303392.255,92.255,0.26,0.27,0.73,0.74,0.01,0.01,74664.39,1776303389000
1776303392.596,92.596,0.26,0.27,0.73,0.74,0.01,0.01,74661.34,1776303391000
1776303393.037,93.037,0.26,0.27,0.73,0.74,0.01,0.01,74661.34,1776303391000
1776303393.813,93.813,0.25,0.26,0.73,0.74,0.01,0.01,74661.34,1776303391000
1776303394.17,94.17,0.25,0.26,0.74,0.75,0.01,0.01,74660.04,1776303392000
1776303395.055,95.055,0.25,0.26,0.74,0.75,0.01,0.01,74660.04,1776303393000
1776303395.419,95.419,0.25,0.26,0.74,0.75,0.01,0.01,74660.04,1776303393000
1776303395.98,95.98,0.25,0.26,0.74,0.75,0.01,0.01,74657.41,1776303394000
1776303396.546,96.546,0.25,0.26,0.74,0.75,0.01,0.01,74657.41,1776303394000
1776303397.003,97.003,0.24,0.25,0.75,0.76,0.01,0.01,74656.64,1776303395000
1776303397.579,97.579,0.24,0.25,0.75,0.76,0.01,0.01,74656.65,1776303396000
1776303397.934,97.934,0.21,0.22,0.77,0.79,0.01,0.02,74656.65,1776303396000
1776303398.433,98.433,0.21,0.22,0.78,0.79,0.01,0.01,74656.65,1776303397000
1776303398.976,98.976,0.21,0.22,0.78,0.79,0.01,0.01,74656.65,1776303397000
1776303399.569,99.569,0.22,0.23,0.77,0.78,0.01,0.01,74656.65,1776303397000
1776303399.916,99.916,0.23,0.24,0.76,0.77,0.01,0.01,74656.65,1776303397000
1776303400.544,100.544,0.23,0.24,0.76,0.77,0.01,0.01,74656.65,1776303397000
1776303400.894,100.894,0.25,0.26,0.74,0.75,0.01,0.01,74656.65,1776303397000
1776303401.801,101.801,0.25,0.27,0.74,0.75,0.02,0.01,74656.65,1776303397000
1776303402.283,102.283,0.26,0.27,0.73,0.74,0.01,0.01,74654.38,1776303400000
1776303402.753,102.753,0.26,0.28,0.73,0.74,0.02,0.01,74654.95,1776303401000
1776303403.1,103.1,0.27,0.28,0.72,0.73,0.01,0.01,74656.09,1776303402000
1776303403.817,103.817,0.27,0.28,0.72,0.73,0.01,0.01,74656.09,1776303402000
1776303404.16,104.16,0.27,0.28,0.72,0.73,0.01,0.01,74657.88,1776303403000
1776303405.192,105.192,0.27,0.28,0.72,0.73,0.01,0.01,74657.88,1776303403000
1776303405.626,105.626,0.27,0.28,0.72,0.73,0.01,0.01,74658.85,1776303404000
1776303406.374,106.374,0.28,0.29,0.71,0.72,0.01,0.01,74658.85,1776303404000
1776303406.838,106.838,0.28,0.29,0.71,0.72,0.01,0.01,74659.14,1776303405000
1776303407.731,107.731,0.28,0.29,0.71,0.72,0.01,0.01,74659.34,1776303406000
1776303408.122,108.122,0.28,0.29,0.71,0.72,0.01,0.01,74663.7,1776303407000
1776303408.727,108.727,0.24,0.26,0.73,0.76,0.02,0.03,74663.7,1776303407000
1776303409.21,109.21,0.23,0.24,0.76,0.77,0.01,0.01,74664.69,1776303408000
1776303409.572,109.572,0.23,0.24,0.76,0.77,0.01,0.01,74664.69,1776303408000
1776303409.943,109.943,0.22,0.23,0.76,0.77,0.01,0.01,74664.69,1776303408000
1776303410.493,110.493,0.22,0.23,0.77,0.78,0.01,0.01,74659.36,1776303409000
1776303410.882,110.882,0.22,0.23,0.77,0.78,0.01,0.01,74659.36,1776303409000
1776303411.572,111.572,0.22,0.23,0.77,0.78,0.01,0.01,74657.65,1776303410000
1776303412.004,112.004,0.22,0.23,0.75,0.78,0.01,0.03,74657.65,1776303410000
1776303412.385,112.385,0.21,0.23,0.77,0.78,0.02,0.01,74656.28,1776303411000
1776303412.964,112.964,0.21,0.22,0.78,0.79,0.01,0.01,74656.28,1776303411000
1776303413.492,113.492,0.21,0.22,0.78,0.79,0.01,0.01,74655.97,1776303412000
1776303413.982,113.982,0.21,0.22,0.78,0.79,0.01,0.01,74655.97,1776303412000
1776303414.324,114.324,0.21,0.22,0.78,0.79,0.01,0.01,74653.85,1776303413000
1776303415.155,115.155,0.21,0.22,0.78,0.79,0.01,0.01,74653.85,1776303413000
1776303415.593,115.593,0.21,0.22,0.78,0.79,0.01,0.01,74652.78,1776303414000
1776303415.952,115.952,0.21,0.22,0.78,0.79,0.01,0.01,74652.78,1776303414000
1776303416.523,116.523,0.21,0.22,0.78,0.79,0.01,0.01,74652.3,1776303415000
1776303416.91,116.91,0.21,0.22,0.78,0.79,0.01,0.01,74652.3,1776303415000
1776303417.263,117.263,0.21,0.22,0.78,0.79,0.01,0.01,74651.41,1776303416000
1776303417.618,117.618,0.21,0.22,0.78,0.79,0.01,0.01,74651.41,1776303416000
1776303418.032,118.032,0.2,0.22,0.78,0.8,0.02,0.02,74650.86,1776303417000
1776303418.375,118.375,0.19,0.2,0.8,0.81,0.01,0.01,74650.86,1776303417000
1776303418.759,118.759,0.18,0.19,0.81,0.82,0.01,0.01,74650.86,1776303417000
1776303419.202,119.202,0.18,0.19,0.81,0.82,0.01,0.01,74649.55,1776303418000
1776303419.564,119.564,0.18,0.19,0.81,0.82,0.01,0.01,74649.55,1776303418000
1776303419.959,119.959,0.16,0.17,0.82,0.84,0.01,0.02,74649.55,1776303418000
1776303420.347,120.347,0.16,0.17,0.83,0.84,0.01,0.01,74645.94,1776303419000
1776303420.737,120.737,0.16,0.17,0.83,0.84,0.01,0.01,74645.94,1776303419000
1776303421.147,121.147,0.16,0.17,0.83,0.84,0.01,0.01,74642.8,1776303420000
1776303421.489,121.489,0.16,0.17,0.83,0.84,0.01,0.01,74642.8,1776303420000
1776303421.826,121.826,0.16,0.17,0.83,0.84,0.01,0.01,74642.8,1776303420000
1776303422.195,122.195,0.16,0.17,0.83,0.84,0.01,0.01,74641.52,1776303421000
1776303422.832,122.832,0.16,0.17,0.83,0.84,0.01,0.01,74641.52,1776303421000
1776303423.201,123.201,0.16,0.17,0.83,0.84,0.01,0.01,74640.87,1776303422000
1776303423.589,123.589,0.16,0.17,0.83,0.84,0.01,0.01,74640.87,1776303422000
1776303423.925,123.925,0.16,0.17,0.83,0.84,0.01,0.01,74640.87,1776303422000
1776303424.494,124.494,0.16,0.17,0.83,0.84,0.01,0.01,74641.02,1776303423000
1776303424.889,124.889,0.16,0.17,0.83,0.84,0.01,0.01,74641.02,1776303423000
1776303425.395,125.395,0.16,0.17,0.83,0.84,0.01,0.01,74641.2,1776303424000
1776303425.94,125.94,0.16,0.17,0.83,0.84,0.01,0.01,74641.83,1776303425000
1776303426.285,126.285,0.16,0.17,0.83,0.84,0.01,0.01,74641.83,1776303425000
1776303426.671,126.671,0.16,0.17,0.83,0.84,0.01,0.01,74641.83,1776303425000
1776303427.322,127.322,0.16,0.17,0.83,0.84,0.01,0.01,74641.84,1776303426000
1776303427.798,127.798,0.16,0.17,0.83,0.84,0.01,0.01,74641.84,1776303426000
1776303428.369,128.369,0.16,0.17,0.83,0.84,0.01,0.01,74641.84,1776303427000
1776303428.963,128.963,0.15,0.16,0.83,0.84,0.01,0.01,74641.84,1776303427000
1776303429.487,129.487,0.15,0.16,0.84,0.85,0.01,0.01,74641.84,1776303427000
1776303429.855,129.855,0.13,0.14,0.86,0.87,0.01,0.01,74641.84,1776303427000
1776303430.234,130.234,0.1,0.13,0.87,0.89,0.03,0.02,74641.69,1776303428000
1776303430.608,130.608,0.11,0.12,0.88,0.9,0.01,0.02,74641.69,1776303429000
1776303430.958,130.958,0.11,0.12,0.88,0.89,0.01,0.01,74641.69,1776303429000
1776303431.297,131.297,0.1,0.11,0.89,0.9,0.01,0.01,74639.93,1776303430000
1776303431.826,131.826,0.1,0.11,0.89,0.9,0.01,0.01,74639.93,1776303430000
1776303432.203,132.203,0.15,0.16,0.84,0.85,0.01,0.01,74631.42,1776303431000
1776303432.55,132.55,0.15,0.16,0.84,0.85,0.01,0.01,74631.42,1776303431000
1776303432.987,132.987,0.15,0.16,0.84,0.85,0.01,0.01,74631.42,1776303431000
1776303433.344,133.344,0.14,0.15,0.85,0.86,0.01,0.01,74626.79,1776303432000
1776303433.698,133.698,0.15,0.16,0.84,0.85,0.01,0.01,74626.79,1776303432000
1776303434.045,134.045,0.15,0.16,0.84,0.85,0.01,0.01,74626.79,1776303432000
1776303434.393,134.393,0.16,0.17,0.83,0.84,0.01,0.01,74626.57,1776303433000
1776303434.742,134.742,0.16,0.17,0.83,0.84,0.01,0.01,74626.57,1776303433000
1776303435.231,135.231,0.16,0.17,0.83,0.84,0.01,0.01,74626.77,1776303434000
1776303435.617,135.617,0.16,0.17,0.83,0.84,0.01,0.01,74626.77,1776303434000
1776303435.958,135.958,0.16,0.17,0.83,0.84,0.01,0.01,74626.77,1776303434000
1776303436.303,136.303,0.16,0.17,0.83,0.84,0.01,0.01,74627.57,1776303435000
1776303436.794,136.794,0.16,0.17,0.83,0.84,0.01,0.01,74627.57,1776303435000
1776303437.191,137.191,0.16,0.17,0.83,0.84,0.01,0.01,74627.67,1776303436000
1776303437.534,137.534,0.16,0.17,0.83,0.84,0.01,0.01,74627.67,1776303436000
1776303437.903,137.903,0.16,0.17,0.83,0.84,0.01,0.01,74627.67,1776303436000
1776303438.485,138.485,0.15,0.17,0.84,0.85,0.02,0.01,74627.67,1776303437000
1776303438.856,138.856,0.15,0.16,0.84,0.85,0.01,0.01,74627.67,1776303437000
1776303439.299,139.299,0.16,0.17,0.83,0.84,0.01,0.01,74627.67,1776303437000
1776303439.658,139.658,0.16,0.17,0.83,0.84,0.01,0.01,74627.54,1776303438000
1776303440.089,140.089,0.16,0.17,0.83,0.84,0.01,0.01,74627.54,1776303438000
1776303440.701,140.701,0.16,0.17,0.83,0.84,0.01,0.01,74627.54,1776303439000
1776303441.098,141.098,0.16,0.17,0.83,0.84,0.01,0.01,74627.54,1776303439000
1776303441.699,141.699,0.16,0.17,0.83,0.84,0.01,0.01,74627.55,1776303440000
1776303442.149,142.149,0.16,0.17,0.83,0.84,0.01,0.01,74627.55,1776303440000
1776303442.654,142.654,0.16,0.17,0.82,0.84,0.01,0.02,74627.57,1776303441000
1776303443.316,143.316,0.16,0.17,0.83,0.84,0.01,0.01,74627.57,1776303442000
1776303443.739,143.739,0.16,0.17,0.83,0.84,0.01,0.01,74627.57,1776303442000
1776303444.078,144.078,0.16,0.17,0.83,0.84,0.01,0.01,74627.57,1776303442000
1776303444.532,144.532,0.17,0.18,0.82,0.84,0.01,0.02,74627.57,1776303442000
1776303444.872,144.872,0.17,0.18,0.82,0.83,0.01,0.01,74627.59,1776303443000
1776303445.207,145.207,0.17,0.18,0.82,0.83,0.01,0.01,74627.59,1776303443000
1776303445.605,145.605,0.17,0.18,0.82,0.83,0.01,0.01,74627.96,1776303444000
1776303446.104,146.104,0.17,0.18,0.82,0.83,0.01,0.01,74627.96,1776303444000
1776303446.445,146.445,0.17,0.18,0.82,0.83,0.01,0.01,74629.21,1776303445000
1776303446.813,146.813,0.17,0.18,0.82,0.83,0.01,0.01,74629.21,1776303445000
1776303447.251,147.251,0.17,0.18,0.82,0.83,0.01,0.01,74629.21,1776303445000
1776303447.662,147.662,0.17,0.18,0.82,0.83,0.01,0.01,74629.58,1776303446000
1776303447.997,147.997,0.17,0.18,0.82,0.83,0.01,0.01,74629.58,1776303447000
1776303448.544,148.544,0.17,0.18,0.82,0.83,0.01,0.01,74629.58,1776303447000
1776303448.915,148.915,0.18,0.19,0.81,0.82,0.01,0.01,74629.58,1776303447000
1776303449.311,149.311,0.18,0.19,0.81,0.82,0.01,0.01,74629.25,1776303448000
1776303449.754,149.754,0.16,0.17,0.83,0.84,0.01,0.01,74629.25,1776303448000
1776303450.153,150.153,0.16,0.17,0.83,0.84,0.01,0.01,74629.25,1776303448000
1776303450.487,150.487,0.16,0.18,0.83,0.84,0.02,0.01,74628.08,1776303449000
1776303450.891,150.891,0.16,0.17,0.83,0.84,0.01,0.01,74628.08,1776303449000
1776303451.225,151.225,0.16,0.17,0.83,0.84,0.01,0.01,74628.08,1776303449000
1776303451.656,151.656,0.16,0.17,0.83,0.84,0.01,0.01,74627.99,1776303450000
1776303452.115,152.115,0.16,0.17,0.83,0.84,0.01,0.01,74627.99,1776303450000
1776303452.497,152.497,0.16,0.17,0.83,0.84,0.01,0.01,74627.97,1776303451000
1776303452.945,152.945,0.16,0.17,0.83,0.84,0.01,0.01,74627.95,1776303452000
1776303453.334,153.334,0.16,0.17,0.83,0.84,0.01,0.01,74627.95,1776303452000
1776303453.696,153.696,0.16,0.17,0.83,0.84,0.01,0.01,74627.95,1776303452000
1776303454.078,154.078,0.16,0.17,0.83,0.84,0.01,0.01,74627.95,1776303452000
1776303454.544,154.544,0.16,0.17,0.83,0.84,0.01,0.01,74627.76,1776303453000
1776303454.933,154.933,0.17,0.18,0.82,0.84,0.01,0.02,74627.76,1776303453000
1776303455.335,155.335,0.17,0.18,0.82,0.83,0.01,0.01,74627.51,1776303454000
1776303455.721,155.721,0.17,0.18,0.82,0.83,0.01,0.01,74627.51,1776303454000
1776303456.054,156.054,0.17,0.18,0.82,0.83,0.01,0.01,74627.51,1776303454000
1776303456.388,156.388,0.17,0.18,0.82,0.83,0.01,0.01,74627.49,1776303455000
1776303456.738,156.738,0.16,0.17,0.83,0.84,0.01,0.01,74627.49,1776303455000
1776303457.22,157.22,0.16,0.17,0.83,0.84,0.01,0.01,74627.49,1776303455000
1776303457.611,157.611,0.16,0.17,0.83,0.84,0.01,0.01,74627.7,1776303456000
1776303458.07,158.07,0.16,0.18,0.82,0.84,0.02,0.02,74628.06,1776303457000
1776303458.404,158.404,0.17,0.18,0.82,0.83,0.01,0.01,74628.06,1776303457000
1776303458.765,158.765,0.17,0.18,0.82,0.83,0.01,0.01,74628.06,1776303457000
1776303459.135,159.135,0.17,0.18,0.82,0.83,0.01,0.01,74628.06,1776303457000
1776303459.703,159.703,0.17,0.18,0.82,0.83,0.01,0.01,74628.03,1776303458000
1776303460.057,160.057,0.17,0.18,0.82,0.83,0.01,0.01,74628.03,1776303458000
1776303460.449,160.449,0.17,0.18,0.82,0.83,0.01,0.01,74627.97,1776303459000
1776303460.82,160.82,0.17,0.18,0.82,0.83,0.01,0.01,74627.97,1776303459000
1776303461.286,161.286,0.18,0.19,0.81,0.82,0.01,0.01,74627.97,1776303459000
1776303461.898,161.898,0.18,0.19,0.81,0.82,0.01,0.01,74627.97,1776303460000
1776303462.508,162.508,0.18,0.19,0.81,0.82,0.01,0.01,74627.98,1776303461000
1776303462.867,162.867,0.18,0.19,0.81,0.82,0.01,0.01,74627.98,1776303461000
1776303463.288,163.288,0.18,0.19,0.81,0.82,0.01,0.01,74628.96,1776303462000
1776303463.775,163.775,0.18,0.19,0.81,0.82,0.01,0.01,74628.96,1776303462000
1776303464.114,164.114,0.18,0.2,0.81,0.82,0.02,0.01,74628.96,1776303462000
1776303464.522,164.522,0.19,0.2,0.8,0.81,0.01,0.01,74629.61,1776303463000
1776303465.012,165.012,0.19,0.2,0.8,0.81,0.01,0.01,74629.56,1776303464000
1776303465.397,165.397,0.19,0.2,0.8,0.81,0.01,0.01,74629.56,1776303464000
1776303465.861,165.861,0.19,0.2,0.8,0.81,0.01,0.01,74629.56,1776303464000
1776303466.206,166.206,0.19,0.2,0.8,0.81,0.01,0.01,74634.17,1776303465000
1776303466.575,166.575,0.19,0.2,0.8,0.81,0.01,0.01,74634.17,1776303465000
1776303466.928,166.928,0.19,0.2,0.8,0.81,0.01,0.01,74634.17,1776303465000
1776303467.354,167.354,0.19,0.2,0.8,0.81,0.01,0.01,74634.17,1776303465000
1776303467.696,167.696,0.19,0.2,0.8,0.81,0.01,0.01,74645.4,1776303466000
1776303468.031,168.031,0.19,0.2,0.8,0.81,0.01,0.01,74647.22,1776303467000
1776303468.374,168.374,0.16,0.17,0.83,0.84,0.01,0.01,74647.22,1776303467000
1776303468.793,168.793,0.15,0.17,0.83,0.85,0.02,0.02,74647.22,1776303467000
1776303469.148,169.148,0.14,0.16,0.84,0.86,0.02,0.02,74647.22,1776303467000
1776303469.496,169.496,0.15,0.16,0.84,0.85,0.01,0.01,74645.42,1776303468000
1776303469.863,169.863,0.15,0.16,0.84,0.85,0.01,0.01,74645.42,1776303468000
1776303470.262,170.262,0.13,0.14,0.85,0.88,0.01,0.03,74637.08,1776303469000
1776303470.63,170.63,0.13,0.14,0.86,0.87,0.01,0.01,74637.08,1776303469000
1776303470.97,170.97,0.13,0.14,0.86,0.87,0.01,0.01,74637.08,1776303469000
1776303471.304,171.304,0.13,0.14,0.86,0.87,0.01,0.01,74634.18,1776303470000
1776303471.648,171.648,0.13,0.14,0.86,0.87,0.01,0.01,74634.18,1776303470000
1776303472.007,172.007,0.13,0.14,0.86,0.87,0.01,0.01,74634.18,1776303470000
1776303472.363,172.363,0.14,0.15,0.85,0.86,0.01,0.01,74634.18,1776303471000
1776303472.725,172.725,0.15,0.16,0.84,0.85,0.01,0.01,74634.18,1776303471000
1776303473.147,173.147,0.15,0.16,0.84,0.85,0.01,0.01,74634.18,1776303471000
1776303473.499,173.499,0.14,0.15,0.85,0.86,0.01,0.01,74634.18,1776303471000
1776303473.836,173.836,0.14,0.15,0.85,0.86,0.01,0.01,74634.18,1776303471000
1776303474.258,174.258,0.14,0.15,0.85,0.86,0.01,0.01,74634.17,1776303472000
1776303474.597,174.597,0.14,0.15,0.85,0.86,0.01,0.01,74634.17,1776303472000
1776303475.003,175.003,0.14,0.15,0.85,0.86,0.01,0.01,74634.3,1776303473000
1776303475.368,175.368,0.14,0.15,0.85,0.86,0.01,0.01,74634.52,1776303474000
1776303475.704,175.704,0.14,0.15,0.85,0.86,0.01,0.01,74634.52,1776303474000
1776303476.064,176.064,0.13,0.14,0.86,0.87,0.01,0.01,74634.52,1776303474000
1776303476.422,176.422,0.12,0.13,0.87,0.88,0.01,0.01,74635.11,1776303475000
1776303476.757,176.757,0.12,0.13,0.87,0.88,0.01,0.01,74635.11,1776303475000
1776303477.152,177.152,0.12,0.13,0.87,0.88,0.01,0.01,74635.11,1776303475000
1776303477.62,177.62,0.12,0.13,0.87,0.88,0.01,0.01,74635.11,1776303476000
1776303477.969,177.969,0.12,0.13,0.87,0.88,0.01,0.01,74635.11,1776303476000
1776303478.314,178.314,0.12,0.13,0.87,0.88,0.01,0.01,74635.12,1776303477000
1776303478.651,178.651,0.12,0.13,0.87,0.88,0.01,0.01,74635.12,1776303477000
1776303479.025,179.025,0.12,0.13,0.87,0.88,0.01,0.01,74635.12,1776303477000
1776303479.389,179.389,0.12,0.13,0.87,0.88,0.01,0.01,74633.88,1776303478000
1776303479.724,179.724,0.12,0.13,0.87,0.88,0.01,0.01,74633.88,1776303478000
1776303480.155,180.155,0.12,0.13,0.87,0.88,0.01,0.01,74633.88,1776303478000
1776303480.557,180.557,0.12,0.13,0.87,0.88,0.01,0.01,74632.96,1776303479000
1776303480.905,180.905,0.12,0.13,0.87,0.88,0.01,0.01,74632.96,1776303479000
1776303481.319,181.319,0.12,0.13,0.87,0.88,0.01,0.01,74632.28,1776303480000
1776303481.723,181.723,0.12,0.13,0.87,0.88,0.01,0.01,74632.28,1776303480000
1776303482.147,182.147,0.12,0.13,0.87,0.88,0.01,0.01,74625.49,1776303481000
1776303482.493,182.493,0.12,0.13,0.87,0.88,0.01,0.01,74625.49,1776303481000
1776303482.853,182.853,0.12,0.13,0.87,0.88,0.01,0.01,74625.49,1776303481000
1776303483.191,183.191,0.12,0.13,0.87,0.88,0.01,0.01,74619.24,1776303482000
1776303483.534,183.534,0.11,0.13,0.87,0.88,0.02,0.01,74619.24,1776303482000
1776303483.879,183.879,0.11,0.12,0.88,0.89,0.01,0.01,74619.24,1776303482000
1776303484.214,184.214,0.11,0.12,0.88,0.89,0.01,0.01,74619.24,1776303482000
1776303484.565,184.565,0.12,0.13,0.87,0.88,0.01,0.01,74616.29,1776303483000
1776303484.946,184.946,0.12,0.13,0.87,0.89,0.01,0.02,74616.29,1776303483000
1776303485.289,185.289,0.12,0.13,0.87,0.88,0.01,0.01,74616.29,1776303483000
1776303485.637,185.637,0.12,0.13,0.87,0.88,0.01,0.01,74615.78,1776303484000
1776303485.977,185.977,0.12,0.13,0.87,0.88,0.01,0.01,74615.78,1776303484000
1776303486.331,186.331,0.12,0.13,0.87,0.88,0.01,0.01,74615.78,1776303484000
1776303486.692,186.692,0.11,0.13,0.87,0.88,0.02,0.01,74615.89,1776303485000
1776303487.047,187.047,0.11,0.12,0.88,0.89,0.01,0.01,74615.89,1776303485000
1776303487.41,187.41,0.11,0.12,0.88,0.89,0.01,0.01,74617.04,1776303486000
1776303487.795,187.795,0.11,0.12,0.88,0.89,0.01,0.01,74617.04,1776303486000
1776303488.156,188.156,0.12,0.13,0.87,0.88,0.01,0.01,74616.7,1776303487000
1776303488.497,188.497,0.12,0.13,0.87,0.88,0.01,0.01,74616.7,1776303487000
1776303489.269,189.269,0.12,0.13,0.87,0.88,0.01,0.01,74616.7,1776303487000
1776303489.746,189.746,0.12,0.13,0.87,0.88,0.01,0.01,74618.01,1776303488000
1776303490.201,190.201,0.12,0.13,0.87,0.88,0.01,0.01,74619.32,1776303489000
1776303490.604,190.604,0.12,0.13,0.87,0.88,0.01,0.01,74619.32,1776303489000
1776303491.007,191.007,0.12,0.13,0.87,0.88,0.01,0.01,74619.32,1776303489000
1776303491.364,191.364,0.12,0.14,0.86,0.88,0.02,0.02,74627.33,1776303490000
1776303491.729,191.729,0.14,0.16,0.84,0.85,0.02,0.01,74627.33,1776303490000
1776303492.301,192.301,0.16,0.17,0.83,0.84,0.01,0.01,74627.33,1776303490000
1776303492.654,192.654,0.17,0.18,0.82,0.83,0.01,0.01,74633.93,1776303491000
1776303493.095,193.095,0.17,0.18,0.82,0.83,0.01,0.01,74635.39,1776303492000
1776303493.521,193.521,0.17,0.18,0.82,0.83,0.01,0.01,74635.39,1776303492000
1776303493.895,193.895,0.17,0.18,0.82,0.83,0.01,0.01,74635.39,1776303492000
1776303494.283,194.283,0.17,0.18,0.82,0.83,0.01,0.01,74641.01,1776303493000
1776303494.629,194.629,0.17,0.18,0.82,0.83,0.01,0.01,74641.01,1776303493000
1776303495.004,195.004,0.17,0.18,0.82,0.83,0.01,0.01,74641.01,1776303493000
1776303495.408,195.408,0.17,0.18,0.82,0.83,0.01,0.01,74640.11,1776303494000
1776303495.832,195.832,0.17,0.18,0.82,0.83,0.01,0.01,74640.11,1776303494000
1776303496.207,196.207,0.17,0.18,0.82,0.83,0.01,0.01,74640.11,1776303494000
1776303496.638,196.638,0.17,0.18,0.82,0.83,0.01,0.01,74642.71,1776303495000
1776303497.056,197.056,0.18,0.19,0.81,0.83,0.01,0.02,74642.71,1776303495000
1776303497.392,197.392,0.18,0.19,0.81,0.82,0.01,0.01,74642.35,1776303496000
1776303497.76,197.76,0.18,0.19,0.81,0.82,0.01,0.01,74642.35,1776303496000
1776303498.12,198.12,0.18,0.19,0.81,0.82,0.01,0.01,74642.35,1776303496000
1776303498.473,198.473,0.18,0.19,0.81,0.82,0.01,0.01,74643.41,1776303497000
1776303498.807,198.807,0.18,0.19,0.81,0.82,0.01,0.01,74643.41,1776303497000
1776303499.178,199.178,0.18,0.19,0.81,0.82,0.01,0.01,74643.41,1776303497000
1776303499.535,199.535,0.17,0.18,0.81,0.83,0.01,0.02,74644.29,1776303498000
1776303499.89,199.89,0.17,0.18,0.82,0.83,0.01,0.01,74644.29,1776303498000
1776303500.232,200.232,0.17,0.18,0.82,0.83,0.01,0.01,74642.92,1776303499000
1776303500.579,200.579,0.17,0.18,0.82,0.83,0.01,0.01,74642.92,1776303499000
1776303500.936,200.936,0.17,0.18,0.82,0.83,0.01,0.01,74642.92,1776303499000
1776303501.272,201.272,0.17,0.18,0.82,0.83,0.01,0.01,74642.73,1776303500000
1776303501.621,201.621,0.17,0.18,0.82,0.83,0.01,0.01,74642.73,1776303500000
1776303501.998,201.998,0.17,0.18,0.82,0.83,0.01,0.01,74642.73,1776303500000
1776303502.352,202.352,0.17,0.18,0.82,0.83,0.01,0.01,74642.78,1776303501000
1776303502.699,202.699,0.17,0.18,0.82,0.83,0.01,0.01,74642.78,1776303501000
1776303503.074,203.074,0.17,0.18,0.82,0.83,0.01,0.01,74642.78,1776303501000
1776303503.419,203.419,0.17,0.18,0.82,0.83,0.01,0.01,74642.78,1776303501000
1776303503.855,203.855,0.16,0.17,0.82,0.83,0.01,0.01,74642.78,1776303501000
1776303504.212,204.212,0.16,0.17,0.83,0.84,0.01,0.01,74642.75,1776303503000
1776303504.693,204.693,0.16,0.17,0.83,0.84,0.01,0.01,74642.75,1776303503000
1776303505.088,205.088,0.16,0.17,0.83,0.84,0.01,0.01,74642.75,1776303503000
1776303505.461,205.461,0.16,0.17,0.83,0.84,0.01,0.01,74643.32,1776303504000
1776303505.819,205.819,0.16,0.17,0.83,0.84,0.01,0.01,74643.32,1776303504000
1776303506.199,206.199,0.16,0.17,0.83,0.84,0.01,0.01,74643.86,1776303505000
1776303506.703,206.703,0.16,0.17,0.83,0.84,0.01,0.01,74643.86,1776303505000
1776303507.258,207.258,0.16,0.17,0.83,0.84,0.01,0.01,74644.17,1776303506000
1776303507.617,207.617,0.16,0.17,0.83,0.84,0.01,0.01,74644.17,1776303506000
1776303508.119,208.119,0.16,0.17,0.83,0.84,0.01,0.01,74644.46,1776303507000
1776303508.655,208.655,0.16,0.17,0.83,0.84,0.01,0.01,74644.46,1776303507000
1776303509.22,209.22,0.16,0.17,0.83,0.84,0.01,0.01,74643.6,1776303508000
1776303509.688,209.688,0.16,0.17,0.83,0.84,0.01,0.01,74643.6,1776303508000
1776303510.43,210.43,0.16,0.17,0.83,0.84,0.01,0.01,74642.53,1776303509000
1776303510.797,210.797,0.16,0.17,0.83,0.84,0.01,0.01,74642.53,1776303509000
1776303511.209,211.209,0.15,0.16,0.83,0.85,0.01,0.02,74642.76,1776303510000
1776303511.548,211.548,0.15,0.16,0.84,0.85,0.01,0.01,74642.76,1776303510000
1776303512.028,212.028,0.15,0.16,0.84,0.85,0.01,0.01,74642.45,1776303511000
1776303513.067,213.067,0.15,0.16,0.84,0.85,0.01,0.01,74642.59,1776303512000
1776303513.591,213.591,0.15,0.16,0.84,0.85,0.01,0.01,74642.59,1776303512000
1776303513.968,213.968,0.15,0.16,0.84,0.85,0.01,0.01,74642.59,1776303512000
1776303515.225,215.225,0.15,0.16,0.84,0.85,0.01,0.01,74642.34,1776303514000
1776303515.888,215.888,0.15,0.16,0.84,0.85,0.01,0.01,74642.34,1776303514000
1776303516.451,216.451,0.15,0.16,0.84,0.85,0.01,0.01,74642.74,1776303515000
1776303517.227,217.227,0.15,0.16,0.84,0.85,0.01,0.01,74642.74,1776303515000
1776303517.779,217.779,0.15,0.16,0.84,0.85,0.01,0.01,74644.74,1776303516000
1776303518.265,218.265,0.15,0.16,0.84,0.85,0.01,0.01,74644.74,1776303517000
1776303519.281,219.281,0.15,0.16,0.84,0.85,0.01,0.01,74644.74,1776303517000
1776303520.411,220.411,0.15,0.16,0.84,0.85,0.01,0.01,74642.77,1776303519000
1776303520.968,220.968,0.15,0.16,0.84,0.85,0.01,0.01,74642.77,1776303520000
1776303521.991,221.991,0.15,0.16,0.84,0.85,0.01,0.01,74643.5,1776303521000
1776303522.772,222.772,0.15,0.16,0.84,0.85,0.01,0.01,74643.5,1776303521000
1776303523.642,223.642,0.15,0.17,0.84,0.85,0.02,0.01,74643.95,1776303522000
1776303524.004,224.004,0.18,0.19,0.82,0.83,0.01,0.01,74643.95,1776303522000
1776303524.348,224.348,0.18,0.19,0.81,0.82,0.01,0.01,74644.8,1776303523000
1776303524.697,224.697,0.18,0.19,0.81,0.82,0.01,0.01,74644.8,1776303523000
1776303525.061,225.061,0.18,0.19,0.81,0.82,0.01,0.01,74644.8,1776303523000
1776303525.416,225.416,0.17,0.19,0.81,0.82,0.02,0.01,74644.8,1776303524000
1776303525.984,225.984,0.17,0.18,0.82,0.83,0.01,0.01,74644.8,1776303524000
1776303526.329,226.329,0.17,0.18,0.82,0.83,0.01,0.01,74648.15,1776303525000
1776303526.86,226.86,0.17,0.18,0.82,0.83,0.01,0.01,74648.15,1776303525000
1776303527.331,227.331,0.17,0.18,0.82,0.83,0.01,0.01,74651.08,1776303526000
1776303527.981,227.981,0.17,0.18,0.82,0.83,0.01,0.01,74651.08,1776303526000
1776303528.477,228.477,0.18,0.19,0.81,0.82,0.01,0.01,74650.76,1776303527000
1776303528.846,228.846,0.18,0.19,0.81,0.82,0.01,0.01,74650.76,1776303527000
1776303529.196,229.196,0.18,0.19,0.81,0.82,0.01,0.01,74650.76,1776303527000
1776303529.83,229.83,0.18,0.19,0.81,0.82,0.01,0.01,74650.24,1776303528000
1776303530.303,230.303,0.19,0.2,0.8,0.81,0.01,0.01,74650.24,1776303528000
1776303530.777,230.777,0.19,0.2,0.8,0.81,0.01,0.01,74651.14,1776303529000
1776303531.153,231.153,0.19,0.2,0.8,0.81,0.01,0.01,74651.14,1776303529000
1776303531.703,231.703,0.19,0.2,0.8,0.81,0.01,0.01,74651.17,1776303530000
1776303532.069,232.069,0.19,0.2,0.8,0.81,0.01,0.01,74651.17,1776303530000
1776303532.428,232.428,0.19,0.2,0.8,0.81,0.01,0.01,74651.17,1776303531000
1776303532.807,232.807,0.19,0.2,0.8,0.81,0.01,0.01,74651.17,1776303531000
1776303533.197,233.197,0.19,0.21,0.8,0.81,0.02,0.01,74651.17,1776303531000
1776303533.611,233.611,0.2,0.21,0.79,0.8,0.01,0.01,74650.48,1776303532000
1776303534.186,234.186,0.21,0.22,0.78,0.79,0.01,0.01,74650.48,1776303532000
1776303535.113,235.113,0.21,0.22,0.78,0.79,0.01,0.01,74650.48,1776303533000
1776303535.685,235.685,0.21,0.22,0.78,0.79,0.01,0.01,74650.55,1776303534000
1776303536.443,236.443,0.21,0.22,0.78,0.79,0.01,0.01,74651.57,1776303535000
1776303537.008,237.008,0.21,0.22,0.78,0.79,0.01,0.01,74651.57,1776303535000
1776303537.683,237.683,0.21,0.22,0.78,0.79,0.01,0.01,74652.18,1776303536000
1776303538.289,238.289,0.21,0.22,0.78,0.79,0.01,0.01,74652.18,1776303536000
1776303538.948,238.948,0.21,0.22,0.78,0.79,0.01,0.01,74652.23,1776303537000
1776303539.302,239.302,0.21,0.22,0.78,0.79,0.01,0.01,74652.24,1776303538000
1776303539.693,239.693,0.21,0.22,0.78,0.79,0.01,0.01,74652.24,1776303538000
1776303540.433,240.433,0.21,0.22,0.78,0.79,0.01,0.01,74652.24,1776303538000
1776303540.796,240.796,0.21,0.22,0.78,0.79,0.01,0.01,74652.28,1776303539000
1776303541.135,241.135,0.21,0.22,0.78,0.79,0.01,0.01,74652.32,1776303540000
1776303541.583,241.583,0.21,0.22,0.78,0.79,0.01,0.01,74652.32,1776303540000
1776303541.924,241.924,0.21,0.22,0.78,0.79,0.01,0.01,74652.32,1776303540000
1776303542.331,242.331,0.21,0.22,0.78,0.79,0.01,0.01,74652.32,1776303540000
1776303542.887,242.887,0.21,0.22,0.78,0.79,0.01,0.01,74652.24,1776303541000
1776303543.259,243.259,0.21,0.22,0.78,0.79,0.01,0.01,74652.2,1776303542000
1776303543.61,243.61,0.21,0.22,0.78,0.79,0.01,0.01,74652.2,1776303542000
1776303544.089,244.089,0.21,0.22,0.78,0.79,0.01,0.01,74652.2,1776303542000
1776303544.659,244.659,0.22,0.23,0.78,0.79,0.01,0.01,74652.2,1776303542000
1776303545.095,245.095,0.24,0.25,0.75,0.77,0.01,0.02,74652.19,1776303543000
1776303545.434,245.434,0.25,0.26,0.74,0.75,0.01,0.01,74652.28,1776303544000
1776303546.131,246.131,0.25,0.26,0.74,0.75,0.01,0.01,74652.28,1776303544000
1776303546.655,246.655,0.25,0.26,0.74,0.75,0.01,0.01,74652.28,1776303544000
1776303547.044,247.044,0.25,0.26,0.74,0.75,0.01,0.01,74656.29,1776303545000
1776303547.386,247.386,0.25,0.26,0.74,0.75,0.01,0.01,74656.29,1776303545000
1776303547.734,247.734,0.21,0.26,0.74,0.79,0.05,0.05,74656.29,1776303545000
1776303548.155,248.155,0.21,0.24,0.75,0.79,0.03,0.04,74661.32,1776303546000
1776303548.5,248.5,0.21,0.26,0.74,0.75,0.05,0.01,74661.32,1776303546000
1776303548.854,248.854,0.25,0.26,0.74,0.75,0.01,0.01,74654.87,1776303547000
1776303549.208,249.208,0.25,0.26,0.74,0.75,0.01,0.01,74654.87,1776303547000
1776303549.553,249.553,0.25,0.26,0.74,0.75,0.01,0.01,74654.87,1776303547000
1776303549.902,249.902,0.25,0.26,0.74,0.75,0.01,0.01,74654.87,1776303547000
1776303550.256,250.256,0.24,0.25,0.74,0.76,0.01,0.02,74653.34,1776303548000
1776303550.637,250.637,0.22,0.23,0.77,0.78,0.01,0.01,74653.34,1776303548000
1776303551.014,251.014,0.21,0.22,0.78,0.79,0.01,0.01,74658.01,1776303549000
1776303551.369,251.369,0.21,0.22,0.78,0.79,0.01,0.01,74658.01,1776303549000
1776303551.736,251.736,0.22,0.23,0.77,0.78,0.01,0.01,74658.01,1776303549000
1776303552.101,252.101,0.23,0.24,0.76,0.77,0.01,0.01,74657.44,1776303550000
1776303552.466,252.466,0.24,0.25,0.75,0.76,0.01,0.01,74655.48,1776303551000
1776303552.921,252.921,0.25,0.26,0.74,0.76,0.01,0.02,74655.48,1776303551000
1776303553.282,253.282,0.25,0.26,0.74,0.75,0.01,0.01,74652.2,1776303552000
1776303553.768,253.768,0.26,0.27,0.73,0.74,0.01,0.01,74652.2,1776303552000
1776303554.16,254.16,0.26,0.27,0.73,0.74,0.01,0.01,74652.2,1776303552000
1776303554.495,254.495,0.26,0.27,0.73,0.74,0.01,0.01,74652.93,1776303553000
1776303554.831,254.831,0.26,0.27,0.73,0.74,0.01,0.01,74652.93,1776303553000
1776303555.25,255.25,0.26,0.27,0.73,0.74,0.01,0.01,74652.93,1776303553000
1776303555.609,255.609,0.26,0.27,0.73,0.74,0.01,0.01,74653.88,1776303554000
1776303556.074,256.074,0.26,0.27,0.73,0.74,0.01,0.01,74653.88,1776303555000
1776303556.434,256.434,0.23,0.26,0.73,0.75,0.03,0.02,74653.88,1776303555000
1776303556.77,256.77,0.25,0.26,0.74,0.75,0.01,0.01,74653.88,1776303555000
1776303557.248,257.248,0.24,0.25,0.75,0.76,0.01,0.01,74653.88,1776303555000
1776303557.67,257.67,0.22,0.25,0.75,0.76,0.03,0.01,74653.88,1776303555000
1776303558.109,258.109,0.23,0.24,0.76,0.77,0.01,0.01,74655.19,1776303556000
1776303558.459,258.459,0.22,0.23,0.77,0.78,0.01,0.01,74654.88,1776303557000
1776303559.016,259.016,0.22,0.23,0.77,0.78,0.01,0.01,74654.88,1776303557000
1776303559.381,259.381,0.21,0.23,0.78,0.79,0.02,0.01,74654.88,1776303558000
1776303559.761,259.761,0.21,0.22,0.78,0.79,0.01,0.01,74654.88,1776303558000
1776303560.106,260.106,0.21,0.22,0.78,0.79,0.01,0.01,74654.88,1776303558000
1776303560.468,260.468,0.21,0.22,0.78,0.79,0.01,0.01,74654.88,1776303558000
1776303560.918,260.918,0.21,0.22,0.78,0.79,0.01,0.01,74655.1,1776303559000
1776303561.288,261.288,0.21,0.22,0.78,0.79,0.01,0.01,74655.1,1776303559000
1776303561.77,261.77,0.21,0.22,0.78,0.79,0.01,0.01,74653.79,1776303560000
1776303562.138,262.138,0.21,0.22,0.78,0.79,0.01,0.01,74652.17,1776303561000
1776303562.522,262.522,0.21,0.22,0.78,0.79,0.01,0.01,74652.17,1776303561000
1776303562.878,262.878,0.21,0.22,0.78,0.79,0.01,0.01,74652.17,1776303561000
1776303563.597,263.597,0.21,0.22,0.78,0.79,0.01,0.01,74652.17,1776303561000
1776303563.941,263.941,0.21,0.22,0.78,0.79,0.01,0.01,74649.97,1776303562000
1776303564.315,264.315,0.21,0.22,0.78,0.79,0.01,0.01,74650.57,1776303563000
1776303564.682,264.682,0.21,0.22,0.78,0.79,0.01,0.01,74650.57,1776303563000
1776303565.121,265.121,0.21,0.22,0.78,0.79,0.01,0.01,74650.57,1776303564000
1776303565.483,265.483,0.21,0.22,0.78,0.79,0.01,0.01,74650.57,1776303564000
1776303566.028,266.028,0.21,0.22,0.78,0.79,0.01,0.01,74650.57,1776303564000
1776303566.368,266.368,0.21,0.22,0.78,0.79,0.01,0.01,74650.57,1776303564000
1776303566.707,266.707,0.21,0.22,0.78,0.79,0.01,0.01,74648.76,1776303565000
1776303567.045,267.045,0.21,0.22,0.78,0.79,0.01,0.01,74648.76,1776303565000
1776303567.56,267.56,0.21,0.22,0.78,0.79,0.01,0.01,74648.97,1776303566000
1776303567.943,267.943,0.2,0.21,0.79,0.8,0.01,0.01,74648.97,1776303566000
1776303568.278,268.278,0.2,0.21,0.79,0.8,0.01,0.01,74648.97,1776303566000
1776303568.699,268.699,0.2,0.21,0.78,0.8,0.01,0.02,74648.97,1776303566000
1776303569.328,269.328,0.19,0.2,0.79,0.81,0.01,0.02,74648.82,1776303567000
1776303570.283,270.283,0.17,0.2,0.8,0.83,0.03,0.03,74648.99,1776303569000
1776303570.728,270.728,0.16,0.17,0.83,0.84,0.01,0.01,74648.99,1776303569000
1776303571.061,271.061,0.16,0.17,0.83,0.84,0.01,0.01,74648.99,1776303569000
1776303571.471,271.471,0.17,0.18,0.82,0.84,0.01,0.02,74649.11,1776303570000
1776303571.829,271.829,0.17,0.18,0.82,0.83,0.01,0.01,74649.11,1776303570000
1776303572.203,272.203,0.17,0.18,0.82,0.83,0.01,0.01,74649.13,1776303571000
1776303572.655,272.655,0.17,0.18,0.82,0.83,0.01,0.01,74649.13,1776303571000
1776303573.02,273.02,0.17,0.18,0.82,0.84,0.01,0.02,74649.13,1776303571000
1776303573.362,273.362,0.17,0.18,0.82,0.83,0.01,0.01,74650.33,1776303572000
1776303573.698,273.698,0.16,0.17,0.83,0.84,0.01,0.01,74650.33,1776303572000
1776303574.064,274.064,0.17,0.18,0.82,0.83,0.01,0.01,74650.33,1776303573000
1776303574.533,274.533,0.17,0.18,0.82,0.83,0.01,0.01,74650.33,1776303573000
1776303575.007,275.007,0.19,0.2,0.8,0.83,0.01,0.03,74650.33,1776303573000
1776303575.414,275.414,0.2,0.22,0.78,0.8,0.02,0.02,74650.98,1776303574000
1776303575.83,275.83,0.2,0.21,0.78,0.84,0.01,0.06,74650.98,1776303574000
1776303576.165,276.165,0.17,0.18,0.82,0.83,0.01,0.01,74651.39,1776303575000
1776303576.52,276.52,0.15,0.17,0.82,0.83,0.02,0.01,74651.39,1776303575000
1776303576.881,276.881,0.15,0.16,0.84,0.85,0.01,0.01,74651.39,1776303575000
1776303577.214,277.214,0.15,0.16,0.84,0.85,0.01,0.01,74652.27,1776303576000
1776303577.785,277.785,0.14,0.15,0.85,0.86,0.01,0.01,74652.27,1776303576000
1776303578.2,278.2,0.13,0.15,0.85,0.86,0.02,0.01,74648.98,1776303577000
1776303578.562,278.562,0.12,0.14,0.86,0.87,0.02,0.01,74648.98,1776303577000
1776303578.907,278.907,0.13,0.14,0.86,0.87,0.01,0.01,74648.98,1776303577000
1776303579.285,279.285,0.12,0.13,0.87,0.88,0.01,0.01,74646.87,1776303578000
1776303579.625,279.625,0.12,0.13,0.87,0.88,0.01,0.01,74646.87,1776303578000
1776303580.025,280.025,0.12,0.13,0.87,0.88,0.01,0.01,74646.87,1776303578000
1776303580.432,280.432,0.11,0.12,0.87,0.88,0.01,0.01,74647.04,1776303579000
1776303580.766,280.766,0.1,0.11,0.89,0.9,0.01,0.01,74647.04,1776303579000
1776303581.164,281.164,0.1,0.11,0.89,0.9,0.01,0.01,74645.64,1776303580000
1776303581.503,281.503,0.1,0.11,0.89,0.9,0.01,0.01,74645.64,1776303580000
1776303581.924,281.924,0.08,0.09,0.89,0.92,0.01,0.03,74645.64,1776303580000
1776303582.263,282.263,0.08,0.09,0.91,0.92,0.01,0.01,74645.64,1776303580000
1776303582.661,282.661,0.08,0.09,0.91,0.92,0.01,0.01,74644.74,1776303581000
1776303583.189,283.189,0.08,0.09,0.91,0.92,0.01,0.01,74644.74,1776303581000
1776303583.536,283.536,0.08,0.09,0.91,0.92,0.01,0.01,74644.74,1776303581000
1776303583.876,283.876,0.08,0.09,0.91,0.92,0.01,0.01,74643.95,1776303582000
1776303584.287,284.287,0.08,0.09,0.91,0.92,0.01,0.01,74643.3,1776303583000
1776303584.645,284.645,0.06,0.08,0.92,0.93,0.02,0.01,74643.3,1776303583000
1776303584.98,284.98,0.06,0.07,0.93,0.94,0.01,0.01,74643.3,1776303583000
1776303585.339,285.339,0.06,0.07,0.93,0.94,0.01,0.01,74643.29,1776303584000
1776303585.728,285.728,0.06,0.07,0.93,0.94,0.01,0.01,74643.29,1776303584000
1776303586.066,286.066,0.05,0.06,0.94,0.95,0.01,0.01,74643.29,1776303584000
1776303586.41,286.41,0.03,0.06,0.94,0.95,0.03,0.01,74643.29,1776303584000
1776303586.749,286.749,0.04,0.05,0.95,0.96,0.01,0.01,74643.28,1776303585000
1776303587.126,287.126,0.03,0.04,0.95,0.97,0.01,0.02,74643.28,1776303585000
1776303587.468,287.468,0.03,0.04,0.96,0.97,0.01,0.01,74642.58,1776303586000
1776303587.808,287.808,0.03,0.05,0.95,0.96,0.02,0.01,74642.58,1776303586000
1776303588.157,288.157,0.03,0.04,0.96,0.97,0.01,0.01,74642.93,1776303587000
1776303588.564,288.564,0.02,0.03,0.97,0.98,0.01,0.01,74642.93,1776303587000
1776303589.08,289.08,0.02,0.03,0.97,0.98,0.01,0.01,74642.93,1776303587000
1776303589.511,289.511,0.01,0.02,0.98,0.99,0.01,0.01,74642.93,1776303587000
1776303589.846,289.846,0.01,0.02,0.98,0.99,0.01,0.01,74642.8,1776303588000
1776303590.276,290.276,0.01,0.02,0.98,0.99,0.01,0.01,74642.85,1776303589000
1776303590.609,290.609,0.01,0.02,0.98,0.99,0.01,0.01,74642.85,1776303589000
1776303590.974,290.974,0.01,0.01,0.99,0.99,0.0,0.0,74642.85,1776303589000
1776303591.323,291.323,0.01,0.01,0.99,0.99,0.0,0.0,74642.85,1776303589000
1776303591.682,291.682,0.01,0.01,0.99,0.99,0.0,0.0,74643.27,1776303590000
1776303592.02,292.02,0.01,0.01,0.99,0.99,0.0,0.0,74643.27,1776303590000
1776303592.357,292.357,0.01,0.01,0.99,0.99,0.0,0.0,74643.27,1776303591000
1776303592.691,292.691,0.01,0.01,0.99,0.99,0.0,0.0,74643.27,1776303591000
1776303593.027,293.027,0.01,0.01,0.99,0.99,0.0,0.0,74643.27,1776303591000
1776303593.393,293.393,0.01,0.01,0.99,0.99,0.0,0.0,74643.09,1776303592000
1776303593.915,293.915,0.01,0.01,0.99,0.99,0.0,0.0,74643.09,1776303592000
1776303594.333,294.333,0.01,0.01,0.99,0.99,0.0,0.0,74643.09,1776303593000
1776303594.949,294.949,0.01,0.01,0.99,0.99,0.0,0.0,74643.09,1776303593000
1776303595.512,295.512,0.01,0.01,0.99,0.99,0.0,0.0,74643.08,1776303594000
1776303595.862,295.862,0.01,0.01,0.99,0.99,0.0,0.0,74643.08,1776303594000
1776303596.318,296.318,0.01,0.01,0.99,0.99,0.0,0.0,74643.08,1776303594000
1776303596.651,296.651,0.01,0.01,0.99,0.99,0.0,0.0,74642.64,1776303595000
1776303596.997,296.997,0.01,0.01,0.99,0.99,0.0,0.0,74642.64,1776303595000
1776303597.339,297.339,0.01,0.01,0.99,0.99,0.0,0.0,74640.05,1776303596000
1776303597.682,297.682,0.01,0.01,0.99,0.99,0.0,0.0,74640.05,1776303596000
1776303598.296,298.296,0.01,0.01,0.99,0.99,0.0,0.0,74640.05,1776303596000
1776303599.434,299.434,0.01,0.01,0.99,0.99,0.0,0.0,74632.77,1776303597000
1776303599.899,299.899,0.01,0.01,0.99,0.99,0.0,0.0,74623.25,1776303598000
1776303600.614,300.614,0.01,0.01,0.99,0.99,0.0,0.0,74620.77,1776303599000
1776303600.956,300.956,0.01,0.01,0.99,0.99,0.0,0.0,74620.77,1776303599000

# RESULT,winner=Down,slug=btc-updown-5m-1776303300,ticks=688
