timestamp,elapsed_sec,up_bid,up_ask,down_bid,down_ask,up_spread,down_spread,btc_price,btc_oracle_ts
1776891900.545,0.545,0.52,0.53,0.47,0.48,0.01,0.01,78569.21,1776891899000
1776891900.897,0.897,0.5,0.52,0.48,0.49,0.02,0.01,78569.21,1776891899000
1776891901.516,1.516,0.48,0.49,0.51,0.52,0.01,0.01,78568.6,1776891900000
1776891901.876,1.876,0.48,0.49,0.51,0.52,0.01,0.01,78568.6,1776891900000
1776891902.211,2.211,0.46,0.49,0.51,0.52,0.03,0.01,78568.6,1776891900000
1776891902.582,2.582,0.46,0.47,0.53,0.54,0.01,0.01,78567.5,1776891901000
1776891902.941,2.941,0.47,0.5,0.51,0.53,0.03,0.02,78567.5,1776891901000
1776891903.353,3.353,0.45,0.5,0.5,0.51,0.05,0.01,78567.5,1776891901000
1776891903.782,3.782,0.46,0.49,0.53,0.54,0.03,0.01,78562.71,1776891902000
1776891904.325,4.325,0.48,0.49,0.51,0.52,0.01,0.01,78562.22,1776891903000
1776891904.671,4.671,0.48,0.49,0.51,0.52,0.01,0.01,78562.22,1776891903000
1776891905.014,5.014,0.48,0.49,0.51,0.52,0.01,0.01,78562.22,1776891903000
1776891905.465,5.465,0.48,0.49,0.51,0.52,0.01,0.01,78562.26,1776891904000
1776891905.811,5.811,0.48,0.49,0.51,0.52,0.01,0.01,78562.26,1776891904000
1776891906.148,6.148,0.48,0.49,0.51,0.52,0.01,0.01,78562.26,1776891904000
1776891906.767,6.767,0.48,0.49,0.51,0.52,0.01,0.01,78564.46,1776891905000
1776891907.288,7.288,0.48,0.49,0.51,0.52,0.01,0.01,78564.46,1776891906000
1776891907.647,7.647,0.48,0.49,0.51,0.52,0.01,0.01,78564.46,1776891906000
1776891908.048,8.048,0.48,0.49,0.51,0.52,0.01,0.01,78564.46,1776891906000
1776891908.611,8.611,0.48,0.49,0.51,0.52,0.01,0.01,78565.19,1776891907000
1776891908.994,8.994,0.48,0.49,0.51,0.52,0.01,0.01,78565.19,1776891907000
1776891909.531,9.531,0.48,0.49,0.51,0.52,0.01,0.01,78565.19,1776891907000
1776891910.072,10.072,0.48,0.49,0.51,0.52,0.01,0.01,78565.18,1776891908000
1776891910.717,10.717,0.48,0.49,0.51,0.52,0.01,0.01,78565.19,1776891909000
1776891911.328,11.328,0.48,0.49,0.51,0.52,0.01,0.01,78565.18,1776891910000
1776891911.822,11.822,0.48,0.49,0.51,0.52,0.01,0.01,78565.18,1776891910000
1776891912.227,12.227,0.48,0.49,0.51,0.52,0.01,0.01,78565.19,1776891911000
1776891912.766,12.766,0.48,0.49,0.51,0.52,0.01,0.01,78565.19,1776891911000
1776891913.114,13.114,0.48,0.49,0.51,0.52,0.01,0.01,78565.2,1776891912000
1776891913.608,13.608,0.47,0.48,0.52,0.53,0.01,0.01,78565.2,1776891912000
1776891914.519,14.519,0.47,0.48,0.52,0.53,0.01,0.01,78565.21,1776891913000
1776891914.864,14.864,0.47,0.48,0.52,0.53,0.01,0.01,78565.21,1776891913000
1776891915.695,15.695,0.47,0.48,0.52,0.53,0.01,0.01,78565.08,1776891914000
1776891916.299,16.299,0.47,0.48,0.52,0.53,0.01,0.01,78565.08,1776891915000
1776891916.652,16.652,0.47,0.48,0.52,0.53,0.01,0.01,78565.08,1776891915000
1776891917.017,17.017,0.47,0.48,0.52,0.53,0.01,0.01,78564.87,1776891916000
1776891917.584,17.584,0.47,0.48,0.52,0.53,0.01,0.01,78564.87,1776891916000
1776891917.928,17.928,0.47,0.48,0.52,0.53,0.01,0.01,78564.93,1776891917000
1776891918.261,18.261,0.47,0.48,0.52,0.53,0.01,0.01,78564.93,1776891917000
1776891918.819,18.819,0.47,0.48,0.52,0.53,0.01,0.01,78564.93,1776891917000
1776891919.894,19.894,0.47,0.48,0.52,0.53,0.01,0.01,78564.96,1776891919000
1776891920.256,20.256,0.47,0.48,0.52,0.53,0.01,0.01,78564.96,1776891919000
1776891920.814,20.814,0.46,0.48,0.52,0.53,0.02,0.01,78564.96,1776891919000
1776891921.508,21.508,0.46,0.47,0.52,0.54,0.01,0.02,78564.25,1776891920000
1776891921.851,21.851,0.46,0.47,0.53,0.54,0.01,0.01,78564.25,1776891920000
1776891922.389,22.389,0.46,0.47,0.53,0.54,0.01,0.01,78564.24,1776891921000
1776891922.946,22.946,0.46,0.47,0.53,0.54,0.01,0.01,78564.24,1776891921000
1776891923.345,23.345,0.46,0.47,0.53,0.54,0.01,0.01,78564.41,1776891922000
1776891923.746,23.746,0.46,0.47,0.53,0.54,0.01,0.01,78564.41,1776891922000
1776891924.092,24.092,0.46,0.47,0.53,0.54,0.01,0.01,78564.42,1776891923000
1776891924.872,24.872,0.46,0.47,0.53,0.54,0.01,0.01,78564.42,1776891924000
1776891925.207,25.207,0.46,0.47,0.53,0.54,0.01,0.01,78564.42,1776891924000
1776891925.865,25.865,0.46,0.47,0.53,0.54,0.01,0.01,78564.42,1776891925000
1776891926.294,26.294,0.46,0.47,0.53,0.54,0.01,0.01,78564.42,1776891925000
1776891926.915,26.915,0.46,0.47,0.53,0.54,0.01,0.01,78564.47,1776891926000
1776891927.353,27.353,0.46,0.47,0.53,0.54,0.01,0.01,78564.47,1776891926000
1776891927.881,27.881,0.46,0.47,0.53,0.54,0.01,0.01,78564.52,1776891927000
1776891928.219,28.219,0.47,0.48,0.52,0.53,0.01,0.01,78564.52,1776891927000
1776891928.694,28.694,0.47,0.48,0.52,0.53,0.01,0.01,78564.52,1776891927000
1776891929.246,29.246,0.47,0.48,0.52,0.53,0.01,0.01,78564.7,1776891928000
1776891929.947,29.947,0.47,0.48,0.52,0.53,0.01,0.01,78564.7,1776891929000
1776891930.335,30.335,0.47,0.48,0.52,0.53,0.01,0.01,78564.7,1776891929000
1776891931.009,31.009,0.47,0.48,0.52,0.53,0.01,0.01,78564.78,1776891930000
1776891931.382,31.382,0.47,0.48,0.52,0.53,0.01,0.01,78564.78,1776891930000
1776891931.751,31.751,0.47,0.48,0.52,0.53,0.01,0.01,78564.78,1776891930000
1776891932.524,32.524,0.47,0.48,0.52,0.53,0.01,0.01,78564.85,1776891931000
1776891933.042,33.042,0.47,0.48,0.52,0.53,0.01,0.01,78564.83,1776891932000
1776891934.127,34.127,0.47,0.48,0.52,0.53,0.01,0.01,78564.83,1776891933000
1776891934.894,34.894,0.47,0.48,0.52,0.53,0.01,0.01,78564.83,1776891933000
1776891935.896,35.896,0.47,0.48,0.52,0.53,0.01,0.01,78564.84,1776891934000
1776891936.835,36.835,0.47,0.48,0.52,0.53,0.01,0.01,78564.8,1776891935000
1776891937.783,37.783,0.47,0.48,0.52,0.53,0.01,0.01,78564.58,1776891936000
1776891938.394,38.394,0.47,0.48,0.52,0.53,0.01,0.01,78564.66,1776891937000
1776891938.737,38.737,0.47,0.48,0.52,0.53,0.01,0.01,78564.66,1776891937000
1776891939.234,39.234,0.46,0.47,0.52,0.53,0.01,0.01,78564.3,1776891938000
1776891939.572,39.572,0.46,0.47,0.53,0.54,0.01,0.01,78564.3,1776891938000
1776891939.969,39.969,0.46,0.47,0.53,0.54,0.01,0.01,78564.37,1776891939000
1776891940.308,40.308,0.46,0.47,0.53,0.54,0.01,0.01,78564.37,1776891939000
1776891940.898,40.898,0.47,0.48,0.52,0.53,0.01,0.01,78564.43,1776891940000
1776891941.924,41.924,0.47,0.48,0.52,0.53,0.01,0.01,78564.51,1776891941000
1776891942.905,42.905,0.47,0.49,0.51,0.53,0.02,0.02,78564.68,1776891942000
1776891943.415,43.415,0.48,0.49,0.51,0.53,0.01,0.02,78564.68,1776891942000
1776891943.839,43.839,0.48,0.49,0.51,0.52,0.01,0.01,78564.77,1776891943000
1776891944.812,44.812,0.48,0.49,0.51,0.52,0.01,0.01,78564.77,1776891943000
1776891945.31,45.31,0.48,0.49,0.51,0.52,0.01,0.01,78564.76,1776891944000
1776891945.661,45.661,0.48,0.49,0.51,0.52,0.01,0.01,78564.76,1776891944000
1776891946.057,46.057,0.48,0.49,0.51,0.52,0.01,0.01,78564.76,1776891944000
1776891947.146,47.146,0.48,0.49,0.51,0.52,0.01,0.01,78564.91,1776891946000
1776891947.947,47.947,0.48,0.49,0.51,0.52,0.01,0.01,78564.91,1776891946000
1776891948.608,48.608,0.48,0.49,0.51,0.52,0.01,0.01,78565.0,1776891947000
1776891949.1,49.1,0.48,0.49,0.51,0.52,0.01,0.01,78565.0,1776891947000
1776891949.502,49.502,0.48,0.49,0.51,0.52,0.01,0.01,78565.0,1776891947000
1776891950.116,50.116,0.48,0.49,0.51,0.52,0.01,0.01,78564.99,1776891948000
1776891950.902,50.902,0.48,0.49,0.51,0.52,0.01,0.01,78564.96,1776891949000
1776891951.871,51.871,0.48,0.49,0.51,0.52,0.01,0.01,78564.98,1776891950000
1776891952.26,52.26,0.48,0.49,0.51,0.52,0.01,0.01,78564.98,1776891950000
1776891952.645,52.645,0.48,0.49,0.51,0.52,0.01,0.01,78564.92,1776891951000
1776891953.132,53.132,0.48,0.49,0.51,0.52,0.01,0.01,78564.92,1776891951000
1776891954.004,54.004,0.48,0.49,0.51,0.52,0.01,0.01,78564.94,1776891952000
1776891954.544,54.544,0.48,0.49,0.51,0.52,0.01,0.01,78564.89,1776891953000
1776891955.213,55.213,0.48,0.49,0.51,0.52,0.01,0.01,78564.89,1776891953000
1776891955.816,55.816,0.48,0.49,0.51,0.52,0.01,0.01,78565.01,1776891954000
1776891956.526,56.526,0.48,0.49,0.51,0.52,0.01,0.01,78563.58,1776891955000
1776891956.904,56.904,0.48,0.49,0.51,0.52,0.01,0.01,78563.58,1776891955000
1776891958.187,58.187,0.48,0.49,0.51,0.52,0.01,0.01,78563.58,1776891956000
1776891958.675,58.675,0.48,0.49,0.51,0.52,0.01,0.01,78563.58,1776891956000
1776891959.435,59.435,0.48,0.49,0.51,0.52,0.01,0.01,78563.53,1776891958000
1776891959.838,59.838,0.48,0.49,0.51,0.52,0.01,0.01,78563.53,1776891958000
1776891960.273,60.273,0.48,0.49,0.51,0.52,0.01,0.01,78563.53,1776891959000
1776891960.742,60.742,0.48,0.49,0.51,0.52,0.01,0.01,78563.53,1776891959000
1776891961.11,61.11,0.48,0.49,0.51,0.52,0.01,0.01,78563.53,1776891959000
1776891961.683,61.683,0.48,0.49,0.51,0.52,0.01,0.01,78563.53,1776891959000
1776891962.315,62.315,0.48,0.49,0.51,0.52,0.01,0.01,78563.51,1776891960000
1776891962.716,62.716,0.46,0.49,0.51,0.52,0.03,0.01,78564.07,1776891961000
1776891963.096,63.096,0.47,0.48,0.51,0.54,0.01,0.03,78564.07,1776891961000
1776891963.652,63.652,0.47,0.48,0.52,0.53,0.01,0.01,78564.07,1776891962000
1776891964.245,64.245,0.47,0.48,0.52,0.53,0.01,0.01,78563.92,1776891963000
1776891964.909,64.909,0.47,0.48,0.52,0.53,0.01,0.01,78563.92,1776891963000
1776891965.786,65.786,0.47,0.48,0.52,0.53,0.01,0.01,78563.78,1776891964000
1776891966.452,66.452,0.47,0.48,0.52,0.53,0.01,0.01,78563.8,1776891965000
1776891967.176,67.176,0.47,0.48,0.52,0.53,0.01,0.01,78563.9,1776891966000
1776891967.569,67.569,0.47,0.48,0.52,0.53,0.01,0.01,78563.9,1776891966000
1776891968.399,68.399,0.47,0.48,0.52,0.53,0.01,0.01,78563.9,1776891966000
1776891968.777,68.777,0.47,0.48,0.52,0.53,0.01,0.01,78564.48,1776891967000
1776891969.326,69.326,0.47,0.48,0.52,0.53,0.01,0.01,78564.48,1776891968000
1776891969.76,69.76,0.47,0.48,0.52,0.53,0.01,0.01,78564.48,1776891968000
1776891970.122,70.122,0.47,0.48,0.52,0.53,0.01,0.01,78564.48,1776891968000
1776891970.689,70.689,0.47,0.48,0.52,0.53,0.01,0.01,78564.66,1776891969000
1776891971.412,71.412,0.47,0.48,0.52,0.53,0.01,0.01,78564.76,1776891970000
1776891971.763,71.763,0.47,0.48,0.52,0.53,0.01,0.01,78564.76,1776891970000
1776891972.325,72.325,0.47,0.48,0.52,0.53,0.01,0.01,78564.76,1776891971000
1776891973.055,73.055,0.47,0.48,0.52,0.53,0.01,0.01,78564.91,1776891972000
1776891973.459,73.459,0.47,0.48,0.52,0.53,0.01,0.01,78564.91,1776891972000
1776891974.195,74.195,0.47,0.48,0.52,0.53,0.01,0.01,78564.91,1776891972000
1776891975.087,75.087,0.48,0.49,0.51,0.52,0.01,0.01,78564.94,1776891973000
1776891975.706,75.706,0.48,0.5,0.51,0.52,0.02,0.01,78564.94,1776891974000
1776891976.47,76.47,0.49,0.5,0.5,0.51,0.01,0.01,78564.94,1776891974000
1776891976.883,76.883,0.49,0.5,0.5,0.51,0.01,0.01,78564.96,1776891975000
1776891977.263,77.263,0.5,0.52,0.49,0.51,0.02,0.02,78565.08,1776891976000
1776891977.877,77.877,0.5,0.51,0.49,0.5,0.01,0.01,78565.08,1776891976000
1776891978.301,78.301,0.5,0.51,0.49,0.5,0.01,0.01,78565.28,1776891977000
1776891978.853,78.853,0.52,0.53,0.47,0.48,0.01,0.01,78565.28,1776891977000
1776891979.191,79.191,0.52,0.53,0.47,0.48,0.01,0.01,78565.28,1776891977000
1776891979.569,79.569,0.52,0.53,0.47,0.48,0.01,0.01,78565.29,1776891978000
1776891980.069,80.069,0.52,0.53,0.47,0.48,0.01,0.01,78566.19,1776891979000
1776891980.621,80.621,0.52,0.53,0.47,0.48,0.01,0.01,78566.19,1776891979000
1776891980.982,80.982,0.52,0.53,0.47,0.48,0.01,0.01,78566.53,1776891980000
1776891981.349,81.349,0.52,0.53,0.47,0.48,0.01,0.01,78566.53,1776891980000
1776891982.12,82.12,0.53,0.54,0.46,0.47,0.01,0.01,78566.53,1776891980000
1776891982.475,82.475,0.53,0.54,0.46,0.47,0.01,0.01,78566.53,1776891981000
1776891982.909,82.909,0.53,0.54,0.46,0.47,0.01,0.01,78566.53,1776891981000
1776891983.384,83.384,0.53,0.54,0.46,0.47,0.01,0.01,78566.63,1776891982000
1776891983.795,83.795,0.53,0.54,0.46,0.47,0.01,0.01,78566.63,1776891982000
1776891984.342,84.342,0.53,0.54,0.46,0.47,0.01,0.01,78566.66,1776891983000
1776891984.816,84.816,0.53,0.54,0.46,0.47,0.01,0.01,78566.66,1776891983000
1776891985.169,85.169,0.53,0.54,0.46,0.47,0.01,0.01,78566.79,1776891984000
1776891985.594,85.594,0.59,0.6,0.39,0.41,0.01,0.02,78566.79,1776891984000
1776891985.927,85.927,0.59,0.6,0.4,0.41,0.01,0.01,78566.79,1776891984000
1776891986.293,86.293,0.59,0.6,0.4,0.41,0.01,0.01,78567.81,1776891985000
1776891986.699,86.699,0.59,0.6,0.4,0.41,0.01,0.01,78567.81,1776891985000
1776891987.043,87.043,0.59,0.6,0.4,0.41,0.01,0.01,78567.81,1776891985000
1776891987.42,87.42,0.59,0.6,0.4,0.41,0.01,0.01,78568.92,1776891986000
1776891987.809,87.809,0.59,0.6,0.4,0.41,0.01,0.01,78568.92,1776891986000
1776891988.144,88.144,0.59,0.6,0.4,0.41,0.01,0.01,78569.69,1776891987000
1776891988.5,88.5,0.59,0.6,0.4,0.41,0.01,0.01,78569.69,1776891987000
1776891989.006,89.006,0.59,0.6,0.4,0.41,0.01,0.01,78571.63,1776891988000
1776891989.527,89.527,0.59,0.6,0.4,0.41,0.01,0.01,78571.63,1776891988000
1776891989.935,89.935,0.59,0.6,0.4,0.41,0.01,0.01,78571.74,1776891989000
1776891990.295,90.295,0.59,0.6,0.4,0.41,0.01,0.01,78571.74,1776891989000
1776891990.642,90.642,0.59,0.6,0.4,0.41,0.01,0.01,78571.74,1776891989000
1776891990.976,90.976,0.59,0.6,0.4,0.41,0.01,0.01,78572.11,1776891990000
1776891991.349,91.349,0.59,0.6,0.4,0.41,0.01,0.01,78572.11,1776891990000
1776891991.837,91.837,0.59,0.6,0.4,0.41,0.01,0.01,78572.11,1776891990000
1776891992.246,92.246,0.59,0.6,0.4,0.41,0.01,0.01,78572.11,1776891991000
1776891993.201,93.201,0.58,0.6,0.4,0.41,0.02,0.01,78572.11,1776891991000
1776891993.774,93.774,0.58,0.59,0.41,0.42,0.01,0.01,78572.05,1776891992000
1776891994.164,94.164,0.58,0.62,0.41,0.42,0.04,0.01,78572.05,1776891992000
1776891994.52,94.52,0.62,0.65,0.35,0.38,0.03,0.03,78572.13,1776891993000
1776891994.856,94.856,0.64,0.69,0.31,0.36,0.05,0.05,78572.13,1776891993000
1776891995.192,95.192,0.71,0.75,0.26,0.29,0.04,0.03,78572.13,1776891993000
1776891995.596,95.596,0.75,0.77,0.21,0.25,0.02,0.04,78572.13,1776891993000
1776891995.951,95.951,0.77,0.78,0.22,0.23,0.01,0.01,78572.13,1776891993000
1776891996.308,96.308,0.77,0.78,0.22,0.23,0.01,0.01,78576.86,1776891994000
1776891996.679,96.679,0.77,0.78,0.22,0.23,0.01,0.01,78581.44,1776891995000
1776891997.021,97.021,0.77,0.78,0.22,0.23,0.01,0.01,78581.44,1776891995000
1776891997.361,97.361,0.77,0.78,0.22,0.23,0.01,0.01,78589.94,1776891996000
1776891997.716,97.716,0.77,0.78,0.22,0.23,0.01,0.01,78589.94,1776891996000
1776891998.113,98.113,0.77,0.78,0.22,0.23,0.01,0.01,78589.94,1776891996000
1776891998.456,98.456,0.77,0.78,0.22,0.23,0.01,0.01,78592.73,1776891997000
1776891998.804,98.804,0.77,0.78,0.22,0.23,0.01,0.01,78592.73,1776891997000
1776891999.141,99.141,0.76,0.77,0.23,0.24,0.01,0.01,78592.73,1776891997000
1776891999.603,99.603,0.76,0.77,0.23,0.24,0.01,0.01,78593.04,1776891998000
1776891999.984,99.984,0.76,0.77,0.23,0.24,0.01,0.01,78593.04,1776891998000
1776892000.323,100.323,0.78,0.8,0.21,0.22,0.02,0.01,78593.04,1776891998000
1776892000.668,100.668,0.79,0.8,0.2,0.21,0.01,0.01,78593.2,1776891999000
1776892001.029,101.029,0.79,0.8,0.2,0.21,0.01,0.01,78593.2,1776891999000
1776892001.431,101.431,0.79,0.8,0.2,0.21,0.01,0.01,78593.31,1776892000000
1776892001.929,101.929,0.79,0.8,0.2,0.21,0.01,0.01,78593.31,1776892000000
1776892002.28,102.28,0.79,0.8,0.2,0.21,0.01,0.01,78596.34,1776892001000
1776892002.705,102.705,0.79,0.8,0.2,0.21,0.01,0.01,78596.34,1776892001000
1776892003.085,103.085,0.79,0.8,0.2,0.21,0.01,0.01,78600.37,1776892002000
1776892003.765,103.765,0.79,0.8,0.2,0.21,0.01,0.01,78600.37,1776892002000
1776892004.189,104.189,0.79,0.8,0.2,0.21,0.01,0.01,78600.37,1776892002000
1776892004.668,104.668,0.78,0.8,0.2,0.21,0.02,0.01,78600.39,1776892003000
1776892005.016,105.016,0.77,0.78,0.21,0.23,0.01,0.02,78600.39,1776892003000
1776892005.378,105.378,0.73,0.74,0.26,0.27,0.01,0.01,78600.75,1776892004000
1776892005.729,105.729,0.73,0.74,0.26,0.27,0.01,0.01,78600.75,1776892004000
1776892006.131,106.131,0.73,0.74,0.26,0.27,0.01,0.01,78600.75,1776892004000
1776892006.712,106.712,0.73,0.74,0.26,0.27,0.01,0.01,78600.86,1776892005000
1776892007.231,107.231,0.73,0.74,0.26,0.27,0.01,0.01,78599.08,1776892006000
1776892008.077,108.077,0.73,0.74,0.26,0.27,0.01,0.01,78598.45,1776892007000
1776892008.572,108.572,0.73,0.74,0.26,0.27,0.01,0.01,78598.45,1776892007000
1776892009.082,109.082,0.73,0.74,0.26,0.27,0.01,0.01,78598.45,1776892007000
1776892009.623,109.623,0.73,0.75,0.26,0.27,0.02,0.01,78599.4,1776892008000
1776892009.972,109.972,0.73,0.75,0.25,0.27,0.02,0.02,78599.4,1776892008000
1776892010.611,110.611,0.73,0.74,0.25,0.27,0.01,0.02,78599.4,1776892009000
1776892010.996,110.996,0.73,0.74,0.26,0.27,0.01,0.01,78599.4,1776892009000
1776892011.556,111.556,0.73,0.74,0.26,0.27,0.01,0.01,78599.41,1776892010000
1776892011.944,111.944,0.69,0.7,0.3,0.31,0.01,0.01,78599.41,1776892010000
1776892012.327,112.327,0.69,0.7,0.3,0.31,0.01,0.01,78598.26,1776892011000
1776892012.685,112.685,0.69,0.7,0.3,0.31,0.01,0.01,78598.26,1776892011000
1776892013.119,113.119,0.69,0.7,0.3,0.31,0.01,0.01,78595.31,1776892012000
1776892013.453,113.453,0.69,0.7,0.3,0.31,0.01,0.01,78595.31,1776892012000
1776892013.822,113.822,0.69,0.7,0.3,0.31,0.01,0.01,78595.31,1776892012000
1776892014.253,114.253,0.69,0.7,0.3,0.31,0.01,0.01,78594.29,1776892013000
1776892014.621,114.621,0.69,0.7,0.3,0.31,0.01,0.01,78594.29,1776892013000
1776892015.081,115.081,0.69,0.7,0.3,0.31,0.01,0.01,78593.75,1776892014000
1776892015.471,115.471,0.69,0.7,0.3,0.31,0.01,0.01,78593.75,1776892014000
1776892015.911,115.911,0.69,0.7,0.3,0.31,0.01,0.01,78593.75,1776892014000
1776892016.479,116.479,0.69,0.7,0.3,0.31,0.01,0.01,78593.76,1776892015000
1776892017.215,117.215,0.69,0.72,0.28,0.31,0.03,0.03,78593.78,1776892016000
1776892017.594,117.594,0.69,0.7,0.28,0.31,0.01,0.03,78593.78,1776892016000
1776892017.93,117.93,0.69,0.7,0.3,0.31,0.01,0.01,78593.78,1776892016000
1776892018.267,118.267,0.69,0.7,0.3,0.31,0.01,0.01,78593.66,1776892017000
1776892018.649,118.649,0.69,0.7,0.3,0.31,0.01,0.01,78593.66,1776892017000
1776892018.993,118.993,0.63,0.64,0.36,0.37,0.01,0.01,78593.66,1776892017000
1776892019.388,119.388,0.63,0.64,0.36,0.37,0.01,0.01,78593.58,1776892018000
1776892019.815,119.815,0.63,0.64,0.36,0.37,0.01,0.01,78593.58,1776892018000
1776892020.274,120.274,0.63,0.64,0.36,0.37,0.01,0.01,78593.58,1776892018000
1776892020.649,120.649,0.63,0.64,0.36,0.37,0.01,0.01,78594.26,1776892019000
1776892021.039,121.039,0.63,0.64,0.36,0.37,0.01,0.01,78590.86,1776892020000
1776892021.514,121.514,0.63,0.64,0.36,0.37,0.01,0.01,78590.86,1776892020000
1776892021.849,121.849,0.63,0.64,0.36,0.37,0.01,0.01,78590.86,1776892020000
1776892022.46,122.46,0.63,0.64,0.36,0.37,0.01,0.01,78588.73,1776892021000
1776892023.069,123.069,0.64,0.65,0.36,0.37,0.01,0.01,78588.73,1776892021000
1776892023.402,123.402,0.64,0.65,0.35,0.36,0.01,0.01,78588.93,1776892022000
1776892023.868,123.868,0.64,0.65,0.35,0.36,0.01,0.01,78588.93,1776892022000
1776892024.242,124.242,0.64,0.65,0.35,0.36,0.01,0.01,78588.93,1776892023000
1776892024.639,124.639,0.64,0.65,0.35,0.36,0.01,0.01,78588.93,1776892023000
1776892025.092,125.092,0.64,0.65,0.35,0.36,0.01,0.01,78588.93,1776892023000
1776892025.604,125.604,0.64,0.65,0.35,0.36,0.01,0.01,78588.92,1776892024000
1776892025.954,125.954,0.64,0.65,0.35,0.36,0.01,0.01,78588.92,1776892024000
1776892026.43,126.43,0.64,0.65,0.35,0.36,0.01,0.01,78588.55,1776892025000
1776892026.801,126.801,0.64,0.65,0.35,0.36,0.01,0.01,78588.55,1776892025000
1776892027.351,127.351,0.64,0.65,0.35,0.36,0.01,0.01,78588.55,1776892025000
1776892027.9,127.9,0.62,0.63,0.37,0.38,0.01,0.01,78588.66,1776892027000
1776892028.29,128.29,0.62,0.63,0.37,0.38,0.01,0.01,78588.66,1776892027000
1776892028.623,128.623,0.62,0.63,0.37,0.38,0.01,0.01,78588.66,1776892027000
1776892029.082,129.082,0.62,0.63,0.37,0.38,0.01,0.01,78588.62,1776892028000
1776892029.524,129.524,0.62,0.63,0.37,0.38,0.01,0.01,78588.62,1776892028000
1776892030.075,130.075,0.62,0.63,0.37,0.38,0.01,0.01,78587.38,1776892029000
1776892030.437,130.437,0.62,0.63,0.37,0.38,0.01,0.01,78587.38,1776892029000
1776892030.811,130.811,0.62,0.63,0.37,0.38,0.01,0.01,78587.38,1776892029000
1776892031.227,131.227,0.62,0.63,0.37,0.38,0.01,0.01,78587.43,1776892030000
1776892031.56,131.56,0.62,0.63,0.37,0.38,0.01,0.01,78587.43,1776892030000
1776892031.899,131.899,0.62,0.63,0.37,0.38,0.01,0.01,78587.43,1776892030000
1776892032.296,132.296,0.62,0.63,0.37,0.38,0.01,0.01,78587.43,1776892030000
1776892032.691,132.691,0.62,0.63,0.37,0.38,0.01,0.01,78587.24,1776892031000
1776892033.248,133.248,0.62,0.63,0.37,0.38,0.01,0.01,78587.24,1776892031000
1776892033.584,133.584,0.62,0.63,0.37,0.38,0.01,0.01,78587.2,1776892032000
1776892033.979,133.979,0.62,0.63,0.37,0.38,0.01,0.01,78586.75,1776892033000
1776892034.312,134.312,0.56,0.6,0.39,0.43,0.04,0.04,78586.75,1776892033000
1776892034.677,134.677,0.56,0.57,0.43,0.44,0.01,0.01,78586.75,1776892033000
1776892035.045,135.045,0.54,0.57,0.43,0.46,0.03,0.03,78586.75,1776892033000
1776892035.422,135.422,0.53,0.54,0.45,0.47,0.01,0.02,78586.54,1776892034000
1776892035.769,135.769,0.52,0.53,0.47,0.48,0.01,0.01,78586.54,1776892034000
1776892036.135,136.135,0.52,0.53,0.47,0.48,0.01,0.01,78585.51,1776892035000
1776892036.708,136.708,0.52,0.53,0.47,0.48,0.01,0.01,78585.51,1776892035000
1776892037.196,137.196,0.52,0.53,0.47,0.48,0.01,0.01,78585.51,1776892035000
1776892037.538,137.538,0.52,0.53,0.47,0.48,0.01,0.01,78580.02,1776892036000
1776892037.904,137.904,0.52,0.53,0.47,0.48,0.01,0.01,78580.02,1776892036000
1776892038.238,138.238,0.48,0.5,0.5,0.52,0.02,0.02,78580.02,1776892036000
1776892038.717,138.717,0.48,0.5,0.5,0.51,0.02,0.01,78575.45,1776892037000
1776892039.142,139.142,0.47,0.48,0.52,0.53,0.01,0.01,78575.29,1776892038000
1776892039.538,139.538,0.48,0.49,0.51,0.52,0.01,0.01,78575.29,1776892038000
1776892039.924,139.924,0.49,0.5,0.5,0.52,0.01,0.02,78575.29,1776892038000
1776892040.292,140.292,0.49,0.5,0.5,0.51,0.01,0.01,78573.15,1776892039000
1776892040.819,140.819,0.49,0.5,0.5,0.51,0.01,0.01,78573.15,1776892039000
1776892041.183,141.183,0.49,0.5,0.5,0.51,0.01,0.01,78571.55,1776892040000
1776892041.526,141.526,0.49,0.5,0.5,0.51,0.01,0.01,78571.55,1776892040000
1776892041.931,141.931,0.49,0.5,0.5,0.51,0.01,0.01,78571.55,1776892040000
1776892042.271,142.271,0.52,0.54,0.47,0.48,0.02,0.01,78572.24,1776892041000
1776892042.781,142.781,0.53,0.54,0.46,0.47,0.01,0.01,78572.24,1776892041000
1776892043.123,143.123,0.6,0.61,0.39,0.4,0.01,0.01,78572.24,1776892041000
1776892043.565,143.565,0.6,0.61,0.39,0.4,0.01,0.01,78572.52,1776892042000
1776892043.898,143.898,0.6,0.62,0.38,0.4,0.02,0.02,78572.52,1776892042000
1776892044.232,144.232,0.65,0.66,0.34,0.35,0.01,0.01,78572.55,1776892043000
1776892044.607,144.607,0.65,0.66,0.34,0.35,0.01,0.01,78572.55,1776892043000
1776892044.962,144.962,0.65,0.66,0.34,0.35,0.01,0.01,78578.62,1776892044000
1776892045.525,145.525,0.64,0.66,0.34,0.35,0.02,0.01,78578.62,1776892044000
1776892045.977,145.977,0.63,0.64,0.36,0.37,0.01,0.01,78583.11,1776892045000
1776892046.372,146.372,0.63,0.64,0.36,0.37,0.01,0.01,78583.11,1776892045000
1776892046.743,146.743,0.63,0.64,0.36,0.37,0.01,0.01,78583.11,1776892045000
1776892047.086,147.086,0.63,0.64,0.36,0.37,0.01,0.01,78583.23,1776892046000
1776892047.74,147.74,0.63,0.64,0.36,0.37,0.01,0.01,78583.23,1776892046000
1776892048.094,148.094,0.63,0.64,0.36,0.37,0.01,0.01,78583.23,1776892046000
1776892049.24,149.24,0.61,0.64,0.36,0.37,0.03,0.01,78583.22,1776892047000
1776892049.979,149.979,0.61,0.62,0.38,0.39,0.01,0.01,78583.21,1776892048000
1776892050.702,150.702,0.61,0.62,0.38,0.39,0.01,0.01,78583.21,1776892049000
1776892051.31,151.31,0.61,0.62,0.38,0.39,0.01,0.01,78584.12,1776892050000
1776892051.847,151.847,0.61,0.62,0.38,0.39,0.01,0.01,78584.12,1776892050000
1776892052.26,152.26,0.61,0.62,0.38,0.39,0.01,0.01,78584.12,1776892050000
1776892052.801,152.801,0.61,0.62,0.38,0.39,0.01,0.01,78584.01,1776892051000
1776892053.184,153.184,0.61,0.62,0.38,0.39,0.01,0.01,78584.01,1776892052000
1776892053.564,153.564,0.55,0.56,0.44,0.45,0.01,0.01,78584.01,1776892052000
1776892053.98,153.98,0.55,0.56,0.44,0.45,0.01,0.01,78584.01,1776892052000
1776892054.428,154.428,0.55,0.56,0.44,0.45,0.01,0.01,78584.01,1776892052000
1776892054.828,154.828,0.54,0.55,0.44,0.46,0.01,0.02,78583.5,1776892053000
1776892055.279,155.279,0.54,0.55,0.45,0.46,0.01,0.01,78583.5,1776892053000
1776892055.621,155.621,0.53,0.54,0.46,0.47,0.01,0.01,78580.24,1776892054000
1776892055.979,155.979,0.53,0.54,0.46,0.47,0.01,0.01,78579.46,1776892055000
1776892056.328,156.328,0.53,0.54,0.46,0.47,0.01,0.01,78579.46,1776892055000
1776892056.883,156.883,0.53,0.54,0.46,0.47,0.01,0.01,78579.46,1776892055000
1776892057.256,157.256,0.53,0.54,0.46,0.47,0.01,0.01,78579.46,1776892055000
1776892057.65,157.65,0.53,0.54,0.46,0.47,0.01,0.01,78579.44,1776892056000
1776892058.006,158.006,0.51,0.52,0.48,0.49,0.01,0.01,78579.44,1776892056000
1776892058.352,158.352,0.51,0.52,0.48,0.49,0.01,0.01,78579.01,1776892057000
1776892058.736,158.736,0.5,0.52,0.48,0.49,0.02,0.01,78579.01,1776892057000
1776892059.09,159.09,0.5,0.51,0.49,0.5,0.01,0.01,78579.01,1776892057000
1776892059.515,159.515,0.5,0.51,0.49,0.5,0.01,0.01,78579.01,1776892057000
1776892060.015,160.015,0.5,0.51,0.49,0.5,0.01,0.01,78577.62,1776892058000
1776892060.378,160.378,0.5,0.51,0.49,0.5,0.01,0.01,78577.62,1776892058000
1776892060.711,160.711,0.47,0.49,0.52,0.53,0.02,0.01,78575.64,1776892059000
1776892061.316,161.316,0.47,0.48,0.52,0.53,0.01,0.01,78575.17,1776892060000
1776892061.691,161.691,0.47,0.48,0.52,0.53,0.01,0.01,78575.17,1776892060000
1776892062.053,162.053,0.47,0.48,0.52,0.53,0.01,0.01,78575.17,1776892060000
1776892062.433,162.433,0.47,0.48,0.52,0.53,0.01,0.01,78573.44,1776892061000
1776892062.838,162.838,0.47,0.48,0.52,0.53,0.01,0.01,78573.44,1776892061000
1776892063.175,163.175,0.47,0.48,0.52,0.53,0.01,0.01,78571.99,1776892062000
1776892063.546,163.546,0.48,0.49,0.51,0.53,0.01,0.02,78571.99,1776892062000
1776892063.915,163.915,0.48,0.49,0.51,0.52,0.01,0.01,78571.99,1776892062000
1776892064.337,164.337,0.48,0.49,0.51,0.52,0.01,0.01,78571.99,1776892062000
1776892064.683,164.683,0.48,0.49,0.51,0.52,0.01,0.01,78571.84,1776892063000
1776892065.051,165.051,0.48,0.49,0.51,0.52,0.01,0.01,78571.84,1776892064000
1776892065.558,165.558,0.48,0.49,0.51,0.52,0.01,0.01,78571.84,1776892064000
1776892065.943,165.943,0.48,0.49,0.51,0.52,0.01,0.01,78571.84,1776892064000
1776892066.508,166.508,0.48,0.49,0.51,0.52,0.01,0.01,78571.84,1776892064000
1776892066.853,166.853,0.48,0.49,0.51,0.52,0.01,0.01,78570.54,1776892065000
1776892067.239,167.239,0.48,0.49,0.51,0.52,0.01,0.01,78570.54,1776892065000
1776892067.616,167.616,0.48,0.49,0.51,0.52,0.01,0.01,78570.58,1776892066000
1776892068.452,168.452,0.48,0.49,0.51,0.52,0.01,0.01,78570.58,1776892066000
1776892068.887,168.887,0.48,0.49,0.51,0.52,0.01,0.01,78570.89,1776892067000
1776892069.224,169.224,0.48,0.49,0.51,0.52,0.01,0.01,78570.89,1776892067000
1776892069.987,169.987,0.48,0.49,0.51,0.52,0.01,0.01,78570.89,1776892068000
1776892070.389,170.389,0.48,0.49,0.51,0.52,0.01,0.01,78570.89,1776892068000
1776892070.878,170.878,0.48,0.49,0.51,0.52,0.01,0.01,78570.94,1776892069000
1776892071.549,171.549,0.47,0.49,0.51,0.52,0.02,0.01,78570.94,1776892069000
1776892071.937,171.937,0.47,0.48,0.52,0.53,0.01,0.01,78570.94,1776892070000
1776892072.277,172.277,0.47,0.48,0.52,0.53,0.01,0.01,78570.94,1776892070000
1776892072.808,172.808,0.47,0.48,0.52,0.53,0.01,0.01,78570.94,1776892071000
1776892073.159,173.159,0.47,0.48,0.52,0.53,0.01,0.01,78570.94,1776892072000
1776892073.505,173.505,0.47,0.48,0.52,0.53,0.01,0.01,78570.94,1776892072000
1776892073.976,173.976,0.47,0.48,0.52,0.53,0.01,0.01,78570.94,1776892072000
1776892074.46,174.46,0.47,0.48,0.52,0.53,0.01,0.01,78570.86,1776892073000
1776892074.842,174.842,0.47,0.48,0.52,0.53,0.01,0.01,78570.86,1776892073000
1776892075.211,175.211,0.47,0.48,0.52,0.53,0.01,0.01,78570.86,1776892074000
1776892075.676,175.676,0.47,0.48,0.52,0.53,0.01,0.01,78570.86,1776892074000
1776892076.045,176.045,0.47,0.48,0.52,0.53,0.01,0.01,78570.86,1776892074000
1776892076.439,176.439,0.47,0.48,0.52,0.53,0.01,0.01,78570.86,1776892074000
1776892077.208,177.208,0.47,0.48,0.52,0.53,0.01,0.01,78570.72,1776892075000
1776892077.993,177.993,0.47,0.48,0.52,0.53,0.01,0.01,78570.72,1776892076000
1776892078.488,178.488,0.47,0.48,0.52,0.53,0.01,0.01,78570.72,1776892077000
1776892079.064,179.064,0.47,0.48,0.52,0.53,0.01,0.01,78570.72,1776892077000
1776892079.655,179.655,0.47,0.48,0.52,0.53,0.01,0.01,78572.0,1776892078000
1776892080.354,180.354,0.47,0.48,0.52,0.53,0.01,0.01,78572.0,1776892078000
1776892080.688,180.688,0.47,0.48,0.52,0.53,0.01,0.01,78571.65,1776892079000
1776892081.268,181.268,0.47,0.48,0.52,0.53,0.01,0.01,78571.65,1776892080000
1776892081.912,181.912,0.47,0.48,0.52,0.53,0.01,0.01,78571.65,1776892080000
1776892082.525,182.525,0.47,0.48,0.52,0.53,0.01,0.01,78571.65,1776892080000
1776892082.885,182.885,0.48,0.53,0.47,0.52,0.05,0.05,78571.81,1776892081000
1776892083.26,183.26,0.54,0.55,0.45,0.46,0.01,0.01,78571.81,1776892081000
1776892083.89,183.89,0.54,0.55,0.45,0.46,0.01,0.01,78572.65,1776892082000
1776892084.26,184.26,0.54,0.55,0.45,0.46,0.01,0.01,78572.65,1776892082000
1776892084.742,184.742,0.54,0.55,0.45,0.46,0.01,0.01,78571.83,1776892083000
1776892085.174,185.174,0.54,0.55,0.45,0.46,0.01,0.01,78572.61,1776892084000
1776892085.785,185.785,0.54,0.55,0.45,0.46,0.01,0.01,78572.61,1776892084000
1776892086.286,186.286,0.52,0.55,0.45,0.48,0.03,0.03,78572.61,1776892084000
1776892086.796,186.796,0.52,0.53,0.47,0.48,0.01,0.01,78572.71,1776892085000
1776892087.744,187.744,0.52,0.53,0.47,0.48,0.01,0.01,78572.71,1776892086000
1776892088.08,188.08,0.51,0.52,0.48,0.49,0.01,0.01,78572.71,1776892086000
1776892088.517,188.517,0.51,0.52,0.48,0.49,0.01,0.01,78572.62,1776892087000
1776892088.938,188.938,0.51,0.52,0.48,0.49,0.01,0.01,78572.62,1776892087000
1776892089.283,189.283,0.51,0.52,0.48,0.49,0.01,0.01,78572.22,1776892088000
1776892090.248,190.248,0.5,0.52,0.48,0.5,0.02,0.02,78572.06,1776892089000
1776892090.729,190.729,0.5,0.51,0.49,0.5,0.01,0.01,78572.06,1776892089000
1776892091.48,191.48,0.5,0.51,0.49,0.5,0.01,0.01,78572.03,1776892090000
1776892091.89,191.89,0.5,0.51,0.49,0.5,0.01,0.01,78572.03,1776892090000
1776892092.269,192.269,0.5,0.51,0.49,0.5,0.01,0.01,78571.93,1776892091000
1776892092.638,192.638,0.5,0.51,0.49,0.5,0.01,0.01,78571.93,1776892091000
1776892093.106,193.106,0.5,0.51,0.49,0.5,0.01,0.01,78572.65,1776892092000
1776892094.237,194.237,0.5,0.51,0.49,0.5,0.01,0.01,78571.94,1776892093000
1776892094.684,194.684,0.5,0.51,0.49,0.5,0.01,0.01,78571.94,1776892093000
1776892095.063,195.063,0.5,0.51,0.49,0.5,0.01,0.01,78571.94,1776892093000
1776892095.429,195.429,0.5,0.51,0.49,0.5,0.01,0.01,78572.18,1776892094000
1776892095.862,195.862,0.49,0.51,0.49,0.5,0.02,0.01,78572.18,1776892094000
1776892096.239,196.239,0.47,0.48,0.52,0.53,0.01,0.01,78572.18,1776892094000
1776892096.772,196.772,0.47,0.48,0.52,0.53,0.01,0.01,78572.08,1776892095000
1776892097.13,197.13,0.47,0.48,0.52,0.53,0.01,0.01,78572.08,1776892096000
1776892097.486,197.486,0.47,0.48,0.52,0.53,0.01,0.01,78572.08,1776892096000
1776892098.035,198.035,0.47,0.48,0.52,0.53,0.01,0.01,78571.84,1776892097000
1776892098.428,198.428,0.47,0.48,0.52,0.53,0.01,0.01,78571.84,1776892097000
1776892098.959,198.959,0.47,0.48,0.52,0.53,0.01,0.01,78571.84,1776892097000
1776892099.415,199.415,0.47,0.48,0.52,0.53,0.01,0.01,78570.97,1776892098000
1776892099.962,199.962,0.47,0.48,0.52,0.53,0.01,0.01,78570.97,1776892098000
1776892100.312,200.312,0.47,0.48,0.52,0.53,0.01,0.01,78570.97,1776892098000
1776892100.786,200.786,0.47,0.49,0.52,0.53,0.02,0.01,78570.66,1776892099000
1776892101.376,201.376,0.49,0.5,0.51,0.52,0.01,0.01,78570.66,1776892099000
1776892102.072,202.072,0.49,0.5,0.5,0.51,0.01,0.01,78571.97,1776892100000
1776892102.436,202.436,0.49,0.5,0.5,0.51,0.01,0.01,78570.53,1776892101000
1776892102.803,202.803,0.49,0.5,0.5,0.51,0.01,0.01,78570.53,1776892101000
1776892103.451,203.451,0.49,0.5,0.5,0.51,0.01,0.01,78571.18,1776892102000
1776892103.994,203.994,0.49,0.5,0.5,0.51,0.01,0.01,78571.18,1776892102000
1776892104.448,204.448,0.49,0.5,0.5,0.51,0.01,0.01,78571.18,1776892103000
1776892105.045,205.045,0.49,0.5,0.5,0.51,0.01,0.01,78571.32,1776892104000
1776892105.484,205.484,0.5,0.52,0.49,0.5,0.02,0.01,78571.32,1776892104000
1776892105.89,205.89,0.54,0.56,0.45,0.46,0.02,0.01,78571.32,1776892104000
1776892106.753,206.753,0.56,0.57,0.43,0.45,0.01,0.02,78571.49,1776892105000
1776892107.123,207.123,0.57,0.59,0.42,0.44,0.02,0.02,78571.57,1776892106000
1776892107.48,207.48,0.57,0.6,0.42,0.43,0.03,0.01,78571.57,1776892106000
1776892108.197,208.197,0.61,0.65,0.35,0.39,0.04,0.04,78571.57,1776892106000
1776892108.553,208.553,0.6,0.63,0.36,0.4,0.03,0.04,78573.4,1776892107000
1776892108.887,208.887,0.62,0.63,0.37,0.38,0.01,0.01,78573.4,1776892107000
1776892109.278,209.278,0.62,0.63,0.37,0.38,0.01,0.01,78573.4,1776892107000
1776892109.754,209.754,0.61,0.63,0.37,0.38,0.02,0.01,78574.13,1776892108000
1776892110.218,210.218,0.62,0.63,0.37,0.38,0.01,0.01,78574.13,1776892108000
1776892110.634,210.634,0.62,0.63,0.37,0.38,0.01,0.01,78575.04,1776892109000
1776892111.116,211.116,0.62,0.63,0.37,0.38,0.01,0.01,78575.04,1776892109000
1776892111.465,211.465,0.61,0.63,0.37,0.38,0.02,0.01,78575.44,1776892110000
1776892112.235,212.235,0.61,0.62,0.38,0.39,0.01,0.01,78575.44,1776892110000
1776892112.599,212.599,0.61,0.62,0.38,0.39,0.01,0.01,78575.41,1776892111000
1776892112.947,212.947,0.61,0.62,0.38,0.39,0.01,0.01,78575.41,1776892111000
1776892113.293,213.293,0.61,0.62,0.38,0.39,0.01,0.01,78575.19,1776892112000
1776892113.805,213.805,0.61,0.62,0.38,0.39,0.01,0.01,78575.19,1776892112000
1776892114.317,214.317,0.61,0.62,0.38,0.39,0.01,0.01,78575.19,1776892112000
1776892114.908,214.908,0.61,0.62,0.38,0.39,0.01,0.01,78575.2,1776892113000
1776892115.769,215.769,0.61,0.63,0.38,0.39,0.02,0.01,78575.2,1776892113000
1776892116.184,216.184,0.61,0.62,0.38,0.39,0.01,0.01,78575.29,1776892115000
1776892116.652,216.652,0.61,0.62,0.38,0.39,0.01,0.01,78575.29,1776892115000
1776892117.095,217.095,0.61,0.62,0.38,0.39,0.01,0.01,78575.29,1776892115000
1776892117.572,217.572,0.61,0.62,0.38,0.39,0.01,0.01,78574.99,1776892116000
1776892118.306,218.306,0.61,0.62,0.38,0.39,0.01,0.01,78575.3,1776892117000
1776892119.225,219.225,0.61,0.62,0.38,0.39,0.01,0.01,78575.3,1776892118000
1776892119.834,219.834,0.61,0.62,0.38,0.39,0.01,0.01,78575.3,1776892118000
1776892120.174,220.174,0.61,0.62,0.38,0.39,0.01,0.01,78575.3,1776892119000
1776892120.578,220.578,0.61,0.62,0.38,0.39,0.01,0.01,78575.3,1776892119000
1776892121.14,221.14,0.61,0.62,0.38,0.39,0.01,0.01,78575.3,1776892119000
1776892121.762,221.762,0.61,0.62,0.37,0.39,0.01,0.02,78575.34,1776892120000
1776892122.102,222.102,0.61,0.62,0.38,0.39,0.01,0.01,78575.34,1776892120000
1776892122.876,222.876,0.62,0.63,0.37,0.38,0.01,0.01,78575.57,1776892121000
1776892123.23,223.23,0.62,0.63,0.37,0.38,0.01,0.01,78575.57,1776892122000
1776892123.75,223.75,0.62,0.64,0.37,0.38,0.02,0.01,78575.57,1776892122000
1776892124.114,224.114,0.62,0.64,0.36,0.38,0.02,0.02,78575.57,1776892123000
1776892124.475,224.475,0.62,0.63,0.37,0.38,0.01,0.01,78575.57,1776892123000
1776892124.843,224.843,0.62,0.63,0.37,0.38,0.01,0.01,78575.57,1776892123000
1776892125.186,225.186,0.62,0.63,0.37,0.38,0.01,0.01,78575.73,1776892124000
1776892126.064,226.064,0.62,0.63,0.37,0.38,0.01,0.01,78574.46,1776892125000
1776892127.027,227.027,0.62,0.63,0.37,0.38,0.01,0.01,78575.73,1776892126000
1776892128.699,228.699,0.62,0.63,0.37,0.38,0.01,0.01,78575.83,1776892127000
1776892129.15,229.15,0.62,0.63,0.37,0.38,0.01,0.01,78575.83,1776892127000
1776892130.183,230.183,0.62,0.63,0.37,0.38,0.01,0.01,78575.79,1776892129000
1776892130.605,230.605,0.62,0.63,0.37,0.38,0.01,0.01,78575.79,1776892129000
1776892130.96,230.96,0.62,0.63,0.37,0.38,0.01,0.01,78575.79,1776892129000
1776892132.13,232.13,0.62,0.63,0.37,0.38,0.01,0.01,78575.79,1776892130000
1776892132.473,232.473,0.62,0.63,0.37,0.38,0.01,0.01,78575.8,1776892131000
1776892133.108,233.108,0.62,0.63,0.37,0.38,0.01,0.01,78575.81,1776892132000
1776892133.468,233.468,0.62,0.63,0.37,0.38,0.01,0.01,78575.81,1776892132000
1776892133.848,233.848,0.62,0.63,0.37,0.38,0.01,0.01,78575.81,1776892132000
1776892134.203,234.203,0.62,0.63,0.37,0.38,0.01,0.01,78575.8,1776892133000
1776892134.754,234.754,0.62,0.64,0.37,0.38,0.02,0.01,78575.8,1776892133000
1776892135.092,235.092,0.63,0.64,0.36,0.37,0.01,0.01,78575.9,1776892134000
1776892135.43,235.43,0.64,0.65,0.35,0.37,0.01,0.02,78575.9,1776892134000
1776892135.779,235.779,0.64,0.65,0.35,0.36,0.01,0.01,78575.9,1776892134000
1776892136.191,236.191,0.64,0.65,0.35,0.36,0.01,0.01,78575.9,1776892135000
1776892137.152,237.152,0.64,0.65,0.35,0.36,0.01,0.01,78575.9,1776892135000
1776892137.681,237.681,0.64,0.65,0.35,0.36,0.01,0.01,78575.89,1776892136000
1776892138.075,238.075,0.64,0.65,0.35,0.36,0.01,0.01,78575.89,1776892136000
1776892138.775,238.775,0.64,0.65,0.35,0.36,0.01,0.01,78575.89,1776892137000
1776892139.111,239.111,0.64,0.65,0.35,0.36,0.01,0.01,78575.89,1776892137000
1776892139.559,239.559,0.64,0.65,0.35,0.36,0.01,0.01,78575.97,1776892138000
1776892140.28,240.28,0.64,0.65,0.35,0.36,0.01,0.01,78575.97,1776892138000
1776892140.754,240.754,0.64,0.66,0.34,0.36,0.02,0.02,78575.59,1776892139000
1776892141.387,241.387,0.65,0.66,0.34,0.35,0.01,0.01,78575.59,1776892139000
1776892141.74,241.74,0.65,0.66,0.34,0.35,0.01,0.01,78575.48,1776892140000
1776892142.087,242.087,0.66,0.67,0.33,0.35,0.01,0.02,78575.48,1776892140000
1776892142.435,242.435,0.66,0.67,0.33,0.34,0.01,0.01,78575.48,1776892140000
1776892143.011,243.011,0.67,0.68,0.32,0.34,0.01,0.02,78575.48,1776892141000
1776892143.469,243.469,0.67,0.68,0.32,0.33,0.01,0.01,78575.48,1776892142000
1776892143.834,243.834,0.67,0.68,0.32,0.33,0.01,0.01,78575.48,1776892142000
1776892144.246,244.246,0.67,0.68,0.32,0.33,0.01,0.01,78575.36,1776892143000
1776892144.726,244.726,0.67,0.68,0.32,0.33,0.01,0.01,78575.36,1776892143000
1776892145.11,245.11,0.67,0.68,0.32,0.33,0.01,0.01,78575.36,1776892143000
1776892145.791,245.791,0.67,0.69,0.32,0.33,0.02,0.01,78575.39,1776892144000
1776892146.229,246.229,0.68,0.69,0.31,0.32,0.01,0.01,78575.39,1776892145000
1776892146.702,246.702,0.68,0.69,0.31,0.32,0.01,0.01,78575.39,1776892145000
1776892147.061,247.061,0.68,0.69,0.31,0.32,0.01,0.01,78575.39,1776892145000
1776892147.585,247.585,0.68,0.69,0.31,0.32,0.01,0.01,78575.47,1776892146000
1776892148.18,248.18,0.68,0.7,0.31,0.32,0.02,0.01,78575.47,1776892146000
1776892148.54,248.54,0.69,0.7,0.3,0.31,0.01,0.01,78575.91,1776892147000
1776892148.927,248.927,0.69,0.7,0.3,0.31,0.01,0.01,78575.91,1776892147000
1776892149.305,249.305,0.69,0.7,0.3,0.31,0.01,0.01,78575.91,1776892148000
1776892149.643,249.643,0.69,0.7,0.3,0.31,0.01,0.01,78575.91,1776892148000
1776892150.292,250.292,0.69,0.7,0.3,0.31,0.01,0.01,78575.92,1776892149000
1776892151.269,251.269,0.69,0.7,0.3,0.31,0.01,0.01,78576.55,1776892150000
1776892152.393,252.393,0.69,0.7,0.3,0.31,0.01,0.01,78576.55,1776892150000
1776892153.082,253.082,0.69,0.7,0.3,0.31,0.01,0.01,78576.52,1776892152000
1776892153.684,253.684,0.69,0.71,0.3,0.31,0.02,0.01,78576.52,1776892152000
1776892154.088,254.088,0.7,0.71,0.29,0.3,0.01,0.01,78576.52,1776892152000
1776892154.428,254.428,0.7,0.71,0.29,0.3,0.01,0.01,78576.52,1776892153000
1776892154.761,254.761,0.71,0.72,0.28,0.29,0.01,0.01,78576.52,1776892153000
1776892155.297,255.297,0.71,0.72,0.28,0.29,0.01,0.01,78576.53,1776892154000
1776892155.699,255.699,0.71,0.72,0.28,0.29,0.01,0.01,78576.53,1776892154000
1776892156.095,256.095,0.71,0.73,0.28,0.29,0.02,0.01,78576.53,1776892154000
1776892156.6,256.6,0.73,0.74,0.26,0.27,0.01,0.01,78576.53,1776892154000
1776892156.949,256.949,0.73,0.74,0.26,0.27,0.01,0.01,78577.58,1776892155000
1776892157.373,257.373,0.73,0.74,0.26,0.27,0.01,0.01,78577.61,1776892156000
1776892157.815,257.815,0.73,0.74,0.26,0.27,0.01,0.01,78577.61,1776892156000
1776892158.26,258.26,0.73,0.74,0.26,0.27,0.01,0.01,78577.62,1776892157000
1776892158.744,258.744,0.75,0.76,0.24,0.25,0.01,0.01,78577.62,1776892157000
1776892159.2,259.2,0.75,0.76,0.24,0.25,0.01,0.01,78577.62,1776892157000
1776892159.704,259.704,0.75,0.76,0.24,0.25,0.01,0.01,78577.61,1776892158000
1776892160.131,260.131,0.75,0.77,0.24,0.25,0.02,0.01,78577.61,1776892158000
1776892160.518,260.518,0.76,0.77,0.23,0.24,0.01,0.01,78577.1,1776892159000
1776892160.873,260.873,0.78,0.79,0.21,0.22,0.01,0.01,78577.1,1776892159000
1776892161.233,261.233,0.78,0.79,0.21,0.22,0.01,0.01,78577.69,1776892160000
1776892161.714,261.714,0.78,0.79,0.21,0.22,0.01,0.01,78577.69,1776892160000
1776892162.094,262.094,0.78,0.79,0.21,0.22,0.01,0.01,78577.69,1776892161000
1776892162.637,262.637,0.78,0.79,0.21,0.22,0.01,0.01,78577.69,1776892161000
1776892163.034,263.034,0.78,0.79,0.21,0.22,0.01,0.01,78577.69,1776892161000
1776892163.608,263.608,0.77,0.78,0.21,0.22,0.01,0.01,78577.68,1776892162000
1776892163.955,263.955,0.7,0.72,0.28,0.3,0.02,0.02,78577.69,1776892163000
1776892164.351,264.351,0.69,0.7,0.3,0.31,0.01,0.01,78577.69,1776892163000
1776892164.777,264.777,0.69,0.7,0.3,0.31,0.01,0.01,78577.69,1776892163000
1776892165.396,265.396,0.69,0.7,0.3,0.31,0.01,0.01,78577.74,1776892164000
1776892165.821,265.821,0.69,0.7,0.3,0.31,0.01,0.01,78577.74,1776892164000
1776892166.166,266.166,0.66,0.67,0.33,0.34,0.01,0.01,78577.36,1776892165000
1776892166.632,266.632,0.66,0.67,0.33,0.34,0.01,0.01,78577.36,1776892165000
1776892166.974,266.974,0.66,0.67,0.33,0.34,0.01,0.01,78577.03,1776892166000
1776892167.407,267.407,0.66,0.67,0.33,0.34,0.01,0.01,78577.03,1776892166000
1776892167.814,267.814,0.66,0.67,0.33,0.34,0.01,0.01,78577.03,1776892166000
1776892168.152,268.152,0.66,0.67,0.33,0.34,0.01,0.01,78577.03,1776892166000
1776892168.669,268.669,0.66,0.67,0.33,0.34,0.01,0.01,78576.69,1776892167000
1776892169.01,269.01,0.69,0.7,0.3,0.31,0.01,0.01,78576.69,1776892167000
1776892169.468,269.468,0.69,0.7,0.3,0.31,0.01,0.01,78576.69,1776892168000
1776892170.118,270.118,0.71,0.75,0.28,0.3,0.04,0.02,78576.69,1776892168000
1776892170.496,270.496,0.74,0.75,0.25,0.26,0.01,0.01,78576.69,1776892168000
1776892171.026,271.026,0.77,0.78,0.25,0.26,0.01,0.01,78576.72,1776892169000
1776892171.423,271.423,0.79,0.8,0.2,0.21,0.01,0.01,78576.84,1776892170000
1776892171.799,271.799,0.79,0.8,0.2,0.21,0.01,0.01,78576.84,1776892170000
1776892172.151,272.151,0.81,0.82,0.18,0.19,0.01,0.01,78576.84,1776892170000
1776892172.492,272.492,0.85,0.86,0.14,0.19,0.01,0.05,78577.19,1776892171000
1776892172.845,272.845,0.85,0.86,0.14,0.15,0.01,0.01,78577.19,1776892171000
1776892173.179,273.179,0.85,0.86,0.14,0.15,0.01,0.01,78577.19,1776892171000
1776892173.539,273.539,0.85,0.86,0.14,0.15,0.01,0.01,78577.19,1776892171000
1776892174.051,274.051,0.85,0.86,0.14,0.15,0.01,0.01,78577.19,1776892171000
1776892174.524,274.524,0.85,0.86,0.14,0.15,0.01,0.01,78577.72,1776892172000
1776892174.877,274.877,0.85,0.86,0.14,0.15,0.01,0.01,78577.72,1776892173000
1776892175.238,275.238,0.86,0.87,0.13,0.14,0.01,0.01,78577.72,1776892173000
1776892175.84,275.84,0.87,0.88,0.12,0.13,0.01,0.01,78577.76,1776892174000
1776892176.218,276.218,0.87,0.88,0.12,0.13,0.01,0.01,78577.79,1776892175000
1776892176.58,276.58,0.87,0.88,0.12,0.13,0.01,0.01,78577.79,1776892175000
1776892176.958,276.958,0.87,0.88,0.12,0.13,0.01,0.01,78577.79,1776892175000
1776892177.295,277.295,0.87,0.88,0.12,0.13,0.01,0.01,78577.79,1776892175000
1776892177.7,277.7,0.86,0.88,0.12,0.13,0.02,0.01,78577.84,1776892176000
1776892178.08,278.08,0.85,0.86,0.13,0.15,0.01,0.02,78577.84,1776892176000
1776892178.446,278.446,0.85,0.86,0.14,0.15,0.01,0.01,78578.26,1776892177000
1776892178.851,278.851,0.85,0.86,0.14,0.15,0.01,0.01,78578.26,1776892177000
1776892179.216,279.216,0.85,0.86,0.14,0.15,0.01,0.01,78578.26,1776892178000
1776892179.667,279.667,0.85,0.86,0.14,0.15,0.01,0.01,78578.26,1776892178000
1776892180.08,280.08,0.85,0.87,0.14,0.15,0.02,0.01,78578.26,1776892178000
1776892180.6,280.6,0.86,0.87,0.13,0.14,0.01,0.01,78578.26,1776892178000
1776892181.204,281.204,0.86,0.87,0.13,0.14,0.01,0.01,78578.3,1776892179000
1776892181.606,281.606,0.87,0.88,0.12,0.13,0.01,0.01,78578.31,1776892180000
1776892181.986,281.986,0.87,0.88,0.12,0.13,0.01,0.01,78578.31,1776892180000
1776892182.328,282.328,0.88,0.89,0.11,0.12,0.01,0.01,78578.32,1776892181000
1776892182.866,282.866,0.88,0.89,0.11,0.12,0.01,0.01,78578.32,1776892181000
1776892183.258,283.258,0.88,0.89,0.11,0.12,0.01,0.01,78578.32,1776892182000
1776892183.599,283.599,0.88,0.89,0.11,0.12,0.01,0.01,78578.32,1776892182000
1776892184.157,284.157,0.89,0.9,0.1,0.11,0.01,0.01,78578.32,1776892182000
1776892184.494,284.494,0.89,0.9,0.1,0.11,0.01,0.01,78578.32,1776892182000
1776892184.9,284.9,0.89,0.9,0.1,0.11,0.01,0.01,78578.33,1776892183000
1776892185.266,285.266,0.9,0.91,0.1,0.11,0.01,0.01,78578.33,1776892183000
1776892185.702,285.702,0.91,0.92,0.08,0.09,0.01,0.01,78578.33,1776892184000
1776892186.118,286.118,0.92,0.93,0.07,0.08,0.01,0.01,78578.33,1776892184000
1776892186.666,286.666,0.94,0.95,0.05,0.08,0.01,0.03,78578.33,1776892185000
1776892187.015,287.015,0.94,0.95,0.05,0.06,0.01,0.01,78578.33,1776892185000
1776892187.36,287.36,0.94,0.95,0.05,0.06,0.01,0.01,78578.33,1776892186000
1776892187.782,287.782,0.94,0.95,0.05,0.06,0.01,0.01,78578.33,1776892186000
1776892188.159,288.159,0.95,0.96,0.04,0.05,0.01,0.01,78578.33,1776892186000
1776892188.511,288.511,0.94,0.95,0.05,0.06,0.01,0.01,78578.33,1776892186000
1776892188.875,288.875,0.94,0.95,0.05,0.06,0.01,0.01,78578.33,1776892186000
1776892189.317,289.317,0.94,0.95,0.05,0.06,0.01,0.01,78578.38,1776892187000
1776892189.722,289.722,0.96,0.97,0.03,0.06,0.01,0.03,78578.38,1776892187000
1776892190.439,290.439,0.96,0.97,0.03,0.04,0.01,0.01,78578.38,1776892189000
1776892190.772,290.772,0.96,0.97,0.03,0.04,0.01,0.01,78578.38,1776892189000
1776892191.13,291.13,0.97,0.98,0.02,0.03,0.01,0.01,78578.38,1776892189000
1776892191.499,291.499,0.97,0.98,0.02,0.03,0.01,0.01,78578.38,1776892189000
1776892191.839,291.839,0.98,0.99,0.01,0.02,0.01,0.01,78578.38,1776892189000
1776892192.213,292.213,0.98,0.99,0.01,0.02,0.01,0.01,78578.61,1776892190000
1776892192.569,292.569,0.98,0.99,0.01,0.02,0.01,0.01,78578.61,1776892190000
1776892193.056,293.056,0.99,0.99,0.01,0.01,0.0,0.0,78579.98,1776892191000
1776892193.417,293.417,0.99,0.99,0.01,0.01,0.0,0.0,78579.98,1776892191000
1776892193.949,293.949,0.99,0.99,0.01,0.01,0.0,0.0,78579.98,1776892191000
1776892194.424,294.424,0.99,0.99,0.01,0.01,0.0,0.0,78590.52,1776892192000
1776892194.888,294.888,0.99,0.99,0.01,0.01,0.0,0.0,78595.5,1776892193000
1776892195.257,295.257,0.99,0.99,0.01,0.01,0.0,0.0,78596.18,1776892194000
1776892195.639,295.639,0.99,0.99,0.01,0.01,0.0,0.0,78596.18,1776892194000
1776892196.144,296.144,0.99,0.99,0.01,0.01,0.0,0.0,78596.18,1776892194000
1776892196.781,296.781,0.99,0.99,0.01,0.01,0.0,0.0,78597.36,1776892195000
1776892197.323,297.323,0.99,0.99,0.01,0.01,0.0,0.0,78597.36,1776892195000
1776892197.691,297.691,0.99,0.99,0.01,0.01,0.0,0.0,78597.65,1776892196000
1776892198.076,298.076,0.99,0.99,0.01,0.01,0.0,0.0,78597.65,1776892197000
1776892199.3,299.3,0.99,0.99,0.01,0.01,0.0,0.0,78597.65,1776892197000
1776892199.97,299.97,0.99,0.99,0.01,0.01,0.0,0.0,78597.65,1776892198000
1776892200.548,300.548,0.99,0.99,0.01,0.01,0.0,0.0,78597.65,1776892199000
1776892200.933,300.933,0.99,0.99,0.01,0.01,0.0,0.0,78597.65,1776892199000
1776892201.733,301.733,0.99,0.99,0.01,0.01,0.0,0.0,78597.66,1776892200000
1776892202.285,302.285,0.99,0.99,0.01,0.01,0.0,0.0,78597.62,1776892201000

# RESULT,winner=Up,slug=btc-updown-5m-1776891900,ticks=627
