timestamp,elapsed_sec,up_bid,up_ask,down_bid,down_ask,up_spread,down_spread,btc_price,btc_oracle_ts
1777054800.609,0.609,0.56,0.57,0.43,0.44,0.01,0.01,77440.43,1777054799000
1777054800.974,0.974,0.55,0.56,0.43,0.44,0.01,0.01,77440.43,1777054799000
1777054801.341,1.341,0.53,0.54,0.46,0.47,0.01,0.01,77440.43,1777054799000
1777054801.742,1.742,0.53,0.54,0.46,0.47,0.01,0.01,77440.43,1777054800000
1777054802.125,2.125,0.53,0.54,0.46,0.47,0.01,0.01,77440.43,1777054801000
1777054802.51,2.51,0.53,0.54,0.46,0.47,0.01,0.01,77440.43,1777054801000
1777054802.933,2.933,0.53,0.54,0.46,0.47,0.01,0.01,77440.43,1777054801000
1777054803.321,3.321,0.53,0.54,0.46,0.48,0.01,0.02,77437.17,1777054802000
1777054803.669,3.669,0.53,0.54,0.46,0.47,0.01,0.01,77437.17,1777054802000
1777054804.006,4.006,0.53,0.54,0.46,0.47,0.01,0.01,77437.17,1777054802000
1777054804.353,4.353,0.53,0.54,0.46,0.47,0.01,0.01,77436.26,1777054803000
1777054804.812,4.812,0.53,0.54,0.46,0.47,0.01,0.01,77436.26,1777054803000
1777054805.201,5.201,0.53,0.54,0.46,0.47,0.01,0.01,77433.74,1777054804000
1777054805.74,5.74,0.53,0.54,0.46,0.47,0.01,0.01,77433.74,1777054804000
1777054806.087,6.087,0.53,0.54,0.46,0.47,0.01,0.01,77433.74,1777054804000
1777054806.807,6.807,0.53,0.54,0.46,0.47,0.01,0.01,77433.74,1777054804000
1777054807.398,7.398,0.53,0.54,0.46,0.47,0.01,0.01,77437.63,1777054805000
1777054807.733,7.733,0.53,0.54,0.46,0.47,0.01,0.01,77437.64,1777054806000
1777054808.076,8.076,0.53,0.54,0.46,0.47,0.01,0.01,77437.64,1777054807000
1777054808.72,8.72,0.53,0.54,0.46,0.47,0.01,0.01,77437.64,1777054807000
1777054809.118,9.118,0.52,0.54,0.46,0.47,0.02,0.01,77437.64,1777054807000
1777054809.556,9.556,0.52,0.53,0.47,0.48,0.01,0.01,77437.59,1777054808000
1777054809.914,9.914,0.52,0.53,0.47,0.48,0.01,0.01,77437.59,1777054808000
1777054810.276,10.276,0.52,0.53,0.47,0.48,0.01,0.01,77437.59,1777054808000
1777054810.65,10.65,0.52,0.53,0.47,0.48,0.01,0.01,77437.55,1777054809000
1777054810.99,10.99,0.52,0.53,0.47,0.48,0.01,0.01,77437.55,1777054809000
1777054811.364,11.364,0.52,0.53,0.47,0.48,0.01,0.01,77438.47,1777054810000
1777054811.73,11.73,0.52,0.53,0.47,0.48,0.01,0.01,77438.47,1777054810000
1777054812.125,12.125,0.52,0.53,0.47,0.48,0.01,0.01,77438.47,1777054810000
1777054812.458,12.458,0.52,0.53,0.47,0.48,0.01,0.01,77437.56,1777054811000
1777054812.94,12.94,0.52,0.53,0.47,0.48,0.01,0.01,77437.56,1777054811000
1777054813.282,13.282,0.52,0.53,0.47,0.48,0.01,0.01,77437.56,1777054811000
1777054813.664,13.664,0.52,0.53,0.47,0.48,0.01,0.01,77437.53,1777054812000
1777054814.058,14.058,0.52,0.53,0.47,0.48,0.01,0.01,77437.53,1777054812000
1777054814.41,14.41,0.52,0.54,0.47,0.48,0.02,0.01,77437.48,1777054813000
1777054815.014,15.014,0.53,0.56,0.46,0.47,0.03,0.01,77437.48,1777054813000
1777054815.453,15.453,0.56,0.57,0.44,0.45,0.01,0.01,77437.56,1777054814000
1777054815.795,15.795,0.58,0.59,0.41,0.42,0.01,0.01,77437.56,1777054814000
1777054816.265,16.265,0.58,0.59,0.41,0.42,0.01,0.01,77437.56,1777054814000
1777054816.646,16.646,0.58,0.59,0.41,0.42,0.01,0.01,77440.5,1777054815000
1777054816.981,16.981,0.58,0.59,0.41,0.42,0.01,0.01,77440.5,1777054815000
1777054817.353,17.353,0.58,0.59,0.41,0.42,0.01,0.01,77440.5,1777054815000
1777054817.803,17.803,0.58,0.59,0.41,0.42,0.01,0.01,77446.9,1777054816000
1777054818.159,18.159,0.58,0.59,0.41,0.42,0.01,0.01,77446.9,1777054816000
1777054818.528,18.528,0.58,0.59,0.41,0.42,0.01,0.01,77447.09,1777054817000
1777054818.973,18.973,0.58,0.59,0.41,0.42,0.01,0.01,77447.09,1777054817000
1777054819.319,19.319,0.58,0.59,0.41,0.42,0.01,0.01,77447.55,1777054818000
1777054819.676,19.676,0.58,0.59,0.41,0.42,0.01,0.01,77447.55,1777054818000
1777054820.51,20.51,0.58,0.59,0.41,0.42,0.01,0.01,77448.34,1777054819000
1777054820.976,20.976,0.58,0.59,0.41,0.42,0.01,0.01,77448.34,1777054819000
1777054821.353,21.353,0.57,0.59,0.41,0.42,0.02,0.01,77451.04,1777054820000
1777054821.791,21.791,0.53,0.56,0.43,0.47,0.03,0.04,77451.04,1777054820000
1777054822.178,22.178,0.53,0.54,0.46,0.47,0.01,0.01,77449.5,1777054821000
1777054822.536,22.536,0.53,0.54,0.46,0.47,0.01,0.01,77449.5,1777054821000
1777054823.18,23.18,0.53,0.54,0.46,0.47,0.01,0.01,77443.66,1777054822000
1777054823.567,23.567,0.53,0.54,0.46,0.47,0.01,0.01,77443.66,1777054822000
1777054823.917,23.917,0.53,0.54,0.46,0.47,0.01,0.01,77443.66,1777054822000
1777054824.398,24.398,0.53,0.55,0.46,0.47,0.02,0.01,77440.99,1777054823000
1777054824.768,24.768,0.54,0.55,0.45,0.46,0.01,0.01,77440.99,1777054823000
1777054825.215,25.215,0.55,0.56,0.44,0.45,0.01,0.01,77440.99,1777054823000
1777054825.931,25.931,0.55,0.56,0.44,0.46,0.01,0.02,77441.37,1777054824000
1777054826.283,26.283,0.55,0.56,0.44,0.45,0.01,0.01,77441.37,1777054824000
1777054826.81,26.81,0.55,0.56,0.44,0.45,0.01,0.01,77442.46,1777054825000
1777054827.235,27.235,0.55,0.56,0.44,0.45,0.01,0.01,77441.38,1777054826000
1777054828.158,28.158,0.54,0.56,0.44,0.45,0.02,0.01,77441.38,1777054826000
1777054828.535,28.535,0.52,0.55,0.44,0.48,0.03,0.04,77440.3,1777054827000
1777054828.889,28.889,0.53,0.56,0.44,0.45,0.03,0.01,77440.3,1777054827000
1777054829.246,29.246,0.53,0.55,0.45,0.47,0.02,0.02,77440.3,1777054827000
1777054829.855,29.855,0.5,0.51,0.47,0.5,0.01,0.03,77440.25,1777054828000
1777054830.343,30.343,0.5,0.51,0.49,0.5,0.01,0.01,77439.48,1777054829000
1777054830.723,30.723,0.5,0.51,0.49,0.5,0.01,0.01,77439.48,1777054829000
1777054831.133,31.133,0.5,0.51,0.49,0.5,0.01,0.01,77431.3,1777054830000
1777054831.692,31.692,0.5,0.51,0.49,0.5,0.01,0.01,77431.3,1777054830000
1777054832.229,32.229,0.5,0.51,0.49,0.5,0.01,0.01,77431.27,1777054831000
1777054832.725,32.725,0.5,0.51,0.49,0.5,0.01,0.01,77431.27,1777054831000
1777054833.651,33.651,0.5,0.51,0.49,0.5,0.01,0.01,77433.93,1777054832000
1777054834.537,34.537,0.5,0.51,0.49,0.5,0.01,0.01,77433.17,1777054833000
1777054834.961,34.961,0.52,0.53,0.46,0.49,0.01,0.03,77433.17,1777054833000
1777054835.453,35.453,0.52,0.53,0.47,0.48,0.01,0.01,77433.17,1777054833000
1777054835.794,35.794,0.52,0.53,0.47,0.48,0.01,0.01,77437.01,1777054834000
1777054836.536,36.536,0.52,0.53,0.47,0.48,0.01,0.01,77437.01,1777054834000
1777054836.907,36.907,0.52,0.53,0.47,0.48,0.01,0.01,77438.0,1777054835000
1777054837.262,37.262,0.52,0.53,0.47,0.48,0.01,0.01,77438.0,1777054835000
1777054837.647,37.647,0.54,0.55,0.45,0.48,0.01,0.03,77438.0,1777054835000
1777054838.048,38.048,0.54,0.55,0.45,0.46,0.01,0.01,77438.01,1777054836000
1777054838.653,38.653,0.54,0.55,0.45,0.46,0.01,0.01,77438.01,1777054836000
1777054839.255,39.255,0.54,0.55,0.45,0.46,0.01,0.01,77440.02,1777054837000
1777054839.589,39.589,0.54,0.55,0.45,0.46,0.01,0.01,77440.38,1777054838000
1777054840.237,40.237,0.54,0.55,0.45,0.46,0.01,0.01,77440.38,1777054838000
1777054840.728,40.728,0.54,0.55,0.45,0.46,0.01,0.01,77440.7,1777054839000
1777054841.181,41.181,0.54,0.56,0.44,0.46,0.02,0.02,77440.7,1777054840000
1777054841.661,41.661,0.55,0.56,0.44,0.46,0.01,0.02,77440.7,1777054840000
1777054842.125,42.125,0.55,0.56,0.44,0.45,0.01,0.01,77440.7,1777054840000
1777054842.723,42.723,0.55,0.56,0.44,0.45,0.01,0.01,77440.7,1777054840000
1777054843.303,43.303,0.55,0.56,0.44,0.45,0.01,0.01,77441.92,1777054841000
1777054843.975,43.975,0.56,0.57,0.43,0.45,0.01,0.02,77443.26,1777054842000
1777054844.344,44.344,0.56,0.57,0.43,0.44,0.01,0.01,77443.26,1777054843000
1777054845.13,45.13,0.56,0.57,0.43,0.44,0.01,0.01,77443.26,1777054843000
1777054845.596,45.596,0.56,0.57,0.43,0.44,0.01,0.01,77443.26,1777054844000
1777054845.994,45.994,0.57,0.59,0.42,0.44,0.02,0.02,77443.26,1777054844000
1777054846.333,46.333,0.6,0.63,0.37,0.4,0.03,0.03,77443.26,1777054844000
1777054846.687,46.687,0.61,0.62,0.38,0.39,0.01,0.01,77443.26,1777054844000
1777054847.074,47.074,0.61,0.62,0.38,0.39,0.01,0.01,77442.19,1777054845000
1777054847.587,47.587,0.61,0.62,0.38,0.39,0.01,0.01,77442.19,1777054845000
1777054848.252,48.252,0.61,0.62,0.38,0.39,0.01,0.01,77447.44,1777054846000
1777054848.626,48.626,0.62,0.63,0.37,0.38,0.01,0.01,77452.64,1777054847000
1777054848.987,48.987,0.62,0.63,0.37,0.38,0.01,0.01,77452.64,1777054847000
1777054849.441,49.441,0.62,0.63,0.37,0.38,0.01,0.01,77452.68,1777054848000
1777054849.862,49.862,0.62,0.63,0.37,0.38,0.01,0.01,77452.68,1777054848000
1777054850.238,50.238,0.61,0.62,0.38,0.39,0.01,0.01,77452.68,1777054848000
1777054850.584,50.584,0.6,0.61,0.39,0.4,0.01,0.01,77453.34,1777054849000
1777054851.082,51.082,0.6,0.61,0.39,0.4,0.01,0.01,77453.34,1777054849000
1777054851.431,51.431,0.56,0.57,0.4,0.44,0.01,0.04,77453.34,1777054849000
1777054851.799,51.799,0.55,0.57,0.43,0.44,0.02,0.01,77453.34,1777054849000
1777054852.223,52.223,0.56,0.57,0.43,0.45,0.01,0.02,77453.33,1777054850000
1777054852.56,52.56,0.55,0.57,0.43,0.45,0.02,0.02,77453.33,1777054850000
1777054853.085,53.085,0.55,0.56,0.44,0.45,0.01,0.01,77450.33,1777054851000
1777054853.445,53.445,0.55,0.56,0.44,0.45,0.01,0.01,77446.98,1777054852000
1777054853.785,53.785,0.55,0.56,0.44,0.45,0.01,0.01,77446.98,1777054852000
1777054854.161,54.161,0.55,0.56,0.44,0.45,0.01,0.01,77442.99,1777054853000
1777054854.552,54.552,0.55,0.56,0.44,0.45,0.01,0.01,77442.99,1777054853000
1777054854.952,54.952,0.55,0.56,0.44,0.45,0.01,0.01,77442.99,1777054853000
1777054855.366,55.366,0.55,0.56,0.44,0.45,0.01,0.01,77442.99,1777054853000
1777054855.728,55.728,0.55,0.56,0.44,0.45,0.01,0.01,77440.85,1777054854000
1777054856.149,56.149,0.55,0.56,0.44,0.45,0.01,0.01,77440.85,1777054854000
1777054856.485,56.485,0.55,0.56,0.44,0.45,0.01,0.01,77440.85,1777054854000
1777054856.825,56.825,0.55,0.56,0.44,0.45,0.01,0.01,77440.85,1777054854000
1777054857.318,57.318,0.55,0.56,0.44,0.45,0.01,0.01,77440.85,1777054855000
1777054857.744,57.744,0.54,0.55,0.44,0.45,0.01,0.01,77440.85,1777054856000
1777054858.157,58.157,0.53,0.54,0.45,0.47,0.01,0.02,77440.85,1777054857000
1777054858.607,58.607,0.53,0.54,0.46,0.47,0.01,0.01,77440.85,1777054857000
1777054858.999,58.999,0.52,0.54,0.46,0.48,0.02,0.02,77440.8,1777054858000
1777054859.589,59.589,0.52,0.53,0.47,0.48,0.01,0.01,77440.8,1777054858000
1777054859.946,59.946,0.52,0.53,0.47,0.48,0.01,0.01,77440.8,1777054858000
1777054860.398,60.398,0.52,0.53,0.47,0.48,0.01,0.01,77438.94,1777054859000
1777054860.796,60.796,0.52,0.53,0.47,0.48,0.01,0.01,77438.94,1777054859000
1777054861.182,61.182,0.52,0.53,0.47,0.48,0.01,0.01,77438.94,1777054859000
1777054861.679,61.679,0.51,0.52,0.48,0.49,0.01,0.01,77437.89,1777054860000
1777054862.065,62.065,0.51,0.52,0.48,0.49,0.01,0.01,77437.89,1777054860000
1777054862.602,62.602,0.51,0.52,0.48,0.49,0.01,0.01,77437.87,1777054861000
1777054863.025,63.025,0.51,0.53,0.48,0.49,0.02,0.01,77437.87,1777054862000
1777054863.381,63.381,0.52,0.53,0.47,0.49,0.01,0.02,77437.87,1777054862000
1777054863.796,63.796,0.52,0.53,0.47,0.48,0.01,0.01,77437.87,1777054862000
1777054864.171,64.171,0.53,0.54,0.46,0.47,0.01,0.01,77437.87,1777054863000
1777054864.511,64.511,0.53,0.54,0.46,0.47,0.01,0.01,77437.87,1777054863000
1777054865.013,65.013,0.53,0.55,0.45,0.47,0.02,0.02,77437.87,1777054863000
1777054865.727,65.727,0.54,0.55,0.45,0.46,0.01,0.01,77437.87,1777054864000
1777054866.064,66.064,0.57,0.6,0.4,0.43,0.03,0.03,77437.87,1777054864000
1777054866.611,66.611,0.61,0.62,0.38,0.39,0.01,0.01,77437.9,1777054865000
1777054867.11,67.11,0.61,0.62,0.38,0.39,0.01,0.01,77437.9,1777054865000
1777054867.52,67.52,0.61,0.62,0.38,0.39,0.01,0.01,77446.35,1777054866000
1777054868.062,68.062,0.61,0.62,0.38,0.39,0.01,0.01,77446.35,1777054866000
1777054868.438,68.438,0.61,0.62,0.38,0.39,0.01,0.01,77447.1,1777054867000
1777054869.339,69.339,0.61,0.62,0.38,0.39,0.01,0.01,77450.15,1777054868000
1777054869.772,69.772,0.61,0.62,0.38,0.39,0.01,0.01,77450.15,1777054868000
1777054870.12,70.12,0.61,0.62,0.38,0.39,0.01,0.01,77450.14,1777054869000
1777054870.468,70.468,0.61,0.62,0.38,0.39,0.01,0.01,77450.14,1777054869000
1777054871.253,71.253,0.61,0.62,0.38,0.39,0.01,0.01,77450.14,1777054869000
1777054871.62,71.62,0.61,0.62,0.38,0.39,0.01,0.01,77450.14,1777054869000
1777054871.958,71.958,0.61,0.62,0.38,0.39,0.01,0.01,77450.14,1777054870000
1777054872.298,72.298,0.64,0.65,0.35,0.36,0.01,0.01,77450.14,1777054870000
1777054872.761,72.761,0.64,0.65,0.35,0.36,0.01,0.01,77450.13,1777054871000
1777054873.112,73.112,0.64,0.66,0.35,0.36,0.02,0.01,77450.13,1777054871000
1777054873.445,73.445,0.67,0.69,0.31,0.33,0.02,0.02,77450.13,1777054871000
1777054873.778,73.778,0.68,0.69,0.31,0.32,0.01,0.01,77453.18,1777054872000
1777054874.125,74.125,0.66,0.69,0.31,0.34,0.03,0.03,77453.18,1777054872000
1777054874.485,74.485,0.67,0.68,0.32,0.33,0.01,0.01,77453.18,1777054872000
1777054874.96,74.96,0.67,0.68,0.32,0.33,0.01,0.01,77454.46,1777054873000
1777054875.293,75.293,0.67,0.68,0.32,0.33,0.01,0.01,77463.03,1777054874000
1777054875.629,75.629,0.67,0.68,0.32,0.33,0.01,0.01,77463.03,1777054874000
1777054876.55,76.55,0.67,0.68,0.32,0.33,0.01,0.01,77463.03,1777054874000
1777054876.906,76.906,0.65,0.68,0.32,0.36,0.03,0.04,77463.41,1777054875000
1777054877.314,77.314,0.65,0.66,0.34,0.35,0.01,0.01,77463.06,1777054876000
1777054877.692,77.692,0.65,0.66,0.34,0.35,0.01,0.01,77463.06,1777054876000
1777054878.028,78.028,0.65,0.66,0.34,0.35,0.01,0.01,77460.6,1777054877000
1777054878.453,78.453,0.68,0.69,0.31,0.33,0.01,0.02,77460.6,1777054877000
1777054878.931,78.931,0.68,0.69,0.31,0.32,0.01,0.01,77460.6,1777054877000
1777054879.268,79.268,0.68,0.69,0.31,0.32,0.01,0.01,77460.6,1777054877000
1777054879.824,79.824,0.72,0.73,0.27,0.29,0.01,0.02,77461.26,1777054878000
1777054880.205,80.205,0.72,0.74,0.26,0.28,0.02,0.02,77462.22,1777054879000
1777054880.723,80.723,0.73,0.74,0.26,0.27,0.01,0.01,77462.22,1777054879000
1777054881.125,81.125,0.73,0.74,0.26,0.27,0.01,0.01,77462.22,1777054879000
1777054881.502,81.502,0.73,0.74,0.26,0.27,0.01,0.01,77469.22,1777054880000
1777054881.894,81.894,0.74,0.75,0.25,0.26,0.01,0.01,77469.22,1777054880000
1777054882.312,82.312,0.74,0.75,0.25,0.26,0.01,0.01,77472.33,1777054881000
1777054882.93,82.93,0.74,0.75,0.25,0.26,0.01,0.01,77472.33,1777054881000
1777054883.436,83.436,0.74,0.75,0.25,0.26,0.01,0.01,77472.33,1777054881000
1777054883.82,83.82,0.74,0.75,0.25,0.26,0.01,0.01,77474.84,1777054882000
1777054884.232,84.232,0.74,0.75,0.25,0.26,0.01,0.01,77474.84,1777054882000
1777054884.623,84.623,0.74,0.75,0.25,0.26,0.01,0.01,77475.4,1777054883000
1777054885.188,85.188,0.74,0.75,0.25,0.26,0.01,0.01,77475.4,1777054883000
1777054885.765,85.765,0.74,0.75,0.25,0.26,0.01,0.01,77476.42,1777054884000
1777054886.113,86.113,0.74,0.75,0.25,0.26,0.01,0.01,77476.42,1777054884000
1777054886.524,86.524,0.74,0.75,0.25,0.26,0.01,0.01,77476.0,1777054885000
1777054886.89,86.89,0.74,0.75,0.25,0.26,0.01,0.01,77476.0,1777054885000
1777054887.253,87.253,0.74,0.75,0.25,0.26,0.01,0.01,77475.99,1777054886000
1777054887.664,87.664,0.74,0.75,0.25,0.26,0.01,0.01,77475.99,1777054886000
1777054888.372,88.372,0.74,0.75,0.25,0.26,0.01,0.01,77475.99,1777054886000
1777054888.746,88.746,0.74,0.75,0.25,0.26,0.01,0.01,77475.99,1777054886000
1777054889.231,89.231,0.74,0.75,0.25,0.26,0.01,0.01,77475.26,1777054887000
1777054889.568,89.568,0.75,0.76,0.24,0.26,0.01,0.02,77475.57,1777054888000
1777054889.92,89.92,0.75,0.76,0.24,0.25,0.01,0.01,77475.57,1777054888000
1777054890.559,90.559,0.75,0.76,0.24,0.25,0.01,0.01,77476.81,1777054889000
1777054890.912,90.912,0.76,0.78,0.22,0.24,0.02,0.02,77476.81,1777054889000
1777054891.356,91.356,0.77,0.78,0.22,0.23,0.01,0.01,77479.67,1777054890000
1777054891.739,91.739,0.77,0.78,0.22,0.23,0.01,0.01,77479.67,1777054890000
1777054892.153,92.153,0.77,0.78,0.22,0.23,0.01,0.01,77479.67,1777054890000
1777054892.552,92.552,0.77,0.78,0.22,0.23,0.01,0.01,77482.92,1777054891000
1777054893.091,93.091,0.77,0.78,0.22,0.23,0.01,0.01,77482.92,1777054891000
1777054893.527,93.527,0.78,0.79,0.21,0.22,0.01,0.01,77482.99,1777054892000
1777054894.14,94.14,0.78,0.79,0.21,0.22,0.01,0.01,77482.99,1777054892000
1777054894.586,94.586,0.78,0.79,0.21,0.22,0.01,0.01,77482.98,1777054893000
1777054894.956,94.956,0.78,0.79,0.21,0.22,0.01,0.01,77482.98,1777054893000
1777054895.362,95.362,0.78,0.79,0.21,0.22,0.01,0.01,77482.98,1777054894000
1777054895.811,95.811,0.78,0.79,0.21,0.22,0.01,0.01,77482.98,1777054894000
1777054896.442,96.442,0.79,0.8,0.2,0.22,0.01,0.02,77483.01,1777054895000
1777054896.782,96.782,0.8,0.81,0.19,0.2,0.01,0.01,77483.01,1777054895000
1777054897.199,97.199,0.8,0.81,0.19,0.2,0.01,0.01,77485.47,1777054896000
1777054897.583,97.583,0.8,0.81,0.19,0.2,0.01,0.01,77485.47,1777054896000
1777054898.066,98.066,0.79,0.8,0.2,0.21,0.01,0.01,77486.02,1777054897000
1777054898.409,98.409,0.79,0.8,0.2,0.21,0.01,0.01,77486.02,1777054897000
1777054898.789,98.789,0.79,0.8,0.2,0.21,0.01,0.01,77486.02,1777054897000
1777054899.135,99.135,0.79,0.8,0.2,0.21,0.01,0.01,77486.02,1777054897000
1777054899.498,99.498,0.78,0.8,0.2,0.21,0.02,0.01,77488.97,1777054898000
1777054900.055,100.055,0.79,0.8,0.2,0.21,0.01,0.01,77488.97,1777054898000
1777054900.773,100.773,0.79,0.8,0.2,0.21,0.01,0.01,77488.97,1777054899000
1777054901.144,101.144,0.79,0.8,0.2,0.21,0.01,0.01,77488.97,1777054899000
1777054901.483,101.483,0.79,0.8,0.2,0.21,0.01,0.01,77486.83,1777054900000
1777054901.862,101.862,0.79,0.8,0.2,0.21,0.01,0.01,77486.83,1777054900000
1777054902.212,102.212,0.79,0.8,0.2,0.21,0.01,0.01,77486.77,1777054901000
1777054902.58,102.58,0.79,0.8,0.2,0.21,0.01,0.01,77486.77,1777054901000
1777054903.004,103.004,0.79,0.8,0.2,0.21,0.01,0.01,77486.77,1777054901000
1777054903.361,103.361,0.79,0.8,0.2,0.21,0.01,0.01,77486.56,1777054902000
1777054903.75,103.75,0.8,0.81,0.19,0.2,0.01,0.01,77486.56,1777054902000
1777054904.175,104.175,0.81,0.82,0.18,0.19,0.01,0.01,77486.76,1777054903000
1777054904.662,104.662,0.81,0.82,0.18,0.19,0.01,0.01,77486.76,1777054903000
1777054905.043,105.043,0.81,0.82,0.18,0.19,0.01,0.01,77486.76,1777054903000
1777054905.449,105.449,0.81,0.82,0.18,0.19,0.01,0.01,77489.75,1777054904000
1777054905.808,105.808,0.81,0.82,0.18,0.19,0.01,0.01,77489.75,1777054904000
1777054906.281,106.281,0.81,0.82,0.18,0.19,0.01,0.01,77488.98,1777054905000
1777054906.783,106.783,0.81,0.82,0.18,0.19,0.01,0.01,77488.98,1777054905000
1777054907.157,107.157,0.81,0.82,0.18,0.19,0.01,0.01,77490.49,1777054906000
1777054907.643,107.643,0.81,0.82,0.18,0.19,0.01,0.01,77490.49,1777054906000
1777054907.984,107.984,0.81,0.82,0.18,0.19,0.01,0.01,77492.18,1777054907000
1777054908.444,108.444,0.81,0.82,0.18,0.19,0.01,0.01,77492.18,1777054907000
1777054908.836,108.836,0.81,0.82,0.18,0.19,0.01,0.01,77492.18,1777054907000
1777054909.292,109.292,0.81,0.82,0.18,0.19,0.01,0.01,77488.8,1777054908000
1777054909.682,109.682,0.81,0.82,0.17,0.19,0.01,0.02,77488.8,1777054908000
1777054910.056,110.056,0.79,0.81,0.19,0.21,0.02,0.02,77491.45,1777054909000
1777054910.516,110.516,0.8,0.81,0.19,0.2,0.01,0.01,77491.45,1777054909000
1777054910.937,110.937,0.8,0.81,0.19,0.2,0.01,0.01,77491.45,1777054909000
1777054911.279,111.279,0.8,0.81,0.19,0.2,0.01,0.01,77488.91,1777054910000
1777054911.691,111.691,0.8,0.81,0.19,0.2,0.01,0.01,77488.91,1777054910000
1777054912.086,112.086,0.8,0.81,0.19,0.2,0.01,0.01,77488.91,1777054910000
1777054912.695,112.695,0.8,0.81,0.19,0.2,0.01,0.01,77486.94,1777054911000
1777054913.114,113.114,0.8,0.81,0.19,0.2,0.01,0.01,77486.93,1777054912000
1777054913.823,113.823,0.8,0.81,0.19,0.2,0.01,0.01,77486.93,1777054912000
1777054914.245,114.245,0.8,0.81,0.19,0.2,0.01,0.01,77486.93,1777054912000
1777054914.669,114.669,0.8,0.82,0.19,0.2,0.02,0.01,77486.93,1777054913000
1777054915.111,115.111,0.8,0.81,0.19,0.2,0.01,0.01,77486.92,1777054914000
1777054915.477,115.477,0.8,0.81,0.19,0.2,0.01,0.01,77486.92,1777054914000
1777054915.849,115.849,0.8,0.81,0.19,0.2,0.01,0.01,77486.92,1777054914000
1777054916.221,116.221,0.8,0.81,0.19,0.2,0.01,0.01,77486.92,1777054914000
1777054916.686,116.686,0.8,0.81,0.19,0.2,0.01,0.01,77486.92,1777054915000
1777054917.038,117.038,0.8,0.81,0.19,0.2,0.01,0.01,77487.85,1777054916000
1777054917.392,117.392,0.81,0.82,0.18,0.2,0.01,0.02,77487.85,1777054916000
1777054917.807,117.807,0.81,0.82,0.18,0.19,0.01,0.01,77487.85,1777054916000
1777054918.172,118.172,0.81,0.82,0.18,0.19,0.01,0.01,77487.71,1777054917000
1777054918.742,118.742,0.81,0.82,0.18,0.19,0.01,0.01,77487.71,1777054917000
1777054919.11,119.11,0.81,0.83,0.18,0.19,0.02,0.01,77487.71,1777054917000
1777054919.683,119.683,0.82,0.83,0.17,0.19,0.01,0.02,77487.82,1777054918000
1777054920.059,120.059,0.82,0.83,0.17,0.18,0.01,0.01,77487.82,1777054918000
1777054920.401,120.401,0.82,0.83,0.17,0.18,0.01,0.01,77487.82,1777054919000
1777054920.928,120.928,0.82,0.83,0.17,0.18,0.01,0.01,77487.82,1777054919000
1777054921.268,121.268,0.82,0.83,0.17,0.18,0.01,0.01,77488.2,1777054920000
1777054921.674,121.674,0.83,0.84,0.16,0.17,0.01,0.01,77488.2,1777054920000
1777054922.009,122.009,0.83,0.84,0.16,0.17,0.01,0.01,77488.2,1777054920000
1777054922.403,122.403,0.83,0.84,0.16,0.17,0.01,0.01,77488.2,1777054920000
1777054922.76,122.76,0.83,0.84,0.16,0.17,0.01,0.01,77487.87,1777054921000
1777054923.143,123.143,0.83,0.84,0.16,0.17,0.01,0.01,77487.87,1777054921000
1777054923.516,123.516,0.83,0.84,0.16,0.17,0.01,0.01,77489.18,1777054922000
1777054923.87,123.87,0.83,0.84,0.16,0.17,0.01,0.01,77489.18,1777054922000
1777054924.374,124.374,0.83,0.84,0.16,0.17,0.01,0.01,77489.18,1777054922000
1777054924.995,124.995,0.83,0.84,0.16,0.17,0.01,0.01,77489.55,1777054923000
1777054925.451,125.451,0.84,0.85,0.16,0.17,0.01,0.01,77489.55,1777054924000
1777054925.898,125.898,0.84,0.85,0.15,0.16,0.01,0.01,77489.55,1777054924000
1777054926.255,126.255,0.84,0.85,0.15,0.16,0.01,0.01,77492.04,1777054925000
1777054926.621,126.621,0.84,0.85,0.15,0.16,0.01,0.01,77492.04,1777054925000
1777054926.968,126.968,0.85,0.87,0.13,0.15,0.02,0.02,77492.04,1777054925000
1777054927.407,127.407,0.88,0.89,0.11,0.12,0.01,0.01,77492.04,1777054925000
1777054927.741,127.741,0.88,0.89,0.11,0.12,0.01,0.01,77490.98,1777054926000
1777054928.164,128.164,0.87,0.88,0.12,0.13,0.01,0.01,77495.13,1777054927000
1777054928.58,128.58,0.87,0.88,0.12,0.13,0.01,0.01,77495.13,1777054927000
1777054929.028,129.028,0.87,0.88,0.12,0.13,0.01,0.01,77495.13,1777054927000
1777054929.399,129.399,0.87,0.88,0.12,0.13,0.01,0.01,77501.82,1777054928000
1777054929.751,129.751,0.87,0.88,0.12,0.13,0.01,0.01,77501.82,1777054928000
1777054930.175,130.175,0.87,0.88,0.12,0.13,0.01,0.01,77501.82,1777054928000
1777054930.637,130.637,0.87,0.88,0.12,0.13,0.01,0.01,77502.06,1777054929000
1777054930.979,130.979,0.85,0.86,0.13,0.15,0.01,0.02,77502.06,1777054929000
1777054931.769,131.769,0.85,0.86,0.14,0.15,0.01,0.01,77501.53,1777054930000
1777054932.337,132.337,0.85,0.86,0.14,0.15,0.01,0.01,77497.85,1777054931000
1777054932.685,132.685,0.84,0.85,0.15,0.16,0.01,0.01,77497.85,1777054931000
1777054933.142,133.142,0.82,0.83,0.17,0.18,0.01,0.01,77497.85,1777054931000
1777054933.498,133.498,0.82,0.83,0.17,0.18,0.01,0.01,77494.52,1777054932000
1777054933.85,133.85,0.82,0.83,0.17,0.18,0.01,0.01,77494.52,1777054932000
1777054934.382,134.382,0.82,0.83,0.17,0.18,0.01,0.01,77491.61,1777054933000
1777054934.908,134.908,0.82,0.83,0.17,0.18,0.01,0.01,77491.61,1777054933000
1777054935.278,135.278,0.82,0.83,0.17,0.18,0.01,0.01,77491.13,1777054934000
1777054935.741,135.741,0.82,0.83,0.17,0.18,0.01,0.01,77491.13,1777054934000
1777054936.22,136.22,0.82,0.83,0.17,0.18,0.01,0.01,77487.98,1777054935000
1777054936.632,136.632,0.82,0.83,0.17,0.18,0.01,0.01,77487.98,1777054935000
1777054937.151,137.151,0.82,0.83,0.17,0.18,0.01,0.01,77487.55,1777054936000
1777054937.655,137.655,0.82,0.83,0.17,0.18,0.01,0.01,77487.55,1777054936000
1777054938.125,138.125,0.82,0.83,0.17,0.18,0.01,0.01,77487.55,1777054936000
1777054938.541,138.541,0.82,0.83,0.17,0.18,0.01,0.01,77485.9,1777054937000
1777054938.894,138.894,0.82,0.83,0.17,0.18,0.01,0.01,77485.9,1777054937000
1777054939.237,139.237,0.82,0.84,0.16,0.18,0.02,0.02,77486.14,1777054938000
1777054939.843,139.843,0.83,0.84,0.16,0.17,0.01,0.01,77486.14,1777054938000
1777054940.183,140.183,0.83,0.84,0.16,0.17,0.01,0.01,77486.14,1777054938000
1777054940.751,140.751,0.83,0.84,0.16,0.17,0.01,0.01,77486.27,1777054939000
1777054941.135,141.135,0.83,0.84,0.16,0.17,0.01,0.01,77487.06,1777054940000
1777054941.551,141.551,0.83,0.84,0.16,0.17,0.01,0.01,77487.06,1777054940000
1777054942.098,142.098,0.83,0.84,0.16,0.17,0.01,0.01,77488.29,1777054941000
1777054942.656,142.656,0.83,0.84,0.16,0.17,0.01,0.01,77488.29,1777054941000
1777054943.147,143.147,0.83,0.84,0.16,0.17,0.01,0.01,77488.29,1777054941000
1777054943.887,143.887,0.83,0.84,0.16,0.17,0.01,0.01,77488.23,1777054942000
1777054944.326,144.326,0.83,0.84,0.16,0.17,0.01,0.01,77488.23,1777054942000
1777054944.934,144.934,0.83,0.84,0.16,0.18,0.01,0.02,77488.05,1777054943000
1777054945.408,145.408,0.83,0.84,0.16,0.17,0.01,0.01,77487.91,1777054944000
1777054946.114,146.114,0.83,0.84,0.16,0.17,0.01,0.01,77488.0,1777054945000
1777054946.62,146.62,0.83,0.84,0.16,0.17,0.01,0.01,77488.0,1777054945000
1777054947.011,147.011,0.83,0.84,0.16,0.17,0.01,0.01,77488.0,1777054945000
1777054947.432,147.432,0.83,0.84,0.16,0.17,0.01,0.01,77487.98,1777054946000
1777054947.808,147.808,0.83,0.84,0.16,0.17,0.01,0.01,77487.98,1777054946000
1777054948.287,148.287,0.83,0.84,0.16,0.17,0.01,0.01,77487.86,1777054947000
1777054948.696,148.696,0.84,0.85,0.15,0.16,0.01,0.01,77487.86,1777054947000
1777054949.218,149.218,0.84,0.85,0.15,0.16,0.01,0.01,77489.75,1777054948000
1777054949.61,149.61,0.84,0.85,0.15,0.16,0.01,0.01,77489.75,1777054948000
1777054949.961,149.961,0.84,0.85,0.15,0.16,0.01,0.01,77489.75,1777054948000
1777054950.575,150.575,0.84,0.85,0.15,0.16,0.01,0.01,77491.63,1777054949000
1777054951.181,151.181,0.84,0.86,0.14,0.16,0.02,0.02,77491.73,1777054950000
1777054952.23,152.23,0.85,0.86,0.14,0.15,0.01,0.01,77491.74,1777054951000
1777054953.181,153.181,0.85,0.86,0.14,0.15,0.01,0.01,77491.75,1777054952000
1777054953.585,153.585,0.85,0.86,0.14,0.15,0.01,0.01,77491.75,1777054952000
1777054953.953,153.953,0.85,0.86,0.14,0.15,0.01,0.01,77491.75,1777054952000
1777054954.36,154.36,0.87,0.9,0.1,0.11,0.03,0.01,77498.36,1777054953000
1777054954.694,154.694,0.89,0.9,0.1,0.12,0.01,0.02,77498.36,1777054953000
1777054955.042,155.042,0.89,0.9,0.1,0.11,0.01,0.01,77498.36,1777054953000
1777054955.453,155.453,0.89,0.9,0.1,0.11,0.01,0.01,77502.24,1777054954000
1777054955.825,155.825,0.89,0.9,0.1,0.11,0.01,0.01,77502.24,1777054954000
1777054956.444,156.444,0.89,0.9,0.1,0.11,0.01,0.01,77504.41,1777054955000
1777054956.813,156.813,0.89,0.9,0.1,0.11,0.01,0.01,77504.41,1777054955000
1777054957.171,157.171,0.89,0.9,0.1,0.11,0.01,0.01,77504.46,1777054956000
1777054957.512,157.512,0.89,0.9,0.1,0.11,0.01,0.01,77504.46,1777054956000
1777054957.927,157.927,0.89,0.9,0.1,0.11,0.01,0.01,77504.46,1777054956000
1777054958.33,158.33,0.89,0.91,0.1,0.11,0.02,0.01,77502.28,1777054957000
1777054958.704,158.704,0.9,0.91,0.09,0.1,0.01,0.01,77502.28,1777054957000
1777054959.172,159.172,0.9,0.91,0.09,0.1,0.01,0.01,77502.28,1777054958000
1777054959.837,159.837,0.9,0.92,0.08,0.1,0.02,0.02,77502.28,1777054958000
1777054960.182,160.182,0.9,0.92,0.08,0.1,0.02,0.02,77502.28,1777054958000
1777054960.65,160.65,0.91,0.92,0.08,0.09,0.01,0.01,77502.28,1777054958000
1777054961.23,161.23,0.91,0.92,0.08,0.09,0.01,0.01,77502.59,1777054960000
1777054961.585,161.585,0.91,0.92,0.08,0.09,0.01,0.01,77502.59,1777054960000
1777054961.989,161.989,0.92,0.93,0.07,0.08,0.01,0.01,77502.59,1777054960000
1777054962.399,162.399,0.92,0.93,0.07,0.08,0.01,0.01,77502.59,1777054960000
1777054963.058,163.058,0.92,0.93,0.07,0.08,0.01,0.01,77505.12,1777054962000
1777054963.439,163.439,0.92,0.93,0.07,0.08,0.01,0.01,77505.12,1777054962000
1777054963.849,163.849,0.92,0.93,0.07,0.08,0.01,0.01,77505.12,1777054962000
1777054964.225,164.225,0.92,0.93,0.07,0.08,0.01,0.01,77505.82,1777054963000
1777054964.672,164.672,0.9,0.91,0.09,0.1,0.01,0.01,77505.82,1777054963000
1777054965.008,165.008,0.9,0.91,0.09,0.1,0.01,0.01,77505.82,1777054963000
1777054965.343,165.343,0.9,0.91,0.09,0.1,0.01,0.01,77505.23,1777054964000
1777054965.69,165.69,0.9,0.91,0.09,0.1,0.01,0.01,77505.23,1777054964000
1777054966.055,166.055,0.9,0.91,0.09,0.1,0.01,0.01,77505.23,1777054964000
1777054966.402,166.402,0.9,0.91,0.09,0.1,0.01,0.01,77505.23,1777054964000
1777054966.799,166.799,0.9,0.91,0.09,0.1,0.01,0.01,77500.2,1777054965000
1777054967.395,167.395,0.9,0.91,0.09,0.1,0.01,0.01,77500.02,1777054966000
1777054967.871,167.871,0.88,0.89,0.11,0.12,0.01,0.01,77500.02,1777054966000
1777054968.481,168.481,0.88,0.89,0.11,0.12,0.01,0.01,77496.77,1777054967000
1777054969.153,169.153,0.88,0.89,0.11,0.12,0.01,0.01,77496.77,1777054967000
1777054969.779,169.779,0.88,0.89,0.11,0.12,0.01,0.01,77493.78,1777054968000
1777054970.229,170.229,0.88,0.89,0.11,0.12,0.01,0.01,77493.78,1777054968000
1777054970.626,170.626,0.88,0.89,0.11,0.12,0.01,0.01,77494.93,1777054969000
1777054971.167,171.167,0.88,0.89,0.11,0.12,0.01,0.01,77491.7,1777054970000
1777054971.529,171.529,0.88,0.89,0.11,0.12,0.01,0.01,77491.7,1777054970000
1777054971.916,171.916,0.88,0.89,0.11,0.12,0.01,0.01,77491.7,1777054970000
1777054973.126,173.126,0.88,0.89,0.11,0.12,0.01,0.01,77495.55,1777054972000
1777054973.542,173.542,0.89,0.9,0.1,0.11,0.01,0.01,77495.55,1777054972000
1777054973.959,173.959,0.89,0.9,0.1,0.11,0.01,0.01,77495.55,1777054972000
1777054974.332,174.332,0.89,0.9,0.1,0.11,0.01,0.01,77498.28,1777054973000
1777054974.925,174.925,0.89,0.9,0.1,0.11,0.01,0.01,77498.28,1777054973000
1777054975.367,175.367,0.89,0.9,0.1,0.11,0.01,0.01,77498.28,1777054973000
1777054975.905,175.905,0.89,0.9,0.1,0.11,0.01,0.01,77498.78,1777054974000
1777054976.291,176.291,0.89,0.91,0.09,0.11,0.02,0.02,77499.43,1777054975000
1777054976.93,176.93,0.89,0.9,0.1,0.11,0.01,0.01,77499.43,1777054975000
1777054977.5,177.5,0.89,0.9,0.1,0.11,0.01,0.01,77499.1,1777054976000
1777054977.926,177.926,0.89,0.9,0.1,0.11,0.01,0.01,77499.1,1777054976000
1777054978.436,178.436,0.89,0.9,0.1,0.11,0.01,0.01,77496.77,1777054977000
1777054979.034,179.034,0.89,0.9,0.1,0.11,0.01,0.01,77494.51,1777054978000
1777054980.17,180.17,0.89,0.9,0.1,0.11,0.01,0.01,77494.37,1777054979000
1777054980.807,180.807,0.89,0.9,0.1,0.11,0.01,0.01,77494.37,1777054979000
1777054981.515,181.515,0.89,0.9,0.1,0.11,0.01,0.01,77494.37,1777054979000
1777054981.917,181.917,0.88,0.9,0.1,0.12,0.02,0.02,77492.57,1777054980000
1777054982.277,182.277,0.88,0.89,0.11,0.12,0.01,0.01,77492.3,1777054981000
1777054982.615,182.615,0.88,0.89,0.11,0.12,0.01,0.01,77492.3,1777054981000
1777054982.983,182.983,0.87,0.88,0.12,0.13,0.01,0.01,77492.3,1777054981000
1777054983.344,183.344,0.87,0.88,0.12,0.13,0.01,0.01,77489.08,1777054982000
1777054984.002,184.002,0.87,0.88,0.12,0.13,0.01,0.01,77489.08,1777054982000
1777054984.405,184.405,0.87,0.88,0.12,0.13,0.01,0.01,77489.08,1777054982000
1777054984.753,184.753,0.87,0.88,0.12,0.13,0.01,0.01,77488.71,1777054983000
1777054985.126,185.126,0.87,0.88,0.12,0.13,0.01,0.01,77488.71,1777054983000
1777054985.499,185.499,0.87,0.88,0.12,0.13,0.01,0.01,77487.22,1777054984000
1777054986.259,186.259,0.87,0.88,0.12,0.13,0.01,0.01,77487.23,1777054985000
1777054986.977,186.977,0.87,0.88,0.12,0.13,0.01,0.01,77487.23,1777054985000
1777054987.396,187.396,0.87,0.88,0.12,0.13,0.01,0.01,77487.23,1777054985000
1777054987.869,187.869,0.87,0.88,0.12,0.13,0.01,0.01,77487.24,1777054986000
1777054988.266,188.266,0.87,0.88,0.12,0.13,0.01,0.01,77487.31,1777054987000
1777054988.657,188.657,0.87,0.88,0.12,0.13,0.01,0.01,77487.31,1777054987000
1777054989.126,189.126,0.87,0.88,0.12,0.13,0.01,0.01,77485.73,1777054988000
1777054989.508,189.508,0.87,0.88,0.12,0.13,0.01,0.01,77485.73,1777054988000
1777054989.869,189.869,0.87,0.88,0.12,0.13,0.01,0.01,77485.73,1777054988000
1777054990.316,190.316,0.87,0.88,0.12,0.13,0.01,0.01,77485.73,1777054988000
1777054990.855,190.855,0.87,0.88,0.12,0.13,0.01,0.01,77486.47,1777054989000
1777054991.254,191.254,0.86,0.87,0.12,0.14,0.01,0.02,77486.37,1777054990000
1777054992.112,192.112,0.86,0.87,0.13,0.14,0.01,0.01,77486.37,1777054990000
1777054992.963,192.963,0.86,0.88,0.12,0.14,0.02,0.02,77485.78,1777054992000
1777054993.578,193.578,0.87,0.88,0.12,0.14,0.01,0.02,77485.78,1777054992000
1777054994.026,194.026,0.87,0.88,0.12,0.13,0.01,0.01,77486.53,1777054993000
1777054994.702,194.702,0.87,0.88,0.12,0.13,0.01,0.01,77486.53,1777054993000
1777054995.043,195.043,0.89,0.9,0.1,0.11,0.01,0.01,77500.71,1777054994000
1777054995.376,195.376,0.91,0.93,0.07,0.09,0.02,0.02,77500.71,1777054994000
1777054995.718,195.718,0.91,0.94,0.07,0.09,0.03,0.02,77500.71,1777054994000
1777054996.1,196.1,0.93,0.95,0.05,0.07,0.02,0.02,77507.48,1777054995000
1777054996.553,196.553,0.94,0.95,0.05,0.06,0.01,0.01,77507.48,1777054995000
1777054996.922,196.922,0.94,0.95,0.05,0.06,0.01,0.01,77507.48,1777054995000
1777054997.294,197.294,0.94,0.95,0.05,0.06,0.01,0.01,77507.27,1777054996000
1777054997.629,197.629,0.94,0.95,0.05,0.06,0.01,0.01,77507.27,1777054996000
1777054998.165,198.165,0.94,0.95,0.05,0.06,0.01,0.01,77507.19,1777054997000
1777054998.771,198.771,0.94,0.95,0.05,0.06,0.01,0.01,77507.19,1777054997000
1777054999.156,199.156,0.94,0.95,0.05,0.06,0.01,0.01,77507.21,1777054998000
1777054999.782,199.782,0.94,0.95,0.05,0.06,0.01,0.01,77507.21,1777054998000
1777055000.127,200.127,0.94,0.95,0.05,0.06,0.01,0.01,77507.89,1777054999000
1777055000.567,200.567,0.94,0.95,0.05,0.06,0.01,0.01,77507.89,1777054999000
1777055000.901,200.901,0.94,0.95,0.05,0.06,0.01,0.01,77507.89,1777054999000
1777055001.47,201.47,0.94,0.95,0.05,0.06,0.01,0.01,77507.95,1777055000000
1777055001.803,201.803,0.94,0.95,0.05,0.06,0.01,0.01,77507.95,1777055000000
1777055002.18,202.18,0.94,0.95,0.05,0.06,0.01,0.01,77507.78,1777055001000
1777055002.557,202.557,0.94,0.95,0.05,0.06,0.01,0.01,77507.78,1777055001000
1777055002.939,202.939,0.94,0.95,0.05,0.06,0.01,0.01,77507.78,1777055001000
1777055003.311,203.311,0.94,0.95,0.05,0.06,0.01,0.01,77508.79,1777055002000
1777055003.658,203.658,0.94,0.95,0.05,0.06,0.01,0.01,77508.79,1777055002000
1777055004.038,204.038,0.94,0.95,0.05,0.06,0.01,0.01,77508.28,1777055003000
1777055004.524,204.524,0.94,0.95,0.05,0.06,0.01,0.01,77508.28,1777055003000
1777055004.897,204.897,0.94,0.95,0.05,0.06,0.01,0.01,77508.28,1777055003000
1777055005.312,205.312,0.94,0.95,0.05,0.06,0.01,0.01,77508.28,1777055003000
1777055006.212,206.212,0.94,0.95,0.05,0.06,0.01,0.01,77504.83,1777055004000
1777055006.582,206.582,0.94,0.95,0.05,0.06,0.01,0.01,77504.81,1777055005000
1777055006.981,206.981,0.93,0.95,0.05,0.07,0.02,0.02,77504.66,1777055006000
1777055007.367,207.367,0.94,0.95,0.05,0.06,0.01,0.01,77504.66,1777055006000
1777055007.867,207.867,0.93,0.94,0.06,0.07,0.01,0.01,77504.66,1777055006000
1777055008.287,208.287,0.93,0.94,0.06,0.07,0.01,0.01,77504.66,1777055006000
1777055008.658,208.658,0.93,0.94,0.06,0.07,0.01,0.01,77504.58,1777055007000
1777055009.041,209.041,0.93,0.94,0.06,0.07,0.01,0.01,77502.14,1777055008000
1777055009.437,209.437,0.93,0.94,0.06,0.07,0.01,0.01,77502.14,1777055008000
1777055009.833,209.833,0.93,0.94,0.06,0.07,0.01,0.01,77502.14,1777055008000
1777055010.373,210.373,0.93,0.94,0.06,0.07,0.01,0.01,77500.35,1777055009000
1777055010.764,210.764,0.93,0.95,0.06,0.07,0.02,0.01,77500.35,1777055009000
1777055011.702,211.702,0.94,0.95,0.05,0.06,0.01,0.01,77500.35,1777055010000
1777055012.28,212.28,0.94,0.95,0.05,0.06,0.01,0.01,77500.35,1777055011000
1777055012.752,212.752,0.94,0.95,0.05,0.06,0.01,0.01,77500.35,1777055011000
1777055013.403,213.403,0.94,0.95,0.05,0.06,0.01,0.01,77500.35,1777055011000
1777055013.892,213.892,0.94,0.95,0.05,0.06,0.01,0.01,77500.35,1777055011000
1777055014.358,214.358,0.94,0.95,0.05,0.06,0.01,0.01,77500.35,1777055012000
1777055014.695,214.695,0.93,0.95,0.06,0.07,0.02,0.01,77500.35,1777055013000
1777055015.132,215.132,0.93,0.94,0.05,0.07,0.01,0.02,77500.35,1777055013000
1777055015.469,215.469,0.93,0.95,0.05,0.07,0.02,0.02,77500.26,1777055014000
1777055015.816,215.816,0.94,0.95,0.05,0.06,0.01,0.01,77500.26,1777055014000
1777055016.236,216.236,0.93,0.94,0.05,0.07,0.01,0.02,77500.26,1777055014000
1777055016.608,216.608,0.93,0.94,0.06,0.07,0.01,0.01,77500.26,1777055014000
1777055017.195,217.195,0.93,0.94,0.06,0.07,0.01,0.01,77497.44,1777055015000
1777055017.547,217.547,0.93,0.94,0.06,0.07,0.01,0.01,77494.51,1777055016000
1777055017.963,217.963,0.93,0.94,0.06,0.07,0.01,0.01,77494.51,1777055016000
1777055018.342,218.342,0.93,0.94,0.06,0.07,0.01,0.01,77494.51,1777055017000
1777055018.726,218.726,0.93,0.94,0.06,0.07,0.01,0.01,77494.51,1777055017000
1777055019.196,219.196,0.93,0.94,0.06,0.07,0.01,0.01,77494.51,1777055017000
1777055019.533,219.533,0.93,0.94,0.06,0.07,0.01,0.01,77494.08,1777055018000
1777055019.949,219.949,0.93,0.94,0.06,0.07,0.01,0.01,77494.08,1777055018000
1777055020.404,220.404,0.93,0.94,0.06,0.07,0.01,0.01,77494.08,1777055019000
1777055021.2,221.2,0.93,0.94,0.06,0.07,0.01,0.01,77494.08,1777055019000
1777055021.575,221.575,0.93,0.94,0.06,0.07,0.01,0.01,77494.09,1777055020000
1777055021.98,221.98,0.94,0.95,0.05,0.06,0.01,0.01,77494.09,1777055020000
1777055022.338,222.338,0.95,0.96,0.04,0.05,0.01,0.01,77494.09,1777055020000
1777055022.722,222.722,0.95,0.96,0.04,0.05,0.01,0.01,77494.42,1777055021000
1777055023.098,223.098,0.95,0.96,0.04,0.05,0.01,0.01,77494.42,1777055021000
1777055023.637,223.637,0.95,0.96,0.04,0.05,0.01,0.01,77495.21,1777055022000
1777055023.974,223.974,0.95,0.96,0.04,0.05,0.01,0.01,77495.21,1777055022000
1777055024.353,224.353,0.95,0.96,0.04,0.05,0.01,0.01,77495.21,1777055022000
1777055024.69,224.69,0.95,0.96,0.04,0.05,0.01,0.01,77497.94,1777055023000
1777055025.182,225.182,0.95,0.96,0.04,0.05,0.01,0.01,77503.31,1777055024000
1777055025.559,225.559,0.95,0.96,0.04,0.05,0.01,0.01,77503.31,1777055024000
1777055026.239,226.239,0.95,0.97,0.04,0.05,0.02,0.01,77503.31,1777055024000
1777055026.607,226.607,0.96,0.97,0.03,0.04,0.01,0.01,77506.07,1777055025000
1777055027.084,227.084,0.96,0.97,0.03,0.04,0.01,0.01,77506.07,1777055025000
1777055027.441,227.441,0.96,0.97,0.03,0.04,0.01,0.01,77506.07,1777055026000
1777055027.797,227.797,0.96,0.97,0.03,0.04,0.01,0.01,77506.07,1777055026000
1777055028.177,228.177,0.96,0.97,0.03,0.04,0.01,0.01,77508.11,1777055027000
1777055028.527,228.527,0.96,0.97,0.03,0.04,0.01,0.01,77508.11,1777055027000
1777055029.089,229.089,0.96,0.97,0.03,0.04,0.01,0.01,77508.11,1777055027000
1777055029.434,229.434,0.96,0.98,0.02,0.04,0.02,0.02,77508.96,1777055028000
1777055029.828,229.828,0.97,0.98,0.02,0.03,0.01,0.01,77508.96,1777055028000
1777055030.343,230.343,0.97,0.98,0.02,0.03,0.01,0.01,77514.63,1777055029000
1777055030.712,230.712,0.97,0.98,0.02,0.03,0.01,0.01,77514.63,1777055029000
1777055031.172,231.172,0.97,0.98,0.02,0.03,0.01,0.01,77522.06,1777055030000
1777055031.676,231.676,0.97,0.98,0.02,0.03,0.01,0.01,77522.06,1777055030000
1777055032.049,232.049,0.97,0.98,0.02,0.03,0.01,0.01,77522.06,1777055030000
1777055032.435,232.435,0.97,0.98,0.02,0.03,0.01,0.01,77524.57,1777055031000
1777055033.099,233.099,0.97,0.98,0.02,0.03,0.01,0.01,77524.57,1777055031000
1777055033.455,233.455,0.97,0.98,0.02,0.03,0.01,0.01,77528.97,1777055032000
1777055033.826,233.826,0.97,0.98,0.02,0.03,0.01,0.01,77528.97,1777055032000
1777055034.221,234.221,0.97,0.98,0.02,0.03,0.01,0.01,77528.97,1777055032000
1777055034.749,234.749,0.97,0.98,0.02,0.03,0.01,0.01,77527.06,1777055033000
1777055035.276,235.276,0.97,0.98,0.02,0.03,0.01,0.01,77524.55,1777055034000
1777055035.75,235.75,0.97,0.98,0.02,0.03,0.01,0.01,77524.55,1777055034000
1777055036.095,236.095,0.97,0.98,0.02,0.03,0.01,0.01,77524.55,1777055034000
1777055036.476,236.476,0.97,0.99,0.02,0.03,0.02,0.01,77521.0,1777055035000
1777055036.814,236.814,0.98,0.99,0.01,0.02,0.01,0.01,77521.0,1777055035000
1777055037.179,237.179,0.98,0.99,0.01,0.02,0.01,0.01,77518.81,1777055036000
1777055037.614,237.614,0.98,0.99,0.01,0.02,0.01,0.01,77518.81,1777055036000
1777055037.953,237.953,0.98,0.99,0.01,0.02,0.01,0.01,77518.81,1777055036000
1777055038.396,238.396,0.98,0.99,0.01,0.02,0.01,0.01,77519.3,1777055037000
1777055038.766,238.766,0.98,0.99,0.01,0.02,0.01,0.01,77519.3,1777055037000
1777055039.441,239.441,0.98,0.99,0.01,0.02,0.01,0.01,77519.3,1777055037000
1777055039.806,239.806,0.98,0.99,0.01,0.02,0.01,0.01,77519.3,1777055037000
1777055040.2,240.2,0.98,0.99,0.01,0.02,0.01,0.01,77516.21,1777055038000
1777055040.542,240.542,0.98,0.99,0.01,0.02,0.01,0.01,77517.12,1777055039000
1777055040.911,240.911,0.98,0.99,0.01,0.02,0.01,0.01,77517.33,1777055040000
1777055041.261,241.261,0.98,0.99,0.01,0.02,0.01,0.01,77517.33,1777055040000
1777055041.662,241.662,0.98,0.99,0.01,0.02,0.01,0.01,77517.33,1777055040000
1777055042.038,242.038,0.98,0.99,0.01,0.02,0.01,0.01,77517.33,1777055041000
1777055042.437,242.437,0.98,0.99,0.01,0.02,0.01,0.01,77517.33,1777055041000
1777055042.859,242.859,0.98,0.99,0.01,0.02,0.01,0.01,77517.33,1777055041000
1777055043.328,243.328,0.98,0.99,0.01,0.02,0.01,0.01,77514.71,1777055042000
1777055043.739,243.739,0.98,0.99,0.01,0.02,0.01,0.01,77514.71,1777055042000
1777055044.075,244.075,0.98,0.99,0.01,0.02,0.01,0.01,77514.03,1777055043000
1777055044.732,244.732,0.98,0.99,0.01,0.02,0.01,0.01,77514.03,1777055043000
1777055045.077,245.077,0.98,0.99,0.01,0.02,0.01,0.01,77515.99,1777055044000
1777055045.42,245.42,0.98,0.99,0.01,0.02,0.01,0.01,77515.99,1777055044000
1777055046.04,246.04,0.98,0.99,0.01,0.02,0.01,0.01,77515.99,1777055044000
1777055046.512,246.512,0.98,0.99,0.01,0.02,0.01,0.01,77520.04,1777055045000
1777055046.862,246.862,0.98,0.99,0.01,0.02,0.01,0.01,77520.04,1777055045000
1777055047.398,247.398,0.98,0.99,0.01,0.02,0.01,0.01,77519.4,1777055046000
1777055047.732,247.732,0.98,0.99,0.01,0.02,0.01,0.01,77519.4,1777055046000
1777055048.139,248.139,0.98,0.99,0.01,0.02,0.01,0.01,77519.4,1777055046000
1777055048.658,248.658,0.98,0.99,0.01,0.02,0.01,0.01,77519.59,1777055047000
1777055049.128,249.128,0.98,0.99,0.01,0.02,0.01,0.01,77516.91,1777055048000
1777055049.589,249.589,0.98,0.99,0.01,0.02,0.01,0.01,77516.91,1777055048000
1777055050.119,250.119,0.98,0.99,0.01,0.02,0.01,0.01,77512.78,1777055049000
1777055050.518,250.518,0.98,0.99,0.01,0.02,0.01,0.01,77512.78,1777055049000
1777055051.153,251.153,0.98,0.99,0.01,0.02,0.01,0.01,77509.43,1777055050000
1777055051.714,251.714,0.98,0.99,0.01,0.02,0.01,0.01,77509.43,1777055050000
1777055052.087,252.087,0.98,0.99,0.01,0.02,0.01,0.01,77509.43,1777055050000
1777055052.46,252.46,0.98,0.99,0.01,0.02,0.01,0.01,77506.01,1777055051000
1777055053.231,253.231,0.98,0.99,0.01,0.02,0.01,0.01,77505.43,1777055052000
1777055053.603,253.603,0.98,0.99,0.01,0.02,0.01,0.01,77505.43,1777055052000
1777055054.222,254.222,0.98,0.99,0.01,0.02,0.01,0.01,77505.43,1777055052000
1777055054.665,254.665,0.98,0.99,0.01,0.02,0.01,0.01,77500.19,1777055053000
1777055055.045,255.045,0.98,0.99,0.01,0.02,0.01,0.01,77500.15,1777055054000
1777055055.482,255.482,0.96,0.97,0.01,0.04,0.01,0.03,77500.15,1777055054000
1777055055.866,255.866,0.96,0.97,0.03,0.04,0.01,0.01,77500.15,1777055054000
1777055056.348,256.348,0.97,0.99,0.02,0.03,0.02,0.01,77500.21,1777055055000
1777055056.698,256.698,0.98,0.99,0.01,0.03,0.01,0.02,77500.21,1777055055000
1777055057.042,257.042,0.98,0.99,0.01,0.02,0.01,0.01,77502.17,1777055056000
1777055057.395,257.395,0.98,0.99,0.01,0.02,0.01,0.01,77502.17,1777055056000
1777055057.872,257.872,0.98,0.99,0.01,0.02,0.01,0.01,77502.17,1777055056000
1777055058.335,258.335,0.98,0.99,0.01,0.02,0.01,0.01,77500.12,1777055057000
1777055058.707,258.707,0.98,0.99,0.01,0.02,0.01,0.01,77500.12,1777055057000
1777055059.137,259.137,0.98,0.99,0.01,0.02,0.01,0.01,77510.98,1777055058000
1777055059.507,259.507,0.98,0.99,0.01,0.02,0.01,0.01,77510.98,1777055058000
1777055059.897,259.897,0.98,0.99,0.01,0.02,0.01,0.01,77510.98,1777055058000
1777055060.239,260.239,0.98,0.99,0.01,0.02,0.01,0.01,77510.98,1777055058000
1777055060.58,260.58,0.98,0.99,0.01,0.02,0.01,0.01,77510.98,1777055058000
1777055060.926,260.926,0.98,0.99,0.01,0.02,0.01,0.01,77513.77,1777055059000
1777055061.321,261.321,0.98,0.99,0.01,0.02,0.01,0.01,77513.77,1777055059000
1777055061.655,261.655,0.98,0.99,0.01,0.02,0.01,0.01,77519.76,1777055060000
1777055061.993,261.993,0.98,0.99,0.01,0.02,0.01,0.01,77519.76,1777055060000
1777055062.36,262.36,0.99,0.99,0.01,0.01,0.0,0.0,77521.31,1777055061000
1777055062.782,262.782,0.99,0.99,0.01,0.01,0.0,0.0,77521.31,1777055061000
1777055063.119,263.119,0.99,0.99,0.01,0.01,0.0,0.0,77521.31,1777055061000
1777055063.492,263.492,0.99,0.99,0.01,0.01,0.0,0.0,77522.36,1777055062000
1777055064.488,264.488,0.99,0.99,0.01,0.01,0.0,0.0,77522.47,1777055063000
1777055064.953,264.953,0.99,0.99,0.01,0.01,0.0,0.0,77522.47,1777055063000
1777055065.535,265.535,0.99,0.99,0.01,0.01,0.0,0.0,77522.37,1777055064000
1777055066.051,266.051,0.99,0.99,0.01,0.01,0.0,0.0,77522.37,1777055064000
1777055066.477,266.477,0.99,0.99,0.01,0.01,0.0,0.0,77522.45,1777055065000
1777055067.336,267.336,0.99,0.99,0.01,0.01,0.0,0.0,77520.61,1777055066000
1777055068.22,268.22,0.99,0.99,0.01,0.01,0.0,0.0,77518.66,1777055067000
1777055068.923,268.923,0.99,0.99,0.01,0.01,0.0,0.0,77518.66,1777055067000
1777055069.263,269.263,0.99,0.99,0.01,0.01,0.0,0.0,77519.21,1777055068000
1777055070.266,270.266,0.99,0.99,0.01,0.01,0.0,0.0,77517.85,1777055069000
1777055071.16,271.16,0.99,0.99,0.01,0.01,0.0,0.0,77517.85,1777055069000
1777055072.213,272.213,0.99,0.99,0.01,0.01,0.0,0.0,77517.42,1777055070000
1777055073.258,273.258,0.99,0.99,0.01,0.01,0.0,0.0,77521.84,1777055072000
1777055074.272,274.272,0.99,0.99,0.01,0.01,0.0,0.0,77521.84,1777055072000
1777055074.752,274.752,0.99,0.99,0.01,0.01,0.0,0.0,77524.29,1777055073000
1777055075.241,275.241,0.99,0.99,0.01,0.01,0.0,0.0,77523.59,1777055074000
1777055076.258,276.258,0.99,0.99,0.01,0.01,0.0,0.0,77523.44,1777055075000
1777055077.223,277.223,0.99,0.99,0.01,0.01,0.0,0.0,77523.96,1777055076000
1777055078.152,278.152,0.99,0.99,0.01,0.01,0.0,0.0,77524.17,1777055077000
1777055079.107,279.107,0.99,0.99,0.01,0.01,0.0,0.0,77524.23,1777055078000
1777055080.043,280.043,0.99,0.99,0.01,0.01,0.0,0.0,77523.99,1777055079000
1777055080.715,280.715,0.99,0.99,0.01,0.01,0.0,0.0,77523.99,1777055079000
1777055081.55,281.55,0.99,0.99,0.01,0.01,0.0,0.0,77523.99,1777055079000
1777055082.102,282.102,0.99,0.99,0.01,0.01,0.0,0.0,77523.91,1777055081000
1777055083.307,283.307,0.99,0.99,0.01,0.01,0.0,0.0,77524.1,1777055082000
1777055083.992,283.992,0.99,0.99,0.01,0.01,0.0,0.0,77524.28,1777055083000
1777055085.131,285.131,0.99,0.99,0.01,0.01,0.0,0.0,77524.28,1777055083000
1777055086.431,286.431,0.99,0.99,0.01,0.01,0.0,0.0,77527.74,1777055085000
1777055087.072,287.072,0.99,0.99,0.01,0.01,0.0,0.0,77527.17,1777055086000
1777055087.437,287.437,0.99,0.99,0.01,0.01,0.0,0.0,77527.17,1777055086000
1777055088.334,288.334,0.99,0.99,0.01,0.01,0.0,0.0,77527.53,1777055087000
1777055089.02,289.02,0.99,0.99,0.01,0.01,0.0,0.0,77527.94,1777055088000
1777055090.264,290.264,0.99,0.99,0.01,0.01,0.0,0.0,77527.71,1777055089000
1777055090.71,290.71,0.99,0.99,0.01,0.01,0.0,0.0,77527.71,1777055089000
1777055091.393,291.393,0.99,0.99,0.01,0.01,0.0,0.0,77527.71,1777055090000
1777055091.966,291.966,0.99,0.99,0.01,0.01,0.0,0.0,77528.37,1777055091000
1777055093.317,293.317,0.99,0.99,0.01,0.01,0.0,0.0,77528.56,1777055092000
1777055093.96,293.96,0.99,0.99,0.01,0.01,0.0,0.0,77528.63,1777055093000
1777055095.157,295.157,0.99,0.99,0.01,0.01,0.0,0.0,77528.75,1777055094000
1777055095.799,295.799,0.99,0.99,0.01,0.01,0.0,0.0,77528.75,1777055094000
1777055096.474,296.474,0.99,0.99,0.01,0.01,0.0,0.0,77530.68,1777055095000
1777055097.367,297.367,0.99,0.99,0.01,0.01,0.0,0.0,77530.68,1777055095000
1777055097.756,297.756,0.99,0.99,0.01,0.01,0.0,0.0,77533.02,1777055096000
1777055098.361,298.361,0.99,0.99,0.01,0.01,0.0,0.0,77533.49,1777055097000
1777055098.901,298.901,0.99,0.99,0.01,0.01,0.0,0.0,77533.49,1777055097000
1777055100.205,300.205,0.99,0.99,0.01,0.01,0.0,0.0,77536.35,1777055099000

# RESULT,winner=Up,slug=btc-updown-5m-1777054800,ticks=635
