timestamp,elapsed_sec,up_bid,up_ask,down_bid,down_ask,up_spread,down_spread,btc_price,btc_oracle_ts
1776568200.613,0.613,0.55,0.61,0.39,0.45,0.06,0.06,75457.48,1776568199000
1776568200.963,0.963,0.54,0.55,0.45,0.46,0.01,0.01,75457.48,1776568199000
1776568201.332,1.332,0.55,0.56,0.44,0.45,0.01,0.01,75457.48,1776568200000
1776568201.667,1.667,0.55,0.56,0.44,0.45,0.01,0.01,75457.48,1776568200000
1776568202.059,2.059,0.55,0.56,0.44,0.45,0.01,0.01,75457.48,1776568200000
1776568202.443,2.443,0.53,0.54,0.46,0.47,0.01,0.01,75457.9,1776568201000
1776568202.777,2.777,0.54,0.55,0.44,0.47,0.01,0.03,75457.9,1776568201000
1776568203.383,3.383,0.55,0.56,0.44,0.45,0.01,0.01,75458.36,1776568202000
1776568203.847,3.847,0.55,0.56,0.44,0.45,0.01,0.01,75458.36,1776568202000
1776568204.197,4.197,0.57,0.58,0.42,0.43,0.01,0.01,75458.36,1776568202000
1776568204.542,4.542,0.57,0.58,0.42,0.43,0.01,0.01,75460.1,1776568203000
1776568204.905,4.905,0.58,0.59,0.41,0.43,0.01,0.02,75460.1,1776568203000
1776568205.395,5.395,0.58,0.59,0.41,0.42,0.01,0.01,75461.92,1776568204000
1776568205.995,5.995,0.58,0.59,0.41,0.42,0.01,0.01,75461.92,1776568204000
1776568206.344,6.344,0.58,0.59,0.41,0.42,0.01,0.01,75462.95,1776568205000
1776568206.776,6.776,0.59,0.6,0.39,0.42,0.01,0.03,75462.95,1776568205000
1776568207.128,7.128,0.61,0.62,0.38,0.39,0.01,0.01,75462.95,1776568205000
1776568207.466,7.466,0.61,0.62,0.38,0.39,0.01,0.01,75465.16,1776568206000
1776568207.85,7.85,0.61,0.62,0.38,0.39,0.01,0.01,75465.16,1776568206000
1776568208.186,8.186,0.61,0.62,0.38,0.39,0.01,0.01,75465.16,1776568206000
1776568208.614,8.614,0.61,0.62,0.38,0.39,0.01,0.01,75465.14,1776568207000
1776568209.162,9.162,0.61,0.62,0.38,0.39,0.01,0.01,75465.14,1776568207000
1776568209.553,9.553,0.61,0.62,0.38,0.39,0.01,0.01,75465.14,1776568207000
1776568209.903,9.903,0.61,0.62,0.38,0.39,0.01,0.01,75468.59,1776568208000
1776568210.278,10.278,0.61,0.62,0.38,0.39,0.01,0.01,75470.51,1776568209000
1776568210.68,10.68,0.61,0.62,0.38,0.39,0.01,0.01,75470.51,1776568209000
1776568211.233,11.233,0.61,0.62,0.38,0.39,0.01,0.01,75470.39,1776568210000
1776568211.572,11.572,0.61,0.63,0.38,0.39,0.02,0.01,75470.39,1776568210000
1776568211.95,11.95,0.62,0.63,0.37,0.38,0.01,0.01,75470.39,1776568210000
1776568212.406,12.406,0.62,0.63,0.37,0.38,0.01,0.01,75471.16,1776568211000
1776568212.821,12.821,0.62,0.63,0.37,0.38,0.01,0.01,75471.16,1776568211000
1776568213.157,13.157,0.62,0.63,0.37,0.38,0.01,0.01,75471.16,1776568211000
1776568213.571,13.571,0.62,0.63,0.37,0.38,0.01,0.01,75471.17,1776568212000
1776568214.1,14.1,0.62,0.63,0.37,0.38,0.01,0.01,75471.17,1776568212000
1776568214.448,14.448,0.62,0.63,0.37,0.38,0.01,0.01,75471.19,1776568213000
1776568214.801,14.801,0.62,0.63,0.37,0.38,0.01,0.01,75471.19,1776568213000
1776568215.543,15.543,0.62,0.63,0.37,0.38,0.01,0.01,75471.21,1776568214000
1776568216.047,16.047,0.62,0.63,0.37,0.38,0.01,0.01,75471.4,1776568215000
1776568216.385,16.385,0.62,0.67,0.34,0.38,0.05,0.04,75471.4,1776568215000
1776568216.731,16.731,0.69,0.72,0.27,0.31,0.03,0.04,75471.4,1776568215000
1776568217.068,17.068,0.7,0.71,0.28,0.3,0.01,0.02,75471.4,1776568215000
1776568217.403,17.403,0.7,0.71,0.28,0.3,0.01,0.02,75471.48,1776568216000
1776568217.805,17.805,0.7,0.71,0.29,0.3,0.01,0.01,75471.48,1776568216000
1776568218.188,18.188,0.7,0.71,0.29,0.3,0.01,0.01,75471.48,1776568216000
1776568218.522,18.522,0.7,0.73,0.27,0.3,0.03,0.03,75476.28,1776568217000
1776568219.104,19.104,0.73,0.74,0.26,0.27,0.01,0.01,75476.28,1776568217000
1776568219.488,19.488,0.73,0.74,0.26,0.27,0.01,0.01,75482.22,1776568218000
1776568219.962,19.962,0.74,0.75,0.25,0.27,0.01,0.02,75482.22,1776568218000
1776568220.385,20.385,0.74,0.75,0.25,0.26,0.01,0.01,75482.22,1776568218000
1776568220.772,20.772,0.74,0.75,0.25,0.26,0.01,0.01,75483.22,1776568219000
1776568221.157,21.157,0.74,0.75,0.25,0.26,0.01,0.01,75485.62,1776568220000
1776568221.988,21.988,0.74,0.75,0.25,0.26,0.01,0.01,75488.65,1776568221000
1776568222.445,22.445,0.74,0.76,0.25,0.26,0.02,0.01,75488.65,1776568221000
1776568222.829,22.829,0.75,0.76,0.24,0.25,0.01,0.01,75488.65,1776568221000
1776568223.175,23.175,0.75,0.76,0.24,0.25,0.01,0.01,75488.89,1776568222000
1776568223.684,23.684,0.75,0.76,0.24,0.25,0.01,0.01,75488.89,1776568222000
1776568224.091,24.091,0.75,0.76,0.24,0.25,0.01,0.01,75488.89,1776568222000
1776568224.527,24.527,0.75,0.76,0.24,0.25,0.01,0.01,75489.6,1776568223000
1776568224.899,24.899,0.76,0.77,0.23,0.24,0.01,0.01,75489.6,1776568223000
1776568225.251,25.251,0.76,0.77,0.23,0.24,0.01,0.01,75489.6,1776568223000
1776568225.836,25.836,0.76,0.77,0.23,0.24,0.01,0.01,75489.61,1776568224000
1776568226.391,26.391,0.74,0.75,0.23,0.26,0.01,0.03,75489.61,1776568224000
1776568226.862,26.862,0.74,0.75,0.25,0.26,0.01,0.01,75488.34,1776568225000
1776568227.22,27.22,0.74,0.75,0.25,0.26,0.01,0.01,75490.01,1776568226000
1776568227.559,27.559,0.74,0.75,0.25,0.26,0.01,0.01,75490.01,1776568226000
1776568228.119,28.119,0.74,0.75,0.25,0.26,0.01,0.01,75490.01,1776568226000
1776568228.574,28.574,0.74,0.75,0.25,0.26,0.01,0.01,75491.17,1776568227000
1776568229.139,29.139,0.74,0.75,0.25,0.26,0.01,0.01,75491.17,1776568227000
1776568229.849,29.849,0.74,0.75,0.25,0.26,0.01,0.01,75491.04,1776568228000
1776568230.187,30.187,0.74,0.75,0.25,0.26,0.01,0.01,75491.03,1776568229000
1776568231.111,31.111,0.74,0.75,0.25,0.26,0.01,0.01,75491.03,1776568229000
1776568231.473,31.473,0.75,0.76,0.24,0.26,0.01,0.02,75490.99,1776568230000
1776568231.808,31.808,0.75,0.76,0.24,0.25,0.01,0.01,75490.99,1776568230000
1776568232.216,32.216,0.76,0.77,0.23,0.24,0.01,0.01,75490.99,1776568230000
1776568232.63,32.63,0.76,0.77,0.23,0.24,0.01,0.01,75491.05,1776568231000
1776568233.272,33.272,0.76,0.77,0.23,0.24,0.01,0.01,75491.05,1776568231000
1776568233.646,33.646,0.76,0.77,0.23,0.24,0.01,0.01,75491.05,1776568232000
1776568234.217,34.217,0.76,0.77,0.23,0.24,0.01,0.01,75491.05,1776568232000
1776568234.558,34.558,0.76,0.77,0.23,0.24,0.01,0.01,75490.96,1776568233000
1776568234.959,34.959,0.76,0.77,0.23,0.24,0.01,0.01,75490.96,1776568233000
1776568235.428,35.428,0.76,0.77,0.23,0.24,0.01,0.01,75490.76,1776568234000
1776568235.822,35.822,0.76,0.77,0.23,0.24,0.01,0.01,75490.76,1776568234000
1776568236.469,36.469,0.76,0.77,0.23,0.24,0.01,0.01,75490.76,1776568235000
1776568237.008,37.008,0.75,0.77,0.23,0.24,0.02,0.01,75490.76,1776568235000
1776568237.432,37.432,0.75,0.76,0.24,0.25,0.01,0.01,75490.34,1776568236000
1776568237.96,37.96,0.75,0.76,0.24,0.25,0.01,0.01,75490.34,1776568236000
1776568238.441,38.441,0.75,0.76,0.24,0.25,0.01,0.01,75490.28,1776568237000
1776568239.172,39.172,0.73,0.76,0.24,0.27,0.03,0.03,75490.12,1776568238000
1776568239.911,39.911,0.74,0.75,0.24,0.27,0.01,0.03,75490.12,1776568238000
1776568240.465,40.465,0.74,0.75,0.25,0.26,0.01,0.01,75490.11,1776568239000
1776568240.901,40.901,0.74,0.75,0.25,0.26,0.01,0.01,75490.11,1776568239000
1776568241.365,41.365,0.74,0.75,0.25,0.26,0.01,0.01,75490.11,1776568239000
1776568241.75,41.75,0.74,0.75,0.25,0.26,0.01,0.01,75490.11,1776568240000
1776568242.135,42.135,0.74,0.75,0.25,0.26,0.01,0.01,75488.62,1776568241000
1776568242.699,42.699,0.74,0.75,0.25,0.26,0.01,0.01,75488.62,1776568241000
1776568243.167,43.167,0.74,0.75,0.25,0.26,0.01,0.01,75488.62,1776568241000
1776568243.554,43.554,0.74,0.75,0.25,0.26,0.01,0.01,75488.62,1776568241000
1776568244.336,44.336,0.74,0.75,0.25,0.26,0.01,0.01,75490.71,1776568243000
1776568244.828,44.828,0.74,0.75,0.25,0.26,0.01,0.01,75490.71,1776568243000
1776568246.621,46.621,0.74,0.75,0.25,0.26,0.01,0.01,75490.66,1776568245000
1776568246.987,46.987,0.73,0.74,0.25,0.26,0.01,0.01,75490.66,1776568245000
1776568247.411,47.411,0.73,0.74,0.26,0.27,0.01,0.01,75490.66,1776568246000
1776568247.855,47.855,0.73,0.74,0.26,0.27,0.01,0.01,75490.66,1776568246000
1776568248.233,48.233,0.74,0.75,0.25,0.26,0.01,0.01,75490.67,1776568247000
1776568248.758,48.758,0.74,0.75,0.25,0.26,0.01,0.01,75490.67,1776568247000
1776568249.229,49.229,0.74,0.75,0.25,0.26,0.01,0.01,75490.67,1776568247000
1776568249.569,49.569,0.74,0.75,0.25,0.26,0.01,0.01,75490.67,1776568247000
1776568249.912,49.912,0.74,0.75,0.25,0.26,0.01,0.01,75490.66,1776568248000
1776568250.304,50.304,0.74,0.75,0.25,0.26,0.01,0.01,75490.66,1776568249000
1776568251.037,51.037,0.74,0.75,0.25,0.26,0.01,0.01,75490.46,1776568250000
1776568251.741,51.741,0.74,0.75,0.25,0.26,0.01,0.01,75490.46,1776568250000
1776568252.464,52.464,0.74,0.75,0.25,0.27,0.01,0.02,75490.46,1776568250000
1776568252.904,52.904,0.74,0.75,0.25,0.27,0.01,0.02,75490.46,1776568251000
1776568253.367,53.367,0.74,0.75,0.25,0.26,0.01,0.01,75490.61,1776568252000
1776568253.708,53.708,0.76,0.77,0.25,0.26,0.01,0.01,75490.61,1776568252000
1776568254.14,54.14,0.79,0.81,0.2,0.22,0.02,0.02,75490.61,1776568252000
1776568254.526,54.526,0.8,0.81,0.19,0.21,0.01,0.02,75490.97,1776568253000
1776568254.888,54.888,0.8,0.81,0.19,0.2,0.01,0.01,75490.97,1776568253000
1776568255.237,55.237,0.8,0.81,0.19,0.2,0.01,0.01,75490.97,1776568253000
1776568255.779,55.779,0.8,0.81,0.19,0.2,0.01,0.01,75491.78,1776568254000
1776568256.403,56.403,0.8,0.81,0.19,0.2,0.01,0.01,75491.78,1776568254000
1776568256.751,56.751,0.8,0.81,0.19,0.2,0.01,0.01,75497.61,1776568255000
1776568257.087,57.087,0.78,0.79,0.19,0.22,0.01,0.03,75497.61,1776568255000
1776568257.464,57.464,0.77,0.78,0.22,0.23,0.01,0.01,75499.44,1776568256000
1776568257.812,57.812,0.77,0.78,0.22,0.23,0.01,0.01,75499.44,1776568256000
1776568258.217,58.217,0.77,0.78,0.22,0.23,0.01,0.01,75499.44,1776568256000
1776568258.757,58.757,0.77,0.78,0.22,0.23,0.01,0.01,75498.66,1776568257000
1776568259.164,59.164,0.78,0.79,0.22,0.23,0.01,0.01,75498.66,1776568257000
1776568260.052,60.052,0.78,0.79,0.21,0.22,0.01,0.01,75497.96,1776568258000
1776568260.473,60.473,0.78,0.79,0.21,0.22,0.01,0.01,75497.96,1776568258000
1776568260.831,60.831,0.78,0.79,0.21,0.22,0.01,0.01,75497.62,1776568259000
1776568261.169,61.169,0.76,0.77,0.23,0.25,0.01,0.02,75497.62,1776568259000
1776568261.52,61.52,0.75,0.76,0.24,0.25,0.01,0.01,75497.62,1776568260000
1776568262.219,62.219,0.76,0.77,0.23,0.24,0.01,0.01,75497.64,1776568261000
1776568262.563,62.563,0.76,0.77,0.23,0.24,0.01,0.01,75497.64,1776568261000
1776568263.015,63.015,0.77,0.78,0.22,0.24,0.01,0.02,75497.64,1776568261000
1776568263.486,63.486,0.77,0.78,0.22,0.23,0.01,0.01,75493.6,1776568262000
1776568263.85,63.85,0.76,0.77,0.23,0.24,0.01,0.01,75493.6,1776568262000
1776568264.762,64.762,0.75,0.76,0.24,0.25,0.01,0.01,75493.6,1776568263000
1776568265.269,65.269,0.74,0.75,0.25,0.26,0.01,0.01,75493.29,1776568264000
1776568265.91,65.91,0.74,0.75,0.25,0.26,0.01,0.01,75493.29,1776568264000
1776568266.365,66.365,0.74,0.75,0.25,0.26,0.01,0.01,75491.39,1776568265000
1776568266.888,66.888,0.74,0.75,0.25,0.26,0.01,0.01,75491.39,1776568265000
1776568267.33,67.33,0.74,0.75,0.25,0.26,0.01,0.01,75491.39,1776568266000
1776568267.672,67.672,0.74,0.75,0.25,0.26,0.01,0.01,75491.39,1776568266000
1776568268.124,68.124,0.74,0.75,0.25,0.26,0.01,0.01,75491.39,1776568266000
1776568268.603,68.603,0.74,0.75,0.25,0.26,0.01,0.01,75491.53,1776568267000
1776568269.256,69.256,0.74,0.75,0.25,0.26,0.01,0.01,75491.53,1776568267000
1776568269.711,69.711,0.74,0.75,0.25,0.26,0.01,0.01,75491.58,1776568268000
1776568270.057,70.057,0.74,0.75,0.25,0.26,0.01,0.01,75491.58,1776568269000
1776568270.7,70.7,0.74,0.75,0.25,0.26,0.01,0.01,75491.58,1776568269000
1776568271.263,71.263,0.74,0.75,0.25,0.26,0.01,0.01,75491.83,1776568270000
1776568272.446,72.446,0.74,0.75,0.25,0.26,0.01,0.01,75491.83,1776568270000
1776568272.802,72.802,0.74,0.75,0.25,0.26,0.01,0.01,75491.82,1776568271000
1776568273.373,73.373,0.74,0.75,0.25,0.26,0.01,0.01,75491.82,1776568272000
1776568273.814,73.814,0.74,0.75,0.25,0.26,0.01,0.01,75491.82,1776568272000
1776568274.179,74.179,0.74,0.75,0.25,0.26,0.01,0.01,75491.96,1776568273000
1776568274.513,74.513,0.74,0.76,0.25,0.26,0.02,0.01,75491.96,1776568273000
1776568275.46,75.46,0.75,0.76,0.24,0.25,0.01,0.01,75491.96,1776568273000
1776568276.047,76.047,0.75,0.76,0.24,0.25,0.01,0.01,75492.01,1776568275000
1776568276.381,76.381,0.75,0.76,0.24,0.25,0.01,0.01,75492.01,1776568275000
1776568277.198,77.198,0.75,0.76,0.24,0.25,0.01,0.01,75492.05,1776568276000
1776568277.583,77.583,0.75,0.76,0.24,0.25,0.01,0.01,75492.05,1776568276000
1776568278.345,78.345,0.75,0.76,0.24,0.25,0.01,0.01,75492.12,1776568277000
1776568278.682,78.682,0.75,0.76,0.24,0.25,0.01,0.01,75492.12,1776568277000
1776568279.687,79.687,0.75,0.76,0.24,0.25,0.01,0.01,75491.92,1776568278000
1776568280.144,80.144,0.75,0.76,0.24,0.25,0.01,0.01,75491.92,1776568279000
1776568280.907,80.907,0.75,0.76,0.24,0.25,0.01,0.01,75491.92,1776568279000
1776568281.319,81.319,0.75,0.77,0.23,0.25,0.02,0.02,75492.06,1776568280000
1776568281.781,81.781,0.76,0.77,0.23,0.25,0.01,0.02,75492.06,1776568280000
1776568282.633,82.633,0.76,0.77,0.23,0.24,0.01,0.01,75492.08,1776568281000
1776568283.292,83.292,0.76,0.77,0.23,0.24,0.01,0.01,75492.08,1776568281000
1776568283.993,83.993,0.76,0.77,0.23,0.24,0.01,0.01,75492.06,1776568283000
1776568284.449,84.449,0.76,0.77,0.23,0.24,0.01,0.01,75492.06,1776568283000
1776568285.225,85.225,0.76,0.77,0.23,0.24,0.01,0.01,75492.14,1776568284000
1776568286.06,86.06,0.76,0.77,0.23,0.24,0.01,0.01,75492.14,1776568284000
1776568286.416,86.416,0.76,0.77,0.23,0.24,0.01,0.01,75492.14,1776568285000
1776568286.766,86.766,0.76,0.77,0.23,0.24,0.01,0.01,75492.14,1776568285000
1776568287.285,87.285,0.76,0.77,0.23,0.24,0.01,0.01,75492.09,1776568286000
1776568287.672,87.672,0.76,0.77,0.23,0.24,0.01,0.01,75492.09,1776568286000
1776568288.302,88.302,0.76,0.77,0.23,0.24,0.01,0.01,75492.09,1776568287000
1776568289.113,89.113,0.76,0.77,0.23,0.24,0.01,0.01,75492.09,1776568287000
1776568289.463,89.463,0.76,0.77,0.23,0.24,0.01,0.01,75495.5,1776568288000
1776568290.203,90.203,0.76,0.77,0.23,0.24,0.01,0.01,75495.77,1776568289000
1776568290.549,90.549,0.76,0.77,0.23,0.24,0.01,0.01,75495.77,1776568289000
1776568291.233,91.233,0.76,0.77,0.23,0.24,0.01,0.01,75495.77,1776568289000
1776568291.621,91.621,0.76,0.77,0.23,0.24,0.01,0.01,75495.82,1776568290000
1776568292.105,92.105,0.78,0.79,0.21,0.24,0.01,0.03,75495.82,1776568290000
1776568292.921,92.921,0.78,0.79,0.21,0.22,0.01,0.01,75495.74,1776568291000
1776568293.342,93.342,0.78,0.79,0.21,0.22,0.01,0.01,75495.74,1776568292000
1776568294.014,94.014,0.78,0.82,0.21,0.22,0.04,0.01,75495.74,1776568292000
1776568294.5,94.5,0.82,0.83,0.18,0.19,0.01,0.01,75495.74,1776568293000
1776568294.841,94.841,0.82,0.83,0.17,0.18,0.01,0.01,75495.74,1776568293000
1776568295.362,95.362,0.82,0.83,0.17,0.18,0.01,0.01,75495.75,1776568294000
1776568295.719,95.719,0.82,0.83,0.17,0.18,0.01,0.01,75495.75,1776568294000
1776568296.095,96.095,0.83,0.84,0.16,0.17,0.01,0.01,75495.75,1776568294000
1776568296.428,96.428,0.83,0.84,0.16,0.17,0.01,0.01,75495.81,1776568295000
1776568296.819,96.819,0.83,0.84,0.16,0.17,0.01,0.01,75495.81,1776568295000
1776568297.524,97.524,0.83,0.84,0.16,0.17,0.01,0.01,75499.67,1776568296000
1776568297.937,97.937,0.83,0.84,0.16,0.17,0.01,0.01,75499.67,1776568296000
1776568298.281,98.281,0.83,0.84,0.16,0.17,0.01,0.01,75499.67,1776568297000
1776568299.096,99.096,0.83,0.84,0.16,0.17,0.01,0.01,75496.84,1776568298000
1776568300.088,100.088,0.83,0.84,0.16,0.17,0.01,0.01,75499.85,1776568299000
1776568300.651,100.651,0.83,0.84,0.16,0.17,0.01,0.01,75499.85,1776568299000
1776568301.087,101.087,0.83,0.84,0.16,0.17,0.01,0.01,75499.82,1776568300000
1776568301.801,101.801,0.83,0.84,0.16,0.17,0.01,0.01,75499.82,1776568300000
1776568302.497,102.497,0.83,0.84,0.16,0.17,0.01,0.01,75499.68,1776568301000
1776568303.043,103.043,0.83,0.84,0.16,0.17,0.01,0.01,75499.68,1776568301000
1776568303.63,103.63,0.83,0.84,0.16,0.17,0.01,0.01,75500.25,1776568302000
1776568303.99,103.99,0.83,0.84,0.16,0.17,0.01,0.01,75500.25,1776568302000
1776568304.4,104.4,0.83,0.84,0.16,0.17,0.01,0.01,75499.79,1776568303000
1776568304.869,104.869,0.83,0.84,0.16,0.17,0.01,0.01,75499.79,1776568303000
1776568305.264,105.264,0.82,0.83,0.16,0.17,0.01,0.01,75499.79,1776568303000
1776568306.08,106.08,0.82,0.83,0.17,0.18,0.01,0.01,75499.82,1776568304000
1776568306.51,106.51,0.82,0.83,0.17,0.18,0.01,0.01,75499.82,1776568305000
1776568307.359,107.359,0.82,0.83,0.17,0.18,0.01,0.01,75499.91,1776568306000
1776568307.723,107.723,0.82,0.83,0.17,0.18,0.01,0.01,75499.91,1776568306000
1776568308.065,108.065,0.83,0.84,0.16,0.18,0.01,0.02,75498.21,1776568307000
1776568309.093,109.093,0.83,0.84,0.16,0.17,0.01,0.01,75500.62,1776568308000
1776568309.801,109.801,0.83,0.85,0.16,0.17,0.02,0.01,75500.62,1776568308000
1776568310.314,110.314,0.84,0.85,0.15,0.17,0.01,0.02,75500.62,1776568308000
1776568311.239,111.239,0.84,0.85,0.15,0.16,0.01,0.01,75498.57,1776568310000
1776568311.882,111.882,0.84,0.85,0.15,0.16,0.01,0.01,75498.57,1776568310000
1776568312.385,112.385,0.84,0.85,0.15,0.16,0.01,0.01,75498.42,1776568311000
1776568312.882,112.882,0.84,0.85,0.15,0.16,0.01,0.01,75500.71,1776568312000
1776568313.471,113.471,0.84,0.85,0.15,0.16,0.01,0.01,75500.71,1776568312000
1776568313.886,113.886,0.84,0.85,0.15,0.16,0.01,0.01,75500.71,1776568312000
1776568314.763,114.763,0.84,0.85,0.15,0.16,0.01,0.01,75500.8,1776568313000
1776568315.1,115.1,0.84,0.85,0.15,0.16,0.01,0.01,75500.84,1776568314000
1776568315.683,115.683,0.84,0.85,0.15,0.16,0.01,0.01,75500.84,1776568314000
1776568316.232,116.232,0.84,0.85,0.15,0.16,0.01,0.01,75500.84,1776568315000
1776568316.841,116.841,0.84,0.85,0.15,0.16,0.01,0.01,75500.84,1776568315000
1776568317.23,117.23,0.84,0.85,0.15,0.16,0.01,0.01,75501.07,1776568316000
1776568318.314,118.314,0.84,0.85,0.15,0.16,0.01,0.01,75501.07,1776568316000
1776568318.749,118.749,0.84,0.85,0.15,0.16,0.01,0.01,75501.22,1776568317000
1776568319.263,119.263,0.84,0.85,0.15,0.16,0.01,0.01,75501.22,1776568317000
1776568319.73,119.73,0.84,0.85,0.15,0.16,0.01,0.01,75501.11,1776568318000
1776568320.123,120.123,0.84,0.85,0.15,0.16,0.01,0.01,75501.11,1776568319000
1776568320.549,120.549,0.84,0.85,0.15,0.16,0.01,0.01,75501.11,1776568319000
1776568320.895,120.895,0.84,0.86,0.15,0.16,0.02,0.01,75501.11,1776568319000
1776568321.306,121.306,0.85,0.86,0.14,0.16,0.01,0.02,75501.11,1776568319000
1776568321.767,121.767,0.85,0.86,0.14,0.15,0.01,0.01,75501.15,1776568320000
1776568322.185,122.185,0.85,0.86,0.14,0.15,0.01,0.01,75501.15,1776568320000
1776568322.614,122.614,0.85,0.86,0.14,0.15,0.01,0.01,75499.39,1776568321000
1776568322.994,122.994,0.85,0.86,0.14,0.15,0.01,0.01,75499.39,1776568321000
1776568323.376,123.376,0.85,0.86,0.14,0.15,0.01,0.01,75499.39,1776568321000
1776568323.729,123.729,0.85,0.86,0.14,0.15,0.01,0.01,75499.33,1776568322000
1776568324.163,124.163,0.85,0.86,0.14,0.15,0.01,0.01,75499.33,1776568322000
1776568324.701,124.701,0.85,0.86,0.14,0.15,0.01,0.01,75499.4,1776568323000
1776568325.308,125.308,0.85,0.86,0.14,0.15,0.01,0.01,75499.4,1776568323000
1776568325.654,125.654,0.85,0.86,0.14,0.15,0.01,0.01,75499.43,1776568324000
1776568326.264,126.264,0.85,0.86,0.14,0.15,0.01,0.01,75499.43,1776568325000
1776568326.935,126.935,0.85,0.86,0.14,0.15,0.01,0.01,75499.43,1776568325000
1776568327.528,127.528,0.86,0.87,0.13,0.14,0.01,0.01,75499.43,1776568326000
1776568327.965,127.965,0.86,0.87,0.13,0.14,0.01,0.01,75499.43,1776568326000
1776568328.588,128.588,0.86,0.87,0.13,0.14,0.01,0.01,75498.15,1776568327000
1776568329.082,129.082,0.86,0.87,0.13,0.14,0.01,0.01,75498.15,1776568327000
1776568329.584,129.584,0.86,0.87,0.13,0.14,0.01,0.01,75499.49,1776568328000
1776568330.035,130.035,0.86,0.87,0.13,0.14,0.01,0.01,75499.49,1776568328000
1776568330.42,130.42,0.86,0.87,0.13,0.14,0.01,0.01,75499.52,1776568329000
1776568331.18,131.18,0.86,0.87,0.13,0.14,0.01,0.01,75499.52,1776568329000
1776568331.731,131.731,0.86,0.87,0.13,0.14,0.01,0.01,75497.34,1776568330000
1776568332.169,132.169,0.86,0.87,0.13,0.14,0.01,0.01,75498.87,1776568331000
1776568332.762,132.762,0.86,0.87,0.13,0.14,0.01,0.01,75498.87,1776568331000
1776568333.21,133.21,0.86,0.87,0.13,0.14,0.01,0.01,75498.87,1776568331000
1776568333.759,133.759,0.86,0.87,0.13,0.14,0.01,0.01,75499.18,1776568332000
1776568334.214,134.214,0.86,0.87,0.13,0.14,0.01,0.01,75499.18,1776568332000
1776568334.758,134.758,0.86,0.87,0.13,0.14,0.01,0.01,75500.94,1776568333000
1776568335.175,135.175,0.87,0.88,0.12,0.13,0.01,0.01,75500.94,1776568333000
1776568335.511,135.511,0.87,0.88,0.12,0.13,0.01,0.01,75500.62,1776568334000
1776568336.031,136.031,0.87,0.88,0.12,0.13,0.01,0.01,75500.62,1776568334000
1776568336.688,136.688,0.87,0.88,0.12,0.13,0.01,0.01,75500.62,1776568334000
1776568337.327,137.327,0.87,0.88,0.12,0.13,0.01,0.01,75502.5,1776568336000
1776568337.812,137.812,0.88,0.89,0.11,0.13,0.01,0.02,75502.5,1776568336000
1776568338.24,138.24,0.88,0.89,0.11,0.12,0.01,0.01,75502.5,1776568337000
1776568338.79,138.79,0.88,0.89,0.11,0.12,0.01,0.01,75502.5,1776568337000
1776568339.247,139.247,0.89,0.9,0.1,0.11,0.01,0.01,75502.39,1776568338000
1776568339.737,139.737,0.89,0.9,0.1,0.11,0.01,0.01,75502.39,1776568338000
1776568340.214,140.214,0.89,0.9,0.1,0.11,0.01,0.01,75502.48,1776568339000
1776568340.547,140.547,0.89,0.9,0.1,0.11,0.01,0.01,75502.48,1776568339000
1776568341.121,141.121,0.89,0.9,0.1,0.11,0.01,0.01,75502.4,1776568340000
1776568341.601,141.601,0.89,0.9,0.1,0.11,0.01,0.01,75502.4,1776568340000
1776568342.282,142.282,0.89,0.9,0.1,0.11,0.01,0.01,75502.51,1776568341000
1776568342.975,142.975,0.89,0.9,0.1,0.11,0.01,0.01,75502.51,1776568341000
1776568343.374,143.374,0.89,0.9,0.1,0.11,0.01,0.01,75502.51,1776568342000
1776568343.851,143.851,0.89,0.9,0.1,0.11,0.01,0.01,75502.51,1776568342000
1776568344.19,144.19,0.89,0.9,0.1,0.11,0.01,0.01,75502.44,1776568343000
1776568344.69,144.69,0.89,0.9,0.1,0.11,0.01,0.01,75502.44,1776568343000
1776568345.054,145.054,0.89,0.9,0.1,0.11,0.01,0.01,75502.51,1776568344000
1776568345.418,145.418,0.89,0.9,0.1,0.11,0.01,0.01,75502.51,1776568344000
1776568346.093,146.093,0.89,0.9,0.1,0.11,0.01,0.01,75502.51,1776568344000
1776568346.885,146.885,0.89,0.91,0.1,0.11,0.02,0.01,75502.52,1776568345000
1776568347.338,147.338,0.89,0.9,0.1,0.11,0.01,0.01,75502.52,1776568345000
1776568348.073,148.073,0.9,0.91,0.1,0.11,0.01,0.01,75502.42,1776568346000
1776568348.457,148.457,0.9,0.91,0.09,0.1,0.01,0.01,75502.52,1776568347000
1776568348.795,148.795,0.9,0.91,0.09,0.1,0.01,0.01,75502.52,1776568347000
1776568349.279,149.279,0.9,0.91,0.09,0.1,0.01,0.01,75502.65,1776568348000
1776568350.072,150.072,0.9,0.91,0.09,0.1,0.01,0.01,75502.65,1776568348000
1776568350.453,150.453,0.9,0.91,0.09,0.1,0.01,0.01,75502.64,1776568349000
1776568350.83,150.83,0.9,0.91,0.09,0.1,0.01,0.01,75502.64,1776568349000
1776568351.186,151.186,0.9,0.91,0.09,0.1,0.01,0.01,75502.64,1776568349000
1776568351.644,151.644,0.9,0.91,0.09,0.1,0.01,0.01,75502.61,1776568350000
1776568352.117,152.117,0.9,0.91,0.09,0.1,0.01,0.01,75502.61,1776568350000
1776568352.527,152.527,0.91,0.92,0.08,0.09,0.01,0.01,75502.61,1776568351000
1776568352.93,152.93,0.91,0.92,0.08,0.09,0.01,0.01,75502.61,1776568351000
1776568353.296,153.296,0.91,0.92,0.08,0.09,0.01,0.01,75502.61,1776568351000
1776568353.872,153.872,0.91,0.92,0.08,0.09,0.01,0.01,75502.66,1776568352000
1776568354.224,154.224,0.92,0.93,0.07,0.08,0.01,0.01,75502.66,1776568353000
1776568354.757,154.757,0.92,0.93,0.07,0.08,0.01,0.01,75502.66,1776568353000
1776568355.273,155.273,0.92,0.93,0.07,0.08,0.01,0.01,75502.86,1776568354000
1776568355.744,155.744,0.92,0.93,0.07,0.08,0.01,0.01,75502.86,1776568354000
1776568356.269,156.269,0.92,0.93,0.07,0.08,0.01,0.01,75504.77,1776568355000
1776568356.661,156.661,0.92,0.93,0.07,0.08,0.01,0.01,75504.77,1776568355000
1776568357.187,157.187,0.92,0.93,0.07,0.08,0.01,0.01,75504.77,1776568355000
1776568357.591,157.591,0.92,0.93,0.07,0.08,0.01,0.01,75504.76,1776568356000
1776568358.069,158.069,0.92,0.93,0.07,0.08,0.01,0.01,75504.76,1776568357000
1776568359.018,159.018,0.92,0.93,0.07,0.08,0.01,0.01,75504.76,1776568357000
1776568359.45,159.45,0.92,0.93,0.07,0.08,0.01,0.01,75504.76,1776568358000
1776568360.399,160.399,0.92,0.93,0.07,0.08,0.01,0.01,75504.76,1776568359000
1776568361.133,161.133,0.92,0.93,0.07,0.08,0.01,0.01,75504.76,1776568359000
1776568361.871,161.871,0.92,0.93,0.07,0.08,0.01,0.01,75504.77,1776568360000
1776568362.49,162.49,0.92,0.93,0.07,0.08,0.01,0.01,75504.79,1776568361000
1776568363.155,163.155,0.92,0.93,0.07,0.08,0.01,0.01,75504.79,1776568362000
1776568363.981,163.981,0.92,0.93,0.07,0.08,0.01,0.01,75504.79,1776568362000
1776568364.351,164.351,0.92,0.93,0.07,0.08,0.01,0.01,75504.78,1776568363000
1776568364.795,164.795,0.92,0.93,0.07,0.08,0.01,0.01,75504.78,1776568363000
1776568365.783,165.783,0.92,0.93,0.07,0.08,0.01,0.01,75504.79,1776568364000
1776568366.316,166.316,0.92,0.93,0.07,0.08,0.01,0.01,75504.78,1776568365000
1776568367.027,167.027,0.92,0.93,0.07,0.08,0.01,0.01,75504.78,1776568365000
1776568367.585,167.585,0.92,0.93,0.07,0.08,0.01,0.01,75504.72,1776568366000
1776568368.519,168.519,0.92,0.96,0.04,0.08,0.04,0.04,75504.73,1776568367000
1776568368.917,168.917,0.95,0.96,0.04,0.05,0.01,0.01,75504.73,1776568367000
1776568369.634,169.634,0.95,0.96,0.04,0.05,0.01,0.01,75504.73,1776568368000
1776568370.476,170.476,0.95,0.96,0.04,0.05,0.01,0.01,75504.67,1776568369000
1776568370.922,170.922,0.95,0.96,0.04,0.05,0.01,0.01,75504.67,1776568369000
1776568371.279,171.279,0.95,0.96,0.04,0.05,0.01,0.01,75504.58,1776568370000
1776568371.679,171.679,0.95,0.96,0.04,0.05,0.01,0.01,75504.58,1776568370000
1776568372.491,172.491,0.93,0.94,0.06,0.07,0.01,0.01,75504.67,1776568371000
1776568373.149,173.149,0.93,0.94,0.06,0.07,0.01,0.01,75504.57,1776568372000
1776568373.489,173.489,0.89,0.93,0.07,0.1,0.04,0.03,75504.57,1776568372000
1776568374.528,174.528,0.89,0.93,0.07,0.11,0.04,0.04,75498.47,1776568373000
1776568374.929,174.929,0.87,0.93,0.07,0.13,0.06,0.06,75498.47,1776568373000
1776568375.411,175.411,0.87,0.92,0.07,0.13,0.05,0.06,75492.88,1776568374000
1776568375.779,175.779,0.87,0.9,0.08,0.13,0.03,0.05,75492.88,1776568374000
1776568376.227,176.227,0.87,0.9,0.1,0.13,0.03,0.03,75492.88,1776568374000
1776568376.966,176.966,0.89,0.9,0.1,0.11,0.01,0.01,75491.96,1776568375000
1776568377.309,177.309,0.85,0.9,0.1,0.15,0.05,0.05,75491.95,1776568376000
1776568377.678,177.678,0.89,0.91,0.09,0.13,0.02,0.04,75491.95,1776568376000
1776568378.019,178.019,0.89,0.9,0.1,0.11,0.01,0.01,75491.95,1776568376000
1776568378.462,178.462,0.89,0.9,0.1,0.11,0.01,0.01,75491.95,1776568376000
1776568378.818,178.818,0.89,0.9,0.1,0.11,0.01,0.01,75491.5,1776568377000
1776568379.158,179.158,0.89,0.9,0.1,0.11,0.01,0.01,75492.81,1776568378000
1776568379.494,179.494,0.89,0.9,0.1,0.11,0.01,0.01,75492.81,1776568378000
1776568379.846,179.846,0.89,0.9,0.1,0.11,0.01,0.01,75492.81,1776568378000
1776568380.41,180.41,0.89,0.9,0.1,0.11,0.01,0.01,75492.81,1776568378000
1776568381.25,181.25,0.89,0.9,0.1,0.11,0.01,0.01,75493.33,1776568380000
1776568381.975,181.975,0.89,0.9,0.1,0.11,0.01,0.01,75493.33,1776568380000
1776568382.492,182.492,0.89,0.9,0.1,0.11,0.01,0.01,75495.09,1776568381000
1776568382.936,182.936,0.89,0.9,0.1,0.11,0.01,0.01,75495.09,1776568381000
1776568383.283,183.283,0.89,0.9,0.1,0.11,0.01,0.01,75495.11,1776568382000
1776568383.753,183.753,0.89,0.9,0.1,0.11,0.01,0.01,75495.11,1776568382000
1776568384.158,184.158,0.89,0.9,0.1,0.11,0.01,0.01,75495.11,1776568382000
1776568384.53,184.53,0.89,0.9,0.1,0.11,0.01,0.01,75495.53,1776568383000
1776568385.027,185.027,0.9,0.91,0.1,0.11,0.01,0.01,75495.53,1776568383000
1776568385.458,185.458,0.9,0.91,0.09,0.1,0.01,0.01,75495.48,1776568384000
1776568385.898,185.898,0.9,0.91,0.09,0.1,0.01,0.01,75495.53,1776568385000
1776568386.917,186.917,0.9,0.91,0.09,0.11,0.01,0.02,75495.53,1776568385000
1776568387.406,187.406,0.9,0.91,0.09,0.1,0.01,0.01,75495.55,1776568386000
1776568387.781,187.781,0.9,0.91,0.09,0.1,0.01,0.01,75495.55,1776568386000
1776568388.223,188.223,0.9,0.91,0.09,0.1,0.01,0.01,75495.56,1776568387000
1776568388.872,188.872,0.9,0.91,0.09,0.1,0.01,0.01,75495.56,1776568387000
1776568389.252,189.252,0.9,0.91,0.09,0.1,0.01,0.01,75495.55,1776568388000
1776568390.022,190.022,0.9,0.91,0.09,0.1,0.01,0.01,75496.8,1776568389000
1776568390.594,190.594,0.9,0.91,0.09,0.1,0.01,0.01,75496.8,1776568389000
1776568391.082,191.082,0.9,0.91,0.09,0.1,0.01,0.01,75497.15,1776568390000
1776568391.779,191.779,0.91,0.92,0.08,0.1,0.01,0.02,75497.15,1776568390000
1776568392.461,192.461,0.91,0.92,0.08,0.09,0.01,0.01,75498.41,1776568391000
1776568392.998,192.998,0.91,0.92,0.08,0.09,0.01,0.01,75498.47,1776568392000
1776568393.659,193.659,0.91,0.92,0.08,0.09,0.01,0.01,75498.47,1776568392000
1776568394.019,194.019,0.91,0.92,0.08,0.09,0.01,0.01,75498.47,1776568393000
1776568394.743,194.743,0.91,0.92,0.08,0.09,0.01,0.01,75498.47,1776568393000
1776568395.388,195.388,0.91,0.92,0.08,0.09,0.01,0.01,75498.47,1776568394000
1776568395.868,195.868,0.91,0.92,0.08,0.09,0.01,0.01,75498.47,1776568394000
1776568397.178,197.178,0.92,0.93,0.07,0.08,0.01,0.01,75498.49,1776568395000
1776568397.527,197.527,0.92,0.93,0.07,0.08,0.01,0.01,75498.52,1776568396000
1776568398.145,198.145,0.92,0.93,0.07,0.08,0.01,0.01,75498.49,1776568397000
1776568398.751,198.751,0.92,0.93,0.07,0.08,0.01,0.01,75498.49,1776568397000
1776568399.139,199.139,0.92,0.93,0.07,0.08,0.01,0.01,75498.49,1776568397000
1776568399.514,199.514,0.92,0.93,0.07,0.08,0.01,0.01,75498.49,1776568398000
1776568400.068,200.068,0.92,0.93,0.07,0.08,0.01,0.01,75498.49,1776568398000
1776568400.419,200.419,0.92,0.93,0.07,0.08,0.01,0.01,75498.61,1776568399000
1776568400.853,200.853,0.92,0.93,0.07,0.08,0.01,0.01,75498.61,1776568399000
1776568401.466,201.466,0.92,0.93,0.07,0.08,0.01,0.01,75498.61,1776568400000
1776568402.102,202.102,0.92,0.93,0.07,0.08,0.01,0.01,75498.61,1776568400000
1776568402.446,202.446,0.92,0.93,0.07,0.08,0.01,0.01,75498.61,1776568401000
1776568403.413,203.413,0.92,0.93,0.07,0.08,0.01,0.01,75498.61,1776568402000
1776568404.333,204.333,0.9,0.93,0.07,0.08,0.03,0.01,75498.61,1776568402000
1776568404.667,204.667,0.92,0.93,0.07,0.1,0.01,0.03,75498.62,1776568403000
1776568405.005,205.005,0.92,0.93,0.07,0.08,0.01,0.01,75498.62,1776568404000
1776568406.089,206.089,0.92,0.93,0.07,0.08,0.01,0.01,75498.64,1776568405000
1776568406.425,206.425,0.93,0.94,0.06,0.07,0.01,0.01,75498.64,1776568405000
1776568406.905,206.905,0.93,0.94,0.06,0.07,0.01,0.01,75498.64,1776568405000
1776568407.27,207.27,0.93,0.94,0.06,0.07,0.01,0.01,75498.64,1776568406000
1776568408.298,208.298,0.93,0.94,0.06,0.07,0.01,0.01,75498.65,1776568407000
1776568409.15,209.15,0.93,0.94,0.06,0.07,0.01,0.01,75498.65,1776568407000
1776568409.516,209.516,0.93,0.94,0.06,0.07,0.01,0.01,75498.81,1776568408000
1776568409.96,209.96,0.94,0.95,0.05,0.07,0.01,0.02,75498.81,1776568408000
1776568410.347,210.347,0.95,0.96,0.05,0.06,0.01,0.01,75498.81,1776568408000
1776568410.974,210.974,0.95,0.97,0.03,0.05,0.02,0.02,75499.5,1776568410000
1776568411.422,211.422,0.96,0.97,0.03,0.04,0.01,0.01,75499.5,1776568410000
1776568411.847,211.847,0.96,0.97,0.03,0.04,0.01,0.01,75499.5,1776568410000
1776568412.199,212.199,0.96,0.97,0.03,0.04,0.01,0.01,75499.5,1776568410000
1776568412.542,212.542,0.96,0.97,0.03,0.04,0.01,0.01,75503.58,1776568411000
1776568412.888,212.888,0.96,0.97,0.03,0.04,0.01,0.01,75503.58,1776568411000
1776568413.232,213.232,0.96,0.97,0.03,0.04,0.01,0.01,75506.41,1776568412000
1776568413.581,213.581,0.96,0.97,0.03,0.04,0.01,0.01,75506.41,1776568412000
1776568413.943,213.943,0.97,0.98,0.02,0.03,0.01,0.01,75506.41,1776568412000
1776568414.325,214.325,0.97,0.98,0.02,0.03,0.01,0.01,75508.47,1776568413000
1776568414.684,214.684,0.97,0.98,0.02,0.03,0.01,0.01,75508.47,1776568413000
1776568415.052,215.052,0.97,0.98,0.02,0.03,0.01,0.01,75515.68,1776568414000
1776568415.537,215.537,0.97,0.98,0.02,0.03,0.01,0.01,75515.68,1776568414000
1776568415.973,215.973,0.97,0.98,0.02,0.03,0.01,0.01,75519.09,1776568415000
1776568416.316,216.316,0.97,0.98,0.02,0.03,0.01,0.01,75519.09,1776568415000
1776568416.747,216.747,0.97,0.98,0.02,0.03,0.01,0.01,75519.09,1776568415000
1776568417.097,217.097,0.97,0.98,0.02,0.03,0.01,0.01,75519.09,1776568415000
1776568417.472,217.472,0.97,0.98,0.02,0.03,0.01,0.01,75527.67,1776568416000
1776568417.848,217.848,0.97,0.98,0.01,0.03,0.01,0.02,75527.67,1776568416000
1776568418.254,218.254,0.98,0.99,0.01,0.02,0.01,0.01,75527.67,1776568416000
1776568418.749,218.749,0.98,0.99,0.01,0.02,0.01,0.01,75535.0,1776568417000
1776568419.146,219.146,0.98,0.99,0.01,0.02,0.01,0.01,75535.0,1776568417000
1776568419.548,219.548,0.98,0.99,0.01,0.02,0.01,0.01,75536.36,1776568418000
1776568419.965,219.965,0.98,0.99,0.01,0.02,0.01,0.01,75536.36,1776568418000
1776568420.396,220.396,0.98,0.99,0.01,0.02,0.01,0.01,75538.14,1776568419000
1776568420.78,220.78,0.98,0.99,0.01,0.02,0.01,0.01,75538.14,1776568419000
1776568421.164,221.164,0.98,0.99,0.01,0.02,0.01,0.01,75538.14,1776568419000
1776568421.57,221.57,0.98,0.99,0.01,0.02,0.01,0.01,75538.68,1776568420000
1776568422.1,222.1,0.98,0.99,0.01,0.02,0.01,0.01,75538.68,1776568420000
1776568422.436,222.436,0.98,0.99,0.01,0.02,0.01,0.01,75538.68,1776568420000
1776568422.858,222.858,0.98,0.99,0.01,0.02,0.01,0.01,75538.25,1776568421000
1776568423.22,223.22,0.98,0.99,0.01,0.02,0.01,0.01,75538.25,1776568421000
1776568423.572,223.572,0.98,0.99,0.01,0.02,0.01,0.01,75537.85,1776568422000
1776568423.952,223.952,0.98,0.99,0.01,0.02,0.01,0.01,75537.85,1776568422000
1776568424.33,224.33,0.98,0.99,0.01,0.02,0.01,0.01,75538.61,1776568423000
1776568425.243,225.243,0.98,0.99,0.01,0.02,0.01,0.01,75538.63,1776568424000
1776568425.678,225.678,0.98,0.99,0.01,0.02,0.01,0.01,75538.63,1776568424000
1776568426.222,226.222,0.98,0.99,0.01,0.02,0.01,0.01,75538.63,1776568424000
1776568426.633,226.633,0.98,0.99,0.01,0.02,0.01,0.01,75534.63,1776568425000
1776568427.131,227.131,0.98,0.99,0.01,0.02,0.01,0.01,75534.63,1776568425000
1776568428.102,228.102,0.98,0.99,0.01,0.02,0.01,0.01,75534.32,1776568426000
1776568428.794,228.794,0.98,0.99,0.01,0.02,0.01,0.01,75532.08,1776568427000
1776568429.332,229.332,0.98,0.99,0.01,0.02,0.01,0.01,75532.08,1776568427000
1776568429.761,229.761,0.98,0.99,0.01,0.02,0.01,0.01,75528.74,1776568428000
1776568430.12,230.12,0.98,0.99,0.01,0.02,0.01,0.01,75528.74,1776568429000
1776568430.453,230.453,0.98,0.99,0.01,0.02,0.01,0.01,75528.74,1776568429000
1776568430.922,230.922,0.98,0.99,0.01,0.02,0.01,0.01,75528.74,1776568429000
1776568431.284,231.284,0.98,0.99,0.01,0.02,0.01,0.01,75529.88,1776568430000
1776568431.903,231.903,0.98,0.99,0.01,0.02,0.01,0.01,75529.88,1776568430000
1776568432.259,232.259,0.98,0.99,0.01,0.02,0.01,0.01,75546.59,1776568431000
1776568432.641,232.641,0.98,0.99,0.01,0.02,0.01,0.01,75546.59,1776568431000
1776568433.018,233.018,0.98,0.99,0.01,0.02,0.01,0.01,75550.96,1776568432000
1776568433.435,233.435,0.98,0.99,0.01,0.02,0.01,0.01,75550.96,1776568432000
1776568434.079,234.079,0.98,0.99,0.01,0.02,0.01,0.01,75556.64,1776568433000
1776568434.51,234.51,0.98,0.99,0.01,0.02,0.01,0.01,75556.64,1776568433000
1776568435.074,235.074,0.98,0.99,0.01,0.02,0.01,0.01,75556.64,1776568433000
1776568435.428,235.428,0.98,0.99,0.01,0.02,0.01,0.01,75555.73,1776568434000
1776568436.05,236.05,0.98,0.99,0.01,0.02,0.01,0.01,75555.43,1776568435000
1776568436.426,236.426,0.98,0.99,0.01,0.02,0.01,0.01,75555.43,1776568435000
1776568437.126,237.126,0.98,0.99,0.01,0.02,0.01,0.01,75555.4,1776568436000
1776568437.49,237.49,0.98,0.99,0.01,0.02,0.01,0.01,75555.4,1776568436000
1776568437.905,237.905,0.98,0.99,0.01,0.02,0.01,0.01,75555.4,1776568436000
1776568438.29,238.29,0.98,0.99,0.01,0.02,0.01,0.01,75555.4,1776568436000
1776568438.626,238.626,0.98,0.99,0.01,0.02,0.01,0.01,75555.4,1776568436000
1776568439.407,239.407,0.98,0.99,0.01,0.02,0.01,0.01,75555.5,1776568437000
1776568439.999,239.999,0.98,0.99,0.01,0.02,0.01,0.01,75555.62,1776568439000
1776568440.358,240.358,0.98,0.99,0.01,0.02,0.01,0.01,75555.62,1776568439000
1776568440.752,240.752,0.98,0.99,0.01,0.02,0.01,0.01,75555.62,1776568439000
1776568441.254,241.254,0.98,0.99,0.01,0.02,0.01,0.01,75555.7,1776568440000
1776568441.724,241.724,0.98,0.99,0.01,0.02,0.01,0.01,75555.7,1776568440000
1776568442.126,242.126,0.98,0.99,0.01,0.02,0.01,0.01,75555.7,1776568440000
1776568442.511,242.511,0.98,0.99,0.01,0.02,0.01,0.01,75555.83,1776568441000
1776568443.069,243.069,0.98,0.99,0.01,0.02,0.01,0.01,75555.83,1776568441000
1776568444.074,244.074,0.98,0.99,0.01,0.02,0.01,0.01,75555.83,1776568442000
1776568444.999,244.999,0.98,0.99,0.01,0.02,0.01,0.01,75554.0,1776568443000
1776568445.34,245.34,0.98,0.99,0.01,0.02,0.01,0.01,75554.0,1776568443000
1776568445.763,245.763,0.98,0.99,0.01,0.02,0.01,0.01,75553.75,1776568444000
1776568446.349,246.349,0.98,0.99,0.01,0.02,0.01,0.01,75553.51,1776568445000
1776568446.778,246.778,0.98,0.99,0.01,0.02,0.01,0.01,75553.51,1776568445000
1776568447.153,247.153,0.98,0.99,0.01,0.02,0.01,0.01,75552.57,1776568446000
1776568447.675,247.675,0.98,0.99,0.01,0.02,0.01,0.01,75552.57,1776568446000
1776568448.021,248.021,0.98,0.99,0.01,0.02,0.01,0.01,75552.57,1776568446000
1776568448.534,248.534,0.98,0.99,0.01,0.02,0.01,0.01,75550.68,1776568447000
1776568448.876,248.876,0.98,0.99,0.01,0.02,0.01,0.01,75550.68,1776568447000
1776568449.459,249.459,0.99,0.99,0.01,0.02,0.0,0.01,75549.62,1776568448000
1776568450.108,250.108,0.99,0.99,0.01,0.01,0.0,0.0,75549.62,1776568448000
1776568450.995,250.995,0.99,0.99,0.01,0.01,0.0,0.0,75549.62,1776568449000
1776568451.337,251.337,0.99,0.99,0.01,0.01,0.0,0.0,75549.62,1776568449000
1776568451.726,251.726,0.99,0.99,0.01,0.01,0.0,0.0,75550.45,1776568450000
1776568452.235,252.235,0.99,0.99,0.01,0.01,0.0,0.0,75550.45,1776568451000
1776568452.738,252.738,0.99,0.99,0.01,0.01,0.0,0.0,75550.45,1776568451000
1776568453.314,253.314,0.99,0.99,0.01,0.01,0.0,0.0,75550.45,1776568452000
1776568453.997,253.997,0.99,0.99,0.01,0.01,0.0,0.0,75550.45,1776568453000
1776568455.144,255.144,0.99,0.99,0.01,0.01,0.0,0.0,75550.45,1776568454000
1776568457.25,257.25,0.99,0.99,0.01,0.01,0.0,0.0,75549.96,1776568456000
1776568458.769,258.769,0.99,0.99,0.01,0.01,0.0,0.0,75550.08,1776568457000
1776568459.288,259.288,0.99,0.99,0.01,0.01,0.0,0.0,75550.08,1776568457000
1776568460.054,260.054,0.99,0.99,0.01,0.01,0.0,0.0,75550.04,1776568459000
1776568461.56,261.56,0.99,0.99,0.01,0.01,0.0,0.0,75549.76,1776568460000
1776568462.207,262.207,0.99,0.99,0.01,0.01,0.0,0.0,75549.22,1776568461000
1776568463.772,263.772,0.99,0.99,0.01,0.01,0.0,0.0,75542.56,1776568462000
1776568464.383,264.383,0.99,0.99,0.01,0.01,0.0,0.0,75542.56,1776568462000
1776568464.93,264.93,0.99,0.99,0.01,0.01,0.0,0.0,75544.89,1776568463000
1776568465.28,265.28,0.99,0.99,0.01,0.01,0.0,0.0,75547.8,1776568464000
1776568466.812,266.812,0.99,0.99,0.01,0.01,0.0,0.0,75548.3,1776568465000
1776568467.539,267.539,0.99,0.99,0.01,0.01,0.0,0.0,75548.36,1776568466000
1776568468.367,268.367,0.99,0.99,0.01,0.01,0.0,0.0,75548.6,1776568467000
1776568469.124,269.124,0.99,0.99,0.01,0.01,0.0,0.0,75548.6,1776568467000
1776568469.99,269.99,0.99,0.99,0.01,0.01,0.0,0.0,75548.86,1776568468000
1776568470.66,270.66,0.99,0.99,0.01,0.01,0.0,0.0,75548.89,1776568469000
1776568471.376,271.376,0.99,0.99,0.01,0.01,0.0,0.0,75552.12,1776568470000
1776568472.121,272.121,0.99,0.99,0.01,0.01,0.0,0.0,75552.69,1776568471000
1776568473.696,273.696,0.99,0.99,0.01,0.01,0.0,0.0,75552.84,1776568472000
1776568474.999,274.999,0.99,0.99,0.01,0.01,0.0,0.0,75552.88,1776568473000
1776568475.501,275.501,0.99,0.99,0.01,0.01,0.0,0.0,75551.9,1776568474000
1776568476.094,276.094,0.99,0.99,0.01,0.01,0.0,0.0,75553.0,1776568475000
1776568476.802,276.802,0.99,0.99,0.01,0.01,0.0,0.0,75553.0,1776568475000
1776568477.209,277.209,0.99,0.99,0.01,0.01,0.0,0.0,75553.01,1776568476000
1776568478.345,278.345,0.99,0.99,0.01,0.01,0.0,0.0,75556.27,1776568477000
1776568479.091,279.091,0.99,0.99,0.01,0.01,0.0,0.0,75557.55,1776568478000
1776568480.104,280.104,0.99,0.99,0.01,0.01,0.0,0.0,75559.34,1776568479000
1776568480.842,280.842,0.99,0.99,0.01,0.01,0.0,0.0,75559.34,1776568479000
1776568481.244,281.244,0.99,0.99,0.01,0.01,0.0,0.0,75561.83,1776568480000
1776568482.282,282.282,0.99,0.99,0.01,0.01,0.0,0.0,75561.83,1776568480000
1776568482.908,282.908,0.99,0.99,0.01,0.01,0.0,0.0,75564.76,1776568482000
1776568484.033,284.033,0.99,0.99,0.01,0.01,0.0,0.0,75566.83,1776568483000
1776568485.165,285.165,0.99,0.99,0.01,0.01,0.0,0.0,75566.82,1776568484000
1776568486.328,286.328,0.99,0.99,0.01,0.01,0.0,0.0,75566.94,1776568485000
1776568487.398,287.398,0.99,0.99,0.01,0.01,0.0,0.0,75566.96,1776568486000
1776568487.983,287.983,0.99,0.99,0.01,0.01,0.0,0.0,75566.39,1776568487000
1776568488.622,288.622,0.99,0.99,0.01,0.01,0.0,0.0,75566.39,1776568487000
1776568489.623,289.623,0.99,0.99,0.01,0.01,0.0,0.0,75566.5,1776568488000
1776568490.288,290.288,0.99,0.99,0.01,0.01,0.0,0.0,75566.92,1776568489000
1776568491.249,291.249,0.99,0.99,0.01,0.01,0.0,0.0,75567.49,1776568490000
1776568492.314,292.314,0.99,0.99,0.01,0.01,0.0,0.0,75566.7,1776568491000
1776568493.36,293.36,0.99,0.99,0.01,0.01,0.0,0.0,75568.4,1776568492000
1776568494.287,294.287,0.99,0.99,0.01,0.01,0.0,0.0,75568.86,1776568493000
1776568495.318,295.318,0.99,0.99,0.01,0.01,0.0,0.0,75568.77,1776568494000
1776568496.381,296.381,0.99,0.99,0.01,0.01,0.0,0.0,75565.19,1776568495000
1776568497.316,297.316,0.99,0.99,0.01,0.01,0.0,0.0,75565.38,1776568496000
1776568498.318,298.318,0.99,0.99,0.01,0.01,0.0,0.0,75565.35,1776568497000
1776568499.33,299.33,0.99,0.99,0.01,0.01,0.0,0.0,75565.24,1776568498000
1776568500.336,300.336,0.99,0.99,0.01,0.01,0.0,0.0,75565.27,1776568499000

# RESULT,winner=Up,slug=btc-updown-5m-1776568200,ticks=551
