timestamp,elapsed_sec,up_bid,up_ask,down_bid,down_ask,up_spread,down_spread,btc_price,btc_oracle_ts
1776732000.585,0.585,0.49,0.5,0.5,0.51,0.01,0.01,75929.12,1776731999000
1776732000.968,0.968,0.49,0.5,0.5,0.51,0.01,0.01,75929.12,1776731999000
1776732001.714,1.714,0.49,0.5,0.5,0.51,0.01,0.01,75929.1,1776732000000
1776732002.087,2.087,0.49,0.5,0.5,0.51,0.01,0.01,75929.1,1776732000000
1776732002.479,2.479,0.49,0.5,0.5,0.51,0.01,0.01,75929.1,1776732000000
1776732002.819,2.819,0.49,0.5,0.5,0.51,0.01,0.01,75929.1,1776732000000
1776732003.281,3.281,0.5,0.51,0.49,0.5,0.01,0.01,75926.47,1776732001000
1776732003.626,3.626,0.5,0.51,0.49,0.5,0.01,0.01,75929.09,1776732002000
1776732004.207,4.207,0.51,0.52,0.48,0.5,0.01,0.02,75929.09,1776732002000
1776732004.544,4.544,0.51,0.52,0.48,0.49,0.01,0.01,75930.42,1776732003000
1776732005.023,5.023,0.51,0.52,0.48,0.49,0.01,0.01,75930.42,1776732003000
1776732005.53,5.53,0.51,0.52,0.48,0.49,0.01,0.01,75930.42,1776732003000
1776732005.873,5.873,0.51,0.52,0.48,0.49,0.01,0.01,75935.25,1776732004000
1776732006.47,6.47,0.51,0.52,0.48,0.49,0.01,0.01,75935.39,1776732005000
1776732006.81,6.81,0.51,0.52,0.48,0.49,0.01,0.01,75935.39,1776732005000
1776732007.193,7.193,0.51,0.52,0.48,0.49,0.01,0.01,75935.39,1776732005000
1776732007.655,7.655,0.54,0.55,0.45,0.49,0.01,0.04,75936.34,1776732006000
1776732008.06,8.06,0.59,0.6,0.4,0.41,0.01,0.01,75936.34,1776732006000
1776732008.455,8.455,0.59,0.64,0.37,0.41,0.05,0.04,75936.34,1776732006000
1776732008.86,8.86,0.64,0.67,0.34,0.38,0.03,0.04,75938.72,1776732007000
1776732009.203,9.203,0.65,0.66,0.34,0.35,0.01,0.01,75950.72,1776732008000
1776732009.578,9.578,0.64,0.65,0.35,0.36,0.01,0.01,75950.72,1776732008000
1776732009.915,9.915,0.64,0.65,0.35,0.36,0.01,0.01,75950.72,1776732008000
1776732010.264,10.264,0.64,0.65,0.35,0.36,0.01,0.01,75950.72,1776732008000
1776732010.639,10.639,0.64,0.65,0.35,0.36,0.01,0.01,75957.15,1776732009000
1776732010.984,10.984,0.64,0.65,0.35,0.36,0.01,0.01,75957.15,1776732009000
1776732011.327,11.327,0.64,0.65,0.35,0.36,0.01,0.01,75954.2,1776732010000
1776732012.042,12.042,0.64,0.65,0.35,0.36,0.01,0.01,75954.2,1776732010000
1776732012.544,12.544,0.64,0.65,0.35,0.36,0.01,0.01,75954.2,1776732010000
1776732013.031,13.031,0.64,0.65,0.35,0.36,0.01,0.01,75954.2,1776732010000
1776732013.486,13.486,0.64,0.65,0.35,0.36,0.01,0.01,75952.8,1776732012000
1776732014.272,14.272,0.63,0.65,0.35,0.36,0.02,0.01,75952.8,1776732012000
1776732014.616,14.616,0.63,0.65,0.35,0.37,0.02,0.02,75952.1,1776732013000
1776732015.185,15.185,0.63,0.65,0.35,0.37,0.02,0.02,75952.1,1776732013000
1776732015.592,15.592,0.63,0.64,0.35,0.37,0.01,0.02,75953.13,1776732014000
1776732016.044,16.044,0.63,0.64,0.36,0.37,0.01,0.01,75953.13,1776732014000
1776732016.438,16.438,0.63,0.64,0.36,0.37,0.01,0.01,75953.13,1776732014000
1776732017.044,17.044,0.62,0.63,0.37,0.38,0.01,0.01,75952.78,1776732015000
1776732017.498,17.498,0.6,0.61,0.39,0.4,0.01,0.01,75952.78,1776732016000
1776732017.895,17.895,0.6,0.61,0.39,0.4,0.01,0.01,75952.78,1776732016000
1776732018.35,18.35,0.6,0.61,0.39,0.4,0.01,0.01,75954.31,1776732017000
1776732018.72,18.72,0.6,0.61,0.39,0.4,0.01,0.01,75954.31,1776732017000
1776732019.078,19.078,0.6,0.61,0.39,0.4,0.01,0.01,75954.31,1776732017000
1776732019.431,19.431,0.6,0.61,0.39,0.4,0.01,0.01,75954.2,1776732018000
1776732019.791,19.791,0.6,0.61,0.39,0.4,0.01,0.01,75954.2,1776732018000
1776732020.5,20.5,0.6,0.61,0.39,0.4,0.01,0.01,75954.2,1776732018000
1776732021.166,21.166,0.6,0.61,0.39,0.4,0.01,0.01,75954.42,1776732020000
1776732022.348,22.348,0.6,0.61,0.39,0.4,0.01,0.01,75954.42,1776732020000
1776732022.948,22.948,0.6,0.61,0.39,0.4,0.01,0.01,75954.61,1776732022000
1776732023.289,23.289,0.57,0.58,0.39,0.41,0.01,0.02,75954.61,1776732022000
1776732023.791,23.791,0.55,0.56,0.44,0.45,0.01,0.01,75954.61,1776732022000
1776732024.174,24.174,0.55,0.56,0.44,0.45,0.01,0.01,75954.61,1776732022000
1776732024.519,24.519,0.55,0.56,0.44,0.45,0.01,0.01,75954.61,1776732023000
1776732024.876,24.876,0.55,0.56,0.44,0.45,0.01,0.01,75954.61,1776732023000
1776732025.239,25.239,0.55,0.56,0.44,0.45,0.01,0.01,75945.9,1776732024000
1776732025.611,25.611,0.55,0.56,0.44,0.45,0.01,0.01,75945.9,1776732024000
1776732026.368,26.368,0.55,0.56,0.44,0.45,0.01,0.01,75945.9,1776732024000
1776732027.089,27.089,0.55,0.56,0.44,0.45,0.01,0.01,75947.0,1776732026000
1776732027.512,27.512,0.55,0.56,0.44,0.45,0.01,0.01,75947.0,1776732026000
1776732028.234,28.234,0.55,0.56,0.44,0.45,0.01,0.01,75947.0,1776732026000
1776732028.888,28.888,0.55,0.56,0.44,0.45,0.01,0.01,75945.43,1776732027000
1776732029.361,29.361,0.55,0.56,0.44,0.45,0.01,0.01,75945.43,1776732028000
1776732029.719,29.719,0.55,0.56,0.44,0.45,0.01,0.01,75945.43,1776732028000
1776732030.178,30.178,0.55,0.56,0.44,0.45,0.01,0.01,75944.84,1776732029000
1776732030.683,30.683,0.55,0.56,0.44,0.45,0.01,0.01,75944.84,1776732029000
1776732031.168,31.168,0.55,0.56,0.44,0.45,0.01,0.01,75946.19,1776732030000
1776732031.507,31.507,0.61,0.63,0.37,0.42,0.02,0.05,75946.19,1776732030000
1776732031.88,31.88,0.62,0.66,0.33,0.38,0.04,0.05,75946.19,1776732030000
1776732032.238,32.238,0.65,0.67,0.33,0.35,0.02,0.02,75946.19,1776732030000
1776732032.636,32.636,0.66,0.67,0.33,0.34,0.01,0.01,75947.79,1776732031000
1776732032.995,32.995,0.66,0.67,0.33,0.34,0.01,0.01,75947.79,1776732031000
1776732033.44,33.44,0.67,0.68,0.32,0.33,0.01,0.01,75950.22,1776732032000
1776732033.842,33.842,0.67,0.68,0.32,0.33,0.01,0.01,75950.22,1776732032000
1776732034.21,34.21,0.67,0.68,0.32,0.33,0.01,0.01,75952.12,1776732033000
1776732034.886,34.886,0.67,0.68,0.32,0.33,0.01,0.01,75952.12,1776732033000
1776732035.654,35.654,0.67,0.68,0.32,0.33,0.01,0.01,75959.56,1776732034000
1776732036.045,36.045,0.65,0.66,0.32,0.35,0.01,0.03,75959.56,1776732034000
1776732036.459,36.459,0.65,0.66,0.34,0.35,0.01,0.01,75958.7,1776732035000
1776732036.974,36.974,0.65,0.66,0.34,0.35,0.01,0.01,75958.7,1776732035000
1776732037.45,37.45,0.65,0.66,0.34,0.35,0.01,0.01,75959.02,1776732036000
1776732037.791,37.791,0.65,0.66,0.34,0.35,0.01,0.01,75959.02,1776732036000
1776732038.142,38.142,0.65,0.66,0.34,0.35,0.01,0.01,75958.59,1776732037000
1776732038.555,38.555,0.64,0.65,0.35,0.36,0.01,0.01,75958.59,1776732037000
1776732038.996,38.996,0.64,0.65,0.35,0.36,0.01,0.01,75956.92,1776732038000
1776732039.373,39.373,0.64,0.65,0.35,0.36,0.01,0.01,75956.92,1776732038000
1776732039.729,39.729,0.64,0.65,0.35,0.36,0.01,0.01,75956.92,1776732038000
1776732040.081,40.081,0.62,0.65,0.35,0.36,0.03,0.01,75956.92,1776732038000
1776732040.469,40.469,0.62,0.63,0.37,0.38,0.01,0.01,75956.85,1776732039000
1776732041.37,41.37,0.62,0.63,0.37,0.38,0.01,0.01,75957.4,1776732040000
1776732041.817,41.817,0.62,0.63,0.37,0.38,0.01,0.01,75957.4,1776732040000
1776732042.346,42.346,0.62,0.63,0.37,0.38,0.01,0.01,75957.52,1776732041000
1776732042.847,42.847,0.62,0.63,0.37,0.38,0.01,0.01,75957.52,1776732041000
1776732043.37,43.37,0.62,0.64,0.36,0.38,0.02,0.02,75957.52,1776732041000
1776732043.748,43.748,0.62,0.65,0.36,0.38,0.03,0.02,75955.94,1776732042000
1776732044.092,44.092,0.63,0.64,0.36,0.37,0.01,0.01,75955.95,1776732043000
1776732044.47,44.47,0.63,0.64,0.36,0.37,0.01,0.01,75955.95,1776732043000
1776732045.098,45.098,0.63,0.64,0.36,0.37,0.01,0.01,75955.95,1776732044000
1776732045.508,45.508,0.63,0.64,0.36,0.37,0.01,0.01,75955.95,1776732044000
1776732046.131,46.131,0.63,0.65,0.35,0.37,0.02,0.02,75955.9,1776732045000
1776732046.641,46.641,0.65,0.66,0.34,0.35,0.01,0.01,75955.9,1776732045000
1776732047.027,47.027,0.65,0.66,0.34,0.35,0.01,0.01,75955.9,1776732045000
1776732047.408,47.408,0.65,0.66,0.34,0.35,0.01,0.01,75955.9,1776732046000
1776732047.801,47.801,0.61,0.63,0.37,0.38,0.02,0.01,75955.9,1776732046000
1776732048.279,48.279,0.6,0.61,0.39,0.4,0.01,0.01,75955.9,1776732046000
1776732048.669,48.669,0.61,0.63,0.37,0.39,0.02,0.02,75957.12,1776732047000
1776732049.344,49.344,0.61,0.62,0.38,0.39,0.01,0.01,75954.9,1776732048000
1776732050.118,50.118,0.61,0.62,0.38,0.39,0.01,0.01,75954.9,1776732048000
1776732050.46,50.46,0.61,0.62,0.38,0.39,0.01,0.01,75955.11,1776732049000
1776732050.817,50.817,0.61,0.62,0.38,0.39,0.01,0.01,75955.11,1776732049000
1776732051.335,51.335,0.62,0.63,0.37,0.39,0.01,0.02,75955.17,1776732050000
1776732051.91,51.91,0.62,0.63,0.37,0.38,0.01,0.01,75953.95,1776732051000
1776732052.848,52.848,0.62,0.63,0.37,0.38,0.01,0.01,75953.95,1776732051000
1776732053.428,53.428,0.62,0.64,0.37,0.38,0.02,0.01,75953.95,1776732052000
1776732053.863,53.863,0.62,0.64,0.36,0.38,0.02,0.02,75953.8,1776732053000
1776732054.243,54.243,0.63,0.64,0.36,0.38,0.01,0.02,75953.8,1776732053000
1776732055.018,55.018,0.66,0.67,0.33,0.34,0.01,0.01,75953.8,1776732053000
1776732055.449,55.449,0.66,0.67,0.33,0.34,0.01,0.01,75953.79,1776732054000
1776732055.832,55.832,0.66,0.67,0.33,0.34,0.01,0.01,75953.79,1776732054000
1776732056.198,56.198,0.66,0.69,0.32,0.34,0.03,0.02,75953.79,1776732054000
1776732056.63,56.63,0.66,0.69,0.31,0.34,0.03,0.03,75953.79,1776732054000
1776732056.995,56.995,0.66,0.69,0.31,0.34,0.03,0.03,75960.82,1776732055000
1776732057.347,57.347,0.66,0.69,0.31,0.34,0.03,0.03,75960.82,1776732055000
1776732057.806,57.806,0.66,0.7,0.3,0.34,0.04,0.04,75966.83,1776732056000
1776732058.154,58.154,0.69,0.71,0.29,0.31,0.02,0.02,75965.33,1776732057000
1776732058.499,58.499,0.69,0.74,0.26,0.31,0.05,0.05,75965.33,1776732057000
1776732058.873,58.873,0.71,0.73,0.26,0.31,0.02,0.05,75965.33,1776732057000
1776732059.475,59.475,0.72,0.75,0.25,0.29,0.03,0.04,75958.43,1776732058000
1776732059.898,59.898,0.71,0.74,0.25,0.29,0.03,0.04,75958.43,1776732058000
1776732060.249,60.249,0.71,0.74,0.26,0.29,0.03,0.03,75958.43,1776732058000
1776732060.628,60.628,0.68,0.71,0.29,0.32,0.03,0.03,75959.08,1776732059000
1776732060.961,60.961,0.69,0.7,0.3,0.31,0.01,0.01,75959.08,1776732059000
1776732061.336,61.336,0.7,0.71,0.29,0.3,0.01,0.01,75958.39,1776732060000
1776732061.71,61.71,0.69,0.7,0.3,0.31,0.01,0.01,75958.39,1776732060000
1776732062.073,62.073,0.69,0.7,0.3,0.32,0.01,0.02,75958.39,1776732060000
1776732062.437,62.437,0.68,0.7,0.3,0.32,0.02,0.02,75958.39,1776732060000
1776732063.129,63.129,0.69,0.7,0.31,0.32,0.01,0.01,75957.86,1776732061000
1776732063.62,63.62,0.73,0.74,0.26,0.28,0.01,0.02,75958.83,1776732062000
1776732063.978,63.978,0.73,0.74,0.26,0.27,0.01,0.01,75958.83,1776732062000
1776732064.405,64.405,0.73,0.74,0.26,0.27,0.01,0.01,75959.71,1776732063000
1776732064.873,64.873,0.74,0.75,0.25,0.27,0.01,0.02,75959.71,1776732063000
1776732065.248,65.248,0.74,0.75,0.25,0.26,0.01,0.01,75962.58,1776732064000
1776732065.692,65.692,0.74,0.75,0.25,0.26,0.01,0.01,75962.58,1776732064000
1776732066.259,66.259,0.75,0.76,0.24,0.25,0.01,0.01,75964.42,1776732065000
1776732066.657,66.657,0.72,0.76,0.24,0.25,0.04,0.01,75964.42,1776732065000
1776732067.076,67.076,0.69,0.7,0.3,0.32,0.01,0.02,75964.42,1776732065000
1776732067.457,67.457,0.67,0.68,0.32,0.33,0.01,0.01,75965.52,1776732066000
1776732067.85,67.85,0.67,0.68,0.32,0.33,0.01,0.01,75965.52,1776732066000
1776732068.345,68.345,0.67,0.68,0.32,0.33,0.01,0.01,75965.52,1776732066000
1776732068.779,68.779,0.67,0.68,0.32,0.33,0.01,0.01,75961.55,1776732067000
1776732069.581,69.581,0.66,0.68,0.32,0.33,0.02,0.01,75959.05,1776732068000
1776732069.923,69.923,0.66,0.67,0.33,0.34,0.01,0.01,75959.05,1776732068000
1776732070.39,70.39,0.66,0.67,0.33,0.34,0.01,0.01,75959.05,1776732069000
1776732070.82,70.82,0.66,0.67,0.33,0.34,0.01,0.01,75959.05,1776732069000
1776732071.207,71.207,0.66,0.67,0.33,0.34,0.01,0.01,75959.05,1776732069000
1776732071.622,71.622,0.66,0.67,0.33,0.34,0.01,0.01,75957.01,1776732070000
1776732072.231,72.231,0.65,0.67,0.33,0.36,0.02,0.03,75957.01,1776732070000
1776732072.641,72.641,0.63,0.65,0.35,0.37,0.02,0.02,75957.01,1776732070000
1776732072.977,72.977,0.64,0.65,0.35,0.36,0.01,0.01,75957.01,1776732070000
1776732073.367,73.367,0.64,0.65,0.35,0.36,0.01,0.01,75956.52,1776732071000
1776732074.248,74.248,0.64,0.65,0.35,0.36,0.01,0.01,75955.13,1776732072000
1776732074.622,74.622,0.64,0.65,0.35,0.36,0.01,0.01,75955.13,1776732072000
1776732075.019,75.019,0.64,0.65,0.35,0.36,0.01,0.01,75955.29,1776732073000
1776732075.453,75.453,0.64,0.65,0.35,0.36,0.01,0.01,75955.29,1776732073000
1776732076.019,76.019,0.64,0.65,0.35,0.36,0.01,0.01,75954.99,1776732074000
1776732076.358,76.358,0.64,0.65,0.35,0.36,0.01,0.01,75954.92,1776732075000
1776732076.695,76.695,0.65,0.67,0.34,0.35,0.02,0.01,75954.92,1776732075000
1776732077.061,77.061,0.66,0.67,0.33,0.34,0.01,0.01,75954.92,1776732075000
1776732077.456,77.456,0.66,0.67,0.33,0.34,0.01,0.01,75958.14,1776732076000
1776732077.889,77.889,0.66,0.67,0.33,0.34,0.01,0.01,75958.14,1776732076000
1776732078.33,78.33,0.66,0.67,0.33,0.34,0.01,0.01,75958.15,1776732077000
1776732078.695,78.695,0.66,0.67,0.33,0.34,0.01,0.01,75958.15,1776732077000
1776732079.051,79.051,0.67,0.68,0.33,0.34,0.01,0.01,75958.15,1776732077000
1776732079.457,79.457,0.67,0.68,0.32,0.33,0.01,0.01,75959.15,1776732078000
1776732080.316,80.316,0.67,0.68,0.32,0.33,0.01,0.01,75959.29,1776732079000
1776732081.782,81.782,0.67,0.68,0.32,0.33,0.01,0.01,75959.27,1776732080000
1776732082.14,82.14,0.67,0.68,0.32,0.33,0.01,0.01,75959.27,1776732080000
1776732082.478,82.478,0.67,0.68,0.32,0.33,0.01,0.01,75959.27,1776732081000
1776732083.156,83.156,0.67,0.68,0.32,0.33,0.01,0.01,75959.17,1776732082000
1776732083.675,83.675,0.67,0.68,0.32,0.33,0.01,0.01,75959.17,1776732082000
1776732084.125,84.125,0.67,0.68,0.32,0.33,0.01,0.01,75959.17,1776732082000
1776732085.034,85.034,0.67,0.68,0.32,0.33,0.01,0.01,75958.95,1776732083000
1776732085.5,85.5,0.67,0.68,0.32,0.33,0.01,0.01,75958.95,1776732084000
1776732086.043,86.043,0.67,0.68,0.32,0.33,0.01,0.01,75958.95,1776732084000
1776732086.476,86.476,0.67,0.69,0.31,0.33,0.02,0.02,75958.92,1776732085000
1776732087.057,87.057,0.68,0.69,0.31,0.32,0.01,0.01,75958.92,1776732085000
1776732087.473,87.473,0.68,0.69,0.31,0.32,0.01,0.01,75958.92,1776732086000
1776732087.831,87.831,0.68,0.69,0.31,0.32,0.01,0.01,75958.92,1776732086000
1776732088.382,88.382,0.68,0.7,0.31,0.32,0.02,0.01,75958.92,1776732086000
1776732088.955,88.955,0.69,0.7,0.3,0.31,0.01,0.01,75958.97,1776732087000
1776732089.334,89.334,0.69,0.7,0.3,0.31,0.01,0.01,75958.97,1776732087000
1776732089.712,89.712,0.69,0.7,0.3,0.31,0.01,0.01,75959.06,1776732088000
1776732090.162,90.162,0.69,0.7,0.3,0.31,0.01,0.01,75959.06,1776732088000
1776732090.506,90.506,0.69,0.7,0.3,0.31,0.01,0.01,75959.46,1776732089000
1776732090.846,90.846,0.69,0.7,0.3,0.31,0.01,0.01,75959.46,1776732089000
1776732091.237,91.237,0.69,0.7,0.3,0.31,0.01,0.01,75959.46,1776732089000
1776732092.318,92.318,0.69,0.7,0.3,0.31,0.01,0.01,75959.5,1776732091000
1776732092.766,92.766,0.69,0.7,0.3,0.31,0.01,0.01,75959.5,1776732091000
1776732093.318,93.318,0.69,0.7,0.3,0.31,0.01,0.01,75959.52,1776732092000
1776732093.847,93.847,0.69,0.7,0.3,0.31,0.01,0.01,75959.52,1776732092000
1776732094.299,94.299,0.69,0.7,0.3,0.31,0.01,0.01,75959.52,1776732092000
1776732094.733,94.733,0.69,0.7,0.3,0.31,0.01,0.01,75959.54,1776732093000
1776732095.16,95.16,0.69,0.7,0.3,0.31,0.01,0.01,75959.54,1776732093000
1776732095.597,95.597,0.63,0.64,0.35,0.37,0.01,0.02,75959.56,1776732094000
1776732096.095,96.095,0.6,0.61,0.39,0.4,0.01,0.01,75959.56,1776732095000
1776732096.55,96.55,0.6,0.61,0.39,0.4,0.01,0.01,75959.56,1776732095000
1776732096.898,96.898,0.59,0.61,0.39,0.4,0.02,0.01,75959.56,1776732095000
1776732097.249,97.249,0.59,0.6,0.4,0.41,0.01,0.01,75957.98,1776732096000
1776732097.588,97.588,0.59,0.6,0.4,0.41,0.01,0.01,75957.98,1776732096000
1776732097.971,97.971,0.59,0.6,0.4,0.41,0.01,0.01,75950.69,1776732097000
1776732098.4,98.4,0.59,0.6,0.4,0.41,0.01,0.01,75950.69,1776732097000
1776732098.752,98.752,0.59,0.6,0.4,0.41,0.01,0.01,75950.69,1776732097000
1776732099.131,99.131,0.59,0.6,0.4,0.41,0.01,0.01,75948.04,1776732098000
1776732099.518,99.518,0.6,0.62,0.38,0.4,0.02,0.02,75948.04,1776732098000
1776732099.859,99.859,0.63,0.64,0.36,0.39,0.01,0.03,75948.04,1776732098000
1776732100.503,100.503,0.64,0.65,0.35,0.37,0.01,0.02,75948.05,1776732099000
1776732100.898,100.898,0.64,0.65,0.35,0.36,0.01,0.01,75947.03,1776732100000
1776732101.381,101.381,0.64,0.65,0.35,0.36,0.01,0.01,75947.03,1776732100000
1776732101.825,101.825,0.64,0.65,0.35,0.36,0.01,0.01,75947.03,1776732100000
1776732102.202,102.202,0.64,0.66,0.35,0.36,0.02,0.01,75951.82,1776732101000
1776732102.866,102.866,0.68,0.7,0.31,0.32,0.02,0.01,75951.82,1776732101000
1776732103.318,103.318,0.68,0.69,0.31,0.32,0.01,0.01,75951.82,1776732101000
1776732103.702,103.702,0.68,0.69,0.31,0.32,0.01,0.01,75954.99,1776732102000
1776732104.092,104.092,0.68,0.69,0.31,0.32,0.01,0.01,75954.99,1776732102000
1776732104.534,104.534,0.68,0.69,0.31,0.32,0.01,0.01,75958.54,1776732103000
1776732105.091,105.091,0.68,0.69,0.31,0.32,0.01,0.01,75958.54,1776732103000
1776732105.663,105.663,0.68,0.69,0.31,0.32,0.01,0.01,75959.13,1776732104000
1776732106.034,106.034,0.68,0.69,0.31,0.32,0.01,0.01,75959.13,1776732104000
1776732106.617,106.617,0.69,0.7,0.31,0.32,0.01,0.01,75959.18,1776732105000
1776732107.202,107.202,0.69,0.7,0.3,0.31,0.01,0.01,75959.03,1776732106000
1776732107.637,107.637,0.67,0.68,0.3,0.31,0.01,0.01,75959.03,1776732106000
1776732107.971,107.971,0.64,0.67,0.33,0.36,0.03,0.03,75959.03,1776732106000
1776732108.325,108.325,0.63,0.64,0.36,0.37,0.01,0.01,75959.32,1776732107000
1776732108.836,108.836,0.63,0.64,0.36,0.37,0.01,0.01,75959.32,1776732107000
1776732109.248,109.248,0.63,0.64,0.36,0.37,0.01,0.01,75958.95,1776732108000
1776732109.601,109.601,0.63,0.64,0.36,0.37,0.01,0.01,75958.95,1776732108000
1776732110.113,110.113,0.63,0.64,0.36,0.37,0.01,0.01,75958.95,1776732108000
1776732110.481,110.481,0.63,0.64,0.36,0.37,0.01,0.01,75957.55,1776732109000
1776732111.067,111.067,0.64,0.65,0.35,0.37,0.01,0.02,75957.55,1776732109000
1776732111.721,111.721,0.65,0.66,0.34,0.35,0.01,0.01,75957.39,1776732110000
1776732112.072,112.072,0.64,0.65,0.35,0.36,0.01,0.01,75957.39,1776732110000
1776732112.919,112.919,0.64,0.65,0.35,0.36,0.01,0.01,75957.7,1776732111000
1776732113.674,113.674,0.64,0.65,0.35,0.36,0.01,0.01,75957.38,1776732112000
1776732114.01,114.01,0.64,0.65,0.35,0.36,0.01,0.01,75957.16,1776732113000
1776732114.577,114.577,0.64,0.65,0.35,0.36,0.01,0.01,75957.16,1776732113000
1776732115.07,115.07,0.64,0.65,0.35,0.36,0.01,0.01,75957.16,1776732113000
1776732115.512,115.512,0.64,0.65,0.35,0.36,0.01,0.01,75957.25,1776732114000
1776732115.991,115.991,0.64,0.65,0.35,0.36,0.01,0.01,75957.25,1776732114000
1776732116.406,116.406,0.64,0.65,0.35,0.36,0.01,0.01,75956.76,1776732115000
1776732117.136,117.136,0.64,0.65,0.35,0.36,0.01,0.01,75956.76,1776732115000
1776732117.498,117.498,0.64,0.65,0.35,0.36,0.01,0.01,75956.9,1776732116000
1776732117.961,117.961,0.64,0.65,0.35,0.36,0.01,0.01,75956.9,1776732116000
1776732118.402,118.402,0.64,0.65,0.35,0.36,0.01,0.01,75956.4,1776732117000
1776732118.994,118.994,0.64,0.65,0.35,0.36,0.01,0.01,75956.4,1776732117000
1776732119.424,119.424,0.64,0.65,0.35,0.36,0.01,0.01,75956.74,1776732118000
1776732120.02,120.02,0.64,0.65,0.35,0.36,0.01,0.01,75956.74,1776732118000
1776732120.358,120.358,0.64,0.65,0.35,0.36,0.01,0.01,75956.74,1776732118000
1776732120.704,120.704,0.61,0.62,0.38,0.39,0.01,0.01,75956.54,1776732119000
1776732121.236,121.236,0.59,0.6,0.4,0.41,0.01,0.01,75956.54,1776732119000
1776732121.629,121.629,0.59,0.6,0.4,0.41,0.01,0.01,75955.82,1776732120000
1776732122.312,122.312,0.58,0.59,0.41,0.42,0.01,0.01,75955.82,1776732120000
1776732123.094,123.094,0.58,0.59,0.41,0.42,0.01,0.01,75951.63,1776732121000
1776732123.589,123.589,0.58,0.59,0.41,0.42,0.01,0.01,75950.18,1776732122000
1776732124.07,124.07,0.58,0.59,0.41,0.42,0.01,0.01,75950.18,1776732122000
1776732124.553,124.553,0.58,0.59,0.41,0.42,0.01,0.01,75949.41,1776732123000
1776732124.978,124.978,0.58,0.59,0.41,0.42,0.01,0.01,75949.41,1776732123000
1776732125.311,125.311,0.59,0.6,0.4,0.41,0.01,0.01,75948.72,1776732124000
1776732125.93,125.93,0.6,0.61,0.39,0.4,0.01,0.01,75948.72,1776732124000
1776732126.366,126.366,0.6,0.61,0.39,0.4,0.01,0.01,75948.33,1776732125000
1776732126.869,126.869,0.61,0.62,0.39,0.4,0.01,0.01,75948.33,1776732125000
1776732127.85,127.85,0.61,0.62,0.38,0.39,0.01,0.01,75948.33,1776732126000
1776732128.24,128.24,0.61,0.62,0.38,0.39,0.01,0.01,75947.35,1776732127000
1776732128.962,128.962,0.61,0.62,0.38,0.39,0.01,0.01,75947.35,1776732127000
1776732129.366,129.366,0.61,0.62,0.38,0.39,0.01,0.01,75948.35,1776732128000
1776732129.762,129.762,0.61,0.62,0.38,0.39,0.01,0.01,75948.35,1776732128000
1776732130.282,130.282,0.61,0.62,0.38,0.39,0.01,0.01,75948.35,1776732129000
1776732131.99,131.99,0.61,0.62,0.38,0.39,0.01,0.01,75947.55,1776732130000
1776732132.397,132.397,0.61,0.62,0.38,0.39,0.01,0.01,75947.55,1776732130000
1776732132.896,132.896,0.61,0.62,0.38,0.39,0.01,0.01,75947.55,1776732130000
1776732133.431,133.431,0.61,0.62,0.38,0.39,0.01,0.01,75948.02,1776732131000
1776732133.802,133.802,0.61,0.62,0.38,0.39,0.01,0.01,75948.02,1776732131000
1776732134.198,134.198,0.61,0.62,0.38,0.39,0.01,0.01,75948.3,1776732133000
1776732134.556,134.556,0.61,0.62,0.38,0.39,0.01,0.01,75948.3,1776732133000
1776732134.903,134.903,0.61,0.62,0.38,0.39,0.01,0.01,75948.3,1776732133000
1776732135.937,135.937,0.61,0.62,0.38,0.39,0.01,0.01,75948.3,1776732133000
1776732137.367,137.367,0.6,0.61,0.38,0.4,0.01,0.02,75941.68,1776732135000
1776732138.077,138.077,0.6,0.61,0.39,0.4,0.01,0.01,75941.95,1776732136000
1776732138.518,138.518,0.6,0.61,0.39,0.4,0.01,0.01,75941.92,1776732137000
1776732139.675,139.675,0.6,0.61,0.39,0.4,0.01,0.01,75942.55,1776732138000
1776732140.063,140.063,0.59,0.6,0.4,0.41,0.01,0.01,75942.55,1776732138000
1776732140.683,140.683,0.59,0.6,0.4,0.41,0.01,0.01,75941.55,1776732139000
1776732141.192,141.192,0.59,0.6,0.4,0.41,0.01,0.01,75942.09,1776732140000
1776732141.886,141.886,0.59,0.6,0.4,0.41,0.01,0.01,75942.09,1776732140000
1776732142.495,142.495,0.59,0.6,0.4,0.41,0.01,0.01,75942.09,1776732140000
1776732142.865,142.865,0.59,0.6,0.4,0.41,0.01,0.01,75944.2,1776732141000
1776732143.487,143.487,0.59,0.6,0.4,0.41,0.01,0.01,75944.2,1776732142000
1776732144.176,144.176,0.59,0.6,0.4,0.41,0.01,0.01,75944.08,1776732143000
1776732144.599,144.599,0.6,0.61,0.38,0.41,0.01,0.03,75944.08,1776732143000
1776732145.023,145.023,0.6,0.61,0.39,0.4,0.01,0.01,75944.08,1776732143000
1776732145.64,145.64,0.6,0.61,0.39,0.4,0.01,0.01,75944.08,1776732143000
1776732146.046,146.046,0.6,0.61,0.39,0.4,0.01,0.01,75944.09,1776732144000
1776732146.463,146.463,0.6,0.61,0.39,0.4,0.01,0.01,75944.09,1776732145000
1776732147.145,147.145,0.6,0.61,0.39,0.4,0.01,0.01,75943.95,1776732146000
1776732147.518,147.518,0.6,0.62,0.38,0.4,0.02,0.02,75943.95,1776732146000
1776732148.323,148.323,0.61,0.63,0.38,0.39,0.02,0.01,75943.95,1776732146000
1776732148.883,148.883,0.62,0.63,0.37,0.38,0.01,0.01,75941.29,1776732147000
1776732149.26,149.26,0.6,0.63,0.37,0.4,0.03,0.03,75941.29,1776732148000
1776732150.332,150.332,0.55,0.61,0.39,0.4,0.06,0.01,75941.29,1776732148000
1776732150.793,150.793,0.55,0.57,0.39,0.45,0.02,0.06,75941.34,1776732149000
1776732151.129,151.129,0.55,0.56,0.44,0.45,0.01,0.01,75941.34,1776732149000
1776732151.58,151.58,0.55,0.56,0.44,0.45,0.01,0.01,75941.36,1776732150000
1776732152.04,152.04,0.55,0.56,0.44,0.45,0.01,0.01,75941.37,1776732151000
1776732152.491,152.491,0.55,0.56,0.44,0.45,0.01,0.01,75941.37,1776732151000
1776732152.893,152.893,0.55,0.58,0.42,0.45,0.03,0.03,75941.37,1776732151000
1776732153.335,153.335,0.61,0.63,0.38,0.4,0.02,0.02,75941.37,1776732152000
1776732153.734,153.734,0.62,0.63,0.37,0.39,0.01,0.02,75941.37,1776732152000
1776732154.657,154.657,0.62,0.63,0.37,0.38,0.01,0.01,75941.38,1776732153000
1776732155.225,155.225,0.62,0.63,0.37,0.38,0.01,0.01,75944.2,1776732154000
1776732155.971,155.971,0.62,0.63,0.37,0.38,0.01,0.01,75944.22,1776732155000
1776732156.611,156.611,0.61,0.62,0.37,0.39,0.01,0.02,75944.22,1776732155000
1776732156.988,156.988,0.61,0.62,0.38,0.39,0.01,0.01,75944.23,1776732156000
1776732157.676,157.676,0.6,0.62,0.38,0.39,0.02,0.01,75944.23,1776732156000
1776732158.036,158.036,0.6,0.61,0.38,0.4,0.01,0.02,75944.25,1776732157000
1776732158.507,158.507,0.6,0.61,0.39,0.4,0.01,0.01,75944.25,1776732157000
1776732159.009,159.009,0.6,0.61,0.39,0.4,0.01,0.01,75944.25,1776732158000
1776732159.367,159.367,0.6,0.61,0.39,0.4,0.01,0.01,75944.25,1776732158000
1776732159.703,159.703,0.6,0.61,0.39,0.4,0.01,0.01,75944.25,1776732158000
1776732160.043,160.043,0.63,0.64,0.35,0.37,0.01,0.02,75944.27,1776732159000
1776732160.424,160.424,0.64,0.65,0.35,0.36,0.01,0.01,75944.27,1776732159000
1776732160.954,160.954,0.64,0.65,0.35,0.36,0.01,0.01,75944.27,1776732159000
1776732161.366,161.366,0.64,0.65,0.35,0.36,0.01,0.01,75945.56,1776732160000
1776732161.873,161.873,0.64,0.66,0.35,0.36,0.02,0.01,75945.56,1776732160000
1776732162.229,162.229,0.64,0.65,0.35,0.36,0.01,0.01,75949.0,1776732161000
1776732162.615,162.615,0.64,0.65,0.35,0.36,0.01,0.01,75949.0,1776732161000
1776732163.402,163.402,0.63,0.65,0.35,0.37,0.02,0.02,75950.88,1776732162000
1776732164.057,164.057,0.62,0.64,0.36,0.37,0.02,0.01,75950.88,1776732162000
1776732164.44,164.44,0.61,0.62,0.38,0.39,0.01,0.01,75951.11,1776732163000
1776732165.236,165.236,0.61,0.62,0.38,0.39,0.01,0.01,75951.2,1776732164000
1776732165.764,165.764,0.61,0.62,0.38,0.39,0.01,0.01,75951.2,1776732164000
1776732166.256,166.256,0.61,0.62,0.38,0.39,0.01,0.01,75951.12,1776732165000
1776732166.756,166.756,0.61,0.62,0.38,0.39,0.01,0.01,75951.12,1776732165000
1776732167.156,167.156,0.61,0.62,0.38,0.39,0.01,0.01,75951.12,1776732165000
1776732167.652,167.652,0.61,0.62,0.38,0.39,0.01,0.01,75951.12,1776732166000
1776732168.068,168.068,0.61,0.62,0.38,0.39,0.01,0.01,75951.27,1776732167000
1776732168.404,168.404,0.61,0.62,0.38,0.39,0.01,0.01,75951.27,1776732167000
1776732168.87,168.87,0.62,0.63,0.37,0.39,0.01,0.02,75951.27,1776732167000
1776732169.288,169.288,0.62,0.63,0.37,0.38,0.01,0.01,75951.41,1776732168000
1776732169.947,169.947,0.63,0.64,0.36,0.37,0.01,0.01,75951.41,1776732168000
1776732170.35,170.35,0.62,0.64,0.36,0.38,0.02,0.02,75951.2,1776732169000
1776732171.033,171.033,0.63,0.64,0.36,0.37,0.01,0.01,75951.2,1776732169000
1776732171.386,171.386,0.64,0.65,0.35,0.36,0.01,0.01,75951.31,1776732170000
1776732171.755,171.755,0.64,0.65,0.35,0.36,0.01,0.01,75951.31,1776732170000
1776732172.089,172.089,0.64,0.65,0.35,0.36,0.01,0.01,75951.31,1776732170000
1776732172.5,172.5,0.62,0.63,0.37,0.38,0.01,0.01,75951.42,1776732171000
1776732172.841,172.841,0.62,0.63,0.37,0.38,0.01,0.01,75951.42,1776732171000
1776732173.444,173.444,0.62,0.63,0.37,0.38,0.01,0.01,75951.42,1776732171000
1776732173.783,173.783,0.61,0.62,0.38,0.39,0.01,0.01,75951.45,1776732172000
1776732174.134,174.134,0.6,0.61,0.39,0.4,0.01,0.01,75951.43,1776732173000
1776732174.53,174.53,0.59,0.61,0.39,0.4,0.02,0.01,75951.43,1776732173000
1776732174.894,174.894,0.59,0.6,0.4,0.41,0.01,0.01,75951.43,1776732173000
1776732175.403,175.403,0.59,0.6,0.4,0.41,0.01,0.01,75951.38,1776732174000
1776732175.84,175.84,0.59,0.6,0.4,0.41,0.01,0.01,75951.38,1776732174000
1776732176.187,176.187,0.59,0.6,0.4,0.41,0.01,0.01,75951.16,1776732175000
1776732176.591,176.591,0.59,0.6,0.4,0.41,0.01,0.01,75951.16,1776732175000
1776732176.946,176.946,0.59,0.6,0.4,0.41,0.01,0.01,75951.16,1776732175000
1776732177.331,177.331,0.59,0.6,0.4,0.41,0.01,0.01,75950.34,1776732176000
1776732177.794,177.794,0.59,0.6,0.4,0.41,0.01,0.01,75950.34,1776732176000
1776732178.385,178.385,0.59,0.6,0.4,0.41,0.01,0.01,75950.34,1776732176000
1776732178.72,178.72,0.59,0.6,0.4,0.41,0.01,0.01,75950.34,1776732176000
1776732179.118,179.118,0.59,0.6,0.4,0.41,0.01,0.01,75950.34,1776732176000
1776732179.677,179.677,0.59,0.6,0.4,0.41,0.01,0.01,75945.65,1776732178000
1776732180.02,180.02,0.59,0.6,0.4,0.41,0.01,0.01,75945.65,1776732178000
1776732180.381,180.381,0.59,0.6,0.4,0.41,0.01,0.01,75945.65,1776732178000
1776732180.864,180.864,0.6,0.62,0.38,0.41,0.02,0.03,75945.39,1776732179000
1776732181.272,181.272,0.6,0.62,0.38,0.4,0.02,0.02,75945.39,1776732179000
1776732181.746,181.746,0.61,0.62,0.38,0.39,0.01,0.01,75944.82,1776732180000
1776732182.135,182.135,0.61,0.62,0.38,0.39,0.01,0.01,75944.82,1776732180000
1776732182.474,182.474,0.61,0.62,0.38,0.39,0.01,0.01,75944.42,1776732181000
1776732182.872,182.872,0.56,0.58,0.42,0.43,0.02,0.01,75944.42,1776732181000
1776732183.356,183.356,0.52,0.55,0.45,0.48,0.03,0.03,75944.42,1776732181000
1776732183.71,183.71,0.52,0.53,0.47,0.48,0.01,0.01,75944.38,1776732182000
1776732184.06,184.06,0.52,0.53,0.47,0.48,0.01,0.01,75944.38,1776732182000
1776732184.499,184.499,0.47,0.5,0.5,0.53,0.03,0.03,75944.38,1776732182000
1776732184.862,184.862,0.41,0.46,0.58,0.59,0.05,0.01,75944.38,1776732183000
1776732185.216,185.216,0.41,0.42,0.58,0.59,0.01,0.01,75944.38,1776732183000
1776732185.574,185.574,0.41,0.43,0.58,0.59,0.02,0.01,75944.38,1776732183000
1776732185.926,185.926,0.41,0.43,0.57,0.59,0.02,0.02,75933.41,1776732184000
1776732186.261,186.261,0.41,0.42,0.58,0.59,0.01,0.01,75933.41,1776732184000
1776732186.643,186.643,0.42,0.43,0.57,0.58,0.01,0.01,75930.31,1776732185000
1776732186.979,186.979,0.38,0.4,0.6,0.62,0.02,0.02,75930.31,1776732185000
1776732187.322,187.322,0.38,0.39,0.61,0.62,0.01,0.01,75930.31,1776732185000
1776732187.678,187.678,0.38,0.39,0.61,0.62,0.01,0.01,75930.31,1776732185000
1776732188.057,188.057,0.39,0.4,0.6,0.61,0.01,0.01,75925.78,1776732186000
1776732188.393,188.393,0.41,0.42,0.58,0.59,0.01,0.01,75925.78,1776732186000
1776732188.748,188.748,0.41,0.42,0.58,0.59,0.01,0.01,75923.83,1776732187000
1776732189.089,189.089,0.41,0.42,0.58,0.59,0.01,0.01,75923.83,1776732187000
1776732189.424,189.424,0.41,0.42,0.58,0.59,0.01,0.01,75919.94,1776732188000
1776732189.883,189.883,0.42,0.43,0.57,0.59,0.01,0.02,75919.94,1776732188000
1776732190.233,190.233,0.42,0.43,0.57,0.58,0.01,0.01,75919.94,1776732188000
1776732190.574,190.574,0.43,0.44,0.56,0.57,0.01,0.01,75919.28,1776732189000
1776732190.939,190.939,0.43,0.44,0.56,0.57,0.01,0.01,75919.28,1776732189000
1776732191.341,191.341,0.44,0.45,0.55,0.57,0.01,0.02,75919.28,1776732189000
1776732191.768,191.768,0.44,0.45,0.55,0.56,0.01,0.01,75919.28,1776732189000
1776732192.275,192.275,0.44,0.45,0.55,0.56,0.01,0.01,75918.74,1776732190000
1776732192.867,192.867,0.44,0.45,0.55,0.56,0.01,0.01,75922.35,1776732191000
1776732193.204,193.204,0.44,0.45,0.55,0.56,0.01,0.01,75919.03,1776732192000
1776732193.598,193.598,0.44,0.45,0.55,0.56,0.01,0.01,75919.03,1776732192000
1776732194.073,194.073,0.44,0.45,0.55,0.56,0.01,0.01,75919.03,1776732192000
1776732194.436,194.436,0.44,0.45,0.55,0.56,0.01,0.01,75922.38,1776732193000
1776732194.821,194.821,0.44,0.45,0.55,0.56,0.01,0.01,75922.38,1776732193000
1776732195.21,195.21,0.44,0.45,0.55,0.56,0.01,0.01,75922.46,1776732194000
1776732195.783,195.783,0.45,0.46,0.54,0.56,0.01,0.02,75922.46,1776732194000
1776732196.196,196.196,0.45,0.46,0.54,0.55,0.01,0.01,75922.46,1776732194000
1776732196.564,196.564,0.45,0.46,0.54,0.55,0.01,0.01,75922.46,1776732194000
1776732197.024,197.024,0.45,0.47,0.53,0.55,0.02,0.02,75918.81,1776732196000
1776732197.407,197.407,0.46,0.47,0.53,0.54,0.01,0.01,75918.81,1776732196000
1776732197.747,197.747,0.46,0.5,0.53,0.54,0.04,0.01,75918.81,1776732196000
1776732198.163,198.163,0.51,0.52,0.48,0.49,0.01,0.01,75918.81,1776732196000
1776732198.585,198.585,0.51,0.52,0.48,0.49,0.01,0.01,75923.98,1776732197000
1776732199.094,199.094,0.51,0.52,0.48,0.49,0.01,0.01,75923.98,1776732197000
1776732199.552,199.552,0.51,0.52,0.48,0.49,0.01,0.01,75925.47,1776732198000
1776732199.913,199.913,0.51,0.52,0.48,0.49,0.01,0.01,75925.47,1776732198000
1776732200.272,200.272,0.51,0.52,0.48,0.49,0.01,0.01,75927.35,1776732199000
1776732200.633,200.633,0.51,0.52,0.48,0.49,0.01,0.01,75927.35,1776732199000
1776732201.217,201.217,0.51,0.52,0.48,0.49,0.01,0.01,75927.35,1776732199000
1776732201.703,201.703,0.51,0.52,0.48,0.51,0.01,0.03,75927.36,1776732200000
1776732202.275,202.275,0.5,0.51,0.48,0.52,0.01,0.04,75927.36,1776732200000
1776732202.962,202.962,0.5,0.51,0.49,0.51,0.01,0.02,75927.37,1776732201000
1776732203.461,203.461,0.49,0.5,0.49,0.51,0.01,0.02,75927.37,1776732201000
1776732203.815,203.815,0.49,0.5,0.5,0.51,0.01,0.01,75927.37,1776732201000
1776732204.198,204.198,0.49,0.5,0.5,0.51,0.01,0.01,75927.37,1776732203000
1776732205.106,205.106,0.49,0.5,0.5,0.51,0.01,0.01,75927.37,1776732203000
1776732205.475,205.475,0.49,0.5,0.5,0.51,0.01,0.01,75926.89,1776732204000
1776732205.924,205.924,0.49,0.5,0.5,0.51,0.01,0.01,75926.89,1776732204000
1776732206.286,206.286,0.49,0.5,0.5,0.51,0.01,0.01,75927.37,1776732205000
1776732206.697,206.697,0.49,0.5,0.5,0.51,0.01,0.01,75927.37,1776732205000
1776732207.169,207.169,0.49,0.5,0.5,0.51,0.01,0.01,75927.37,1776732205000
1776732207.528,207.528,0.48,0.5,0.5,0.52,0.02,0.02,75927.58,1776732206000
1776732208.611,208.611,0.48,0.49,0.5,0.52,0.01,0.02,75928.0,1776732207000
1776732208.957,208.957,0.48,0.49,0.51,0.52,0.01,0.01,75928.0,1776732207000
1776732209.519,209.519,0.48,0.49,0.51,0.52,0.01,0.01,75927.72,1776732208000
1776732210.156,210.156,0.47,0.48,0.52,0.54,0.01,0.02,75927.72,1776732208000
1776732210.623,210.623,0.46,0.47,0.53,0.54,0.01,0.01,75927.42,1776732209000
1776732210.982,210.982,0.46,0.47,0.53,0.54,0.01,0.01,75927.42,1776732209000
1776732211.324,211.324,0.46,0.47,0.53,0.54,0.01,0.01,75927.42,1776732210000
1776732211.753,211.753,0.46,0.47,0.53,0.54,0.01,0.01,75927.42,1776732210000
1776732212.576,212.576,0.46,0.47,0.53,0.54,0.01,0.01,75927.43,1776732211000
1776732212.928,212.928,0.48,0.52,0.51,0.52,0.04,0.01,75927.43,1776732211000
1776732213.662,213.662,0.54,0.55,0.43,0.46,0.01,0.03,75927.53,1776732212000
1776732214.047,214.047,0.54,0.55,0.45,0.46,0.01,0.01,75927.53,1776732212000
1776732214.38,214.38,0.54,0.55,0.45,0.46,0.01,0.01,75927.46,1776732213000
1776732215.119,215.119,0.54,0.55,0.45,0.46,0.01,0.01,75929.41,1776732214000
1776732215.527,215.527,0.54,0.55,0.45,0.46,0.01,0.01,75929.41,1776732214000
1776732215.944,215.944,0.54,0.55,0.45,0.46,0.01,0.01,75929.41,1776732214000
1776732216.295,216.295,0.54,0.55,0.45,0.46,0.01,0.01,75930.92,1776732215000
1776732216.748,216.748,0.54,0.55,0.45,0.46,0.01,0.01,75930.92,1776732215000
1776732217.277,217.277,0.54,0.55,0.45,0.47,0.01,0.02,75930.92,1776732215000
1776732217.773,217.773,0.52,0.55,0.45,0.46,0.03,0.01,75929.53,1776732216000
1776732218.319,218.319,0.54,0.55,0.45,0.48,0.01,0.03,75929.74,1776732217000
1776732218.653,218.653,0.54,0.56,0.44,0.46,0.02,0.02,75929.74,1776732217000
1776732219.001,219.001,0.54,0.55,0.45,0.46,0.01,0.01,75929.74,1776732217000
1776732219.335,219.335,0.54,0.55,0.45,0.46,0.01,0.01,75931.47,1776732218000
1776732219.773,219.773,0.54,0.55,0.45,0.46,0.01,0.01,75931.47,1776732218000
1776732220.141,220.141,0.55,0.56,0.44,0.45,0.01,0.01,75931.47,1776732218000
1776732220.547,220.547,0.55,0.56,0.44,0.45,0.01,0.01,75934.25,1776732219000
1776732220.952,220.952,0.55,0.56,0.44,0.45,0.01,0.01,75934.25,1776732219000
1776732221.299,221.299,0.56,0.57,0.44,0.45,0.01,0.01,75934.25,1776732219000
1776732221.632,221.632,0.56,0.57,0.43,0.44,0.01,0.01,75933.82,1776732220000
1776732222.554,222.554,0.56,0.57,0.43,0.44,0.01,0.01,75934.04,1776732221000
1776732222.889,222.889,0.56,0.57,0.43,0.44,0.01,0.01,75934.04,1776732221000
1776732223.619,223.619,0.55,0.57,0.43,0.44,0.02,0.01,75933.61,1776732222000
1776732224.194,224.194,0.56,0.57,0.43,0.46,0.01,0.03,75933.61,1776732222000
1776732224.528,224.528,0.56,0.57,0.43,0.44,0.01,0.01,75933.63,1776732223000
1776732224.914,224.914,0.63,0.65,0.35,0.37,0.02,0.02,75933.63,1776732223000
1776732225.306,225.306,0.64,0.65,0.35,0.36,0.01,0.01,75933.63,1776732223000
1776732225.776,225.776,0.64,0.67,0.33,0.36,0.03,0.03,75935.06,1776732224000
1776732226.139,226.139,0.66,0.67,0.33,0.34,0.01,0.01,75936.47,1776732225000
1776732226.49,226.49,0.66,0.67,0.33,0.34,0.01,0.01,75936.47,1776732225000
1776732226.928,226.928,0.66,0.67,0.33,0.34,0.01,0.01,75936.47,1776732225000
1776732227.375,227.375,0.66,0.67,0.33,0.35,0.01,0.02,75936.47,1776732225000
1776732227.752,227.752,0.65,0.66,0.34,0.35,0.01,0.01,75942.26,1776732226000
1776732228.122,228.122,0.65,0.66,0.34,0.35,0.01,0.01,75942.47,1776732227000
1776732228.596,228.596,0.65,0.67,0.33,0.34,0.02,0.01,75942.47,1776732227000
1776732228.956,228.956,0.65,0.66,0.34,0.35,0.01,0.01,75942.47,1776732227000
1776732229.44,229.44,0.65,0.66,0.34,0.35,0.01,0.01,75942.47,1776732227000
1776732229.859,229.859,0.66,0.68,0.33,0.34,0.02,0.01,75942.15,1776732228000
1776732230.211,230.211,0.64,0.67,0.32,0.34,0.03,0.02,75942.15,1776732228000
1776732230.545,230.545,0.62,0.64,0.36,0.38,0.02,0.02,75942.15,1776732228000
1776732230.903,230.903,0.62,0.63,0.37,0.38,0.01,0.01,75941.53,1776732229000
1776732231.245,231.245,0.62,0.63,0.37,0.38,0.01,0.01,75941.53,1776732229000
1776732231.585,231.585,0.63,0.64,0.36,0.37,0.01,0.01,75941.53,1776732229000
1776732232.04,232.04,0.62,0.63,0.37,0.38,0.01,0.01,75942.32,1776732230000
1776732232.392,232.392,0.59,0.62,0.38,0.41,0.03,0.03,75942.32,1776732230000
1776732232.754,232.754,0.6,0.61,0.39,0.4,0.01,0.01,75941.73,1776732231000
1776732233.173,233.173,0.6,0.61,0.39,0.4,0.01,0.01,75941.7,1776732232000
1776732233.546,233.546,0.59,0.6,0.4,0.41,0.01,0.01,75941.7,1776732232000
1776732233.888,233.888,0.58,0.59,0.41,0.42,0.01,0.01,75941.7,1776732232000
1776732234.221,234.221,0.58,0.59,0.41,0.42,0.01,0.01,75941.76,1776732233000
1776732234.555,234.555,0.57,0.58,0.42,0.43,0.01,0.01,75941.76,1776732233000
1776732234.89,234.89,0.56,0.57,0.43,0.44,0.01,0.01,75941.76,1776732233000
1776732235.226,235.226,0.56,0.57,0.43,0.44,0.01,0.01,75941.82,1776732234000
1776732235.579,235.579,0.56,0.57,0.43,0.44,0.01,0.01,75941.82,1776732234000
1776732235.961,235.961,0.56,0.57,0.43,0.44,0.01,0.01,75941.82,1776732234000
1776732236.321,236.321,0.56,0.58,0.42,0.44,0.02,0.02,75942.07,1776732235000
1776732236.834,236.834,0.56,0.6,0.4,0.44,0.04,0.04,75942.07,1776732235000
1776732237.278,237.278,0.58,0.6,0.4,0.42,0.02,0.02,75942.07,1776732235000
1776732237.624,237.624,0.58,0.59,0.41,0.42,0.01,0.01,75942.26,1776732236000
1776732237.979,237.979,0.59,0.6,0.4,0.42,0.01,0.02,75942.26,1776732236000
1776732238.344,238.344,0.59,0.6,0.4,0.41,0.01,0.01,75942.25,1776732237000
1776732238.685,238.685,0.59,0.6,0.4,0.42,0.01,0.02,75942.25,1776732237000
1776732239.205,239.205,0.58,0.59,0.41,0.43,0.01,0.02,75942.25,1776732237000
1776732239.571,239.571,0.57,0.58,0.42,0.43,0.01,0.01,75942.19,1776732238000
1776732239.93,239.93,0.57,0.58,0.42,0.44,0.01,0.02,75942.19,1776732238000
1776732240.348,240.348,0.57,0.58,0.42,0.43,0.01,0.01,75942.19,1776732238000
1776732240.687,240.687,0.56,0.59,0.41,0.44,0.03,0.03,75942.25,1776732239000
1776732241.03,241.03,0.58,0.59,0.41,0.42,0.01,0.01,75942.25,1776732239000
1776732241.444,241.444,0.58,0.59,0.41,0.42,0.01,0.01,75942.29,1776732240000
1776732242.393,242.393,0.58,0.62,0.38,0.42,0.04,0.04,75942.78,1776732241000
1776732242.811,242.811,0.58,0.59,0.38,0.42,0.01,0.04,75942.78,1776732241000
1776732243.28,243.28,0.58,0.59,0.41,0.42,0.01,0.01,75942.78,1776732242000
1776732243.642,243.642,0.58,0.59,0.41,0.42,0.01,0.01,75942.78,1776732242000
1776732244.022,244.022,0.58,0.59,0.41,0.42,0.01,0.01,75940.72,1776732243000
1776732244.444,244.444,0.55,0.59,0.41,0.42,0.04,0.01,75940.72,1776732243000
1776732244.968,244.968,0.55,0.59,0.41,0.45,0.04,0.04,75940.72,1776732244000
1776732245.405,245.405,0.58,0.6,0.41,0.42,0.02,0.01,75940.72,1776732244000
1776732245.996,245.996,0.54,0.56,0.44,0.46,0.02,0.02,75940.03,1776732245000
1776732246.484,246.484,0.54,0.56,0.44,0.46,0.02,0.02,75940.03,1776732245000
1776732246.83,246.83,0.51,0.52,0.48,0.49,0.01,0.01,75940.03,1776732245000
1776732247.233,247.233,0.55,0.56,0.41,0.49,0.01,0.08,75938.63,1776732246000
1776732247.595,247.595,0.57,0.59,0.4,0.44,0.02,0.04,75938.63,1776732246000
1776732247.993,247.993,0.58,0.62,0.41,0.42,0.04,0.01,75938.63,1776732246000
1776732248.426,248.426,0.6,0.61,0.38,0.42,0.01,0.04,75938.29,1776732247000
1776732249.038,249.038,0.6,0.61,0.39,0.4,0.01,0.01,75938.58,1776732248000
1776732249.679,249.679,0.6,0.61,0.39,0.4,0.01,0.01,75938.58,1776732248000
1776732250.071,250.071,0.6,0.61,0.39,0.4,0.01,0.01,75938.3,1776732249000
1776732251.06,251.06,0.6,0.61,0.39,0.4,0.01,0.01,75938.06,1776732250000
1776732251.406,251.406,0.59,0.61,0.39,0.4,0.02,0.01,75938.06,1776732250000
1776732251.842,251.842,0.58,0.6,0.4,0.42,0.02,0.02,75938.06,1776732250000
1776732252.187,252.187,0.57,0.6,0.4,0.43,0.03,0.03,75936.99,1776732251000
1776732252.608,252.608,0.58,0.6,0.4,0.42,0.02,0.02,75936.99,1776732251000
1776732252.978,252.978,0.58,0.6,0.4,0.44,0.02,0.04,75936.99,1776732251000
1776732253.555,253.555,0.59,0.6,0.4,0.41,0.01,0.01,75938.07,1776732252000
1776732254.056,254.056,0.58,0.59,0.4,0.45,0.01,0.05,75938.07,1776732252000
1776732254.518,254.518,0.52,0.53,0.42,0.48,0.01,0.06,75938.07,1776732252000
1776732254.981,254.981,0.52,0.53,0.47,0.48,0.01,0.01,75939.41,1776732253000
1776732255.599,255.599,0.52,0.53,0.47,0.48,0.01,0.01,75938.72,1776732254000
1776732256.28,256.28,0.52,0.53,0.47,0.48,0.01,0.01,75938.93,1776732255000
1776732256.887,256.887,0.52,0.53,0.47,0.48,0.01,0.01,75938.93,1776732255000
1776732257.828,257.828,0.52,0.53,0.47,0.48,0.01,0.01,75939.07,1776732256000
1776732258.186,258.186,0.52,0.53,0.47,0.48,0.01,0.01,75939.07,1776732256000
1776732258.872,258.872,0.51,0.52,0.48,0.49,0.01,0.01,75939.06,1776732257000
1776732259.233,259.233,0.51,0.52,0.48,0.49,0.01,0.01,75938.42,1776732258000
1776732259.608,259.608,0.48,0.52,0.48,0.52,0.04,0.04,75938.42,1776732258000
1776732259.952,259.952,0.51,0.52,0.48,0.54,0.01,0.06,75938.42,1776732258000
1776732261.235,261.235,0.49,0.52,0.48,0.51,0.03,0.03,75937.53,1776732260000
1776732262.207,262.207,0.49,0.52,0.48,0.51,0.03,0.03,75936.94,1776732261000
1776732262.608,262.608,0.49,0.52,0.48,0.51,0.03,0.03,75936.94,1776732261000
1776732262.988,262.988,0.48,0.5,0.48,0.51,0.02,0.03,75936.94,1776732261000
1776732263.374,263.374,0.43,0.46,0.54,0.57,0.03,0.03,75936.48,1776732262000
1776732263.765,263.765,0.44,0.46,0.54,0.56,0.02,0.02,75936.48,1776732262000
1776732264.274,264.274,0.42,0.46,0.54,0.58,0.04,0.04,75937.44,1776732263000
1776732264.792,264.792,0.44,0.46,0.54,0.56,0.02,0.02,75937.44,1776732263000
1776732265.195,265.195,0.44,0.46,0.54,0.56,0.02,0.02,75937.44,1776732263000
1776732266.167,266.167,0.44,0.46,0.54,0.56,0.02,0.02,75937.74,1776732264000
1776732266.518,266.518,0.44,0.46,0.54,0.56,0.02,0.02,75938.04,1776732265000
1776732266.864,266.864,0.44,0.46,0.54,0.56,0.02,0.02,75938.04,1776732265000
1776732267.219,267.219,0.41,0.46,0.54,0.55,0.05,0.01,75938.04,1776732265000
1776732267.571,267.571,0.41,0.49,0.51,0.59,0.08,0.08,75938.04,1776732265000
1776732267.914,267.914,0.48,0.5,0.5,0.52,0.02,0.02,75938.15,1776732266000
1776732268.276,268.276,0.48,0.49,0.51,0.54,0.01,0.03,75938.15,1776732266000
1776732268.796,268.796,0.47,0.52,0.5,0.53,0.05,0.03,75937.34,1776732267000
1776732269.152,269.152,0.47,0.53,0.51,0.53,0.06,0.02,75937.34,1776732267000
1776732269.508,269.508,0.47,0.48,0.52,0.53,0.01,0.01,75937.34,1776732267000
1776732269.886,269.886,0.48,0.49,0.51,0.52,0.01,0.01,75937.6,1776732268000
1776732270.226,270.226,0.56,0.57,0.43,0.46,0.01,0.03,75937.26,1776732269000
1776732270.576,270.576,0.56,0.57,0.43,0.44,0.01,0.01,75937.26,1776732269000
1776732270.919,270.919,0.63,0.64,0.36,0.38,0.01,0.02,75937.26,1776732269000
1776732271.308,271.308,0.64,0.65,0.35,0.36,0.01,0.01,75939.34,1776732270000
1776732271.653,271.653,0.64,0.65,0.35,0.36,0.01,0.01,75939.34,1776732270000
1776732271.99,271.99,0.67,0.68,0.32,0.34,0.01,0.02,75939.34,1776732270000
1776732272.547,272.547,0.67,0.68,0.32,0.33,0.01,0.01,75939.34,1776732271000
1776732272.939,272.939,0.67,0.68,0.32,0.33,0.01,0.01,75939.34,1776732271000
1776732273.297,273.297,0.67,0.68,0.32,0.33,0.01,0.01,75939.34,1776732272000
1776732273.692,273.692,0.67,0.68,0.32,0.33,0.01,0.01,75939.34,1776732272000
1776732274.036,274.036,0.67,0.68,0.32,0.33,0.01,0.01,75938.79,1776732273000
1776732274.411,274.411,0.67,0.68,0.32,0.33,0.01,0.01,75938.79,1776732273000
1776732274.882,274.882,0.67,0.68,0.31,0.33,0.01,0.02,75938.79,1776732273000
1776732275.219,275.219,0.67,0.68,0.32,0.33,0.01,0.01,75938.1,1776732274000
1776732275.624,275.624,0.66,0.67,0.33,0.34,0.01,0.01,75938.1,1776732274000
1776732276.038,276.038,0.65,0.67,0.33,0.35,0.02,0.02,75938.1,1776732275000
1776732276.495,276.495,0.66,0.67,0.33,0.37,0.01,0.04,75938.1,1776732275000
1776732276.829,276.829,0.66,0.67,0.33,0.34,0.01,0.01,75938.1,1776732275000
1776732277.186,277.186,0.66,0.67,0.33,0.34,0.01,0.01,75938.19,1776732276000
1776732277.63,277.63,0.64,0.65,0.35,0.36,0.01,0.01,75938.19,1776732276000
1776732277.972,277.972,0.64,0.65,0.35,0.36,0.01,0.01,75938.26,1776732277000
1776732278.308,278.308,0.64,0.65,0.35,0.36,0.01,0.01,75938.26,1776732277000
1776732278.662,278.662,0.58,0.6,0.41,0.42,0.02,0.01,75938.26,1776732277000
1776732279.093,279.093,0.62,0.63,0.37,0.38,0.01,0.01,75938.18,1776732278000
1776732279.662,279.662,0.62,0.63,0.37,0.38,0.01,0.01,75938.18,1776732278000
1776732280.006,280.006,0.63,0.64,0.36,0.37,0.01,0.01,75938.84,1776732279000
1776732280.345,280.345,0.63,0.64,0.36,0.37,0.01,0.01,75938.84,1776732279000
1776732280.723,280.723,0.63,0.64,0.36,0.37,0.01,0.01,75938.84,1776732279000
1776732281.063,281.063,0.64,0.65,0.35,0.36,0.01,0.01,75937.37,1776732280000
1776732281.4,281.4,0.64,0.65,0.35,0.36,0.01,0.01,75937.37,1776732280000
1776732281.77,281.77,0.64,0.65,0.35,0.36,0.01,0.01,75937.37,1776732280000
1776732282.358,282.358,0.64,0.65,0.35,0.36,0.01,0.01,75937.37,1776732280000
1776732282.734,282.734,0.64,0.65,0.35,0.36,0.01,0.01,75938.81,1776732281000
1776732283.074,283.074,0.64,0.65,0.35,0.36,0.01,0.01,75942.09,1776732282000
1776732283.417,283.417,0.64,0.65,0.35,0.36,0.01,0.01,75942.09,1776732282000
1776732283.769,283.769,0.63,0.65,0.35,0.36,0.02,0.01,75942.09,1776732282000
1776732284.126,284.126,0.63,0.64,0.36,0.37,0.01,0.01,75943.62,1776732283000
1776732284.479,284.479,0.61,0.63,0.37,0.38,0.02,0.01,75943.62,1776732283000
1776732284.822,284.822,0.6,0.61,0.39,0.4,0.01,0.01,75943.62,1776732283000
1776732285.226,285.226,0.59,0.6,0.4,0.41,0.01,0.01,75943.86,1776732284000
1776732285.576,285.576,0.42,0.43,0.57,0.68,0.01,0.11,75943.86,1776732284000
1776732285.913,285.913,0.42,0.43,0.57,0.58,0.01,0.01,75943.86,1776732284000
1776732286.279,286.279,0.43,0.44,0.55,0.57,0.01,0.02,75945.08,1776732285000
1776732286.623,286.623,0.45,0.49,0.54,0.55,0.04,0.01,75945.08,1776732285000
1776732287.007,287.007,0.44,0.45,0.55,0.56,0.01,0.01,75945.08,1776732285000
1776732287.356,287.356,0.32,0.33,0.66,0.68,0.01,0.02,75945.18,1776732286000
1776732287.69,287.69,0.43,0.44,0.56,0.57,0.01,0.01,75945.18,1776732286000
1776732288.023,288.023,0.31,0.32,0.68,0.69,0.01,0.01,75945.18,1776732286000
1776732288.362,288.362,0.31,0.32,0.68,0.69,0.01,0.01,75945.34,1776732287000
1776732288.737,288.737,0.33,0.34,0.68,0.69,0.01,0.01,75945.34,1776732287000
1776732289.117,289.117,0.33,0.34,0.66,0.67,0.01,0.01,75945.34,1776732287000
1776732289.485,289.485,0.34,0.46,0.65,0.66,0.12,0.01,75944.18,1776732288000
1776732289.897,289.897,0.38,0.39,0.61,0.62,0.01,0.01,75944.18,1776732288000
1776732290.331,290.331,0.37,0.39,0.61,0.63,0.02,0.02,75944.18,1776732288000
1776732290.679,290.679,0.31,0.34,0.65,0.69,0.03,0.04,75943.08,1776732289000
1776732291.044,291.044,0.25,0.32,0.68,0.69,0.07,0.01,75943.08,1776732289000
1776732291.38,291.38,0.21,0.26,0.74,0.75,0.05,0.01,75942.69,1776732290000
1776732291.723,291.723,0.17,0.21,0.78,0.84,0.04,0.06,75942.69,1776732290000
1776732292.107,292.107,0.32,0.33,0.67,0.74,0.01,0.07,75942.69,1776732290000
1776732292.49,292.49,0.29,0.3,0.69,0.75,0.01,0.06,75942.69,1776732291000
1776732292.828,292.828,0.18,0.26,0.73,0.82,0.08,0.09,75942.69,1776732291000
1776732293.171,293.171,0.22,0.23,0.76,0.78,0.01,0.02,75942.39,1776732292000
1776732293.512,293.512,0.22,0.23,0.77,0.78,0.01,0.01,75942.39,1776732292000
1776732293.88,293.88,0.24,0.26,0.74,0.76,0.02,0.02,75942.39,1776732292000
1776732294.221,294.221,0.22,0.24,0.77,0.78,0.02,0.01,75942.39,1776732292000
1776732294.594,294.594,0.23,0.24,0.76,0.77,0.01,0.01,75941.82,1776732293000
1776732295.019,295.019,0.27,0.28,0.72,0.73,0.01,0.01,75941.82,1776732293000
1776732295.425,295.425,0.26,0.27,0.73,0.75,0.01,0.02,75941.82,1776732293000
1776732295.78,295.78,0.36,0.41,0.62,0.64,0.05,0.02,75942.54,1776732294000
1776732296.118,296.118,0.24,0.26,0.74,0.76,0.02,0.02,75942.54,1776732294000
1776732296.804,296.804,0.26,0.27,0.72,0.74,0.01,0.02,75941.69,1776732295000
1776732297.144,297.144,0.11,0.15,0.85,0.89,0.04,0.04,75941.69,1776732295000
1776732297.478,297.478,0.04,0.11,0.89,0.96,0.07,0.07,75941.69,1776732295000
1776732297.812,297.812,0.07,0.27,0.73,0.93,0.2,0.2,75941.63,1776732296000
1776732298.147,298.147,0.03,0.06,0.94,0.97,0.03,0.03,75941.63,1776732296000
1776732298.503,298.503,0.02,0.03,0.97,0.98,0.01,0.01,75937.54,1776732297000
1776732298.866,298.866,0.99,0.01,0.99,0.98,-0.98,-0.01,75937.54,1776732297000
1776732299.211,299.211,0.04,0.01,0.99,0.96,-0.03,-0.03,75937.54,1776732297000
1776732299.562,299.562,0.04,0.01,0.99,0.96,-0.03,-0.03,75922.68,1776732298000
1776732299.905,299.905,0.04,0.01,0.99,0.96,-0.03,-0.03,75922.68,1776732298000
1776732300.257,300.257,0.04,0.01,0.99,0.96,-0.03,-0.03,75922.68,1776732298000
1776732300.604,300.604,0.04,0.01,0.99,0.96,-0.03,-0.03,75920.48,1776732299000
1776732301.004,301.004,0.04,0.01,0.99,0.96,-0.03,-0.03,75919.7,1776732300000
1776732302.129,302.129,0.04,0.01,0.99,0.96,-0.03,-0.03,75909.82,1776732301000

# RESULT,winner=Down,slug=btc-updown-5m-1776732000,ticks=657
