timestamp,elapsed_sec,up_bid,up_ask,down_bid,down_ask,up_spread,down_spread,btc_price,btc_oracle_ts
1776881700.576,0.576,0.5,0.51,0.48,0.5,0.01,0.02,78984.59,1776881699000
1776881700.975,0.975,0.51,0.52,0.49,0.5,0.01,0.01,78984.59,1776881699000
1776881701.351,1.351,0.51,0.52,0.48,0.49,0.01,0.01,78984.47,1776881700000
1776881701.884,1.884,0.51,0.52,0.48,0.49,0.01,0.01,78984.47,1776881700000
1776881702.235,2.235,0.51,0.52,0.48,0.49,0.01,0.01,78982.19,1776881701000
1776881702.95,2.95,0.51,0.52,0.48,0.49,0.01,0.01,78982.19,1776881701000
1776881703.294,3.294,0.5,0.52,0.48,0.49,0.02,0.01,78982.19,1776881701000
1776881703.67,3.67,0.49,0.52,0.48,0.51,0.03,0.03,78981.41,1776881702000
1776881704.106,4.106,0.49,0.51,0.48,0.51,0.02,0.03,78981.41,1776881702000
1776881704.463,4.463,0.49,0.5,0.5,0.51,0.01,0.01,78981.41,1776881702000
1776881704.865,4.865,0.49,0.5,0.5,0.51,0.01,0.01,78982.22,1776881703000
1776881705.328,5.328,0.49,0.5,0.5,0.51,0.01,0.01,78982.22,1776881703000
1776881705.733,5.733,0.49,0.5,0.5,0.51,0.01,0.01,78981.85,1776881704000
1776881706.096,6.096,0.55,0.57,0.43,0.45,0.02,0.02,78981.85,1776881705000
1776881706.452,6.452,0.57,0.58,0.42,0.43,0.01,0.01,78981.85,1776881705000
1776881706.824,6.824,0.57,0.58,0.42,0.43,0.01,0.01,78981.85,1776881705000
1776881708.099,8.099,0.6,0.62,0.38,0.4,0.02,0.02,78987.05,1776881707000
1776881708.674,8.674,0.6,0.62,0.38,0.39,0.02,0.01,78987.05,1776881707000
1776881709.045,9.045,0.6,0.62,0.38,0.4,0.02,0.02,78993.84,1776881708000
1776881709.922,9.922,0.61,0.62,0.38,0.4,0.01,0.02,78993.84,1776881708000
1776881710.372,10.372,0.61,0.62,0.38,0.4,0.01,0.02,79000.84,1776881709000
1776881710.902,10.902,0.61,0.62,0.38,0.39,0.01,0.01,79000.84,1776881709000
1776881711.301,11.301,0.61,0.62,0.38,0.4,0.01,0.02,79000.94,1776881710000
1776881711.837,11.837,0.61,0.62,0.38,0.39,0.01,0.01,79000.94,1776881710000
1776881712.184,12.184,0.61,0.62,0.38,0.39,0.01,0.01,79000.72,1776881711000
1776881712.585,12.585,0.61,0.62,0.38,0.39,0.01,0.01,79000.72,1776881711000
1776881713.018,13.018,0.61,0.62,0.38,0.39,0.01,0.01,79000.63,1776881712000
1776881713.374,13.374,0.6,0.62,0.38,0.39,0.02,0.01,79000.63,1776881712000
1776881713.848,13.848,0.6,0.61,0.39,0.4,0.01,0.01,79000.63,1776881712000
1776881714.307,14.307,0.6,0.61,0.39,0.4,0.01,0.01,79000.92,1776881713000
1776881714.643,14.643,0.6,0.61,0.39,0.4,0.01,0.01,79000.92,1776881713000
1776881715.026,15.026,0.59,0.6,0.4,0.41,0.01,0.01,79000.92,1776881713000
1776881715.503,15.503,0.59,0.6,0.4,0.41,0.01,0.01,79000.92,1776881713000
1776881715.846,15.846,0.59,0.6,0.4,0.41,0.01,0.01,79001.82,1776881714000
1776881716.234,16.234,0.59,0.6,0.4,0.41,0.01,0.01,79001.75,1776881715000
1776881716.667,16.667,0.59,0.6,0.4,0.41,0.01,0.01,79001.75,1776881715000
1776881717.003,17.003,0.59,0.6,0.4,0.41,0.01,0.01,79001.75,1776881715000
1776881718.138,18.138,0.59,0.6,0.4,0.41,0.01,0.01,79000.47,1776881717000
1776881718.592,18.592,0.59,0.6,0.4,0.41,0.01,0.01,79000.47,1776881717000
1776881719.321,19.321,0.59,0.6,0.4,0.41,0.01,0.01,79000.47,1776881717000
1776881719.915,19.915,0.6,0.62,0.38,0.4,0.02,0.02,79000.61,1776881719000
1776881720.257,20.257,0.6,0.61,0.38,0.4,0.01,0.02,79000.61,1776881719000
1776881720.594,20.594,0.6,0.61,0.39,0.4,0.01,0.01,79000.61,1776881719000
1776881721.017,21.017,0.6,0.61,0.39,0.4,0.01,0.01,79000.61,1776881719000
1776881721.814,21.814,0.6,0.61,0.39,0.4,0.01,0.01,79000.62,1776881720000
1776881722.338,22.338,0.6,0.61,0.39,0.4,0.01,0.01,79000.62,1776881720000
1776881722.831,22.831,0.6,0.61,0.39,0.4,0.01,0.01,79000.65,1776881721000
1776881723.173,23.173,0.6,0.61,0.39,0.4,0.01,0.01,79000.65,1776881722000
1776881723.794,23.794,0.6,0.61,0.39,0.4,0.01,0.01,79000.65,1776881722000
1776881724.137,24.137,0.59,0.61,0.39,0.41,0.02,0.02,79000.65,1776881722000
1776881724.492,24.492,0.57,0.59,0.41,0.44,0.02,0.03,78999.61,1776881723000
1776881724.857,24.857,0.55,0.57,0.43,0.46,0.02,0.03,78999.61,1776881723000
1776881725.203,25.203,0.55,0.56,0.44,0.46,0.01,0.02,78999.61,1776881723000
1776881725.6,25.6,0.55,0.56,0.44,0.45,0.01,0.01,78999.61,1776881723000
1776881725.936,25.936,0.55,0.56,0.44,0.45,0.01,0.01,78998.58,1776881724000
1776881726.316,26.316,0.55,0.56,0.44,0.45,0.01,0.01,78997.32,1776881725000
1776881726.8,26.8,0.55,0.56,0.44,0.45,0.01,0.01,78997.32,1776881725000
1776881727.137,27.137,0.56,0.57,0.43,0.45,0.01,0.02,78995.42,1776881726000
1776881728.209,28.209,0.56,0.57,0.43,0.44,0.01,0.01,78992.36,1776881727000
1776881728.566,28.566,0.56,0.57,0.43,0.44,0.01,0.01,78992.36,1776881727000
1776881728.927,28.927,0.57,0.58,0.42,0.43,0.01,0.01,78992.36,1776881727000
1776881729.502,29.502,0.57,0.58,0.42,0.43,0.01,0.01,78992.36,1776881727000
1776881729.891,29.891,0.57,0.58,0.42,0.43,0.01,0.01,78994.79,1776881728000
1776881730.242,30.242,0.57,0.58,0.42,0.43,0.01,0.01,78994.79,1776881728000
1776881730.791,30.791,0.57,0.58,0.42,0.43,0.01,0.01,78995.41,1776881729000
1776881731.149,31.149,0.57,0.58,0.42,0.43,0.01,0.01,78995.4,1776881730000
1776881731.563,31.563,0.57,0.58,0.42,0.43,0.01,0.01,78995.4,1776881730000
1776881731.98,31.98,0.57,0.58,0.42,0.43,0.01,0.01,78995.4,1776881730000
1776881732.314,32.314,0.57,0.58,0.42,0.43,0.01,0.01,78995.4,1776881730000
1776881732.652,32.652,0.61,0.62,0.38,0.39,0.01,0.01,78994.1,1776881731000
1776881732.998,32.998,0.61,0.62,0.38,0.39,0.01,0.01,78994.1,1776881731000
1776881733.389,33.389,0.61,0.63,0.37,0.39,0.02,0.02,78995.21,1776881732000
1776881733.867,33.867,0.61,0.62,0.38,0.39,0.01,0.01,78995.21,1776881732000
1776881734.235,34.235,0.61,0.62,0.38,0.39,0.01,0.01,78995.21,1776881732000
1776881734.629,34.629,0.61,0.62,0.38,0.39,0.01,0.01,78995.21,1776881732000
1776881735.104,35.104,0.61,0.62,0.38,0.39,0.01,0.01,78997.69,1776881733000
1776881735.711,35.711,0.61,0.62,0.38,0.39,0.01,0.01,79001.09,1776881734000
1776881736.507,36.507,0.61,0.62,0.38,0.39,0.01,0.01,79002.44,1776881735000
1776881736.867,36.867,0.61,0.62,0.38,0.39,0.01,0.01,79002.56,1776881736000
1776881737.409,37.409,0.61,0.62,0.38,0.39,0.01,0.01,79002.56,1776881736000
1776881738.307,38.307,0.61,0.62,0.38,0.39,0.01,0.01,79003.38,1776881737000
1776881738.67,38.67,0.61,0.62,0.38,0.39,0.01,0.01,79003.38,1776881737000
1776881739.032,39.032,0.61,0.62,0.38,0.39,0.01,0.01,79003.38,1776881737000
1776881740.05,40.05,0.61,0.62,0.38,0.39,0.01,0.01,79003.39,1776881738000
1776881740.806,40.806,0.61,0.62,0.38,0.39,0.01,0.01,79003.4,1776881739000
1776881741.337,41.337,0.61,0.62,0.38,0.39,0.01,0.01,79002.8,1776881740000
1776881741.68,41.68,0.61,0.62,0.38,0.39,0.01,0.01,79002.8,1776881740000
1776881742.127,42.127,0.61,0.62,0.38,0.39,0.01,0.01,79002.8,1776881740000
1776881742.506,42.506,0.61,0.62,0.38,0.39,0.01,0.01,79002.8,1776881741000
1776881743.31,43.31,0.61,0.62,0.38,0.39,0.01,0.01,79002.8,1776881741000
1776881743.784,43.784,0.61,0.62,0.38,0.39,0.01,0.01,79002.82,1776881742000
1776881744.261,44.261,0.6,0.61,0.39,0.4,0.01,0.01,79002.84,1776881743000
1776881744.598,44.598,0.6,0.61,0.39,0.4,0.01,0.01,79002.84,1776881743000
1776881745.198,45.198,0.59,0.61,0.39,0.41,0.02,0.02,79002.85,1776881744000
1776881745.611,45.611,0.55,0.56,0.44,0.45,0.01,0.01,79002.85,1776881744000
1776881746.063,46.063,0.55,0.56,0.44,0.45,0.01,0.01,79002.07,1776881745000
1776881747.14,47.14,0.55,0.56,0.44,0.45,0.01,0.01,79002.07,1776881745000
1776881747.493,47.493,0.55,0.56,0.44,0.45,0.01,0.01,79002.07,1776881745000
1776881748.032,48.032,0.54,0.56,0.44,0.46,0.02,0.02,78995.04,1776881747000
1776881748.708,48.708,0.55,0.56,0.44,0.45,0.01,0.01,78995.04,1776881747000
1776881749.089,49.089,0.55,0.56,0.44,0.45,0.01,0.01,78995.04,1776881747000
1776881749.553,49.553,0.55,0.56,0.44,0.45,0.01,0.01,78991.73,1776881748000
1776881750.094,50.094,0.55,0.56,0.44,0.45,0.01,0.01,78991.73,1776881748000
1776881750.847,50.847,0.55,0.56,0.44,0.45,0.01,0.01,78991.99,1776881749000
1776881751.372,51.372,0.55,0.56,0.44,0.45,0.01,0.01,78991.8,1776881750000
1776881751.764,51.764,0.55,0.56,0.44,0.45,0.01,0.01,78991.8,1776881750000
1776881752.194,52.194,0.55,0.56,0.44,0.45,0.01,0.01,78991.84,1776881751000
1776881752.528,52.528,0.55,0.56,0.44,0.45,0.01,0.01,78991.84,1776881751000
1776881752.906,52.906,0.55,0.56,0.44,0.45,0.01,0.01,78991.84,1776881752000
1776881753.365,53.365,0.55,0.56,0.44,0.45,0.01,0.01,78991.84,1776881752000
1776881753.968,53.968,0.55,0.56,0.44,0.45,0.01,0.01,78991.84,1776881752000
1776881754.334,54.334,0.55,0.56,0.44,0.45,0.01,0.01,78991.83,1776881753000
1776881754.847,54.847,0.55,0.56,0.44,0.45,0.01,0.01,78991.83,1776881753000
1776881756.173,56.173,0.55,0.56,0.44,0.45,0.01,0.01,78991.69,1776881755000
1776881756.558,56.558,0.55,0.56,0.44,0.45,0.01,0.01,78991.69,1776881755000
1776881757.137,57.137,0.55,0.56,0.44,0.45,0.01,0.01,78991.69,1776881755000
1776881757.482,57.482,0.55,0.56,0.44,0.45,0.01,0.01,78991.75,1776881756000
1776881757.911,57.911,0.55,0.56,0.44,0.45,0.01,0.01,78991.75,1776881756000
1776881758.359,58.359,0.55,0.56,0.44,0.45,0.01,0.01,78991.75,1776881757000
1776881758.945,58.945,0.55,0.56,0.44,0.45,0.01,0.01,78990.7,1776881758000
1776881759.482,59.482,0.55,0.56,0.44,0.45,0.01,0.01,78990.7,1776881758000
1776881760.031,60.031,0.55,0.56,0.44,0.45,0.01,0.01,78990.7,1776881758000
1776881760.787,60.787,0.55,0.56,0.44,0.45,0.01,0.01,78990.29,1776881759000
1776881761.215,61.215,0.55,0.56,0.44,0.45,0.01,0.01,78990.29,1776881759000
1776881761.618,61.618,0.55,0.56,0.44,0.45,0.01,0.01,78990.19,1776881760000
1776881761.974,61.974,0.54,0.55,0.44,0.46,0.01,0.02,78990.19,1776881760000
1776881762.325,62.325,0.54,0.55,0.45,0.46,0.01,0.01,78990.19,1776881760000
1776881762.823,62.823,0.54,0.55,0.45,0.46,0.01,0.01,78989.81,1776881761000
1776881763.157,63.157,0.54,0.55,0.45,0.46,0.01,0.01,78989.81,1776881761000
1776881763.634,63.634,0.53,0.54,0.46,0.47,0.01,0.01,78991.33,1776881762000
1776881764.012,64.012,0.53,0.54,0.46,0.47,0.01,0.01,78991.33,1776881762000
1776881764.483,64.483,0.53,0.54,0.46,0.47,0.01,0.01,78991.33,1776881762000
1776881764.892,64.892,0.52,0.54,0.46,0.47,0.02,0.01,78990.17,1776881763000
1776881765.246,65.246,0.49,0.51,0.49,0.51,0.02,0.02,78990.17,1776881763000
1776881765.693,65.693,0.49,0.5,0.5,0.51,0.01,0.01,78990.17,1776881764000
1776881766.036,66.036,0.49,0.5,0.5,0.51,0.01,0.01,78990.17,1776881764000
1776881766.514,66.514,0.49,0.5,0.5,0.51,0.01,0.01,78990.78,1776881765000
1776881766.868,66.868,0.49,0.5,0.5,0.51,0.01,0.01,78990.78,1776881765000
1776881767.321,67.321,0.49,0.5,0.5,0.51,0.01,0.01,78990.78,1776881765000
1776881767.766,67.766,0.49,0.5,0.5,0.51,0.01,0.01,78986.96,1776881766000
1776881768.164,68.164,0.49,0.5,0.5,0.51,0.01,0.01,78986.96,1776881766000
1776881768.521,68.521,0.49,0.5,0.5,0.51,0.01,0.01,78985.97,1776881767000
1776881768.947,68.947,0.49,0.5,0.5,0.51,0.01,0.01,78985.97,1776881767000
1776881769.295,69.295,0.49,0.5,0.5,0.52,0.01,0.02,78984.91,1776881768000
1776881769.896,69.896,0.48,0.49,0.51,0.52,0.01,0.01,78984.91,1776881768000
1776881770.29,70.29,0.48,0.49,0.51,0.52,0.01,0.01,78984.91,1776881768000
1776881770.654,70.654,0.47,0.49,0.51,0.52,0.02,0.01,78984.48,1776881769000
1776881771.068,71.068,0.47,0.48,0.52,0.53,0.01,0.01,78984.48,1776881769000
1776881771.406,71.406,0.47,0.48,0.52,0.53,0.01,0.01,78984.48,1776881769000
1776881771.745,71.745,0.46,0.47,0.52,0.54,0.01,0.02,78984.48,1776881770000
1776881772.086,72.086,0.46,0.47,0.53,0.54,0.01,0.01,78984.48,1776881770000
1776881772.434,72.434,0.47,0.48,0.52,0.53,0.01,0.01,78983.72,1776881771000
1776881772.781,72.781,0.46,0.47,0.53,0.54,0.01,0.01,78983.72,1776881771000
1776881773.114,73.114,0.44,0.46,0.54,0.55,0.02,0.01,78983.72,1776881771000
1776881773.594,73.594,0.4,0.42,0.58,0.6,0.02,0.02,78983.72,1776881771000
1776881774.076,74.076,0.41,0.42,0.58,0.59,0.01,0.01,78982.69,1776881772000
1776881775.525,75.525,0.41,0.42,0.58,0.59,0.01,0.01,78982.46,1776881773000
1776881775.944,75.944,0.41,0.42,0.58,0.59,0.01,0.01,78977.72,1776881774000
1776881776.38,76.38,0.4,0.42,0.58,0.6,0.02,0.02,78977.72,1776881774000
1776881776.733,76.733,0.4,0.42,0.58,0.6,0.02,0.02,78975.24,1776881775000
1776881777.076,77.076,0.38,0.41,0.6,0.62,0.03,0.02,78971.48,1776881776000
1776881777.716,77.716,0.39,0.4,0.59,0.61,0.01,0.02,78971.48,1776881776000
1776881778.321,78.321,0.38,0.4,0.6,0.61,0.02,0.01,78971.48,1776881776000
1776881778.676,78.676,0.37,0.4,0.6,0.63,0.03,0.03,78967.83,1776881777000
1776881779.042,79.042,0.35,0.38,0.62,0.65,0.03,0.03,78967.83,1776881777000
1776881779.431,79.431,0.32,0.36,0.64,0.67,0.04,0.03,78967.83,1776881777000
1776881779.787,79.787,0.32,0.33,0.64,0.68,0.01,0.04,78967.83,1776881777000
1776881780.139,80.139,0.32,0.33,0.67,0.68,0.01,0.01,78967.82,1776881778000
1776881780.519,80.519,0.32,0.33,0.67,0.68,0.01,0.01,78966.79,1776881779000
1776881781.004,81.004,0.32,0.33,0.67,0.68,0.01,0.01,78966.79,1776881779000
1776881781.412,81.412,0.31,0.32,0.68,0.69,0.01,0.01,78963.67,1776881780000
1776881781.801,81.801,0.31,0.32,0.68,0.69,0.01,0.01,78963.67,1776881780000
1776881782.142,82.142,0.31,0.32,0.68,0.69,0.01,0.01,78962.38,1776881781000
1776881782.536,82.536,0.31,0.32,0.68,0.69,0.01,0.01,78962.38,1776881781000
1776881782.974,82.974,0.31,0.32,0.68,0.69,0.01,0.01,78962.38,1776881781000
1776881783.319,83.319,0.3,0.32,0.68,0.7,0.02,0.02,78962.34,1776881782000
1776881783.78,83.78,0.27,0.28,0.72,0.73,0.01,0.01,78962.34,1776881782000
1776881784.269,84.269,0.27,0.28,0.72,0.73,0.01,0.01,78961.44,1776881783000
1776881784.663,84.663,0.27,0.28,0.72,0.73,0.01,0.01,78961.44,1776881783000
1776881785.012,85.012,0.27,0.28,0.72,0.73,0.01,0.01,78956.66,1776881784000
1776881785.361,85.361,0.27,0.28,0.72,0.73,0.01,0.01,78956.66,1776881784000
1776881785.714,85.714,0.27,0.28,0.72,0.73,0.01,0.01,78956.66,1776881784000
1776881786.092,86.092,0.25,0.28,0.72,0.73,0.03,0.01,78956.66,1776881784000
1776881786.447,86.447,0.25,0.26,0.74,0.75,0.01,0.01,78952.59,1776881785000
1776881786.786,86.786,0.25,0.26,0.74,0.75,0.01,0.01,78952.59,1776881785000
1776881787.14,87.14,0.25,0.26,0.74,0.75,0.01,0.01,78952.9,1776881786000
1776881787.603,87.603,0.25,0.26,0.74,0.75,0.01,0.01,78952.9,1776881786000
1776881788.008,88.008,0.25,0.26,0.74,0.75,0.01,0.01,78952.9,1776881786000
1776881788.713,88.713,0.25,0.26,0.74,0.75,0.01,0.01,78950.58,1776881787000
1776881789.076,89.076,0.31,0.32,0.68,0.69,0.01,0.01,78949.95,1776881788000
1776881789.44,89.44,0.32,0.34,0.66,0.68,0.02,0.02,78949.95,1776881788000
1776881789.872,89.872,0.32,0.36,0.65,0.68,0.04,0.03,78949.95,1776881788000
1776881790.241,90.241,0.4,0.42,0.58,0.6,0.02,0.02,78949.64,1776881789000
1776881790.605,90.605,0.4,0.44,0.56,0.6,0.04,0.04,78949.64,1776881789000
1776881790.939,90.939,0.39,0.42,0.58,0.61,0.03,0.03,78949.64,1776881789000
1776881791.361,91.361,0.44,0.45,0.55,0.56,0.01,0.01,78966.84,1776881790000
1776881791.697,91.697,0.44,0.45,0.55,0.56,0.01,0.01,78966.84,1776881790000
1776881792.472,92.472,0.44,0.45,0.55,0.56,0.01,0.01,78974.71,1776881791000
1776881793.371,93.371,0.44,0.46,0.54,0.56,0.02,0.02,78974.71,1776881791000
1776881794.051,94.051,0.45,0.46,0.54,0.56,0.01,0.02,78975.03,1776881792000
1776881794.516,94.516,0.45,0.46,0.54,0.55,0.01,0.01,78975.03,1776881792000
1776881794.967,94.967,0.45,0.46,0.53,0.55,0.01,0.02,78974.36,1776881793000
1776881795.566,95.566,0.45,0.46,0.54,0.55,0.01,0.01,78974.35,1776881794000
1776881795.94,95.94,0.43,0.44,0.56,0.57,0.01,0.01,78974.35,1776881794000
1776881796.312,96.312,0.43,0.44,0.56,0.57,0.01,0.01,78974.35,1776881794000
1776881796.753,96.753,0.43,0.44,0.56,0.57,0.01,0.01,78974.35,1776881795000
1776881797.115,97.115,0.4,0.42,0.58,0.6,0.02,0.02,78974.35,1776881795000
1776881797.574,97.574,0.39,0.42,0.58,0.61,0.03,0.03,78972.54,1776881796000
1776881797.961,97.961,0.39,0.4,0.6,0.61,0.01,0.01,78972.54,1776881796000
1776881798.496,98.496,0.39,0.4,0.6,0.61,0.01,0.01,78971.4,1776881797000
1776881798.933,98.933,0.39,0.4,0.6,0.61,0.01,0.01,78971.4,1776881797000
1776881799.398,99.398,0.38,0.39,0.61,0.62,0.01,0.01,78969.05,1776881798000
1776881799.84,99.84,0.38,0.39,0.61,0.62,0.01,0.01,78969.05,1776881798000
1776881800.177,100.177,0.38,0.39,0.61,0.62,0.01,0.01,78969.05,1776881798000
1776881800.772,100.772,0.38,0.39,0.61,0.62,0.01,0.01,78967.66,1776881799000
1776881801.114,101.114,0.38,0.39,0.61,0.62,0.01,0.01,78967.66,1776881799000
1776881801.909,101.909,0.38,0.39,0.61,0.62,0.01,0.01,78965.48,1776881800000
1776881803.197,103.197,0.38,0.39,0.61,0.62,0.01,0.01,78965.23,1776881801000
1776881803.701,103.701,0.46,0.48,0.51,0.54,0.02,0.03,78965.34,1776881802000
1776881804.042,104.042,0.47,0.51,0.49,0.53,0.04,0.04,78965.34,1776881802000
1776881804.473,104.473,0.49,0.51,0.48,0.51,0.02,0.03,78969.57,1776881803000
1776881804.904,104.904,0.5,0.51,0.49,0.5,0.01,0.01,78969.57,1776881803000
1776881805.246,105.246,0.5,0.51,0.49,0.5,0.01,0.01,78969.57,1776881803000
1776881805.626,105.626,0.5,0.51,0.49,0.5,0.01,0.01,78977.02,1776881804000
1776881805.965,105.965,0.5,0.51,0.49,0.5,0.01,0.01,78977.02,1776881804000
1776881806.333,106.333,0.5,0.51,0.49,0.5,0.01,0.01,78978.39,1776881805000
1776881807.169,107.169,0.5,0.51,0.49,0.5,0.01,0.01,78981.2,1776881806000
1776881807.525,107.525,0.52,0.55,0.45,0.48,0.03,0.03,78981.2,1776881806000
1776881808.112,108.112,0.52,0.53,0.47,0.48,0.01,0.01,78981.2,1776881806000
1776881808.545,108.545,0.52,0.55,0.47,0.48,0.03,0.01,78981.2,1776881806000
1776881808.885,108.885,0.54,0.55,0.45,0.46,0.01,0.01,78981.2,1776881806000
1776881809.363,109.363,0.54,0.55,0.45,0.46,0.01,0.01,78981.83,1776881808000
1776881809.762,109.762,0.54,0.55,0.45,0.46,0.01,0.01,78981.83,1776881808000
1776881810.285,110.285,0.55,0.6,0.41,0.45,0.05,0.04,78981.83,1776881808000
1776881810.66,110.66,0.58,0.59,0.41,0.42,0.01,0.01,78981.83,1776881808000
1776881811.071,111.071,0.58,0.59,0.41,0.42,0.01,0.01,78985.06,1776881809000
1776881811.519,111.519,0.58,0.59,0.41,0.42,0.01,0.01,78985.06,1776881809000
1776881811.949,111.949,0.58,0.59,0.41,0.42,0.01,0.01,78985.12,1776881810000
1776881812.314,112.314,0.58,0.59,0.41,0.42,0.01,0.01,78985.12,1776881810000
1776881812.65,112.65,0.58,0.59,0.41,0.42,0.01,0.01,78988.02,1776881811000
1776881812.986,112.986,0.58,0.59,0.41,0.42,0.01,0.01,78988.02,1776881811000
1776881813.328,113.328,0.58,0.59,0.41,0.42,0.01,0.01,78989.22,1776881812000
1776881813.712,113.712,0.58,0.59,0.41,0.42,0.01,0.01,78989.22,1776881812000
1776881814.069,114.069,0.58,0.59,0.41,0.42,0.01,0.01,78989.22,1776881812000
1776881814.431,114.431,0.58,0.59,0.41,0.42,0.01,0.01,78989.22,1776881812000
1776881814.805,114.805,0.58,0.59,0.41,0.42,0.01,0.01,78989.04,1776881813000
1776881815.168,115.168,0.58,0.59,0.41,0.42,0.01,0.01,78989.04,1776881813000
1776881815.598,115.598,0.58,0.59,0.41,0.42,0.01,0.01,78989.32,1776881814000
1776881816.022,116.022,0.57,0.59,0.41,0.42,0.02,0.01,78989.32,1776881814000
1776881816.391,116.391,0.52,0.54,0.42,0.49,0.02,0.07,78989.34,1776881815000
1776881816.737,116.737,0.5,0.51,0.49,0.5,0.01,0.01,78989.34,1776881815000
1776881817.181,117.181,0.5,0.51,0.49,0.5,0.01,0.01,78989.34,1776881815000
1776881817.525,117.525,0.43,0.48,0.52,0.57,0.05,0.05,78989.34,1776881815000
1776881817.888,117.888,0.43,0.45,0.55,0.58,0.02,0.03,78989.84,1776881816000
1776881818.317,118.317,0.44,0.45,0.55,0.56,0.01,0.01,78989.84,1776881816000
1776881818.823,118.823,0.44,0.45,0.55,0.56,0.01,0.01,78986.21,1776881817000
1776881819.164,119.164,0.44,0.45,0.55,0.56,0.01,0.01,78986.21,1776881817000
1776881819.65,119.65,0.44,0.45,0.55,0.56,0.01,0.01,78982.42,1776881818000
1776881819.988,119.988,0.44,0.45,0.55,0.56,0.01,0.01,78982.42,1776881818000
1776881820.858,120.858,0.44,0.45,0.55,0.56,0.01,0.01,78976.52,1776881819000
1776881821.735,121.735,0.44,0.45,0.55,0.56,0.01,0.01,78975.25,1776881820000
1776881822.161,122.161,0.43,0.45,0.55,0.57,0.02,0.02,78975.25,1776881820000
1776881822.529,122.529,0.43,0.44,0.56,0.57,0.01,0.01,78977.32,1776881821000
1776881822.922,122.922,0.42,0.43,0.56,0.61,0.01,0.05,78977.32,1776881821000
1776881823.53,123.53,0.42,0.43,0.57,0.58,0.01,0.01,78976.18,1776881822000
1776881824.002,124.002,0.42,0.43,0.57,0.58,0.01,0.01,78976.18,1776881822000
1776881824.438,124.438,0.42,0.43,0.57,0.58,0.01,0.01,78976.18,1776881822000
1776881824.997,124.997,0.42,0.43,0.57,0.58,0.01,0.01,78975.83,1776881823000
1776881825.583,125.583,0.42,0.43,0.57,0.58,0.01,0.01,78975.83,1776881823000
1776881825.945,125.945,0.42,0.43,0.57,0.58,0.01,0.01,78976.57,1776881824000
1776881826.285,126.285,0.42,0.43,0.57,0.58,0.01,0.01,78976.57,1776881824000
1776881826.624,126.624,0.42,0.43,0.57,0.58,0.01,0.01,78975.71,1776881825000
1776881827.029,127.029,0.42,0.44,0.57,0.58,0.02,0.01,78975.71,1776881825000
1776881827.436,127.436,0.43,0.44,0.56,0.57,0.01,0.01,78975.71,1776881825000
1776881827.812,127.812,0.43,0.44,0.56,0.57,0.01,0.01,78975.71,1776881826000
1776881828.256,128.256,0.43,0.44,0.56,0.57,0.01,0.01,78975.59,1776881827000
1776881828.898,128.898,0.43,0.44,0.56,0.57,0.01,0.01,78975.59,1776881827000
1776881829.367,129.367,0.43,0.44,0.56,0.57,0.01,0.01,78975.59,1776881827000
1776881829.883,129.883,0.43,0.44,0.56,0.57,0.01,0.01,78976.19,1776881828000
1776881831.398,131.398,0.43,0.44,0.56,0.57,0.01,0.01,78976.58,1776881830000
1776881831.867,131.867,0.43,0.44,0.56,0.57,0.01,0.01,78976.58,1776881830000
1776881832.308,132.308,0.43,0.44,0.56,0.57,0.01,0.01,78976.58,1776881831000
1776881832.743,132.743,0.43,0.44,0.56,0.57,0.01,0.01,78976.58,1776881831000
1776881833.261,133.261,0.43,0.44,0.56,0.57,0.01,0.01,78976.58,1776881832000
1776881833.812,133.812,0.42,0.43,0.56,0.58,0.01,0.02,78976.58,1776881832000
1776881834.346,134.346,0.42,0.43,0.57,0.58,0.01,0.01,78976.58,1776881832000
1776881834.961,134.961,0.41,0.44,0.56,0.58,0.03,0.02,78976.53,1776881833000
1776881835.317,135.317,0.36,0.37,0.63,0.64,0.01,0.01,78976.22,1776881834000
1776881835.721,135.721,0.34,0.35,0.64,0.65,0.01,0.01,78976.22,1776881834000
1776881836.106,136.106,0.34,0.35,0.65,0.66,0.01,0.01,78976.22,1776881834000
1776881836.651,136.651,0.33,0.34,0.66,0.67,0.01,0.01,78975.73,1776881835000
1776881837.042,137.042,0.33,0.34,0.66,0.67,0.01,0.01,78975.73,1776881835000
1776881837.379,137.379,0.31,0.34,0.66,0.69,0.03,0.03,78973.11,1776881836000
1776881837.778,137.778,0.31,0.32,0.68,0.69,0.01,0.01,78973.11,1776881836000
1776881838.204,138.204,0.31,0.32,0.68,0.69,0.01,0.01,78964.42,1776881837000
1776881838.679,138.679,0.31,0.32,0.68,0.69,0.01,0.01,78964.42,1776881837000
1776881839.731,139.731,0.31,0.32,0.68,0.69,0.01,0.01,78963.64,1776881838000
1776881840.091,140.091,0.31,0.32,0.68,0.69,0.01,0.01,78962.25,1776881839000
1776881840.55,140.55,0.31,0.32,0.68,0.69,0.01,0.01,78962.25,1776881839000
1776881840.927,140.927,0.31,0.32,0.68,0.69,0.01,0.01,78962.25,1776881839000
1776881841.283,141.283,0.31,0.32,0.68,0.69,0.01,0.01,78961.96,1776881840000
1776881842.029,142.029,0.31,0.32,0.67,0.69,0.01,0.02,78961.96,1776881840000
1776881842.412,142.412,0.31,0.32,0.68,0.69,0.01,0.01,78961.96,1776881840000
1776881842.991,142.991,0.31,0.32,0.68,0.69,0.01,0.01,78961.58,1776881841000
1776881843.497,143.497,0.35,0.36,0.63,0.69,0.01,0.06,78961.58,1776881841000
1776881843.901,143.901,0.35,0.36,0.64,0.65,0.01,0.01,78961.62,1776881842000
1776881844.255,144.255,0.35,0.36,0.64,0.65,0.01,0.01,78961.62,1776881842000
1776881844.706,144.706,0.35,0.36,0.64,0.65,0.01,0.01,78962.57,1776881843000
1776881845.11,145.11,0.35,0.36,0.64,0.65,0.01,0.01,78961.97,1776881844000
1776881845.513,145.513,0.35,0.36,0.64,0.65,0.01,0.01,78961.97,1776881844000
1776881845.85,145.85,0.35,0.36,0.64,0.65,0.01,0.01,78961.97,1776881844000
1776881846.391,146.391,0.35,0.36,0.64,0.65,0.01,0.01,78962.6,1776881845000
1776881847.083,147.083,0.35,0.36,0.64,0.65,0.01,0.01,78962.79,1776881846000
1776881847.444,147.444,0.35,0.36,0.64,0.65,0.01,0.01,78962.79,1776881846000
1776881848.121,148.121,0.35,0.36,0.64,0.65,0.01,0.01,78962.13,1776881847000
1776881848.499,148.499,0.35,0.36,0.64,0.65,0.01,0.01,78962.13,1776881847000
1776881849.143,149.143,0.35,0.36,0.64,0.65,0.01,0.01,78961.8,1776881848000
1776881849.893,149.893,0.35,0.36,0.64,0.65,0.01,0.01,78961.8,1776881848000
1776881850.312,150.312,0.35,0.36,0.64,0.65,0.01,0.01,78961.69,1776881849000
1776881850.665,150.665,0.35,0.36,0.64,0.65,0.01,0.01,78961.69,1776881849000
1776881851.219,151.219,0.35,0.36,0.64,0.65,0.01,0.01,78962.37,1776881850000
1776881852.126,152.126,0.35,0.36,0.64,0.65,0.01,0.01,78963.88,1776881851000
1776881852.812,152.812,0.35,0.36,0.64,0.65,0.01,0.01,78963.88,1776881851000
1776881853.155,153.155,0.35,0.36,0.64,0.65,0.01,0.01,78963.88,1776881851000
1776881853.489,153.489,0.4,0.42,0.58,0.6,0.02,0.02,78968.67,1776881852000
1776881853.92,153.92,0.41,0.43,0.58,0.59,0.02,0.01,78968.67,1776881852000
1776881854.272,154.272,0.47,0.48,0.51,0.53,0.01,0.02,78971.61,1776881853000
1776881854.616,154.616,0.47,0.48,0.52,0.53,0.01,0.01,78971.61,1776881853000
1776881855.052,155.052,0.44,0.48,0.52,0.56,0.04,0.04,78971.61,1776881853000
1776881855.386,155.386,0.44,0.45,0.54,0.55,0.01,0.01,78971.6,1776881854000
1776881856.16,156.16,0.44,0.45,0.55,0.56,0.01,0.01,78971.6,1776881854000
1776881856.51,156.51,0.4,0.41,0.56,0.59,0.01,0.03,78971.6,1776881854000
1776881856.967,156.967,0.4,0.41,0.59,0.6,0.01,0.01,78975.74,1776881855000
1776881858.115,158.115,0.39,0.41,0.59,0.6,0.02,0.01,78974.12,1776881856000
1776881858.75,158.75,0.39,0.41,0.59,0.61,0.02,0.02,78972.27,1776881857000
1776881859.107,159.107,0.39,0.4,0.59,0.61,0.01,0.02,78972.27,1776881857000
1776881859.44,159.44,0.39,0.4,0.6,0.61,0.01,0.01,78972.27,1776881857000
1776881859.999,159.999,0.39,0.4,0.6,0.61,0.01,0.01,78969.23,1776881859000
1776881860.582,160.582,0.38,0.4,0.6,0.61,0.02,0.01,78969.23,1776881859000
1776881861.001,161.001,0.38,0.39,0.61,0.62,0.01,0.01,78969.23,1776881859000
1776881861.356,161.356,0.36,0.37,0.63,0.65,0.01,0.02,78968.97,1776881860000
1776881861.707,161.707,0.36,0.37,0.63,0.64,0.01,0.01,78968.97,1776881860000
1776881862.127,162.127,0.36,0.37,0.63,0.64,0.01,0.01,78968.91,1776881861000
1776881862.622,162.622,0.36,0.37,0.63,0.64,0.01,0.01,78968.91,1776881861000
1776881863.088,163.088,0.38,0.44,0.61,0.64,0.06,0.03,78968.91,1776881861000
1776881863.484,163.484,0.42,0.43,0.57,0.58,0.01,0.01,78967.24,1776881862000
1776881863.951,163.951,0.42,0.43,0.57,0.58,0.01,0.01,78967.24,1776881862000
1776881864.322,164.322,0.42,0.43,0.57,0.58,0.01,0.01,78964.44,1776881863000
1776881864.94,164.94,0.42,0.43,0.57,0.58,0.01,0.01,78964.44,1776881863000
1776881865.47,165.47,0.42,0.43,0.57,0.58,0.01,0.01,78964.44,1776881863000
1776881865.821,165.821,0.42,0.43,0.57,0.58,0.01,0.01,78969.15,1776881864000
1776881867.052,167.052,0.42,0.43,0.57,0.58,0.01,0.01,78970.45,1776881866000
1776881867.875,167.875,0.42,0.43,0.57,0.58,0.01,0.01,78970.45,1776881866000
1776881868.612,168.612,0.42,0.43,0.57,0.58,0.01,0.01,78970.88,1776881867000
1776881869.014,169.014,0.45,0.46,0.54,0.55,0.01,0.01,78970.88,1776881867000
1776881869.396,169.396,0.45,0.46,0.54,0.55,0.01,0.01,78972.11,1776881868000
1776881869.753,169.753,0.42,0.43,0.54,0.58,0.01,0.04,78972.11,1776881868000
1776881870.649,170.649,0.44,0.45,0.55,0.56,0.01,0.01,78972.11,1776881868000
1776881871.039,171.039,0.44,0.46,0.54,0.56,0.02,0.02,78972.2,1776881869000
1776881871.389,171.389,0.44,0.46,0.54,0.56,0.02,0.02,78972.7,1776881870000
1776881871.948,171.948,0.45,0.47,0.54,0.56,0.02,0.02,78972.7,1776881870000
1776881872.558,172.558,0.46,0.48,0.52,0.54,0.02,0.02,78974.74,1776881871000
1776881873.177,173.177,0.46,0.48,0.52,0.54,0.02,0.02,78975.66,1776881872000
1776881873.744,173.744,0.47,0.48,0.52,0.53,0.01,0.01,78975.66,1776881872000
1776881874.159,174.159,0.47,0.48,0.52,0.53,0.01,0.01,78975.66,1776881872000
1776881874.858,174.858,0.47,0.48,0.52,0.53,0.01,0.01,78975.64,1776881873000
1776881875.241,175.241,0.44,0.48,0.52,0.55,0.04,0.03,78975.64,1776881873000
1776881876.409,176.409,0.44,0.48,0.52,0.56,0.04,0.04,78975.82,1776881875000
1776881876.831,176.831,0.45,0.48,0.52,0.56,0.03,0.04,78975.82,1776881875000
1776881877.293,177.293,0.45,0.47,0.52,0.55,0.02,0.03,78975.82,1776881876000
1776881877.929,177.929,0.45,0.46,0.54,0.55,0.01,0.01,78975.82,1776881876000
1776881878.442,178.442,0.45,0.46,0.54,0.55,0.01,0.01,78976.02,1776881877000
1776881879.089,179.089,0.45,0.46,0.54,0.55,0.01,0.01,78976.02,1776881877000
1776881879.957,179.957,0.42,0.43,0.55,0.58,0.01,0.03,78975.99,1776881878000
1776881880.32,180.32,0.42,0.43,0.57,0.58,0.01,0.01,78975.99,1776881879000
1776881880.662,180.662,0.42,0.43,0.57,0.58,0.01,0.01,78975.99,1776881879000
1776881880.996,180.996,0.42,0.43,0.57,0.58,0.01,0.01,78975.99,1776881879000
1776881881.333,181.333,0.42,0.43,0.57,0.58,0.01,0.01,78975.82,1776881880000
1776881881.891,181.891,0.42,0.43,0.57,0.58,0.01,0.01,78975.82,1776881880000
1776881882.348,182.348,0.42,0.43,0.57,0.58,0.01,0.01,78975.82,1776881880000
1776881882.683,182.683,0.42,0.43,0.57,0.58,0.01,0.01,78974.85,1776881881000
1776881883.038,183.038,0.42,0.43,0.57,0.58,0.01,0.01,78974.85,1776881881000
1776881883.569,183.569,0.42,0.43,0.57,0.58,0.01,0.01,78974.85,1776881882000
1776881884.045,184.045,0.42,0.43,0.57,0.58,0.01,0.01,78974.76,1776881883000
1776881884.96,184.96,0.42,0.43,0.57,0.58,0.01,0.01,78974.76,1776881884000
1776881885.391,185.391,0.42,0.43,0.57,0.58,0.01,0.01,78974.76,1776881884000
1776881886.104,186.104,0.42,0.43,0.57,0.58,0.01,0.01,78974.91,1776881885000
1776881886.474,186.474,0.42,0.43,0.57,0.58,0.01,0.01,78974.91,1776881885000
1776881886.838,186.838,0.42,0.43,0.57,0.58,0.01,0.01,78974.91,1776881885000
1776881887.183,187.183,0.42,0.43,0.54,0.58,0.01,0.04,78974.91,1776881885000
1776881887.83,187.83,0.42,0.43,0.57,0.58,0.01,0.01,78974.91,1776881886000
1776881888.627,188.627,0.42,0.43,0.57,0.58,0.01,0.01,78973.96,1776881887000
1776881889.121,189.121,0.42,0.43,0.57,0.58,0.01,0.01,78973.96,1776881887000
1776881889.482,189.482,0.41,0.43,0.57,0.59,0.02,0.02,78971.51,1776881888000
1776881889.884,189.884,0.41,0.43,0.57,0.59,0.02,0.02,78970.27,1776881889000
1776881890.307,190.307,0.41,0.43,0.57,0.59,0.02,0.02,78970.27,1776881889000
1776881890.645,190.645,0.41,0.42,0.57,0.59,0.01,0.02,78970.27,1776881889000
1776881890.997,190.997,0.41,0.42,0.58,0.59,0.01,0.01,78970.27,1776881889000
1776881891.342,191.342,0.41,0.42,0.58,0.59,0.01,0.01,78970.99,1776881890000
1776881891.869,191.869,0.43,0.44,0.56,0.57,0.01,0.01,78970.99,1776881890000
1776881892.244,192.244,0.42,0.44,0.56,0.57,0.02,0.01,78972.22,1776881891000
1776881892.628,192.628,0.42,0.43,0.57,0.58,0.01,0.01,78972.22,1776881891000
1776881893.212,193.212,0.42,0.43,0.57,0.58,0.01,0.01,78973.0,1776881892000
1776881894.489,194.489,0.42,0.43,0.57,0.58,0.01,0.01,78973.02,1776881893000
1776881894.88,194.88,0.42,0.43,0.57,0.58,0.01,0.01,78973.02,1776881893000
1776881895.541,195.541,0.42,0.43,0.57,0.58,0.01,0.01,78973.02,1776881893000
1776881895.92,195.92,0.42,0.43,0.57,0.58,0.01,0.01,78973.05,1776881894000
1776881896.464,196.464,0.42,0.43,0.57,0.58,0.01,0.01,78973.08,1776881895000
1776881896.984,196.984,0.42,0.43,0.57,0.58,0.01,0.01,78973.08,1776881895000
1776881897.36,197.36,0.42,0.43,0.57,0.58,0.01,0.01,78973.39,1776881896000
1776881897.709,197.709,0.42,0.43,0.57,0.58,0.01,0.01,78973.39,1776881896000
1776881898.232,198.232,0.42,0.43,0.57,0.58,0.01,0.01,78973.48,1776881897000
1776881898.882,198.882,0.42,0.43,0.57,0.58,0.01,0.01,78973.48,1776881897000
1776881899.289,199.289,0.51,0.52,0.48,0.49,0.01,0.01,78973.13,1776881898000
1776881899.834,199.834,0.51,0.54,0.46,0.49,0.03,0.03,78973.13,1776881898000
1776881900.286,200.286,0.55,0.61,0.39,0.45,0.06,0.06,78973.13,1776881898000
1776881900.627,200.627,0.63,0.65,0.35,0.37,0.02,0.02,78981.11,1776881899000
1776881901.085,201.085,0.62,0.63,0.37,0.38,0.01,0.01,78987.84,1776881900000
1776881901.439,201.439,0.62,0.63,0.37,0.38,0.01,0.01,78987.84,1776881900000
1776881901.788,201.788,0.62,0.63,0.37,0.38,0.01,0.01,78987.84,1776881900000
1776881902.122,202.122,0.62,0.63,0.37,0.38,0.01,0.01,78987.84,1776881900000
1776881902.519,202.519,0.62,0.63,0.37,0.38,0.01,0.01,78990.78,1776881901000
1776881903.045,203.045,0.62,0.63,0.37,0.38,0.01,0.01,78990.71,1776881902000
1776881903.419,203.419,0.6,0.61,0.39,0.4,0.01,0.01,78990.71,1776881902000
1776881903.755,203.755,0.59,0.6,0.4,0.41,0.01,0.01,78990.71,1776881902000
1776881904.189,204.189,0.59,0.6,0.4,0.41,0.01,0.01,78990.71,1776881902000
1776881904.524,204.524,0.59,0.6,0.4,0.41,0.01,0.01,78990.18,1776881903000
1776881904.857,204.857,0.59,0.6,0.4,0.41,0.01,0.01,78990.18,1776881903000
1776881905.223,205.223,0.58,0.59,0.41,0.42,0.01,0.01,78990.18,1776881903000
1776881905.583,205.583,0.58,0.59,0.41,0.42,0.01,0.01,78989.36,1776881904000
1776881906.222,206.222,0.58,0.59,0.41,0.42,0.01,0.01,78989.36,1776881904000
1776881906.63,206.63,0.58,0.59,0.41,0.42,0.01,0.01,78988.25,1776881905000
1776881907.112,207.112,0.58,0.59,0.41,0.42,0.01,0.01,78987.74,1776881906000
1776881907.457,207.457,0.58,0.59,0.41,0.42,0.01,0.01,78987.74,1776881906000
1776881907.886,207.886,0.58,0.59,0.41,0.42,0.01,0.01,78987.74,1776881906000
1776881908.713,208.713,0.59,0.6,0.4,0.41,0.01,0.01,78987.62,1776881907000
1776881909.097,209.097,0.59,0.6,0.4,0.41,0.01,0.01,78988.2,1776881908000
1776881909.436,209.436,0.6,0.61,0.39,0.4,0.01,0.01,78988.2,1776881908000
1776881909.83,209.83,0.6,0.61,0.39,0.4,0.01,0.01,78988.2,1776881908000
1776881910.29,210.29,0.58,0.6,0.39,0.41,0.02,0.02,78988.2,1776881908000
1776881910.709,210.709,0.59,0.6,0.4,0.41,0.01,0.01,78988.41,1776881909000
1776881911.1,211.1,0.59,0.6,0.4,0.41,0.01,0.01,78988.41,1776881909000
1776881911.476,211.476,0.59,0.6,0.39,0.41,0.01,0.02,78988.41,1776881909000
1776881911.902,211.902,0.59,0.6,0.4,0.41,0.01,0.01,78988.39,1776881910000
1776881912.58,212.58,0.61,0.62,0.38,0.39,0.01,0.01,78988.39,1776881911000
1776881912.917,212.917,0.61,0.62,0.38,0.39,0.01,0.01,78988.39,1776881911000
1776881913.321,213.321,0.61,0.62,0.38,0.39,0.01,0.01,78988.39,1776881911000
1776881913.72,213.72,0.62,0.63,0.37,0.39,0.01,0.02,78986.01,1776881912000
1776881914.081,214.081,0.62,0.63,0.37,0.38,0.01,0.01,78986.06,1776881913000
1776881914.587,214.587,0.62,0.63,0.37,0.38,0.01,0.01,78986.06,1776881913000
1776881915.131,215.131,0.62,0.63,0.37,0.38,0.01,0.01,78986.06,1776881913000
1776881915.471,215.471,0.62,0.63,0.37,0.38,0.01,0.01,78986.06,1776881913000
1776881915.937,215.937,0.61,0.63,0.37,0.39,0.02,0.02,78989.79,1776881914000
1776881916.371,216.371,0.68,0.7,0.3,0.31,0.02,0.01,78989.79,1776881914000
1776881916.714,216.714,0.7,0.71,0.29,0.3,0.01,0.01,78989.49,1776881915000
1776881917.127,217.127,0.71,0.72,0.28,0.29,0.01,0.01,78989.49,1776881915000
1776881917.554,217.554,0.71,0.72,0.28,0.29,0.01,0.01,78989.49,1776881916000
1776881917.902,217.902,0.72,0.73,0.27,0.28,0.01,0.01,78989.49,1776881916000
1776881918.259,218.259,0.64,0.66,0.34,0.36,0.02,0.02,78991.09,1776881917000
1776881918.657,218.657,0.64,0.65,0.35,0.36,0.01,0.01,78991.09,1776881917000
1776881919.124,219.124,0.64,0.65,0.35,0.36,0.01,0.01,78991.09,1776881917000
1776881919.505,219.505,0.65,0.66,0.34,0.35,0.01,0.01,78991.09,1776881917000
1776881919.864,219.864,0.65,0.66,0.34,0.35,0.01,0.01,78994.62,1776881918000
1776881920.2,220.2,0.65,0.66,0.34,0.35,0.01,0.01,78994.62,1776881918000
1776881920.536,220.536,0.66,0.68,0.32,0.34,0.02,0.02,78994.15,1776881919000
1776881920.871,220.871,0.67,0.68,0.32,0.33,0.01,0.01,78994.15,1776881919000
1776881921.288,221.288,0.67,0.68,0.32,0.33,0.01,0.01,78994.15,1776881920000
1776881921.712,221.712,0.68,0.69,0.31,0.33,0.01,0.02,78994.15,1776881920000
1776881922.067,222.067,0.78,0.79,0.21,0.22,0.01,0.01,78994.15,1776881920000
1776881922.403,222.403,0.75,0.76,0.24,0.25,0.01,0.01,78994.59,1776881921000
1776881922.766,222.766,0.75,0.76,0.24,0.25,0.01,0.01,78994.59,1776881921000
1776881923.216,223.216,0.75,0.76,0.24,0.25,0.01,0.01,78994.94,1776881922000
1776881923.578,223.578,0.74,0.75,0.25,0.26,0.01,0.01,78994.94,1776881922000
1776881923.953,223.953,0.74,0.75,0.25,0.26,0.01,0.01,78994.94,1776881922000
1776881924.29,224.29,0.74,0.75,0.25,0.26,0.01,0.01,78997.58,1776881923000
1776881924.654,224.654,0.74,0.75,0.25,0.26,0.01,0.01,78997.58,1776881923000
1776881925.109,225.109,0.74,0.75,0.25,0.26,0.01,0.01,78998.32,1776881924000
1776881925.451,225.451,0.74,0.75,0.25,0.26,0.01,0.01,78998.32,1776881924000
1776881925.862,225.862,0.75,0.76,0.24,0.26,0.01,0.02,78998.32,1776881924000
1776881926.369,226.369,0.75,0.76,0.24,0.25,0.01,0.01,78998.32,1776881924000
1776881926.914,226.914,0.76,0.77,0.23,0.24,0.01,0.01,78999.02,1776881925000
1776881927.273,227.273,0.76,0.77,0.23,0.24,0.01,0.01,78999.74,1776881926000
1776881927.63,227.63,0.77,0.78,0.22,0.23,0.01,0.01,78999.74,1776881926000
1776881928.134,228.134,0.77,0.78,0.22,0.23,0.01,0.01,79001.27,1776881927000
1776881928.646,228.646,0.76,0.77,0.22,0.24,0.01,0.02,79001.27,1776881927000
1776881929.031,229.031,0.75,0.76,0.24,0.25,0.01,0.01,79001.27,1776881927000
1776881929.409,229.409,0.74,0.75,0.25,0.26,0.01,0.01,79003.86,1776881928000
1776881929.757,229.757,0.74,0.75,0.25,0.26,0.01,0.01,79003.86,1776881928000
1776881930.091,230.091,0.75,0.76,0.25,0.26,0.01,0.01,79003.86,1776881928000
1776881930.536,230.536,0.75,0.76,0.24,0.25,0.01,0.01,79003.86,1776881928000
1776881931.209,231.209,0.76,0.77,0.24,0.25,0.01,0.01,79003.45,1776881929000
1776881931.854,231.854,0.76,0.77,0.23,0.24,0.01,0.01,79001.89,1776881930000
1776881932.234,232.234,0.76,0.77,0.23,0.24,0.01,0.01,79001.89,1776881930000
1776881932.715,232.715,0.76,0.77,0.23,0.24,0.01,0.01,79001.78,1776881931000
1776881933.077,233.077,0.76,0.77,0.23,0.24,0.01,0.01,79001.78,1776881932000
1776881933.612,233.612,0.75,0.76,0.23,0.24,0.01,0.01,79001.78,1776881932000
1776881933.985,233.985,0.73,0.74,0.26,0.27,0.01,0.01,79001.78,1776881932000
1776881934.492,234.492,0.73,0.74,0.26,0.27,0.01,0.01,79001.92,1776881933000
1776881935.081,235.081,0.77,0.78,0.24,0.25,0.01,0.01,79001.92,1776881933000
1776881935.428,235.428,0.78,0.79,0.21,0.22,0.01,0.01,79001.84,1776881934000
1776881935.807,235.807,0.77,0.78,0.21,0.23,0.01,0.02,79001.84,1776881934000
1776881936.142,236.142,0.77,0.78,0.22,0.23,0.01,0.01,79001.31,1776881935000
1776881936.55,236.55,0.77,0.78,0.22,0.23,0.01,0.01,79001.31,1776881935000
1776881937.032,237.032,0.76,0.77,0.23,0.24,0.01,0.01,79001.31,1776881935000
1776881937.447,237.447,0.75,0.77,0.23,0.25,0.02,0.02,79001.42,1776881936000
1776881937.817,237.817,0.74,0.75,0.25,0.26,0.01,0.01,79001.42,1776881936000
1776881938.272,238.272,0.74,0.75,0.25,0.26,0.01,0.01,79001.42,1776881936000
1776881938.943,238.943,0.74,0.75,0.25,0.26,0.01,0.01,79001.4,1776881937000
1776881939.349,239.349,0.74,0.75,0.25,0.26,0.01,0.01,79001.24,1776881938000
1776881939.741,239.741,0.74,0.75,0.25,0.26,0.01,0.01,79001.24,1776881938000
1776881940.343,240.343,0.75,0.76,0.24,0.25,0.01,0.01,79001.12,1776881939000
1776881940.708,240.708,0.75,0.76,0.24,0.25,0.01,0.01,79001.12,1776881939000
1776881941.112,241.112,0.76,0.77,0.23,0.25,0.01,0.02,79001.12,1776881939000
1776881941.521,241.521,0.77,0.78,0.22,0.23,0.01,0.01,79001.33,1776881940000
1776881941.928,241.928,0.77,0.78,0.22,0.23,0.01,0.01,79001.33,1776881940000
1776881942.413,242.413,0.77,0.78,0.22,0.23,0.01,0.01,79000.55,1776881941000
1776881942.796,242.796,0.77,0.78,0.22,0.23,0.01,0.01,79000.55,1776881941000
1776881943.133,243.133,0.77,0.79,0.21,0.23,0.02,0.02,79001.46,1776881942000
1776881943.676,243.676,0.78,0.79,0.21,0.22,0.01,0.01,79001.46,1776881942000
1776881944.11,244.11,0.78,0.79,0.21,0.22,0.01,0.01,79001.46,1776881942000
1776881944.485,244.485,0.78,0.79,0.21,0.22,0.01,0.01,79001.46,1776881942000
1776881944.895,244.895,0.79,0.8,0.2,0.21,0.01,0.01,79001.8,1776881943000
1776881945.263,245.263,0.79,0.8,0.2,0.21,0.01,0.01,79001.8,1776881944000
1776881945.604,245.604,0.79,0.8,0.2,0.21,0.01,0.01,79001.8,1776881944000
1776881946.076,246.076,0.79,0.8,0.2,0.21,0.01,0.01,79002.05,1776881945000
1776881946.426,246.426,0.78,0.79,0.21,0.22,0.01,0.01,79002.05,1776881945000
1776881947.045,247.045,0.78,0.79,0.21,0.22,0.01,0.01,79002.13,1776881946000
1776881947.544,247.544,0.77,0.78,0.21,0.23,0.01,0.02,79002.13,1776881946000
1776881947.956,247.956,0.76,0.77,0.22,0.24,0.01,0.02,79002.13,1776881946000
1776881948.326,248.326,0.76,0.77,0.23,0.24,0.01,0.01,79003.53,1776881947000
1776881948.685,248.685,0.76,0.77,0.23,0.24,0.01,0.01,79003.53,1776881947000
1776881949.035,249.035,0.77,0.78,0.22,0.23,0.01,0.01,79003.53,1776881947000
1776881949.388,249.388,0.83,0.84,0.16,0.17,0.01,0.01,79001.97,1776881948000
1776881949.807,249.807,0.83,0.84,0.16,0.17,0.01,0.01,79001.97,1776881948000
1776881950.19,250.19,0.83,0.84,0.16,0.17,0.01,0.01,79001.92,1776881949000
1776881950.544,250.544,0.83,0.84,0.16,0.17,0.01,0.01,79001.92,1776881949000
1776881951.012,251.012,0.83,0.84,0.16,0.17,0.01,0.01,79002.22,1776881950000
1776881951.97,251.97,0.83,0.85,0.16,0.17,0.02,0.01,79002.22,1776881950000
1776881952.346,252.346,0.84,0.85,0.15,0.16,0.01,0.01,79003.64,1776881951000
1776881952.698,252.698,0.84,0.85,0.15,0.16,0.01,0.01,79003.64,1776881951000
1776881953.033,253.033,0.84,0.88,0.15,0.16,0.04,0.01,79003.64,1776881951000
1776881953.42,253.42,0.86,0.87,0.13,0.14,0.01,0.01,79007.16,1776881952000
1776881953.757,253.757,0.87,0.88,0.12,0.13,0.01,0.01,79007.16,1776881952000
1776881954.111,254.111,0.87,0.88,0.12,0.13,0.01,0.01,79007.16,1776881952000
1776881954.645,254.645,0.87,0.88,0.12,0.13,0.01,0.01,79007.14,1776881953000
1776881954.991,254.991,0.84,0.85,0.15,0.16,0.01,0.01,79007.14,1776881953000
1776881955.331,255.331,0.84,0.85,0.15,0.16,0.01,0.01,79006.98,1776881954000
1776881955.787,255.787,0.87,0.88,0.12,0.13,0.01,0.01,79006.98,1776881954000
1776881956.146,256.146,0.87,0.89,0.12,0.13,0.02,0.01,79006.98,1776881954000
1776881956.549,256.549,0.88,0.89,0.11,0.12,0.01,0.01,79006.84,1776881955000
1776881956.906,256.906,0.88,0.89,0.11,0.12,0.01,0.01,79006.84,1776881955000
1776881957.257,257.257,0.87,0.88,0.12,0.13,0.01,0.01,79006.84,1776881955000
1776881957.638,257.638,0.87,0.88,0.12,0.13,0.01,0.01,79006.84,1776881955000
1776881958.085,258.085,0.86,0.87,0.13,0.14,0.01,0.01,79004.01,1776881956000
1776881958.434,258.434,0.85,0.86,0.13,0.15,0.01,0.02,79003.9,1776881957000
1776881958.847,258.847,0.85,0.86,0.14,0.15,0.01,0.01,79003.9,1776881957000
1776881959.232,259.232,0.85,0.86,0.14,0.15,0.01,0.01,79005.61,1776881958000
1776881959.624,259.624,0.86,0.87,0.13,0.14,0.01,0.01,79005.61,1776881958000
1776881960.02,260.02,0.84,0.87,0.13,0.14,0.03,0.01,79005.61,1776881958000
1776881960.54,260.54,0.85,0.86,0.13,0.15,0.01,0.02,79003.84,1776881959000
1776881960.889,260.889,0.85,0.86,0.14,0.15,0.01,0.01,79003.84,1776881959000
1776881961.254,261.254,0.85,0.86,0.14,0.15,0.01,0.01,79003.6,1776881960000
1776881961.596,261.596,0.85,0.86,0.14,0.15,0.01,0.01,79003.6,1776881960000
1776881962.009,262.009,0.87,0.88,0.12,0.13,0.01,0.01,79003.54,1776881961000
1776881962.46,262.46,0.87,0.88,0.12,0.13,0.01,0.01,79003.54,1776881961000
1776881962.812,262.812,0.87,0.88,0.12,0.13,0.01,0.01,79003.54,1776881961000
1776881963.178,263.178,0.85,0.86,0.13,0.15,0.01,0.02,79003.54,1776881962000
1776881963.525,263.525,0.81,0.82,0.18,0.19,0.01,0.01,79003.54,1776881962000
1776881963.875,263.875,0.8,0.81,0.19,0.2,0.01,0.01,79003.54,1776881962000
1776881964.292,264.292,0.8,0.81,0.19,0.2,0.01,0.01,79003.29,1776881963000
1776881964.658,264.658,0.63,0.65,0.35,0.37,0.02,0.02,79003.29,1776881963000
1776881965.026,265.026,0.64,0.65,0.35,0.36,0.01,0.01,79002.94,1776881964000
1776881965.371,265.371,0.71,0.73,0.28,0.29,0.02,0.01,79002.94,1776881964000
1776881965.744,265.744,0.77,0.78,0.21,0.23,0.01,0.02,79002.94,1776881964000
1776881966.082,266.082,0.77,0.78,0.22,0.23,0.01,0.01,78999.83,1776881965000
1776881966.471,266.471,0.77,0.78,0.22,0.23,0.01,0.01,78999.83,1776881965000
1776881966.847,266.847,0.77,0.78,0.22,0.23,0.01,0.01,78999.83,1776881965000
1776881967.206,267.206,0.77,0.78,0.22,0.23,0.01,0.01,78997.35,1776881966000
1776881967.574,267.574,0.77,0.78,0.22,0.23,0.01,0.01,78997.35,1776881966000
1776881968.053,268.053,0.77,0.79,0.22,0.23,0.02,0.01,78997.35,1776881966000
1776881968.427,268.427,0.78,0.79,0.21,0.22,0.01,0.01,78997.75,1776881967000
1776881968.771,268.771,0.8,0.86,0.18,0.2,0.06,0.02,78997.75,1776881967000
1776881969.109,269.109,0.89,0.9,0.1,0.11,0.01,0.01,78995.84,1776881968000
1776881969.495,269.495,0.88,0.89,0.11,0.12,0.01,0.01,78995.84,1776881968000
1776881969.957,269.957,0.89,0.9,0.1,0.11,0.01,0.01,78995.84,1776881968000
1776881970.399,270.399,0.9,0.91,0.1,0.11,0.01,0.01,78997.95,1776881969000
1776881970.783,270.783,0.9,0.91,0.09,0.1,0.01,0.01,78997.95,1776881969000
1776881971.166,271.166,0.91,0.92,0.09,0.1,0.01,0.01,78997.95,1776881969000
1776881971.506,271.506,0.92,0.93,0.08,0.09,0.01,0.01,78998.88,1776881970000
1776881971.888,271.888,0.92,0.93,0.07,0.08,0.01,0.01,78998.88,1776881970000
1776881972.235,272.235,0.92,0.93,0.07,0.08,0.01,0.01,79000.61,1776881971000
1776881972.599,272.599,0.94,0.95,0.05,0.06,0.01,0.01,79000.61,1776881971000
1776881972.936,272.936,0.94,0.95,0.05,0.06,0.01,0.01,79000.61,1776881971000
1776881973.303,273.303,0.94,0.95,0.05,0.06,0.01,0.01,79000.61,1776881971000
1776881973.719,273.719,0.93,0.94,0.05,0.06,0.01,0.01,79000.61,1776881972000
1776881974.116,274.116,0.93,0.94,0.06,0.07,0.01,0.01,79000.61,1776881972000
1776881974.496,274.496,0.92,0.93,0.07,0.08,0.01,0.01,79004.92,1776881973000
1776881974.887,274.887,0.92,0.93,0.07,0.08,0.01,0.01,79004.92,1776881973000
1776881975.275,275.275,0.92,0.93,0.07,0.08,0.01,0.01,79006.95,1776881974000
1776881975.64,275.64,0.9,0.91,0.08,0.1,0.01,0.02,79006.95,1776881974000
1776881975.996,275.996,0.9,0.91,0.09,0.1,0.01,0.01,79007.6,1776881975000
1776881976.339,276.339,0.88,0.91,0.09,0.12,0.03,0.03,79007.6,1776881975000
1776881976.732,276.732,0.85,0.86,0.13,0.15,0.01,0.02,79007.6,1776881975000
1776881977.068,277.068,0.85,0.86,0.14,0.15,0.01,0.01,79007.6,1776881975000
1776881977.442,277.442,0.85,0.87,0.14,0.15,0.02,0.01,79006.24,1776881976000
1776881977.787,277.787,0.86,0.87,0.13,0.14,0.01,0.01,79006.24,1776881976000
1776881978.163,278.163,0.88,0.89,0.11,0.12,0.01,0.01,79005.26,1776881977000
1776881978.574,278.574,0.9,0.91,0.1,0.11,0.01,0.01,79005.26,1776881977000
1776881979.092,279.092,0.9,0.91,0.09,0.1,0.01,0.01,79005.26,1776881977000
1776881979.448,279.448,0.92,0.93,0.07,0.08,0.01,0.01,79002.55,1776881978000
1776881979.795,279.795,0.92,0.93,0.07,0.08,0.01,0.01,79002.55,1776881978000
1776881980.267,280.267,0.92,0.93,0.07,0.08,0.01,0.01,79002.55,1776881978000
1776881980.714,280.714,0.92,0.93,0.07,0.08,0.01,0.01,79002.18,1776881979000
1776881981.048,281.048,0.92,0.93,0.07,0.08,0.01,0.01,79002.18,1776881979000
1776881981.463,281.463,0.92,0.93,0.07,0.08,0.01,0.01,79002.59,1776881980000
1776881981.903,281.903,0.92,0.93,0.07,0.08,0.01,0.01,79002.59,1776881980000
1776881982.247,282.247,0.92,0.93,0.07,0.08,0.01,0.01,79002.59,1776881980000
1776881982.589,282.589,0.92,0.93,0.07,0.08,0.01,0.01,79002.59,1776881981000
1776881982.94,282.94,0.92,0.93,0.07,0.08,0.01,0.01,79002.59,1776881981000
1776881983.287,283.287,0.94,0.95,0.05,0.06,0.01,0.01,79002.59,1776881981000
1776881983.729,283.729,0.94,0.95,0.05,0.06,0.01,0.01,79002.59,1776881981000
1776881984.109,284.109,0.94,0.95,0.05,0.06,0.01,0.01,79003.5,1776881982000
1776881984.625,284.625,0.93,0.95,0.05,0.07,0.02,0.02,79003.5,1776881983000
1776881985.12,285.12,0.92,0.94,0.06,0.07,0.02,0.01,79003.5,1776881983000
1776881985.497,285.497,0.8,0.81,0.19,0.2,0.01,0.01,79003.5,1776881984000
1776881985.857,285.857,0.79,0.8,0.2,0.21,0.01,0.01,79003.5,1776881984000
1776881986.208,286.208,0.79,0.8,0.2,0.21,0.01,0.01,79003.5,1776881984000
1776881986.548,286.548,0.79,0.8,0.13,0.21,0.01,0.08,79002.74,1776881985000
1776881986.883,286.883,0.74,0.76,0.24,0.26,0.02,0.02,79002.74,1776881985000
1776881987.228,287.228,0.8,0.86,0.21,0.22,0.06,0.01,79001.54,1776881986000
1776881987.666,287.666,0.84,0.87,0.13,0.16,0.03,0.03,79001.54,1776881986000
1776881988.055,288.055,0.83,0.84,0.16,0.17,0.01,0.01,79001.54,1776881986000
1776881988.483,288.483,0.87,0.88,0.16,0.17,0.01,0.01,78998.34,1776881987000
1776881988.871,288.871,0.87,0.88,0.12,0.13,0.01,0.01,78997.01,1776881988000
1776881989.235,289.235,0.87,0.88,0.12,0.13,0.01,0.01,78997.01,1776881988000
1776881989.569,289.569,0.83,0.85,0.16,0.17,0.02,0.01,78997.01,1776881988000
1776881989.915,289.915,0.84,0.9,0.15,0.16,0.06,0.01,78997.01,1776881988000
1776881990.27,290.27,0.89,0.9,0.1,0.11,0.01,0.01,78996.79,1776881989000
1776881990.708,290.708,0.95,0.96,0.05,0.06,0.01,0.01,78996.79,1776881989000
1776881991.084,291.084,0.95,0.97,0.04,0.05,0.02,0.01,78996.84,1776881990000
1776881991.572,291.572,0.94,0.95,0.05,0.06,0.01,0.01,78996.84,1776881990000
1776881991.929,291.929,0.95,0.96,0.05,0.06,0.01,0.01,78996.84,1776881990000
1776881992.391,292.391,0.94,0.97,0.03,0.04,0.03,0.01,78998.05,1776881991000
1776881992.735,292.735,0.95,0.96,0.04,0.05,0.01,0.01,78998.05,1776881991000
1776881993.316,293.316,0.96,0.97,0.03,0.04,0.01,0.01,78998.05,1776881991000
1776881993.713,293.713,0.96,0.97,0.03,0.04,0.01,0.01,78998.34,1776881992000
1776881994.069,294.069,0.94,0.95,0.05,0.06,0.01,0.01,78999.37,1776881993000
1776881994.411,294.411,0.94,0.95,0.05,0.06,0.01,0.01,78999.37,1776881993000
1776881994.837,294.837,0.94,0.95,0.05,0.06,0.01,0.01,78999.37,1776881993000
1776881995.19,295.19,0.94,0.95,0.05,0.06,0.01,0.01,78999.38,1776881994000
1776881995.612,295.612,0.94,0.95,0.05,0.06,0.01,0.01,78999.38,1776881994000
1776881996.046,296.046,0.96,0.97,0.03,0.05,0.01,0.02,78999.38,1776881994000
1776881996.411,296.411,0.96,0.98,0.02,0.04,0.02,0.02,78998.34,1776881995000
1776881996.76,296.76,0.97,0.98,0.02,0.03,0.01,0.01,78998.34,1776881995000
1776881997.099,297.099,0.97,0.98,0.02,0.03,0.01,0.01,78998.34,1776881996000
1776881997.433,297.433,0.98,0.99,0.01,0.02,0.01,0.01,78998.34,1776881996000
1776881997.786,297.786,0.98,0.99,0.01,0.02,0.01,0.01,78998.34,1776881996000
1776881998.137,298.137,0.98,0.99,0.01,0.02,0.01,0.01,78998.27,1776881997000
1776881998.684,298.684,0.99,0.99,0.01,0.01,0.0,0.0,78998.27,1776881997000
1776881999.083,299.083,0.99,0.99,0.01,0.01,0.0,0.0,78998.27,1776881997000
1776881999.598,299.598,0.99,0.99,0.01,0.01,0.0,0.0,78998.27,1776881997000
1776882000.046,300.046,0.99,0.99,0.01,0.01,0.0,0.0,78999.24,1776881998000
1776882000.392,300.392,0.99,0.99,0.01,0.01,0.0,0.0,78999.24,1776881998000
1776882000.903,300.903,0.99,0.99,0.01,0.01,0.0,0.0,78999.24,1776881998000
1776882001.311,301.311,0.99,0.99,0.01,0.01,0.0,0.0,78998.29,1776882000000

# RESULT,winner=Up,slug=btc-updown-5m-1776881700,ticks=665
