timestamp,elapsed_sec,up_bid,up_ask,down_bid,down_ask,up_spread,down_spread,btc_price,btc_oracle_ts
1776512100.71,0.71,0.46,0.47,0.53,0.54,0.01,0.01,76144.85,1776512099000
1776512101.218,1.218,0.45,0.48,0.54,0.55,0.03,0.01,76144.85,1776512099000
1776512101.565,1.565,0.46,0.48,0.52,0.55,0.02,0.03,76144.85,1776512100000
1776512102.406,2.406,0.45,0.46,0.51,0.52,0.01,0.01,76144.85,1776512100000
1776512102.902,2.902,0.44,0.46,0.54,0.55,0.02,0.01,76144.92,1776512101000
1776512103.245,3.245,0.4,0.41,0.59,0.6,0.01,0.01,76144.92,1776512101000
1776512103.581,3.581,0.4,0.41,0.59,0.6,0.01,0.01,76139.68,1776512102000
1776512103.954,3.954,0.39,0.4,0.59,0.61,0.01,0.02,76139.68,1776512102000
1776512104.301,4.301,0.36,0.39,0.61,0.63,0.03,0.02,76139.68,1776512102000
1776512104.637,4.637,0.34,0.35,0.65,0.66,0.01,0.01,76124.93,1776512103000
1776512104.983,4.983,0.33,0.35,0.65,0.66,0.02,0.01,76124.93,1776512103000
1776512105.48,5.48,0.33,0.34,0.65,0.67,0.01,0.02,76117.44,1776512104000
1776512106.019,6.019,0.3,0.31,0.69,0.7,0.01,0.01,76117.44,1776512104000
1776512106.418,6.418,0.3,0.31,0.69,0.7,0.01,0.01,76117.44,1776512104000
1776512106.794,6.794,0.3,0.31,0.69,0.7,0.01,0.01,76115.29,1776512105000
1776512107.188,7.188,0.3,0.31,0.69,0.7,0.01,0.01,76115.29,1776512105000
1776512107.56,7.56,0.29,0.31,0.69,0.7,0.02,0.01,76106.34,1776512106000
1776512108.028,8.028,0.29,0.3,0.69,0.71,0.01,0.02,76106.34,1776512106000
1776512108.366,8.366,0.29,0.3,0.7,0.71,0.01,0.01,76106.34,1776512106000
1776512108.726,8.726,0.29,0.3,0.7,0.71,0.01,0.01,76106.34,1776512106000
1776512109.068,9.068,0.28,0.29,0.71,0.72,0.01,0.01,76105.62,1776512107000
1776512109.454,9.454,0.27,0.28,0.72,0.74,0.01,0.02,76105.62,1776512107000
1776512109.794,9.794,0.25,0.26,0.74,0.75,0.01,0.01,76105.73,1776512108000
1776512110.172,10.172,0.25,0.26,0.74,0.75,0.01,0.01,76106.3,1776512109000
1776512110.544,10.544,0.24,0.26,0.74,0.75,0.02,0.01,76106.3,1776512109000
1776512110.941,10.941,0.23,0.24,0.75,0.77,0.01,0.02,76106.3,1776512109000
1776512111.274,11.274,0.23,0.24,0.76,0.77,0.01,0.01,76106.3,1776512109000
1776512111.679,11.679,0.23,0.24,0.76,0.77,0.01,0.01,76106.3,1776512110000
1776512112.188,12.188,0.23,0.24,0.76,0.77,0.01,0.01,76106.3,1776512110000
1776512112.587,12.587,0.23,0.24,0.76,0.77,0.01,0.01,76101.72,1776512111000
1776512113.017,13.017,0.22,0.23,0.76,0.77,0.01,0.01,76101.72,1776512111000
1776512113.365,13.365,0.22,0.23,0.77,0.78,0.01,0.01,76101.72,1776512111000
1776512113.708,13.708,0.21,0.22,0.77,0.78,0.01,0.01,76101.72,1776512111000
1776512114.227,14.227,0.21,0.23,0.78,0.79,0.02,0.01,76099.2,1776512112000
1776512114.694,14.694,0.21,0.22,0.78,0.79,0.01,0.01,76096.13,1776512113000
1776512115.042,15.042,0.21,0.22,0.78,0.79,0.01,0.01,76096.13,1776512113000
1776512115.379,15.379,0.21,0.22,0.78,0.79,0.01,0.01,76098.58,1776512114000
1776512116.167,16.167,0.21,0.22,0.78,0.79,0.01,0.01,76098.58,1776512114000
1776512116.505,16.505,0.21,0.22,0.78,0.79,0.01,0.01,76098.34,1776512115000
1776512117.093,17.093,0.21,0.22,0.78,0.79,0.01,0.01,76098.34,1776512115000
1776512117.583,17.583,0.21,0.22,0.78,0.79,0.01,0.01,76098.05,1776512116000
1776512117.983,17.983,0.2,0.21,0.79,0.8,0.01,0.01,76098.05,1776512116000
1776512118.408,18.408,0.2,0.21,0.79,0.8,0.01,0.01,76098.05,1776512116000
1776512118.808,18.808,0.2,0.21,0.79,0.8,0.01,0.01,76098.05,1776512116000
1776512119.202,19.202,0.2,0.21,0.79,0.8,0.01,0.01,76097.31,1776512117000
1776512119.605,19.605,0.2,0.21,0.79,0.8,0.01,0.01,76097.31,1776512117000
1776512120.166,20.166,0.2,0.21,0.79,0.8,0.01,0.01,76097.31,1776512118000
1776512120.521,20.521,0.2,0.21,0.79,0.8,0.01,0.01,76097.31,1776512118000
1776512120.895,20.895,0.2,0.21,0.79,0.81,0.01,0.02,76095.83,1776512119000
1776512121.549,21.549,0.19,0.2,0.8,0.81,0.01,0.01,76095.83,1776512120000
1776512121.937,21.937,0.21,0.22,0.78,0.79,0.01,0.01,76095.83,1776512120000
1776512122.291,22.291,0.22,0.23,0.76,0.79,0.01,0.03,76096.58,1776512121000
1776512122.684,22.684,0.22,0.23,0.77,0.78,0.01,0.01,76096.58,1776512121000
1776512123.174,23.174,0.22,0.23,0.77,0.78,0.01,0.01,76096.58,1776512121000
1776512123.523,23.523,0.22,0.23,0.77,0.78,0.01,0.01,76096.35,1776512122000
1776512123.882,23.882,0.22,0.23,0.77,0.78,0.01,0.01,76096.35,1776512122000
1776512124.29,24.29,0.22,0.23,0.77,0.78,0.01,0.01,76095.25,1776512123000
1776512124.665,24.665,0.22,0.23,0.77,0.78,0.01,0.01,76095.25,1776512123000
1776512125.068,25.068,0.21,0.23,0.77,0.79,0.02,0.02,76095.36,1776512124000
1776512125.428,25.428,0.19,0.2,0.78,0.81,0.01,0.03,76095.36,1776512124000
1776512125.857,25.857,0.18,0.19,0.81,0.82,0.01,0.01,76095.36,1776512124000
1776512126.371,26.371,0.18,0.19,0.81,0.82,0.01,0.01,76095.59,1776512125000
1776512126.92,26.92,0.18,0.19,0.81,0.82,0.01,0.01,76095.59,1776512125000
1776512127.356,27.356,0.16,0.17,0.83,0.84,0.01,0.01,76091.49,1776512126000
1776512127.716,27.716,0.16,0.17,0.83,0.84,0.01,0.01,76091.49,1776512126000
1776512128.121,28.121,0.15,0.16,0.84,0.85,0.01,0.01,76091.49,1776512126000
1776512128.503,28.503,0.15,0.16,0.84,0.85,0.01,0.01,76091.49,1776512126000
1776512128.838,28.838,0.15,0.16,0.84,0.85,0.01,0.01,76087.91,1776512127000
1776512129.187,29.187,0.14,0.15,0.84,0.85,0.01,0.01,76087.91,1776512127000
1776512129.536,29.536,0.14,0.15,0.85,0.86,0.01,0.01,76079.9,1776512128000
1776512129.939,29.939,0.14,0.16,0.85,0.86,0.02,0.01,76079.9,1776512128000
1776512130.417,30.417,0.15,0.16,0.84,0.86,0.01,0.02,76079.9,1776512129000
1776512130.795,30.795,0.15,0.16,0.84,0.85,0.01,0.01,76079.9,1776512129000
1776512131.195,31.195,0.15,0.16,0.84,0.85,0.01,0.01,76079.9,1776512129000
1776512131.528,31.528,0.13,0.14,0.86,0.87,0.01,0.01,76075.66,1776512130000
1776512131.967,31.967,0.13,0.14,0.86,0.87,0.01,0.01,76075.66,1776512130000
1776512132.322,32.322,0.13,0.14,0.86,0.87,0.01,0.01,76075.66,1776512130000
1776512132.754,32.754,0.13,0.14,0.86,0.87,0.01,0.01,76071.54,1776512131000
1776512133.093,33.093,0.14,0.15,0.85,0.86,0.01,0.01,76071.54,1776512131000
1776512133.441,33.441,0.14,0.15,0.85,0.86,0.01,0.01,76070.85,1776512132000
1776512133.921,33.921,0.14,0.15,0.85,0.86,0.01,0.01,76070.85,1776512132000
1776512134.368,34.368,0.15,0.16,0.84,0.85,0.01,0.01,76070.96,1776512133000
1776512134.888,34.888,0.15,0.16,0.84,0.85,0.01,0.01,76070.96,1776512133000
1776512135.266,35.266,0.15,0.16,0.84,0.85,0.01,0.01,76070.96,1776512134000
1776512135.745,35.745,0.11,0.12,0.84,0.89,0.01,0.05,76070.96,1776512134000
1776512136.15,36.15,0.12,0.13,0.87,0.88,0.01,0.01,76070.96,1776512134000
1776512136.689,36.689,0.12,0.13,0.87,0.88,0.01,0.01,76070.73,1776512135000
1776512137.275,37.275,0.12,0.13,0.87,0.88,0.01,0.01,76070.84,1776512136000
1776512137.799,37.799,0.12,0.13,0.87,0.88,0.01,0.01,76070.84,1776512136000
1776512138.217,38.217,0.12,0.13,0.87,0.88,0.01,0.01,76070.84,1776512136000
1776512138.629,38.629,0.12,0.13,0.87,0.88,0.01,0.01,76070.98,1776512137000
1776512138.98,38.98,0.12,0.13,0.87,0.88,0.01,0.01,76070.98,1776512137000
1776512139.724,39.724,0.12,0.13,0.87,0.88,0.01,0.01,76071.03,1776512138000
1776512140.071,40.071,0.12,0.13,0.87,0.88,0.01,0.01,76071.03,1776512138000
1776512140.428,40.428,0.14,0.16,0.85,0.88,0.02,0.03,76070.99,1776512139000
1776512140.924,40.924,0.14,0.15,0.85,0.86,0.01,0.01,76070.99,1776512139000
1776512141.31,41.31,0.14,0.15,0.85,0.86,0.01,0.01,76070.71,1776512140000
1776512142.197,42.197,0.14,0.15,0.85,0.86,0.01,0.01,76070.95,1776512141000
1776512142.562,42.562,0.14,0.15,0.85,0.86,0.01,0.01,76070.95,1776512141000
1776512142.901,42.901,0.14,0.15,0.85,0.86,0.01,0.01,76070.95,1776512141000
1776512143.291,43.291,0.14,0.15,0.85,0.86,0.01,0.01,76070.86,1776512142000
1776512143.707,43.707,0.14,0.15,0.85,0.86,0.01,0.01,76070.86,1776512142000
1776512144.29,44.29,0.14,0.15,0.85,0.86,0.01,0.01,76070.86,1776512142000
1776512144.773,44.773,0.14,0.15,0.85,0.86,0.01,0.01,76070.79,1776512143000
1776512145.233,45.233,0.14,0.15,0.85,0.86,0.01,0.01,76070.79,1776512143000
1776512145.627,45.627,0.14,0.15,0.85,0.86,0.01,0.01,76067.88,1776512144000
1776512146.032,46.032,0.14,0.15,0.85,0.86,0.01,0.01,76070.78,1776512145000
1776512146.601,46.601,0.14,0.15,0.85,0.86,0.01,0.01,76070.78,1776512145000
1776512146.938,46.938,0.14,0.15,0.85,0.86,0.01,0.01,76070.78,1776512145000
1776512147.542,47.542,0.14,0.15,0.85,0.86,0.01,0.01,76076.19,1776512146000
1776512147.899,47.899,0.16,0.17,0.83,0.84,0.01,0.01,76076.19,1776512146000
1776512148.278,48.278,0.16,0.17,0.83,0.84,0.01,0.01,76076.26,1776512147000
1776512148.816,48.816,0.16,0.17,0.83,0.84,0.01,0.01,76076.26,1776512147000
1776512149.317,49.317,0.16,0.17,0.83,0.84,0.01,0.01,76076.39,1776512148000
1776512149.704,49.704,0.16,0.17,0.83,0.84,0.01,0.01,76076.39,1776512148000
1776512150.171,50.171,0.16,0.17,0.83,0.84,0.01,0.01,76076.39,1776512148000
1776512150.557,50.557,0.16,0.17,0.83,0.84,0.01,0.01,76076.91,1776512149000
1776512151.042,51.042,0.16,0.17,0.83,0.84,0.01,0.01,76076.91,1776512149000
1776512151.453,51.453,0.16,0.17,0.83,0.84,0.01,0.01,76072.54,1776512150000
1776512152.224,52.224,0.16,0.17,0.83,0.84,0.01,0.01,76074.65,1776512151000
1776512152.576,52.576,0.16,0.17,0.83,0.84,0.01,0.01,76074.65,1776512151000
1776512152.917,52.917,0.16,0.17,0.83,0.84,0.01,0.01,76074.65,1776512151000
1776512153.252,53.252,0.15,0.17,0.84,0.85,0.02,0.01,76074.55,1776512152000
1776512153.62,53.62,0.15,0.16,0.84,0.85,0.01,0.01,76074.55,1776512152000
1776512154.015,54.015,0.15,0.16,0.84,0.85,0.01,0.01,76074.55,1776512152000
1776512154.362,54.362,0.16,0.17,0.83,0.84,0.01,0.01,76074.88,1776512153000
1776512154.717,54.717,0.16,0.17,0.83,0.84,0.01,0.01,76074.88,1776512153000
1776512155.05,55.05,0.16,0.17,0.83,0.84,0.01,0.01,76074.88,1776512153000
1776512155.564,55.564,0.17,0.18,0.82,0.83,0.01,0.01,76074.69,1776512154000
1776512156.095,56.095,0.17,0.18,0.82,0.83,0.01,0.01,76074.61,1776512155000
1776512156.517,56.517,0.17,0.18,0.82,0.83,0.01,0.01,76074.61,1776512155000
1776512157.066,57.066,0.18,0.19,0.81,0.82,0.01,0.01,76074.61,1776512155000
1776512157.47,57.47,0.18,0.19,0.81,0.82,0.01,0.01,76074.53,1776512156000
1776512158.027,58.027,0.18,0.19,0.81,0.82,0.01,0.01,76074.53,1776512156000
1776512158.883,58.883,0.18,0.19,0.81,0.82,0.01,0.01,76074.63,1776512157000
1776512159.288,59.288,0.18,0.19,0.81,0.82,0.01,0.01,76074.87,1776512158000
1776512159.757,59.757,0.18,0.19,0.81,0.82,0.01,0.01,76074.87,1776512158000
1776512160.157,60.157,0.18,0.19,0.81,0.82,0.01,0.01,76074.87,1776512158000
1776512160.493,60.493,0.18,0.19,0.81,0.82,0.01,0.01,76074.87,1776512158000
1776512160.838,60.838,0.18,0.19,0.81,0.82,0.01,0.01,76074.87,1776512158000
1776512161.207,61.207,0.18,0.19,0.81,0.82,0.01,0.01,76074.69,1776512159000
1776512161.597,61.597,0.18,0.19,0.8,0.82,0.01,0.02,76074.69,1776512159000
1776512161.949,61.949,0.18,0.19,0.81,0.82,0.01,0.01,76074.68,1776512160000
1776512162.351,62.351,0.18,0.19,0.81,0.82,0.01,0.01,76074.6,1776512161000
1776512162.841,62.841,0.2,0.21,0.79,0.81,0.01,0.02,76074.6,1776512161000
1776512163.482,63.482,0.2,0.21,0.79,0.8,0.01,0.01,76074.69,1776512162000
1776512163.858,63.858,0.19,0.2,0.8,0.81,0.01,0.01,76074.69,1776512162000
1776512164.228,64.228,0.19,0.2,0.8,0.81,0.01,0.01,76074.98,1776512163000
1776512164.634,64.634,0.18,0.19,0.8,0.82,0.01,0.02,76074.98,1776512163000
1776512165.034,65.034,0.18,0.19,0.81,0.82,0.01,0.01,76074.98,1776512163000
1776512165.383,65.383,0.13,0.18,0.82,0.87,0.05,0.05,76070.03,1776512164000
1776512165.718,65.718,0.14,0.15,0.85,0.86,0.01,0.01,76070.03,1776512164000
1776512166.085,66.085,0.13,0.14,0.86,0.87,0.01,0.01,76070.03,1776512164000
1776512166.425,66.425,0.13,0.14,0.86,0.87,0.01,0.01,76068.1,1776512165000
1776512167.215,67.215,0.13,0.14,0.86,0.87,0.01,0.01,76068.1,1776512166000
1776512167.572,67.572,0.13,0.14,0.86,0.87,0.01,0.01,76068.1,1776512166000
1776512168.295,68.295,0.14,0.15,0.85,0.86,0.01,0.01,76068.1,1776512166000
1776512168.653,68.653,0.14,0.15,0.85,0.86,0.01,0.01,76065.57,1776512167000
1776512169.077,69.077,0.14,0.15,0.85,0.86,0.01,0.01,76066.24,1776512168000
1776512169.6,69.6,0.16,0.17,0.82,0.85,0.01,0.03,76066.24,1776512168000
1776512170.256,70.256,0.16,0.17,0.83,0.84,0.01,0.01,76066.24,1776512168000
1776512170.882,70.882,0.15,0.17,0.83,0.84,0.02,0.01,76066.25,1776512169000
1776512171.246,71.246,0.14,0.15,0.85,0.86,0.01,0.01,76066.25,1776512170000
1776512171.58,71.58,0.13,0.14,0.86,0.87,0.01,0.01,76066.25,1776512170000
1776512171.923,71.923,0.12,0.13,0.87,0.88,0.01,0.01,76066.25,1776512170000
1776512172.347,72.347,0.12,0.13,0.87,0.88,0.01,0.01,76066.25,1776512170000
1776512172.734,72.734,0.11,0.12,0.87,0.89,0.01,0.02,76066.25,1776512170000
1776512173.101,73.101,0.1,0.11,0.89,0.9,0.01,0.01,76066.25,1776512170000
1776512173.459,73.459,0.1,0.11,0.89,0.9,0.01,0.01,76066.25,1776512170000
1776512173.799,73.799,0.1,0.11,0.89,0.9,0.01,0.01,76066.25,1776512170000
1776512174.283,74.283,0.1,0.11,0.89,0.9,0.01,0.01,76044.29,1776512173000
1776512174.779,74.779,0.1,0.11,0.89,0.9,0.01,0.01,76044.29,1776512173000
1776512175.138,75.138,0.09,0.1,0.9,0.91,0.01,0.01,76043.01,1776512174000
1776512175.559,75.559,0.1,0.11,0.88,0.91,0.01,0.03,76043.01,1776512174000
1776512176.063,76.063,0.1,0.11,0.89,0.9,0.01,0.01,76041.7,1776512175000
1776512176.54,76.54,0.1,0.11,0.89,0.9,0.01,0.01,76041.7,1776512175000
1776512176.891,76.891,0.1,0.11,0.89,0.9,0.01,0.01,76041.7,1776512175000
1776512177.249,77.249,0.09,0.1,0.9,0.91,0.01,0.01,76041.7,1776512176000
1776512177.769,77.769,0.09,0.1,0.9,0.91,0.01,0.01,76041.7,1776512176000
1776512178.117,78.117,0.09,0.1,0.9,0.91,0.01,0.01,76041.7,1776512176000
1776512178.489,78.489,0.09,0.1,0.9,0.91,0.01,0.01,76041.33,1776512177000
1776512179.049,79.049,0.09,0.1,0.9,0.92,0.01,0.02,76041.33,1776512177000
1776512179.415,79.415,0.09,0.1,0.9,0.91,0.01,0.01,76038.67,1776512178000
1776512179.75,79.75,0.09,0.1,0.9,0.91,0.01,0.01,76038.67,1776512178000
1776512180.135,80.135,0.09,0.1,0.9,0.91,0.01,0.01,76037.61,1776512179000
1776512180.506,80.506,0.09,0.1,0.9,0.91,0.01,0.01,76037.61,1776512179000
1776512180.868,80.868,0.09,0.1,0.9,0.91,0.01,0.01,76037.61,1776512179000
1776512181.389,81.389,0.09,0.1,0.9,0.91,0.01,0.01,76032.05,1776512180000
1776512181.788,81.788,0.09,0.1,0.9,0.91,0.01,0.01,76032.05,1776512180000
1776512182.127,82.127,0.09,0.1,0.9,0.91,0.01,0.01,76030.1,1776512181000
1776512182.506,82.506,0.09,0.1,0.9,0.91,0.01,0.01,76030.1,1776512181000
1776512182.84,82.84,0.09,0.1,0.9,0.91,0.01,0.01,76030.1,1776512181000
1776512183.244,83.244,0.07,0.08,0.9,0.93,0.01,0.03,76030.1,1776512182000
1776512183.858,83.858,0.08,0.1,0.91,0.93,0.02,0.02,76030.1,1776512182000
1776512184.252,84.252,0.08,0.09,0.9,0.92,0.01,0.02,76029.53,1776512183000
1776512184.586,84.586,0.09,0.1,0.9,0.91,0.01,0.01,76029.53,1776512183000
1776512184.963,84.963,0.08,0.1,0.9,0.91,0.02,0.01,76029.53,1776512183000
1776512185.325,85.325,0.09,0.1,0.91,0.92,0.01,0.01,76029.73,1776512184000
1776512185.744,85.744,0.08,0.09,0.9,0.91,0.01,0.01,76029.73,1776512184000
1776512186.112,86.112,0.08,0.09,0.91,0.92,0.01,0.01,76029.85,1776512185000
1776512186.693,86.693,0.08,0.09,0.91,0.92,0.01,0.01,76029.85,1776512185000
1776512187.128,87.128,0.08,0.09,0.91,0.92,0.01,0.01,76028.99,1776512186000
1776512187.601,87.601,0.08,0.09,0.91,0.92,0.01,0.01,76028.99,1776512186000
1776512187.938,87.938,0.08,0.09,0.91,0.92,0.01,0.01,76028.99,1776512186000
1776512188.368,88.368,0.08,0.09,0.91,0.92,0.01,0.01,76029.27,1776512187000
1776512188.737,88.737,0.08,0.09,0.91,0.92,0.01,0.01,76029.27,1776512187000
1776512189.16,89.16,0.08,0.1,0.91,0.92,0.02,0.01,76029.27,1776512187000
1776512189.506,89.506,0.08,0.09,0.91,0.92,0.01,0.01,76028.66,1776512188000
1776512190.218,90.218,0.08,0.09,0.91,0.92,0.01,0.01,76028.66,1776512189000
1776512190.559,90.559,0.08,0.09,0.91,0.92,0.01,0.01,76028.66,1776512189000
1776512190.908,90.908,0.08,0.09,0.91,0.92,0.01,0.01,76028.66,1776512189000
1776512191.355,91.355,0.07,0.08,0.91,0.93,0.01,0.02,76028.66,1776512189000
1776512191.765,91.765,0.07,0.08,0.92,0.93,0.01,0.01,76028.73,1776512190000
1776512192.187,92.187,0.07,0.08,0.92,0.93,0.01,0.01,76028.73,1776512190000
1776512192.523,92.523,0.07,0.08,0.92,0.93,0.01,0.01,76028.74,1776512191000
1776512192.881,92.881,0.07,0.08,0.92,0.93,0.01,0.01,76028.74,1776512191000
1776512193.249,93.249,0.07,0.08,0.92,0.93,0.01,0.01,76028.74,1776512191000
1776512193.584,93.584,0.07,0.08,0.92,0.93,0.01,0.01,76029.66,1776512192000
1776512193.977,93.977,0.07,0.08,0.92,0.93,0.01,0.01,76029.66,1776512192000
1776512194.343,94.343,0.06,0.07,0.93,0.94,0.01,0.01,76029.66,1776512193000
1776512194.682,94.682,0.06,0.07,0.93,0.94,0.01,0.01,76029.66,1776512193000
1776512195.044,95.044,0.06,0.07,0.93,0.94,0.01,0.01,76029.66,1776512193000
1776512195.604,95.604,0.08,0.09,0.91,0.92,0.01,0.01,76029.75,1776512194000
1776512196.0,96.0,0.08,0.09,0.91,0.92,0.01,0.01,76029.75,1776512194000
1776512196.337,96.337,0.08,0.09,0.91,0.92,0.01,0.01,76029.81,1776512195000
1776512196.744,96.744,0.08,0.09,0.91,0.92,0.01,0.01,76029.81,1776512195000
1776512197.099,97.099,0.08,0.09,0.91,0.92,0.01,0.01,76041.14,1776512196000
1776512197.508,97.508,0.08,0.09,0.91,0.92,0.01,0.01,76041.14,1776512196000
1776512198.126,98.126,0.08,0.09,0.91,0.92,0.01,0.01,76041.14,1776512196000
1776512198.594,98.594,0.08,0.09,0.91,0.92,0.01,0.01,76045.34,1776512197000
1776512198.981,98.981,0.08,0.09,0.91,0.92,0.01,0.01,76045.34,1776512197000
1776512199.358,99.358,0.08,0.09,0.91,0.92,0.01,0.01,76048.47,1776512198000
1776512199.833,99.833,0.08,0.09,0.91,0.92,0.01,0.01,76048.47,1776512198000
1776512200.284,100.284,0.08,0.09,0.91,0.92,0.01,0.01,76048.47,1776512198000
1776512200.697,100.697,0.08,0.09,0.91,0.92,0.01,0.01,76048.47,1776512198000
1776512201.216,101.216,0.08,0.09,0.91,0.92,0.01,0.01,76050.39,1776512199000
1776512201.578,101.578,0.08,0.09,0.91,0.92,0.01,0.01,76050.61,1776512200000
1776512202.072,102.072,0.08,0.09,0.91,0.92,0.01,0.01,76050.61,1776512200000
1776512202.427,102.427,0.08,0.09,0.91,0.92,0.01,0.01,76050.57,1776512201000
1776512203.02,103.02,0.08,0.09,0.91,0.92,0.01,0.01,76050.57,1776512201000
1776512203.363,103.363,0.08,0.09,0.91,0.92,0.01,0.01,76050.57,1776512201000
1776512203.741,103.741,0.08,0.09,0.91,0.92,0.01,0.01,76050.68,1776512202000
1776512204.225,104.225,0.08,0.09,0.91,0.92,0.01,0.01,76050.68,1776512202000
1776512204.969,104.969,0.08,0.09,0.91,0.92,0.01,0.01,76050.9,1776512204000
1776512205.499,105.499,0.08,0.09,0.91,0.92,0.01,0.01,76050.9,1776512204000
1776512206.16,106.16,0.08,0.09,0.91,0.92,0.01,0.01,76050.9,1776512204000
1776512206.671,106.671,0.08,0.09,0.91,0.92,0.01,0.01,76050.77,1776512205000
1776512207.033,107.033,0.08,0.09,0.91,0.92,0.01,0.01,76050.77,1776512205000
1776512207.554,107.554,0.07,0.08,0.91,0.93,0.01,0.02,76050.61,1776512206000
1776512208.521,108.521,0.07,0.08,0.92,0.93,0.01,0.01,76050.61,1776512206000
1776512208.86,108.86,0.06,0.07,0.92,0.94,0.01,0.02,76050.61,1776512206000
1776512209.342,109.342,0.06,0.07,0.93,0.94,0.01,0.01,76050.61,1776512206000
1776512209.697,109.697,0.06,0.07,0.93,0.94,0.01,0.01,76050.61,1776512206000
1776512210.055,110.055,0.06,0.07,0.93,0.94,0.01,0.01,76050.61,1776512206000
1776512210.415,110.415,0.06,0.07,0.93,0.94,0.01,0.01,76035.88,1776512209000
1776512210.999,110.999,0.06,0.07,0.93,0.94,0.01,0.01,76035.88,1776512209000
1776512211.501,111.501,0.06,0.07,0.93,0.94,0.01,0.01,76032.88,1776512210000
1776512211.85,111.85,0.06,0.07,0.93,0.94,0.01,0.01,76032.88,1776512210000
1776512212.247,112.247,0.06,0.07,0.93,0.94,0.01,0.01,76030.35,1776512211000
1776512212.67,112.67,0.06,0.07,0.93,0.94,0.01,0.01,76030.35,1776512211000
1776512213.113,113.113,0.06,0.07,0.93,0.94,0.01,0.01,76029.41,1776512212000
1776512213.625,113.625,0.06,0.07,0.93,0.94,0.01,0.01,76029.41,1776512212000
1776512214.075,114.075,0.06,0.07,0.93,0.94,0.01,0.01,76030.42,1776512213000
1776512214.589,114.589,0.06,0.07,0.93,0.94,0.01,0.01,76030.42,1776512213000
1776512215.091,115.091,0.07,0.08,0.92,0.93,0.01,0.01,76030.42,1776512213000
1776512215.496,115.496,0.07,0.08,0.92,0.93,0.01,0.01,76032.59,1776512214000
1776512215.874,115.874,0.07,0.08,0.92,0.93,0.01,0.01,76032.59,1776512214000
1776512216.336,116.336,0.07,0.08,0.92,0.93,0.01,0.01,76030.21,1776512215000
1776512217.023,117.023,0.07,0.08,0.92,0.93,0.01,0.01,76030.16,1776512216000
1776512217.476,117.476,0.06,0.07,0.93,0.94,0.01,0.01,76030.16,1776512216000
1776512217.88,117.88,0.06,0.07,0.93,0.94,0.01,0.01,76030.16,1776512216000
1776512218.291,118.291,0.06,0.07,0.93,0.94,0.01,0.01,76029.48,1776512217000
1776512218.882,118.882,0.06,0.07,0.93,0.94,0.01,0.01,76029.48,1776512217000
1776512219.293,119.293,0.06,0.07,0.93,0.95,0.01,0.02,76029.04,1776512218000
1776512219.65,119.65,0.05,0.06,0.94,0.95,0.01,0.01,76029.04,1776512218000
1776512219.991,119.991,0.05,0.06,0.94,0.95,0.01,0.01,76029.04,1776512218000
1776512220.36,120.36,0.05,0.06,0.94,0.95,0.01,0.01,76028.9,1776512219000
1776512220.7,120.7,0.05,0.06,0.94,0.95,0.01,0.01,76028.9,1776512219000
1776512221.057,121.057,0.05,0.06,0.94,0.95,0.01,0.01,76028.9,1776512220000
1776512221.446,121.446,0.05,0.06,0.94,0.95,0.01,0.01,76028.9,1776512220000
1776512221.818,121.818,0.05,0.06,0.94,0.95,0.01,0.01,76028.9,1776512220000
1776512222.165,122.165,0.05,0.06,0.94,0.95,0.01,0.01,76026.43,1776512221000
1776512222.555,122.555,0.05,0.06,0.94,0.95,0.01,0.01,76026.43,1776512221000
1776512223.026,123.026,0.05,0.06,0.94,0.95,0.01,0.01,76026.43,1776512221000
1776512223.497,123.497,0.05,0.06,0.94,0.95,0.01,0.01,76024.18,1776512222000
1776512223.864,123.864,0.05,0.06,0.94,0.95,0.01,0.01,76024.18,1776512222000
1776512224.358,124.358,0.05,0.06,0.94,0.95,0.01,0.01,76022.04,1776512223000
1776512224.788,124.788,0.05,0.06,0.94,0.95,0.01,0.01,76022.04,1776512223000
1776512225.169,125.169,0.05,0.06,0.94,0.95,0.01,0.01,76017.34,1776512224000
1776512225.652,125.652,0.05,0.06,0.94,0.95,0.01,0.01,76017.34,1776512224000
1776512226.007,126.007,0.05,0.06,0.94,0.95,0.01,0.01,76017.34,1776512224000
1776512226.361,126.361,0.05,0.06,0.94,0.95,0.01,0.01,76022.19,1776512225000
1776512226.76,126.76,0.05,0.07,0.94,0.95,0.02,0.01,76022.19,1776512225000
1776512227.229,127.229,0.06,0.07,0.93,0.94,0.01,0.01,76022.19,1776512225000
1776512227.569,127.569,0.06,0.07,0.93,0.94,0.01,0.01,76026.17,1776512226000
1776512228.056,128.056,0.06,0.07,0.93,0.94,0.01,0.01,76026.17,1776512226000
1776512228.508,128.508,0.06,0.07,0.93,0.94,0.01,0.01,76026.18,1776512227000
1776512229.186,129.186,0.06,0.07,0.93,0.94,0.01,0.01,76026.18,1776512227000
1776512229.57,129.57,0.06,0.07,0.93,0.94,0.01,0.01,76028.57,1776512228000
1776512229.934,129.934,0.06,0.07,0.93,0.94,0.01,0.01,76028.57,1776512228000
1776512230.322,130.322,0.06,0.07,0.93,0.94,0.01,0.01,76028.55,1776512229000
1776512230.689,130.689,0.05,0.06,0.93,0.95,0.01,0.02,76028.55,1776512229000
1776512231.109,131.109,0.06,0.07,0.93,0.95,0.01,0.02,76028.55,1776512229000
1776512231.571,131.571,0.05,0.07,0.93,0.94,0.02,0.01,76028.96,1776512230000
1776512232.039,132.039,0.06,0.07,0.93,0.94,0.01,0.01,76031.18,1776512231000
1776512232.664,132.664,0.06,0.07,0.93,0.94,0.01,0.01,76031.18,1776512231000
1776512233.232,133.232,0.06,0.07,0.93,0.94,0.01,0.01,76031.23,1776512232000
1776512234.068,134.068,0.06,0.07,0.93,0.94,0.01,0.01,76031.23,1776512232000
1776512234.42,134.42,0.05,0.06,0.93,0.95,0.01,0.02,76032.28,1776512233000
1776512235.057,135.057,0.05,0.06,0.94,0.95,0.01,0.01,76032.28,1776512233000
1776512235.432,135.432,0.05,0.06,0.94,0.95,0.01,0.01,76034.3,1776512234000
1776512235.876,135.876,0.05,0.06,0.94,0.95,0.01,0.01,76034.3,1776512234000
1776512236.813,136.813,0.05,0.06,0.94,0.95,0.01,0.01,76032.98,1776512235000
1776512237.173,137.173,0.05,0.06,0.94,0.95,0.01,0.01,76032.98,1776512235000
1776512237.765,137.765,0.04,0.05,0.94,0.96,0.01,0.02,76033.01,1776512236000
1776512238.164,138.164,0.04,0.05,0.95,0.96,0.01,0.01,76032.99,1776512237000
1776512238.587,138.587,0.04,0.05,0.95,0.96,0.01,0.01,76032.99,1776512237000
1776512239.315,139.315,0.04,0.05,0.95,0.96,0.01,0.01,76033.0,1776512238000
1776512240.099,140.099,0.04,0.05,0.95,0.96,0.01,0.01,76033.0,1776512238000
1776512240.512,140.512,0.04,0.05,0.95,0.96,0.01,0.01,76032.88,1776512239000
1776512240.967,140.967,0.04,0.05,0.95,0.96,0.01,0.01,76032.88,1776512239000
1776512241.356,141.356,0.04,0.08,0.95,0.96,0.04,0.01,76032.88,1776512239000
1776512241.733,141.733,0.04,0.05,0.95,0.96,0.01,0.01,76030.56,1776512240000
1776512242.114,142.114,0.04,0.05,0.95,0.96,0.01,0.01,76030.56,1776512241000
1776512242.6,142.6,0.04,0.05,0.95,0.96,0.01,0.01,76030.56,1776512241000
1776512243.092,143.092,0.04,0.05,0.95,0.96,0.01,0.01,76030.56,1776512241000
1776512243.475,143.475,0.04,0.05,0.95,0.96,0.01,0.01,76031.19,1776512242000
1776512244.199,144.199,0.04,0.05,0.95,0.96,0.01,0.01,76032.65,1776512243000
1776512244.607,144.607,0.04,0.05,0.95,0.96,0.01,0.01,76032.65,1776512243000
1776512245.264,145.264,0.04,0.05,0.95,0.96,0.01,0.01,76032.65,1776512244000
1776512245.717,145.717,0.04,0.05,0.95,0.96,0.01,0.01,76032.65,1776512244000
1776512246.32,146.32,0.04,0.05,0.95,0.96,0.01,0.01,76032.65,1776512245000
1776512247.474,147.474,0.04,0.05,0.95,0.96,0.01,0.01,76032.57,1776512246000
1776512248.051,148.051,0.04,0.05,0.95,0.96,0.01,0.01,76032.57,1776512247000
1776512249.146,149.146,0.04,0.05,0.95,0.96,0.01,0.01,76032.52,1776512248000
1776512249.489,149.489,0.04,0.05,0.95,0.96,0.01,0.01,76032.52,1776512248000
1776512250.196,150.196,0.04,0.05,0.95,0.96,0.01,0.01,76031.43,1776512249000
1776512250.533,150.533,0.04,0.05,0.95,0.96,0.01,0.01,76031.43,1776512249000
1776512250.95,150.95,0.04,0.05,0.95,0.96,0.01,0.01,76031.43,1776512249000
1776512251.396,151.396,0.04,0.05,0.95,0.96,0.01,0.01,76031.59,1776512250000
1776512251.8,151.8,0.04,0.05,0.95,0.96,0.01,0.01,76031.59,1776512250000
1776512252.351,152.351,0.04,0.05,0.95,0.96,0.01,0.01,76033.36,1776512251000
1776512253.269,153.269,0.04,0.05,0.95,0.96,0.01,0.01,76033.36,1776512251000
1776512253.66,153.66,0.04,0.05,0.95,0.96,0.01,0.01,76033.79,1776512252000
1776512254.03,154.03,0.04,0.05,0.95,0.96,0.01,0.01,76033.89,1776512253000
1776512254.38,154.38,0.04,0.05,0.95,0.96,0.01,0.01,76033.89,1776512253000
1776512254.918,154.918,0.04,0.05,0.95,0.96,0.01,0.01,76033.89,1776512254000
1776512255.269,155.269,0.04,0.05,0.95,0.96,0.01,0.01,76033.89,1776512254000
1776512255.734,155.734,0.05,0.06,0.94,0.95,0.01,0.01,76033.89,1776512254000
1776512256.089,156.089,0.05,0.06,0.94,0.95,0.01,0.01,76033.9,1776512255000
1776512256.435,156.435,0.05,0.06,0.94,0.95,0.01,0.01,76033.9,1776512255000
1776512256.871,156.871,0.05,0.06,0.94,0.95,0.01,0.01,76033.9,1776512255000
1776512257.234,157.234,0.05,0.06,0.94,0.95,0.01,0.01,76035.85,1776512256000
1776512257.751,157.751,0.05,0.06,0.94,0.95,0.01,0.01,76035.85,1776512256000
1776512258.254,158.254,0.05,0.06,0.94,0.95,0.01,0.01,76040.59,1776512257000
1776512258.629,158.629,0.05,0.06,0.94,0.95,0.01,0.01,76040.59,1776512257000
1776512259.045,159.045,0.05,0.09,0.94,0.95,0.04,0.01,76040.59,1776512257000
1776512260.066,160.066,0.08,0.09,0.91,0.95,0.01,0.04,76040.59,1776512257000
1776512260.664,160.664,0.08,0.09,0.91,0.92,0.01,0.01,76042.99,1776512258000
1776512261.103,161.103,0.08,0.09,0.91,0.92,0.01,0.01,76042.99,1776512258000
1776512261.488,161.488,0.08,0.09,0.91,0.92,0.01,0.01,76040.21,1776512260000
1776512261.925,161.925,0.08,0.09,0.91,0.92,0.01,0.01,76040.21,1776512260000
1776512262.262,162.262,0.08,0.09,0.91,0.92,0.01,0.01,76040.2,1776512261000
1776512262.735,162.735,0.08,0.09,0.91,0.92,0.01,0.01,76040.2,1776512261000
1776512263.268,163.268,0.07,0.09,0.91,0.93,0.02,0.02,76042.42,1776512262000
1776512263.629,163.629,0.07,0.08,0.92,0.93,0.01,0.01,76042.42,1776512262000
1776512264.191,164.191,0.07,0.08,0.92,0.93,0.01,0.01,76042.42,1776512262000
1776512265.184,165.184,0.06,0.08,0.92,0.93,0.02,0.01,76042.76,1776512263000
1776512265.807,165.807,0.06,0.08,0.92,0.94,0.02,0.02,76043.03,1776512264000
1776512266.293,166.293,0.07,0.08,0.92,0.94,0.01,0.02,76043.03,1776512264000
1776512266.725,166.725,0.07,0.08,0.92,0.93,0.01,0.01,76043.04,1776512265000
1776512267.425,167.425,0.07,0.08,0.92,0.93,0.01,0.01,76043.2,1776512266000
1776512267.83,167.83,0.07,0.08,0.92,0.93,0.01,0.01,76043.2,1776512266000
1776512268.367,168.367,0.07,0.08,0.92,0.93,0.01,0.01,76043.34,1776512267000
1776512268.993,168.993,0.07,0.08,0.92,0.93,0.01,0.01,76043.34,1776512267000
1776512269.514,169.514,0.07,0.08,0.92,0.93,0.01,0.01,76043.34,1776512267000
1776512269.879,169.879,0.07,0.08,0.92,0.93,0.01,0.01,76043.34,1776512267000
1776512270.472,170.472,0.07,0.08,0.92,0.93,0.01,0.01,76044.65,1776512268000
1776512271.007,171.007,0.05,0.08,0.92,0.93,0.03,0.01,76044.66,1776512269000
1776512271.363,171.363,0.06,0.07,0.93,0.94,0.01,0.01,76044.66,1776512269000
1776512271.859,171.859,0.06,0.07,0.93,0.94,0.01,0.01,76044.76,1776512270000
1776512272.32,172.32,0.06,0.07,0.93,0.94,0.01,0.01,76044.76,1776512270000
1776512272.746,172.746,0.06,0.07,0.93,0.94,0.01,0.01,76045.03,1776512271000
1776512273.283,173.283,0.07,0.08,0.92,0.93,0.01,0.01,76045.06,1776512272000
1776512274.105,174.105,0.07,0.08,0.92,0.93,0.01,0.01,76045.06,1776512272000
1776512274.658,174.658,0.07,0.08,0.92,0.93,0.01,0.01,76045.06,1776512272000
1776512275.348,175.348,0.07,0.08,0.92,0.93,0.01,0.01,76051.56,1776512274000
1776512275.684,175.684,0.07,0.08,0.92,0.93,0.01,0.01,76051.56,1776512274000
1776512276.137,176.137,0.07,0.08,0.92,0.93,0.01,0.01,76051.61,1776512275000
1776512276.963,176.963,0.07,0.08,0.92,0.93,0.01,0.01,76051.61,1776512275000
1776512277.585,177.585,0.07,0.08,0.92,0.93,0.01,0.01,76052.42,1776512276000
1776512277.983,177.983,0.07,0.08,0.92,0.93,0.01,0.01,76052.42,1776512276000
1776512278.837,178.837,0.07,0.08,0.92,0.93,0.01,0.01,76052.41,1776512277000
1776512279.172,179.172,0.06,0.08,0.92,0.93,0.02,0.01,76052.41,1776512277000
1776512279.514,179.514,0.06,0.07,0.93,0.94,0.01,0.01,76052.41,1776512277000
1776512279.852,179.852,0.05,0.07,0.93,0.95,0.02,0.02,76052.45,1776512278000
1776512280.363,180.363,0.05,0.06,0.94,0.95,0.01,0.01,76052.45,1776512278000
1776512280.707,180.707,0.05,0.06,0.94,0.95,0.01,0.01,76052.45,1776512279000
1776512281.072,181.072,0.05,0.06,0.94,0.95,0.01,0.01,76052.45,1776512280000
1776512281.501,181.501,0.05,0.06,0.94,0.95,0.01,0.01,76052.45,1776512280000
1776512282.115,182.115,0.05,0.06,0.94,0.95,0.01,0.01,76052.45,1776512280000
1776512282.564,182.564,0.04,0.05,0.95,0.96,0.01,0.01,76052.48,1776512281000
1776512283.04,183.04,0.04,0.05,0.95,0.96,0.01,0.01,76052.47,1776512282000
1776512283.858,183.858,0.04,0.05,0.95,0.96,0.01,0.01,76052.47,1776512282000
1776512284.228,184.228,0.04,0.05,0.95,0.96,0.01,0.01,76052.47,1776512283000
1776512284.803,184.803,0.04,0.05,0.94,0.96,0.01,0.02,76052.47,1776512283000
1776512285.167,185.167,0.04,0.05,0.95,0.96,0.01,0.01,76052.47,1776512283000
1776512286.005,186.005,0.04,0.05,0.95,0.96,0.01,0.01,76052.61,1776512285000
1776512286.379,186.379,0.04,0.05,0.95,0.96,0.01,0.01,76052.61,1776512285000
1776512286.757,186.757,0.04,0.05,0.95,0.96,0.01,0.01,76052.61,1776512285000
1776512287.204,187.204,0.04,0.05,0.95,0.96,0.01,0.01,76053.11,1776512286000
1776512287.578,187.578,0.04,0.05,0.95,0.96,0.01,0.01,76053.11,1776512286000
1776512288.065,188.065,0.04,0.05,0.95,0.96,0.01,0.01,76053.11,1776512286000
1776512288.488,188.488,0.04,0.05,0.95,0.96,0.01,0.01,76053.12,1776512287000
1776512288.999,188.999,0.04,0.05,0.95,0.96,0.01,0.01,76053.12,1776512287000
1776512289.473,189.473,0.04,0.05,0.95,0.96,0.01,0.01,76053.06,1776512288000
1776512289.883,189.883,0.04,0.05,0.95,0.96,0.01,0.01,76053.06,1776512288000
1776512290.603,190.603,0.04,0.05,0.95,0.96,0.01,0.01,76053.05,1776512289000
1776512291.174,191.174,0.04,0.05,0.95,0.96,0.01,0.01,76053.05,1776512289000
1776512291.902,191.902,0.04,0.05,0.95,0.96,0.01,0.01,76053.05,1776512290000
1776512292.356,192.356,0.04,0.05,0.95,0.96,0.01,0.01,76052.26,1776512291000
1776512292.939,192.939,0.04,0.08,0.92,0.96,0.04,0.04,76052.19,1776512292000
1776512293.314,193.314,0.04,0.05,0.95,0.96,0.01,0.01,76052.19,1776512292000
1776512294.141,194.141,0.04,0.05,0.95,0.96,0.01,0.01,76052.14,1776512293000
1776512294.92,194.92,0.04,0.05,0.95,0.96,0.01,0.01,76052.14,1776512293000
1776512295.33,195.33,0.04,0.05,0.95,0.96,0.01,0.01,76052.14,1776512293000
1776512295.668,195.668,0.03,0.04,0.96,0.97,0.01,0.01,76052.13,1776512294000
1776512296.197,196.197,0.03,0.04,0.96,0.97,0.01,0.01,76041.86,1776512295000
1776512296.578,196.578,0.03,0.04,0.96,0.97,0.01,0.01,76041.86,1776512295000
1776512297.107,197.107,0.03,0.04,0.96,0.97,0.01,0.01,76038.14,1776512296000
1776512297.487,197.487,0.04,0.05,0.95,0.96,0.01,0.01,76038.14,1776512296000
1776512298.052,198.052,0.04,0.05,0.95,0.96,0.01,0.01,76038.14,1776512296000
1776512298.445,198.445,0.04,0.05,0.95,0.96,0.01,0.01,76038.14,1776512297000
1776512298.806,198.806,0.04,0.05,0.95,0.96,0.01,0.01,76038.14,1776512297000
1776512299.479,199.479,0.02,0.03,0.97,0.98,0.01,0.01,76038.14,1776512297000
1776512299.877,199.877,0.02,0.03,0.97,0.98,0.01,0.01,76039,1776512298000
1776512300.243,200.243,0.02,0.03,0.97,0.98,0.01,0.01,76039,1776512298000
1776512300.839,200.839,0.02,0.03,0.97,0.98,0.01,0.01,76042.18,1776512299000
1776512301.215,201.215,0.02,0.03,0.97,0.98,0.01,0.01,76042.18,1776512299000
1776512301.65,201.65,0.02,0.03,0.97,0.98,0.01,0.01,76041.05,1776512300000
1776512302.009,202.009,0.02,0.03,0.97,0.98,0.01,0.01,76041.05,1776512300000
1776512302.402,202.402,0.02,0.03,0.97,0.98,0.01,0.01,76041.05,1776512300000
1776512302.77,202.77,0.02,0.03,0.97,0.98,0.01,0.01,76040.7,1776512301000
1776512303.145,203.145,0.02,0.03,0.97,0.98,0.01,0.01,76040.7,1776512301000
1776512303.54,203.54,0.02,0.03,0.97,0.98,0.01,0.01,76040.7,1776512301000
1776512304.18,204.18,0.02,0.04,0.96,0.97,0.02,0.01,76040.7,1776512302000
1776512304.542,204.542,0.03,0.04,0.96,0.97,0.01,0.01,76040.12,1776512303000
1776512305.672,205.672,0.03,0.04,0.96,0.97,0.01,0.01,76037.79,1776512304000
1776512306.112,206.112,0.02,0.04,0.94,0.97,0.02,0.03,76037.79,1776512304000
1776512306.459,206.459,0.02,0.04,0.96,0.98,0.02,0.02,76037.79,1776512304000
1776512306.941,206.941,0.03,0.04,0.96,0.97,0.01,0.01,76036.68,1776512305000
1776512307.287,207.287,0.02,0.03,0.97,0.98,0.01,0.01,76036.68,1776512305000
1776512307.72,207.72,0.02,0.03,0.97,0.98,0.01,0.01,76036.68,1776512305000
1776512308.057,208.057,0.02,0.03,0.97,0.98,0.01,0.01,76035.54,1776512306000
1776512308.393,208.393,0.02,0.03,0.97,0.98,0.01,0.01,76035.54,1776512306000
1776512309.011,209.011,0.02,0.03,0.97,0.98,0.01,0.01,76035.54,1776512307000
1776512309.365,209.365,0.02,0.03,0.97,0.98,0.01,0.01,76035.54,1776512307000
1776512309.759,209.759,0.02,0.03,0.97,0.98,0.01,0.01,76035.55,1776512308000
1776512310.095,210.095,0.02,0.03,0.97,0.98,0.01,0.01,76035.55,1776512308000
1776512310.43,210.43,0.02,0.03,0.97,0.98,0.01,0.01,76035.55,1776512308000
1776512310.772,210.772,0.02,0.03,0.97,0.98,0.01,0.01,76035.55,1776512309000
1776512311.241,211.241,0.02,0.03,0.97,0.98,0.01,0.01,76035.55,1776512309000
1776512311.578,211.578,0.02,0.03,0.97,0.98,0.01,0.01,76035.55,1776512310000
1776512312.024,212.024,0.02,0.03,0.97,0.98,0.01,0.01,76035.55,1776512310000
1776512312.718,212.718,0.02,0.03,0.97,0.98,0.01,0.01,76039.76,1776512311000
1776512313.24,213.24,0.01,0.02,0.98,0.99,0.01,0.01,76039.76,1776512311000
1776512313.578,213.578,0.01,0.02,0.98,0.99,0.01,0.01,76040.53,1776512312000
1776512314.07,214.07,0.01,0.02,0.98,0.99,0.01,0.01,76040.53,1776512312000
1776512314.414,214.414,0.01,0.02,0.98,0.99,0.01,0.01,76040.53,1776512312000
1776512314.982,214.982,0.01,0.02,0.98,0.99,0.01,0.01,76040,1776512313000
1776512315.318,215.318,0.01,0.02,0.98,0.99,0.01,0.01,76040,1776512314000
1776512315.659,215.659,0.01,0.02,0.98,0.99,0.01,0.01,76040,1776512314000
1776512316.056,216.056,0.01,0.02,0.98,0.99,0.01,0.01,76040,1776512314000
1776512316.52,216.52,0.01,0.02,0.98,0.99,0.01,0.01,76040,1776512314000
1776512316.948,216.948,0.01,0.02,0.98,0.99,0.01,0.01,76036.61,1776512315000
1776512317.343,217.343,0.01,0.02,0.98,0.99,0.01,0.01,76036.61,1776512315000
1776512317.901,217.901,0.01,0.02,0.98,0.99,0.01,0.01,76033.41,1776512316000
1776512318.271,218.271,0.01,0.02,0.98,0.99,0.01,0.01,76033.41,1776512316000
1776512318.612,218.612,0.01,0.02,0.98,0.99,0.01,0.01,76033.41,1776512316000
1776512318.968,218.968,0.01,0.02,0.98,0.99,0.01,0.01,76033.41,1776512316000
1776512319.302,219.302,0.01,0.02,0.98,0.99,0.01,0.01,76033.41,1776512316000
1776512319.644,219.644,0.01,0.02,0.98,0.99,0.01,0.01,76023.94,1776512318000
1776512319.994,219.994,0.01,0.02,0.98,0.99,0.01,0.01,76023.94,1776512318000
1776512320.342,220.342,0.01,0.02,0.98,0.99,0.01,0.01,76016.52,1776512319000
1776512320.678,220.678,0.01,0.01,0.99,0.99,0.0,0.0,76016.52,1776512319000
1776512321.014,221.014,0.01,0.01,0.99,0.99,0.0,0.0,76016.52,1776512319000
1776512321.368,221.368,0.01,0.01,0.99,0.99,0.0,0.0,76013.61,1776512320000
1776512321.841,221.841,0.01,0.01,0.99,0.99,0.0,0.0,76013.61,1776512320000
1776512322.264,222.264,0.01,0.01,0.99,0.99,0.0,0.0,76013.61,1776512320000
1776512322.68,222.68,0.01,0.01,0.99,0.99,0.0,0.0,76009.4,1776512321000
1776512323.37,223.37,0.01,0.01,0.99,0.99,0.0,0.0,76009.4,1776512321000
1776512324.173,224.173,0.01,0.01,0.99,0.99,0.0,0.0,76008.78,1776512322000
1776512324.557,224.557,0.01,0.01,0.99,0.99,0.0,0.0,76007.67,1776512323000
1776512324.971,224.971,0.01,0.01,0.99,0.99,0.0,0.0,76007.67,1776512324000
1776512325.613,225.613,0.01,0.01,0.99,0.99,0.0,0.0,76007.67,1776512324000
1776512326.018,226.018,0.01,0.01,0.99,0.99,0.0,0.0,76007.67,1776512324000
1776512327.242,227.242,0.01,0.01,0.99,0.99,0.0,0.0,76004.36,1776512326000
1776512327.724,227.724,0.01,0.01,0.99,0.99,0.0,0.0,76004.36,1776512326000
1776512328.253,228.253,0.01,0.01,0.99,0.99,0.0,0.0,76002.03,1776512327000
1776512329.345,229.345,0.01,0.01,0.99,0.99,0.0,0.0,76001.02,1776512328000
1776512329.811,229.811,0.01,0.01,0.99,0.99,0.0,0.0,76001.02,1776512328000
1776512330.356,230.356,0.01,0.01,0.99,0.99,0.0,0.0,75998.01,1776512329000
1776512330.894,230.894,0.01,0.01,0.99,0.99,0.0,0.0,75991.5,1776512330000
1776512332.003,232.003,0.01,0.01,0.99,0.99,0.0,0.0,75986.75,1776512331000
1776512332.465,232.465,0.01,0.01,0.99,0.99,0.0,0.0,75986.75,1776512331000
1776512333.569,233.569,0.01,0.01,0.99,0.99,0.0,0.0,75978.29,1776512332000
1776512334.149,234.149,0.01,0.01,0.99,0.99,0.0,0.0,75972.15,1776512333000
1776512334.546,234.546,0.01,0.01,0.99,0.99,0.0,0.0,75972.15,1776512333000
1776512335.416,235.416,0.01,0.01,0.99,0.99,0.0,0.0,75972.4,1776512334000
1776512336.465,236.465,0.01,0.01,0.99,0.99,0.0,0.0,75972.4,1776512335000
1776512337.025,237.025,0.01,0.01,0.99,0.99,0.0,0.0,75972.4,1776512335000
1776512338.279,238.279,0.01,0.01,0.99,0.99,0.0,0.0,75980.52,1776512337000
1776512339.549,239.549,0.01,0.01,0.99,0.99,0.0,0.0,75981.36,1776512338000
1776512340.135,240.135,0.01,0.01,0.99,0.99,0.0,0.0,75981.23,1776512339000
1776512341.263,241.263,0.01,0.01,0.99,0.99,0.0,0.0,75980.85,1776512340000
1776512342.48,242.48,0.01,0.01,0.99,0.99,0.0,0.0,75981.73,1776512341000
1776512343.074,243.074,0.01,0.01,0.99,0.99,0.0,0.0,75983.85,1776512342000
1776512343.636,243.636,0.001,0.002,0.994,0.999,0.001,0.005,75983.85,1776512342000
1776512343.98,243.98,0.001,0.001,0.999,0.999,0.0,0.0,75983.85,1776512342000
1776512344.505,244.505,0.001,0.001,0.999,0.999,0.0,0.0,75984.95,1776512343000
1776512345.352,245.352,0.001,0.001,0.999,0.999,0.0,0.0,75979.03,1776512344000
1776512345.969,245.969,0.001,0.001,0.999,0.999,0.0,0.0,75979.03,1776512344000
1776512347.084,247.084,0.001,0.001,0.999,0.999,0.0,0.0,75979.02,1776512345000
1776512348.33,248.33,0.001,0.001,0.999,0.999,0.0,0.0,75972.66,1776512347000
1776512349.365,249.365,0.001,0.001,0.999,0.999,0.0,0.0,75972.56,1776512348000
1776512350.334,250.334,0.001,0.001,0.999,0.999,0.0,0.0,75972.76,1776512349000
1776512350.856,250.856,0.001,0.001,0.999,0.999,0.0,0.0,75972.76,1776512350000
1776512351.542,251.542,0.001,0.001,0.999,0.999,0.0,0.0,75972.76,1776512350000
1776512352.033,252.033,0.001,0.001,0.999,0.999,0.0,0.0,75968.33,1776512351000
1776512353.235,253.235,0.001,0.001,0.999,0.999,0.0,0.0,75964.74,1776512352000
1776512354.239,254.239,0.001,0.001,0.999,0.999,0.0,0.0,75963.14,1776512353000
1776512355.342,255.342,0.001,0.001,0.999,0.999,0.0,0.0,75963.14,1776512354000
1776512355.967,255.967,0.001,0.001,0.999,0.999,0.0,0.0,75963.14,1776512354000
1776512357.318,257.318,0.001,0.001,0.999,0.999,0.0,0.0,75969.04,1776512356000
1776512357.724,257.724,0.001,0.001,0.999,0.999,0.0,0.0,75969.04,1776512356000
1776512358.508,258.508,0.001,0.002,0.998,0.999,0.001,0.001,75974.92,1776512357000
1776512359.03,259.03,0.001,0.002,0.998,0.999,0.001,0.001,75973.19,1776512358000
1776512359.583,259.583,0.001,0.002,0.998,0.999,0.001,0.001,75973.19,1776512358000
1776512359.94,259.94,0.001,0.002,0.998,0.999,0.001,0.001,75973.19,1776512358000
1776512361.203,261.203,0.001,0.002,0.998,0.999,0.001,0.001,75974.55,1776512360000
1776512361.784,261.784,0.001,0.001,0.998,0.999,0.0,0.001,75974.55,1776512360000
1776512362.178,262.178,0.001,0.003,0.999,0.999,0.002,0.0,75974.55,1776512360000
1776512362.663,262.663,0.001,0.003,0.997,0.999,0.002,0.002,75974.6,1776512361000
1776512363.543,263.543,0.001,0.002,0.998,0.999,0.001,0.001,75974.59,1776512362000
1776512364.091,264.091,0.001,0.002,0.998,0.999,0.001,0.001,75974.6,1776512363000
1776512364.687,264.687,0.001,0.002,0.998,0.999,0.001,0.001,75974.6,1776512363000
1776512365.156,265.156,0.001,0.002,0.998,0.999,0.001,0.001,75974.7,1776512364000
1776512365.815,265.815,0.001,0.002,0.998,0.999,0.001,0.001,75974.7,1776512364000
1776512366.29,266.29,0.001,0.002,0.998,0.999,0.001,0.001,75974.66,1776512365000
1776512367.372,267.372,0.001,0.002,0.998,0.999,0.001,0.001,75974.55,1776512366000
1776512367.922,267.922,0.001,0.003,0.998,0.999,0.002,0.001,75974.55,1776512366000
1776512368.518,268.518,0.001,0.004,0.997,0.999,0.003,0.002,75963.54,1776512367000
1776512368.996,268.996,0.001,0.002,0.996,0.999,0.001,0.003,75963.54,1776512367000
1776512369.394,269.394,0.001,0.002,0.998,0.999,0.001,0.001,75957.83,1776512368000
1776512369.782,269.782,0.001,0.007,0.998,0.999,0.006,0.001,75957.83,1776512368000
1776512370.141,270.141,0.001,0.006,0.994,0.999,0.005,0.005,75947.93,1776512369000
1776512370.512,270.512,0.008,0.009,0.99,0.999,0.001,0.009,75947.93,1776512369000
1776512370.898,270.898,0.009,0.01,0.99,0.991,0.001,0.001,75947.93,1776512369000
1776512371.282,271.282,0.009,0.01,0.99,0.991,0.001,0.001,75944.34,1776512370000
1776512371.761,271.761,0.009,0.01,0.99,0.991,0.001,0.001,75944.34,1776512370000
1776512372.17,272.17,0.009,0.01,0.99,0.991,0.001,0.001,75944.34,1776512370000
1776512372.673,272.673,0.009,0.01,0.99,0.991,0.001,0.001,75939.96,1776512371000
1776512373.164,273.164,0.001,0.01,0.99,0.999,0.009,0.009,75939.96,1776512371000
1776512373.59,273.59,0.001,0.01,0.99,0.999,0.009,0.009,75930.7,1776512372000
1776512373.959,273.959,0.009,0.01,0.99,0.991,0.001,0.001,75930.7,1776512372000
1776512374.601,274.601,0.009,0.01,0.99,0.991,0.001,0.001,75905.48,1776512373000
1776512375.159,275.159,0.009,0.01,0.99,0.991,0.001,0.001,75882.95,1776512374000
1776512376.354,276.354,0.009,0.009,0.99,0.991,0.0,0.001,75882.95,1776512374000
1776512376.787,276.787,0.001,0.002,0.998,0.991,0.001,-0.007,75882.95,1776512374000
1776512377.674,277.674,0.001,0.002,0.998,0.999,0.001,0.001,75892.56,1776512375000
1776512378.136,278.136,0.001,0.008,0.998,0.999,0.007,0.001,75898.11,1776512376000
1776512378.541,278.541,0.001,0.008,0.992,0.999,0.007,0.007,75900.02,1776512377000
1776512379.174,279.174,0.001,0.008,0.992,0.999,0.007,0.007,75898.98,1776512378000
1776512380.377,280.377,0.001,0.008,0.992,0.999,0.007,0.007,75902.7,1776512379000
1776512380.826,280.826,0.001,0.009,0.998,0.999,0.008,0.001,75902.7,1776512379000
1776512381.584,281.584,0.001,0.009,0.991,0.999,0.008,0.008,75901.95,1776512380000
1776512382.261,282.261,0.001,0.009,0.991,0.999,0.008,0.008,75900.83,1776512381000
1776512382.9,282.9,0.001,0.002,0.991,0.999,0.001,0.008,75900.83,1776512381000
1776512383.457,283.457,0.001,0.002,0.998,0.999,0.001,0.001,75900.63,1776512382000
1776512384.213,284.213,0.001,0.002,0.998,0.999,0.001,0.001,75900.8,1776512383000
1776512385.107,285.107,0.001,0.002,0.998,0.999,0.001,0.001,75900.8,1776512383000
1776512385.458,285.458,0.001,0.009,0.991,0.999,0.008,0.008,75901.39,1776512384000
1776512385.94,285.94,0.001,0.009,0.991,0.999,0.008,0.008,75901.39,1776512384000
1776512386.414,286.414,0.001,0.009,0.991,0.999,0.008,0.008,75901.39,1776512384000
1776512386.747,286.747,0.001,0.009,0.991,0.999,0.008,0.008,75901.77,1776512385000
1776512387.094,287.094,0.001,0.009,0.991,0.999,0.008,0.008,75901.77,1776512386000
1776512387.435,287.435,0.001,0.009,0.991,0.999,0.008,0.008,75901.77,1776512386000
1776512387.77,287.77,0.001,0.009,0.991,0.999,0.008,0.008,75901.77,1776512386000
1776512388.108,288.108,0.001,0.009,0.991,0.999,0.008,0.008,75901.77,1776512386000
1776512388.465,288.465,0.001,0.009,0.991,0.999,0.008,0.008,75900.06,1776512387000
1776512388.798,288.798,0.001,0.009,0.991,0.999,0.008,0.008,75900.06,1776512387000
1776512389.136,289.136,0.001,0.009,0.991,0.999,0.008,0.008,75900.06,1776512387000
1776512389.479,289.479,0.001,0.009,0.991,0.999,0.008,0.008,75900.06,1776512387000
1776512389.869,289.869,0.001,0.009,0.991,0.999,0.008,0.008,75895.55,1776512388000
1776512390.304,290.304,0.001,0.009,0.991,0.999,0.008,0.008,75895.55,1776512389000
1776512390.64,290.64,0.001,0.009,0.991,0.999,0.008,0.008,75895.55,1776512389000
1776512390.976,290.976,0.001,0.009,0.991,0.999,0.008,0.008,75895.55,1776512389000
1776512391.314,291.314,0.001,0.009,0.991,0.999,0.008,0.008,75895.55,1776512389000
1776512391.702,291.702,0.001,0.009,0.991,0.999,0.008,0.008,75882.45,1776512390000
1776512392.039,292.039,0.001,0.01,0.99,0.999,0.009,0.009,75882.45,1776512390000
1776512392.376,292.376,0.001,0.01,0.99,0.999,0.009,0.009,75882.25,1776512391000
1776512392.801,292.801,0.001,0.01,0.99,0.999,0.009,0.009,75882.25,1776512391000
1776512393.193,293.193,0.001,0.01,0.99,0.999,0.009,0.009,75882.25,1776512391000
1776512393.532,293.532,0.001,0.01,0.99,0.999,0.009,0.009,75882.84,1776512392000
1776512393.87,293.87,0.001,0.01,0.99,0.999,0.009,0.009,75882.84,1776512392000
1776512394.233,294.233,0.001,0.01,0.99,0.999,0.009,0.009,75882.84,1776512392000
1776512394.589,294.589,0.001,0.01,0.99,0.999,0.009,0.009,75882.84,1776512392000
1776512394.927,294.927,0.001,0.01,0.99,0.999,0.009,0.009,75882.84,1776512392000
1776512395.314,295.314,0.001,0.01,0.99,0.999,0.009,0.009,75876.06,1776512394000
1776512395.826,295.826,0.001,0.01,0.99,0.999,0.009,0.009,75876.06,1776512394000
1776512396.261,296.261,0.001,0.009,0.991,0.999,0.008,0.008,75876.06,1776512394000
1776512396.596,296.596,0.001,0.009,0.991,0.999,0.008,0.008,75867.1,1776512395000
1776512396.933,296.933,0.001,0.009,0.991,0.999,0.008,0.008,75867.1,1776512395000
1776512397.301,297.301,0.001,0.009,0.991,0.999,0.008,0.008,75867.1,1776512395000
1776512397.668,297.668,0.001,0.009,0.991,0.999,0.008,0.008,75862.39,1776512396000
1776512398.002,298.002,0.001,0.009,0.999,0.999,0.008,0.0,75862.39,1776512396000
1776512398.373,298.373,0.001,0.009,0.991,0.999,0.008,0.008,75862.39,1776512396000
1776512398.722,298.722,0.001,0.009,0.991,0.999,0.008,0.008,75864.92,1776512397000
1776512399.124,299.124,0.001,0.009,0.991,0.999,0.008,0.008,75864.92,1776512397000
1776512399.463,299.463,0.001,0.009,0.991,0.999,0.008,0.008,75864.73,1776512398000
1776512399.827,299.827,0.001,0.001,0.999,0.999,0.0,0.0,75864.73,1776512398000
1776512400.226,300.226,0.001,0.001,0.999,0.999,0.0,0.0,75864.73,1776512398000
1776512400.848,300.848,0.001,0.001,0.999,0.999,0.0,0.0,75863.76,1776512399000
1776512401.541,301.541,0.001,0.001,0.999,0.999,0.0,0.0,75857.17,1776512400000
1776512402.311,302.311,0.001,0.001,0.999,0.999,0.0,0.0,75855.64,1776512401000

# RESULT,winner=Down,slug=btc-updown-5m-1776512100,ticks=625
