timestamp,elapsed_sec,up_bid,up_ask,down_bid,down_ask,up_spread,down_spread,btc_price,btc_oracle_ts
1776111600.723,0.723,0.52,0.55,0.45,0.48,0.03,0.03,73100.9,1776111599000
1776111601.093,1.093,0.52,0.53,0.47,0.48,0.01,0.01,73100.9,1776111599000
1776111601.566,1.566,0.52,0.53,0.43,0.47,0.01,0.04,73100.9,1776111599000
1776111601.917,1.917,0.52,0.53,0.47,0.48,0.01,0.01,73100.89,1776111600000
1776111602.317,2.317,0.52,0.53,0.47,0.48,0.01,0.01,73096.14,1776111601000
1776111602.662,2.662,0.51,0.52,0.48,0.51,0.01,0.03,73096.14,1776111601000
1776111603.153,3.153,0.49,0.5,0.5,0.51,0.01,0.01,73096.14,1776111601000
1776111603.868,3.868,0.49,0.5,0.5,0.51,0.01,0.01,73093.56,1776111602000
1776111604.321,4.321,0.47,0.48,0.52,0.53,0.01,0.01,73093.56,1776111602000
1776111604.676,4.676,0.47,0.48,0.52,0.53,0.01,0.01,73093.56,1776111602000
1776111605.162,5.162,0.47,0.48,0.52,0.53,0.01,0.01,73091.96,1776111603000
1776111605.565,5.565,0.47,0.48,0.52,0.53,0.01,0.01,73091.58,1776111604000
1776111606.172,6.172,0.48,0.49,0.51,0.52,0.01,0.01,73091.58,1776111604000
1776111606.508,6.508,0.48,0.49,0.51,0.52,0.01,0.01,73091.58,1776111604000
1776111606.965,6.965,0.48,0.49,0.51,0.52,0.01,0.01,73091.94,1776111605000
1776111607.57,7.57,0.48,0.49,0.51,0.52,0.01,0.01,73091,1776111606000
1776111607.945,7.945,0.48,0.49,0.51,0.52,0.01,0.01,73091,1776111606000
1776111608.294,8.294,0.48,0.49,0.51,0.52,0.01,0.01,73090.55,1776111607000
1776111608.637,8.637,0.47,0.48,0.51,0.53,0.01,0.02,73090.55,1776111607000
1776111609.116,9.116,0.47,0.48,0.52,0.53,0.01,0.01,73090.55,1776111607000
1776111609.566,9.566,0.47,0.48,0.52,0.53,0.01,0.01,73089.22,1776111608000
1776111609.905,9.905,0.47,0.48,0.52,0.53,0.01,0.01,73089.22,1776111608000
1776111610.329,10.329,0.48,0.49,0.51,0.52,0.01,0.01,73091.95,1776111609000
1776111610.706,10.706,0.48,0.49,0.51,0.52,0.01,0.01,73091.95,1776111609000
1776111611.195,11.195,0.48,0.49,0.51,0.52,0.01,0.01,73091.95,1776111609000
1776111611.533,11.533,0.48,0.49,0.51,0.52,0.01,0.01,73091.83,1776111610000
1776111612.041,12.041,0.48,0.49,0.51,0.52,0.01,0.01,73091.83,1776111611000
1776111612.415,12.415,0.48,0.49,0.51,0.52,0.01,0.01,73091.83,1776111611000
1776111612.814,12.814,0.48,0.49,0.51,0.52,0.01,0.01,73091.83,1776111611000
1776111613.159,13.159,0.48,0.49,0.51,0.53,0.01,0.02,73091.83,1776111611000
1776111613.542,13.542,0.48,0.49,0.51,0.52,0.01,0.01,73091.83,1776111612000
1776111614.077,14.077,0.48,0.49,0.51,0.52,0.01,0.01,73091.83,1776111612000
1776111614.655,14.655,0.48,0.49,0.51,0.52,0.01,0.01,73091.84,1776111613000
1776111615.189,15.189,0.48,0.49,0.51,0.52,0.01,0.01,73091.84,1776111613000
1776111615.56,15.56,0.48,0.49,0.5,0.52,0.01,0.02,73091.84,1776111614000
1776111616.135,16.135,0.49,0.5,0.5,0.51,0.01,0.01,73091.84,1776111614000
1776111616.783,16.783,0.49,0.5,0.5,0.51,0.01,0.01,73091.84,1776111615000
1776111617.148,17.148,0.49,0.5,0.5,0.51,0.01,0.01,73091.84,1776111616000
1776111617.493,17.493,0.49,0.5,0.49,0.51,0.01,0.02,73091.84,1776111616000
1776111617.849,17.849,0.49,0.5,0.5,0.51,0.01,0.01,73091.84,1776111616000
1776111618.24,18.24,0.5,0.51,0.49,0.5,0.01,0.01,73091.84,1776111616000
1776111619.045,19.045,0.5,0.51,0.49,0.5,0.01,0.01,73091.84,1776111617000
1776111619.675,19.675,0.5,0.51,0.49,0.5,0.01,0.01,73093.76,1776111618000
1776111620.101,20.101,0.49,0.51,0.49,0.5,0.02,0.01,73093.76,1776111618000
1776111620.464,20.464,0.49,0.5,0.5,0.51,0.01,0.01,73093.76,1776111618000
1776111620.814,20.814,0.49,0.51,0.47,0.5,0.02,0.03,73093.76,1776111619000
1776111621.15,21.15,0.5,0.51,0.49,0.5,0.01,0.01,73093.76,1776111620000
1776111621.772,21.772,0.5,0.51,0.49,0.5,0.01,0.01,73093.76,1776111620000
1776111622.107,22.107,0.54,0.56,0.44,0.46,0.02,0.02,73093.76,1776111620000
1776111622.472,22.472,0.54,0.55,0.45,0.46,0.01,0.01,73096.54,1776111621000
1776111622.824,22.824,0.54,0.55,0.45,0.46,0.01,0.01,73096.54,1776111621000
1776111623.175,23.175,0.54,0.55,0.45,0.46,0.01,0.01,73096.54,1776111621000
1776111623.509,23.509,0.54,0.55,0.45,0.46,0.01,0.01,73103.11,1776111622000
1776111623.842,23.842,0.54,0.55,0.45,0.46,0.01,0.01,73103.11,1776111622000
1776111624.254,24.254,0.54,0.55,0.45,0.46,0.01,0.01,73104.42,1776111623000
1776111624.679,24.679,0.54,0.55,0.45,0.46,0.01,0.01,73104.42,1776111623000
1776111625.142,25.142,0.54,0.55,0.45,0.46,0.01,0.01,73104.42,1776111623000
1776111625.645,25.645,0.54,0.55,0.45,0.46,0.01,0.01,73107.55,1776111624000
1776111626.06,26.06,0.54,0.55,0.45,0.46,0.01,0.01,73107.55,1776111624000
1776111626.425,26.425,0.54,0.55,0.45,0.46,0.01,0.01,73107.55,1776111624000
1776111627.185,27.185,0.54,0.55,0.45,0.46,0.01,0.01,73107.55,1776111626000
1776111627.711,27.711,0.57,0.58,0.42,0.43,0.01,0.01,73107.55,1776111626000
1776111628.153,28.153,0.57,0.58,0.42,0.43,0.01,0.01,73107.55,1776111626000
1776111628.564,28.564,0.57,0.58,0.42,0.43,0.01,0.01,73107.55,1776111627000
1776111628.961,28.961,0.57,0.58,0.42,0.43,0.01,0.01,73107.55,1776111627000
1776111629.296,29.296,0.57,0.58,0.42,0.43,0.01,0.01,73107.55,1776111627000
1776111629.64,29.64,0.57,0.58,0.42,0.43,0.01,0.01,73111.42,1776111628000
1776111629.996,29.996,0.57,0.58,0.42,0.43,0.01,0.01,73111.42,1776111628000
1776111630.542,30.542,0.57,0.58,0.42,0.43,0.01,0.01,73111.48,1776111629000
1776111630.892,30.892,0.57,0.6,0.41,0.43,0.03,0.02,73111.48,1776111629000
1776111631.281,31.281,0.59,0.61,0.39,0.4,0.02,0.01,73111.48,1776111629000
1776111631.633,31.633,0.6,0.61,0.39,0.4,0.01,0.01,73111.48,1776111629000
1776111631.978,31.978,0.63,0.69,0.31,0.37,0.06,0.06,73111.3,1776111630000
1776111632.321,32.321,0.68,0.7,0.3,0.32,0.02,0.02,73111.3,1776111630000
1776111632.67,32.67,0.67,0.69,0.31,0.34,0.02,0.03,73116.38,1776111631000
1776111633.073,33.073,0.67,0.68,0.32,0.33,0.01,0.01,73116.38,1776111631000
1776111633.443,33.443,0.67,0.68,0.32,0.33,0.01,0.01,73130.36,1776111632000
1776111633.796,33.796,0.67,0.68,0.32,0.33,0.01,0.01,73130.36,1776111632000
1776111634.193,34.193,0.67,0.68,0.32,0.33,0.01,0.01,73140.88,1776111633000
1776111634.572,34.572,0.67,0.68,0.32,0.33,0.01,0.01,73140.88,1776111633000
1776111634.947,34.947,0.67,0.68,0.32,0.33,0.01,0.01,73140.88,1776111633000
1776111635.289,35.289,0.67,0.68,0.32,0.33,0.01,0.01,73140.88,1776111633000
1776111635.751,35.751,0.67,0.68,0.32,0.33,0.01,0.01,73141.77,1776111634000
1776111636.123,36.123,0.68,0.69,0.31,0.33,0.01,0.02,73141.77,1776111634000
1776111636.553,36.553,0.68,0.69,0.31,0.32,0.01,0.01,73141.77,1776111635000
1776111636.915,36.915,0.68,0.69,0.31,0.32,0.01,0.01,73141.77,1776111635000
1776111637.278,37.278,0.68,0.69,0.31,0.32,0.01,0.01,73141.77,1776111636000
1776111637.795,37.795,0.68,0.69,0.31,0.32,0.01,0.01,73141.77,1776111636000
1776111638.208,38.208,0.72,0.73,0.27,0.31,0.01,0.04,73141.77,1776111636000
1776111638.591,38.591,0.7,0.73,0.27,0.28,0.03,0.01,73141.83,1776111637000
1776111638.938,38.938,0.68,0.69,0.29,0.33,0.01,0.04,73141.83,1776111637000
1776111639.295,39.295,0.65,0.66,0.34,0.35,0.01,0.01,73145.22,1776111638000
1776111639.641,39.641,0.63,0.64,0.36,0.37,0.01,0.01,73145.22,1776111638000
1776111639.977,39.977,0.63,0.64,0.36,0.37,0.01,0.01,73145.22,1776111638000
1776111640.313,40.313,0.64,0.65,0.35,0.37,0.01,0.02,73145.22,1776111638000
1776111640.708,40.708,0.63,0.64,0.36,0.37,0.01,0.01,73133.94,1776111639000
1776111641.061,41.061,0.63,0.64,0.36,0.37,0.01,0.01,73133.94,1776111639000
1776111641.426,41.426,0.63,0.64,0.36,0.37,0.01,0.01,73126.06,1776111640000
1776111641.849,41.849,0.63,0.64,0.36,0.37,0.01,0.01,73126.06,1776111640000
1776111642.458,42.458,0.63,0.64,0.36,0.37,0.01,0.01,73126.06,1776111641000
1776111642.794,42.794,0.63,0.64,0.36,0.37,0.01,0.01,73126.06,1776111641000
1776111643.227,43.227,0.63,0.64,0.36,0.37,0.01,0.01,73126.09,1776111642000
1776111643.593,43.593,0.63,0.64,0.36,0.37,0.01,0.01,73126.09,1776111642000
1776111643.934,43.934,0.63,0.65,0.35,0.37,0.02,0.02,73126.09,1776111642000
1776111644.473,44.473,0.64,0.65,0.35,0.36,0.01,0.01,73126.09,1776111643000
1776111644.841,44.841,0.64,0.66,0.34,0.35,0.02,0.01,73126.09,1776111643000
1776111645.201,45.201,0.66,0.67,0.33,0.34,0.01,0.01,73126.1,1776111644000
1776111645.571,45.571,0.66,0.67,0.33,0.34,0.01,0.01,73126.1,1776111644000
1776111646.013,46.013,0.66,0.67,0.33,0.34,0.01,0.01,73126.1,1776111644000
1776111646.347,46.347,0.64,0.65,0.35,0.36,0.01,0.01,73131.26,1776111645000
1776111646.783,46.783,0.62,0.63,0.37,0.38,0.01,0.01,73131.26,1776111645000
1776111647.222,47.222,0.61,0.62,0.38,0.39,0.01,0.01,73131.26,1776111645000
1776111647.592,47.592,0.61,0.62,0.38,0.39,0.01,0.01,73130.89,1776111646000
1776111648.03,48.03,0.6,0.61,0.39,0.4,0.01,0.01,73126.75,1776111647000
1776111648.749,48.749,0.6,0.61,0.39,0.4,0.01,0.01,73126.75,1776111647000
1776111649.087,49.087,0.6,0.61,0.39,0.4,0.01,0.01,73126.75,1776111647000
1776111649.652,49.652,0.6,0.61,0.39,0.4,0.01,0.01,73118.91,1776111648000
1776111650.164,50.164,0.6,0.61,0.39,0.4,0.01,0.01,73118.91,1776111648000
1776111650.507,50.507,0.6,0.61,0.39,0.4,0.01,0.01,73120.78,1776111649000
1776111650.843,50.843,0.6,0.61,0.39,0.4,0.01,0.01,73120.78,1776111649000
1776111651.186,51.186,0.6,0.61,0.39,0.4,0.01,0.01,73118.33,1776111650000
1776111651.537,51.537,0.6,0.61,0.39,0.4,0.01,0.01,73118.33,1776111650000
1776111652.217,52.217,0.6,0.61,0.39,0.4,0.01,0.01,73119.96,1776111651000
1776111652.697,52.697,0.6,0.61,0.39,0.4,0.01,0.01,73119.96,1776111651000
1776111653.355,53.355,0.6,0.61,0.39,0.4,0.01,0.01,73121.87,1776111652000
1776111653.842,53.842,0.6,0.61,0.39,0.4,0.01,0.01,73121.87,1776111652000
1776111654.245,54.245,0.6,0.61,0.39,0.4,0.01,0.01,73121.0,1776111653000
1776111654.59,54.59,0.6,0.61,0.39,0.4,0.01,0.01,73121.0,1776111653000
1776111655.055,55.055,0.6,0.61,0.39,0.4,0.01,0.01,73121.0,1776111653000
1776111655.674,55.674,0.6,0.61,0.39,0.4,0.01,0.01,73119.82,1776111654000
1776111656.021,56.021,0.6,0.61,0.39,0.4,0.01,0.01,73119.82,1776111654000
1776111656.391,56.391,0.6,0.61,0.39,0.4,0.01,0.01,73119.84,1776111655000
1776111656.854,56.854,0.6,0.61,0.39,0.41,0.01,0.02,73119.84,1776111655000
1776111657.396,57.396,0.6,0.61,0.39,0.4,0.01,0.01,73121.95,1776111656000
1776111657.76,57.76,0.58,0.59,0.41,0.42,0.01,0.01,73121.95,1776111656000
1776111658.096,58.096,0.58,0.59,0.41,0.42,0.01,0.01,73121.95,1776111656000
1776111658.465,58.465,0.58,0.59,0.41,0.42,0.01,0.01,73121.95,1776111657000
1776111658.913,58.913,0.58,0.59,0.41,0.42,0.01,0.01,73121.95,1776111657000
1776111659.25,59.25,0.58,0.59,0.41,0.42,0.01,0.01,73120.14,1776111658000
1776111659.678,59.678,0.58,0.59,0.41,0.42,0.01,0.01,73120.14,1776111658000
1776111660.135,60.135,0.58,0.59,0.41,0.42,0.01,0.01,73120.14,1776111658000
1776111660.475,60.475,0.58,0.59,0.41,0.42,0.01,0.01,73120.46,1776111659000
1776111660.864,60.864,0.58,0.59,0.41,0.42,0.01,0.01,73120.46,1776111659000
1776111661.272,61.272,0.59,0.6,0.4,0.41,0.01,0.01,73120.46,1776111659000
1776111661.656,61.656,0.59,0.6,0.4,0.41,0.01,0.01,73118.79,1776111660000
1776111661.99,61.99,0.58,0.59,0.41,0.42,0.01,0.01,73118.79,1776111660000
1776111662.389,62.389,0.57,0.58,0.42,0.43,0.01,0.01,73119.27,1776111661000
1776111662.743,62.743,0.57,0.58,0.42,0.43,0.01,0.01,73119.27,1776111661000
1776111663.113,63.113,0.57,0.58,0.42,0.43,0.01,0.01,73119.27,1776111661000
1776111663.468,63.468,0.57,0.58,0.42,0.43,0.01,0.01,73119.64,1776111662000
1776111663.878,63.878,0.57,0.58,0.42,0.43,0.01,0.01,73119.64,1776111662000
1776111664.222,64.222,0.57,0.58,0.42,0.43,0.01,0.01,73118.71,1776111663000
1776111664.944,64.944,0.57,0.58,0.42,0.43,0.01,0.01,73118.71,1776111663000
1776111665.325,65.325,0.58,0.59,0.41,0.42,0.01,0.01,73118.28,1776111664000
1776111665.925,65.925,0.6,0.61,0.39,0.42,0.01,0.03,73118.28,1776111664000
1776111666.42,66.42,0.6,0.61,0.39,0.4,0.01,0.01,73120.29,1776111665000
1776111666.943,66.943,0.6,0.61,0.39,0.4,0.01,0.01,73120.29,1776111665000
1776111667.374,67.374,0.6,0.61,0.39,0.4,0.01,0.01,73121.28,1776111666000
1776111667.722,67.722,0.6,0.61,0.39,0.4,0.01,0.01,73121.28,1776111666000
1776111668.216,68.216,0.6,0.61,0.39,0.4,0.01,0.01,73121.28,1776111666000
1776111668.576,68.576,0.6,0.61,0.39,0.4,0.01,0.01,73121.03,1776111667000
1776111669.096,69.096,0.6,0.61,0.39,0.4,0.01,0.01,73121.03,1776111668000
1776111669.652,69.652,0.6,0.61,0.39,0.4,0.01,0.01,73121.03,1776111668000
1776111670.121,70.121,0.6,0.61,0.39,0.4,0.01,0.01,73121.11,1776111669000
1776111670.603,70.603,0.6,0.61,0.39,0.4,0.01,0.01,73121.11,1776111669000
1776111671.007,71.007,0.6,0.61,0.39,0.4,0.01,0.01,73121.11,1776111669000
1776111671.809,71.809,0.6,0.61,0.39,0.4,0.01,0.01,73121.03,1776111670000
1776111672.213,72.213,0.6,0.61,0.39,0.4,0.01,0.01,73121.03,1776111671000
1776111672.558,72.558,0.6,0.61,0.39,0.4,0.01,0.01,73121.03,1776111671000
1776111673.035,73.035,0.6,0.61,0.39,0.4,0.01,0.01,73121.03,1776111671000
1776111673.504,73.504,0.57,0.61,0.39,0.4,0.04,0.01,73121.03,1776111672000
1776111673.897,73.897,0.57,0.58,0.42,0.43,0.01,0.01,73121.03,1776111672000
1776111674.262,74.262,0.57,0.58,0.42,0.43,0.01,0.01,73121.03,1776111673000
1776111674.711,74.711,0.57,0.58,0.42,0.43,0.01,0.01,73121.03,1776111673000
1776111675.092,75.092,0.57,0.58,0.42,0.43,0.01,0.01,73121.03,1776111673000
1776111675.802,75.802,0.57,0.58,0.42,0.43,0.01,0.01,73121.01,1776111674000
1776111676.175,76.175,0.57,0.58,0.42,0.43,0.01,0.01,73121.01,1776111674000
1776111676.923,76.923,0.57,0.58,0.42,0.43,0.01,0.01,73119.4,1776111676000
1776111677.258,77.258,0.57,0.58,0.42,0.43,0.01,0.01,73119.4,1776111676000
1776111677.625,77.625,0.57,0.58,0.42,0.43,0.01,0.01,73119.4,1776111676000
1776111677.963,77.963,0.57,0.58,0.42,0.43,0.01,0.01,73120.71,1776111677000
1776111678.309,78.309,0.57,0.58,0.42,0.43,0.01,0.01,73120.71,1776111677000
1776111678.849,78.849,0.57,0.58,0.42,0.43,0.01,0.01,73120.71,1776111677000
1776111679.19,79.19,0.57,0.58,0.42,0.43,0.01,0.01,73121.0,1776111678000
1776111679.619,79.619,0.57,0.58,0.42,0.43,0.01,0.01,73121.0,1776111678000
1776111680.101,80.101,0.57,0.58,0.42,0.43,0.01,0.01,73119.99,1776111679000
1776111680.437,80.437,0.57,0.58,0.42,0.43,0.01,0.01,73119.99,1776111679000
1776111680.805,80.805,0.57,0.58,0.42,0.43,0.01,0.01,73119.99,1776111679000
1776111681.207,81.207,0.57,0.58,0.42,0.43,0.01,0.01,73118.66,1776111680000
1776111681.825,81.825,0.57,0.58,0.42,0.43,0.01,0.01,73118.66,1776111680000
1776111682.16,82.16,0.56,0.57,0.43,0.44,0.01,0.01,73118.66,1776111681000
1776111682.912,82.912,0.56,0.57,0.43,0.44,0.01,0.01,73118.66,1776111681000
1776111683.301,83.301,0.56,0.57,0.43,0.44,0.01,0.01,73119.83,1776111682000
1776111683.641,83.641,0.56,0.58,0.42,0.44,0.02,0.02,73119.83,1776111682000
1776111684.219,84.219,0.56,0.58,0.42,0.44,0.02,0.02,73119.66,1776111683000
1776111684.917,84.917,0.57,0.58,0.42,0.43,0.01,0.01,73119.66,1776111683000
1776111685.318,85.318,0.58,0.59,0.41,0.42,0.01,0.01,73120.99,1776111684000
1776111685.687,85.687,0.58,0.59,0.41,0.42,0.01,0.01,73120.99,1776111684000
1776111686.467,86.467,0.58,0.59,0.41,0.42,0.01,0.01,73120.99,1776111684000
1776111686.825,86.825,0.58,0.59,0.41,0.42,0.01,0.01,73119.26,1776111685000
1776111687.566,87.566,0.58,0.59,0.41,0.42,0.01,0.01,73119.26,1776111685000
1776111688.011,88.011,0.58,0.59,0.41,0.42,0.01,0.01,73120.99,1776111686000
1776111688.475,88.475,0.58,0.59,0.41,0.42,0.01,0.01,73120.99,1776111686000
1776111689.417,89.417,0.58,0.59,0.41,0.42,0.01,0.01,73120.99,1776111688000
1776111689.856,89.856,0.6,0.61,0.38,0.4,0.01,0.02,73120.99,1776111688000
1776111690.282,90.282,0.6,0.61,0.39,0.4,0.01,0.01,73119.73,1776111689000
1776111690.654,90.654,0.6,0.61,0.39,0.4,0.01,0.01,73119.73,1776111689000
1776111691.018,91.018,0.6,0.61,0.39,0.4,0.01,0.01,73119.73,1776111689000
1776111691.359,91.359,0.61,0.62,0.38,0.39,0.01,0.01,73121.05,1776111690000
1776111691.813,91.813,0.61,0.62,0.38,0.39,0.01,0.01,73121.05,1776111690000
1776111692.39,92.39,0.61,0.62,0.38,0.39,0.01,0.01,73121.05,1776111690000
1776111692.729,92.729,0.61,0.64,0.36,0.39,0.03,0.03,73121.05,1776111691000
1776111693.068,93.068,0.64,0.65,0.35,0.36,0.01,0.01,73121.05,1776111691000
1776111693.406,93.406,0.66,0.67,0.33,0.34,0.01,0.01,73121.93,1776111692000
1776111693.768,93.768,0.66,0.67,0.33,0.34,0.01,0.01,73121.93,1776111692000
1776111694.102,94.102,0.66,0.67,0.33,0.34,0.01,0.01,73121.93,1776111692000
1776111694.445,94.445,0.66,0.67,0.33,0.34,0.01,0.01,73121.93,1776111692000
1776111695.152,95.152,0.65,0.66,0.34,0.35,0.01,0.01,73135.99,1776111694000
1776111695.491,95.491,0.64,0.66,0.34,0.36,0.02,0.02,73135.99,1776111694000
1776111695.837,95.837,0.61,0.65,0.35,0.38,0.04,0.03,73135.99,1776111694000
1776111696.174,96.174,0.63,0.65,0.35,0.37,0.02,0.02,73135.99,1776111694000
1776111696.512,96.512,0.63,0.64,0.36,0.37,0.01,0.01,73134.95,1776111695000
1776111696.854,96.854,0.63,0.64,0.36,0.37,0.01,0.01,73134.95,1776111695000
1776111697.313,97.313,0.63,0.64,0.36,0.37,0.01,0.01,73131.85,1776111696000
1776111698.101,98.101,0.64,0.65,0.34,0.37,0.01,0.03,73131.85,1776111696000
1776111698.511,98.511,0.64,0.65,0.35,0.36,0.01,0.01,73133.75,1776111697000
1776111698.969,98.969,0.65,0.66,0.34,0.35,0.01,0.01,73133.75,1776111697000
1776111699.624,99.624,0.65,0.66,0.34,0.35,0.01,0.01,73133.75,1776111697000
1776111700.048,100.048,0.65,0.66,0.34,0.35,0.01,0.01,73132.34,1776111698000
1776111700.395,100.395,0.65,0.66,0.34,0.35,0.01,0.01,73131.39,1776111699000
1776111700.918,100.918,0.64,0.65,0.34,0.36,0.01,0.02,73131.39,1776111699000
1776111701.581,101.581,0.64,0.65,0.35,0.36,0.01,0.01,73131.39,1776111699000
1776111701.935,101.935,0.64,0.65,0.35,0.36,0.01,0.01,73132.19,1776111700000
1776111702.309,102.309,0.63,0.64,0.35,0.36,0.01,0.01,73132.19,1776111700000
1776111702.91,102.91,0.63,0.64,0.36,0.37,0.01,0.01,73132.19,1776111701000
1776111703.256,103.256,0.63,0.64,0.36,0.37,0.01,0.01,73132.19,1776111701000
1776111703.597,103.597,0.63,0.64,0.36,0.37,0.01,0.01,73131.92,1776111702000
1776111703.985,103.985,0.63,0.64,0.36,0.37,0.01,0.01,73131.92,1776111702000
1776111704.358,104.358,0.63,0.64,0.36,0.37,0.01,0.01,73131.92,1776111702000
1776111704.72,104.72,0.63,0.64,0.36,0.37,0.01,0.01,73131.92,1776111702000
1776111705.135,105.135,0.63,0.64,0.36,0.37,0.01,0.01,73130.61,1776111703000
1776111705.708,105.708,0.63,0.65,0.36,0.37,0.02,0.01,73129.95,1776111704000
1776111706.07,106.07,0.64,0.65,0.35,0.36,0.01,0.01,73130.65,1776111705000
1776111706.741,106.741,0.64,0.65,0.35,0.36,0.01,0.01,73130.65,1776111705000
1776111707.204,107.204,0.64,0.65,0.34,0.36,0.01,0.02,73130.65,1776111705000
1776111707.699,107.699,0.64,0.65,0.35,0.36,0.01,0.01,73130.65,1776111706000
1776111708.052,108.052,0.64,0.66,0.35,0.36,0.02,0.01,73130.65,1776111706000
1776111708.388,108.388,0.65,0.66,0.34,0.35,0.01,0.01,73130.65,1776111706000
1776111708.912,108.912,0.65,0.66,0.34,0.35,0.01,0.01,73131.7,1776111707000
1776111709.366,109.366,0.65,0.66,0.34,0.35,0.01,0.01,73132.88,1776111708000
1776111709.914,109.914,0.65,0.66,0.34,0.35,0.01,0.01,73132.88,1776111708000
1776111710.248,110.248,0.65,0.66,0.34,0.35,0.01,0.01,73132.88,1776111708000
1776111710.77,110.77,0.65,0.66,0.34,0.35,0.01,0.01,73131.73,1776111709000
1776111711.257,111.257,0.65,0.66,0.34,0.35,0.01,0.01,73132.89,1776111710000
1776111711.786,111.786,0.65,0.66,0.34,0.35,0.01,0.01,73132.89,1776111710000
1776111712.262,112.262,0.65,0.66,0.34,0.35,0.01,0.01,73132.89,1776111710000
1776111712.862,112.862,0.64,0.65,0.35,0.36,0.01,0.01,73132.89,1776111711000
1776111713.736,113.736,0.64,0.65,0.35,0.36,0.01,0.01,73132.89,1776111712000
1776111714.35,114.35,0.64,0.65,0.35,0.36,0.01,0.01,73132.89,1776111712000
1776111715.072,115.072,0.64,0.65,0.35,0.36,0.01,0.01,73132.49,1776111714000
1776111715.432,115.432,0.64,0.65,0.35,0.36,0.01,0.01,73132.49,1776111714000
1776111715.772,115.772,0.64,0.65,0.35,0.36,0.01,0.01,73132.49,1776111714000
1776111716.373,116.373,0.64,0.65,0.35,0.36,0.01,0.01,73132.49,1776111714000
1776111716.872,116.872,0.64,0.66,0.35,0.36,0.02,0.01,73131.23,1776111715000
1776111717.465,117.465,0.65,0.66,0.34,0.35,0.01,0.01,73131.23,1776111716000
1776111718.095,118.095,0.65,0.66,0.34,0.35,0.01,0.01,73131.23,1776111716000
1776111718.472,118.472,0.64,0.65,0.34,0.36,0.01,0.02,73131.23,1776111717000
1776111718.806,118.806,0.64,0.65,0.35,0.36,0.01,0.01,73131.23,1776111717000
1776111719.155,119.155,0.64,0.66,0.35,0.36,0.02,0.01,73131.23,1776111717000
1776111719.633,119.633,0.65,0.66,0.35,0.36,0.01,0.01,73131.23,1776111718000
1776111720.215,120.215,0.65,0.66,0.34,0.35,0.01,0.01,73131.23,1776111718000
1776111720.555,120.555,0.65,0.66,0.34,0.35,0.01,0.01,73131.23,1776111719000
1776111720.907,120.907,0.65,0.66,0.34,0.35,0.01,0.01,73131.23,1776111719000
1776111721.25,121.25,0.65,0.66,0.34,0.35,0.01,0.01,73132.16,1776111720000
1776111721.654,121.654,0.65,0.66,0.34,0.35,0.01,0.01,73132.16,1776111720000
1776111722.55,122.55,0.66,0.67,0.33,0.34,0.01,0.01,73131.95,1776111721000
1776111723.131,123.131,0.63,0.67,0.33,0.37,0.04,0.04,73131.95,1776111722000
1776111723.474,123.474,0.64,0.65,0.35,0.36,0.01,0.01,73131.95,1776111722000
1776111723.883,123.883,0.65,0.66,0.34,0.36,0.01,0.02,73131.95,1776111722000
1776111724.313,124.313,0.62,0.66,0.34,0.38,0.04,0.04,73131.95,1776111723000
1776111724.807,124.807,0.65,0.66,0.34,0.35,0.01,0.01,73131.95,1776111723000
1776111725.248,125.248,0.63,0.65,0.36,0.37,0.02,0.01,73131.95,1776111723000
1776111725.723,125.723,0.65,0.66,0.35,0.36,0.01,0.01,73130.99,1776111724000
1776111726.1,126.1,0.65,0.66,0.34,0.35,0.01,0.01,73131.89,1776111725000
1776111726.454,126.454,0.64,0.65,0.34,0.35,0.01,0.01,73131.89,1776111725000
1776111726.788,126.788,0.64,0.65,0.35,0.36,0.01,0.01,73131.89,1776111725000
1776111727.172,127.172,0.63,0.65,0.35,0.37,0.02,0.02,73131.89,1776111726000
1776111727.772,127.772,0.62,0.63,0.37,0.38,0.01,0.01,73131.89,1776111726000
1776111728.165,128.165,0.6,0.61,0.39,0.4,0.01,0.01,73131.89,1776111726000
1776111728.505,128.505,0.59,0.6,0.4,0.41,0.01,0.01,73130.78,1776111727000
1776111728.87,128.87,0.58,0.6,0.4,0.41,0.02,0.01,73130.78,1776111727000
1776111729.321,129.321,0.58,0.59,0.41,0.42,0.01,0.01,73130.78,1776111727000
1776111729.664,129.664,0.58,0.59,0.41,0.42,0.01,0.01,73127.78,1776111728000
1776111730.018,130.018,0.58,0.59,0.41,0.42,0.01,0.01,73118.76,1776111729000
1776111730.568,130.568,0.58,0.59,0.41,0.42,0.01,0.01,73118.76,1776111729000
1776111730.914,130.914,0.55,0.57,0.43,0.45,0.02,0.02,73118.76,1776111729000
1776111731.259,131.259,0.54,0.56,0.43,0.46,0.02,0.03,73118.6,1776111730000
1776111731.614,131.614,0.55,0.57,0.42,0.45,0.02,0.03,73118.6,1776111730000
1776111732.0,132.0,0.55,0.56,0.44,0.45,0.01,0.01,73118.6,1776111730000
1776111732.413,132.413,0.55,0.56,0.44,0.45,0.01,0.01,73115.8,1776111731000
1776111732.955,132.955,0.54,0.55,0.44,0.45,0.01,0.01,73115.8,1776111731000
1776111733.378,133.378,0.54,0.55,0.45,0.46,0.01,0.01,73111.26,1776111732000
1776111734.013,134.013,0.53,0.55,0.45,0.46,0.02,0.01,73111.26,1776111732000
1776111734.386,134.386,0.51,0.54,0.46,0.49,0.03,0.03,73111.26,1776111732000
1776111734.738,134.738,0.5,0.52,0.48,0.5,0.02,0.02,73109.53,1776111733000
1776111735.092,135.092,0.5,0.51,0.49,0.5,0.01,0.01,73109.53,1776111734000
1776111735.426,135.426,0.5,0.51,0.49,0.5,0.01,0.01,73109.53,1776111734000
1776111735.769,135.769,0.5,0.51,0.49,0.5,0.01,0.01,73109.53,1776111734000
1776111736.135,136.135,0.5,0.51,0.49,0.51,0.01,0.02,73109.53,1776111734000
1776111736.601,136.601,0.5,0.51,0.49,0.5,0.01,0.01,73103.17,1776111735000
1776111736.964,136.964,0.49,0.51,0.49,0.51,0.02,0.02,73103.17,1776111735000
1776111737.304,137.304,0.46,0.48,0.52,0.54,0.02,0.02,73101.37,1776111736000
1776111737.637,137.637,0.44,0.46,0.54,0.56,0.02,0.02,73101.37,1776111736000
1776111737.971,137.971,0.38,0.42,0.58,0.62,0.04,0.04,73101.37,1776111736000
1776111738.366,138.366,0.31,0.35,0.65,0.69,0.04,0.04,73092.56,1776111737000
1776111738.734,138.734,0.3,0.32,0.68,0.7,0.02,0.02,73092.56,1776111737000
1776111739.142,139.142,0.3,0.34,0.68,0.7,0.04,0.02,73092.56,1776111737000
1776111739.481,139.481,0.3,0.32,0.69,0.7,0.02,0.01,73070.99,1776111738000
1776111739.829,139.829,0.31,0.32,0.66,0.69,0.01,0.03,73070.99,1776111738000
1776111740.211,140.211,0.28,0.31,0.69,0.72,0.03,0.03,73067.29,1776111739000
1776111740.549,140.549,0.3,0.31,0.69,0.7,0.01,0.01,73067.29,1776111739000
1776111740.885,140.885,0.3,0.31,0.69,0.7,0.01,0.01,73067.29,1776111739000
1776111741.29,141.29,0.29,0.3,0.7,0.71,0.01,0.01,73059.97,1776111740000
1776111741.628,141.628,0.29,0.3,0.7,0.71,0.01,0.01,73059.97,1776111740000
1776111741.977,141.977,0.29,0.3,0.7,0.71,0.01,0.01,73059.97,1776111740000
1776111742.381,142.381,0.28,0.29,0.71,0.72,0.01,0.01,73059.97,1776111740000
1776111742.722,142.722,0.28,0.29,0.71,0.72,0.01,0.01,73056.71,1776111741000
1776111743.086,143.086,0.28,0.29,0.71,0.72,0.01,0.01,73056.71,1776111741000
1776111743.474,143.474,0.28,0.29,0.71,0.72,0.01,0.01,73056.71,1776111741000
1776111743.837,143.837,0.28,0.29,0.71,0.72,0.01,0.01,73057.01,1776111742000
1776111744.242,144.242,0.28,0.29,0.71,0.72,0.01,0.01,73059.34,1776111743000
1776111744.577,144.577,0.27,0.29,0.71,0.74,0.02,0.03,73059.34,1776111743000
1776111744.965,144.965,0.27,0.28,0.72,0.73,0.01,0.01,73059.34,1776111743000
1776111745.356,145.356,0.27,0.28,0.72,0.73,0.01,0.01,73059.35,1776111744000
1776111745.702,145.702,0.27,0.28,0.72,0.73,0.01,0.01,73059.35,1776111744000
1776111746.035,146.035,0.27,0.28,0.72,0.73,0.01,0.01,73059.35,1776111744000
1776111746.4,146.4,0.27,0.28,0.72,0.74,0.01,0.02,73059.35,1776111744000
1776111746.735,146.735,0.26,0.28,0.72,0.73,0.02,0.01,73059.44,1776111745000
1776111747.57,147.57,0.26,0.27,0.73,0.74,0.01,0.01,73059.35,1776111746000
1776111748.025,148.025,0.26,0.27,0.73,0.74,0.01,0.01,73059.35,1776111746000
1776111748.409,148.409,0.26,0.27,0.73,0.75,0.01,0.02,73059.35,1776111747000
1776111748.775,148.775,0.26,0.27,0.73,0.74,0.01,0.01,73059.35,1776111747000
1776111749.305,149.305,0.26,0.27,0.73,0.74,0.01,0.01,73056.3,1776111748000
1776111749.651,149.651,0.26,0.27,0.73,0.74,0.01,0.01,73056.3,1776111748000
1776111750.006,150.006,0.26,0.28,0.72,0.74,0.02,0.02,73056.3,1776111748000
1776111750.382,150.382,0.3,0.31,0.69,0.71,0.01,0.02,73056.3,1776111748000
1776111750.806,150.806,0.31,0.32,0.68,0.69,0.01,0.01,73056.18,1776111749000
1776111751.174,151.174,0.31,0.32,0.68,0.69,0.01,0.01,73056.18,1776111749000
1776111751.538,151.538,0.31,0.33,0.68,0.69,0.02,0.01,73064.02,1776111750000
1776111752.013,152.013,0.31,0.32,0.68,0.69,0.01,0.01,73070.69,1776111751000
1776111752.4,152.4,0.31,0.32,0.68,0.69,0.01,0.01,73070.69,1776111751000
1776111752.818,152.818,0.31,0.32,0.68,0.69,0.01,0.01,73070.69,1776111751000
1776111753.219,153.219,0.31,0.32,0.68,0.69,0.01,0.01,73070.69,1776111751000
1776111753.587,153.587,0.31,0.32,0.68,0.69,0.01,0.01,73070.69,1776111752000
1776111754.05,154.05,0.32,0.33,0.67,0.69,0.01,0.02,73070.69,1776111752000
1776111754.492,154.492,0.32,0.33,0.67,0.68,0.01,0.01,73070.78,1776111753000
1776111754.881,154.881,0.32,0.33,0.67,0.68,0.01,0.01,73070.78,1776111753000
1776111755.233,155.233,0.32,0.33,0.67,0.68,0.01,0.01,73070.78,1776111754000
1776111755.878,155.878,0.32,0.33,0.67,0.68,0.01,0.01,73070.78,1776111754000
1776111756.475,156.475,0.32,0.33,0.66,0.68,0.01,0.02,73070.78,1776111754000
1776111756.965,156.965,0.32,0.34,0.66,0.68,0.02,0.02,73070.32,1776111756000
1776111757.462,157.462,0.33,0.34,0.66,0.67,0.01,0.01,73070.32,1776111756000
1776111758.106,158.106,0.33,0.34,0.66,0.67,0.01,0.01,73070.79,1776111757000
1776111758.911,158.911,0.33,0.34,0.66,0.67,0.01,0.01,73070.79,1776111757000
1776111759.289,159.289,0.38,0.43,0.61,0.62,0.05,0.01,73070.79,1776111758000
1776111759.625,159.625,0.41,0.43,0.57,0.59,0.02,0.02,73070.79,1776111758000
1776111759.962,159.962,0.47,0.5,0.5,0.53,0.03,0.03,73070.79,1776111758000
1776111760.297,160.297,0.44,0.5,0.5,0.56,0.06,0.06,73090.72,1776111759000
1776111760.636,160.636,0.48,0.49,0.5,0.51,0.01,0.01,73090.72,1776111759000
1776111761.026,161.026,0.44,0.48,0.49,0.55,0.04,0.06,73090.72,1776111759000
1776111761.407,161.407,0.47,0.5,0.5,0.53,0.03,0.03,73104.46,1776111760000
1776111761.95,161.95,0.49,0.5,0.5,0.51,0.01,0.01,73104.46,1776111760000
1776111762.304,162.304,0.49,0.5,0.5,0.51,0.01,0.01,73104.46,1776111760000
1776111762.642,162.642,0.49,0.5,0.5,0.51,0.01,0.01,73103.61,1776111761000
1776111763.014,163.014,0.49,0.5,0.5,0.51,0.01,0.01,73103.27,1776111762000
1776111763.349,163.349,0.49,0.5,0.5,0.51,0.01,0.01,73103.27,1776111762000
1776111763.695,163.695,0.49,0.5,0.5,0.51,0.01,0.01,73103.27,1776111762000
1776111764.066,164.066,0.49,0.5,0.5,0.51,0.01,0.01,73103.27,1776111762000
1776111764.798,164.798,0.5,0.51,0.49,0.51,0.01,0.02,73102.73,1776111763000
1776111765.193,165.193,0.5,0.51,0.49,0.5,0.01,0.01,73102.73,1776111763000
1776111765.574,165.574,0.51,0.52,0.48,0.5,0.01,0.02,73102.73,1776111764000
1776111765.956,165.956,0.51,0.52,0.48,0.49,0.01,0.01,73102.73,1776111764000
1776111766.309,166.309,0.51,0.52,0.48,0.49,0.01,0.01,73102.73,1776111764000
1776111766.761,166.761,0.52,0.53,0.48,0.49,0.01,0.01,73104.45,1776111765000
1776111767.412,167.412,0.52,0.53,0.47,0.48,0.01,0.01,73104.27,1776111766000
1776111768.227,168.227,0.52,0.53,0.47,0.48,0.01,0.01,73107.07,1776111767000
1776111768.798,168.798,0.52,0.53,0.47,0.48,0.01,0.01,73107.07,1776111767000
1776111769.14,169.14,0.52,0.53,0.47,0.48,0.01,0.01,73107.25,1776111768000
1776111769.694,169.694,0.52,0.53,0.47,0.48,0.01,0.01,73107.25,1776111768000
1776111770.132,170.132,0.52,0.53,0.47,0.48,0.01,0.01,73107.31,1776111769000
1776111770.577,170.577,0.52,0.53,0.47,0.48,0.01,0.01,73107.31,1776111769000
1776111771.044,171.044,0.53,0.54,0.46,0.48,0.01,0.02,73107.9,1776111770000
1776111771.38,171.38,0.53,0.54,0.46,0.47,0.01,0.01,73107.9,1776111770000
1776111771.868,171.868,0.53,0.54,0.46,0.47,0.01,0.01,73107.9,1776111771000
1776111772.332,172.332,0.53,0.54,0.46,0.47,0.01,0.01,73107.9,1776111771000
1776111772.849,172.849,0.53,0.54,0.46,0.47,0.01,0.01,73107.9,1776111771000
1776111773.288,173.288,0.53,0.54,0.46,0.47,0.01,0.01,73107.9,1776111772000
1776111773.868,173.868,0.53,0.54,0.46,0.47,0.01,0.01,73107.9,1776111772000
1776111774.37,174.37,0.53,0.54,0.46,0.47,0.01,0.01,73107.9,1776111773000
1776111775.163,175.163,0.53,0.54,0.46,0.47,0.01,0.01,73107.9,1776111773000
1776111775.515,175.515,0.53,0.54,0.46,0.47,0.01,0.01,73109.3,1776111774000
1776111775.906,175.906,0.54,0.55,0.45,0.46,0.01,0.01,73109.3,1776111774000
1776111776.313,176.313,0.54,0.55,0.45,0.46,0.01,0.01,73109.3,1776111774000
1776111776.96,176.96,0.54,0.55,0.45,0.46,0.01,0.01,73109.3,1776111775000
1776111777.381,177.381,0.54,0.55,0.45,0.46,0.01,0.01,73109.3,1776111776000
1776111777.926,177.926,0.54,0.55,0.45,0.46,0.01,0.01,73109.3,1776111776000
1776111778.745,178.745,0.54,0.55,0.45,0.46,0.01,0.01,73109.3,1776111777000
1776111779.165,179.165,0.54,0.55,0.45,0.46,0.01,0.01,73109.3,1776111778000
1776111779.793,179.793,0.54,0.55,0.45,0.46,0.01,0.01,73109.3,1776111778000
1776111780.16,180.16,0.54,0.55,0.45,0.46,0.01,0.01,73109.28,1776111779000
1776111780.494,180.494,0.54,0.55,0.45,0.46,0.01,0.01,73109.28,1776111779000
1776111780.93,180.93,0.54,0.55,0.45,0.46,0.01,0.01,73109.28,1776111779000
1776111781.407,181.407,0.54,0.55,0.45,0.46,0.01,0.01,73109.28,1776111780000
1776111781.854,181.854,0.54,0.55,0.45,0.46,0.01,0.01,73109.28,1776111780000
1776111782.2,182.2,0.54,0.55,0.45,0.46,0.01,0.01,73108.93,1776111781000
1776111782.752,182.752,0.54,0.55,0.45,0.46,0.01,0.01,73108.93,1776111781000
1776111783.155,183.155,0.55,0.56,0.44,0.45,0.01,0.01,73108.93,1776111782000
1776111783.561,183.561,0.55,0.56,0.44,0.45,0.01,0.01,73108.93,1776111782000
1776111784.042,184.042,0.55,0.56,0.44,0.45,0.01,0.01,73108.93,1776111782000
1776111784.914,184.914,0.55,0.56,0.44,0.45,0.01,0.01,73108.93,1776111783000
1776111786.196,186.196,0.55,0.56,0.44,0.45,0.01,0.01,73108.94,1776111785000
1776111786.616,186.616,0.55,0.56,0.44,0.45,0.01,0.01,73108.94,1776111785000
1776111787.231,187.231,0.55,0.56,0.44,0.45,0.01,0.01,73108.94,1776111786000
1776111788.15,188.15,0.55,0.56,0.44,0.45,0.01,0.01,73109.13,1776111787000
1776111788.756,188.756,0.55,0.56,0.44,0.45,0.01,0.01,73109.13,1776111787000
1776111789.232,189.232,0.55,0.56,0.44,0.45,0.01,0.01,73109.13,1776111788000
1776111790.226,190.226,0.55,0.56,0.44,0.45,0.01,0.01,73109.13,1776111789000
1776111790.678,190.678,0.55,0.56,0.44,0.45,0.01,0.01,73109.13,1776111789000
1776111791.416,191.416,0.55,0.56,0.44,0.45,0.01,0.01,73106.52,1776111790000
1776111791.754,191.754,0.51,0.53,0.47,0.49,0.02,0.02,73106.52,1776111790000
1776111792.117,192.117,0.47,0.5,0.51,0.53,0.03,0.02,73106.25,1776111791000
1776111792.469,192.469,0.45,0.51,0.49,0.54,0.06,0.05,73106.25,1776111791000
1776111792.809,192.809,0.47,0.48,0.52,0.53,0.01,0.01,73106.25,1776111791000
1776111793.146,193.146,0.44,0.46,0.54,0.56,0.02,0.02,73106.25,1776111791000
1776111793.491,193.491,0.44,0.45,0.55,0.56,0.01,0.01,73106.25,1776111791000
1776111793.837,193.837,0.44,0.45,0.54,0.56,0.01,0.02,73080.95,1776111792000
1776111794.173,194.173,0.44,0.45,0.55,0.56,0.01,0.01,73080.95,1776111792000
1776111794.536,194.536,0.43,0.44,0.56,0.58,0.01,0.02,73080.95,1776111793000
1776111794.87,194.87,0.42,0.43,0.57,0.58,0.01,0.01,73080.95,1776111793000
1776111795.288,195.288,0.42,0.43,0.57,0.58,0.01,0.01,73080.95,1776111793000
1776111795.677,195.677,0.42,0.43,0.57,0.59,0.01,0.02,73080.95,1776111793000
1776111796.032,196.032,0.42,0.43,0.57,0.58,0.01,0.01,73080.95,1776111794000
1776111796.399,196.399,0.42,0.43,0.57,0.58,0.01,0.01,73080.95,1776111795000
1776111797.624,197.624,0.42,0.43,0.57,0.58,0.01,0.01,73083.66,1776111796000
1776111798.232,198.232,0.42,0.43,0.57,0.58,0.01,0.01,73083.41,1776111797000
1776111798.573,198.573,0.42,0.43,0.57,0.58,0.01,0.01,73083.41,1776111797000
1776111798.925,198.925,0.41,0.43,0.57,0.59,0.02,0.02,73083.41,1776111797000
1776111799.267,199.267,0.41,0.42,0.58,0.59,0.01,0.01,73083.41,1776111797000
1776111799.676,199.676,0.41,0.42,0.58,0.59,0.01,0.01,73083.41,1776111797000
1776111800.099,200.099,0.4,0.41,0.59,0.6,0.01,0.01,73083.32,1776111798000
1776111800.454,200.454,0.4,0.41,0.59,0.6,0.01,0.01,73083.32,1776111799000
1776111800.847,200.847,0.39,0.41,0.59,0.6,0.02,0.01,73083.32,1776111799000
1776111801.307,201.307,0.4,0.41,0.59,0.61,0.01,0.02,73083.32,1776111799000
1776111801.796,201.796,0.39,0.4,0.6,0.61,0.01,0.01,73083.03,1776111800000
1776111802.176,202.176,0.39,0.4,0.6,0.61,0.01,0.01,73083.06,1776111801000
1776111802.767,202.767,0.39,0.4,0.6,0.61,0.01,0.01,73083.06,1776111801000
1776111803.211,203.211,0.39,0.4,0.6,0.61,0.01,0.01,73083.06,1776111801000
1776111803.732,203.732,0.39,0.4,0.6,0.61,0.01,0.01,73083.32,1776111802000
1776111804.152,204.152,0.39,0.4,0.6,0.61,0.01,0.01,73083.32,1776111802000
1776111804.505,204.505,0.39,0.4,0.6,0.61,0.01,0.01,73083.32,1776111803000
1776111804.884,204.884,0.39,0.4,0.6,0.61,0.01,0.01,73083.32,1776111803000
1776111805.229,205.229,0.39,0.4,0.6,0.61,0.01,0.01,73083.32,1776111804000
1776111805.703,205.703,0.39,0.4,0.6,0.61,0.01,0.01,73083.32,1776111804000
1776111806.1,206.1,0.43,0.44,0.55,0.59,0.01,0.04,73083.32,1776111804000
1776111806.476,206.476,0.45,0.46,0.54,0.55,0.01,0.01,73083.32,1776111805000
1776111806.927,206.927,0.48,0.49,0.51,0.55,0.01,0.04,73083.32,1776111805000
1776111807.346,207.346,0.48,0.51,0.51,0.52,0.03,0.01,73085.1,1776111806000
1776111807.693,207.693,0.48,0.49,0.51,0.52,0.01,0.01,73085.1,1776111806000
1776111808.127,208.127,0.48,0.5,0.5,0.52,0.02,0.02,73095.36,1776111807000
1776111808.712,208.712,0.49,0.5,0.5,0.51,0.01,0.01,73095.36,1776111807000
1776111809.073,209.073,0.49,0.5,0.5,0.52,0.01,0.02,73096.5,1776111808000
1776111809.425,209.425,0.49,0.5,0.5,0.51,0.01,0.01,73096.5,1776111808000
1776111809.76,209.76,0.49,0.5,0.5,0.51,0.01,0.01,73096.5,1776111808000
1776111810.139,210.139,0.49,0.5,0.5,0.51,0.01,0.01,73096.5,1776111809000
1776111810.619,210.619,0.49,0.51,0.5,0.51,0.02,0.01,73096.5,1776111809000
1776111810.955,210.955,0.53,0.54,0.47,0.49,0.01,0.02,73096.5,1776111809000
1776111811.424,211.424,0.54,0.55,0.45,0.46,0.01,0.01,73096.69,1776111810000
1776111811.8,211.8,0.54,0.55,0.45,0.46,0.01,0.01,73096.69,1776111810000
1776111812.168,212.168,0.54,0.55,0.45,0.46,0.01,0.01,73096.69,1776111811000
1776111812.549,212.549,0.54,0.56,0.45,0.46,0.02,0.01,73096.69,1776111811000
1776111812.973,212.973,0.55,0.56,0.44,0.45,0.01,0.01,73096.69,1776111811000
1776111813.331,213.331,0.55,0.56,0.44,0.45,0.01,0.01,73104.91,1776111812000
1776111813.926,213.926,0.55,0.56,0.44,0.45,0.01,0.01,73105.37,1776111813000
1776111814.423,214.423,0.55,0.56,0.44,0.45,0.01,0.01,73105.37,1776111813000
1776111814.793,214.793,0.55,0.56,0.44,0.45,0.01,0.01,73105.37,1776111813000
1776111815.375,215.375,0.55,0.56,0.44,0.45,0.01,0.01,73106.7,1776111814000
1776111815.904,215.904,0.55,0.56,0.44,0.45,0.01,0.01,73106.7,1776111814000
1776111816.404,216.404,0.55,0.56,0.44,0.45,0.01,0.01,73106.7,1776111815000
1776111816.941,216.941,0.55,0.56,0.44,0.45,0.01,0.01,73106.7,1776111815000
1776111817.841,217.841,0.57,0.59,0.42,0.44,0.02,0.02,73105.55,1776111816000
1776111818.504,218.504,0.58,0.59,0.41,0.43,0.01,0.02,73106.13,1776111817000
1776111819.007,219.007,0.58,0.59,0.41,0.42,0.01,0.01,73108.17,1776111818000
1776111819.366,219.366,0.58,0.59,0.41,0.42,0.01,0.01,73108.17,1776111818000
1776111819.786,219.786,0.58,0.59,0.41,0.42,0.01,0.01,73108.17,1776111818000
1776111820.218,220.218,0.59,0.6,0.4,0.41,0.01,0.01,73109.41,1776111819000
1776111820.566,220.566,0.59,0.6,0.4,0.41,0.01,0.01,73109.41,1776111819000
1776111821.276,221.276,0.57,0.6,0.4,0.41,0.03,0.01,73109.41,1776111819000
1776111821.61,221.61,0.48,0.52,0.48,0.52,0.04,0.04,73109.41,1776111820000
1776111821.961,221.961,0.44,0.48,0.52,0.54,0.04,0.02,73109.41,1776111820000
1776111822.421,222.421,0.43,0.45,0.53,0.58,0.02,0.05,73109.41,1776111820000
1776111822.808,222.808,0.42,0.43,0.57,0.61,0.01,0.04,73109.26,1776111821000
1776111823.224,223.224,0.42,0.43,0.57,0.58,0.01,0.01,73101.23,1776111822000
1776111823.944,223.944,0.42,0.43,0.57,0.58,0.01,0.01,73101.23,1776111822000
1776111824.425,224.425,0.42,0.43,0.57,0.58,0.01,0.01,73101.23,1776111822000
1776111825.055,225.055,0.41,0.42,0.58,0.59,0.01,0.01,73088.49,1776111823000
1776111825.46,225.46,0.41,0.42,0.58,0.59,0.01,0.01,73087.78,1776111824000
1776111826.267,226.267,0.41,0.42,0.58,0.59,0.01,0.01,73087.83,1776111825000
1776111826.682,226.682,0.41,0.42,0.58,0.59,0.01,0.01,73087.83,1776111825000
1776111827.157,227.157,0.41,0.42,0.58,0.59,0.01,0.01,73087.83,1776111825000
1776111827.589,227.589,0.41,0.42,0.58,0.59,0.01,0.01,73087.83,1776111826000
1776111827.983,227.983,0.41,0.42,0.58,0.59,0.01,0.01,73087.83,1776111826000
1776111828.366,228.366,0.41,0.42,0.58,0.59,0.01,0.01,73087.83,1776111827000
1776111828.795,228.795,0.41,0.42,0.58,0.59,0.01,0.01,73087.83,1776111827000
1776111829.155,229.155,0.41,0.42,0.58,0.59,0.01,0.01,73087.83,1776111827000
1776111829.627,229.627,0.41,0.42,0.58,0.59,0.01,0.01,73087.83,1776111828000
1776111830.039,230.039,0.41,0.42,0.58,0.59,0.01,0.01,73087.83,1776111828000
1776111830.421,230.421,0.41,0.42,0.58,0.59,0.01,0.01,73087.83,1776111829000
1776111830.771,230.771,0.4,0.41,0.58,0.59,0.01,0.01,73087.83,1776111829000
1776111831.155,231.155,0.39,0.4,0.6,0.61,0.01,0.01,73088.75,1776111830000
1776111831.543,231.543,0.39,0.4,0.6,0.61,0.01,0.01,73088.75,1776111830000
1776111831.905,231.905,0.39,0.4,0.6,0.61,0.01,0.01,73088.75,1776111830000
1776111832.262,232.262,0.38,0.4,0.6,0.61,0.02,0.01,73088.61,1776111831000
1776111832.819,232.819,0.38,0.39,0.61,0.62,0.01,0.01,73088.61,1776111831000
1776111833.243,233.243,0.38,0.39,0.61,0.62,0.01,0.01,73088.61,1776111832000
1776111833.59,233.59,0.38,0.39,0.61,0.62,0.01,0.01,73088.61,1776111832000
1776111833.991,233.991,0.38,0.39,0.61,0.62,0.01,0.01,73088.61,1776111832000
1776111834.589,234.589,0.38,0.39,0.61,0.62,0.01,0.01,73088.43,1776111833000
1776111834.933,234.933,0.39,0.4,0.6,0.62,0.01,0.02,73088.43,1776111833000
1776111835.266,235.266,0.39,0.4,0.6,0.61,0.01,0.01,73088.55,1776111834000
1776111835.746,235.746,0.39,0.4,0.6,0.61,0.01,0.01,73088.55,1776111834000
1776111836.133,236.133,0.39,0.4,0.6,0.61,0.01,0.01,73088.55,1776111834000
1776111836.715,236.715,0.39,0.4,0.6,0.61,0.01,0.01,73088.75,1776111835000
1776111837.051,237.051,0.39,0.4,0.6,0.61,0.01,0.01,73088.75,1776111835000
1776111837.433,237.433,0.38,0.4,0.6,0.61,0.02,0.01,73088.75,1776111836000
1776111837.794,237.794,0.38,0.39,0.61,0.62,0.01,0.01,73088.75,1776111836000
1776111838.252,238.252,0.38,0.39,0.61,0.62,0.01,0.01,73088.75,1776111836000
1776111838.692,238.692,0.37,0.39,0.61,0.62,0.02,0.01,73088.75,1776111837000
1776111839.113,239.113,0.34,0.36,0.64,0.66,0.02,0.02,73088.75,1776111837000
1776111839.544,239.544,0.34,0.35,0.65,0.66,0.01,0.01,73088.75,1776111838000
1776111839.895,239.895,0.33,0.35,0.65,0.67,0.02,0.02,73088.75,1776111838000
1776111840.411,240.411,0.33,0.34,0.66,0.67,0.01,0.01,73088.44,1776111839000
1776111840.764,240.764,0.33,0.34,0.66,0.67,0.01,0.01,73088.44,1776111839000
1776111841.109,241.109,0.32,0.33,0.66,0.68,0.01,0.02,73088.44,1776111839000
1776111841.455,241.455,0.27,0.31,0.69,0.72,0.04,0.03,73088.44,1776111839000
1776111841.801,241.801,0.25,0.29,0.7,0.75,0.04,0.05,73078.69,1776111840000
1776111842.139,242.139,0.25,0.26,0.74,0.75,0.01,0.01,73078.69,1776111840000
1776111842.516,242.516,0.25,0.26,0.74,0.75,0.01,0.01,73078.69,1776111840000
1776111842.851,242.851,0.25,0.26,0.74,0.75,0.01,0.01,73078.69,1776111841000
1776111843.34,243.34,0.24,0.26,0.74,0.76,0.02,0.02,73077.5,1776111842000
1776111843.675,243.675,0.2,0.23,0.77,0.8,0.03,0.03,73077.5,1776111842000
1776111844.017,244.017,0.19,0.2,0.8,0.81,0.01,0.01,73077.5,1776111842000
1776111844.352,244.352,0.19,0.2,0.8,0.81,0.01,0.01,73072.87,1776111843000
1776111844.715,244.715,0.18,0.19,0.81,0.82,0.01,0.01,73072.87,1776111843000
1776111845.089,245.089,0.17,0.18,0.81,0.83,0.01,0.02,73072.87,1776111843000
1776111845.424,245.424,0.17,0.18,0.82,0.83,0.01,0.01,73072.87,1776111843000
1776111845.775,245.775,0.17,0.18,0.82,0.83,0.01,0.01,73072.87,1776111843000
1776111846.236,246.236,0.16,0.18,0.82,0.83,0.02,0.01,73060.18,1776111844000
1776111846.742,246.742,0.16,0.17,0.83,0.84,0.01,0.01,73058.26,1776111845000
1776111847.099,247.099,0.16,0.17,0.83,0.84,0.01,0.01,73058.26,1776111845000
1776111847.446,247.446,0.15,0.16,0.84,0.85,0.01,0.01,73057.4,1776111846000
1776111848.013,248.013,0.15,0.16,0.84,0.85,0.01,0.01,73057.4,1776111846000
1776111848.348,248.348,0.16,0.17,0.83,0.84,0.01,0.01,73057.4,1776111846000
1776111848.696,248.696,0.17,0.18,0.82,0.83,0.01,0.01,73057.4,1776111846000
1776111849.045,249.045,0.17,0.18,0.82,0.83,0.01,0.01,73057.68,1776111847000
1776111849.392,249.392,0.16,0.17,0.83,0.84,0.01,0.01,73057.68,1776111848000
1776111849.762,249.762,0.16,0.17,0.83,0.84,0.01,0.01,73057.68,1776111848000
1776111850.156,250.156,0.16,0.17,0.83,0.84,0.01,0.01,73058.49,1776111849000
1776111850.506,250.506,0.15,0.16,0.84,0.85,0.01,0.01,73058.49,1776111849000
1776111850.88,250.88,0.14,0.16,0.84,0.85,0.02,0.01,73058.49,1776111849000
1776111851.253,251.253,0.14,0.15,0.85,0.86,0.01,0.01,73058.49,1776111849000
1776111851.637,251.637,0.14,0.15,0.85,0.86,0.01,0.01,73059.2,1776111850000
1776111851.975,251.975,0.14,0.15,0.84,0.86,0.01,0.02,73059.2,1776111850000
1776111852.31,252.31,0.15,0.16,0.84,0.85,0.01,0.01,73059.2,1776111851000
1776111852.655,252.655,0.14,0.15,0.85,0.86,0.01,0.01,73059.2,1776111851000
1776111852.999,252.999,0.13,0.15,0.85,0.86,0.02,0.01,73059.2,1776111851000
1776111853.361,253.361,0.13,0.14,0.86,0.87,0.01,0.01,73059.2,1776111852000
1776111853.695,253.695,0.13,0.14,0.86,0.87,0.01,0.01,73059.2,1776111852000
1776111854.103,254.103,0.12,0.13,0.87,0.88,0.01,0.01,73059.2,1776111852000
1776111854.441,254.441,0.11,0.12,0.88,0.89,0.01,0.01,73059.2,1776111853000
1776111854.793,254.793,0.1,0.11,0.89,0.9,0.01,0.01,73059.2,1776111853000
1776111855.13,255.13,0.1,0.11,0.89,0.9,0.01,0.01,73059.2,1776111853000
1776111855.493,255.493,0.12,0.13,0.87,0.88,0.01,0.01,73058.33,1776111854000
1776111855.841,255.841,0.12,0.13,0.87,0.88,0.01,0.01,73058.33,1776111854000
1776111856.176,256.176,0.12,0.13,0.87,0.88,0.01,0.01,73058.33,1776111854000
1776111856.523,256.523,0.12,0.13,0.87,0.88,0.01,0.01,73056.19,1776111855000
1776111856.867,256.867,0.11,0.12,0.88,0.89,0.01,0.01,73056.19,1776111855000
1776111857.223,257.223,0.11,0.12,0.88,0.89,0.01,0.01,73056.19,1776111855000
1776111857.569,257.569,0.11,0.12,0.88,0.89,0.01,0.01,73057.41,1776111856000
1776111857.971,257.971,0.11,0.12,0.88,0.89,0.01,0.01,73057.41,1776111856000
1776111858.337,258.337,0.11,0.12,0.88,0.89,0.01,0.01,73057.41,1776111857000
1776111858.702,258.702,0.1,0.11,0.89,0.9,0.01,0.01,73057.41,1776111857000
1776111859.081,259.081,0.1,0.11,0.89,0.9,0.01,0.01,73057.41,1776111857000
1776111859.42,259.42,0.11,0.12,0.88,0.9,0.01,0.02,73057.67,1776111858000
1776111859.805,259.805,0.1,0.11,0.89,0.9,0.01,0.01,73057.67,1776111858000
1776111860.14,260.14,0.1,0.11,0.89,0.9,0.01,0.01,73057.67,1776111858000
1776111860.534,260.534,0.09,0.1,0.89,0.9,0.01,0.01,73057.67,1776111859000
1776111860.938,260.938,0.1,0.11,0.89,0.9,0.01,0.01,73057.67,1776111859000
1776111861.349,261.349,0.08,0.09,0.91,0.92,0.01,0.01,73058.03,1776111860000
1776111861.727,261.727,0.09,0.1,0.9,0.92,0.01,0.02,73058.03,1776111860000
1776111862.075,262.075,0.09,0.1,0.9,0.91,0.01,0.01,73058.03,1776111860000
1776111862.417,262.417,0.09,0.1,0.9,0.91,0.01,0.01,73058.03,1776111860000
1776111862.75,262.75,0.09,0.1,0.9,0.91,0.01,0.01,73058.03,1776111861000
1776111863.104,263.104,0.09,0.1,0.9,0.91,0.01,0.01,73058.03,1776111862000
1776111863.441,263.441,0.13,0.14,0.86,0.87,0.01,0.01,73058.03,1776111862000
1776111863.882,263.882,0.11,0.13,0.87,0.89,0.02,0.02,73058.03,1776111862000
1776111864.294,264.294,0.11,0.12,0.88,0.89,0.01,0.01,73058.54,1776111863000
1776111864.692,264.692,0.11,0.12,0.88,0.89,0.01,0.01,73058.54,1776111863000
1776111865.069,265.069,0.1,0.11,0.88,0.9,0.01,0.02,73058.54,1776111863000
1776111865.417,265.417,0.1,0.13,0.87,0.9,0.03,0.03,73059.08,1776111864000
1776111865.757,265.757,0.1,0.11,0.89,0.9,0.01,0.01,73059.08,1776111864000
1776111866.113,266.113,0.1,0.11,0.89,0.9,0.01,0.01,73059.08,1776111864000
1776111866.449,266.449,0.1,0.11,0.89,0.9,0.01,0.01,73059.08,1776111864000
1776111866.902,266.902,0.1,0.11,0.89,0.9,0.01,0.01,73059.08,1776111865000
1776111867.26,267.26,0.09,0.13,0.87,0.91,0.04,0.04,73059.08,1776111865000
1776111867.629,267.629,0.11,0.12,0.88,0.89,0.01,0.01,73059.08,1776111866000
1776111868.013,268.013,0.09,0.1,0.89,0.92,0.01,0.03,73059.08,1776111866000
1776111868.433,268.433,0.1,0.14,0.88,0.91,0.04,0.03,73059.08,1776111867000
1776111868.769,268.769,0.13,0.14,0.86,0.87,0.01,0.01,73059.08,1776111867000
1776111869.225,269.225,0.13,0.14,0.86,0.87,0.01,0.01,73059.08,1776111867000
1776111869.569,269.569,0.13,0.14,0.86,0.87,0.01,0.01,73059.08,1776111867000
1776111870.02,270.02,0.13,0.14,0.86,0.87,0.01,0.01,73059.08,1776111867000
1776111870.369,270.369,0.1,0.11,0.87,0.89,0.01,0.02,73059.08,1776111868000
1776111870.745,270.745,0.09,0.1,0.9,0.91,0.01,0.01,73059.08,1776111868000
1776111871.08,271.08,0.09,0.1,0.9,0.91,0.01,0.01,73059.29,1776111869000
1776111871.423,271.423,0.1,0.11,0.89,0.9,0.01,0.01,73061.63,1776111870000
1776111871.78,271.78,0.09,0.11,0.89,0.9,0.02,0.01,73061.63,1776111870000
1776111872.17,272.17,0.08,0.09,0.91,0.92,0.01,0.01,73061.63,1776111870000
1776111872.637,272.637,0.08,0.09,0.91,0.92,0.01,0.01,73061.62,1776111871000
1776111873.034,273.034,0.07,0.08,0.92,0.93,0.01,0.01,73061.62,1776111872000
1776111873.375,273.375,0.07,0.08,0.92,0.93,0.01,0.01,73061.62,1776111872000
1776111873.721,273.721,0.06,0.07,0.93,0.94,0.01,0.01,73061.62,1776111872000
1776111874.062,274.062,0.06,0.07,0.93,0.94,0.01,0.01,73061.62,1776111872000
1776111874.412,274.412,0.08,0.09,0.91,0.92,0.01,0.01,73061.62,1776111873000
1776111874.785,274.785,0.08,0.09,0.91,0.92,0.01,0.01,73061.62,1776111873000
1776111875.233,275.233,0.08,0.09,0.91,0.92,0.01,0.01,73061.62,1776111873000
1776111875.623,275.623,0.08,0.09,0.91,0.92,0.01,0.01,73061.35,1776111874000
1776111875.981,275.981,0.08,0.09,0.91,0.92,0.01,0.01,73061.35,1776111874000
1776111876.35,276.35,0.07,0.08,0.92,0.93,0.01,0.01,73061.62,1776111875000
1776111876.702,276.702,0.07,0.08,0.91,0.93,0.01,0.02,73061.62,1776111875000
1776111877.09,277.09,0.07,0.08,0.92,0.93,0.01,0.01,73061.62,1776111875000
1776111877.428,277.428,0.07,0.08,0.92,0.93,0.01,0.01,73061.62,1776111875000
1776111877.833,277.833,0.07,0.08,0.92,0.93,0.01,0.01,73061.28,1776111876000
1776111878.198,278.198,0.06,0.07,0.93,0.94,0.01,0.01,73061.24,1776111877000
1776111878.584,278.584,0.06,0.07,0.93,0.94,0.01,0.01,73061.24,1776111877000
1776111878.928,278.928,0.05,0.06,0.93,0.95,0.01,0.02,73061.24,1776111877000
1776111879.349,279.349,0.05,0.06,0.94,0.95,0.01,0.01,73060.73,1776111878000
1776111879.721,279.721,0.05,0.06,0.94,0.95,0.01,0.01,73060.73,1776111878000
1776111880.096,280.096,0.05,0.06,0.94,0.95,0.01,0.01,73060.73,1776111878000
1776111880.461,280.461,0.05,0.06,0.94,0.95,0.01,0.01,73061.09,1776111879000
1776111880.858,280.858,0.05,0.06,0.94,0.95,0.01,0.01,73061.09,1776111879000
1776111881.342,281.342,0.05,0.06,0.94,0.95,0.01,0.01,73061.09,1776111880000
1776111881.71,281.71,0.04,0.05,0.94,0.95,0.01,0.01,73061.09,1776111880000
1776111882.083,282.083,0.04,0.05,0.95,0.96,0.01,0.01,73061.09,1776111881000
1776111882.446,282.446,0.04,0.05,0.95,0.96,0.01,0.01,73061.09,1776111881000
1776111882.78,282.78,0.04,0.05,0.95,0.96,0.01,0.01,73061.09,1776111881000
1776111883.115,283.115,0.04,0.05,0.95,0.96,0.01,0.01,73061.09,1776111881000
1776111883.452,283.452,0.03,0.04,0.96,0.97,0.01,0.01,73061.09,1776111882000
1776111883.82,283.82,0.03,0.04,0.96,0.97,0.01,0.01,73061.09,1776111882000
1776111884.168,284.168,0.03,0.04,0.96,0.97,0.01,0.01,73061.09,1776111882000
1776111884.514,284.514,0.03,0.04,0.96,0.97,0.01,0.01,73061.09,1776111882000
1776111885.0,285.0,0.03,0.04,0.96,0.97,0.01,0.01,73057.27,1776111883000
1776111885.38,285.38,0.03,0.04,0.96,0.97,0.01,0.01,73057.27,1776111883000
1776111885.759,285.759,0.03,0.04,0.96,0.97,0.01,0.01,73050.49,1776111884000
1776111886.094,286.094,0.03,0.04,0.96,0.97,0.01,0.01,73050.49,1776111884000
1776111886.465,286.465,0.01,0.04,0.96,0.98,0.03,0.02,73050.49,1776111884000
1776111886.855,286.855,0.02,0.03,0.97,0.99,0.01,0.02,73048.11,1776111885000
1776111887.199,287.199,0.01,0.02,0.98,0.99,0.01,0.01,73048.11,1776111885000
1776111887.539,287.539,0.01,0.02,0.98,0.99,0.01,0.01,73047.91,1776111886000
1776111887.892,287.892,0.01,0.01,0.99,0.99,0.0,0.0,73047.91,1776111886000
1776111888.312,288.312,0.01,0.02,0.98,0.99,0.01,0.01,73047.91,1776111886000
1776111888.72,288.72,0.01,0.01,0.99,0.99,0.0,0.0,73047.74,1776111887000
1776111889.141,289.141,0.01,0.02,0.98,0.99,0.01,0.01,73047.74,1776111887000
1776111889.526,289.526,0.01,0.02,0.98,0.99,0.01,0.01,73047.99,1776111888000
1776111889.877,289.877,0.01,0.02,0.98,0.99,0.01,0.01,73047.99,1776111888000
1776111890.821,290.821,0.01,0.02,0.98,0.99,0.01,0.01,73056.43,1776111889000
1776111891.16,291.16,0.01,0.01,0.99,0.99,0.0,0.0,73056.43,1776111889000
1776111891.586,291.586,0.01,0.01,0.99,0.99,0.0,0.0,73057.38,1776111890000
1776111892.23,292.23,0.01,0.01,0.99,0.99,0.0,0.0,73057.41,1776111891000
1776111892.591,292.591,0.01,0.01,0.99,0.99,0.0,0.0,73057.41,1776111891000
1776111893.041,293.041,0.01,0.01,0.99,0.99,0.0,0.0,73057.41,1776111891000
1776111893.914,293.914,0.01,0.01,0.99,0.99,0.0,0.0,73049.19,1776111893000
1776111894.551,294.551,0.01,0.01,0.99,0.99,0.0,0.0,73049.19,1776111893000
1776111895.119,295.119,0.01,0.01,0.99,0.99,0.0,0.0,73049.19,1776111894000
1776111895.602,295.602,0.01,0.01,0.99,0.99,0.0,0.0,73049.19,1776111894000
1776111895.937,295.937,0.01,0.01,0.99,0.99,0.0,0.0,73049.19,1776111894000
1776111896.325,296.325,0.01,0.01,0.99,0.99,0.0,0.0,73050.14,1776111895000
1776111897.584,297.584,0.01,0.01,0.99,0.99,0.0,0.0,73050.14,1776111895000
1776111898.066,298.066,0.01,0.01,0.99,0.99,0.0,0.0,73050.17,1776111896000
1776111899.427,299.427,0.01,0.01,0.99,0.99,0.0,0.0,73055.12,1776111897000
1776111900.081,300.081,0.01,0.01,0.99,0.99,0.0,0.0,73056.31,1776111899000
1776111900.48,300.48,0.01,0.01,0.99,0.99,0.0,0.0,73056.31,1776111899000
1776111900.96,300.96,0.01,0.01,0.99,0.99,0.0,0.0,73056.31,1776111899000

# RESULT,winner=Down,slug=btc-updown-5m-1776111600,ticks=692
