timestamp,elapsed_sec,up_bid,up_ask,down_bid,down_ask,up_spread,down_spread,btc_price,btc_oracle_ts
1776954300.539,0.539,0.46,0.47,0.53,0.54,0.01,0.01,77767.97,1776954299000
1776954300.94,0.94,0.44,0.45,0.54,0.56,0.01,0.02,77767.97,1776954299000
1776954301.286,1.286,0.44,0.45,0.55,0.56,0.01,0.01,77767.97,1776954299000
1776954301.699,1.699,0.43,0.44,0.56,0.57,0.01,0.01,77760.54,1776954300000
1776954302.133,2.133,0.43,0.44,0.56,0.57,0.01,0.01,77760.54,1776954300000
1776954302.534,2.534,0.43,0.44,0.56,0.57,0.01,0.01,77758.11,1776954301000
1776954302.881,2.881,0.42,0.43,0.57,0.58,0.01,0.01,77758.11,1776954301000
1776954303.226,3.226,0.42,0.43,0.57,0.58,0.01,0.01,77758.11,1776954301000
1776954303.592,3.592,0.42,0.43,0.57,0.58,0.01,0.01,77758.11,1776954301000
1776954303.928,3.928,0.41,0.42,0.58,0.59,0.01,0.01,77758.11,1776954301000
1776954304.421,4.421,0.41,0.42,0.58,0.59,0.01,0.01,77739.45,1776954303000
1776954304.786,4.786,0.41,0.42,0.58,0.59,0.01,0.01,77739.45,1776954303000
1776954305.125,5.125,0.41,0.42,0.58,0.59,0.01,0.01,77739.45,1776954303000
1776954305.599,5.599,0.41,0.42,0.58,0.59,0.01,0.01,77739.45,1776954303000
1776954305.981,5.981,0.41,0.42,0.58,0.59,0.01,0.01,77733.24,1776954304000
1776954306.378,6.378,0.41,0.42,0.58,0.59,0.01,0.01,77733.24,1776954304000
1776954307.019,7.019,0.41,0.42,0.58,0.59,0.01,0.01,77732.13,1776954305000
1776954307.497,7.497,0.41,0.42,0.58,0.59,0.01,0.01,77732.7,1776954306000
1776954307.97,7.97,0.41,0.42,0.58,0.59,0.01,0.01,77732.7,1776954306000
1776954308.722,8.722,0.41,0.42,0.58,0.59,0.01,0.01,77732.23,1776954307000
1776954309.079,9.079,0.41,0.42,0.58,0.6,0.01,0.02,77732.23,1776954307000
1776954309.562,9.562,0.41,0.42,0.58,0.59,0.01,0.01,77739.33,1776954308000
1776954309.936,9.936,0.41,0.42,0.58,0.59,0.01,0.01,77739.33,1776954308000
1776954310.362,10.362,0.41,0.42,0.58,0.59,0.01,0.01,77739.33,1776954308000
1776954310.901,10.901,0.41,0.42,0.58,0.59,0.01,0.01,77737.55,1776954309000
1776954311.247,11.247,0.41,0.42,0.58,0.59,0.01,0.01,77735.39,1776954310000
1776954311.665,11.665,0.4,0.41,0.59,0.6,0.01,0.01,77735.39,1776954310000
1776954312.028,12.028,0.4,0.41,0.59,0.6,0.01,0.01,77735.39,1776954310000
1776954312.379,12.379,0.4,0.41,0.59,0.6,0.01,0.01,77735.39,1776954310000
1776954312.789,12.789,0.4,0.41,0.59,0.6,0.01,0.01,77735.17,1776954311000
1776954313.154,13.154,0.4,0.41,0.59,0.6,0.01,0.01,77733.22,1776954312000
1776954313.607,13.607,0.4,0.41,0.59,0.6,0.01,0.01,77733.22,1776954312000
1776954314.261,14.261,0.4,0.41,0.59,0.6,0.01,0.01,77733.22,1776954312000
1776954314.603,14.603,0.4,0.41,0.59,0.6,0.01,0.01,77733.04,1776954313000
1776954314.968,14.968,0.41,0.42,0.58,0.59,0.01,0.01,77733.04,1776954313000
1776954316.101,16.101,0.42,0.43,0.57,0.58,0.01,0.01,77733.93,1776954314000
1776954316.463,16.463,0.42,0.43,0.57,0.58,0.01,0.01,77733.93,1776954314000
1776954316.894,16.894,0.42,0.43,0.57,0.58,0.01,0.01,77739.51,1776954315000
1776954317.33,17.33,0.42,0.43,0.57,0.58,0.01,0.01,77742.09,1776954316000
1776954317.862,17.862,0.42,0.43,0.57,0.58,0.01,0.01,77742.09,1776954316000
1776954318.291,18.291,0.42,0.43,0.57,0.58,0.01,0.01,77742.09,1776954316000
1776954318.659,18.659,0.42,0.43,0.57,0.58,0.01,0.01,77742.09,1776954316000
1776954319.117,19.117,0.42,0.43,0.57,0.58,0.01,0.01,77742.42,1776954317000
1776954319.486,19.486,0.45,0.46,0.54,0.56,0.01,0.02,77742.42,1776954317000
1776954319.845,19.845,0.45,0.47,0.53,0.55,0.02,0.02,77742.43,1776954318000
1776954320.236,20.236,0.46,0.47,0.53,0.54,0.01,0.01,77742.43,1776954318000
1776954320.609,20.609,0.46,0.47,0.53,0.54,0.01,0.01,77742.86,1776954319000
1776954320.997,20.997,0.46,0.47,0.53,0.54,0.01,0.01,77742.86,1776954319000
1776954321.336,21.336,0.46,0.47,0.53,0.54,0.01,0.01,77742.86,1776954319000
1776954321.671,21.671,0.46,0.47,0.53,0.54,0.01,0.01,77750.58,1776954320000
1776954322.061,22.061,0.47,0.48,0.52,0.53,0.01,0.01,77750.58,1776954320000
1776954322.45,22.45,0.48,0.49,0.51,0.52,0.01,0.01,77753.52,1776954321000
1776954322.859,22.859,0.48,0.49,0.51,0.52,0.01,0.01,77753.52,1776954321000
1776954323.275,23.275,0.48,0.49,0.51,0.52,0.01,0.01,77753.52,1776954321000
1776954323.703,23.703,0.48,0.49,0.51,0.52,0.01,0.01,77762.19,1776954322000
1776954324.037,24.037,0.48,0.49,0.51,0.52,0.01,0.01,77762.19,1776954322000
1776954324.386,24.386,0.49,0.5,0.5,0.51,0.01,0.01,77762.59,1776954323000
1776954324.728,24.728,0.49,0.5,0.5,0.51,0.01,0.01,77762.59,1776954323000
1776954325.097,25.097,0.5,0.51,0.49,0.51,0.01,0.02,77762.59,1776954323000
1776954325.47,25.47,0.5,0.51,0.49,0.5,0.01,0.01,77767.87,1776954324000
1776954325.813,25.813,0.53,0.54,0.46,0.47,0.01,0.01,77767.87,1776954324000
1776954326.232,26.232,0.53,0.56,0.44,0.47,0.03,0.03,77767.87,1776954324000
1776954326.647,26.647,0.55,0.57,0.43,0.45,0.02,0.02,77777.31,1776954325000
1776954327.01,27.01,0.56,0.57,0.43,0.44,0.01,0.01,77777.31,1776954325000
1776954327.383,27.383,0.56,0.57,0.43,0.44,0.01,0.01,77779.46,1776954326000
1776954327.719,27.719,0.56,0.57,0.43,0.44,0.01,0.01,77779.46,1776954326000
1776954328.062,28.062,0.56,0.57,0.43,0.44,0.01,0.01,77779.46,1776954326000
1776954328.419,28.419,0.56,0.57,0.43,0.44,0.01,0.01,77785.14,1776954327000
1776954328.8,28.8,0.56,0.57,0.43,0.44,0.01,0.01,77785.14,1776954327000
1776954329.248,29.248,0.56,0.57,0.43,0.44,0.01,0.01,77784.78,1776954328000
1776954329.633,29.633,0.56,0.57,0.43,0.44,0.01,0.01,77784.78,1776954328000
1776954330.078,30.078,0.56,0.57,0.43,0.44,0.01,0.01,77784.78,1776954328000
1776954330.465,30.465,0.56,0.57,0.43,0.44,0.01,0.01,77783.7,1776954329000
1776954330.86,30.86,0.56,0.57,0.43,0.44,0.01,0.01,77783.7,1776954329000
1776954331.205,31.205,0.56,0.57,0.43,0.44,0.01,0.01,77783.7,1776954329000
1776954331.598,31.598,0.56,0.57,0.43,0.44,0.01,0.01,77784.67,1776954330000
1776954331.956,31.956,0.56,0.57,0.43,0.44,0.01,0.01,77784.67,1776954330000
1776954332.308,32.308,0.56,0.57,0.43,0.44,0.01,0.01,77784.77,1776954331000
1776954332.652,32.652,0.52,0.57,0.43,0.46,0.05,0.03,77784.77,1776954331000
1776954333.001,33.001,0.5,0.51,0.49,0.5,0.01,0.01,77784.77,1776954331000
1776954333.352,33.352,0.51,0.52,0.48,0.49,0.01,0.01,77785.0,1776954332000
1776954333.707,33.707,0.51,0.52,0.48,0.49,0.01,0.01,77785.0,1776954332000
1776954334.059,34.059,0.51,0.52,0.48,0.49,0.01,0.01,77785.0,1776954332000
1776954334.448,34.448,0.51,0.52,0.48,0.49,0.01,0.01,77785.0,1776954332000
1776954334.781,34.781,0.51,0.52,0.48,0.49,0.01,0.01,77773.46,1776954333000
1776954335.122,35.122,0.51,0.52,0.48,0.49,0.01,0.01,77773.46,1776954333000
1776954335.62,35.62,0.51,0.52,0.48,0.49,0.01,0.01,77772.64,1776954334000
1776954336.432,36.432,0.51,0.52,0.48,0.49,0.01,0.01,77772.64,1776954334000
1776954336.82,36.82,0.51,0.52,0.48,0.49,0.01,0.01,77772.64,1776954335000
1776954337.2,37.2,0.51,0.52,0.48,0.49,0.01,0.01,77772.36,1776954336000
1776954337.614,37.614,0.51,0.52,0.48,0.49,0.01,0.01,77772.36,1776954336000
1776954338.192,38.192,0.51,0.53,0.47,0.49,0.02,0.02,77770.77,1776954337000
1776954338.987,38.987,0.51,0.52,0.48,0.49,0.01,0.01,77770.77,1776954337000
1776954339.363,39.363,0.51,0.52,0.48,0.49,0.01,0.01,77772.13,1776954338000
1776954339.697,39.697,0.51,0.52,0.48,0.49,0.01,0.01,77772.13,1776954338000
1776954340.292,40.292,0.51,0.52,0.48,0.49,0.01,0.01,77772.13,1776954338000
1776954340.939,40.939,0.51,0.52,0.48,0.49,0.01,0.01,77769.55,1776954339000
1776954341.357,41.357,0.52,0.53,0.47,0.49,0.01,0.02,77769.55,1776954340000
1776954342.062,42.062,0.52,0.53,0.47,0.48,0.01,0.01,77769.55,1776954340000
1776954342.812,42.812,0.52,0.53,0.47,0.48,0.01,0.01,77772.8,1776954341000
1776954343.198,43.198,0.52,0.53,0.47,0.48,0.01,0.01,77772.8,1776954341000
1776954343.741,43.741,0.52,0.53,0.47,0.48,0.01,0.01,77774.03,1776954342000
1776954344.163,44.163,0.52,0.53,0.47,0.48,0.01,0.01,77774.03,1776954342000
1776954344.669,44.669,0.52,0.53,0.47,0.48,0.01,0.01,77773.56,1776954343000
1776954345.014,45.014,0.52,0.53,0.47,0.48,0.01,0.01,77773.6,1776954344000
1776954345.763,45.763,0.52,0.53,0.47,0.48,0.01,0.01,77773.6,1776954344000
1776954346.502,46.502,0.52,0.53,0.47,0.48,0.01,0.01,77773.39,1776954345000
1776954347.109,47.109,0.52,0.53,0.47,0.48,0.01,0.01,77773.39,1776954345000
1776954347.53,47.53,0.52,0.53,0.47,0.48,0.01,0.01,77772.59,1776954346000
1776954348.177,48.177,0.52,0.53,0.47,0.48,0.01,0.01,77772.52,1776954347000
1776954349.139,49.139,0.52,0.53,0.47,0.48,0.01,0.01,77772.52,1776954347000
1776954349.574,49.574,0.52,0.53,0.47,0.48,0.01,0.01,77772.88,1776954348000
1776954350.185,50.185,0.52,0.53,0.47,0.48,0.01,0.01,77772.88,1776954348000
1776954350.56,50.56,0.49,0.5,0.5,0.51,0.01,0.01,77773.19,1776954349000
1776954350.947,50.947,0.47,0.48,0.51,0.52,0.01,0.01,77773.19,1776954349000
1776954351.343,51.343,0.47,0.48,0.52,0.53,0.01,0.01,77772.6,1776954350000
1776954351.773,51.773,0.47,0.48,0.52,0.53,0.01,0.01,77772.6,1776954350000
1776954352.309,52.309,0.47,0.48,0.52,0.53,0.01,0.01,77762.41,1776954351000
1776954352.921,52.921,0.47,0.48,0.52,0.53,0.01,0.01,77762.41,1776954351000
1776954353.257,53.257,0.44,0.47,0.53,0.56,0.03,0.03,77762.41,1776954351000
1776954353.593,53.593,0.44,0.45,0.53,0.56,0.01,0.03,77760.8,1776954352000
1776954353.974,53.974,0.44,0.45,0.55,0.56,0.01,0.01,77760.8,1776954352000
1776954354.394,54.394,0.44,0.45,0.55,0.56,0.01,0.01,77760.8,1776954353000
1776954354.895,54.895,0.45,0.46,0.54,0.56,0.01,0.02,77760.8,1776954353000
1776954355.294,55.294,0.45,0.46,0.54,0.55,0.01,0.01,77756.92,1776954354000
1776954355.671,55.671,0.45,0.46,0.54,0.55,0.01,0.01,77756.92,1776954354000
1776954356.045,56.045,0.45,0.49,0.51,0.55,0.04,0.04,77754.43,1776954355000
1776954356.458,56.458,0.49,0.5,0.5,0.51,0.01,0.01,77754.43,1776954355000
1776954356.914,56.914,0.49,0.5,0.5,0.51,0.01,0.01,77754.43,1776954355000
1776954357.578,57.578,0.49,0.5,0.5,0.51,0.01,0.01,77757.29,1776954356000
1776954357.984,57.984,0.49,0.5,0.5,0.51,0.01,0.01,77762.99,1776954357000
1776954358.899,58.899,0.49,0.5,0.5,0.51,0.01,0.01,77762.99,1776954357000
1776954359.467,59.467,0.51,0.52,0.48,0.5,0.01,0.02,77764.19,1776954358000
1776954359.825,59.825,0.51,0.52,0.48,0.49,0.01,0.01,77764.19,1776954358000
1776954360.252,60.252,0.51,0.52,0.48,0.49,0.01,0.01,77764.19,1776954358000
1776954360.604,60.604,0.52,0.53,0.47,0.48,0.01,0.01,77768.6,1776954359000
1776954361.066,61.066,0.52,0.53,0.47,0.48,0.01,0.01,77768.6,1776954359000
1776954361.532,61.532,0.52,0.53,0.47,0.48,0.01,0.01,77768.6,1776954359000
1776954361.957,61.957,0.5,0.51,0.48,0.51,0.01,0.03,77771.66,1776954360000
1776954362.338,62.338,0.5,0.51,0.49,0.5,0.01,0.01,77771.66,1776954360000
1776954362.746,62.746,0.48,0.49,0.51,0.52,0.01,0.01,77771.71,1776954361000
1776954363.145,63.145,0.48,0.49,0.51,0.52,0.01,0.01,77770.33,1776954362000
1776954363.508,63.508,0.48,0.49,0.51,0.52,0.01,0.01,77770.33,1776954362000
1776954364.019,64.019,0.48,0.49,0.51,0.52,0.01,0.01,77766.58,1776954363000
1776954364.607,64.607,0.48,0.49,0.51,0.52,0.01,0.01,77766.58,1776954363000
1776954365.02,65.02,0.48,0.49,0.51,0.52,0.01,0.01,77763.81,1776954364000
1776954366.021,66.021,0.48,0.49,0.51,0.52,0.01,0.01,77764.6,1776954365000
1776954366.365,66.365,0.48,0.49,0.51,0.52,0.01,0.01,77764.6,1776954365000
1776954366.802,66.802,0.48,0.49,0.51,0.52,0.01,0.01,77764.6,1776954365000
1776954367.271,67.271,0.48,0.49,0.51,0.52,0.01,0.01,77763.6,1776954366000
1776954367.607,67.607,0.49,0.5,0.48,0.51,0.01,0.03,77763.6,1776954366000
1776954367.962,67.962,0.5,0.51,0.48,0.5,0.01,0.02,77763.6,1776954366000
1776954368.576,68.576,0.52,0.53,0.49,0.5,0.01,0.01,77764.73,1776954367000
1776954368.929,68.929,0.52,0.53,0.47,0.48,0.01,0.01,77764.73,1776954367000
1776954369.301,69.301,0.52,0.53,0.47,0.48,0.01,0.01,77769.6,1776954368000
1776954369.761,69.761,0.5,0.51,0.49,0.5,0.01,0.01,77769.6,1776954368000
1776954370.186,70.186,0.49,0.5,0.49,0.5,0.01,0.01,77770.11,1776954369000
1776954370.557,70.557,0.49,0.5,0.5,0.51,0.01,0.01,77770.11,1776954369000
1776954370.904,70.904,0.47,0.48,0.52,0.53,0.01,0.01,77770.11,1776954369000
1776954371.469,71.469,0.46,0.48,0.52,0.54,0.02,0.02,77769.54,1776954370000
1776954371.806,71.806,0.46,0.48,0.52,0.54,0.02,0.02,77769.54,1776954370000
1776954372.146,72.146,0.48,0.5,0.5,0.52,0.02,0.02,77764.3,1776954371000
1776954372.619,72.619,0.49,0.54,0.5,0.51,0.05,0.01,77764.3,1776954371000
1776954373.021,73.021,0.52,0.53,0.47,0.48,0.01,0.01,77764.3,1776954371000
1776954373.923,73.923,0.52,0.54,0.47,0.48,0.02,0.01,77761.93,1776954372000
1776954374.622,74.622,0.52,0.54,0.46,0.48,0.02,0.02,77765.42,1776954373000
1776954375.027,75.027,0.52,0.53,0.47,0.48,0.01,0.01,77765.42,1776954373000
1776954375.398,75.398,0.52,0.54,0.47,0.48,0.02,0.01,77769.18,1776954374000
1776954375.932,75.932,0.54,0.55,0.45,0.46,0.01,0.01,77769.18,1776954374000
1776954376.316,76.316,0.57,0.58,0.42,0.44,0.01,0.02,77779.13,1776954375000
1776954376.681,76.681,0.57,0.58,0.42,0.44,0.01,0.02,77779.13,1776954375000
1776954377.023,77.023,0.58,0.6,0.4,0.42,0.02,0.02,77779.13,1776954375000
1776954377.397,77.397,0.59,0.6,0.4,0.41,0.01,0.01,77779.13,1776954375000
1776954377.801,77.801,0.61,0.62,0.38,0.39,0.01,0.01,77783.08,1776954376000
1776954378.273,78.273,0.61,0.62,0.38,0.39,0.01,0.01,77783.08,1776954376000
1776954378.631,78.631,0.61,0.62,0.38,0.39,0.01,0.01,77787.7,1776954377000
1776954379.054,79.054,0.61,0.62,0.38,0.39,0.01,0.01,77787.7,1776954377000
1776954379.419,79.419,0.61,0.62,0.38,0.39,0.01,0.01,77791.54,1776954378000
1776954379.822,79.822,0.61,0.62,0.38,0.39,0.01,0.01,77791.54,1776954378000
1776954380.166,80.166,0.61,0.62,0.38,0.39,0.01,0.01,77791.54,1776954378000
1776954380.539,80.539,0.61,0.62,0.38,0.39,0.01,0.01,77791.54,1776954379000
1776954381.026,81.026,0.61,0.62,0.38,0.39,0.01,0.01,77791.54,1776954379000
1776954381.403,81.403,0.61,0.63,0.37,0.39,0.02,0.02,77791.54,1776954379000
1776954381.737,81.737,0.62,0.64,0.36,0.39,0.02,0.03,77791.42,1776954380000
1776954382.094,82.094,0.62,0.65,0.35,0.38,0.03,0.03,77791.81,1776954381000
1776954382.587,82.587,0.64,0.65,0.35,0.36,0.01,0.01,77791.81,1776954381000
1776954383.098,83.098,0.64,0.65,0.35,0.36,0.01,0.01,77799.84,1776954382000
1776954383.499,83.499,0.64,0.65,0.35,0.36,0.01,0.01,77799.84,1776954382000
1776954383.909,83.909,0.64,0.65,0.35,0.36,0.01,0.01,77799.84,1776954382000
1776954384.402,84.402,0.64,0.65,0.35,0.36,0.01,0.01,77795.14,1776954383000
1776954384.74,84.74,0.62,0.64,0.36,0.38,0.02,0.02,77795.14,1776954383000
1776954385.11,85.11,0.63,0.65,0.35,0.37,0.02,0.02,77795.14,1776954383000
1776954385.449,85.449,0.62,0.64,0.36,0.38,0.02,0.02,77783.99,1776954384000
1776954385.821,85.821,0.62,0.64,0.36,0.38,0.02,0.02,77783.99,1776954384000
1776954386.167,86.167,0.56,0.6,0.4,0.44,0.04,0.04,77783.99,1776954384000
1776954386.508,86.508,0.55,0.6,0.4,0.45,0.05,0.05,77783.99,1776954384000
1776954386.936,86.936,0.55,0.58,0.42,0.45,0.03,0.03,77780.11,1776954385000
1776954387.437,87.437,0.58,0.59,0.4,0.42,0.01,0.02,77780.25,1776954386000
1776954387.928,87.928,0.58,0.59,0.41,0.42,0.01,0.01,77780.25,1776954386000
1776954388.361,88.361,0.58,0.59,0.41,0.42,0.01,0.01,77780.25,1776954386000
1776954388.709,88.709,0.59,0.6,0.4,0.41,0.01,0.01,77781.59,1776954387000
1776954389.045,89.045,0.59,0.6,0.4,0.41,0.01,0.01,77781.59,1776954387000
1776954389.385,89.385,0.59,0.6,0.4,0.41,0.01,0.01,77787.99,1776954388000
1776954389.927,89.927,0.59,0.6,0.4,0.41,0.01,0.01,77787.99,1776954388000
1776954390.291,90.291,0.6,0.61,0.39,0.41,0.01,0.02,77788.39,1776954389000
1776954390.628,90.628,0.6,0.61,0.39,0.4,0.01,0.01,77788.39,1776954389000
1776954391.109,91.109,0.6,0.64,0.36,0.4,0.04,0.04,77788.39,1776954389000
1776954392.014,92.014,0.63,0.64,0.36,0.38,0.01,0.02,77789.58,1776954390000
1776954392.36,92.36,0.63,0.64,0.36,0.37,0.01,0.01,77789.58,1776954390000
1776954392.713,92.713,0.63,0.64,0.36,0.37,0.01,0.01,77791.79,1776954391000
1776954393.066,93.066,0.63,0.64,0.36,0.37,0.01,0.01,77796.13,1776954392000
1776954393.501,93.501,0.63,0.64,0.36,0.37,0.01,0.01,77796.13,1776954392000
1776954393.935,93.935,0.63,0.64,0.36,0.37,0.01,0.01,77796.13,1776954392000
1776954394.38,94.38,0.63,0.64,0.36,0.37,0.01,0.01,77796.13,1776954392000
1776954395.022,95.022,0.63,0.64,0.36,0.37,0.01,0.01,77795.9,1776954393000
1776954395.428,95.428,0.62,0.64,0.36,0.37,0.02,0.01,77795.56,1776954394000
1776954395.85,95.85,0.58,0.6,0.4,0.42,0.02,0.02,77795.56,1776954394000
1776954396.235,96.235,0.59,0.6,0.4,0.41,0.01,0.01,77795.56,1776954394000
1776954396.71,96.71,0.59,0.6,0.4,0.41,0.01,0.01,77795.56,1776954394000
1776954397.053,97.053,0.57,0.59,0.41,0.43,0.02,0.02,77795.74,1776954395000
1776954397.398,97.398,0.58,0.6,0.41,0.42,0.02,0.01,77791.91,1776954396000
1776954397.753,97.753,0.58,0.61,0.39,0.42,0.03,0.03,77791.91,1776954396000
1776954398.129,98.129,0.61,0.62,0.38,0.39,0.01,0.01,77788.65,1776954397000
1776954398.501,98.501,0.62,0.63,0.37,0.38,0.01,0.01,77788.65,1776954397000
1776954398.903,98.903,0.62,0.63,0.37,0.38,0.01,0.01,77788.65,1776954397000
1776954399.628,99.628,0.62,0.64,0.36,0.38,0.02,0.02,77790.62,1776954398000
1776954400.359,100.359,0.62,0.64,0.36,0.38,0.02,0.02,77792.17,1776954399000
1776954401.186,101.186,0.62,0.64,0.36,0.38,0.02,0.02,77794.28,1776954400000
1776954401.758,101.758,0.63,0.65,0.36,0.38,0.02,0.02,77794.28,1776954400000
1776954402.094,102.094,0.63,0.64,0.36,0.37,0.01,0.01,77794.28,1776954400000
1776954402.5,102.5,0.63,0.65,0.36,0.37,0.02,0.01,77794.28,1776954400000
1776954403.019,103.019,0.65,0.66,0.34,0.35,0.01,0.01,77798.71,1776954401000
1776954403.362,103.362,0.66,0.67,0.33,0.34,0.01,0.01,77813.93,1776954402000
1776954403.696,103.696,0.67,0.68,0.32,0.33,0.01,0.01,77813.93,1776954402000
1776954404.059,104.059,0.66,0.7,0.3,0.34,0.04,0.04,77813.93,1776954402000
1776954404.393,104.393,0.69,0.71,0.29,0.31,0.02,0.02,77814.27,1776954403000
1776954404.747,104.747,0.69,0.7,0.3,0.31,0.01,0.01,77814.27,1776954403000
1776954405.081,105.081,0.69,0.7,0.3,0.31,0.01,0.01,77814.27,1776954403000
1776954405.44,105.44,0.69,0.7,0.3,0.31,0.01,0.01,77814.27,1776954403000
1776954405.813,105.813,0.69,0.7,0.3,0.31,0.01,0.01,77814.92,1776954404000
1776954406.222,106.222,0.69,0.7,0.3,0.31,0.01,0.01,77814.92,1776954404000
1776954406.663,106.663,0.69,0.7,0.3,0.31,0.01,0.01,77814.89,1776954405000
1776954406.997,106.997,0.69,0.7,0.3,0.31,0.01,0.01,77814.89,1776954405000
1776954407.34,107.34,0.69,0.7,0.3,0.31,0.01,0.01,77814.54,1776954406000
1776954407.708,107.708,0.69,0.7,0.3,0.31,0.01,0.01,77814.54,1776954406000
1776954408.408,108.408,0.69,0.7,0.3,0.31,0.01,0.01,77815.26,1776954407000
1776954408.857,108.857,0.69,0.7,0.3,0.31,0.01,0.01,77815.26,1776954407000
1776954409.409,109.409,0.69,0.7,0.3,0.31,0.01,0.01,77814.06,1776954408000
1776954409.834,109.834,0.69,0.7,0.3,0.31,0.01,0.01,77814.06,1776954408000
1776954410.171,110.171,0.69,0.7,0.29,0.31,0.01,0.02,77812.92,1776954409000
1776954410.509,110.509,0.7,0.71,0.29,0.3,0.01,0.01,77812.92,1776954409000
1776954411.003,111.003,0.7,0.71,0.29,0.3,0.01,0.01,77812.92,1776954409000
1776954411.437,111.437,0.73,0.74,0.26,0.28,0.01,0.02,77812.86,1776954410000
1776954411.781,111.781,0.73,0.74,0.26,0.27,0.01,0.01,77812.86,1776954410000
1776954412.169,112.169,0.73,0.74,0.26,0.27,0.01,0.01,77814.99,1776954411000
1776954412.776,112.776,0.71,0.72,0.26,0.29,0.01,0.03,77814.99,1776954411000
1776954413.154,113.154,0.71,0.72,0.28,0.29,0.01,0.01,77814.99,1776954411000
1776954413.523,113.523,0.72,0.73,0.27,0.28,0.01,0.01,77820.18,1776954412000
1776954413.865,113.865,0.73,0.75,0.25,0.27,0.02,0.02,77820.18,1776954412000
1776954414.367,114.367,0.74,0.75,0.25,0.26,0.01,0.01,77820.18,1776954412000
1776954414.722,114.722,0.75,0.76,0.24,0.25,0.01,0.01,77821.17,1776954413000
1776954415.13,115.13,0.75,0.76,0.24,0.25,0.01,0.01,77821.71,1776954414000
1776954415.548,115.548,0.75,0.77,0.23,0.25,0.02,0.02,77821.71,1776954414000
1776954415.988,115.988,0.77,0.78,0.22,0.25,0.01,0.03,77821.71,1776954414000
1776954416.344,116.344,0.77,0.79,0.21,0.23,0.02,0.02,77826.74,1776954415000
1776954416.697,116.697,0.8,0.82,0.18,0.22,0.02,0.04,77826.74,1776954415000
1776954417.219,117.219,0.8,0.82,0.18,0.2,0.02,0.02,77849.1,1776954416000
1776954417.618,117.618,0.8,0.83,0.17,0.2,0.03,0.03,77849.1,1776954416000
1776954417.953,117.953,0.8,0.83,0.17,0.2,0.03,0.03,77849.1,1776954416000
1776954418.394,118.394,0.8,0.83,0.17,0.2,0.03,0.03,77852.37,1776954417000
1776954418.807,118.807,0.79,0.83,0.17,0.21,0.04,0.04,77852.37,1776954417000
1776954419.141,119.141,0.79,0.82,0.18,0.21,0.03,0.03,77853.63,1776954418000
1776954419.498,119.498,0.82,0.83,0.17,0.18,0.01,0.01,77853.63,1776954418000
1776954419.855,119.855,0.8,0.81,0.19,0.2,0.01,0.01,77853.63,1776954418000
1776954420.342,120.342,0.83,0.84,0.15,0.17,0.01,0.02,77854.93,1776954419000
1776954420.696,120.696,0.83,0.85,0.15,0.17,0.02,0.02,77854.93,1776954419000
1776954421.528,121.528,0.84,0.85,0.15,0.16,0.01,0.01,77854.93,1776954419000
1776954421.902,121.902,0.84,0.85,0.15,0.16,0.01,0.01,77854.93,1776954419000
1776954422.249,122.249,0.84,0.85,0.15,0.16,0.01,0.01,77863.28,1776954420000
1776954422.675,122.675,0.84,0.85,0.15,0.16,0.01,0.01,77865.97,1776954421000
1776954423.065,123.065,0.83,0.85,0.15,0.17,0.02,0.02,77866.5,1776954422000
1776954423.428,123.428,0.82,0.84,0.16,0.17,0.02,0.01,77866.5,1776954422000
1776954423.769,123.769,0.8,0.82,0.18,0.2,0.02,0.02,77866.5,1776954422000
1776954424.104,124.104,0.8,0.81,0.19,0.2,0.01,0.01,77866.5,1776954422000
1776954424.488,124.488,0.8,0.81,0.19,0.2,0.01,0.01,77861.42,1776954423000
1776954425.154,125.154,0.8,0.82,0.19,0.2,0.02,0.01,77861.42,1776954423000
1776954425.507,125.507,0.83,0.85,0.15,0.18,0.02,0.03,77855.55,1776954424000
1776954426.033,126.033,0.83,0.84,0.16,0.17,0.01,0.01,77853.48,1776954425000
1776954427.11,127.11,0.82,0.84,0.16,0.18,0.02,0.02,77860.04,1776954426000
1776954427.531,127.531,0.83,0.84,0.16,0.17,0.01,0.01,77860.04,1776954426000
1776954428.004,128.004,0.83,0.84,0.16,0.17,0.01,0.01,77860.04,1776954426000
1776954428.348,128.348,0.83,0.84,0.16,0.17,0.01,0.01,77860.04,1776954426000
1776954428.767,128.767,0.82,0.84,0.16,0.18,0.02,0.02,77860.29,1776954427000
1776954429.167,129.167,0.83,0.84,0.16,0.17,0.01,0.01,77859.51,1776954428000
1776954429.536,129.536,0.83,0.84,0.16,0.17,0.01,0.01,77859.51,1776954428000
1776954429.893,129.893,0.83,0.84,0.16,0.17,0.01,0.01,77859.51,1776954428000
1776954430.749,130.749,0.83,0.84,0.16,0.17,0.01,0.01,77856.26,1776954429000
1776954431.161,131.161,0.83,0.84,0.16,0.17,0.01,0.01,77856.26,1776954429000
1776954431.569,131.569,0.83,0.84,0.16,0.17,0.01,0.01,77853.31,1776954430000
1776954431.925,131.925,0.83,0.84,0.16,0.17,0.01,0.01,77853.31,1776954430000
1776954432.268,132.268,0.84,0.85,0.15,0.16,0.01,0.01,77853.31,1776954430000
1776954432.675,132.675,0.84,0.85,0.15,0.16,0.01,0.01,77854.41,1776954431000
1776954433.227,133.227,0.84,0.85,0.15,0.16,0.01,0.01,77857.32,1776954432000
1776954433.69,133.69,0.84,0.85,0.15,0.16,0.01,0.01,77857.32,1776954432000
1776954434.044,134.044,0.84,0.85,0.15,0.16,0.01,0.01,77860.22,1776954433000
1776954434.55,134.55,0.84,0.85,0.15,0.16,0.01,0.01,77860.22,1776954433000
1776954435.161,135.161,0.84,0.85,0.15,0.16,0.01,0.01,77861.71,1776954434000
1776954436.118,136.118,0.84,0.85,0.15,0.16,0.01,0.01,77861.71,1776954434000
1776954436.983,136.983,0.84,0.85,0.15,0.16,0.01,0.01,77861.71,1776954434000
1776954437.597,137.597,0.84,0.85,0.15,0.16,0.01,0.01,77875.72,1776954436000
1776954438.027,138.027,0.84,0.85,0.15,0.16,0.01,0.01,77875.72,1776954436000
1776954438.807,138.807,0.84,0.85,0.15,0.16,0.01,0.01,77877.58,1776954437000
1776954439.164,139.164,0.84,0.85,0.15,0.16,0.01,0.01,77877.58,1776954437000
1776954439.499,139.499,0.84,0.85,0.15,0.16,0.01,0.01,77875.94,1776954438000
1776954439.853,139.853,0.85,0.88,0.12,0.15,0.03,0.03,77875.94,1776954438000
1776954440.191,140.191,0.87,0.89,0.11,0.13,0.02,0.02,77875.94,1776954438000
1776954440.531,140.531,0.88,0.89,0.11,0.13,0.01,0.02,77873.73,1776954439000
1776954440.884,140.884,0.88,0.89,0.1,0.12,0.01,0.02,77873.73,1776954439000
1776954441.319,141.319,0.88,0.89,0.11,0.12,0.01,0.01,77873.73,1776954439000
1776954441.726,141.726,0.88,0.89,0.11,0.14,0.01,0.03,77884.18,1776954440000
1776954442.507,142.507,0.88,0.89,0.11,0.12,0.01,0.01,77885.27,1776954441000
1776954443.158,143.158,0.88,0.89,0.11,0.12,0.01,0.01,77883.41,1776954442000
1776954443.911,143.911,0.88,0.89,0.11,0.12,0.01,0.01,77883.41,1776954442000
1776954444.495,144.495,0.88,0.89,0.11,0.12,0.01,0.01,77883.41,1776954442000
1776954445.184,145.184,0.88,0.89,0.11,0.12,0.01,0.01,77880.77,1776954443000
1776954445.755,145.755,0.88,0.89,0.11,0.12,0.01,0.01,77878.46,1776954444000
1776954446.458,146.458,0.88,0.89,0.11,0.12,0.01,0.01,77876.93,1776954445000
1776954446.887,146.887,0.88,0.89,0.11,0.12,0.01,0.01,77876.93,1776954445000
1776954447.27,147.27,0.88,0.89,0.11,0.12,0.01,0.01,77876.93,1776954445000
1776954447.639,147.639,0.88,0.89,0.11,0.12,0.01,0.01,77876.93,1776954445000
1776954448.087,148.087,0.88,0.89,0.11,0.12,0.01,0.01,77885.01,1776954446000
1776954448.53,148.53,0.88,0.89,0.11,0.12,0.01,0.01,77885.57,1776954447000
1776954448.97,148.97,0.89,0.9,0.1,0.11,0.01,0.01,77885.57,1776954447000
1776954449.442,149.442,0.9,0.91,0.09,0.1,0.01,0.01,77885.57,1776954447000
1776954449.787,149.787,0.91,0.93,0.07,0.09,0.02,0.02,77889.76,1776954448000
1776954450.229,150.229,0.91,0.92,0.08,0.09,0.01,0.01,77892.31,1776954449000
1776954450.571,150.571,0.92,0.94,0.05,0.09,0.02,0.04,77892.31,1776954449000
1776954451.122,151.122,0.91,0.92,0.08,0.09,0.01,0.01,77892.31,1776954449000
1776954451.765,151.765,0.91,0.92,0.08,0.09,0.01,0.01,77898.2,1776954450000
1776954452.105,152.105,0.91,0.93,0.08,0.09,0.02,0.01,77898.2,1776954450000
1776954452.449,152.449,0.91,0.93,0.07,0.09,0.02,0.02,77899.74,1776954451000
1776954452.818,152.818,0.91,0.93,0.07,0.09,0.02,0.02,77899.74,1776954451000
1776954453.274,153.274,0.91,0.93,0.07,0.09,0.02,0.02,77900.83,1776954452000
1776954453.893,153.893,0.92,0.93,0.07,0.09,0.01,0.02,77900.83,1776954452000
1776954454.234,154.234,0.92,0.94,0.07,0.08,0.02,0.01,77900.83,1776954452000
1776954454.749,154.749,0.92,0.94,0.06,0.08,0.02,0.02,77904.81,1776954453000
1776954455.204,155.204,0.93,0.94,0.06,0.08,0.01,0.02,77904.81,1776954453000
1776954456.082,156.082,0.92,0.93,0.07,0.08,0.01,0.01,77916.0,1776954455000
1776954456.488,156.488,0.92,0.94,0.07,0.08,0.02,0.01,77916.0,1776954455000
1776954456.932,156.932,0.92,0.94,0.06,0.08,0.02,0.02,77916.0,1776954455000
1776954457.265,157.265,0.93,0.94,0.06,0.07,0.01,0.01,77916.0,1776954455000
1776954457.629,157.629,0.92,0.95,0.05,0.08,0.03,0.03,77916.0,1776954455000
1776954457.962,157.962,0.94,0.95,0.05,0.06,0.01,0.01,77957.86,1776954456000
1776954458.35,158.35,0.96,0.97,0.03,0.06,0.01,0.03,77956.25,1776954457000
1776954458.69,158.69,0.94,0.95,0.05,0.06,0.01,0.01,77956.25,1776954457000
1776954459.067,159.067,0.94,0.96,0.04,0.07,0.02,0.03,77956.25,1776954457000
1776954459.416,159.416,0.94,0.95,0.04,0.06,0.01,0.02,77944.15,1776954458000
1776954459.751,159.751,0.94,0.95,0.05,0.06,0.01,0.01,77944.15,1776954458000
1776954460.12,160.12,0.94,0.95,0.05,0.06,0.01,0.01,77944.15,1776954458000
1776954460.602,160.602,0.94,0.95,0.05,0.06,0.01,0.01,77935.64,1776954459000
1776954461.156,161.156,0.94,0.95,0.05,0.06,0.01,0.01,77928.0,1776954460000
1776954461.616,161.616,0.94,0.95,0.05,0.06,0.01,0.01,77928.0,1776954460000
1776954461.974,161.974,0.94,0.95,0.05,0.06,0.01,0.01,77928.0,1776954460000
1776954462.339,162.339,0.94,0.95,0.05,0.06,0.01,0.01,77928.8,1776954461000
1776954463.004,163.004,0.94,0.95,0.05,0.06,0.01,0.01,77929.61,1776954462000
1776954463.877,163.877,0.94,0.95,0.05,0.06,0.01,0.01,77929.61,1776954462000
1776954464.281,164.281,0.94,0.95,0.05,0.06,0.01,0.01,77926.78,1776954463000
1776954464.755,164.755,0.94,0.96,0.05,0.06,0.02,0.01,77926.78,1776954463000
1776954465.166,165.166,0.95,0.96,0.04,0.05,0.01,0.01,77926.78,1776954463000
1776954465.526,165.526,0.95,0.97,0.03,0.05,0.02,0.02,77926.78,1776954463000
1776954465.876,165.876,0.94,0.95,0.05,0.06,0.01,0.01,77925.24,1776954464000
1776954466.262,166.262,0.94,0.95,0.05,0.06,0.01,0.01,77926.6,1776954465000
1776954466.663,166.663,0.94,0.95,0.05,0.06,0.01,0.01,77926.6,1776954465000
1776954467.004,167.004,0.96,0.97,0.03,0.04,0.01,0.01,77930.23,1776954466000
1776954467.41,167.41,0.95,0.97,0.03,0.05,0.02,0.02,77930.23,1776954466000
1776954467.746,167.746,0.96,0.97,0.03,0.04,0.01,0.01,77930.23,1776954466000
1776954468.1,168.1,0.96,0.97,0.03,0.04,0.01,0.01,77930.23,1776954466000
1776954468.472,168.472,0.96,0.97,0.03,0.04,0.01,0.01,77946.89,1776954467000
1776954468.815,168.815,0.96,0.97,0.03,0.04,0.01,0.01,77946.89,1776954467000
1776954469.162,169.162,0.96,0.97,0.03,0.04,0.01,0.01,77946.89,1776954467000
1776954469.504,169.504,0.96,0.97,0.03,0.04,0.01,0.01,77946.2,1776954468000
1776954469.864,169.864,0.96,0.97,0.03,0.04,0.01,0.01,77946.2,1776954468000
1776954470.767,170.767,0.96,0.97,0.03,0.04,0.01,0.01,77946.63,1776954469000
1776954471.215,171.215,0.96,0.97,0.03,0.04,0.01,0.01,77946.63,1776954469000
1776954471.833,171.833,0.96,0.97,0.03,0.04,0.01,0.01,77947.59,1776954470000
1776954472.305,172.305,0.96,0.98,0.03,0.04,0.02,0.01,77947.59,1776954470000
1776954472.656,172.656,0.96,0.97,0.02,0.04,0.01,0.02,77943.99,1776954471000
1776954473.086,173.086,0.96,0.97,0.03,0.04,0.01,0.01,77943.99,1776954471000
1776954473.446,173.446,0.96,0.97,0.03,0.04,0.01,0.01,77943.92,1776954472000
1776954473.96,173.96,0.96,0.97,0.03,0.04,0.01,0.01,77943.92,1776954472000
1776954474.375,174.375,0.96,0.97,0.03,0.04,0.01,0.01,77937.11,1776954473000
1776954474.748,174.748,0.95,0.97,0.03,0.04,0.02,0.01,77937.11,1776954473000
1776954475.09,175.09,0.96,0.97,0.03,0.05,0.01,0.02,77937.11,1776954473000
1776954475.535,175.535,0.95,0.96,0.04,0.05,0.01,0.01,77926.57,1776954474000
1776954475.913,175.913,0.95,0.96,0.04,0.05,0.01,0.01,77926.57,1776954474000
1776954476.854,176.854,0.95,0.96,0.04,0.05,0.01,0.01,77925.13,1776954475000
1776954477.23,177.23,0.95,0.96,0.04,0.05,0.01,0.01,77929.37,1776954476000
1776954477.596,177.596,0.96,0.97,0.03,0.04,0.01,0.01,77929.37,1776954476000
1776954478.003,178.003,0.96,0.97,0.03,0.04,0.01,0.01,77929.37,1776954476000
1776954478.548,178.548,0.96,0.97,0.03,0.04,0.01,0.01,77931.95,1776954477000
1776954479.191,179.191,0.96,0.97,0.03,0.04,0.01,0.01,77931.95,1776954477000
1776954479.884,179.884,0.96,0.97,0.03,0.04,0.01,0.01,77946.06,1776954479000
1776954480.396,180.396,0.96,0.97,0.03,0.04,0.01,0.01,77946.06,1776954479000
1776954481.025,181.025,0.96,0.97,0.03,0.04,0.01,0.01,77945.89,1776954480000
1776954481.865,181.865,0.96,0.98,0.03,0.04,0.02,0.01,77945.89,1776954480000
1776954482.312,182.312,0.96,0.98,0.02,0.04,0.02,0.02,77957.63,1776954481000
1776954482.732,182.732,0.96,0.98,0.02,0.04,0.02,0.02,77957.63,1776954481000
1776954483.079,183.079,0.96,0.98,0.02,0.04,0.02,0.02,77957.63,1776954481000
1776954483.519,183.519,0.96,0.98,0.02,0.04,0.02,0.02,77936.78,1776954482000
1776954483.985,183.985,0.96,0.97,0.03,0.04,0.01,0.01,77936.78,1776954482000
1776954484.378,184.378,0.97,0.98,0.02,0.03,0.01,0.01,77931.95,1776954483000
1776954484.915,184.915,0.97,0.98,0.02,0.03,0.01,0.01,77931.95,1776954483000
1776954485.249,185.249,0.97,0.98,0.02,0.03,0.01,0.01,77931.95,1776954483000
1776954485.656,185.656,0.97,0.98,0.02,0.03,0.01,0.01,77924.72,1776954484000
1776954485.994,185.994,0.96,0.98,0.02,0.03,0.02,0.01,77924.72,1776954484000
1776954486.356,186.356,0.97,0.98,0.02,0.03,0.01,0.01,77924.72,1776954484000
1776954486.698,186.698,0.97,0.98,0.02,0.03,0.01,0.01,77924.72,1776954484000
1776954487.083,187.083,0.97,0.98,0.02,0.03,0.01,0.01,77926.03,1776954485000
1776954487.439,187.439,0.96,0.97,0.03,0.04,0.01,0.01,77927.55,1776954486000
1776954488.218,188.218,0.96,0.97,0.03,0.04,0.01,0.01,77927.27,1776954487000
1776954488.869,188.869,0.96,0.97,0.03,0.04,0.01,0.01,77927.27,1776954487000
1776954489.239,189.239,0.96,0.97,0.03,0.04,0.01,0.01,77920.56,1776954488000
1776954490.284,190.284,0.96,0.97,0.03,0.04,0.01,0.01,77902.09,1776954489000
1776954490.716,190.716,0.96,0.97,0.03,0.04,0.01,0.01,77902.09,1776954489000
1776954491.21,191.21,0.96,0.97,0.03,0.04,0.01,0.01,77902.09,1776954489000
1776954491.625,191.625,0.96,0.97,0.03,0.04,0.01,0.01,77877.84,1776954490000
1776954492.056,192.056,0.96,0.97,0.03,0.04,0.01,0.01,77868.51,1776954491000
1776954492.475,192.475,0.96,0.97,0.03,0.04,0.01,0.01,77868.51,1776954491000
1776954493.065,193.065,0.96,0.97,0.03,0.04,0.01,0.01,77855.77,1776954492000
1776954493.406,193.406,0.95,0.97,0.03,0.05,0.02,0.02,77855.77,1776954492000
1776954493.941,193.941,0.95,0.97,0.03,0.05,0.02,0.02,77855.77,1776954492000
1776954494.323,194.323,0.94,0.97,0.03,0.06,0.03,0.03,77854.07,1776954493000
1776954494.657,194.657,0.91,0.98,0.06,0.09,0.07,0.03,77854.07,1776954493000
1776954495.02,195.02,0.9,0.97,0.03,0.1,0.07,0.07,77863.43,1776954494000
1776954495.366,195.366,0.94,0.95,0.05,0.06,0.01,0.01,77863.43,1776954494000
1776954495.704,195.704,0.91,0.92,0.08,0.09,0.01,0.01,77863.43,1776954494000
1776954496.045,196.045,0.91,0.92,0.08,0.09,0.01,0.01,77864.19,1776954495000
1776954496.383,196.383,0.92,0.94,0.06,0.09,0.02,0.03,77864.19,1776954495000
1776954496.724,196.724,0.93,0.94,0.06,0.07,0.01,0.01,77864.19,1776954495000
1776954497.096,197.096,0.93,0.94,0.06,0.07,0.01,0.01,77864.19,1776954495000
1776954497.434,197.434,0.93,0.94,0.06,0.07,0.01,0.01,77864.19,1776954495000
1776954498.073,198.073,0.93,0.94,0.06,0.07,0.01,0.01,77868.92,1776954497000
1776954499.267,199.267,0.93,0.94,0.06,0.07,0.01,0.01,77868.02,1776954498000
1776954500.192,200.192,0.93,0.94,0.06,0.07,0.01,0.01,77868.02,1776954498000
1776954500.695,200.695,0.93,0.94,0.06,0.07,0.01,0.01,77868.02,1776954498000
1776954501.26,201.26,0.93,0.94,0.06,0.07,0.01,0.01,77866.64,1776954499000
1776954501.619,201.619,0.93,0.94,0.06,0.07,0.01,0.01,77867.24,1776954500000
1776954501.972,201.972,0.92,0.94,0.06,0.08,0.02,0.02,77866.4,1776954501000
1776954503.016,203.016,0.92,0.94,0.06,0.08,0.02,0.02,77866.13,1776954502000
1776954504.113,204.113,0.92,0.93,0.06,0.08,0.01,0.02,77866.13,1776954502000
1776954504.48,204.48,0.93,0.94,0.06,0.07,0.01,0.01,77866.08,1776954503000
1776954504.849,204.849,0.9,0.92,0.09,0.1,0.02,0.01,77866.08,1776954503000
1776954505.287,205.287,0.87,0.88,0.12,0.13,0.01,0.01,77866.08,1776954503000
1776954505.681,205.681,0.87,0.88,0.12,0.13,0.01,0.01,77859.83,1776954504000
1776954506.017,206.017,0.87,0.88,0.12,0.13,0.01,0.01,77859.83,1776954504000
1776954506.402,206.402,0.87,0.88,0.12,0.13,0.01,0.01,77853.8,1776954505000
1776954506.789,206.789,0.87,0.88,0.12,0.13,0.01,0.01,77853.8,1776954505000
1776954507.284,207.284,0.87,0.88,0.12,0.13,0.01,0.01,77849.27,1776954506000
1776954507.66,207.66,0.87,0.88,0.12,0.13,0.01,0.01,77849.27,1776954506000
1776954508.101,208.101,0.87,0.88,0.12,0.14,0.01,0.02,77849.27,1776954506000
1776954508.898,208.898,0.87,0.88,0.12,0.13,0.01,0.01,77839.56,1776954507000
1776954509.321,209.321,0.87,0.88,0.12,0.13,0.01,0.01,77827.22,1776954508000
1776954509.688,209.688,0.86,0.87,0.12,0.14,0.01,0.02,77827.22,1776954508000
1776954510.147,210.147,0.86,0.88,0.13,0.14,0.02,0.01,77827.22,1776954508000
1776954510.491,210.491,0.86,0.88,0.12,0.14,0.02,0.02,77818.18,1776954509000
1776954510.85,210.85,0.85,0.88,0.12,0.15,0.03,0.03,77818.18,1776954509000
1776954511.191,211.191,0.73,0.74,0.26,0.27,0.01,0.01,77805.28,1776954510000
1776954511.535,211.535,0.73,0.74,0.26,0.27,0.01,0.01,77805.28,1776954510000
1776954511.93,211.93,0.71,0.73,0.27,0.29,0.02,0.02,77805.28,1776954510000
1776954512.287,212.287,0.7,0.71,0.29,0.3,0.01,0.01,77802.25,1776954511000
1776954512.624,212.624,0.62,0.7,0.3,0.38,0.08,0.08,77802.25,1776954511000
1776954513.013,213.013,0.68,0.69,0.31,0.32,0.01,0.01,77802.25,1776954511000
1776954513.374,213.374,0.68,0.69,0.31,0.32,0.01,0.01,77802.93,1776954512000
1776954513.708,213.708,0.68,0.69,0.31,0.32,0.01,0.01,77802.93,1776954512000
1776954514.087,214.087,0.68,0.69,0.31,0.32,0.01,0.01,77797.49,1776954513000
1776954514.431,214.431,0.69,0.7,0.3,0.32,0.01,0.02,77797.49,1776954513000
1776954514.774,214.774,0.72,0.73,0.27,0.28,0.01,0.01,77797.49,1776954513000
1776954515.123,215.123,0.73,0.75,0.25,0.27,0.02,0.02,77797.49,1776954513000
1776954515.462,215.462,0.73,0.74,0.26,0.27,0.01,0.01,77797.49,1776954513000
1776954515.798,215.798,0.74,0.75,0.25,0.27,0.01,0.02,77796.76,1776954514000
1776954516.195,216.195,0.74,0.75,0.25,0.27,0.01,0.02,77796.76,1776954514000
1776954516.574,216.574,0.74,0.75,0.25,0.26,0.01,0.01,77796.76,1776954514000
1776954516.924,216.924,0.74,0.75,0.25,0.26,0.01,0.01,77804.61,1776954515000
1776954517.309,217.309,0.74,0.75,0.25,0.26,0.01,0.01,77804.61,1776954515000
1776954517.675,217.675,0.75,0.76,0.24,0.26,0.01,0.02,77806.26,1776954516000
1776954518.25,218.25,0.75,0.76,0.24,0.25,0.01,0.01,77804.18,1776954517000
1776954518.628,218.628,0.75,0.76,0.24,0.25,0.01,0.01,77804.18,1776954517000
1776954519.012,219.012,0.75,0.76,0.24,0.25,0.01,0.01,77804.18,1776954517000
1776954519.413,219.413,0.75,0.76,0.24,0.25,0.01,0.01,77804.18,1776954517000
1776954519.775,219.775,0.75,0.76,0.24,0.25,0.01,0.01,77804.18,1776954517000
1776954520.124,220.124,0.74,0.76,0.24,0.26,0.02,0.02,77805.37,1776954518000
1776954520.478,220.478,0.74,0.75,0.25,0.26,0.01,0.01,77805.51,1776954519000
1776954520.825,220.825,0.74,0.76,0.24,0.27,0.02,0.03,77805.51,1776954519000
1776954521.17,221.17,0.75,0.76,0.24,0.25,0.01,0.01,77801.43,1776954520000
1776954521.619,221.619,0.75,0.76,0.24,0.25,0.01,0.01,77801.43,1776954520000
1776954521.981,221.981,0.71,0.74,0.25,0.29,0.03,0.04,77801.43,1776954520000
1776954522.323,222.323,0.7,0.72,0.28,0.3,0.02,0.02,77801.43,1776954520000
1776954522.779,222.779,0.7,0.71,0.29,0.3,0.01,0.01,77800.85,1776954521000
1776954523.125,223.125,0.68,0.69,0.31,0.32,0.01,0.01,77800.85,1776954521000
1776954523.593,223.593,0.68,0.69,0.31,0.32,0.01,0.01,77798.3,1776954522000
1776954523.947,223.947,0.69,0.7,0.3,0.31,0.01,0.01,77798.3,1776954522000
1776954524.292,224.292,0.68,0.7,0.3,0.32,0.02,0.02,77795.6,1776954523000
1776954524.639,224.639,0.69,0.7,0.3,0.31,0.01,0.01,77795.6,1776954523000
1776954524.987,224.987,0.7,0.71,0.29,0.3,0.01,0.01,77795.6,1776954523000
1776954525.504,225.504,0.7,0.71,0.29,0.3,0.01,0.01,77795.6,1776954523000
1776954525.875,225.875,0.7,0.71,0.29,0.3,0.01,0.01,77792.78,1776954524000
1776954526.416,226.416,0.71,0.73,0.27,0.29,0.02,0.02,77794.85,1776954525000
1776954526.799,226.799,0.72,0.73,0.27,0.28,0.01,0.01,77794.85,1776954525000
1776954527.314,227.314,0.78,0.79,0.21,0.22,0.01,0.01,77794.89,1776954526000
1776954527.704,227.704,0.79,0.8,0.21,0.22,0.01,0.01,77794.89,1776954526000
1776954528.238,228.238,0.79,0.8,0.2,0.21,0.01,0.01,77794.89,1776954526000
1776954528.798,228.798,0.79,0.8,0.2,0.21,0.01,0.01,77805.89,1776954527000
1776954529.234,229.234,0.79,0.8,0.2,0.21,0.01,0.01,77809.23,1776954528000
1776954529.835,229.835,0.79,0.8,0.2,0.21,0.01,0.01,77809.23,1776954528000
1776954530.275,230.275,0.77,0.78,0.22,0.23,0.01,0.01,77810.54,1776954529000
1776954530.671,230.671,0.76,0.77,0.23,0.24,0.01,0.01,77810.54,1776954529000
1776954531.04,231.04,0.76,0.77,0.23,0.24,0.01,0.01,77810.54,1776954529000
1776954531.442,231.442,0.76,0.77,0.23,0.24,0.01,0.01,77810.54,1776954529000
1776954531.791,231.791,0.75,0.76,0.24,0.25,0.01,0.01,77810.54,1776954529000
1776954532.259,232.259,0.75,0.76,0.24,0.25,0.01,0.01,77815.42,1776954530000
1776954532.622,232.622,0.74,0.75,0.25,0.27,0.01,0.02,77815.42,1776954530000
1776954532.993,232.993,0.76,0.77,0.23,0.24,0.01,0.01,77812.14,1776954531000
1776954533.441,233.441,0.76,0.77,0.23,0.24,0.01,0.01,77811.5,1776954532000
1776954534.054,234.054,0.76,0.77,0.23,0.24,0.01,0.01,77811.5,1776954532000
1776954534.42,234.42,0.75,0.76,0.24,0.25,0.01,0.01,77811.54,1776954533000
1776954534.986,234.986,0.75,0.76,0.23,0.25,0.01,0.02,77811.54,1776954533000
1776954535.38,235.38,0.75,0.76,0.24,0.25,0.01,0.01,77811.6,1776954534000
1776954535.821,235.821,0.73,0.76,0.24,0.25,0.03,0.01,77811.6,1776954534000
1776954536.256,236.256,0.68,0.72,0.28,0.29,0.04,0.01,77811.14,1776954535000
1776954536.624,236.624,0.7,0.71,0.28,0.31,0.01,0.03,77811.14,1776954535000
1776954536.961,236.961,0.69,0.7,0.3,0.31,0.01,0.01,77808.94,1776954536000
1776954537.468,237.468,0.69,0.7,0.3,0.31,0.01,0.01,77808.94,1776954536000
1776954537.857,237.857,0.7,0.71,0.3,0.31,0.01,0.01,77808.94,1776954536000
1776954538.278,238.278,0.72,0.73,0.27,0.3,0.01,0.03,77802.87,1776954537000
1776954538.616,238.616,0.72,0.75,0.25,0.28,0.03,0.03,77802.87,1776954537000
1776954538.953,238.953,0.74,0.75,0.25,0.26,0.01,0.01,77801.28,1776954538000
1776954539.309,239.309,0.74,0.75,0.25,0.26,0.01,0.01,77801.28,1776954538000
1776954539.642,239.642,0.81,0.87,0.13,0.19,0.06,0.06,77801.28,1776954538000
1776954539.997,239.997,0.87,0.91,0.08,0.13,0.04,0.05,77802.41,1776954539000
1776954540.375,240.375,0.9,0.92,0.08,0.1,0.02,0.02,77802.41,1776954539000
1776954540.711,240.711,0.91,0.92,0.08,0.09,0.01,0.01,77802.41,1776954539000
1776954541.136,241.136,0.91,0.92,0.08,0.09,0.01,0.01,77827.68,1776954540000
1776954541.472,241.472,0.91,0.92,0.08,0.09,0.01,0.01,77827.68,1776954540000
1776954541.85,241.85,0.91,0.92,0.08,0.09,0.01,0.01,77883.06,1776954541000
1776954542.195,242.195,0.91,0.92,0.08,0.09,0.01,0.01,77883.06,1776954541000
1776954542.541,242.541,0.91,0.93,0.08,0.09,0.02,0.01,77883.06,1776954541000
1776954543.107,243.107,0.92,0.93,0.07,0.09,0.01,0.02,77883.06,1776954541000
1776954543.493,243.493,0.92,0.93,0.07,0.08,0.01,0.01,77874.7,1776954542000
1776954543.853,243.853,0.92,0.93,0.07,0.08,0.01,0.01,77874.7,1776954542000
1776954544.484,244.484,0.92,0.94,0.07,0.08,0.02,0.01,77874.7,1776954542000
1776954544.874,244.874,0.92,0.93,0.07,0.08,0.01,0.01,77871.33,1776954543000
1776954545.218,245.218,0.92,0.93,0.07,0.08,0.01,0.01,77871.33,1776954543000
1776954545.563,245.563,0.92,0.93,0.07,0.08,0.01,0.01,77871.35,1776954544000
1776954546.234,246.234,0.92,0.93,0.07,0.08,0.01,0.01,77871.35,1776954544000
1776954546.569,246.569,0.92,0.93,0.07,0.08,0.01,0.01,77871.52,1776954545000
1776954546.91,246.91,0.92,0.93,0.07,0.09,0.01,0.02,77871.52,1776954545000
1776954547.269,247.269,0.94,0.95,0.05,0.06,0.01,0.01,77869.57,1776954546000
1776954547.631,247.631,0.94,0.96,0.04,0.06,0.02,0.02,77869.57,1776954546000
1776954547.988,247.988,0.94,0.95,0.05,0.06,0.01,0.01,77869.57,1776954546000
1776954548.505,248.505,0.94,0.95,0.05,0.06,0.01,0.01,77867.56,1776954547000
1776954548.892,248.892,0.94,0.95,0.05,0.06,0.01,0.01,77867.56,1776954547000
1776954549.227,249.227,0.94,0.95,0.05,0.06,0.01,0.01,77869.01,1776954548000
1776954549.719,249.719,0.94,0.95,0.05,0.06,0.01,0.01,77869.01,1776954548000
1776954550.077,250.077,0.94,0.95,0.05,0.06,0.01,0.01,77869.01,1776954548000
1776954550.584,250.584,0.94,0.95,0.05,0.06,0.01,0.01,77869.98,1776954549000
1776954551.191,251.191,0.94,0.95,0.05,0.06,0.01,0.01,77872.27,1776954550000
1776954551.529,251.529,0.94,0.95,0.05,0.06,0.01,0.01,77872.27,1776954550000
1776954551.982,251.982,0.94,0.95,0.05,0.06,0.01,0.01,77872.27,1776954550000
1776954552.486,252.486,0.94,0.95,0.05,0.06,0.01,0.01,77872.27,1776954551000
1776954553.189,253.189,0.94,0.95,0.05,0.06,0.01,0.01,77872.27,1776954551000
1776954553.551,253.551,0.94,0.95,0.05,0.06,0.01,0.01,77872.15,1776954552000
1776954554.014,254.014,0.94,0.95,0.05,0.06,0.01,0.01,77872.15,1776954552000
1776954554.392,254.392,0.95,0.96,0.04,0.05,0.01,0.01,77873.18,1776954553000
1776954554.885,254.885,0.95,0.96,0.04,0.05,0.01,0.01,77873.18,1776954553000
1776954555.309,255.309,0.95,0.96,0.04,0.05,0.01,0.01,77873.16,1776954554000
1776954555.714,255.714,0.95,0.96,0.04,0.05,0.01,0.01,77873.16,1776954554000
1776954556.18,256.18,0.95,0.96,0.04,0.05,0.01,0.01,77872.79,1776954555000
1776954556.523,256.523,0.95,0.96,0.04,0.05,0.01,0.01,77872.79,1776954555000
1776954556.907,256.907,0.93,0.94,0.06,0.07,0.01,0.01,77872.79,1776954555000
1776954557.445,257.445,0.93,0.94,0.06,0.07,0.01,0.01,77872.61,1776954556000
1776954557.803,257.803,0.93,0.94,0.06,0.07,0.01,0.01,77872.61,1776954556000
1776954558.138,258.138,0.93,0.94,0.06,0.07,0.01,0.01,77872.61,1776954556000
1776954558.476,258.476,0.93,0.94,0.06,0.07,0.01,0.01,77865.76,1776954557000
1776954559.008,259.008,0.93,0.94,0.06,0.07,0.01,0.01,77865.76,1776954557000
1776954559.453,259.453,0.94,0.95,0.06,0.07,0.01,0.01,77864.35,1776954558000
1776954560.008,260.008,0.95,0.96,0.05,0.06,0.01,0.01,77864.35,1776954558000
1776954560.4,260.4,0.96,0.97,0.03,0.04,0.01,0.01,77863.55,1776954559000
1776954560.769,260.769,0.94,0.95,0.05,0.06,0.01,0.01,77863.55,1776954559000
1776954561.126,261.126,0.94,0.95,0.05,0.06,0.01,0.01,77861.18,1776954560000
1776954561.529,261.529,0.94,0.95,0.05,0.06,0.01,0.01,77861.18,1776954560000
1776954561.877,261.877,0.94,0.95,0.05,0.06,0.01,0.01,77861.18,1776954560000
1776954562.22,262.22,0.94,0.95,0.05,0.06,0.01,0.01,77865.2,1776954561000
1776954562.723,262.723,0.95,0.96,0.04,0.05,0.01,0.01,77865.2,1776954561000
1776954563.06,263.06,0.95,0.96,0.04,0.05,0.01,0.01,77865.34,1776954562000
1776954563.543,263.543,0.96,0.97,0.03,0.04,0.01,0.01,77865.34,1776954562000
1776954563.918,263.918,0.96,0.98,0.02,0.04,0.02,0.02,77866.06,1776954563000
1776954564.273,264.273,0.97,0.98,0.02,0.04,0.01,0.02,77866.06,1776954563000
1776954564.612,264.612,0.97,0.98,0.02,0.03,0.01,0.01,77866.06,1776954563000
1776954564.986,264.986,0.95,0.96,0.04,0.05,0.01,0.01,77866.06,1776954563000
1776954565.324,265.324,0.95,0.97,0.03,0.05,0.02,0.02,77866.08,1776954564000
1776954565.698,265.698,0.95,0.96,0.01,0.05,0.01,0.04,77866.08,1776954564000
1776954566.068,266.068,0.97,0.98,0.02,0.03,0.01,0.01,77865.99,1776954565000
1776954566.404,266.404,0.98,0.99,0.01,0.02,0.01,0.01,77865.99,1776954565000
1776954566.774,266.774,0.98,0.99,0.01,0.02,0.01,0.01,77865.99,1776954565000
1776954567.109,267.109,0.98,0.99,0.01,0.02,0.01,0.01,77859.75,1776954566000
1776954567.564,267.564,0.98,0.99,0.01,0.02,0.01,0.01,77859.75,1776954566000
1776954567.9,267.9,0.98,0.99,0.01,0.02,0.01,0.01,77859.75,1776954566000
1776954568.243,268.243,0.98,0.99,0.01,0.02,0.01,0.01,77857.75,1776954567000
1776954568.642,268.642,0.98,0.99,0.01,0.02,0.01,0.01,77857.75,1776954567000
1776954569.184,269.184,0.98,0.99,0.01,0.02,0.01,0.01,77856.34,1776954568000
1776954569.676,269.676,0.98,0.99,0.01,0.02,0.01,0.01,77856.34,1776954568000
1776954570.135,270.135,0.98,0.99,0.01,0.03,0.01,0.02,77856.34,1776954568000
1776954570.481,270.481,0.98,0.99,0.01,0.02,0.01,0.01,77855.91,1776954569000
1776954570.982,270.982,0.97,0.99,0.01,0.02,0.02,0.01,77855.91,1776954569000
1776954571.386,271.386,0.98,0.99,0.01,0.02,0.01,0.01,77855.82,1776954570000
1776954571.854,271.854,0.98,0.99,0.01,0.02,0.01,0.01,77855.82,1776954570000
1776954572.203,272.203,0.98,0.99,0.01,0.02,0.01,0.01,77855.82,1776954570000
1776954572.711,272.711,0.98,0.99,0.01,0.02,0.01,0.01,77850.83,1776954571000
1776954573.069,273.069,0.81,0.99,0.01,0.19,0.18,0.18,77850.4,1776954572000
1776954573.439,273.439,0.96,0.97,0.03,0.04,0.01,0.01,77850.4,1776954572000
1776954573.782,273.782,0.94,0.95,0.05,0.06,0.01,0.01,77850.4,1776954572000
1776954574.177,274.177,0.94,0.95,0.05,0.06,0.01,0.01,77850.27,1776954573000
1776954574.59,274.59,0.94,0.95,0.05,0.06,0.01,0.01,77850.27,1776954573000
1776954574.923,274.923,0.95,0.96,0.04,0.05,0.01,0.01,77850.27,1776954573000
1776954575.266,275.266,0.95,0.96,0.04,0.05,0.01,0.01,77850.27,1776954573000
1776954575.662,275.662,0.95,0.96,0.04,0.05,0.01,0.01,77844.3,1776954574000
1776954576.042,276.042,0.95,0.96,0.04,0.05,0.01,0.01,77844.3,1776954574000
1776954576.51,276.51,0.95,0.96,0.04,0.05,0.01,0.01,77842.06,1776954575000
1776954576.897,276.897,0.94,0.96,0.04,0.06,0.02,0.02,77842.06,1776954575000
1776954577.265,277.265,0.9,0.95,0.05,0.06,0.05,0.01,77842.06,1776954575000
1776954577.613,277.613,0.91,0.92,0.08,0.09,0.01,0.01,77840.83,1776954576000
1776954577.954,277.954,0.91,0.92,0.08,0.09,0.01,0.01,77840.83,1776954576000
1776954578.359,278.359,0.91,0.92,0.08,0.09,0.01,0.01,77837.54,1776954577000
1776954578.693,278.693,0.91,0.92,0.08,0.09,0.01,0.01,77837.54,1776954577000
1776954579.222,279.222,0.89,0.9,0.1,0.11,0.01,0.01,77837.54,1776954577000
1776954579.621,279.621,0.91,0.92,0.08,0.09,0.01,0.01,77837.54,1776954577000
1776954580.019,280.019,0.91,0.92,0.08,0.09,0.01,0.01,77830.62,1776954578000
1776954580.382,280.382,0.92,0.93,0.07,0.08,0.01,0.01,77830.62,1776954578000
1776954580.732,280.732,0.92,0.93,0.07,0.08,0.01,0.01,77830.38,1776954579000
1776954581.108,281.108,0.89,0.9,0.09,0.1,0.01,0.01,77830.38,1776954579000
1776954581.528,281.528,0.89,0.9,0.09,0.11,0.01,0.02,77828.72,1776954580000
1776954581.954,281.954,0.88,0.89,0.11,0.12,0.01,0.01,77828.72,1776954580000
1776954582.289,282.289,0.88,0.89,0.1,0.12,0.01,0.02,77828.72,1776954580000
1776954582.965,282.965,0.9,0.91,0.09,0.11,0.01,0.02,77828.72,1776954581000
1776954583.347,283.347,0.82,0.83,0.17,0.18,0.01,0.01,77828.72,1776954582000
1776954583.769,283.769,0.85,0.86,0.14,0.15,0.01,0.01,77828.72,1776954582000
1776954584.148,284.148,0.85,0.86,0.14,0.15,0.01,0.01,77828.72,1776954582000
1776954584.683,284.683,0.86,0.87,0.14,0.15,0.01,0.01,77823.35,1776954583000
1776954585.028,285.028,0.86,0.87,0.13,0.14,0.01,0.01,77823.35,1776954583000
1776954585.434,285.434,0.92,0.93,0.07,0.08,0.01,0.01,77823.35,1776954583000
1776954585.831,285.831,0.91,0.92,0.08,0.09,0.01,0.01,77812.16,1776954584000
1776954586.197,286.197,0.88,0.89,0.11,0.12,0.01,0.01,77812.16,1776954584000
1776954586.607,286.607,0.92,0.93,0.07,0.09,0.01,0.02,77811.96,1776954585000
1776954586.991,286.991,0.93,0.94,0.06,0.07,0.01,0.01,77811.96,1776954585000
1776954587.443,287.443,0.93,0.94,0.06,0.07,0.01,0.01,77811.99,1776954586000
1776954587.803,287.803,0.93,0.94,0.06,0.07,0.01,0.01,77811.99,1776954586000
1776954588.248,288.248,0.93,0.94,0.06,0.07,0.01,0.01,77811.99,1776954586000
1776954588.587,288.587,0.93,0.94,0.06,0.07,0.01,0.01,77811.73,1776954587000
1776954589.057,289.057,0.9,0.91,0.09,0.1,0.01,0.01,77811.73,1776954587000
1776954589.392,289.392,0.91,0.92,0.08,0.09,0.01,0.01,77811.54,1776954588000
1776954589.783,289.783,0.92,0.93,0.07,0.09,0.01,0.02,77811.54,1776954588000
1776954590.354,290.354,0.91,0.92,0.08,0.09,0.01,0.01,77811.54,1776954588000
1776954590.701,290.701,0.91,0.92,0.07,0.09,0.01,0.02,77811.09,1776954589000
1776954591.072,291.072,0.91,0.92,0.08,0.09,0.01,0.01,77811.09,1776954589000
1776954591.434,291.434,0.91,0.92,0.08,0.09,0.01,0.01,77811.09,1776954589000
1776954591.803,291.803,0.91,0.93,0.07,0.08,0.02,0.01,77811.09,1776954589000
1776954592.136,292.136,0.97,0.98,0.01,0.04,0.01,0.03,77811.04,1776954590000
1776954592.479,292.479,0.85,0.89,0.11,0.15,0.04,0.04,77810.72,1776954591000
1776954592.813,292.813,0.5,0.62,0.38,0.5,0.12,0.12,77810.72,1776954591000
1776954593.153,293.153,0.21,0.65,0.35,0.79,0.44,0.44,77809.58,1776954592000
1776954593.499,293.499,0.18,0.21,0.79,0.87,0.03,0.08,77809.58,1776954592000
1776954593.833,293.833,0.09,0.16,0.84,0.89,0.07,0.05,77809.58,1776954592000
1776954594.192,294.192,0.06,0.08,0.92,0.94,0.02,0.02,77809.58,1776954592000
1776954594.562,294.562,0.14,0.16,0.84,0.86,0.02,0.02,77792.41,1776954593000
1776954594.931,294.931,0.04,0.15,0.85,0.96,0.11,0.11,77792.41,1776954593000
1776954595.299,295.299,0.07,0.11,0.91,0.95,0.04,0.04,77749.93,1776954594000
1776954595.78,295.78,0.05,0.11,0.89,0.95,0.06,0.06,77749.93,1776954594000
1776954596.116,296.116,0.05,0.11,0.89,0.95,0.06,0.06,77749.93,1776954594000
1776954596.547,296.547,0.06,0.14,0.86,0.94,0.08,0.08,77747.78,1776954595000
1776954596.896,296.896,0.04,0.12,0.88,0.95,0.08,0.07,77747.78,1776954595000
1776954597.232,297.232,0.06,0.1,0.88,0.94,0.04,0.06,77745.53,1776954596000
1776954597.574,297.574,0.11,0.24,0.76,0.94,0.13,0.18,77745.53,1776954596000
1776954597.915,297.915,0.22,0.23,0.77,0.78,0.01,0.01,77745.53,1776954596000
1776954598.263,298.263,0.2,0.21,0.79,0.8,0.01,0.01,77745.53,1776954596000
1776954598.604,298.604,0.2,0.21,0.79,0.8,0.01,0.01,77745.84,1776954597000
1776954598.968,298.968,0.08,0.15,0.85,0.92,0.07,0.07,77745.84,1776954597000
1776954599.307,299.307,0.16,0.2,0.8,0.84,0.04,0.04,77749.34,1776954598000
1776954599.642,299.642,0.63,0.64,0.36,0.37,0.01,0.01,77749.34,1776954598000
1776954600.098,300.098,0.01,0.01,0.99,0.99,0.0,0.0,77749.34,1776954598000
1776954600.432,300.432,0.01,0.01,0.99,0.99,0.0,0.0,77749.34,1776954598000
1776954600.786,300.786,0.01,0.01,0.99,0.99,0.0,0.0,77751.49,1776954599000
1776954602.212,302.212,0.01,0.01,0.99,0.99,0.0,0.0,77756.96,1776954601000

# RESULT,winner=Down,slug=btc-updown-5m-1776954300,ticks=692
