timestamp,elapsed_sec,up_bid,up_ask,down_bid,down_ask,up_spread,down_spread,btc_price,btc_oracle_ts
1777193400.506,0.506,0.48,0.51,0.51,0.52,0.03,0.01,78055.46,1777193399000
1777193400.927,0.927,0.48,0.49,0.51,0.52,0.01,0.01,78055.46,1777193399000
1777193401.36,1.36,0.48,0.49,0.51,0.52,0.01,0.01,78055.73,1777193400000
1777193401.887,1.887,0.48,0.5,0.49,0.52,0.02,0.03,78055.73,1777193400000
1777193402.231,2.231,0.48,0.49,0.5,0.52,0.01,0.02,78055.73,1777193401000
1777193402.991,2.991,0.48,0.49,0.51,0.52,0.01,0.01,78055.73,1777193402000
1777193403.352,3.352,0.48,0.49,0.51,0.52,0.01,0.01,78055.73,1777193402000
1777193403.748,3.748,0.49,0.5,0.5,0.52,0.01,0.02,78055.73,1777193402000
1777193404.557,4.557,0.49,0.5,0.5,0.51,0.01,0.01,78055.77,1777193403000
1777193404.892,4.892,0.49,0.5,0.5,0.51,0.01,0.01,78055.77,1777193403000
1777193405.295,5.295,0.49,0.5,0.5,0.51,0.01,0.01,78055.79,1777193404000
1777193405.813,5.813,0.5,0.51,0.49,0.51,0.01,0.02,78055.79,1777193404000
1777193406.298,6.298,0.5,0.51,0.49,0.5,0.01,0.01,78055.85,1777193405000
1777193406.938,6.938,0.5,0.51,0.49,0.5,0.01,0.01,78055.85,1777193406000
1777193407.318,7.318,0.5,0.51,0.49,0.5,0.01,0.01,78055.85,1777193406000
1777193407.779,7.779,0.5,0.51,0.49,0.5,0.01,0.01,78055.85,1777193406000
1777193408.442,8.442,0.49,0.5,0.49,0.5,0.01,0.01,78055.88,1777193407000
1777193408.833,8.833,0.49,0.5,0.5,0.51,0.01,0.01,78055.88,1777193407000
1777193409.443,9.443,0.49,0.5,0.5,0.51,0.01,0.01,78055.87,1777193408000
1777193409.799,9.799,0.49,0.5,0.5,0.51,0.01,0.01,78055.87,1777193408000
1777193410.227,10.227,0.49,0.5,0.5,0.51,0.01,0.01,78055.85,1777193409000
1777193411.275,11.275,0.49,0.5,0.5,0.51,0.01,0.01,78056.01,1777193410000
1777193411.634,11.634,0.49,0.5,0.5,0.51,0.01,0.01,78056.01,1777193410000
1777193411.983,11.983,0.49,0.5,0.5,0.51,0.01,0.01,78056.01,1777193410000
1777193412.317,12.317,0.49,0.5,0.5,0.51,0.01,0.01,78056.02,1777193411000
1777193413.212,13.212,0.49,0.5,0.5,0.51,0.01,0.01,78056.03,1777193412000
1777193413.585,13.585,0.49,0.5,0.5,0.51,0.01,0.01,78056.03,1777193412000
1777193414.404,14.404,0.49,0.5,0.5,0.51,0.01,0.01,78056.03,1777193412000
1777193415.018,15.018,0.48,0.49,0.51,0.52,0.01,0.01,78056.02,1777193414000
1777193416.005,16.005,0.48,0.49,0.51,0.52,0.01,0.01,78056.01,1777193415000
1777193417.089,17.089,0.48,0.49,0.51,0.52,0.01,0.01,78055.18,1777193416000
1777193417.454,17.454,0.48,0.49,0.51,0.52,0.01,0.01,78055.18,1777193416000
1777193417.811,17.811,0.48,0.49,0.51,0.52,0.01,0.01,78055.18,1777193416000
1777193418.146,18.146,0.45,0.47,0.53,0.55,0.02,0.02,78055.18,1777193416000
1777193418.546,18.546,0.45,0.46,0.54,0.55,0.01,0.01,78055.2,1777193417000
1777193418.899,18.899,0.45,0.46,0.54,0.55,0.01,0.01,78055.2,1777193418000
1777193419.484,19.484,0.45,0.46,0.54,0.55,0.01,0.01,78055.2,1777193418000
1777193419.957,19.957,0.45,0.46,0.54,0.55,0.01,0.01,78054.5,1777193419000
1777193420.32,20.32,0.45,0.46,0.54,0.55,0.01,0.01,78054.5,1777193419000
1777193420.74,20.74,0.45,0.46,0.54,0.55,0.01,0.01,78054.5,1777193419000
1777193421.145,21.145,0.45,0.46,0.54,0.55,0.01,0.01,78054.5,1777193419000
1777193421.617,21.617,0.45,0.46,0.54,0.55,0.01,0.01,78054.65,1777193420000
1777193422.23,22.23,0.45,0.46,0.54,0.55,0.01,0.01,78054.65,1777193420000
1777193422.637,22.637,0.45,0.46,0.54,0.55,0.01,0.01,78054.52,1777193421000
1777193423.005,23.005,0.45,0.46,0.54,0.55,0.01,0.01,78054.52,1777193421000
1777193423.48,23.48,0.45,0.46,0.54,0.55,0.01,0.01,78054.53,1777193422000
1777193423.814,23.814,0.45,0.46,0.54,0.55,0.01,0.01,78054.53,1777193422000
1777193424.344,24.344,0.45,0.46,0.54,0.55,0.01,0.01,78054.53,1777193423000
1777193424.917,24.917,0.45,0.46,0.54,0.55,0.01,0.01,78054.53,1777193423000
1777193425.455,25.455,0.45,0.46,0.54,0.55,0.01,0.01,78054.53,1777193424000
1777193425.954,25.954,0.45,0.46,0.54,0.55,0.01,0.01,78054.53,1777193424000
1777193426.403,26.403,0.45,0.46,0.54,0.55,0.01,0.01,78054.53,1777193425000
1777193427.11,27.11,0.45,0.46,0.54,0.55,0.01,0.01,78054.53,1777193425000
1777193427.72,27.72,0.46,0.47,0.54,0.55,0.01,0.01,78054.57,1777193426000
1777193428.092,28.092,0.46,0.47,0.53,0.54,0.01,0.01,78054.57,1777193426000
1777193428.649,28.649,0.46,0.47,0.53,0.54,0.01,0.01,78054.6,1777193427000
1777193429.012,29.012,0.46,0.47,0.53,0.54,0.01,0.01,78054.6,1777193427000
1777193429.533,29.533,0.46,0.47,0.53,0.54,0.01,0.01,78054.6,1777193428000
1777193430.099,30.099,0.46,0.47,0.53,0.54,0.01,0.01,78054.6,1777193428000
1777193430.56,30.56,0.46,0.47,0.53,0.54,0.01,0.01,78054.6,1777193429000
1777193430.92,30.92,0.46,0.47,0.53,0.54,0.01,0.01,78054.6,1777193429000
1777193431.415,31.415,0.46,0.47,0.53,0.54,0.01,0.01,78054.6,1777193430000
1777193431.851,31.851,0.46,0.47,0.53,0.54,0.01,0.01,78054.6,1777193430000
1777193432.35,32.35,0.46,0.47,0.53,0.54,0.01,0.01,78052.17,1777193431000
1777193432.894,32.894,0.46,0.47,0.53,0.54,0.01,0.01,78052.17,1777193431000
1777193433.326,33.326,0.46,0.47,0.53,0.54,0.01,0.01,78054.6,1777193432000
1777193433.702,33.702,0.46,0.47,0.53,0.54,0.01,0.01,78054.6,1777193432000
1777193434.178,34.178,0.46,0.47,0.53,0.54,0.01,0.01,78054.56,1777193433000
1777193434.639,34.639,0.46,0.47,0.53,0.54,0.01,0.01,78054.56,1777193433000
1777193435.065,35.065,0.46,0.47,0.53,0.54,0.01,0.01,78054.56,1777193433000
1777193435.731,35.731,0.46,0.48,0.53,0.54,0.02,0.01,78054.54,1777193434000
1777193436.407,36.407,0.47,0.48,0.52,0.54,0.01,0.02,78054.54,1777193434000
1777193437.097,37.097,0.47,0.48,0.52,0.53,0.01,0.01,78054.51,1777193436000
1777193437.458,37.458,0.47,0.48,0.52,0.53,0.01,0.01,78054.51,1777193436000
1777193438.197,38.197,0.47,0.48,0.52,0.53,0.01,0.01,78054.61,1777193437000
1777193438.758,38.758,0.47,0.48,0.52,0.53,0.01,0.01,78054.61,1777193437000
1777193439.164,39.164,0.47,0.48,0.52,0.53,0.01,0.01,78054.61,1777193437000
1777193439.647,39.647,0.47,0.48,0.52,0.53,0.01,0.01,78054.61,1777193438000
1777193440.414,40.414,0.47,0.48,0.52,0.53,0.01,0.01,78054.5,1777193439000
1777193440.839,40.839,0.46,0.48,0.52,0.53,0.02,0.01,78054.5,1777193439000
1777193441.182,41.182,0.46,0.47,0.53,0.54,0.01,0.01,78054.5,1777193440000
1777193441.577,41.577,0.46,0.47,0.53,0.54,0.01,0.01,78054.5,1777193440000
1777193442.11,42.11,0.46,0.47,0.53,0.54,0.01,0.01,78054.6,1777193441000
1777193442.483,42.483,0.46,0.47,0.53,0.54,0.01,0.01,78054.6,1777193441000
1777193442.818,42.818,0.46,0.47,0.53,0.54,0.01,0.01,78054.6,1777193441000
1777193443.182,43.182,0.46,0.47,0.53,0.54,0.01,0.01,78054.6,1777193441000
1777193443.718,43.718,0.46,0.47,0.53,0.54,0.01,0.01,78054.6,1777193442000
1777193444.444,44.444,0.46,0.47,0.53,0.54,0.01,0.01,78054.85,1777193443000
1777193445.037,45.037,0.46,0.47,0.53,0.54,0.01,0.01,78054.93,1777193444000
1777193445.774,45.774,0.46,0.47,0.53,0.54,0.01,0.01,78054.93,1777193444000
1777193446.165,46.165,0.46,0.47,0.53,0.54,0.01,0.01,78054.88,1777193445000
1777193446.635,46.635,0.46,0.47,0.53,0.54,0.01,0.01,78054.88,1777193445000
1777193447.336,47.336,0.46,0.47,0.53,0.54,0.01,0.01,78054.88,1777193446000
1777193447.903,47.903,0.46,0.47,0.53,0.54,0.01,0.01,78054.89,1777193447000
1777193449.118,49.118,0.46,0.47,0.53,0.54,0.01,0.01,78054.89,1777193448000
1777193450.271,50.271,0.46,0.47,0.53,0.54,0.01,0.01,78054.89,1777193449000
1777193450.84,50.84,0.46,0.47,0.53,0.54,0.01,0.01,78054.89,1777193449000
1777193451.551,51.551,0.46,0.47,0.53,0.54,0.01,0.01,78054.9,1777193450000
1777193451.911,51.911,0.46,0.47,0.53,0.54,0.01,0.01,78054.9,1777193450000
1777193453.225,53.225,0.46,0.47,0.53,0.54,0.01,0.01,78054.9,1777193451000
1777193453.877,53.877,0.48,0.49,0.51,0.54,0.01,0.03,78054.89,1777193452000
1777193454.468,54.468,0.48,0.49,0.51,0.52,0.01,0.01,78054.89,1777193453000
1777193454.889,54.889,0.48,0.49,0.51,0.52,0.01,0.01,78054.89,1777193453000
1777193455.787,55.787,0.48,0.49,0.51,0.52,0.01,0.01,78054.81,1777193454000
1777193456.291,56.291,0.48,0.49,0.51,0.52,0.01,0.01,78054.79,1777193455000
1777193456.854,56.854,0.48,0.49,0.51,0.52,0.01,0.01,78054.84,1777193456000
1777193457.631,57.631,0.48,0.49,0.51,0.52,0.01,0.01,78054.84,1777193456000
1777193458.035,58.035,0.48,0.49,0.51,0.52,0.01,0.01,78054.84,1777193456000
1777193458.462,58.462,0.48,0.49,0.51,0.52,0.01,0.01,78054.84,1777193457000
1777193459.21,59.21,0.48,0.49,0.51,0.52,0.01,0.01,78054.84,1777193457000
1777193460.003,60.003,0.48,0.49,0.51,0.52,0.01,0.01,78054.84,1777193457000
1777193460.39,60.39,0.48,0.49,0.51,0.52,0.01,0.01,78054.8,1777193458000
1777193460.765,60.765,0.48,0.49,0.51,0.52,0.01,0.01,78054.82,1777193459000
1777193461.149,61.149,0.48,0.49,0.51,0.52,0.01,0.01,78054.82,1777193460000
1777193461.522,61.522,0.48,0.49,0.51,0.52,0.01,0.01,78054.82,1777193460000
1777193462.358,62.358,0.48,0.49,0.51,0.52,0.01,0.01,78054.85,1777193461000
1777193462.749,62.749,0.48,0.49,0.51,0.52,0.01,0.01,78054.85,1777193461000
1777193463.097,63.097,0.48,0.49,0.51,0.52,0.01,0.01,78054.77,1777193462000
1777193463.797,63.797,0.48,0.49,0.51,0.52,0.01,0.01,78054.77,1777193462000
1777193464.536,64.536,0.47,0.48,0.51,0.53,0.01,0.02,78054.77,1777193463000
1777193465.006,65.006,0.47,0.48,0.52,0.53,0.01,0.01,78054.77,1777193463000
1777193465.432,65.432,0.47,0.48,0.52,0.53,0.01,0.01,78054.8,1777193464000
1777193465.898,65.898,0.47,0.48,0.52,0.53,0.01,0.01,78054.8,1777193464000
1777193466.6,66.6,0.47,0.48,0.52,0.53,0.01,0.01,78054.81,1777193465000
1777193467.043,67.043,0.47,0.48,0.52,0.53,0.01,0.01,78054.81,1777193466000
1777193467.605,67.605,0.47,0.48,0.52,0.53,0.01,0.01,78054.81,1777193466000
1777193468.116,68.116,0.47,0.48,0.52,0.53,0.01,0.01,78054.81,1777193466000
1777193468.638,68.638,0.46,0.47,0.52,0.53,0.01,0.01,78054.81,1777193467000
1777193468.975,68.975,0.46,0.47,0.53,0.54,0.01,0.01,78054.81,1777193468000
1777193470.08,70.08,0.46,0.47,0.53,0.54,0.01,0.01,78054.79,1777193469000
1777193470.511,70.511,0.46,0.47,0.53,0.54,0.01,0.01,78054.79,1777193469000
1777193471.167,71.167,0.46,0.47,0.53,0.54,0.01,0.01,78054.77,1777193470000
1777193471.64,71.64,0.46,0.47,0.53,0.54,0.01,0.01,78054.77,1777193470000
1777193472.518,72.518,0.46,0.47,0.53,0.54,0.01,0.01,78054.78,1777193471000
1777193472.865,72.865,0.46,0.47,0.53,0.54,0.01,0.01,78054.78,1777193471000
1777193473.42,73.42,0.46,0.47,0.53,0.54,0.01,0.01,78054.78,1777193472000
1777193473.903,73.903,0.46,0.47,0.53,0.54,0.01,0.01,78054.78,1777193472000
1777193474.484,74.484,0.46,0.47,0.53,0.54,0.01,0.01,78054.78,1777193473000
1777193475.105,75.105,0.46,0.47,0.53,0.54,0.01,0.01,78054.78,1777193473000
1777193475.541,75.541,0.46,0.47,0.53,0.54,0.01,0.01,78054.78,1777193474000
1777193476.556,76.556,0.46,0.47,0.53,0.54,0.01,0.01,78054.78,1777193475000
1777193476.913,76.913,0.46,0.47,0.53,0.54,0.01,0.01,78054.78,1777193475000
1777193477.435,77.435,0.45,0.46,0.53,0.54,0.01,0.01,78054.78,1777193476000
1777193477.948,77.948,0.45,0.46,0.54,0.55,0.01,0.01,78054.78,1777193476000
1777193478.444,78.444,0.45,0.46,0.54,0.55,0.01,0.01,78054.78,1777193476000
1777193479.196,79.196,0.45,0.46,0.54,0.55,0.01,0.01,78054.8,1777193477000
1777193479.874,79.874,0.45,0.46,0.54,0.55,0.01,0.01,78053.95,1777193478000
1777193480.552,80.552,0.45,0.46,0.54,0.55,0.01,0.01,78053.95,1777193479000
1777193481.062,81.062,0.45,0.46,0.54,0.55,0.01,0.01,78053.95,1777193479000
1777193481.411,81.411,0.46,0.47,0.53,0.55,0.01,0.02,78053.69,1777193480000
1777193481.961,81.961,0.46,0.47,0.53,0.54,0.01,0.01,78053.69,1777193480000
1777193482.572,82.572,0.46,0.47,0.53,0.54,0.01,0.01,78053.98,1777193481000
1777193483.223,83.223,0.46,0.47,0.53,0.54,0.01,0.01,78053.57,1777193482000
1777193484.154,84.154,0.46,0.47,0.53,0.54,0.01,0.01,78053.57,1777193482000
1777193484.511,84.511,0.46,0.47,0.53,0.54,0.01,0.01,78053.57,1777193482000
1777193485.217,85.217,0.46,0.47,0.53,0.54,0.01,0.01,78053.66,1777193484000
1777193485.885,85.885,0.46,0.47,0.53,0.54,0.01,0.01,78053.66,1777193484000
1777193486.807,86.807,0.46,0.47,0.53,0.54,0.01,0.01,78053.5,1777193485000
1777193487.325,87.325,0.46,0.47,0.53,0.54,0.01,0.01,78053.5,1777193485000
1777193488.278,88.278,0.46,0.47,0.53,0.54,0.01,0.01,78053.5,1777193486000
1777193488.827,88.827,0.46,0.48,0.53,0.54,0.02,0.01,78053.85,1777193487000
1777193489.439,89.439,0.47,0.48,0.52,0.54,0.01,0.02,78053.85,1777193487000
1777193490.312,90.312,0.47,0.48,0.52,0.53,0.01,0.01,78053.78,1777193489000
1777193491.138,91.138,0.47,0.48,0.52,0.53,0.01,0.01,78053.78,1777193490000
1777193491.571,91.571,0.47,0.48,0.52,0.53,0.01,0.01,78053.78,1777193490000
1777193492.781,92.781,0.47,0.48,0.52,0.53,0.01,0.01,78053.86,1777193491000
1777193493.138,93.138,0.47,0.48,0.52,0.53,0.01,0.01,78053.86,1777193491000
1777193494.287,94.287,0.47,0.48,0.52,0.53,0.01,0.01,78053.4,1777193493000
1777193494.648,94.648,0.47,0.49,0.52,0.53,0.02,0.01,78053.4,1777193493000
1777193495.218,95.218,0.47,0.49,0.51,0.53,0.02,0.02,78053.18,1777193494000
1777193495.586,95.586,0.48,0.49,0.51,0.52,0.01,0.01,78053.18,1777193494000
1777193496.354,96.354,0.48,0.49,0.51,0.52,0.01,0.01,78053.02,1777193495000
1777193496.693,96.693,0.48,0.49,0.51,0.52,0.01,0.01,78053.02,1777193495000
1777193497.064,97.064,0.48,0.49,0.51,0.52,0.01,0.01,78053.02,1777193495000
1777193498.159,98.159,0.48,0.49,0.51,0.52,0.01,0.01,78053.28,1777193497000
1777193499.165,99.165,0.48,0.49,0.51,0.52,0.01,0.01,78053.34,1777193498000
1777193499.837,99.837,0.48,0.49,0.51,0.52,0.01,0.01,78053.34,1777193498000
1777193500.418,100.418,0.48,0.49,0.51,0.52,0.01,0.01,78053.35,1777193499000
1777193501.041,101.041,0.48,0.49,0.51,0.52,0.01,0.01,78053.35,1777193499000
1777193501.704,101.704,0.48,0.49,0.51,0.52,0.01,0.01,78053.35,1777193500000
1777193502.132,102.132,0.48,0.49,0.51,0.52,0.01,0.01,78053.35,1777193501000
1777193502.475,102.475,0.48,0.49,0.51,0.52,0.01,0.01,78053.35,1777193501000
1777193503.011,103.011,0.48,0.49,0.51,0.52,0.01,0.01,78053.35,1777193502000
1777193503.741,103.741,0.49,0.5,0.5,0.52,0.01,0.02,78053.35,1777193502000
1777193504.148,104.148,0.49,0.5,0.5,0.51,0.01,0.01,78053.35,1777193503000
1777193505.108,105.108,0.49,0.5,0.5,0.51,0.01,0.01,78053.35,1777193503000
1777193505.601,105.601,0.49,0.5,0.5,0.51,0.01,0.01,78053.35,1777193504000
1777193506.159,106.159,0.49,0.5,0.5,0.51,0.01,0.01,78053.35,1777193504000
1777193506.82,106.82,0.49,0.5,0.5,0.51,0.01,0.01,78053.4,1777193505000
1777193507.589,107.589,0.49,0.5,0.5,0.51,0.01,0.01,78053.53,1777193506000
1777193508.094,108.094,0.45,0.47,0.53,0.55,0.02,0.02,78053.24,1777193507000
1777193508.951,108.951,0.45,0.46,0.54,0.55,0.01,0.01,78053.24,1777193507000
1777193509.541,109.541,0.45,0.46,0.54,0.55,0.01,0.01,78051.91,1777193508000
1777193509.904,109.904,0.45,0.46,0.54,0.55,0.01,0.01,78051.91,1777193508000
1777193510.591,110.591,0.45,0.46,0.54,0.55,0.01,0.01,78051.91,1777193509000
1777193511.019,111.019,0.45,0.46,0.54,0.55,0.01,0.01,78051.91,1777193509000
1777193511.386,111.386,0.45,0.46,0.54,0.55,0.01,0.01,78051.91,1777193510000
1777193511.856,111.856,0.45,0.46,0.54,0.55,0.01,0.01,78051.91,1777193510000
1777193512.362,112.362,0.46,0.47,0.53,0.54,0.01,0.01,78052.23,1777193511000
1777193512.97,112.97,0.46,0.47,0.53,0.54,0.01,0.01,78052.44,1777193512000
1777193513.502,113.502,0.45,0.46,0.54,0.55,0.01,0.01,78052.44,1777193512000
1777193513.893,113.893,0.47,0.48,0.53,0.55,0.01,0.02,78052.44,1777193512000
1777193514.809,114.809,0.47,0.48,0.52,0.53,0.01,0.01,78052.24,1777193513000
1777193515.226,115.226,0.47,0.48,0.52,0.53,0.01,0.01,78052.38,1777193514000
1777193515.587,115.587,0.47,0.48,0.52,0.53,0.01,0.01,78052.38,1777193514000
1777193516.066,116.066,0.45,0.48,0.52,0.55,0.03,0.03,78052.38,1777193514000
1777193516.991,116.991,0.47,0.48,0.52,0.53,0.01,0.01,78052.38,1777193515000
1777193517.452,117.452,0.47,0.48,0.52,0.53,0.01,0.01,78053.42,1777193516000
1777193517.845,117.845,0.47,0.48,0.52,0.53,0.01,0.01,78053.42,1777193516000
1777193518.319,118.319,0.47,0.48,0.52,0.53,0.01,0.01,78053.42,1777193517000
1777193519.039,119.039,0.47,0.48,0.52,0.53,0.01,0.01,78053.24,1777193518000
1777193519.791,119.791,0.46,0.47,0.52,0.53,0.01,0.01,78053.24,1777193518000
1777193520.144,120.144,0.46,0.47,0.53,0.54,0.01,0.01,78053.24,1777193518000
1777193520.485,120.485,0.47,0.48,0.52,0.53,0.01,0.01,78053.24,1777193518000
1777193521.114,121.114,0.47,0.48,0.52,0.53,0.01,0.01,78050.77,1777193520000
1777193521.462,121.462,0.47,0.48,0.52,0.53,0.01,0.01,78050.77,1777193520000
1777193522.089,122.089,0.47,0.49,0.51,0.53,0.02,0.02,78053.33,1777193521000
1777193522.441,122.441,0.48,0.49,0.51,0.52,0.01,0.01,78053.33,1777193521000
1777193522.789,122.789,0.48,0.49,0.51,0.52,0.01,0.01,78053.33,1777193521000
1777193523.192,123.192,0.46,0.47,0.53,0.54,0.01,0.01,78054.47,1777193522000
1777193523.806,123.806,0.45,0.46,0.53,0.55,0.01,0.02,78054.47,1777193522000
1777193524.584,124.584,0.45,0.46,0.54,0.55,0.01,0.01,78054.5,1777193523000
1777193525.082,125.082,0.45,0.46,0.54,0.55,0.01,0.01,78054.5,1777193523000
1777193526.112,126.112,0.45,0.46,0.54,0.55,0.01,0.01,78053.88,1777193525000
1777193526.454,126.454,0.45,0.46,0.54,0.55,0.01,0.01,78053.88,1777193525000
1777193527.132,127.132,0.45,0.46,0.54,0.55,0.01,0.01,78053.74,1777193526000
1777193528.021,128.021,0.45,0.46,0.54,0.55,0.01,0.01,78053.76,1777193527000
1777193528.517,128.517,0.44,0.45,0.54,0.56,0.01,0.02,78053.76,1777193527000
1777193528.981,128.981,0.44,0.45,0.55,0.56,0.01,0.01,78053.76,1777193527000
1777193529.366,129.366,0.44,0.45,0.55,0.56,0.01,0.01,78053.76,1777193528000
1777193529.96,129.96,0.44,0.45,0.55,0.56,0.01,0.01,78053.74,1777193529000
1777193530.335,130.335,0.44,0.45,0.55,0.56,0.01,0.01,78053.74,1777193529000
1777193530.806,130.806,0.44,0.45,0.55,0.56,0.01,0.01,78053.74,1777193529000
1777193531.759,131.759,0.44,0.45,0.55,0.56,0.01,0.01,78053.74,1777193530000
1777193532.733,132.733,0.44,0.45,0.55,0.56,0.01,0.01,78053.82,1777193531000
1777193533.26,133.26,0.44,0.45,0.55,0.56,0.01,0.01,78053.82,1777193531000
1777193533.659,133.659,0.42,0.44,0.55,0.56,0.02,0.01,78053.24,1777193532000
1777193534.017,134.017,0.42,0.43,0.57,0.58,0.01,0.01,78053.24,1777193532000
1777193534.405,134.405,0.42,0.43,0.57,0.58,0.01,0.01,78053.2,1777193533000
1777193534.839,134.839,0.4,0.43,0.57,0.58,0.03,0.01,78053.2,1777193533000
1777193535.188,135.188,0.36,0.38,0.62,0.63,0.02,0.01,78053.2,1777193533000
1777193535.546,135.546,0.36,0.37,0.63,0.64,0.01,0.01,78053.2,1777193533000
1777193535.887,135.887,0.36,0.37,0.63,0.64,0.01,0.01,78052.92,1777193534000
1777193536.233,136.233,0.36,0.37,0.63,0.64,0.01,0.01,78052.92,1777193534000
1777193536.569,136.569,0.36,0.37,0.63,0.64,0.01,0.01,78052.47,1777193535000
1777193536.938,136.938,0.36,0.37,0.63,0.64,0.01,0.01,78052.47,1777193535000
1777193537.397,137.397,0.37,0.38,0.62,0.63,0.01,0.01,78046.71,1777193536000
1777193537.995,137.995,0.37,0.38,0.62,0.63,0.01,0.01,78046.71,1777193536000
1777193538.489,138.489,0.37,0.38,0.62,0.63,0.01,0.01,78045.13,1777193537000
1777193538.864,138.864,0.37,0.38,0.62,0.63,0.01,0.01,78045.13,1777193537000
1777193539.268,139.268,0.38,0.39,0.61,0.62,0.01,0.01,78045.08,1777193538000
1777193539.983,139.983,0.38,0.39,0.61,0.62,0.01,0.01,78045.08,1777193538000
1777193540.53,140.53,0.38,0.39,0.61,0.62,0.01,0.01,78045.59,1777193539000
1777193540.905,140.905,0.37,0.39,0.61,0.62,0.02,0.01,78045.59,1777193539000
1777193541.611,141.611,0.36,0.37,0.62,0.63,0.01,0.01,78045.4,1777193540000
1777193542.032,142.032,0.35,0.36,0.63,0.65,0.01,0.02,78045.4,1777193540000
1777193542.379,142.379,0.35,0.36,0.64,0.65,0.01,0.01,78045.4,1777193540000
1777193542.764,142.764,0.35,0.36,0.64,0.65,0.01,0.01,78043.88,1777193541000
1777193543.115,143.115,0.33,0.34,0.66,0.67,0.01,0.01,78045.63,1777193542000
1777193543.464,143.464,0.33,0.34,0.66,0.67,0.01,0.01,78045.63,1777193542000
1777193543.892,143.892,0.33,0.34,0.66,0.67,0.01,0.01,78045.63,1777193542000
1777193544.273,144.273,0.33,0.34,0.66,0.67,0.01,0.01,78045.63,1777193542000
1777193544.626,144.626,0.33,0.34,0.66,0.67,0.01,0.01,78043.53,1777193543000
1777193545.106,145.106,0.33,0.34,0.66,0.67,0.01,0.01,78043.53,1777193543000
1777193545.615,145.615,0.31,0.32,0.68,0.69,0.01,0.01,78044.68,1777193544000
1777193546.185,146.185,0.22,0.31,0.68,0.7,0.09,0.02,78044.68,1777193544000
1777193546.529,146.529,0.23,0.24,0.76,0.77,0.01,0.01,78044.68,1777193544000
1777193546.874,146.874,0.25,0.26,0.74,0.75,0.01,0.01,78044.68,1777193544000
1777193547.257,147.257,0.26,0.27,0.73,0.74,0.01,0.01,78044.45,1777193545000
1777193547.634,147.634,0.26,0.28,0.73,0.74,0.02,0.01,78044.45,1777193545000
1777193548.041,148.041,0.27,0.28,0.72,0.73,0.01,0.01,78044.48,1777193546000
1777193548.58,148.58,0.27,0.28,0.72,0.73,0.01,0.01,78044.37,1777193547000
1777193548.959,148.959,0.27,0.33,0.67,0.73,0.06,0.06,78044.37,1777193547000
1777193549.388,149.388,0.31,0.32,0.68,0.69,0.01,0.01,78044.37,1777193548000
1777193549.782,149.782,0.49,0.5,0.45,0.51,0.01,0.06,78044.37,1777193548000
1777193550.126,150.126,0.54,0.55,0.45,0.46,0.01,0.01,78044.37,1777193548000
1777193550.485,150.485,0.54,0.55,0.45,0.46,0.01,0.01,78044.37,1777193548000
1777193550.856,150.856,0.54,0.55,0.45,0.46,0.01,0.01,78044.68,1777193549000
1777193551.23,151.23,0.54,0.55,0.45,0.46,0.01,0.01,78044.68,1777193549000
1777193551.566,151.566,0.54,0.55,0.45,0.46,0.01,0.01,78049.65,1777193550000
1777193552.002,152.002,0.54,0.55,0.45,0.46,0.01,0.01,78049.65,1777193550000
1777193552.448,152.448,0.54,0.55,0.45,0.46,0.01,0.01,78055.0,1777193551000
1777193552.815,152.815,0.54,0.55,0.45,0.46,0.01,0.01,78055.0,1777193551000
1777193553.246,153.246,0.54,0.55,0.45,0.46,0.01,0.01,78056.45,1777193552000
1777193553.807,153.807,0.54,0.55,0.45,0.46,0.01,0.01,78056.45,1777193552000
1777193554.151,154.151,0.54,0.55,0.45,0.46,0.01,0.01,78056.45,1777193552000
1777193554.514,154.514,0.54,0.55,0.45,0.46,0.01,0.01,78056.4,1777193553000
1777193554.996,154.996,0.54,0.55,0.45,0.46,0.01,0.01,78056.4,1777193553000
1777193555.437,155.437,0.55,0.56,0.43,0.45,0.01,0.02,78056.4,1777193553000
1777193555.915,155.915,0.56,0.57,0.43,0.44,0.01,0.01,78056.39,1777193554000
1777193556.296,156.296,0.56,0.57,0.43,0.44,0.01,0.01,78056.39,1777193554000
1777193556.699,156.699,0.56,0.57,0.43,0.44,0.01,0.01,78056.39,1777193555000
1777193557.114,157.114,0.56,0.57,0.43,0.44,0.01,0.01,78056.39,1777193555000
1777193557.564,157.564,0.56,0.57,0.43,0.44,0.01,0.01,78056.42,1777193556000
1777193557.947,157.947,0.56,0.57,0.43,0.44,0.01,0.01,78056.42,1777193556000
1777193558.391,158.391,0.56,0.57,0.43,0.44,0.01,0.01,78058.13,1777193557000
1777193559.075,159.075,0.56,0.57,0.43,0.44,0.01,0.01,78058.13,1777193557000
1777193559.784,159.784,0.56,0.57,0.43,0.44,0.01,0.01,78058.16,1777193558000
1777193560.251,160.251,0.56,0.57,0.43,0.44,0.01,0.01,78058.16,1777193559000
1777193560.752,160.752,0.56,0.57,0.43,0.44,0.01,0.01,78058.16,1777193559000
1777193561.137,161.137,0.56,0.57,0.43,0.44,0.01,0.01,78058.16,1777193559000
1777193561.514,161.514,0.56,0.57,0.43,0.44,0.01,0.01,78058.16,1777193559000
1777193562.07,162.07,0.56,0.57,0.43,0.44,0.01,0.01,78058.97,1777193560000
1777193562.659,162.659,0.58,0.59,0.41,0.44,0.01,0.03,78058.97,1777193561000
1777193563.081,163.081,0.58,0.59,0.41,0.42,0.01,0.01,78058.97,1777193561000
1777193563.607,163.607,0.58,0.59,0.41,0.42,0.01,0.01,78058.98,1777193562000
1777193564.263,164.263,0.58,0.59,0.41,0.42,0.01,0.01,78058.98,1777193562000
1777193564.756,164.756,0.58,0.59,0.41,0.42,0.01,0.01,78058.98,1777193563000
1777193565.315,165.315,0.58,0.59,0.41,0.42,0.01,0.01,78058.98,1777193564000
1777193565.651,165.651,0.58,0.59,0.41,0.42,0.01,0.01,78058.98,1777193564000
1777193566.193,166.193,0.58,0.59,0.41,0.42,0.01,0.01,78058.97,1777193565000
1777193566.628,166.628,0.58,0.59,0.41,0.42,0.01,0.01,78058.97,1777193565000
1777193566.963,166.963,0.58,0.59,0.41,0.42,0.01,0.01,78058.97,1777193565000
1777193567.972,167.972,0.58,0.59,0.41,0.42,0.01,0.01,78058.94,1777193566000
1777193568.553,168.553,0.58,0.59,0.41,0.42,0.01,0.01,78058.92,1777193567000
1777193569.28,169.28,0.58,0.59,0.41,0.42,0.01,0.01,78058.92,1777193567000
1777193569.969,169.969,0.58,0.59,0.41,0.42,0.01,0.01,78058.92,1777193568000
1777193570.56,170.56,0.58,0.59,0.41,0.42,0.01,0.01,78058.87,1777193569000
1777193571.001,171.001,0.58,0.59,0.41,0.42,0.01,0.01,78058.87,1777193569000
1777193571.402,171.402,0.58,0.59,0.41,0.42,0.01,0.01,78058.92,1777193570000
1777193572.014,172.014,0.58,0.59,0.41,0.42,0.01,0.01,78058.92,1777193571000
1777193573.158,173.158,0.58,0.59,0.41,0.42,0.01,0.01,78058.91,1777193572000
1777193573.566,173.566,0.58,0.59,0.41,0.42,0.01,0.01,78058.91,1777193572000
1777193574.343,174.343,0.58,0.59,0.41,0.42,0.01,0.01,78059.03,1777193573000
1777193574.682,174.682,0.58,0.59,0.41,0.42,0.01,0.01,78059.03,1777193573000
1777193575.315,175.315,0.58,0.59,0.41,0.42,0.01,0.01,78058.99,1777193574000
1777193576.136,176.136,0.58,0.59,0.41,0.42,0.01,0.01,78058.99,1777193575000
1777193577.043,177.043,0.58,0.59,0.41,0.42,0.01,0.01,78058.99,1777193575000
1777193578.064,178.064,0.58,0.59,0.41,0.42,0.01,0.01,78058.97,1777193577000
1777193578.483,178.483,0.58,0.59,0.41,0.42,0.01,0.01,78058.97,1777193577000
1777193579.061,179.061,0.58,0.59,0.41,0.42,0.01,0.01,78058.97,1777193577000
1777193580.015,180.015,0.57,0.59,0.41,0.43,0.02,0.02,78059.02,1777193578000
1777193580.373,180.373,0.58,0.59,0.41,0.43,0.01,0.02,78059.01,1777193579000
1777193581.116,181.116,0.58,0.59,0.41,0.42,0.01,0.01,78059.01,1777193579000
1777193581.454,181.454,0.58,0.59,0.41,0.42,0.01,0.01,78059.01,1777193579000
1777193581.886,181.886,0.58,0.59,0.41,0.42,0.01,0.01,78058.99,1777193580000
1777193582.421,182.421,0.58,0.59,0.41,0.42,0.01,0.01,78058.99,1777193580000
1777193582.892,182.892,0.58,0.59,0.41,0.42,0.01,0.01,78059.01,1777193581000
1777193584.271,184.271,0.58,0.59,0.41,0.42,0.01,0.01,78058.98,1777193583000
1777193584.734,184.734,0.58,0.59,0.41,0.42,0.01,0.01,78058.98,1777193583000
1777193585.097,185.097,0.58,0.59,0.41,0.42,0.01,0.01,78058.98,1777193584000
1777193585.868,185.868,0.58,0.59,0.41,0.42,0.01,0.01,78058.98,1777193584000
1777193586.999,186.999,0.5,0.59,0.41,0.42,0.09,0.01,78058.95,1777193585000
1777193587.345,187.345,0.55,0.57,0.41,0.5,0.02,0.09,78058.95,1777193585000
1777193588.045,188.045,0.55,0.57,0.43,0.45,0.02,0.02,78058.97,1777193587000
1777193588.398,188.398,0.55,0.56,0.44,0.45,0.01,0.01,78058.97,1777193587000
1777193588.923,188.923,0.55,0.56,0.44,0.45,0.01,0.01,78058.97,1777193587000
1777193589.366,189.366,0.55,0.56,0.44,0.45,0.01,0.01,78058.93,1777193588000
1777193589.962,189.962,0.55,0.56,0.44,0.45,0.01,0.01,78058.93,1777193588000
1777193590.556,190.556,0.55,0.56,0.44,0.45,0.01,0.01,78058.98,1777193589000
1777193590.947,190.947,0.55,0.56,0.44,0.45,0.01,0.01,78058.98,1777193589000
1777193591.688,191.688,0.53,0.56,0.44,0.45,0.03,0.01,78058.98,1777193590000
1777193592.103,192.103,0.53,0.54,0.46,0.47,0.01,0.01,78058.98,1777193590000
1777193592.67,192.67,0.53,0.54,0.46,0.47,0.01,0.01,78058.91,1777193591000
1777193593.282,193.282,0.53,0.54,0.46,0.47,0.01,0.01,78058.91,1777193591000
1777193594.074,194.074,0.52,0.54,0.46,0.47,0.02,0.01,78058.7,1777193592000
1777193594.412,194.412,0.5,0.52,0.48,0.5,0.02,0.02,78058.7,1777193593000
1777193594.878,194.878,0.49,0.5,0.5,0.51,0.01,0.01,78058.7,1777193593000
1777193595.222,195.222,0.49,0.5,0.5,0.51,0.01,0.01,78058.7,1777193593000
1777193595.682,195.682,0.49,0.5,0.5,0.51,0.01,0.01,78058.73,1777193594000
1777193596.343,196.343,0.49,0.5,0.5,0.51,0.01,0.01,78058.45,1777193595000
1777193597.132,197.132,0.49,0.5,0.5,0.51,0.01,0.01,78058.45,1777193595000
1777193597.575,197.575,0.49,0.5,0.5,0.51,0.01,0.01,78058.33,1777193596000
1777193597.961,197.961,0.49,0.5,0.5,0.51,0.01,0.01,78058.33,1777193596000
1777193598.308,198.308,0.49,0.5,0.5,0.51,0.01,0.01,78058.36,1777193597000
1777193598.993,198.993,0.49,0.5,0.5,0.51,0.01,0.01,78058.36,1777193597000
1777193599.341,199.341,0.49,0.5,0.5,0.51,0.01,0.01,78058.36,1777193598000
1777193599.908,199.908,0.49,0.5,0.5,0.51,0.01,0.01,78058.22,1777193599000
1777193600.432,200.432,0.49,0.5,0.5,0.51,0.01,0.01,78058.22,1777193599000
1777193600.981,200.981,0.49,0.5,0.5,0.51,0.01,0.01,78058.22,1777193599000
1777193601.583,201.583,0.49,0.5,0.5,0.51,0.01,0.01,78058.2,1777193600000
1777193602.41,202.41,0.49,0.5,0.5,0.51,0.01,0.01,78058.2,1777193601000
1777193603.091,203.091,0.49,0.5,0.5,0.51,0.01,0.01,78058.2,1777193602000
1777193603.665,203.665,0.48,0.49,0.5,0.52,0.01,0.02,78058.2,1777193602000
1777193604.172,204.172,0.48,0.49,0.51,0.52,0.01,0.01,78058.2,1777193603000
1777193604.769,204.769,0.48,0.49,0.51,0.52,0.01,0.01,78058.2,1777193603000
1777193605.276,205.276,0.48,0.49,0.51,0.52,0.01,0.01,78057.89,1777193604000
1777193605.768,205.768,0.48,0.49,0.51,0.52,0.01,0.01,78057.89,1777193604000
1777193606.284,206.284,0.48,0.49,0.51,0.52,0.01,0.01,78057.89,1777193605000
1777193606.653,206.653,0.48,0.49,0.51,0.52,0.01,0.01,78057.89,1777193605000
1777193607.029,207.029,0.48,0.49,0.51,0.52,0.01,0.01,78057.89,1777193605000
1777193607.401,207.401,0.48,0.49,0.51,0.52,0.01,0.01,78057.77,1777193606000
1777193608.244,208.244,0.48,0.49,0.51,0.52,0.01,0.01,78057.83,1777193607000
1777193608.647,208.647,0.48,0.49,0.51,0.52,0.01,0.01,78057.83,1777193607000
1777193609.028,209.028,0.48,0.49,0.51,0.52,0.01,0.01,78057.83,1777193607000
1777193609.375,209.375,0.49,0.5,0.5,0.51,0.01,0.01,78058.01,1777193608000
1777193609.772,209.772,0.49,0.5,0.5,0.51,0.01,0.01,78058.01,1777193608000
1777193610.193,210.193,0.49,0.5,0.5,0.51,0.01,0.01,78057.92,1777193609000
1777193610.884,210.884,0.49,0.5,0.5,0.51,0.01,0.01,78057.92,1777193609000
1777193611.711,211.711,0.48,0.5,0.5,0.51,0.02,0.01,78057.92,1777193609000
1777193612.096,212.096,0.48,0.49,0.51,0.52,0.01,0.01,78057.97,1777193610000
1777193612.471,212.471,0.48,0.49,0.51,0.52,0.01,0.01,78058.04,1777193611000
1777193612.923,212.923,0.48,0.49,0.51,0.52,0.01,0.01,78058.04,1777193611000
1777193614.035,214.035,0.48,0.49,0.51,0.52,0.01,0.01,78058.04,1777193612000
1777193615.162,215.162,0.48,0.49,0.51,0.52,0.01,0.01,78058.2,1777193614000
1777193615.653,215.653,0.48,0.49,0.51,0.52,0.01,0.01,78058.2,1777193614000
1777193616.219,216.219,0.48,0.49,0.51,0.52,0.01,0.01,78058.2,1777193614000
1777193616.883,216.883,0.48,0.49,0.51,0.52,0.01,0.01,78058.13,1777193615000
1777193617.506,217.506,0.48,0.49,0.51,0.52,0.01,0.01,78057.99,1777193616000
1777193617.864,217.864,0.48,0.49,0.51,0.52,0.01,0.01,78057.99,1777193616000
1777193618.198,218.198,0.48,0.49,0.51,0.52,0.01,0.01,78057.99,1777193616000
1777193618.64,218.64,0.48,0.49,0.51,0.52,0.01,0.01,78057.99,1777193617000
1777193619.046,219.046,0.48,0.49,0.51,0.52,0.01,0.01,78057.99,1777193617000
1777193619.538,219.538,0.48,0.49,0.51,0.52,0.01,0.01,78057.99,1777193618000
1777193619.884,219.884,0.48,0.49,0.51,0.52,0.01,0.01,78057.99,1777193618000
1777193620.277,220.277,0.48,0.49,0.51,0.52,0.01,0.01,78056.45,1777193619000
1777193621.109,221.109,0.48,0.49,0.51,0.52,0.01,0.01,78055.82,1777193620000
1777193621.652,221.652,0.48,0.5,0.51,0.52,0.02,0.01,78055.82,1777193620000
1777193622.123,222.123,0.48,0.5,0.5,0.52,0.02,0.02,78055.82,1777193621000
1777193622.812,222.812,0.49,0.5,0.5,0.51,0.01,0.01,78055.82,1777193621000
1777193623.193,223.193,0.49,0.5,0.5,0.51,0.01,0.01,78057.19,1777193622000
1777193623.558,223.558,0.49,0.5,0.5,0.51,0.01,0.01,78057.19,1777193622000
1777193624.027,224.027,0.49,0.5,0.5,0.51,0.01,0.01,78057.19,1777193622000
1777193624.677,224.677,0.49,0.5,0.5,0.51,0.01,0.01,78057.17,1777193623000
1777193625.093,225.093,0.49,0.5,0.5,0.51,0.01,0.01,78057.09,1777193624000
1777193625.619,225.619,0.49,0.5,0.5,0.51,0.01,0.01,78057.09,1777193624000
1777193626.102,226.102,0.49,0.5,0.5,0.51,0.01,0.01,78057.09,1777193625000
1777193626.465,226.465,0.51,0.54,0.47,0.5,0.03,0.03,78057.09,1777193625000
1777193627.1,227.1,0.54,0.55,0.45,0.46,0.01,0.01,78057.52,1777193626000
1777193627.454,227.454,0.54,0.55,0.45,0.46,0.01,0.01,78057.52,1777193626000
1777193627.978,227.978,0.54,0.55,0.45,0.46,0.01,0.01,78057.52,1777193626000
1777193628.322,228.322,0.54,0.55,0.45,0.46,0.01,0.01,78057.59,1777193627000
1777193628.74,228.74,0.54,0.55,0.45,0.46,0.01,0.01,78057.59,1777193627000
1777193629.143,229.143,0.54,0.55,0.45,0.46,0.01,0.01,78057.59,1777193627000
1777193629.53,229.53,0.54,0.55,0.45,0.46,0.01,0.01,78057.59,1777193628000
1777193630.04,230.04,0.54,0.55,0.45,0.46,0.01,0.01,78057.59,1777193628000
1777193630.439,230.439,0.54,0.55,0.45,0.46,0.01,0.01,78058.17,1777193629000
1777193631.072,231.072,0.54,0.55,0.45,0.46,0.01,0.01,78058.17,1777193629000
1777193631.655,231.655,0.54,0.55,0.45,0.46,0.01,0.01,78058.15,1777193630000
1777193632.02,232.02,0.54,0.55,0.45,0.46,0.01,0.01,78058.15,1777193630000
1777193632.39,232.39,0.54,0.55,0.45,0.46,0.01,0.01,78058.15,1777193631000
1777193633.039,233.039,0.54,0.55,0.45,0.46,0.01,0.01,78058.15,1777193631000
1777193633.469,233.469,0.54,0.55,0.45,0.46,0.01,0.01,78058.18,1777193632000
1777193634.255,234.255,0.54,0.55,0.45,0.46,0.01,0.01,78058.18,1777193632000
1777193635.163,235.163,0.54,0.55,0.45,0.46,0.01,0.01,78055.59,1777193634000
1777193636.365,236.365,0.54,0.55,0.45,0.46,0.01,0.01,78055.59,1777193634000
1777193636.794,236.794,0.54,0.55,0.45,0.46,0.01,0.01,78058.28,1777193635000
1777193637.259,237.259,0.54,0.55,0.45,0.46,0.01,0.01,78058.28,1777193636000
1777193638.454,238.454,0.54,0.55,0.45,0.46,0.01,0.01,78058.28,1777193636000
1777193639.28,239.28,0.54,0.55,0.45,0.46,0.01,0.01,78058.27,1777193637000
1777193639.65,239.65,0.54,0.55,0.45,0.46,0.01,0.01,78058.27,1777193638000
1777193640.13,240.13,0.54,0.55,0.45,0.46,0.01,0.01,78058.41,1777193639000
1777193640.565,240.565,0.54,0.55,0.45,0.46,0.01,0.01,78058.41,1777193639000
1777193640.992,240.992,0.55,0.58,0.44,0.45,0.03,0.01,78058.41,1777193639000
1777193641.438,241.438,0.58,0.59,0.41,0.42,0.01,0.01,78058.41,1777193639000
1777193641.918,241.918,0.58,0.59,0.41,0.42,0.01,0.01,78058.38,1777193640000
1777193642.26,242.26,0.59,0.6,0.41,0.42,0.01,0.01,78058.38,1777193640000
1777193642.629,242.629,0.59,0.6,0.4,0.41,0.01,0.01,78058.37,1777193641000
1777193643.016,243.016,0.59,0.6,0.4,0.41,0.01,0.01,78058.42,1777193642000
1777193643.384,243.384,0.59,0.6,0.4,0.41,0.01,0.01,78058.42,1777193642000
1777193643.948,243.948,0.59,0.6,0.4,0.41,0.01,0.01,78058.42,1777193642000
1777193644.293,244.293,0.59,0.6,0.4,0.41,0.01,0.01,78058.54,1777193643000
1777193644.695,244.695,0.59,0.6,0.4,0.41,0.01,0.01,78058.54,1777193643000
1777193645.394,245.394,0.59,0.6,0.4,0.41,0.01,0.01,78055.6,1777193644000
1777193645.778,245.778,0.59,0.6,0.4,0.41,0.01,0.01,78055.6,1777193644000
1777193646.113,246.113,0.59,0.6,0.4,0.41,0.01,0.01,78058.58,1777193645000
1777193646.495,246.495,0.59,0.6,0.4,0.41,0.01,0.01,78058.58,1777193645000
1777193646.854,246.854,0.59,0.6,0.4,0.41,0.01,0.01,78058.58,1777193645000
1777193647.37,247.37,0.59,0.6,0.4,0.41,0.01,0.01,78058.57,1777193646000
1777193647.781,247.781,0.59,0.6,0.4,0.41,0.01,0.01,78058.57,1777193646000
1777193648.154,248.154,0.59,0.6,0.4,0.41,0.01,0.01,78058.62,1777193647000
1777193648.847,248.847,0.59,0.6,0.4,0.41,0.01,0.01,78058.62,1777193647000
1777193649.189,249.189,0.59,0.6,0.4,0.41,0.01,0.01,78058.62,1777193648000
1777193649.992,249.992,0.59,0.6,0.4,0.41,0.01,0.01,78058.62,1777193648000
1777193650.366,250.366,0.59,0.6,0.4,0.41,0.01,0.01,78058.64,1777193649000
1777193650.761,250.761,0.62,0.63,0.37,0.38,0.01,0.01,78058.64,1777193649000
1777193651.168,251.168,0.62,0.63,0.37,0.38,0.01,0.01,78058.64,1777193649000
1777193651.603,251.603,0.64,0.65,0.35,0.36,0.01,0.01,78058.65,1777193650000
1777193651.958,251.958,0.64,0.65,0.35,0.36,0.01,0.01,78058.66,1777193651000
1777193652.38,252.38,0.64,0.65,0.35,0.36,0.01,0.01,78058.66,1777193651000
1777193652.753,252.753,0.64,0.65,0.35,0.36,0.01,0.01,78058.66,1777193651000
1777193653.408,253.408,0.64,0.65,0.35,0.36,0.01,0.01,78058.68,1777193652000
1777193653.766,253.766,0.64,0.65,0.35,0.36,0.01,0.01,78058.68,1777193652000
1777193654.165,254.165,0.64,0.65,0.35,0.36,0.01,0.01,78058.64,1777193653000
1777193654.791,254.791,0.64,0.65,0.35,0.36,0.01,0.01,78058.64,1777193653000
1777193655.253,255.253,0.64,0.65,0.35,0.36,0.01,0.01,78058.54,1777193654000
1777193655.807,255.807,0.64,0.65,0.35,0.36,0.01,0.01,78058.54,1777193654000
1777193656.491,256.491,0.64,0.65,0.35,0.36,0.01,0.01,78058.57,1777193655000
1777193657.074,257.074,0.63,0.64,0.36,0.37,0.01,0.01,78058.57,1777193655000
1777193657.647,257.647,0.63,0.64,0.36,0.37,0.01,0.01,78058.57,1777193656000
1777193658.025,258.025,0.63,0.64,0.36,0.37,0.01,0.01,78058.57,1777193656000
1777193658.602,258.602,0.62,0.63,0.37,0.38,0.01,0.01,78058.56,1777193657000
1777193659.248,259.248,0.61,0.62,0.37,0.38,0.01,0.01,78058.56,1777193657000
1777193659.941,259.941,0.61,0.64,0.38,0.39,0.03,0.01,78058.56,1777193658000
1777193660.371,260.371,0.61,0.64,0.36,0.39,0.03,0.03,78058.57,1777193659000
1777193660.808,260.808,0.62,0.63,0.36,0.38,0.01,0.02,78058.57,1777193659000
1777193661.204,261.204,0.63,0.64,0.36,0.37,0.01,0.01,78058.57,1777193659000
1777193661.622,261.622,0.63,0.64,0.36,0.37,0.01,0.01,78058.57,1777193660000
1777193662.045,262.045,0.61,0.62,0.36,0.39,0.01,0.03,78058.57,1777193660000
1777193662.408,262.408,0.63,0.65,0.35,0.37,0.02,0.02,78058.56,1777193661000
1777193662.766,262.766,0.66,0.67,0.33,0.34,0.01,0.01,78058.56,1777193661000
1777193663.396,263.396,0.66,0.67,0.33,0.34,0.01,0.01,78058.58,1777193662000
1777193663.754,263.754,0.66,0.67,0.33,0.34,0.01,0.01,78058.58,1777193662000
1777193664.106,264.106,0.66,0.67,0.33,0.34,0.01,0.01,78058.66,1777193663000
1777193664.524,264.524,0.66,0.67,0.33,0.34,0.01,0.01,78058.66,1777193663000
1777193665.073,265.073,0.66,0.67,0.33,0.34,0.01,0.01,78058.66,1777193663000
1777193665.633,265.633,0.66,0.67,0.33,0.34,0.01,0.01,78058.88,1777193664000
1777193665.991,265.991,0.66,0.67,0.33,0.34,0.01,0.01,78058.88,1777193664000
1777193666.347,266.347,0.66,0.67,0.33,0.34,0.01,0.01,78058.88,1777193664000
1777193666.698,266.698,0.66,0.67,0.33,0.34,0.01,0.01,78058.87,1777193665000
1777193667.166,267.166,0.66,0.67,0.33,0.34,0.01,0.01,78058.9,1777193666000
1777193667.536,267.536,0.66,0.67,0.33,0.34,0.01,0.01,78058.9,1777193666000
1777193667.948,267.948,0.66,0.67,0.33,0.34,0.01,0.01,78058.9,1777193666000
1777193668.361,268.361,0.65,0.66,0.33,0.35,0.01,0.02,78058.86,1777193667000
1777193668.812,268.812,0.66,0.67,0.33,0.34,0.01,0.01,78058.86,1777193667000
1777193669.295,269.295,0.66,0.67,0.33,0.34,0.01,0.01,78058.86,1777193668000
1777193669.981,269.981,0.65,0.66,0.33,0.35,0.01,0.02,78058.86,1777193668000
1777193670.345,270.345,0.65,0.66,0.34,0.35,0.01,0.01,78058.86,1777193668000
1777193670.738,270.738,0.65,0.67,0.34,0.35,0.02,0.01,78058.81,1777193669000
1777193671.15,271.15,0.65,0.66,0.33,0.35,0.01,0.02,78058.81,1777193670000
1777193671.557,271.557,0.65,0.67,0.34,0.35,0.02,0.01,78058.81,1777193670000
1777193671.986,271.986,0.66,0.67,0.33,0.34,0.01,0.01,78058.81,1777193670000
1777193672.537,272.537,0.66,0.67,0.33,0.34,0.01,0.01,78058.81,1777193671000
1777193672.947,272.947,0.69,0.7,0.3,0.33,0.01,0.03,78058.81,1777193671000
1777193673.314,273.314,0.69,0.7,0.3,0.31,0.01,0.01,78058.81,1777193671000
1777193673.652,273.652,0.68,0.69,0.3,0.31,0.01,0.01,78058.82,1777193672000
1777193674.052,274.052,0.68,0.69,0.31,0.32,0.01,0.01,78058.82,1777193673000
1777193674.548,274.548,0.7,0.71,0.29,0.3,0.01,0.01,78058.82,1777193673000
1777193674.939,274.939,0.7,0.71,0.29,0.3,0.01,0.01,78058.82,1777193673000
1777193675.372,275.372,0.73,0.74,0.26,0.27,0.01,0.01,78058.83,1777193674000
1777193675.752,275.752,0.74,0.75,0.25,0.26,0.01,0.01,78058.83,1777193674000
1777193676.175,276.175,0.74,0.75,0.25,0.26,0.01,0.01,78058.81,1777193675000
1777193676.717,276.717,0.75,0.76,0.24,0.25,0.01,0.01,78058.81,1777193675000
1777193677.102,277.102,0.75,0.76,0.24,0.25,0.01,0.01,78058.81,1777193676000
1777193677.44,277.44,0.75,0.76,0.2,0.25,0.01,0.05,78058.81,1777193676000
1777193677.8,277.8,0.75,0.76,0.24,0.25,0.01,0.01,78058.81,1777193676000
1777193678.472,278.472,0.75,0.76,0.24,0.25,0.01,0.01,78058.81,1777193677000
1777193679.073,279.073,0.75,0.76,0.24,0.25,0.01,0.01,78058.81,1777193678000
1777193679.572,279.572,0.79,0.8,0.2,0.21,0.01,0.01,78058.81,1777193678000
1777193679.937,279.937,0.81,0.9,0.1,0.19,0.09,0.09,78058.81,1777193678000
1777193680.294,280.294,0.94,0.95,0.05,0.06,0.01,0.01,78058.77,1777193679000
1777193680.706,280.706,0.95,0.96,0.04,0.05,0.01,0.01,78058.77,1777193679000
1777193681.074,281.074,0.95,0.96,0.04,0.06,0.01,0.02,78058.76,1777193680000
1777193681.409,281.409,0.94,0.95,0.05,0.06,0.01,0.01,78058.76,1777193680000
1777193681.776,281.776,0.94,0.95,0.05,0.06,0.01,0.01,78058.76,1777193680000
1777193682.109,282.109,0.92,0.95,0.05,0.07,0.03,0.02,78063.49,1777193681000
1777193682.494,282.494,0.92,0.93,0.07,0.08,0.01,0.01,78063.49,1777193681000
1777193682.93,282.93,0.93,0.94,0.06,0.08,0.01,0.02,78063.49,1777193681000
1777193683.294,283.294,0.93,0.94,0.06,0.07,0.01,0.01,78073.02,1777193682000
1777193683.682,283.682,0.94,0.95,0.05,0.06,0.01,0.01,78073.02,1777193682000
1777193684.051,284.051,0.94,0.95,0.05,0.06,0.01,0.01,78073.02,1777193682000
1777193684.451,284.451,0.95,0.96,0.04,0.05,0.01,0.01,78072.66,1777193683000
1777193684.804,284.804,0.95,0.96,0.04,0.05,0.01,0.01,78072.66,1777193683000
1777193685.202,285.202,0.95,0.96,0.04,0.05,0.01,0.01,78072.69,1777193684000
1777193685.626,285.626,0.94,0.96,0.04,0.05,0.02,0.01,78072.69,1777193684000
1777193685.964,285.964,0.95,0.97,0.03,0.07,0.02,0.04,78072.69,1777193684000
1777193686.299,286.299,0.96,0.97,0.03,0.04,0.01,0.01,78072.85,1777193685000
1777193686.683,286.683,0.96,0.97,0.03,0.04,0.01,0.01,78072.85,1777193685000
1777193687.057,287.057,0.96,0.97,0.03,0.04,0.01,0.01,78072.82,1777193686000
1777193687.577,287.577,0.96,0.97,0.03,0.04,0.01,0.01,78072.82,1777193686000
1777193688.154,288.154,0.96,0.97,0.03,0.04,0.01,0.01,78072.82,1777193686000
1777193688.555,288.555,0.96,0.97,0.03,0.04,0.01,0.01,78072.87,1777193687000
1777193688.99,288.99,0.96,0.97,0.03,0.04,0.01,0.01,78072.87,1777193687000
1777193689.382,289.382,0.96,0.97,0.03,0.04,0.01,0.01,78072.87,1777193687000
1777193689.859,289.859,0.96,0.97,0.03,0.04,0.01,0.01,78072.87,1777193687000
1777193690.266,290.266,0.93,0.97,0.03,0.07,0.04,0.04,78072.96,1777193688000
1777193690.632,290.632,0.96,0.98,0.02,0.04,0.02,0.02,78072.84,1777193689000
1777193690.978,290.978,0.97,0.98,0.02,0.04,0.01,0.02,78072.84,1777193689000
1777193691.395,291.395,0.97,0.99,0.01,0.03,0.02,0.02,78072.84,1777193689000
1777193692.02,292.02,0.99,0.99,0.01,0.02,0.0,0.01,78072.84,1777193690000
1777193692.641,292.641,0.99,0.99,0.01,0.01,0.0,0.0,78072.87,1777193691000
1777193693.076,293.076,0.99,0.99,0.01,0.01,0.0,0.0,78072.87,1777193691000
1777193693.436,293.436,0.99,0.99,0.01,0.01,0.0,0.0,78072.85,1777193692000
1777193693.787,293.787,0.99,0.99,0.01,0.01,0.0,0.0,78072.85,1777193692000
1777193694.246,294.246,0.99,0.99,0.01,0.01,0.0,0.0,78072.85,1777193693000
1777193694.962,294.962,0.99,0.99,0.01,0.01,0.0,0.0,78072.85,1777193693000
1777193695.505,295.505,0.99,0.99,0.01,0.01,0.0,0.0,78072.85,1777193693000
1777193696.183,296.183,0.99,0.99,0.01,0.01,0.0,0.0,78072.86,1777193694000
1777193696.684,296.684,0.99,0.99,0.01,0.01,0.0,0.0,78072.87,1777193695000
1777193697.354,297.354,0.99,0.99,0.01,0.01,0.0,0.0,78072.87,1777193695000
1777193697.697,297.697,0.99,0.99,0.01,0.01,0.0,0.0,78072.87,1777193696000
1777193698.096,298.096,0.99,0.99,0.01,0.01,0.0,0.0,78072.87,1777193696000
1777193698.79,298.79,0.99,0.99,0.01,0.01,0.0,0.0,78072.88,1777193697000
1777193699.415,299.415,0.99,0.99,0.01,0.01,0.0,0.0,78072.88,1777193697000
1777193699.793,299.793,0.99,0.99,0.01,0.01,0.0,0.0,78072.88,1777193697000
1777193700.445,300.445,0.99,0.99,0.01,0.01,0.0,0.0,78072.85,1777193698000

# RESULT,winner=Up,slug=btc-updown-5m-1777193400,ticks=576
