timestamp,elapsed_sec,up_bid,up_ask,down_bid,down_ask,up_spread,down_spread,btc_price,btc_oracle_ts
1776113700.504,0.504,0.55,0.57,0.43,0.44,0.02,0.01,73131.76,1776113699000
1776113700.867,0.867,0.55,0.57,0.44,0.45,0.02,0.01,73131.76,1776113699000
1776113701.207,1.207,0.54,0.56,0.44,0.46,0.02,0.02,73131.76,1776113699000
1776113701.609,1.609,0.54,0.55,0.44,0.46,0.01,0.02,73131.76,1776113700000
1776113702.105,2.105,0.54,0.55,0.45,0.46,0.01,0.01,73131.76,1776113700000
1776113702.582,2.582,0.53,0.54,0.45,0.47,0.01,0.02,73131.76,1776113701000
1776113702.924,2.924,0.53,0.54,0.46,0.47,0.01,0.01,73131.76,1776113701000
1776113703.349,3.349,0.53,0.54,0.46,0.47,0.01,0.01,73130.75,1776113702000
1776113703.728,3.728,0.53,0.54,0.46,0.47,0.01,0.01,73130.75,1776113702000
1776113704.153,4.153,0.53,0.54,0.46,0.47,0.01,0.01,73130.75,1776113702000
1776113704.573,4.573,0.52,0.53,0.46,0.48,0.01,0.02,73130.37,1776113703000
1776113704.915,4.915,0.41,0.45,0.55,0.59,0.04,0.04,73130.37,1776113703000
1776113705.282,5.282,0.41,0.42,0.58,0.59,0.01,0.01,73130.28,1776113704000
1776113705.621,5.621,0.39,0.4,0.6,0.62,0.01,0.02,73130.28,1776113704000
1776113706.006,6.006,0.39,0.4,0.6,0.61,0.01,0.01,73130.28,1776113704000
1776113706.479,6.479,0.39,0.4,0.6,0.61,0.01,0.01,73129.96,1776113705000
1776113706.845,6.845,0.39,0.4,0.6,0.61,0.01,0.01,73129.96,1776113705000
1776113707.221,7.221,0.39,0.4,0.6,0.61,0.01,0.01,73119.19,1776113706000
1776113707.554,7.554,0.4,0.42,0.58,0.61,0.02,0.03,73119.19,1776113706000
1776113707.904,7.904,0.41,0.42,0.58,0.59,0.01,0.01,73119.19,1776113706000
1776113708.293,8.293,0.41,0.42,0.58,0.59,0.01,0.01,73114.64,1776113707000
1776113708.732,8.732,0.41,0.42,0.57,0.59,0.01,0.02,73114.64,1776113707000
1776113709.169,9.169,0.41,0.43,0.57,0.59,0.02,0.02,73114.71,1776113708000
1776113709.595,9.595,0.42,0.43,0.57,0.58,0.01,0.01,73114.71,1776113708000
1776113709.994,9.994,0.42,0.43,0.57,0.58,0.01,0.01,73114.71,1776113708000
1776113710.352,10.352,0.42,0.43,0.57,0.58,0.01,0.01,73116.72,1776113709000
1776113710.796,10.796,0.42,0.43,0.57,0.58,0.01,0.01,73116.72,1776113709000
1776113711.169,11.169,0.42,0.43,0.57,0.58,0.01,0.01,73116.72,1776113709000
1776113711.552,11.552,0.42,0.43,0.57,0.58,0.01,0.01,73116.72,1776113709000
1776113711.899,11.899,0.42,0.43,0.57,0.58,0.01,0.01,73115.87,1776113710000
1776113712.314,12.314,0.42,0.43,0.57,0.58,0.01,0.01,73116.58,1776113711000
1776113712.796,12.796,0.42,0.43,0.57,0.58,0.01,0.01,73116.58,1776113711000
1776113713.406,13.406,0.42,0.43,0.57,0.58,0.01,0.01,73116.58,1776113711000
1776113713.748,13.748,0.42,0.43,0.57,0.58,0.01,0.01,73116.59,1776113712000
1776113714.265,14.265,0.45,0.47,0.53,0.55,0.02,0.02,73116.58,1776113713000
1776113714.78,14.78,0.46,0.47,0.53,0.55,0.01,0.02,73116.58,1776113713000
1776113715.161,15.161,0.46,0.47,0.53,0.54,0.01,0.01,73118.77,1776113714000
1776113715.495,15.495,0.46,0.47,0.53,0.54,0.01,0.01,73118.77,1776113714000
1776113715.842,15.842,0.45,0.46,0.54,0.55,0.01,0.01,73118.77,1776113714000
1776113716.238,16.238,0.44,0.45,0.55,0.56,0.01,0.01,73121.58,1776113715000
1776113716.6,16.6,0.44,0.45,0.55,0.56,0.01,0.01,73121.58,1776113715000
1776113717.15,17.15,0.44,0.45,0.55,0.56,0.01,0.01,73121.58,1776113715000
1776113717.535,17.535,0.45,0.46,0.54,0.55,0.01,0.01,73122.94,1776113716000
1776113718.107,18.107,0.45,0.46,0.54,0.55,0.01,0.01,73122.94,1776113716000
1776113718.454,18.454,0.45,0.46,0.54,0.55,0.01,0.01,73119.91,1776113717000
1776113718.849,18.849,0.45,0.46,0.54,0.55,0.01,0.01,73119.41,1776113718000
1776113719.341,19.341,0.46,0.47,0.53,0.54,0.01,0.01,73119.41,1776113718000
1776113719.871,19.871,0.46,0.47,0.53,0.54,0.01,0.01,73119.41,1776113718000
1776113720.213,20.213,0.46,0.48,0.52,0.54,0.02,0.02,73119.29,1776113719000
1776113720.669,20.669,0.46,0.48,0.52,0.55,0.02,0.03,73119.29,1776113719000
1776113721.144,21.144,0.45,0.46,0.54,0.55,0.01,0.01,73119.29,1776113720000
1776113721.546,21.546,0.45,0.46,0.54,0.55,0.01,0.01,73119.29,1776113720000
1776113721.983,21.983,0.45,0.46,0.54,0.55,0.01,0.01,73119.29,1776113720000
1776113722.324,22.324,0.45,0.47,0.53,0.55,0.02,0.02,73119.27,1776113721000
1776113722.713,22.713,0.45,0.46,0.54,0.55,0.01,0.01,73119.27,1776113721000
1776113723.067,23.067,0.46,0.47,0.53,0.55,0.01,0.02,73119.27,1776113721000
1776113723.527,23.527,0.47,0.48,0.52,0.53,0.01,0.01,73119.25,1776113722000
1776113723.917,23.917,0.48,0.49,0.5,0.52,0.01,0.02,73119.25,1776113722000
1776113724.343,24.343,0.48,0.49,0.51,0.52,0.01,0.01,73119.27,1776113723000
1776113724.771,24.771,0.48,0.49,0.51,0.52,0.01,0.01,73119.27,1776113723000
1776113725.182,25.182,0.49,0.52,0.48,0.51,0.03,0.03,73119.27,1776113723000
1776113725.53,25.53,0.5,0.51,0.49,0.5,0.01,0.01,73119.27,1776113723000
1776113725.942,25.942,0.5,0.51,0.49,0.5,0.01,0.01,73119.27,1776113723000
1776113726.341,26.341,0.5,0.51,0.49,0.5,0.01,0.01,73121.9,1776113724000
1776113726.828,26.828,0.5,0.51,0.49,0.5,0.01,0.01,73127.6,1776113725000
1776113727.182,27.182,0.5,0.51,0.49,0.5,0.01,0.01,73128.44,1776113726000
1776113727.689,27.689,0.5,0.51,0.48,0.5,0.01,0.02,73128.44,1776113726000
1776113728.235,28.235,0.51,0.52,0.48,0.5,0.01,0.02,73128.44,1776113726000
1776113728.634,28.634,0.51,0.52,0.47,0.49,0.01,0.02,73130.42,1776113727000
1776113729.058,29.058,0.51,0.52,0.48,0.49,0.01,0.01,73130.42,1776113727000
1776113729.449,29.449,0.51,0.52,0.48,0.49,0.01,0.01,73129.74,1776113728000
1776113729.875,29.875,0.51,0.52,0.48,0.49,0.01,0.01,73129.74,1776113728000
1776113730.257,30.257,0.5,0.51,0.49,0.5,0.01,0.01,73129.74,1776113728000
1776113730.72,30.72,0.5,0.51,0.49,0.5,0.01,0.01,73130.33,1776113729000
1776113731.127,31.127,0.5,0.51,0.49,0.5,0.01,0.01,73130.32,1776113730000
1776113731.501,31.501,0.51,0.52,0.48,0.49,0.01,0.01,73130.32,1776113730000
1776113732.004,32.004,0.51,0.52,0.48,0.49,0.01,0.01,73130.15,1776113731000
1776113732.353,32.353,0.51,0.53,0.48,0.49,0.02,0.01,73130.15,1776113731000
1776113732.694,32.694,0.58,0.6,0.4,0.42,0.02,0.02,73130.15,1776113731000
1776113733.08,33.08,0.6,0.63,0.37,0.4,0.03,0.03,73130.15,1776113731000
1776113733.462,33.462,0.63,0.64,0.36,0.37,0.01,0.01,73130.04,1776113732000
1776113733.814,33.814,0.64,0.66,0.34,0.36,0.02,0.02,73130.04,1776113732000
1776113734.155,34.155,0.66,0.67,0.33,0.34,0.01,0.01,73130.04,1776113732000
1776113734.489,34.489,0.66,0.67,0.33,0.34,0.01,0.01,73155.82,1776113733000
1776113734.825,34.825,0.66,0.67,0.33,0.34,0.01,0.01,73155.82,1776113733000
1776113735.22,35.22,0.66,0.67,0.33,0.34,0.01,0.01,73155.82,1776113733000
1776113735.677,35.677,0.66,0.67,0.33,0.34,0.01,0.01,73156.73,1776113734000
1776113736.017,36.017,0.66,0.67,0.33,0.34,0.01,0.01,73157.57,1776113735000
1776113736.357,36.357,0.66,0.67,0.33,0.34,0.01,0.01,73157.57,1776113735000
1776113736.701,36.701,0.66,0.67,0.33,0.34,0.01,0.01,73157.57,1776113735000
1776113737.24,37.24,0.66,0.67,0.33,0.34,0.01,0.01,73157.23,1776113736000
1776113737.591,37.591,0.66,0.69,0.31,0.34,0.03,0.03,73157.23,1776113736000
1776113738.0,38.0,0.69,0.7,0.3,0.33,0.01,0.03,73157.23,1776113736000
1776113738.346,38.346,0.69,0.7,0.3,0.31,0.01,0.01,73157.22,1776113737000
1776113738.687,38.687,0.69,0.71,0.29,0.31,0.02,0.02,73157.22,1776113737000
1776113739.066,39.066,0.7,0.72,0.28,0.3,0.02,0.02,73162.2,1776113738000
1776113739.547,39.547,0.73,0.74,0.26,0.29,0.01,0.03,73162.2,1776113738000
1776113739.898,39.898,0.73,0.74,0.26,0.27,0.01,0.01,73162.2,1776113738000
1776113740.281,40.281,0.73,0.74,0.26,0.27,0.01,0.01,73162.2,1776113738000
1776113740.622,40.622,0.73,0.74,0.26,0.27,0.01,0.01,73171.71,1776113739000
1776113740.983,40.983,0.73,0.74,0.26,0.27,0.01,0.01,73171.71,1776113739000
1776113741.34,41.34,0.75,0.76,0.24,0.25,0.01,0.01,73179.74,1776113740000
1776113741.706,41.706,0.75,0.76,0.24,0.25,0.01,0.01,73179.74,1776113740000
1776113742.056,42.056,0.75,0.76,0.24,0.25,0.01,0.01,73179.74,1776113740000
1776113742.429,42.429,0.76,0.77,0.23,0.25,0.01,0.02,73181.99,1776113741000
1776113742.763,42.763,0.76,0.78,0.23,0.24,0.02,0.01,73181.99,1776113741000
1776113743.295,43.295,0.78,0.79,0.21,0.23,0.01,0.02,73181.99,1776113741000
1776113743.724,43.724,0.78,0.79,0.21,0.22,0.01,0.01,73181.99,1776113741000
1776113744.106,44.106,0.78,0.79,0.21,0.22,0.01,0.01,73186.7,1776113742000
1776113744.441,44.441,0.78,0.79,0.21,0.22,0.01,0.01,73186.76,1776113743000
1776113744.785,44.785,0.75,0.79,0.23,0.25,0.04,0.02,73186.76,1776113743000
1776113745.136,45.136,0.74,0.77,0.23,0.26,0.03,0.03,73186.76,1776113744000
1776113745.497,45.497,0.76,0.77,0.23,0.25,0.01,0.02,73186.76,1776113744000
1776113745.869,45.869,0.76,0.77,0.23,0.24,0.01,0.01,73186.76,1776113744000
1776113746.213,46.213,0.76,0.77,0.23,0.24,0.01,0.01,73186.53,1776113745000
1776113746.612,46.612,0.75,0.76,0.24,0.26,0.01,0.02,73186.53,1776113745000
1776113747.115,47.115,0.75,0.76,0.24,0.25,0.01,0.01,73186.53,1776113745000
1776113747.454,47.454,0.75,0.76,0.24,0.25,0.01,0.01,73178.44,1776113746000
1776113747.808,47.808,0.74,0.75,0.25,0.26,0.01,0.01,73178.44,1776113746000
1776113748.169,48.169,0.74,0.75,0.25,0.26,0.01,0.01,73178.5,1776113747000
1776113748.583,48.583,0.74,0.75,0.25,0.26,0.01,0.01,73178.5,1776113747000
1776113749.033,49.033,0.74,0.75,0.25,0.26,0.01,0.01,73178.46,1776113748000
1776113749.432,49.432,0.74,0.75,0.25,0.26,0.01,0.01,73178.46,1776113748000
1776113749.822,49.822,0.75,0.76,0.24,0.25,0.01,0.01,73178.46,1776113748000
1776113750.167,50.167,0.75,0.76,0.24,0.25,0.01,0.01,73178.46,1776113748000
1776113750.535,50.535,0.75,0.76,0.24,0.25,0.01,0.01,73178.54,1776113749000
1776113750.915,50.915,0.75,0.76,0.24,0.25,0.01,0.01,73178.54,1776113749000
1776113751.324,51.324,0.74,0.75,0.24,0.26,0.01,0.02,73178.54,1776113749000
1776113752.017,52.017,0.74,0.75,0.25,0.26,0.01,0.01,73178.9,1776113750000
1776113752.423,52.423,0.74,0.75,0.25,0.26,0.01,0.01,73178.94,1776113751000
1776113752.859,52.859,0.74,0.76,0.24,0.26,0.02,0.02,73178.94,1776113751000
1776113753.199,53.199,0.74,0.76,0.24,0.26,0.02,0.02,73178.56,1776113752000
1776113753.637,53.637,0.75,0.76,0.24,0.26,0.01,0.02,73178.56,1776113752000
1776113754.03,54.03,0.75,0.77,0.23,0.25,0.02,0.02,73178.56,1776113752000
1776113754.456,54.456,0.77,0.78,0.22,0.23,0.01,0.01,73178.32,1776113753000
1776113754.967,54.967,0.77,0.78,0.22,0.23,0.01,0.01,73178.32,1776113753000
1776113755.404,55.404,0.77,0.78,0.22,0.23,0.01,0.01,73178.32,1776113753000
1776113755.948,55.948,0.77,0.78,0.22,0.23,0.01,0.01,73181.24,1776113754000
1776113756.306,56.306,0.77,0.78,0.22,0.23,0.01,0.01,73181.9,1776113755000
1776113757.255,57.255,0.77,0.78,0.22,0.23,0.01,0.01,73182.12,1776113756000
1776113757.979,57.979,0.77,0.78,0.22,0.23,0.01,0.01,73182.12,1776113756000
1776113758.926,58.926,0.77,0.79,0.22,0.23,0.02,0.01,73182.57,1776113757000
1776113759.282,59.282,0.77,0.79,0.21,0.23,0.02,0.02,73182.57,1776113757000
1776113759.702,59.702,0.77,0.78,0.21,0.23,0.01,0.02,73184.06,1776113758000
1776113760.06,60.06,0.77,0.8,0.2,0.23,0.03,0.03,73184.06,1776113758000
1776113760.603,60.603,0.77,0.8,0.2,0.23,0.03,0.03,73184.62,1776113759000
1776113760.939,60.939,0.77,0.78,0.22,0.23,0.01,0.01,73184.62,1776113759000
1776113761.992,61.992,0.77,0.78,0.22,0.23,0.01,0.01,73184.95,1776113760000
1776113762.486,62.486,0.77,0.79,0.22,0.23,0.02,0.01,73185.3,1776113761000
1776113762.859,62.859,0.77,0.79,0.21,0.23,0.02,0.02,73185.3,1776113761000
1776113763.207,63.207,0.78,0.79,0.21,0.22,0.01,0.01,73188.96,1776113762000
1776113763.557,63.557,0.77,0.79,0.21,0.22,0.02,0.01,73188.96,1776113762000
1776113763.925,63.925,0.77,0.8,0.2,0.23,0.03,0.03,73188.96,1776113762000
1776113764.362,64.362,0.77,0.8,0.2,0.23,0.03,0.03,73194.27,1776113763000
1776113764.747,64.747,0.78,0.8,0.2,0.22,0.02,0.02,73194.27,1776113763000
1776113765.1,65.1,0.79,0.8,0.2,0.21,0.01,0.01,73194.27,1776113763000
1776113765.455,65.455,0.79,0.8,0.19,0.21,0.01,0.02,73194.27,1776113763000
1776113765.826,65.826,0.79,0.8,0.2,0.21,0.01,0.01,73194.89,1776113764000
1776113766.418,66.418,0.79,0.8,0.2,0.21,0.01,0.01,73196.26,1776113765000
1776113767.076,67.076,0.79,0.8,0.2,0.21,0.01,0.01,73197.72,1776113766000
1776113767.455,67.455,0.79,0.8,0.2,0.21,0.01,0.01,73197.72,1776113766000
1776113767.799,67.799,0.79,0.8,0.2,0.21,0.01,0.01,73197.72,1776113766000
1776113768.141,68.141,0.79,0.8,0.2,0.21,0.01,0.01,73197.72,1776113766000
1776113768.674,68.674,0.79,0.8,0.2,0.21,0.01,0.01,73197.72,1776113766000
1776113769.01,69.01,0.79,0.82,0.18,0.21,0.03,0.03,73200.27,1776113767000
1776113769.368,69.368,0.83,0.84,0.17,0.18,0.01,0.01,73200.27,1776113767000
1776113769.79,69.79,0.84,0.85,0.15,0.16,0.01,0.01,73200.27,1776113767000
1776113770.151,70.151,0.84,0.85,0.14,0.16,0.01,0.02,73200.49,1776113768000
1776113770.524,70.524,0.84,0.87,0.13,0.16,0.03,0.03,73200.49,1776113768000
1776113770.862,70.862,0.85,0.87,0.14,0.15,0.02,0.01,73218.63,1776113769000
1776113771.203,71.203,0.86,0.87,0.13,0.14,0.01,0.01,73218.63,1776113769000
1776113771.551,71.551,0.86,0.87,0.13,0.14,0.01,0.01,73220.39,1776113770000
1776113772.101,72.101,0.86,0.87,0.13,0.14,0.01,0.01,73220.39,1776113770000
1776113772.932,72.932,0.86,0.87,0.13,0.14,0.01,0.01,73221.36,1776113771000
1776113773.447,73.447,0.86,0.87,0.13,0.14,0.01,0.01,73221.36,1776113771000
1776113773.82,73.82,0.86,0.87,0.13,0.14,0.01,0.01,73221.56,1776113772000
1776113774.177,74.177,0.86,0.87,0.13,0.14,0.01,0.01,73221.56,1776113772000
1776113774.581,74.581,0.86,0.88,0.12,0.14,0.02,0.02,73221.57,1776113773000
1776113774.956,74.956,0.86,0.88,0.12,0.14,0.02,0.02,73221.57,1776113773000
1776113775.305,75.305,0.86,0.88,0.12,0.14,0.02,0.02,73221.64,1776113774000
1776113775.645,75.645,0.86,0.87,0.13,0.14,0.01,0.01,73221.64,1776113774000
1776113775.982,75.982,0.86,0.89,0.11,0.14,0.03,0.03,73221.64,1776113774000
1776113776.315,76.315,0.86,0.89,0.11,0.14,0.03,0.03,73221.64,1776113774000
1776113776.651,76.651,0.86,0.89,0.11,0.14,0.03,0.03,73221.64,1776113774000
1776113776.992,76.992,0.87,0.88,0.12,0.13,0.01,0.01,73221.64,1776113774000
1776113777.335,77.335,0.86,0.87,0.13,0.14,0.01,0.01,73221.7,1776113775000
1776113777.679,77.679,0.86,0.87,0.13,0.14,0.01,0.01,73221.23,1776113776000
1776113778.091,78.091,0.86,0.87,0.12,0.14,0.01,0.02,73221.23,1776113776000
1776113778.442,78.442,0.86,0.88,0.12,0.14,0.02,0.02,73220.54,1776113777000
1776113778.885,78.885,0.87,0.88,0.12,0.13,0.01,0.01,73220.54,1776113777000
1776113779.248,79.248,0.87,0.88,0.12,0.13,0.01,0.01,73216.01,1776113778000
1776113780.001,80.001,0.87,0.89,0.12,0.13,0.02,0.01,73216.01,1776113778000
1776113780.342,80.342,0.88,0.89,0.11,0.12,0.01,0.01,73216.01,1776113778000
1776113780.733,80.733,0.88,0.89,0.11,0.12,0.01,0.01,73213.17,1776113779000
1776113781.073,81.073,0.88,0.89,0.11,0.12,0.01,0.01,73213.17,1776113779000
1776113781.463,81.463,0.89,0.9,0.1,0.11,0.01,0.01,73213.57,1776113780000
1776113781.833,81.833,0.89,0.9,0.1,0.11,0.01,0.01,73213.57,1776113780000
1776113782.229,82.229,0.89,0.9,0.1,0.11,0.01,0.01,73213.57,1776113780000
1776113782.743,82.743,0.89,0.9,0.1,0.11,0.01,0.01,73219.96,1776113781000
1776113783.104,83.104,0.89,0.9,0.1,0.11,0.01,0.01,73220.08,1776113782000
1776113783.506,83.506,0.89,0.9,0.1,0.11,0.01,0.01,73220.08,1776113782000
1776113783.957,83.957,0.89,0.9,0.1,0.11,0.01,0.01,73220.08,1776113782000
1776113784.37,84.37,0.89,0.9,0.1,0.11,0.01,0.01,73220.08,1776113782000
1776113784.706,84.706,0.87,0.88,0.12,0.13,0.01,0.01,73220.28,1776113783000
1776113785.139,85.139,0.87,0.88,0.12,0.13,0.01,0.01,73220.28,1776113784000
1776113785.541,85.541,0.87,0.88,0.12,0.13,0.01,0.01,73220.28,1776113784000
1776113786.036,86.036,0.87,0.88,0.12,0.13,0.01,0.01,73220.28,1776113784000
1776113786.511,86.511,0.87,0.88,0.12,0.13,0.01,0.01,73220.28,1776113784000
1776113787.06,87.06,0.87,0.88,0.12,0.13,0.01,0.01,73214.74,1776113785000
1776113787.443,87.443,0.87,0.88,0.12,0.13,0.01,0.01,73212.36,1776113786000
1776113787.852,87.852,0.87,0.88,0.12,0.13,0.01,0.01,73212.36,1776113786000
1776113788.291,88.291,0.87,0.88,0.12,0.13,0.01,0.01,73212.27,1776113787000
1776113788.702,88.702,0.86,0.87,0.13,0.14,0.01,0.01,73212.27,1776113787000
1776113789.253,89.253,0.86,0.87,0.13,0.14,0.01,0.01,73212.32,1776113788000
1776113789.641,89.641,0.86,0.87,0.13,0.14,0.01,0.01,73212.32,1776113788000
1776113790.025,90.025,0.86,0.87,0.13,0.14,0.01,0.01,73212.32,1776113788000
1776113790.427,90.427,0.86,0.87,0.13,0.14,0.01,0.01,73212.34,1776113789000
1776113790.805,90.805,0.86,0.87,0.13,0.14,0.01,0.01,73212.34,1776113789000
1776113791.148,91.148,0.86,0.87,0.13,0.14,0.01,0.01,73212.34,1776113789000
1776113791.544,91.544,0.87,0.88,0.12,0.13,0.01,0.01,73212.33,1776113790000
1776113792.173,92.173,0.87,0.88,0.12,0.13,0.01,0.01,73212.33,1776113790000
1776113792.94,92.94,0.87,0.88,0.12,0.13,0.01,0.01,73212.32,1776113791000
1776113793.294,93.294,0.87,0.88,0.12,0.13,0.01,0.01,73212.32,1776113791000
1776113793.732,93.732,0.87,0.88,0.12,0.13,0.01,0.01,73212.34,1776113792000
1776113794.211,94.211,0.87,0.88,0.12,0.13,0.01,0.01,73212.34,1776113792000
1776113794.547,94.547,0.87,0.88,0.12,0.13,0.01,0.01,73212.34,1776113793000
1776113795.1,95.1,0.87,0.88,0.12,0.13,0.01,0.01,73212.34,1776113793000
1776113795.442,95.442,0.87,0.88,0.12,0.13,0.01,0.01,73212.34,1776113793000
1776113795.781,95.781,0.87,0.88,0.12,0.13,0.01,0.01,73212.34,1776113793000
1776113796.138,96.138,0.87,0.88,0.12,0.13,0.01,0.01,73212.34,1776113793000
1776113796.808,96.808,0.86,0.87,0.12,0.14,0.01,0.02,73212.34,1776113793000
1776113797.274,97.274,0.86,0.87,0.13,0.14,0.01,0.01,73212.34,1776113793000
1776113797.757,97.757,0.86,0.87,0.13,0.14,0.01,0.01,73212.17,1776113796000
1776113798.2,98.2,0.86,0.87,0.13,0.14,0.01,0.01,73211.89,1776113797000
1776113798.569,98.569,0.86,0.87,0.13,0.14,0.01,0.01,73211.89,1776113797000
1776113799.01,99.01,0.86,0.87,0.13,0.14,0.01,0.01,73211.89,1776113797000
1776113799.407,99.407,0.86,0.87,0.13,0.14,0.01,0.01,73211.81,1776113798000
1776113800.159,100.159,0.86,0.87,0.13,0.14,0.01,0.01,73211.81,1776113798000
1776113800.501,100.501,0.87,0.88,0.12,0.13,0.01,0.01,73211.73,1776113799000
1776113801.106,101.106,0.88,0.89,0.11,0.12,0.01,0.01,73211.73,1776113799000
1776113801.573,101.573,0.88,0.89,0.11,0.12,0.01,0.01,73211.72,1776113800000
1776113802.055,102.055,0.88,0.89,0.11,0.12,0.01,0.01,73211.72,1776113800000
1776113802.399,102.399,0.88,0.89,0.11,0.12,0.01,0.01,73211.72,1776113801000
1776113803.014,103.014,0.89,0.9,0.1,0.12,0.01,0.02,73211.72,1776113801000
1776113803.376,103.376,0.89,0.9,0.1,0.11,0.01,0.01,73211.78,1776113802000
1776113803.786,103.786,0.89,0.9,0.1,0.11,0.01,0.01,73211.78,1776113802000
1776113804.477,104.477,0.89,0.9,0.1,0.11,0.01,0.01,73211.78,1776113803000
1776113804.898,104.898,0.89,0.9,0.1,0.11,0.01,0.01,73211.54,1776113804000
1776113805.451,105.451,0.89,0.9,0.1,0.11,0.01,0.01,73211.54,1776113804000
1776113805.876,105.876,0.89,0.9,0.1,0.11,0.01,0.01,73211.85,1776113805000
1776113806.21,106.21,0.86,0.88,0.12,0.14,0.02,0.02,73211.85,1776113805000
1776113806.552,106.552,0.86,0.88,0.12,0.14,0.02,0.02,73211.85,1776113805000
1776113806.983,106.983,0.86,0.87,0.13,0.14,0.01,0.01,73211.53,1776113806000
1776113807.423,107.423,0.86,0.87,0.13,0.14,0.01,0.01,73211.53,1776113806000
1776113808.068,108.068,0.86,0.87,0.13,0.14,0.01,0.01,73211.53,1776113806000
1776113808.666,108.666,0.86,0.87,0.13,0.14,0.01,0.01,73207.57,1776113807000
1776113809.097,109.097,0.86,0.87,0.13,0.14,0.01,0.01,73203.16,1776113808000
1776113809.44,109.44,0.86,0.87,0.13,0.14,0.01,0.01,73203.16,1776113808000
1776113810.055,110.055,0.86,0.87,0.13,0.14,0.01,0.01,73203.16,1776113808000
1776113810.416,110.416,0.86,0.87,0.13,0.14,0.01,0.01,73203.27,1776113809000
1776113811.422,111.422,0.85,0.87,0.13,0.15,0.02,0.02,73198.57,1776113810000
1776113811.893,111.893,0.85,0.86,0.13,0.15,0.01,0.02,73198.57,1776113810000
1776113812.428,112.428,0.85,0.86,0.14,0.15,0.01,0.01,73196.98,1776113811000
1776113812.912,112.912,0.85,0.86,0.14,0.15,0.01,0.01,73196.98,1776113811000
1776113813.428,113.428,0.85,0.86,0.14,0.15,0.01,0.01,73196.94,1776113812000
1776113813.99,113.99,0.85,0.86,0.14,0.15,0.01,0.01,73196.94,1776113812000
1776113814.392,114.392,0.83,0.84,0.16,0.17,0.01,0.01,73196.94,1776113812000
1776113814.74,114.74,0.82,0.83,0.16,0.17,0.01,0.01,73196.94,1776113813000
1776113815.077,115.077,0.82,0.83,0.17,0.18,0.01,0.01,73196.94,1776113814000
1776113815.786,115.786,0.82,0.83,0.17,0.18,0.01,0.01,73196.94,1776113814000
1776113816.172,116.172,0.82,0.83,0.17,0.18,0.01,0.01,73189.07,1776113815000
1776113816.747,116.747,0.82,0.83,0.17,0.18,0.01,0.01,73189.07,1776113815000
1776113817.082,117.082,0.83,0.84,0.16,0.17,0.01,0.01,73189.07,1776113815000
1776113817.521,117.521,0.83,0.84,0.16,0.17,0.01,0.01,73185.61,1776113816000
1776113818.666,118.666,0.83,0.84,0.16,0.17,0.01,0.01,73185.69,1776113817000
1776113819.049,119.049,0.83,0.84,0.16,0.17,0.01,0.01,73185.69,1776113817000
1776113819.407,119.407,0.83,0.84,0.16,0.17,0.01,0.01,73187.25,1776113818000
1776113819.817,119.817,0.83,0.84,0.16,0.17,0.01,0.01,73187.25,1776113818000
1776113820.156,120.156,0.82,0.83,0.17,0.18,0.01,0.01,73187.25,1776113818000
1776113820.508,120.508,0.82,0.83,0.17,0.18,0.01,0.01,73188.31,1776113819000
1776113820.897,120.897,0.82,0.83,0.17,0.18,0.01,0.01,73188.31,1776113819000
1776113821.407,121.407,0.82,0.83,0.17,0.18,0.01,0.01,73188.31,1776113820000
1776113821.86,121.86,0.82,0.83,0.17,0.18,0.01,0.01,73188.31,1776113820000
1776113822.296,122.296,0.82,0.83,0.17,0.18,0.01,0.01,73186.06,1776113821000
1776113822.679,122.679,0.82,0.83,0.17,0.18,0.01,0.01,73186.06,1776113821000
1776113823.017,123.017,0.82,0.83,0.17,0.18,0.01,0.01,73186.06,1776113821000
1776113823.354,123.354,0.82,0.83,0.17,0.18,0.01,0.01,73188.09,1776113822000
1776113823.705,123.705,0.82,0.83,0.17,0.18,0.01,0.01,73188.09,1776113822000
1776113824.126,124.126,0.82,0.83,0.17,0.18,0.01,0.01,73188.09,1776113823000
1776113824.553,124.553,0.83,0.84,0.16,0.18,0.01,0.02,73188.09,1776113823000
1776113824.924,124.924,0.83,0.84,0.16,0.17,0.01,0.01,73188.09,1776113823000
1776113825.422,125.422,0.82,0.83,0.16,0.18,0.01,0.02,73188.05,1776113824000
1776113825.941,125.941,0.83,0.84,0.16,0.17,0.01,0.01,73188.05,1776113824000
1776113826.548,126.548,0.82,0.83,0.16,0.18,0.01,0.02,73188.05,1776113824000
1776113827.25,127.25,0.82,0.83,0.17,0.18,0.01,0.01,73188.03,1776113826000
1776113827.614,127.614,0.82,0.83,0.17,0.18,0.01,0.01,73188.03,1776113826000
1776113828.054,128.054,0.82,0.83,0.17,0.18,0.01,0.01,73188.03,1776113826000
1776113828.641,128.641,0.82,0.83,0.16,0.18,0.01,0.02,73187.96,1776113827000
1776113829.104,129.104,0.81,0.82,0.17,0.19,0.01,0.02,73187.96,1776113827000
1776113830.007,130.007,0.81,0.82,0.18,0.19,0.01,0.01,73186.99,1776113828000
1776113830.578,130.578,0.81,0.83,0.18,0.19,0.02,0.01,73187.29,1776113829000
1776113830.923,130.923,0.82,0.84,0.17,0.18,0.02,0.01,73187.29,1776113829000
1776113831.3,131.3,0.82,0.83,0.17,0.18,0.01,0.01,73187.27,1776113830000
1776113831.905,131.905,0.83,0.84,0.16,0.18,0.01,0.02,73187.27,1776113830000
1776113832.238,132.238,0.83,0.84,0.16,0.17,0.01,0.01,73187.27,1776113831000
1776113832.795,132.795,0.83,0.84,0.16,0.17,0.01,0.01,73187.27,1776113831000
1776113833.247,133.247,0.83,0.84,0.16,0.17,0.01,0.01,73187.01,1776113832000
1776113833.601,133.601,0.83,0.84,0.16,0.17,0.01,0.01,73187.01,1776113832000
1776113834.023,134.023,0.83,0.84,0.16,0.17,0.01,0.01,73187.01,1776113832000
1776113834.543,134.543,0.83,0.85,0.16,0.17,0.02,0.01,73187.34,1776113833000
1776113834.879,134.879,0.86,0.88,0.13,0.14,0.02,0.01,73187.34,1776113833000
1776113835.239,135.239,0.87,0.88,0.12,0.13,0.01,0.01,73187.22,1776113834000
1776113835.581,135.581,0.87,0.88,0.12,0.13,0.01,0.01,73187.22,1776113834000
1776113835.918,135.918,0.87,0.88,0.12,0.13,0.01,0.01,73187.22,1776113834000
1776113836.399,136.399,0.87,0.88,0.12,0.13,0.01,0.01,73194.29,1776113835000
1776113836.733,136.733,0.87,0.88,0.12,0.13,0.01,0.01,73194.29,1776113835000
1776113837.091,137.091,0.87,0.88,0.12,0.13,0.01,0.01,73194.29,1776113835000
1776113837.433,137.433,0.87,0.88,0.12,0.13,0.01,0.01,73197.09,1776113836000
1776113837.876,137.876,0.87,0.88,0.12,0.13,0.01,0.01,73197.09,1776113836000
1776113838.339,138.339,0.87,0.88,0.12,0.13,0.01,0.01,73203.13,1776113837000
1776113838.68,138.68,0.87,0.88,0.12,0.13,0.01,0.01,73203.13,1776113837000
1776113839.248,139.248,0.87,0.88,0.12,0.13,0.01,0.01,73203.13,1776113837000
1776113839.615,139.615,0.88,0.91,0.09,0.12,0.03,0.03,73205.52,1776113838000
1776113839.98,139.98,0.9,0.91,0.09,0.1,0.01,0.01,73205.52,1776113838000
1776113840.388,140.388,0.9,0.91,0.09,0.1,0.01,0.01,73205.52,1776113838000
1776113840.756,140.756,0.9,0.91,0.09,0.1,0.01,0.01,73205.53,1776113839000
1776113841.271,141.271,0.9,0.91,0.09,0.1,0.01,0.01,73212.78,1776113840000
1776113841.656,141.656,0.91,0.92,0.08,0.09,0.01,0.01,73212.78,1776113840000
1776113842.168,142.168,0.91,0.92,0.08,0.09,0.01,0.01,73212.78,1776113840000
1776113842.707,142.707,0.91,0.92,0.08,0.09,0.01,0.01,73214.86,1776113841000
1776113843.098,143.098,0.91,0.92,0.08,0.09,0.01,0.01,73214.86,1776113841000
1776113843.518,143.518,0.91,0.92,0.08,0.09,0.01,0.01,73214.86,1776113841000
1776113843.999,143.999,0.91,0.92,0.08,0.09,0.01,0.01,73214.77,1776113842000
1776113844.356,144.356,0.91,0.92,0.08,0.09,0.01,0.01,73214.77,1776113843000
1776113844.813,144.813,0.91,0.92,0.08,0.09,0.01,0.01,73214.77,1776113843000
1776113845.153,145.153,0.91,0.92,0.08,0.09,0.01,0.01,73214.77,1776113843000
1776113845.549,145.549,0.91,0.92,0.08,0.09,0.01,0.01,73215.26,1776113844000
1776113846.228,146.228,0.91,0.92,0.08,0.1,0.01,0.02,73215.26,1776113844000
1776113846.715,146.715,0.91,0.92,0.08,0.09,0.01,0.01,73215.27,1776113845000
1776113847.187,147.187,0.9,0.92,0.08,0.09,0.02,0.01,73215.28,1776113846000
1776113847.724,147.724,0.89,0.9,0.08,0.11,0.01,0.03,73215.28,1776113846000
1776113848.231,148.231,0.89,0.91,0.09,0.11,0.02,0.02,73215.43,1776113847000
1776113848.667,148.667,0.9,0.91,0.1,0.11,0.01,0.01,73215.43,1776113847000
1776113849.062,149.062,0.9,0.92,0.09,0.1,0.02,0.01,73215.43,1776113847000
1776113849.459,149.459,0.9,0.92,0.08,0.09,0.02,0.01,73215.43,1776113848000
1776113849.807,149.807,0.91,0.92,0.08,0.09,0.01,0.01,73215.43,1776113848000
1776113850.325,150.325,0.91,0.92,0.08,0.09,0.01,0.01,73215.44,1776113849000
1776113850.89,150.89,0.91,0.92,0.08,0.09,0.01,0.01,73215.44,1776113849000
1776113851.252,151.252,0.88,0.9,0.1,0.11,0.02,0.01,73215.45,1776113850000
1776113851.625,151.625,0.89,0.9,0.1,0.11,0.01,0.01,73215.45,1776113850000
1776113851.997,151.997,0.89,0.9,0.1,0.11,0.01,0.01,73215.45,1776113850000
1776113852.36,152.36,0.88,0.89,0.11,0.12,0.01,0.01,73215.44,1776113851000
1776113852.812,152.812,0.88,0.89,0.11,0.12,0.01,0.01,73215.44,1776113851000
1776113853.152,153.152,0.88,0.89,0.11,0.12,0.01,0.01,73215.44,1776113851000
1776113853.486,153.486,0.89,0.9,0.1,0.12,0.01,0.02,73214.3,1776113852000
1776113853.84,153.84,0.89,0.9,0.1,0.11,0.01,0.01,73214.3,1776113852000
1776113854.174,154.174,0.89,0.9,0.1,0.11,0.01,0.01,73214.3,1776113852000
1776113854.574,154.574,0.9,0.91,0.09,0.11,0.01,0.02,73214.3,1776113852000
1776113854.973,154.973,0.91,0.92,0.08,0.09,0.01,0.01,73212.38,1776113854000
1776113855.336,155.336,0.91,0.92,0.08,0.09,0.01,0.01,73212.38,1776113854000
1776113855.877,155.877,0.92,0.93,0.08,0.09,0.01,0.01,73212.38,1776113854000
1776113856.588,156.588,0.92,0.93,0.07,0.08,0.01,0.01,73212.38,1776113854000
1776113857.089,157.089,0.92,0.93,0.07,0.08,0.01,0.01,73215.04,1776113856000
1776113857.737,157.737,0.92,0.93,0.07,0.08,0.01,0.01,73215.04,1776113856000
1776113858.167,158.167,0.92,0.93,0.07,0.08,0.01,0.01,73215.04,1776113856000
1776113858.637,158.637,0.92,0.93,0.07,0.08,0.01,0.01,73215.04,1776113857000
1776113859.195,159.195,0.92,0.93,0.07,0.08,0.01,0.01,73215.04,1776113857000
1776113859.908,159.908,0.91,0.93,0.07,0.08,0.02,0.01,73215.02,1776113858000
1776113860.521,160.521,0.91,0.92,0.08,0.09,0.01,0.01,73215.02,1776113858000
1776113861.194,161.194,0.9,0.91,0.09,0.1,0.01,0.01,73214.91,1776113859000
1776113861.807,161.807,0.9,0.91,0.09,0.1,0.01,0.01,73214.91,1776113860000
1776113862.177,162.177,0.9,0.91,0.09,0.1,0.01,0.01,73214.91,1776113860000
1776113862.575,162.575,0.92,0.93,0.07,0.08,0.01,0.01,73213.93,1776113861000
1776113862.96,162.96,0.92,0.93,0.07,0.08,0.01,0.01,73213.93,1776113861000
1776113863.362,163.362,0.92,0.93,0.07,0.08,0.01,0.01,73212.94,1776113862000
1776113863.953,163.953,0.92,0.93,0.07,0.08,0.01,0.01,73212.94,1776113862000
1776113864.342,164.342,0.92,0.93,0.07,0.08,0.01,0.01,73211.11,1776113863000
1776113864.749,164.749,0.92,0.93,0.07,0.08,0.01,0.01,73211.11,1776113863000
1776113865.137,165.137,0.92,0.93,0.07,0.08,0.01,0.01,73211.11,1776113863000
1776113865.591,165.591,0.92,0.93,0.07,0.08,0.01,0.01,73211.71,1776113864000
1776113865.953,165.953,0.92,0.94,0.07,0.08,0.02,0.01,73211.71,1776113864000
1776113866.298,166.298,0.93,0.94,0.06,0.07,0.01,0.01,73211.73,1776113865000
1776113867.276,167.276,0.93,0.94,0.06,0.07,0.01,0.01,73211.73,1776113865000
1776113868.093,168.093,0.93,0.94,0.06,0.07,0.01,0.01,73218.42,1776113867000
1776113868.556,168.556,0.93,0.94,0.06,0.07,0.01,0.01,73218.42,1776113867000
1776113868.957,168.957,0.93,0.94,0.06,0.07,0.01,0.01,73218.42,1776113867000
1776113869.359,169.359,0.93,0.94,0.06,0.07,0.01,0.01,73219.89,1776113868000
1776113869.716,169.716,0.93,0.95,0.06,0.07,0.02,0.01,73219.89,1776113868000
1776113870.251,170.251,0.94,0.95,0.05,0.06,0.01,0.01,73219.89,1776113869000
1776113871.03,171.03,0.94,0.95,0.05,0.06,0.01,0.01,73219.89,1776113869000
1776113871.441,171.441,0.94,0.95,0.05,0.06,0.01,0.01,73219.88,1776113870000
1776113871.894,171.894,0.94,0.95,0.05,0.06,0.01,0.01,73219.88,1776113870000
1776113872.235,172.235,0.94,0.95,0.05,0.06,0.01,0.01,73219.88,1776113870000
1776113872.595,172.595,0.94,0.95,0.05,0.06,0.01,0.01,73219.99,1776113871000
1776113872.965,172.965,0.94,0.95,0.05,0.06,0.01,0.01,73219.99,1776113871000
1776113873.363,173.363,0.94,0.95,0.05,0.06,0.01,0.01,73220.12,1776113872000
1776113873.774,173.774,0.93,0.94,0.05,0.07,0.01,0.02,73220.12,1776113872000
1776113874.119,174.119,0.93,0.94,0.06,0.07,0.01,0.01,73220.12,1776113872000
1776113874.467,174.467,0.94,0.95,0.06,0.07,0.01,0.01,73219.96,1776113873000
1776113875.41,175.41,0.93,0.95,0.05,0.07,0.02,0.02,73219.96,1776113874000
1776113875.919,175.919,0.93,0.95,0.05,0.07,0.02,0.02,73219.96,1776113875000
1776113876.524,176.524,0.93,0.94,0.05,0.07,0.01,0.02,73219.96,1776113875000
1776113876.985,176.985,0.93,0.94,0.06,0.07,0.01,0.01,73219.96,1776113875000
1776113877.813,177.813,0.93,0.94,0.06,0.07,0.01,0.01,73219.98,1776113876000
1776113878.243,178.243,0.93,0.94,0.06,0.07,0.01,0.01,73219.98,1776113877000
1776113878.625,178.625,0.93,0.94,0.06,0.07,0.01,0.01,73219.98,1776113877000
1776113878.975,178.975,0.93,0.94,0.06,0.07,0.01,0.01,73219.98,1776113877000
1776113879.318,179.318,0.93,0.94,0.06,0.07,0.01,0.01,73219.98,1776113877000
1776113879.795,179.795,0.93,0.94,0.06,0.07,0.01,0.01,73219.98,1776113878000
1776113880.384,180.384,0.94,0.95,0.05,0.06,0.01,0.01,73219.98,1776113879000
1776113880.754,180.754,0.94,0.95,0.05,0.06,0.01,0.01,73219.98,1776113879000
1776113881.155,181.155,0.94,0.95,0.05,0.06,0.01,0.01,73219.97,1776113880000
1776113881.559,181.559,0.94,0.95,0.05,0.06,0.01,0.01,73219.97,1776113880000
1776113882.119,182.119,0.94,0.95,0.05,0.06,0.01,0.01,73219.97,1776113881000
1776113882.963,182.963,0.94,0.95,0.05,0.06,0.01,0.01,73219.97,1776113881000
1776113883.304,183.304,0.94,0.95,0.05,0.06,0.01,0.01,73219.84,1776113882000
1776113883.765,183.765,0.94,0.95,0.05,0.06,0.01,0.01,73219.84,1776113882000
1776113884.455,184.455,0.94,0.95,0.05,0.06,0.01,0.01,73219.8,1776113883000
1776113884.921,184.921,0.94,0.95,0.05,0.06,0.01,0.01,73219.8,1776113883000
1776113885.529,185.529,0.94,0.95,0.05,0.06,0.01,0.01,73219.8,1776113884000
1776113885.995,185.995,0.94,0.95,0.05,0.06,0.01,0.01,73219.8,1776113884000
1776113886.567,186.567,0.94,0.95,0.05,0.06,0.01,0.01,73219.81,1776113885000
1776113887.15,187.15,0.94,0.96,0.04,0.06,0.02,0.02,73219.82,1776113886000
1776113887.519,187.519,0.95,0.96,0.04,0.05,0.01,0.01,73219.82,1776113886000
1776113887.898,187.898,0.95,0.96,0.04,0.05,0.01,0.01,73219.82,1776113886000
1776113888.256,188.256,0.95,0.96,0.04,0.05,0.01,0.01,73219.82,1776113886000
1776113888.852,188.852,0.95,0.96,0.04,0.05,0.01,0.01,73219.81,1776113887000
1776113889.547,189.547,0.95,0.96,0.04,0.05,0.01,0.01,73219.81,1776113887000
1776113889.926,189.926,0.95,0.96,0.04,0.05,0.01,0.01,73219.81,1776113888000
1776113890.454,190.454,0.95,0.96,0.04,0.05,0.01,0.01,73219.81,1776113889000
1776113891.13,191.13,0.95,0.96,0.04,0.05,0.01,0.01,73219.81,1776113889000
1776113891.553,191.553,0.95,0.97,0.04,0.05,0.02,0.01,73219.44,1776113890000
1776113891.953,191.953,0.96,0.97,0.03,0.04,0.01,0.01,73219.44,1776113890000
1776113892.451,192.451,0.96,0.97,0.03,0.04,0.01,0.01,73219.44,1776113890000
1776113892.792,192.792,0.96,0.97,0.03,0.04,0.01,0.01,73219.4,1776113891000
1776113893.334,193.334,0.96,0.97,0.03,0.04,0.01,0.01,73219.4,1776113892000
1776113893.699,193.699,0.96,0.97,0.03,0.04,0.01,0.01,73219.4,1776113892000
1776113894.076,194.076,0.96,0.97,0.03,0.04,0.01,0.01,73219.4,1776113892000
1776113894.469,194.469,0.96,0.97,0.03,0.04,0.01,0.01,73219.4,1776113893000
1776113894.91,194.91,0.96,0.97,0.03,0.04,0.01,0.01,73219.4,1776113893000
1776113895.247,195.247,0.95,0.97,0.03,0.04,0.02,0.01,73219.4,1776113893000
1776113895.599,195.599,0.95,0.96,0.04,0.05,0.01,0.01,73219.3,1776113894000
1776113896.158,196.158,0.95,0.96,0.04,0.05,0.01,0.01,73219.3,1776113895000
1776113896.531,196.531,0.95,0.96,0.04,0.05,0.01,0.01,73219.3,1776113895000
1776113897.026,197.026,0.96,0.97,0.04,0.05,0.01,0.01,73219.3,1776113895000
1776113897.668,197.668,0.96,0.97,0.03,0.04,0.01,0.01,73218.9,1776113896000
1776113898.165,198.165,0.96,0.97,0.03,0.04,0.01,0.01,73218.9,1776113896000
1776113898.623,198.623,0.96,0.97,0.03,0.04,0.01,0.01,73217.54,1776113897000
1776113898.982,198.982,0.96,0.97,0.03,0.04,0.01,0.01,73217.49,1776113898000
1776113899.402,199.402,0.96,0.97,0.03,0.04,0.01,0.01,73217.49,1776113898000
1776113899.927,199.927,0.96,0.97,0.03,0.04,0.01,0.01,73217.49,1776113898000
1776113900.347,200.347,0.96,0.97,0.03,0.04,0.01,0.01,73217.49,1776113899000
1776113900.691,200.691,0.96,0.97,0.03,0.04,0.01,0.01,73217.49,1776113899000
1776113901.106,201.106,0.96,0.97,0.03,0.04,0.01,0.01,73217.49,1776113899000
1776113901.516,201.516,0.96,0.97,0.03,0.04,0.01,0.01,73217.49,1776113900000
1776113901.94,201.94,0.96,0.97,0.03,0.04,0.01,0.01,73217.49,1776113900000
1776113902.344,202.344,0.96,0.97,0.03,0.04,0.01,0.01,73217.49,1776113900000
1776113902.763,202.763,0.96,0.97,0.03,0.04,0.01,0.01,73217.14,1776113901000
1776113903.139,203.139,0.96,0.97,0.03,0.04,0.01,0.01,73217.14,1776113901000
1776113903.547,203.547,0.96,0.97,0.03,0.04,0.01,0.01,73217.14,1776113902000
1776113903.943,203.943,0.96,0.97,0.03,0.04,0.01,0.01,73217.14,1776113902000
1776113904.344,204.344,0.97,0.98,0.02,0.03,0.01,0.01,73217.14,1776113903000
1776113904.694,204.694,0.97,0.98,0.02,0.03,0.01,0.01,73217.14,1776113903000
1776113905.089,205.089,0.97,0.98,0.02,0.03,0.01,0.01,73217.14,1776113903000
1776113905.451,205.451,0.97,0.98,0.02,0.03,0.01,0.01,73217.09,1776113904000
1776113906.027,206.027,0.97,0.98,0.02,0.03,0.01,0.01,73217.09,1776113904000
1776113906.474,206.474,0.97,0.98,0.02,0.03,0.01,0.01,73217.31,1776113905000
1776113906.891,206.891,0.97,0.98,0.02,0.03,0.01,0.01,73217.31,1776113905000
1776113907.277,207.277,0.97,0.98,0.02,0.03,0.01,0.01,73217.47,1776113906000
1776113907.759,207.759,0.97,0.98,0.02,0.03,0.01,0.01,73217.47,1776113906000
1776113908.138,208.138,0.97,0.98,0.02,0.03,0.01,0.01,73217.47,1776113906000
1776113908.555,208.555,0.97,0.98,0.02,0.03,0.01,0.01,73217.47,1776113907000
1776113908.911,208.911,0.97,0.98,0.02,0.03,0.01,0.01,73217.47,1776113907000
1776113909.346,209.346,0.97,0.98,0.02,0.03,0.01,0.01,73217.45,1776113908000
1776113909.771,209.771,0.96,0.97,0.02,0.04,0.01,0.02,73217.45,1776113908000
1776113910.265,210.265,0.96,0.97,0.03,0.04,0.01,0.01,73217.45,1776113909000
1776113910.611,210.611,0.96,0.97,0.03,0.04,0.01,0.01,73217.45,1776113909000
1776113911.113,211.113,0.97,0.98,0.02,0.03,0.01,0.01,73217.45,1776113909000
1776113911.951,211.951,0.97,0.98,0.02,0.03,0.01,0.01,73217.47,1776113910000
1776113912.337,212.337,0.97,0.98,0.02,0.03,0.01,0.01,73217.71,1776113911000
1776113912.75,212.75,0.97,0.98,0.02,0.03,0.01,0.01,73217.71,1776113911000
1776113913.125,213.125,0.97,0.98,0.02,0.03,0.01,0.01,73217.71,1776113911000
1776113914.266,214.266,0.97,0.98,0.02,0.03,0.01,0.01,73217.85,1776113912000
1776113914.606,214.606,0.97,0.98,0.02,0.03,0.01,0.01,73217.85,1776113913000
1776113914.959,214.959,0.97,0.98,0.02,0.03,0.01,0.01,73217.85,1776113913000
1776113915.512,215.512,0.97,0.98,0.02,0.03,0.01,0.01,73217.85,1776113913000
1776113915.851,215.851,0.97,0.98,0.02,0.03,0.01,0.01,73217.21,1776113914000
1776113916.196,216.196,0.97,0.98,0.02,0.03,0.01,0.01,73217.21,1776113915000
1776113916.666,216.666,0.97,0.98,0.02,0.03,0.01,0.01,73217.21,1776113915000
1776113917.163,217.163,0.97,0.98,0.02,0.03,0.01,0.01,73217.21,1776113915000
1776113918.006,218.006,0.97,0.98,0.02,0.03,0.01,0.01,73217.21,1776113916000
1776113918.526,218.526,0.97,0.98,0.02,0.03,0.01,0.01,73217.2,1776113917000
1776113919.034,219.034,0.97,0.98,0.02,0.03,0.01,0.01,73217.2,1776113917000
1776113919.415,219.415,0.97,0.98,0.02,0.03,0.01,0.01,73217.2,1776113918000
1776113919.854,219.854,0.97,0.98,0.02,0.03,0.01,0.01,73217.2,1776113918000
1776113920.236,220.236,0.97,0.98,0.02,0.03,0.01,0.01,73217.2,1776113919000
1776113920.787,220.787,0.97,0.98,0.02,0.03,0.01,0.01,73217.2,1776113919000
1776113921.123,221.123,0.97,0.98,0.02,0.03,0.01,0.01,73217.04,1776113920000
1776113921.555,221.555,0.97,0.98,0.02,0.03,0.01,0.01,73217.04,1776113920000
1776113922.099,222.099,0.97,0.98,0.02,0.03,0.01,0.01,73217.04,1776113920000
1776113922.642,222.642,0.97,0.98,0.02,0.03,0.01,0.01,73217.04,1776113921000
1776113923.121,223.121,0.97,0.98,0.02,0.03,0.01,0.01,73217.04,1776113922000
1776113923.642,223.642,0.97,0.98,0.02,0.03,0.01,0.01,73217.04,1776113922000
1776113924.018,224.018,0.97,0.99,0.02,0.03,0.02,0.01,73217.04,1776113922000
1776113924.376,224.376,0.98,0.99,0.01,0.02,0.01,0.01,73217.04,1776113923000
1776113924.744,224.744,0.97,0.98,0.02,0.03,0.01,0.01,73217.04,1776113923000
1776113925.782,225.782,0.97,0.98,0.02,0.03,0.01,0.01,73217.05,1776113924000
1776113926.121,226.121,0.98,0.99,0.02,0.03,0.01,0.01,73217.05,1776113925000
1776113926.551,226.551,0.98,0.99,0.01,0.02,0.01,0.01,73217.05,1776113925000
1776113926.993,226.993,0.98,0.99,0.01,0.02,0.01,0.01,73217.02,1776113926000
1776113927.444,227.444,0.98,0.99,0.01,0.02,0.01,0.01,73217.02,1776113926000
1776113927.8,227.8,0.98,0.99,0.01,0.02,0.01,0.01,73217.02,1776113926000
1776113928.284,228.284,0.98,0.99,0.01,0.02,0.01,0.01,73217.02,1776113926000
1776113928.756,228.756,0.98,0.99,0.01,0.02,0.01,0.01,73217.02,1776113926000
1776113929.265,229.265,0.96,0.97,0.03,0.04,0.01,0.01,73217.02,1776113926000
1776113929.75,229.75,0.96,0.97,0.03,0.04,0.01,0.01,73217.01,1776113928000
1776113930.282,230.282,0.96,0.97,0.03,0.04,0.01,0.01,73217.02,1776113929000
1776113930.615,230.615,0.96,0.97,0.03,0.04,0.01,0.01,73217.02,1776113929000
1776113930.951,230.951,0.94,0.95,0.05,0.06,0.01,0.01,73217.02,1776113929000
1776113931.342,231.342,0.92,0.93,0.07,0.08,0.01,0.01,73217.02,1776113930000
1776113931.703,231.703,0.93,0.94,0.06,0.07,0.01,0.01,73217.02,1776113930000
1776113932.055,232.055,0.93,0.94,0.06,0.07,0.01,0.01,73217.02,1776113931000
1776113932.475,232.475,0.93,0.94,0.06,0.07,0.01,0.01,73217.02,1776113931000
1776113932.886,232.886,0.93,0.94,0.06,0.07,0.01,0.01,73217.02,1776113931000
1776113933.339,233.339,0.93,0.94,0.06,0.07,0.01,0.01,73204.65,1776113932000
1776113933.753,233.753,0.93,0.94,0.06,0.07,0.01,0.01,73204.65,1776113932000
1776113934.189,234.189,0.93,0.94,0.06,0.07,0.01,0.01,73196.13,1776113933000
1776113934.679,234.679,0.94,0.95,0.05,0.07,0.01,0.02,73196.13,1776113933000
1776113935.101,235.101,0.95,0.96,0.05,0.06,0.01,0.01,73196.13,1776113933000
1776113935.447,235.447,0.95,0.96,0.04,0.05,0.01,0.01,73196.21,1776113934000
1776113935.857,235.857,0.95,0.96,0.04,0.05,0.01,0.01,73196.21,1776113934000
1776113936.34,236.34,0.95,0.96,0.04,0.05,0.01,0.01,73196.21,1776113934000
1776113936.694,236.694,0.95,0.96,0.04,0.05,0.01,0.01,73199.0,1776113935000
1776113937.074,237.074,0.95,0.96,0.04,0.05,0.01,0.01,73199.0,1776113935000
1776113937.483,237.483,0.95,0.96,0.04,0.05,0.01,0.01,73203.49,1776113936000
1776113938.055,238.055,0.95,0.96,0.04,0.05,0.01,0.01,73203.49,1776113936000
1776113938.527,238.527,0.95,0.97,0.04,0.05,0.02,0.01,73203.47,1776113937000
1776113939.012,239.012,0.96,0.97,0.03,0.04,0.01,0.01,73203.47,1776113938000
1776113939.353,239.353,0.96,0.97,0.03,0.04,0.01,0.01,73203.47,1776113938000
1776113940.039,240.039,0.96,0.97,0.03,0.04,0.01,0.01,73203.47,1776113938000
1776113940.425,240.425,0.96,0.97,0.03,0.04,0.01,0.01,73203.47,1776113939000
1776113940.795,240.795,0.96,0.97,0.03,0.04,0.01,0.01,73203.47,1776113939000
1776113941.193,241.193,0.96,0.97,0.03,0.04,0.01,0.01,73203.72,1776113940000
1776113941.541,241.541,0.96,0.97,0.03,0.04,0.01,0.01,73203.72,1776113940000
1776113941.885,241.885,0.96,0.97,0.03,0.04,0.01,0.01,73203.72,1776113940000
1776113942.306,242.306,0.96,0.97,0.03,0.04,0.01,0.01,73205.51,1776113941000
1776113942.669,242.669,0.96,0.97,0.03,0.04,0.01,0.01,73205.51,1776113941000
1776113943.021,243.021,0.96,0.97,0.03,0.04,0.01,0.01,73208.33,1776113942000
1776113943.597,243.597,0.96,0.97,0.03,0.04,0.01,0.01,73208.33,1776113942000
1776113943.961,243.961,0.96,0.97,0.03,0.04,0.01,0.01,73208.33,1776113942000
1776113944.331,244.331,0.96,0.97,0.03,0.04,0.01,0.01,73214.36,1776113943000
1776113944.666,244.666,0.96,0.97,0.03,0.04,0.01,0.01,73214.36,1776113943000
1776113945.008,245.008,0.96,0.97,0.03,0.04,0.01,0.01,73214.31,1776113944000
1776113945.39,245.39,0.96,0.97,0.03,0.04,0.01,0.01,73214.31,1776113944000
1776113945.775,245.775,0.96,0.97,0.03,0.04,0.01,0.01,73214.31,1776113944000
1776113946.161,246.161,0.96,0.97,0.03,0.04,0.01,0.01,73214.36,1776113945000
1776113946.549,246.549,0.96,0.97,0.03,0.04,0.01,0.01,73214.36,1776113945000
1776113946.883,246.883,0.96,0.97,0.03,0.04,0.01,0.01,73214.36,1776113945000
1776113947.24,247.24,0.96,0.97,0.03,0.04,0.01,0.01,73214.35,1776113946000
1776113947.798,247.798,0.96,0.97,0.03,0.04,0.01,0.01,73214.35,1776113946000
1776113948.228,248.228,0.96,0.97,0.03,0.04,0.01,0.01,73214.35,1776113947000
1776113948.936,248.936,0.96,0.97,0.03,0.04,0.01,0.01,73214.35,1776113947000
1776113949.281,249.281,0.96,0.97,0.03,0.04,0.01,0.01,73214.36,1776113948000
1776113949.69,249.69,0.97,0.98,0.02,0.04,0.01,0.02,73214.36,1776113948000
1776113950.116,250.116,0.97,0.98,0.02,0.03,0.01,0.01,73214.3,1776113949000
1776113950.513,250.513,0.97,0.98,0.02,0.03,0.01,0.01,73214.3,1776113949000
1776113950.857,250.857,0.97,0.98,0.02,0.03,0.01,0.01,73214.3,1776113949000
1776113951.269,251.269,0.97,0.98,0.02,0.03,0.01,0.01,73214.3,1776113950000
1776113951.613,251.613,0.97,0.98,0.02,0.03,0.01,0.01,73214.3,1776113950000
1776113951.977,251.977,0.97,0.98,0.02,0.03,0.01,0.01,73214.3,1776113950000
1776113952.695,252.695,0.97,0.98,0.02,0.03,0.01,0.01,73214.32,1776113951000
1776113953.098,253.098,0.97,0.98,0.02,0.03,0.01,0.01,73214.28,1776113952000
1776113953.464,253.464,0.97,0.98,0.02,0.03,0.01,0.01,73214.28,1776113952000
1776113953.862,253.862,0.97,0.98,0.02,0.03,0.01,0.01,73214.28,1776113952000
1776113954.224,254.224,0.98,0.99,0.01,0.02,0.01,0.01,73214.07,1776113953000
1776113954.669,254.669,0.98,0.99,0.01,0.02,0.01,0.01,73214.07,1776113953000
1776113955.011,255.011,0.98,0.99,0.01,0.02,0.01,0.01,73214.07,1776113953000
1776113955.899,255.899,0.98,0.99,0.01,0.02,0.01,0.01,73214.32,1776113954000
1776113956.287,256.287,0.98,0.99,0.01,0.02,0.01,0.01,73214.31,1776113955000
1776113956.735,256.735,0.98,0.99,0.01,0.02,0.01,0.01,73214.31,1776113955000
1776113957.163,257.163,0.98,0.99,0.01,0.02,0.01,0.01,73214.32,1776113956000
1776113957.523,257.523,0.98,0.99,0.01,0.02,0.01,0.01,73214.32,1776113956000
1776113958.071,258.071,0.98,0.99,0.01,0.02,0.01,0.01,73214.32,1776113956000
1776113958.452,258.452,0.98,0.99,0.01,0.02,0.01,0.01,73214.32,1776113956000
1776113959.141,259.141,0.98,0.99,0.01,0.02,0.01,0.01,73214.39,1776113957000
1776113959.603,259.603,0.98,0.99,0.01,0.02,0.01,0.01,73214.46,1776113958000
1776113960.14,260.14,0.98,0.99,0.01,0.02,0.01,0.01,73214.46,1776113958000
1776113960.485,260.485,0.98,0.99,0.01,0.02,0.01,0.01,73214.46,1776113958000
1776113960.989,260.989,0.99,0.99,0.01,0.01,0.0,0.0,73214.47,1776113959000
1776113961.331,261.331,0.99,0.99,0.01,0.01,0.0,0.0,73214.39,1776113960000
1776113961.762,261.762,0.99,0.99,0.01,0.01,0.0,0.0,73214.39,1776113960000
1776113962.158,262.158,0.99,0.99,0.01,0.01,0.0,0.0,73214.39,1776113960000
1776113962.578,262.578,0.99,0.99,0.01,0.01,0.0,0.0,73214.44,1776113961000
1776113963.002,263.002,0.99,0.99,0.01,0.01,0.0,0.0,73214.44,1776113961000
1776113963.699,263.699,0.99,0.99,0.01,0.01,0.0,0.0,73214.44,1776113962000
1776113964.249,264.249,0.99,0.99,0.01,0.01,0.0,0.0,73214.44,1776113962000
1776113964.626,264.626,0.99,0.99,0.01,0.01,0.0,0.0,73214.44,1776113962000
1776113965.236,265.236,0.99,0.99,0.01,0.01,0.0,0.0,73214.55,1776113963000
1776113965.856,265.856,0.99,0.99,0.01,0.01,0.0,0.0,73214.71,1776113964000
1776113966.207,266.207,0.99,0.99,0.01,0.01,0.0,0.0,73214.7,1776113965000
1776113966.545,266.545,0.99,0.99,0.01,0.01,0.0,0.0,73214.7,1776113965000
1776113967.001,267.001,0.99,0.99,0.01,0.01,0.0,0.0,73214.7,1776113965000
1776113967.388,267.388,0.99,0.99,0.01,0.01,0.0,0.0,73214.7,1776113966000
1776113967.933,267.933,0.99,0.99,0.01,0.01,0.0,0.0,73214.7,1776113966000
1776113968.662,268.662,0.99,0.99,0.01,0.01,0.0,0.0,73199.23,1776113967000
1776113969.18,269.18,0.99,0.99,0.01,0.01,0.0,0.0,73193.27,1776113968000
1776113969.692,269.692,0.99,0.99,0.01,0.01,0.0,0.0,73193.27,1776113968000
1776113970.39,270.39,0.99,0.99,0.01,0.01,0.0,0.0,73193.27,1776113968000
1776113970.775,270.775,0.99,0.99,0.01,0.01,0.0,0.0,73193.27,1776113969000
1776113971.177,271.177,0.99,0.99,0.01,0.01,0.0,0.0,73193.38,1776113970000
1776113971.814,271.814,0.99,0.99,0.01,0.01,0.0,0.0,73193.38,1776113970000
1776113972.163,272.163,0.99,0.99,0.01,0.01,0.0,0.0,73193.38,1776113970000
1776113972.572,272.572,0.99,0.99,0.01,0.01,0.0,0.0,73193.38,1776113970000
1776113973.295,273.295,0.99,0.99,0.01,0.01,0.0,0.0,73188.99,1776113971000
1776113973.97,273.97,0.99,0.99,0.01,0.01,0.0,0.0,73188.99,1776113971000
1776113974.656,274.656,0.99,0.99,0.01,0.01,0.0,0.0,73186.84,1776113972000
1776113975.02,275.02,0.99,0.99,0.01,0.01,0.0,0.0,73186.84,1776113972000
1776113975.984,275.984,0.99,0.99,0.01,0.01,0.0,0.0,73184.02,1776113974000
1776113976.747,276.747,0.99,0.99,0.01,0.01,0.0,0.0,73184.75,1776113975000
1776113977.743,277.743,0.99,0.99,0.01,0.01,0.0,0.0,73185.49,1776113976000
1776113978.472,278.472,0.99,0.99,0.01,0.01,0.0,0.0,73185.49,1776113976000
1776113978.866,278.866,0.99,0.99,0.01,0.01,0.0,0.0,73185.84,1776113977000
1776113979.345,279.345,0.99,0.99,0.01,0.01,0.0,0.0,73185.84,1776113977000
1776113979.739,279.739,0.99,0.99,0.01,0.01,0.0,0.0,73185.84,1776113978000
1776113980.434,280.434,0.99,0.99,0.01,0.01,0.0,0.0,73185.83,1776113979000
1776113981.211,281.211,0.99,0.99,0.01,0.01,0.0,0.0,73185.85,1776113980000
1776113982.056,282.056,0.99,0.99,0.01,0.01,0.0,0.0,73185.85,1776113980000
1776113982.716,282.716,0.96,0.99,0.01,0.01,0.03,0.0,73185.85,1776113980000
1776113983.081,283.081,0.96,0.97,0.03,0.04,0.01,0.01,73185.38,1776113981000
1776113983.426,283.426,0.98,0.99,0.01,0.02,0.01,0.01,73185.16,1776113982000
1776113983.98,283.98,0.97,0.98,0.03,0.04,0.01,0.01,73185.16,1776113982000
1776113984.336,284.336,0.98,0.99,0.02,0.03,0.01,0.01,73184.93,1776113983000
1776113984.688,284.688,0.98,0.99,0.01,0.02,0.01,0.01,73184.93,1776113983000
1776113985.442,285.442,0.99,0.99,0.01,0.01,0.0,0.0,73184.93,1776113983000
1776113986.088,286.088,0.99,0.99,0.01,0.01,0.0,0.0,73184.93,1776113985000
1776113987.01,287.01,0.99,0.99,0.01,0.01,0.0,0.0,73184.93,1776113985000
1776113987.355,287.355,0.99,0.99,0.01,0.01,0.0,0.0,73184.93,1776113985000
1776113988.266,288.266,0.99,0.99,0.01,0.01,0.0,0.0,73184.89,1776113987000
1776113988.695,288.695,0.98,0.99,0.01,0.01,0.01,0.0,73184.89,1776113987000
1776113989.161,289.161,0.98,0.99,0.01,0.02,0.01,0.01,73184.89,1776113987000
1776113991.407,291.407,0.99,0.99,0.01,0.02,0.0,0.01,73184.89,1776113987000
1776113991.938,291.938,0.99,0.99,0.01,0.01,0.0,0.0,73184.89,1776113991000
1776113992.852,292.852,0.99,0.99,0.01,0.01,0.0,0.0,73184.9,1776113992000
1776113993.822,293.822,0.99,0.99,0.01,0.01,0.0,0.0,73184.91,1776113993000
1776113995.305,295.305,0.99,0.99,0.01,0.01,0.0,0.0,73184.91,1776113994000
1776113996.282,296.282,0.99,0.99,0.01,0.01,0.0,0.0,73184.91,1776113995000
1776113996.918,296.918,0.99,0.99,0.01,0.01,0.0,0.0,73184.91,1776113995000
1776113998.263,298.263,0.99,0.99,0.01,0.01,0.0,0.0,73184.91,1776113997000
1776113999.143,299.143,0.99,0.99,0.01,0.01,0.0,0.0,73185.44,1776113998000
1776114000.195,300.195,0.99,0.99,0.01,0.01,0.0,0.0,73185.44,1776113999000
1776114001.159,301.159,0.99,0.99,0.01,0.01,0.0,0.0,73185.45,1776114000000

# RESULT,winner=Up,slug=btc-updown-5m-1776113700,ticks=651
