timestamp,elapsed_sec,up_bid,up_ask,down_bid,down_ask,up_spread,down_spread,btc_price,btc_oracle_ts
1776725400.606,0.606,0.54,0.56,0.44,0.45,0.02,0.01,75958.73,1776725399000
1776725401.023,1.023,0.53,0.55,0.45,0.47,0.02,0.02,75957.53,1776725400000
1776725401.461,1.461,0.53,0.55,0.45,0.47,0.02,0.02,75957.53,1776725400000
1776725401.81,1.81,0.53,0.54,0.45,0.47,0.01,0.02,75957.53,1776725400000
1776725402.148,2.148,0.5,0.54,0.46,0.5,0.04,0.04,75957.53,1776725401000
1776725402.511,2.511,0.5,0.54,0.46,0.5,0.04,0.04,75957.53,1776725401000
1776725402.949,2.949,0.52,0.54,0.46,0.51,0.02,0.05,75957.17,1776725402000
1776725403.922,3.922,0.51,0.52,0.48,0.51,0.01,0.03,75957.17,1776725402000
1776725404.469,4.469,0.51,0.52,0.48,0.49,0.01,0.01,75955.06,1776725403000
1776725404.879,4.879,0.51,0.52,0.48,0.49,0.01,0.01,75955.06,1776725403000
1776725405.302,5.302,0.57,0.58,0.42,0.45,0.01,0.03,75954.26,1776725404000
1776725405.664,5.664,0.58,0.6,0.4,0.43,0.02,0.03,75954.26,1776725404000
1776725406.0,6.0,0.59,0.6,0.4,0.41,0.01,0.01,75954.67,1776725405000
1776725406.337,6.337,0.59,0.61,0.39,0.41,0.02,0.02,75954.67,1776725405000
1776725406.695,6.695,0.61,0.62,0.38,0.4,0.01,0.02,75954.67,1776725405000
1776725407.034,7.034,0.61,0.62,0.38,0.39,0.01,0.01,75954.67,1776725405000
1776725407.471,7.471,0.61,0.62,0.38,0.39,0.01,0.01,75960.42,1776725406000
1776725407.908,7.908,0.61,0.62,0.38,0.39,0.01,0.01,75960.42,1776725406000
1776725408.33,8.33,0.61,0.62,0.38,0.39,0.01,0.01,75960.42,1776725406000
1776725408.723,8.723,0.6,0.62,0.38,0.4,0.02,0.02,75960.42,1776725406000
1776725409.191,9.191,0.6,0.61,0.38,0.4,0.01,0.02,75964.84,1776725408000
1776725409.581,9.581,0.6,0.61,0.39,0.41,0.01,0.02,75964.84,1776725408000
1776725410.134,10.134,0.6,0.61,0.39,0.4,0.01,0.01,75964.84,1776725408000
1776725410.509,10.509,0.6,0.61,0.39,0.4,0.01,0.01,75964.84,1776725408000
1776725410.992,10.992,0.57,0.61,0.39,0.4,0.04,0.01,75965.17,1776725409000
1776725411.346,11.346,0.57,0.58,0.39,0.43,0.01,0.04,75965.17,1776725409000
1776725411.829,11.829,0.57,0.58,0.42,0.43,0.01,0.01,75965.17,1776725410000
1776725412.195,12.195,0.56,0.57,0.43,0.44,0.01,0.01,75965.17,1776725410000
1776725412.581,12.581,0.56,0.57,0.43,0.44,0.01,0.01,75965.17,1776725410000
1776725413.134,13.134,0.56,0.57,0.43,0.44,0.01,0.01,75965.94,1776725411000
1776725413.531,13.531,0.55,0.57,0.43,0.45,0.02,0.02,75968.93,1776725412000
1776725414.289,14.289,0.55,0.56,0.44,0.45,0.01,0.01,75965.37,1776725413000
1776725415.72,15.72,0.55,0.56,0.44,0.45,0.01,0.01,75964.84,1776725414000
1776725416.269,16.269,0.55,0.56,0.44,0.45,0.01,0.01,75964.84,1776725414000
1776725416.649,16.649,0.55,0.56,0.44,0.45,0.01,0.01,75963.96,1776725415000
1776725416.997,16.997,0.55,0.56,0.44,0.45,0.01,0.01,75963.96,1776725415000
1776725417.377,17.377,0.54,0.55,0.44,0.46,0.01,0.02,75962.86,1776725416000
1776725417.754,17.754,0.54,0.55,0.45,0.46,0.01,0.01,75962.86,1776725416000
1776725418.171,18.171,0.53,0.54,0.46,0.47,0.01,0.01,75962.86,1776725416000
1776725418.505,18.505,0.53,0.54,0.46,0.47,0.01,0.01,75962.86,1776725416000
1776725418.928,18.928,0.53,0.54,0.46,0.47,0.01,0.01,75962.63,1776725417000
1776725419.274,19.274,0.53,0.54,0.46,0.47,0.01,0.01,75960.94,1776725418000
1776725419.749,19.749,0.53,0.54,0.46,0.47,0.01,0.01,75960.94,1776725418000
1776725420.119,20.119,0.53,0.54,0.46,0.47,0.01,0.01,75960.94,1776725418000
1776725420.703,20.703,0.53,0.54,0.46,0.47,0.01,0.01,75960.94,1776725418000
1776725421.124,21.124,0.53,0.54,0.46,0.47,0.01,0.01,75962.64,1776725419000
1776725421.481,21.481,0.53,0.54,0.46,0.47,0.01,0.01,75962.64,1776725419000
1776725421.83,21.83,0.53,0.54,0.46,0.47,0.01,0.01,75965.36,1776725420000
1776725422.213,22.213,0.53,0.54,0.46,0.47,0.01,0.01,75965.36,1776725420000
1776725422.584,22.584,0.53,0.54,0.46,0.47,0.01,0.01,75962.51,1776725421000
1776725423.174,23.174,0.53,0.54,0.46,0.47,0.01,0.01,75962.51,1776725421000
1776725423.605,23.605,0.53,0.54,0.46,0.47,0.01,0.01,75962.51,1776725421000
1776725423.958,23.958,0.51,0.52,0.48,0.49,0.01,0.01,75962.65,1776725422000
1776725424.421,24.421,0.51,0.52,0.48,0.49,0.01,0.01,75962.65,1776725422000
1776725424.825,24.825,0.5,0.51,0.48,0.5,0.01,0.02,75962.64,1776725423000
1776725425.161,25.161,0.5,0.51,0.49,0.5,0.01,0.01,75962.64,1776725423000
1776725425.51,25.51,0.49,0.51,0.49,0.5,0.02,0.01,75961.26,1776725424000
1776725425.864,25.864,0.48,0.49,0.51,0.52,0.01,0.01,75961.26,1776725424000
1776725426.235,26.235,0.48,0.49,0.51,0.52,0.01,0.01,75959.41,1776725425000
1776725426.645,26.645,0.48,0.49,0.51,0.52,0.01,0.01,75959.41,1776725425000
1776725426.99,26.99,0.48,0.5,0.5,0.52,0.02,0.02,75959.41,1776725425000
1776725427.422,27.422,0.49,0.5,0.5,0.51,0.01,0.01,75956.48,1776725426000
1776725427.856,27.856,0.49,0.5,0.5,0.51,0.01,0.01,75956.48,1776725426000
1776725428.217,28.217,0.49,0.5,0.5,0.51,0.01,0.01,75956.48,1776725426000
1776725428.563,28.563,0.47,0.48,0.5,0.53,0.01,0.03,75955.95,1776725427000
1776725428.983,28.983,0.47,0.48,0.52,0.53,0.01,0.01,75955.95,1776725427000
1776725429.495,29.495,0.47,0.48,0.52,0.53,0.01,0.01,75957.65,1776725428000
1776725430.254,30.254,0.47,0.48,0.52,0.53,0.01,0.01,75957.2,1776725429000
1776725430.654,30.654,0.48,0.49,0.51,0.53,0.01,0.02,75957.2,1776725429000
1776725430.995,30.995,0.48,0.49,0.51,0.52,0.01,0.01,75957.2,1776725429000
1776725431.342,31.342,0.48,0.49,0.51,0.52,0.01,0.01,75957.2,1776725430000
1776725431.876,31.876,0.48,0.49,0.51,0.52,0.01,0.01,75957.2,1776725430000
1776725432.26,32.26,0.48,0.49,0.51,0.52,0.01,0.01,75957.6,1776725431000
1776725432.638,32.638,0.48,0.49,0.51,0.52,0.01,0.01,75957.6,1776725431000
1776725432.974,32.974,0.48,0.49,0.51,0.52,0.01,0.01,75957.6,1776725431000
1776725433.384,33.384,0.48,0.49,0.51,0.52,0.01,0.01,75957.82,1776725432000
1776725433.868,33.868,0.47,0.48,0.52,0.53,0.01,0.01,75957.82,1776725432000
1776725434.216,34.216,0.47,0.48,0.52,0.53,0.01,0.01,75957.61,1776725433000
1776725434.614,34.614,0.51,0.52,0.48,0.5,0.01,0.02,75957.61,1776725433000
1776725434.966,34.966,0.51,0.52,0.48,0.49,0.01,0.01,75957.61,1776725434000
1776725435.393,35.393,0.51,0.52,0.48,0.49,0.01,0.01,75957.61,1776725434000
1776725435.933,35.933,0.5,0.51,0.48,0.5,0.01,0.02,75957.61,1776725434000
1776725436.916,36.916,0.5,0.51,0.49,0.5,0.01,0.01,75957.6,1776725436000
1776725437.793,37.793,0.5,0.51,0.49,0.5,0.01,0.01,75957.75,1776725437000
1776725439.08,39.08,0.5,0.51,0.49,0.5,0.01,0.01,75957.75,1776725437000
1776725439.449,39.449,0.61,0.62,0.38,0.39,0.01,0.01,75957.75,1776725437000
1776725439.808,39.808,0.61,0.62,0.38,0.39,0.01,0.01,75971.38,1776725438000
1776725440.175,40.175,0.61,0.62,0.38,0.39,0.01,0.01,75971.38,1776725438000
1776725440.581,40.581,0.61,0.62,0.38,0.39,0.01,0.01,75971.39,1776725439000
1776725441.069,41.069,0.61,0.62,0.38,0.39,0.01,0.01,75971.39,1776725439000
1776725441.463,41.463,0.61,0.62,0.38,0.39,0.01,0.01,75971.42,1776725440000
1776725441.803,41.803,0.61,0.62,0.38,0.39,0.01,0.01,75971.42,1776725440000
1776725442.175,42.175,0.61,0.62,0.38,0.39,0.01,0.01,75971.42,1776725440000
1776725442.65,42.65,0.61,0.62,0.38,0.39,0.01,0.01,75970.59,1776725441000
1776725443.045,43.045,0.61,0.62,0.38,0.39,0.01,0.01,75970.58,1776725442000
1776725443.517,43.517,0.61,0.62,0.38,0.39,0.01,0.01,75970.58,1776725442000
1776725444.14,44.14,0.61,0.62,0.38,0.39,0.01,0.01,75970.58,1776725443000
1776725444.601,44.601,0.61,0.62,0.38,0.39,0.01,0.01,75970.58,1776725443000
1776725445.262,45.262,0.61,0.62,0.38,0.39,0.01,0.01,75970.58,1776725444000
1776725446.063,46.063,0.61,0.62,0.38,0.39,0.01,0.01,75970.58,1776725444000
1776725446.53,46.53,0.63,0.64,0.36,0.37,0.01,0.01,75970.59,1776725445000
1776725446.911,46.911,0.64,0.67,0.33,0.36,0.03,0.03,75970.59,1776725445000
1776725447.271,47.271,0.64,0.65,0.35,0.36,0.01,0.01,75970.59,1776725445000
1776725447.884,47.884,0.64,0.65,0.31,0.39,0.01,0.08,75975.36,1776725446000
1776725448.284,48.284,0.66,0.69,0.31,0.34,0.03,0.03,75980.24,1776725447000
1776725448.643,48.643,0.67,0.71,0.29,0.33,0.04,0.04,75980.24,1776725447000
1776725449.047,49.047,0.69,0.71,0.29,0.31,0.02,0.02,75980.24,1776725447000
1776725449.44,49.44,0.69,0.7,0.3,0.31,0.01,0.01,75983.5,1776725448000
1776725449.866,49.866,0.7,0.71,0.29,0.3,0.01,0.01,75983.5,1776725448000
1776725450.237,50.237,0.7,0.71,0.29,0.3,0.01,0.01,75983.5,1776725448000
1776725450.602,50.602,0.71,0.72,0.28,0.29,0.01,0.01,75984.46,1776725449000
1776725450.959,50.959,0.71,0.72,0.28,0.29,0.01,0.01,75984.46,1776725449000
1776725451.402,51.402,0.72,0.73,0.27,0.28,0.01,0.01,75984.46,1776725449000
1776725451.769,51.769,0.72,0.73,0.27,0.28,0.01,0.01,75984.46,1776725450000
1776725452.125,52.125,0.72,0.73,0.27,0.28,0.01,0.01,75984.52,1776725451000
1776725452.826,52.826,0.72,0.73,0.27,0.28,0.01,0.01,75984.52,1776725451000
1776725453.195,53.195,0.71,0.73,0.27,0.29,0.02,0.02,75984.52,1776725451000
1776725453.6,53.6,0.71,0.72,0.28,0.29,0.01,0.01,75984.52,1776725451000
1776725453.959,53.959,0.71,0.72,0.28,0.29,0.01,0.01,75984.82,1776725452000
1776725454.393,54.393,0.71,0.72,0.28,0.29,0.01,0.01,75984.82,1776725452000
1776725454.849,54.849,0.71,0.72,0.28,0.29,0.01,0.01,75984.82,1776725452000
1776725455.233,55.233,0.71,0.72,0.28,0.29,0.01,0.01,75984.96,1776725453000
1776725455.616,55.616,0.71,0.72,0.28,0.29,0.01,0.01,75985.01,1776725454000
1776725456.064,56.064,0.7,0.71,0.28,0.3,0.01,0.02,75985.01,1776725454000
1776725456.441,56.441,0.7,0.71,0.29,0.3,0.01,0.01,75985.19,1776725455000
1776725456.9,56.9,0.7,0.71,0.29,0.3,0.01,0.01,75985.19,1776725455000
1776725457.315,57.315,0.7,0.71,0.29,0.3,0.01,0.01,75985.19,1776725455000
1776725457.735,57.735,0.69,0.71,0.29,0.3,0.02,0.01,75985.19,1776725455000
1776725458.098,58.098,0.7,0.71,0.29,0.3,0.01,0.01,75984.69,1776725456000
1776725458.466,58.466,0.7,0.71,0.29,0.3,0.01,0.01,75984.69,1776725456000
1776725458.813,58.813,0.7,0.71,0.29,0.3,0.01,0.01,75984.29,1776725457000
1776725459.177,59.177,0.7,0.71,0.29,0.3,0.01,0.01,75984.29,1776725457000
1776725459.66,59.66,0.7,0.71,0.29,0.3,0.01,0.01,75984.38,1776725458000
1776725460.301,60.301,0.69,0.7,0.3,0.31,0.01,0.01,75984.38,1776725458000
1776725460.658,60.658,0.69,0.7,0.3,0.31,0.01,0.01,75984.49,1776725459000
1776725460.997,60.997,0.69,0.7,0.3,0.31,0.01,0.01,75984.49,1776725459000
1776725461.443,61.443,0.69,0.7,0.3,0.31,0.01,0.01,75984.36,1776725460000
1776725461.99,61.99,0.69,0.7,0.3,0.31,0.01,0.01,75984.36,1776725460000
1776725462.336,62.336,0.66,0.68,0.32,0.34,0.02,0.02,75984.36,1776725460000
1776725462.706,62.706,0.66,0.67,0.33,0.34,0.01,0.01,75984.36,1776725460000
1776725463.071,63.071,0.66,0.67,0.33,0.34,0.01,0.01,75984.24,1776725461000
1776725463.416,63.416,0.66,0.69,0.32,0.34,0.03,0.02,75983.6,1776725462000
1776725463.855,63.855,0.7,0.71,0.3,0.32,0.01,0.02,75983.6,1776725462000
1776725464.369,64.369,0.71,0.72,0.28,0.3,0.01,0.02,75983.6,1776725462000
1776725464.714,64.714,0.71,0.72,0.28,0.29,0.01,0.01,75982.37,1776725463000
1776725465.105,65.105,0.71,0.72,0.28,0.29,0.01,0.01,75982.37,1776725463000
1776725465.716,65.716,0.71,0.72,0.28,0.29,0.01,0.01,75982.37,1776725464000
1776725466.187,66.187,0.71,0.72,0.28,0.29,0.01,0.01,75982.37,1776725464000
1776725466.625,66.625,0.71,0.72,0.28,0.29,0.01,0.01,75984.79,1776725465000
1776725467.22,67.22,0.69,0.7,0.29,0.31,0.01,0.02,75984.79,1776725465000
1776725467.779,67.779,0.69,0.7,0.3,0.31,0.01,0.01,75984.07,1776725466000
1776725468.268,68.268,0.69,0.7,0.3,0.31,0.01,0.01,75984.07,1776725466000
1776725468.676,68.676,0.69,0.7,0.3,0.31,0.01,0.01,75982.53,1776725467000
1776725469.027,69.027,0.69,0.7,0.3,0.31,0.01,0.01,75982.53,1776725467000
1776725469.446,69.446,0.69,0.7,0.3,0.31,0.01,0.01,75982.39,1776725468000
1776725470.216,70.216,0.68,0.69,0.3,0.32,0.01,0.02,75982.39,1776725468000
1776725470.687,70.687,0.64,0.65,0.35,0.37,0.01,0.02,75982.31,1776725469000
1776725471.286,71.286,0.64,0.65,0.35,0.36,0.01,0.01,75982.31,1776725469000
1776725472.105,72.105,0.64,0.65,0.35,0.36,0.01,0.01,75980.7,1776725471000
1776725472.495,72.495,0.64,0.65,0.35,0.36,0.01,0.01,75980.7,1776725471000
1776725472.901,72.901,0.61,0.62,0.38,0.39,0.01,0.01,75980.7,1776725471000
1776725473.241,73.241,0.61,0.62,0.38,0.39,0.01,0.01,75979.2,1776725472000
1776725473.807,73.807,0.61,0.62,0.38,0.39,0.01,0.01,75979.2,1776725472000
1776725474.236,74.236,0.61,0.62,0.38,0.39,0.01,0.01,75977.88,1776725473000
1776725474.587,74.587,0.61,0.62,0.38,0.39,0.01,0.01,75977.88,1776725473000
1776725474.968,74.968,0.61,0.62,0.38,0.39,0.01,0.01,75977.88,1776725473000
1776725475.363,75.363,0.61,0.62,0.38,0.39,0.01,0.01,75975.79,1776725474000
1776725475.749,75.749,0.61,0.62,0.38,0.39,0.01,0.01,75975.79,1776725474000
1776725476.085,76.085,0.61,0.62,0.38,0.39,0.01,0.01,75975.79,1776725475000
1776725476.638,76.638,0.61,0.62,0.38,0.39,0.01,0.01,75975.79,1776725475000
1776725477.026,77.026,0.61,0.62,0.38,0.39,0.01,0.01,75975.79,1776725475000
1776725477.495,77.495,0.61,0.62,0.38,0.39,0.01,0.01,75975.6,1776725476000
1776725477.833,77.833,0.61,0.62,0.38,0.39,0.01,0.01,75975.6,1776725476000
1776725478.251,78.251,0.61,0.62,0.38,0.39,0.01,0.01,75972.78,1776725477000
1776725478.598,78.598,0.61,0.62,0.38,0.39,0.01,0.01,75972.78,1776725477000
1776725479.038,79.038,0.61,0.62,0.38,0.39,0.01,0.01,75972.78,1776725477000
1776725479.453,79.453,0.61,0.62,0.38,0.39,0.01,0.01,75974.44,1776725478000
1776725480.087,80.087,0.61,0.62,0.38,0.39,0.01,0.01,75974.44,1776725478000
1776725480.682,80.682,0.61,0.62,0.38,0.39,0.01,0.01,75977.04,1776725479000
1776725481.335,81.335,0.61,0.62,0.38,0.39,0.01,0.01,75977.04,1776725480000
1776725481.794,81.794,0.61,0.62,0.38,0.39,0.01,0.01,75977.04,1776725480000
1776725482.134,82.134,0.61,0.63,0.38,0.39,0.02,0.01,75977.04,1776725480000
1776725482.54,82.54,0.62,0.63,0.37,0.38,0.01,0.01,75977.04,1776725480000
1776725483.025,83.025,0.62,0.63,0.37,0.38,0.01,0.01,75976.81,1776725482000
1776725484.121,84.121,0.62,0.63,0.37,0.38,0.01,0.01,75976.81,1776725483000
1776725484.468,84.468,0.62,0.63,0.37,0.38,0.01,0.01,75976.81,1776725483000
1776725485.594,85.594,0.61,0.63,0.37,0.38,0.02,0.01,75976.81,1776725483000
1776725485.959,85.959,0.6,0.61,0.39,0.4,0.01,0.01,75976.81,1776725484000
1776725486.346,86.346,0.6,0.61,0.39,0.4,0.01,0.01,75976.81,1776725484000
1776725486.902,86.902,0.6,0.61,0.39,0.4,0.01,0.01,75976.84,1776725485000
1776725487.563,87.563,0.59,0.6,0.39,0.4,0.01,0.01,75976.68,1776725486000
1776725487.914,87.914,0.59,0.6,0.4,0.41,0.01,0.01,75976.68,1776725486000
1776725488.273,88.273,0.56,0.58,0.42,0.44,0.02,0.02,75975.32,1776725487000
1776725488.761,88.761,0.56,0.57,0.43,0.44,0.01,0.01,75975.32,1776725487000
1776725489.111,89.111,0.55,0.57,0.43,0.45,0.02,0.02,75974.75,1776725488000
1776725489.444,89.444,0.56,0.57,0.43,0.44,0.01,0.01,75974.75,1776725488000
1776725489.854,89.854,0.56,0.57,0.43,0.44,0.01,0.01,75974.75,1776725488000
1776725490.224,90.224,0.56,0.57,0.43,0.44,0.01,0.01,75971.85,1776725489000
1776725490.564,90.564,0.56,0.57,0.43,0.44,0.01,0.01,75971.85,1776725489000
1776725491.238,91.238,0.56,0.57,0.43,0.44,0.01,0.01,75971.75,1776725490000
1776725491.74,91.74,0.56,0.57,0.43,0.44,0.01,0.01,75971.75,1776725490000
1776725492.379,92.379,0.56,0.57,0.43,0.44,0.01,0.01,75971.67,1776725491000
1776725493.028,93.028,0.56,0.57,0.43,0.44,0.01,0.01,75971.67,1776725492000
1776725493.901,93.901,0.56,0.57,0.43,0.44,0.01,0.01,75971.67,1776725492000
1776725494.338,94.338,0.56,0.57,0.43,0.44,0.01,0.01,75971.51,1776725493000
1776725494.86,94.86,0.57,0.58,0.42,0.44,0.01,0.02,75971.51,1776725493000
1776725495.264,95.264,0.57,0.58,0.42,0.43,0.01,0.01,75971.51,1776725493000
1776725495.731,95.731,0.57,0.58,0.42,0.43,0.01,0.01,75971.51,1776725494000
1776725496.237,96.237,0.57,0.58,0.42,0.43,0.01,0.01,75972.16,1776725495000
1776725496.6,96.6,0.57,0.58,0.42,0.43,0.01,0.01,75972.16,1776725495000
1776725496.997,96.997,0.57,0.58,0.42,0.43,0.01,0.01,75972.16,1776725495000
1776725497.375,97.375,0.57,0.58,0.42,0.43,0.01,0.01,75972.16,1776725496000
1776725497.714,97.714,0.57,0.58,0.42,0.43,0.01,0.01,75972.16,1776725496000
1776725498.061,98.061,0.57,0.58,0.42,0.43,0.01,0.01,75972.16,1776725496000
1776725498.467,98.467,0.56,0.57,0.43,0.44,0.01,0.01,75969.47,1776725497000
1776725499.195,99.195,0.56,0.57,0.43,0.44,0.01,0.01,75969.47,1776725497000
1776725499.644,99.644,0.57,0.58,0.42,0.43,0.01,0.01,75969.47,1776725497000
1776725500.0,100.0,0.57,0.58,0.42,0.43,0.01,0.01,75971.99,1776725498000
1776725500.358,100.358,0.57,0.58,0.42,0.43,0.01,0.01,75972.04,1776725499000
1776725500.991,100.991,0.57,0.58,0.42,0.43,0.01,0.01,75972.04,1776725499000
1776725501.698,101.698,0.56,0.58,0.42,0.43,0.02,0.01,75972.02,1776725500000
1776725502.133,102.133,0.56,0.57,0.43,0.44,0.01,0.01,75972.02,1776725500000
1776725503.011,103.011,0.56,0.57,0.43,0.44,0.01,0.01,75972.17,1776725501000
1776725503.407,103.407,0.56,0.57,0.43,0.44,0.01,0.01,75972.07,1776725502000
1776725503.761,103.761,0.56,0.57,0.43,0.44,0.01,0.01,75972.07,1776725502000
1776725504.313,104.313,0.56,0.57,0.43,0.44,0.01,0.01,75970.82,1776725503000
1776725504.834,104.834,0.57,0.58,0.42,0.43,0.01,0.01,75970.82,1776725503000
1776725505.726,105.726,0.57,0.58,0.42,0.43,0.01,0.01,75970.82,1776725504000
1776725506.346,106.346,0.57,0.58,0.42,0.43,0.01,0.01,75970.71,1776725505000
1776725506.917,106.917,0.57,0.58,0.42,0.43,0.01,0.01,75970.71,1776725505000
1776725507.707,107.707,0.58,0.59,0.41,0.43,0.01,0.02,75971.54,1776725506000
1776725508.163,108.163,0.58,0.59,0.41,0.42,0.01,0.01,75971.44,1776725507000
1776725508.609,108.609,0.58,0.59,0.41,0.42,0.01,0.01,75971.44,1776725507000
1776725509.267,109.267,0.58,0.59,0.41,0.42,0.01,0.01,75971.54,1776725508000
1776725509.764,109.764,0.58,0.59,0.41,0.42,0.01,0.01,75971.54,1776725508000
1776725510.253,110.253,0.58,0.59,0.41,0.42,0.01,0.01,75971.43,1776725509000
1776725510.588,110.588,0.58,0.59,0.41,0.42,0.01,0.01,75971.43,1776725509000
1776725511.35,111.35,0.58,0.59,0.41,0.42,0.01,0.01,75970.87,1776725510000
1776725511.742,111.742,0.58,0.59,0.41,0.42,0.01,0.01,75970.87,1776725510000
1776725512.107,112.107,0.58,0.59,0.41,0.42,0.01,0.01,75970.87,1776725510000
1776725513.119,113.119,0.57,0.58,0.41,0.43,0.01,0.02,75971.34,1776725511000
1776725513.499,113.499,0.57,0.58,0.42,0.43,0.01,0.01,75971.34,1776725512000
1776725513.854,113.854,0.58,0.59,0.41,0.43,0.01,0.02,75971.34,1776725512000
1776725514.366,114.366,0.58,0.59,0.41,0.42,0.01,0.01,75971.34,1776725513000
1776725514.727,114.727,0.58,0.6,0.41,0.42,0.02,0.01,75971.34,1776725513000
1776725515.088,115.088,0.58,0.59,0.41,0.42,0.01,0.01,75971.34,1776725514000
1776725515.568,115.568,0.58,0.59,0.41,0.42,0.01,0.01,75971.34,1776725514000
1776725516.124,116.124,0.58,0.59,0.41,0.42,0.01,0.01,75971.34,1776725515000
1776725516.671,116.671,0.58,0.59,0.41,0.42,0.01,0.01,75971.34,1776725515000
1776725517.108,117.108,0.58,0.59,0.41,0.42,0.01,0.01,75971.34,1776725516000
1776725517.836,117.836,0.58,0.59,0.41,0.42,0.01,0.01,75971.34,1776725516000
1776725518.299,118.299,0.58,0.59,0.41,0.42,0.01,0.01,75971.34,1776725517000
1776725519.481,119.481,0.58,0.59,0.41,0.42,0.01,0.01,75971.15,1776725518000
1776725519.87,119.87,0.64,0.65,0.31,0.37,0.01,0.06,75971.15,1776725518000
1776725520.249,120.249,0.64,0.66,0.35,0.36,0.02,0.01,75971.15,1776725518000
1776725521.316,121.316,0.64,0.67,0.33,0.36,0.03,0.03,75971.15,1776725520000
1776725521.713,121.713,0.62,0.65,0.35,0.38,0.03,0.03,75971.15,1776725520000
1776725522.087,122.087,0.58,0.59,0.41,0.42,0.01,0.01,75971.15,1776725520000
1776725522.499,122.499,0.58,0.59,0.41,0.42,0.01,0.01,75971.72,1776725521000
1776725522.922,122.922,0.56,0.57,0.43,0.44,0.01,0.01,75970.2,1776725522000
1776725523.33,123.33,0.56,0.57,0.43,0.44,0.01,0.01,75970.2,1776725522000
1776725523.724,123.724,0.56,0.57,0.43,0.44,0.01,0.01,75970.2,1776725522000
1776725524.234,124.234,0.56,0.57,0.43,0.44,0.01,0.01,75968.93,1776725523000
1776725524.613,124.613,0.56,0.57,0.43,0.44,0.01,0.01,75968.93,1776725523000
1776725525.151,125.151,0.56,0.57,0.43,0.44,0.01,0.01,75968.93,1776725523000
1776725525.708,125.708,0.56,0.57,0.43,0.44,0.01,0.01,75967.5,1776725524000
1776725526.16,126.16,0.56,0.57,0.43,0.44,0.01,0.01,75967.5,1776725524000
1776725526.512,126.512,0.56,0.57,0.43,0.44,0.01,0.01,75967.5,1776725524000
1776725527.111,127.111,0.56,0.57,0.43,0.44,0.01,0.01,75968.29,1776725526000
1776725527.481,127.481,0.56,0.57,0.43,0.44,0.01,0.01,75968.29,1776725526000
1776725528.07,128.07,0.56,0.57,0.43,0.44,0.01,0.01,75968.29,1776725526000
1776725528.838,128.838,0.56,0.57,0.43,0.44,0.01,0.01,75968.29,1776725527000
1776725529.308,129.308,0.56,0.57,0.43,0.44,0.01,0.01,75965.27,1776725528000
1776725529.666,129.666,0.54,0.55,0.44,0.46,0.01,0.02,75965.27,1776725528000
1776725530.013,130.013,0.51,0.52,0.48,0.49,0.01,0.01,75965.27,1776725528000
1776725530.349,130.349,0.45,0.46,0.54,0.55,0.01,0.01,75967.4,1776725529000
1776725530.684,130.684,0.45,0.46,0.54,0.55,0.01,0.01,75967.4,1776725529000
1776725531.045,131.045,0.44,0.45,0.55,0.56,0.01,0.01,75967.4,1776725529000
1776725531.419,131.419,0.42,0.43,0.57,0.59,0.01,0.02,75968.59,1776725530000
1776725531.887,131.887,0.41,0.42,0.58,0.59,0.01,0.01,75968.59,1776725530000
1776725532.339,132.339,0.41,0.42,0.58,0.59,0.01,0.01,75960.18,1776725531000
1776725532.686,132.686,0.4,0.41,0.59,0.6,0.01,0.01,75960.18,1776725531000
1776725533.092,133.092,0.4,0.41,0.59,0.6,0.01,0.01,75960.18,1776725531000
1776725533.426,133.426,0.4,0.41,0.59,0.6,0.01,0.01,75957.99,1776725532000
1776725533.801,133.801,0.4,0.41,0.59,0.6,0.01,0.01,75957.99,1776725532000
1776725534.232,134.232,0.4,0.41,0.59,0.6,0.01,0.01,75955.32,1776725533000
1776725534.644,134.644,0.4,0.41,0.59,0.6,0.01,0.01,75955.32,1776725533000
1776725535.197,135.197,0.4,0.41,0.59,0.6,0.01,0.01,75955.32,1776725533000
1776725535.58,135.58,0.4,0.41,0.59,0.6,0.01,0.01,75952.29,1776725534000
1776725535.921,135.921,0.4,0.41,0.59,0.6,0.01,0.01,75952.29,1776725534000
1776725536.334,136.334,0.4,0.41,0.59,0.6,0.01,0.01,75952.29,1776725534000
1776725536.698,136.698,0.39,0.4,0.6,0.61,0.01,0.01,75950.91,1776725535000
1776725537.033,137.033,0.39,0.4,0.6,0.61,0.01,0.01,75950.91,1776725536000
1776725537.482,137.482,0.39,0.4,0.6,0.61,0.01,0.01,75950.91,1776725536000
1776725537.871,137.871,0.38,0.39,0.61,0.62,0.01,0.01,75950.91,1776725536000
1776725538.25,138.25,0.38,0.39,0.61,0.62,0.01,0.01,75950.34,1776725537000
1776725538.603,138.603,0.38,0.39,0.61,0.62,0.01,0.01,75950.34,1776725537000
1776725539.062,139.062,0.38,0.39,0.61,0.62,0.01,0.01,75950.34,1776725537000
1776725539.791,139.791,0.38,0.39,0.61,0.62,0.01,0.01,75950.34,1776725537000
1776725540.129,140.129,0.38,0.39,0.61,0.62,0.01,0.01,75951.5,1776725538000
1776725540.507,140.507,0.38,0.39,0.61,0.62,0.01,0.01,75951.3,1776725539000
1776725540.966,140.966,0.38,0.39,0.61,0.62,0.01,0.01,75951.3,1776725539000
1776725541.404,141.404,0.38,0.39,0.61,0.62,0.01,0.01,75951.3,1776725540000
1776725541.793,141.793,0.38,0.4,0.6,0.62,0.02,0.02,75951.3,1776725540000
1776725542.798,142.798,0.39,0.4,0.6,0.62,0.01,0.02,75951.22,1776725541000
1776725543.134,143.134,0.39,0.4,0.6,0.61,0.01,0.01,75951.22,1776725541000
1776725543.671,143.671,0.39,0.4,0.6,0.61,0.01,0.01,75951.22,1776725541000
1776725544.282,144.282,0.39,0.4,0.6,0.61,0.01,0.01,75951.96,1776725543000
1776725544.741,144.741,0.39,0.4,0.6,0.61,0.01,0.01,75951.96,1776725543000
1776725545.081,145.081,0.37,0.38,0.62,0.63,0.01,0.01,75951.96,1776725543000
1776725545.427,145.427,0.36,0.37,0.63,0.64,0.01,0.01,75950.63,1776725544000
1776725545.835,145.835,0.36,0.37,0.63,0.64,0.01,0.01,75950.63,1776725544000
1776725546.314,146.314,0.36,0.37,0.63,0.64,0.01,0.01,75950.56,1776725545000
1776725546.653,146.653,0.36,0.38,0.63,0.64,0.02,0.01,75950.56,1776725545000
1776725547.14,147.14,0.36,0.37,0.63,0.64,0.01,0.01,75950.56,1776725545000
1776725547.489,147.489,0.36,0.37,0.63,0.64,0.01,0.01,75950.56,1776725545000
1776725547.828,147.828,0.36,0.37,0.63,0.64,0.01,0.01,75950,1776725546000
1776725548.184,148.184,0.36,0.37,0.63,0.64,0.01,0.01,75950,1776725547000
1776725548.567,148.567,0.36,0.37,0.63,0.64,0.01,0.01,75950,1776725547000
1776725549.023,149.023,0.37,0.38,0.63,0.64,0.01,0.01,75950,1776725547000
1776725549.558,149.558,0.42,0.45,0.55,0.63,0.03,0.08,75950,1776725548000
1776725549.901,149.901,0.42,0.45,0.55,0.58,0.03,0.03,75950,1776725548000
1776725550.99,150.99,0.43,0.44,0.55,0.58,0.01,0.03,75950,1776725549000
1776725551.344,151.344,0.44,0.47,0.53,0.56,0.03,0.03,75950.16,1776725550000
1776725551.679,151.679,0.43,0.44,0.56,0.57,0.01,0.01,75950.16,1776725550000
1776725552.032,152.032,0.45,0.46,0.54,0.55,0.01,0.01,75950.16,1776725550000
1776725552.373,152.373,0.45,0.46,0.54,0.55,0.01,0.01,75954.63,1776725551000
1776725552.728,152.728,0.45,0.46,0.54,0.55,0.01,0.01,75954.63,1776725551000
1776725553.221,153.221,0.45,0.46,0.54,0.55,0.01,0.01,75954.63,1776725551000
1776725553.562,153.562,0.45,0.46,0.54,0.55,0.01,0.01,75956.87,1776725552000
1776725554.061,154.061,0.45,0.46,0.54,0.55,0.01,0.01,75956.87,1776725552000
1776725554.495,154.495,0.45,0.46,0.54,0.55,0.01,0.01,75955.41,1776725553000
1776725555.158,155.158,0.45,0.46,0.54,0.55,0.01,0.01,75955.41,1776725553000
1776725555.575,155.575,0.45,0.46,0.54,0.55,0.01,0.01,75955.38,1776725554000
1776725556.002,156.002,0.45,0.46,0.54,0.55,0.01,0.01,75955.38,1776725554000
1776725556.356,156.356,0.45,0.46,0.54,0.55,0.01,0.01,75955.33,1776725555000
1776725556.966,156.966,0.45,0.46,0.54,0.55,0.01,0.01,75955.33,1776725555000
1776725557.855,157.855,0.45,0.46,0.54,0.55,0.01,0.01,75955.28,1776725556000
1776725558.373,158.373,0.49,0.5,0.49,0.51,0.01,0.02,75955.28,1776725556000
1776725558.741,158.741,0.5,0.51,0.49,0.5,0.01,0.01,75953.63,1776725557000
1776725559.162,159.162,0.5,0.51,0.49,0.5,0.01,0.01,75953.63,1776725558000
1776725559.498,159.498,0.5,0.51,0.49,0.5,0.01,0.01,75953.63,1776725558000
1776725559.848,159.848,0.49,0.51,0.49,0.5,0.02,0.01,75953.63,1776725558000
1776725560.465,160.465,0.5,0.51,0.49,0.51,0.01,0.02,75953.63,1776725558000
1776725560.815,160.815,0.5,0.51,0.49,0.5,0.01,0.01,75955.65,1776725559000
1776725561.25,161.25,0.5,0.51,0.49,0.5,0.01,0.01,75956.11,1776725560000
1776725561.686,161.686,0.5,0.51,0.49,0.5,0.01,0.01,75956.11,1776725560000
1776725562.04,162.04,0.5,0.51,0.49,0.5,0.01,0.01,75956.11,1776725560000
1776725562.394,162.394,0.5,0.51,0.49,0.5,0.01,0.01,75956.11,1776725560000
1776725562.915,162.915,0.5,0.51,0.49,0.5,0.01,0.01,75956.19,1776725562000
1776725563.323,163.323,0.5,0.51,0.49,0.5,0.01,0.01,75956.19,1776725562000
1776725563.93,163.93,0.53,0.56,0.46,0.47,0.03,0.01,75956.19,1776725562000
1776725564.317,164.317,0.53,0.56,0.44,0.47,0.03,0.03,75956.19,1776725562000
1776725564.655,164.655,0.53,0.56,0.44,0.47,0.03,0.03,75956.2,1776725563000
1776725565.03,165.03,0.54,0.57,0.43,0.47,0.03,0.04,75956.2,1776725563000
1776725565.406,165.406,0.53,0.56,0.44,0.47,0.03,0.03,75956.2,1776725563000
1776725565.942,165.942,0.54,0.55,0.45,0.46,0.01,0.01,75960.92,1776725565000
1776725566.321,166.321,0.54,0.55,0.45,0.46,0.01,0.01,75960.92,1776725565000
1776725566.664,166.664,0.52,0.55,0.45,0.48,0.03,0.03,75960.92,1776725565000
1776725567.0,167.0,0.53,0.54,0.46,0.47,0.01,0.01,75960.92,1776725565000
1776725567.339,167.339,0.51,0.53,0.47,0.48,0.02,0.01,75957.68,1776725566000
1776725567.696,167.696,0.52,0.53,0.47,0.48,0.01,0.01,75957.68,1776725566000
1776725568.14,168.14,0.52,0.53,0.47,0.48,0.01,0.01,75957.68,1776725566000
1776725568.495,168.495,0.52,0.53,0.47,0.48,0.01,0.01,75957.68,1776725566000
1776725568.935,168.935,0.53,0.54,0.46,0.47,0.01,0.01,75955.1,1776725567000
1776725569.501,169.501,0.53,0.54,0.46,0.47,0.01,0.01,75956.15,1776725568000
1776725569.901,169.901,0.53,0.54,0.46,0.47,0.01,0.01,75956.15,1776725568000
1776725570.422,170.422,0.53,0.54,0.46,0.47,0.01,0.01,75956.67,1776725569000
1776725570.87,170.87,0.53,0.54,0.46,0.47,0.01,0.01,75956.67,1776725569000
1776725571.245,171.245,0.53,0.54,0.46,0.47,0.01,0.01,75957.33,1776725570000
1776725572.021,172.021,0.53,0.54,0.46,0.47,0.01,0.01,75957.33,1776725570000
1776725572.683,172.683,0.53,0.54,0.46,0.47,0.01,0.01,75957.33,1776725570000
1776725573.05,173.05,0.52,0.53,0.47,0.48,0.01,0.01,75957.33,1776725571000
1776725573.414,173.414,0.52,0.53,0.47,0.48,0.01,0.01,75957.33,1776725571000
1776725573.995,173.995,0.51,0.53,0.47,0.48,0.02,0.01,75957.33,1776725572000
1776725574.334,174.334,0.5,0.51,0.49,0.5,0.01,0.01,75957.33,1776725573000
1776725574.745,174.745,0.5,0.51,0.49,0.5,0.01,0.01,75957.33,1776725573000
1776725575.146,175.146,0.5,0.51,0.49,0.5,0.01,0.01,75957.32,1776725574000
1776725575.641,175.641,0.5,0.51,0.49,0.5,0.01,0.01,75957.32,1776725574000
1776725576.006,176.006,0.6,0.62,0.38,0.4,0.02,0.02,75957.32,1776725574000
1776725576.457,176.457,0.62,0.64,0.36,0.4,0.02,0.04,75957.3,1776725575000
1776725576.809,176.809,0.65,0.67,0.33,0.35,0.02,0.02,75957.3,1776725575000
1776725577.167,177.167,0.66,0.67,0.33,0.34,0.01,0.01,75957.3,1776725575000
1776725577.804,177.804,0.66,0.67,0.33,0.34,0.01,0.01,75957.24,1776725576000
1776725578.332,178.332,0.66,0.67,0.33,0.34,0.01,0.01,75960.82,1776725577000
1776725578.986,178.986,0.66,0.67,0.33,0.34,0.01,0.01,75960.82,1776725577000
1776725579.416,179.416,0.65,0.67,0.33,0.35,0.02,0.02,75964.46,1776725578000
1776725579.866,179.866,0.65,0.67,0.33,0.35,0.02,0.02,75966.23,1776725579000
1776725580.204,180.204,0.66,0.67,0.33,0.34,0.01,0.01,75966.23,1776725579000
1776725580.852,180.852,0.65,0.66,0.32,0.35,0.01,0.03,75966.23,1776725579000
1776725581.223,181.223,0.65,0.66,0.34,0.35,0.01,0.01,75975.09,1776725580000
1776725581.864,181.864,0.66,0.67,0.34,0.35,0.01,0.01,75975.09,1776725580000
1776725582.23,182.23,0.72,0.75,0.25,0.28,0.03,0.03,75979.13,1776725581000
1776725582.563,182.563,0.77,0.8,0.2,0.23,0.03,0.03,75979.13,1776725581000
1776725582.943,182.943,0.7,0.71,0.29,0.32,0.01,0.03,75976.41,1776725582000
1776725583.285,183.285,0.66,0.73,0.27,0.33,0.07,0.06,75976.41,1776725582000
1776725583.627,183.627,0.71,0.72,0.28,0.29,0.01,0.01,75976.41,1776725582000
1776725583.982,183.982,0.69,0.72,0.28,0.31,0.03,0.03,75975.05,1776725583000
1776725584.388,184.388,0.69,0.7,0.3,0.31,0.01,0.01,75975.05,1776725583000
1776725584.725,184.725,0.68,0.69,0.31,0.32,0.01,0.01,75975.05,1776725583000
1776725585.326,185.326,0.68,0.69,0.31,0.32,0.01,0.01,75973.44,1776725584000
1776725585.788,185.788,0.68,0.69,0.31,0.32,0.01,0.01,75973.44,1776725584000
1776725586.744,186.744,0.68,0.69,0.31,0.32,0.01,0.01,75972.68,1776725585000
1776725587.113,187.113,0.67,0.69,0.31,0.33,0.02,0.02,75972.68,1776725585000
1776725587.558,187.558,0.68,0.69,0.31,0.32,0.01,0.01,75972.64,1776725586000
1776725587.976,187.976,0.67,0.69,0.31,0.33,0.02,0.02,75972.64,1776725586000
1776725588.389,188.389,0.67,0.69,0.31,0.32,0.02,0.01,75972.64,1776725586000
1776725588.84,188.84,0.56,0.6,0.4,0.44,0.04,0.04,75969.79,1776725587000
1776725589.207,189.207,0.66,0.67,0.33,0.34,0.01,0.01,75969.79,1776725587000
1776725589.611,189.611,0.57,0.67,0.33,0.36,0.1,0.03,75969.28,1776725588000
1776725590.052,190.052,0.62,0.63,0.37,0.38,0.01,0.01,75969.28,1776725588000
1776725590.387,190.387,0.62,0.63,0.37,0.38,0.01,0.01,75968.79,1776725589000
1776725590.783,190.783,0.61,0.62,0.38,0.39,0.01,0.01,75968.79,1776725589000
1776725591.177,191.177,0.61,0.62,0.38,0.39,0.01,0.01,75968.79,1776725589000
1776725591.714,191.714,0.61,0.62,0.38,0.39,0.01,0.01,75968.79,1776725589000
1776725592.243,192.243,0.61,0.62,0.38,0.39,0.01,0.01,75964.42,1776725591000
1776725592.637,192.637,0.61,0.62,0.38,0.39,0.01,0.01,75964.42,1776725591000
1776725593.189,193.189,0.61,0.62,0.38,0.39,0.01,0.01,75963.3,1776725592000
1776725594.314,194.314,0.61,0.62,0.38,0.39,0.01,0.01,75963.42,1776725593000
1776725594.887,194.887,0.61,0.62,0.38,0.39,0.01,0.01,75963.42,1776725593000
1776725595.285,195.285,0.6,0.62,0.38,0.4,0.02,0.02,75963.42,1776725593000
1776725595.683,195.683,0.61,0.62,0.38,0.4,0.01,0.02,75963.42,1776725593000
1776725596.058,196.058,0.61,0.62,0.38,0.39,0.01,0.01,75966.23,1776725594000
1776725596.468,196.468,0.61,0.62,0.38,0.39,0.01,0.01,75966.23,1776725595000
1776725597.452,197.452,0.6,0.62,0.38,0.4,0.02,0.02,75967.92,1776725596000
1776725597.859,197.859,0.6,0.61,0.39,0.4,0.01,0.01,75967.92,1776725596000
1776725598.241,198.241,0.6,0.61,0.39,0.4,0.01,0.01,75965.26,1776725597000
1776725598.617,198.617,0.62,0.63,0.38,0.4,0.01,0.02,75965.26,1776725597000
1776725598.972,198.972,0.62,0.64,0.37,0.38,0.02,0.01,75965.26,1776725597000
1776725599.638,199.638,0.62,0.64,0.36,0.38,0.02,0.02,75965.03,1776725598000
1776725600.523,200.523,0.62,0.64,0.36,0.38,0.02,0.02,75968.13,1776725599000
1776725601.568,201.568,0.62,0.64,0.36,0.38,0.02,0.02,75968.4,1776725600000
1776725601.997,201.997,0.63,0.64,0.36,0.37,0.01,0.01,75968.4,1776725600000
1776725602.455,202.455,0.63,0.65,0.35,0.37,0.02,0.02,75965.5,1776725601000
1776725602.861,202.861,0.63,0.67,0.33,0.37,0.04,0.04,75965.5,1776725601000
1776725603.255,203.255,0.63,0.64,0.36,0.37,0.01,0.01,75965.5,1776725601000
1776725603.604,203.604,0.63,0.65,0.36,0.37,0.02,0.01,75968.1,1776725602000
1776725603.954,203.954,0.65,0.66,0.34,0.36,0.01,0.02,75968.1,1776725602000
1776725604.288,204.288,0.65,0.66,0.34,0.35,0.01,0.01,75968.1,1776725603000
1776725604.636,204.636,0.64,0.65,0.35,0.36,0.01,0.01,75968.1,1776725603000
1776725605.093,205.093,0.64,0.65,0.35,0.36,0.01,0.01,75968.1,1776725603000
1776725605.702,205.702,0.64,0.65,0.35,0.36,0.01,0.01,75968.71,1776725604000
1776725606.047,206.047,0.65,0.66,0.34,0.35,0.01,0.01,75968.71,1776725605000
1776725606.396,206.396,0.65,0.66,0.34,0.35,0.01,0.01,75968.71,1776725605000
1776725606.787,206.787,0.66,0.67,0.33,0.34,0.01,0.01,75968.71,1776725605000
1776725607.195,207.195,0.66,0.67,0.33,0.34,0.01,0.01,75968.71,1776725605000
1776725607.589,207.589,0.66,0.67,0.33,0.34,0.01,0.01,75968.85,1776725606000
1776725607.93,207.93,0.67,0.68,0.32,0.33,0.01,0.01,75968.85,1776725606000
1776725608.433,208.433,0.67,0.68,0.32,0.33,0.01,0.01,75968.91,1776725607000
1776725608.81,208.81,0.67,0.68,0.32,0.33,0.01,0.01,75968.91,1776725607000
1776725609.198,209.198,0.67,0.68,0.32,0.33,0.01,0.01,75969.86,1776725608000
1776725609.601,209.601,0.67,0.68,0.32,0.33,0.01,0.01,75969.86,1776725608000
1776725610.097,210.097,0.68,0.69,0.31,0.32,0.01,0.01,75969.86,1776725608000
1776725610.693,210.693,0.68,0.69,0.31,0.32,0.01,0.01,75969.92,1776725609000
1776725611.166,211.166,0.68,0.69,0.31,0.32,0.01,0.01,75969.92,1776725609000
1776725611.742,211.742,0.68,0.69,0.31,0.32,0.01,0.01,75969.92,1776725610000
1776725612.115,212.115,0.7,0.72,0.28,0.32,0.02,0.04,75969.92,1776725610000
1776725612.455,212.455,0.7,0.71,0.29,0.3,0.01,0.01,75969.84,1776725611000
1776725612.906,212.906,0.7,0.71,0.29,0.3,0.01,0.01,75969.84,1776725611000
1776725613.239,213.239,0.7,0.71,0.29,0.3,0.01,0.01,75969.82,1776725612000
1776725613.585,213.585,0.69,0.71,0.29,0.3,0.02,0.01,75969.82,1776725612000
1776725613.956,213.956,0.69,0.7,0.3,0.31,0.01,0.01,75969.82,1776725612000
1776725614.703,214.703,0.69,0.7,0.3,0.31,0.01,0.01,75969.29,1776725613000
1776725615.04,215.04,0.69,0.7,0.3,0.31,0.01,0.01,75969.29,1776725613000
1776725615.486,215.486,0.69,0.7,0.3,0.31,0.01,0.01,75969.29,1776725613000
1776725616.015,216.015,0.69,0.7,0.3,0.31,0.01,0.01,75969.27,1776725615000
1776725616.525,216.525,0.69,0.7,0.3,0.31,0.01,0.01,75969.27,1776725615000
1776725617.015,217.015,0.69,0.7,0.3,0.31,0.01,0.01,75969.27,1776725615000
1776725617.592,217.592,0.69,0.7,0.3,0.31,0.01,0.01,75969.28,1776725616000
1776725618.107,218.107,0.69,0.7,0.3,0.31,0.01,0.01,75969.28,1776725616000
1776725618.473,218.473,0.69,0.7,0.3,0.31,0.01,0.01,75969.28,1776725616000
1776725618.819,218.819,0.69,0.7,0.3,0.31,0.01,0.01,75969.08,1776725617000
1776725619.185,219.185,0.69,0.7,0.3,0.31,0.01,0.01,75969.08,1776725618000
1776725619.524,219.524,0.69,0.7,0.3,0.31,0.01,0.01,75969.08,1776725618000
1776725619.933,219.933,0.69,0.7,0.3,0.31,0.01,0.01,75969.08,1776725618000
1776725620.72,220.72,0.69,0.72,0.3,0.31,0.03,0.01,75969.06,1776725619000
1776725621.186,221.186,0.7,0.71,0.29,0.3,0.01,0.01,75969.06,1776725619000
1776725621.791,221.791,0.7,0.71,0.29,0.3,0.01,0.01,75969.07,1776725620000
1776725622.233,222.233,0.7,0.71,0.29,0.3,0.01,0.01,75969.06,1776725621000
1776725622.61,222.61,0.7,0.71,0.29,0.3,0.01,0.01,75969.06,1776725621000
1776725622.95,222.95,0.7,0.71,0.29,0.3,0.01,0.01,75969.06,1776725621000
1776725623.286,223.286,0.7,0.71,0.29,0.3,0.01,0.01,75969.05,1776725622000
1776725623.844,223.844,0.7,0.71,0.29,0.3,0.01,0.01,75969.05,1776725622000
1776725624.199,224.199,0.7,0.71,0.29,0.3,0.01,0.01,75969.06,1776725623000
1776725624.638,224.638,0.69,0.71,0.29,0.3,0.02,0.01,75969.06,1776725623000
1776725624.991,224.991,0.63,0.66,0.31,0.35,0.03,0.04,75969.01,1776725624000
1776725625.893,225.893,0.65,0.66,0.34,0.35,0.01,0.01,75969.01,1776725624000
1776725626.327,226.327,0.65,0.66,0.34,0.35,0.01,0.01,75969.06,1776725625000
1776725626.706,226.706,0.65,0.66,0.34,0.35,0.01,0.01,75969.06,1776725625000
1776725627.852,227.852,0.64,0.65,0.34,0.36,0.01,0.02,75967.25,1776725626000
1776725628.378,228.378,0.64,0.65,0.35,0.36,0.01,0.01,75967.2,1776725627000
1776725628.925,228.925,0.64,0.65,0.35,0.36,0.01,0.01,75967.2,1776725627000
1776725629.345,229.345,0.64,0.65,0.35,0.36,0.01,0.01,75964.74,1776725628000
1776725629.765,229.765,0.63,0.64,0.36,0.37,0.01,0.01,75964.74,1776725628000
1776725630.186,230.186,0.63,0.64,0.36,0.37,0.01,0.01,75964.74,1776725628000
1776725630.573,230.573,0.63,0.64,0.36,0.37,0.01,0.01,75967.2,1776725629000
1776725631.032,231.032,0.62,0.63,0.37,0.38,0.01,0.01,75967.2,1776725629000
1776725631.482,231.482,0.62,0.63,0.37,0.38,0.01,0.01,75967.21,1776725630000
1776725631.842,231.842,0.62,0.63,0.37,0.38,0.01,0.01,75967.21,1776725630000
1776725632.197,232.197,0.62,0.63,0.37,0.38,0.01,0.01,75967.21,1776725630000
1776725632.581,232.581,0.62,0.63,0.37,0.38,0.01,0.01,75966.81,1776725631000
1776725633.182,233.182,0.62,0.63,0.37,0.38,0.01,0.01,75966.81,1776725631000
1776725633.903,233.903,0.62,0.63,0.37,0.38,0.01,0.01,75966.79,1776725632000
1776725634.278,234.278,0.58,0.59,0.41,0.43,0.01,0.02,75966.79,1776725632000
1776725634.631,234.631,0.58,0.59,0.41,0.42,0.01,0.01,75966.79,1776725632000
1776725635.142,235.142,0.58,0.59,0.41,0.42,0.01,0.01,75964.34,1776725633000
1776725635.491,235.491,0.58,0.59,0.41,0.42,0.01,0.01,75965.84,1776725634000
1776725635.87,235.87,0.56,0.57,0.42,0.44,0.01,0.02,75965.84,1776725634000
1776725636.334,236.334,0.56,0.57,0.43,0.44,0.01,0.01,75965.84,1776725634000
1776725636.706,236.706,0.54,0.57,0.43,0.46,0.03,0.03,75964.08,1776725635000
1776725637.149,237.149,0.55,0.56,0.44,0.45,0.01,0.01,75964.08,1776725635000
1776725637.5,237.5,0.55,0.56,0.44,0.45,0.01,0.01,75962.38,1776725636000
1776725638.035,238.035,0.55,0.56,0.44,0.45,0.01,0.01,75962.38,1776725636000
1776725638.407,238.407,0.55,0.56,0.44,0.45,0.01,0.01,75962.38,1776725636000
1776725639.034,239.034,0.55,0.56,0.44,0.45,0.01,0.01,75961.6,1776725637000
1776725639.463,239.463,0.57,0.58,0.42,0.43,0.01,0.01,75959.81,1776725638000
1776725640.312,240.312,0.57,0.58,0.42,0.43,0.01,0.01,75959.81,1776725638000
1776725640.724,240.724,0.58,0.59,0.41,0.43,0.01,0.02,75959.81,1776725638000
1776725641.323,241.323,0.58,0.59,0.41,0.42,0.01,0.01,75960.2,1776725639000
1776725641.803,241.803,0.58,0.59,0.41,0.42,0.01,0.01,75960.73,1776725640000
1776725642.151,242.151,0.58,0.59,0.41,0.42,0.01,0.01,75960.73,1776725641000
1776725642.535,242.535,0.58,0.59,0.41,0.42,0.01,0.01,75960.73,1776725641000
1776725643.434,243.434,0.58,0.59,0.41,0.42,0.01,0.01,75963.45,1776725642000
1776725644.111,244.111,0.58,0.59,0.41,0.42,0.01,0.01,75963.57,1776725643000
1776725644.465,244.465,0.59,0.6,0.4,0.41,0.01,0.01,75963.57,1776725643000
1776725644.911,244.911,0.6,0.61,0.39,0.4,0.01,0.01,75963.57,1776725643000
1776725645.514,245.514,0.6,0.61,0.39,0.4,0.01,0.01,75961.26,1776725644000
1776725646.085,246.085,0.6,0.61,0.39,0.4,0.01,0.01,75961.26,1776725645000
1776725646.547,246.547,0.6,0.61,0.39,0.4,0.01,0.01,75961.26,1776725645000
1776725647.148,247.148,0.6,0.61,0.39,0.4,0.01,0.01,75961.26,1776725645000
1776725647.678,247.678,0.6,0.61,0.39,0.4,0.01,0.01,75961.26,1776725646000
1776725648.261,248.261,0.6,0.61,0.39,0.4,0.01,0.01,75961.03,1776725647000
1776725649.171,249.171,0.6,0.63,0.39,0.4,0.03,0.01,75961.03,1776725647000
1776725649.51,249.51,0.74,0.76,0.24,0.26,0.02,0.02,75961.03,1776725647000
1776725649.869,249.869,0.75,0.76,0.24,0.25,0.01,0.01,75961.03,1776725647000
1776725650.202,250.202,0.75,0.76,0.24,0.25,0.01,0.01,75961.67,1776725649000
1776725650.566,250.566,0.75,0.76,0.24,0.25,0.01,0.01,75961.67,1776725649000
1776725650.913,250.913,0.78,0.79,0.21,0.22,0.01,0.01,75961.67,1776725649000
1776725651.266,251.266,0.78,0.79,0.21,0.22,0.01,0.01,75965.39,1776725650000
1776725651.612,251.612,0.78,0.79,0.21,0.22,0.01,0.01,75965.39,1776725650000
1776725652.267,252.267,0.78,0.79,0.21,0.22,0.01,0.01,75965.39,1776725650000
1776725652.603,252.603,0.78,0.79,0.21,0.22,0.01,0.01,75966.62,1776725651000
1776725653.139,253.139,0.78,0.79,0.21,0.22,0.01,0.01,75966.62,1776725651000
1776725653.48,253.48,0.78,0.79,0.21,0.22,0.01,0.01,75967.67,1776725652000
1776725654.246,254.246,0.78,0.79,0.21,0.22,0.01,0.01,75967.67,1776725652000
1776725654.605,254.605,0.78,0.79,0.21,0.22,0.01,0.01,75967.69,1776725653000
1776725654.97,254.97,0.78,0.79,0.21,0.22,0.01,0.01,75967.69,1776725653000
1776725655.619,255.619,0.78,0.79,0.21,0.22,0.01,0.01,75967.68,1776725654000
1776725656.013,256.013,0.78,0.79,0.21,0.22,0.01,0.01,75967.68,1776725654000
1776725656.348,256.348,0.78,0.86,0.14,0.22,0.08,0.08,75967.68,1776725655000
1776725656.901,256.901,0.85,0.86,0.14,0.15,0.01,0.01,75967.68,1776725655000
1776725657.258,257.258,0.86,0.87,0.13,0.15,0.01,0.02,75967.68,1776725655000
1776725657.597,257.597,0.86,0.87,0.13,0.14,0.01,0.01,75967.68,1776725656000
1776725657.98,257.98,0.87,0.88,0.12,0.13,0.01,0.01,75967.68,1776725656000
1776725658.316,258.316,0.87,0.88,0.12,0.13,0.01,0.01,75967.68,1776725656000
1776725658.881,258.881,0.87,0.88,0.12,0.13,0.01,0.01,75969.71,1776725658000
1776725659.227,259.227,0.89,0.9,0.1,0.11,0.01,0.01,75969.71,1776725658000
1776725659.584,259.584,0.89,0.9,0.1,0.11,0.01,0.01,75969.71,1776725658000
1776725660.0,260.0,0.89,0.9,0.1,0.11,0.01,0.01,75969.71,1776725658000
1776725660.354,260.354,0.89,0.9,0.1,0.11,0.01,0.01,75970.46,1776725659000
1776725660.723,260.723,0.89,0.9,0.1,0.11,0.01,0.01,75970.46,1776725659000
1776725661.227,261.227,0.89,0.9,0.1,0.11,0.01,0.01,75971.19,1776725660000
1776725661.568,261.568,0.89,0.9,0.1,0.11,0.01,0.01,75971.19,1776725660000
1776725661.953,261.953,0.89,0.9,0.1,0.11,0.01,0.01,75971.19,1776725660000
1776725662.35,262.35,0.89,0.9,0.1,0.11,0.01,0.01,75975.66,1776725661000
1776725662.71,262.71,0.89,0.9,0.1,0.11,0.01,0.01,75975.66,1776725661000
1776725663.179,263.179,0.89,0.9,0.1,0.11,0.01,0.01,75975.66,1776725661000
1776725663.531,263.531,0.89,0.9,0.1,0.12,0.01,0.02,75975.66,1776725661000
1776725663.891,263.891,0.89,0.9,0.1,0.11,0.01,0.01,75974.06,1776725662000
1776725664.242,264.242,0.89,0.9,0.1,0.11,0.01,0.01,75974.06,1776725663000
1776725664.617,264.617,0.89,0.9,0.1,0.11,0.01,0.01,75974.06,1776725663000
1776725664.99,264.99,0.89,0.9,0.1,0.11,0.01,0.01,75974.06,1776725663000
1776725665.369,265.369,0.89,0.9,0.1,0.11,0.01,0.01,75973.52,1776725664000
1776725665.708,265.708,0.87,0.9,0.1,0.11,0.03,0.01,75973.52,1776725664000
1776725666.056,266.056,0.8,0.81,0.19,0.2,0.01,0.01,75973.5,1776725665000
1776725666.574,266.574,0.8,0.81,0.19,0.2,0.01,0.01,75973.5,1776725665000
1776725666.958,266.958,0.8,0.81,0.19,0.2,0.01,0.01,75973.5,1776725665000
1776725667.301,267.301,0.8,0.81,0.19,0.2,0.01,0.01,75973.48,1776725666000
1776725667.677,267.677,0.8,0.81,0.19,0.2,0.01,0.01,75973.48,1776725666000
1776725668.125,268.125,0.8,0.81,0.19,0.2,0.01,0.01,75973.48,1776725666000
1776725668.472,268.472,0.8,0.81,0.19,0.2,0.01,0.01,75970.81,1776725667000
1776725668.822,268.822,0.8,0.81,0.19,0.2,0.01,0.01,75970.81,1776725667000
1776725669.26,269.26,0.8,0.81,0.19,0.2,0.01,0.01,75970.91,1776725668000
1776725669.787,269.787,0.8,0.81,0.19,0.2,0.01,0.01,75970.91,1776725668000
1776725670.177,270.177,0.8,0.81,0.19,0.2,0.01,0.01,75970.91,1776725668000
1776725670.643,270.643,0.8,0.81,0.19,0.2,0.01,0.01,75970.87,1776725669000
1776725671.029,271.029,0.8,0.81,0.19,0.2,0.01,0.01,75970.84,1776725670000
1776725671.379,271.379,0.82,0.83,0.17,0.18,0.01,0.01,75970.84,1776725670000
1776725671.774,271.774,0.84,0.85,0.15,0.16,0.01,0.01,75970.84,1776725670000
1776725672.11,272.11,0.87,0.88,0.12,0.13,0.01,0.01,75968.57,1776725671000
1776725672.446,272.446,0.86,0.88,0.12,0.13,0.02,0.01,75968.57,1776725671000
1776725673.014,273.014,0.87,0.88,0.08,0.14,0.01,0.06,75968.57,1776725671000
1776725673.382,273.382,0.87,0.88,0.12,0.13,0.01,0.01,75967.89,1776725672000
1776725673.859,273.859,0.87,0.88,0.12,0.13,0.01,0.01,75967.89,1776725672000
1776725674.2,274.2,0.87,0.88,0.12,0.13,0.01,0.01,75971.14,1776725673000
1776725674.597,274.597,0.92,0.93,0.07,0.08,0.01,0.01,75971.14,1776725673000
1776725674.945,274.945,0.91,0.92,0.08,0.09,0.01,0.01,75971.14,1776725673000
1776725675.306,275.306,0.91,0.92,0.08,0.09,0.01,0.01,75971.64,1776725674000
1776725675.714,275.714,0.92,0.93,0.08,0.09,0.01,0.01,75971.64,1776725674000
1776725676.216,276.216,0.92,0.93,0.07,0.08,0.01,0.01,75971.64,1776725674000
1776725676.558,276.558,0.92,0.93,0.07,0.08,0.01,0.01,75971.67,1776725675000
1776725676.922,276.922,0.92,0.93,0.07,0.08,0.01,0.01,75971.65,1776725676000
1776725677.394,277.394,0.92,0.93,0.07,0.08,0.01,0.01,75971.65,1776725676000
1776725677.73,277.73,0.95,0.96,0.04,0.05,0.01,0.01,75971.65,1776725676000
1776725678.066,278.066,0.95,0.96,0.04,0.05,0.01,0.01,75973.48,1776725677000
1776725678.405,278.405,0.95,0.96,0.04,0.05,0.01,0.01,75973.48,1776725677000
1776725678.753,278.753,0.95,0.96,0.04,0.05,0.01,0.01,75973.48,1776725677000
1776725679.157,279.157,0.95,0.96,0.04,0.05,0.01,0.01,75974.24,1776725678000
1776725679.571,279.571,0.95,0.96,0.04,0.05,0.01,0.01,75974.24,1776725678000
1776725680.188,280.188,0.95,0.96,0.04,0.05,0.01,0.01,75978.65,1776725679000
1776725680.552,280.552,0.95,0.96,0.04,0.05,0.01,0.01,75978.65,1776725679000
1776725680.905,280.905,0.96,0.97,0.03,0.04,0.01,0.01,75978.65,1776725679000
1776725681.322,281.322,0.96,0.97,0.03,0.04,0.01,0.01,75979.2,1776725680000
1776725681.686,281.686,0.96,0.97,0.03,0.04,0.01,0.01,75979.2,1776725680000
1776725682.279,282.279,0.95,0.97,0.03,0.05,0.02,0.02,75979.45,1776725681000
1776725682.831,282.831,0.96,0.97,0.03,0.04,0.01,0.01,75979.45,1776725681000
1776725683.314,283.314,0.96,0.97,0.03,0.04,0.01,0.01,75979.45,1776725681000
1776725683.651,283.651,0.96,0.97,0.03,0.04,0.01,0.01,75979.43,1776725682000
1776725684.11,284.11,0.96,0.97,0.03,0.04,0.01,0.01,75979.43,1776725682000
1776725684.496,284.496,0.96,0.97,0.03,0.04,0.01,0.01,75979.43,1776725683000
1776725684.89,284.89,0.96,0.97,0.03,0.04,0.01,0.01,75979.43,1776725683000
1776725685.234,285.234,0.97,0.98,0.02,0.04,0.01,0.02,75979.43,1776725683000
1776725685.596,285.596,0.97,0.98,0.02,0.03,0.01,0.01,75979.42,1776725684000
1776725685.988,285.988,0.97,0.98,0.02,0.03,0.01,0.01,75979.41,1776725685000
1776725686.392,286.392,0.96,0.97,0.03,0.04,0.01,0.01,75979.41,1776725685000
1776725686.745,286.745,0.97,0.98,0.03,0.04,0.01,0.01,75979.41,1776725685000
1776725687.082,287.082,0.96,0.98,0.02,0.03,0.02,0.01,75979.35,1776725686000
1776725687.559,287.559,0.97,0.98,0.02,0.03,0.01,0.01,75979.35,1776725686000
1776725687.989,287.989,0.97,0.98,0.02,0.03,0.01,0.01,75979.36,1776725687000
1776725688.401,288.401,0.97,0.98,0.02,0.03,0.01,0.01,75979.36,1776725687000
1776725688.793,288.793,0.97,0.98,0.02,0.03,0.01,0.01,75979.36,1776725687000
1776725689.148,289.148,0.97,0.98,0.02,0.03,0.01,0.01,75980.69,1776725688000
1776725689.685,289.685,0.97,0.98,0.02,0.03,0.01,0.01,75980.69,1776725688000
1776725690.33,290.33,0.97,0.98,0.02,0.03,0.01,0.01,75981.08,1776725689000
1776725690.667,290.667,0.97,0.98,0.02,0.03,0.01,0.01,75981.08,1776725689000
1776725691.034,291.034,0.97,0.99,0.02,0.03,0.02,0.01,75981.08,1776725689000
1776725691.415,291.415,0.98,0.99,0.01,0.02,0.01,0.01,75981.08,1776725689000
1776725691.827,291.827,0.98,0.99,0.01,0.02,0.01,0.01,75982.37,1776725690000
1776725692.224,292.224,0.98,0.99,0.01,0.02,0.01,0.01,75982.86,1776725691000
1776725692.569,292.569,0.98,0.99,0.01,0.02,0.01,0.01,75982.86,1776725691000
1776725693.022,293.022,0.98,0.99,0.01,0.02,0.01,0.01,75982.86,1776725691000
1776725693.382,293.382,0.99,0.99,0.01,0.02,0.0,0.01,75982.82,1776725692000
1776725693.715,293.715,0.99,0.99,0.01,0.01,0.0,0.0,75982.82,1776725692000
1776725694.174,294.174,0.99,0.99,0.01,0.01,0.0,0.0,75982.82,1776725692000
1776725694.507,294.507,0.99,0.99,0.01,0.01,0.0,0.0,75982.82,1776725693000
1776725695.13,295.13,0.99,0.99,0.01,0.01,0.0,0.0,75982.82,1776725694000
1776725695.974,295.974,0.99,0.99,0.01,0.01,0.0,0.0,75982.82,1776725694000
1776725696.848,296.848,0.99,0.99,0.01,0.01,0.0,0.0,75982.82,1776725695000
1776725697.514,297.514,0.99,0.99,0.01,0.01,0.0,0.0,75982.82,1776725696000
1776725697.906,297.906,0.99,0.99,0.01,0.01,0.0,0.0,75982.82,1776725696000
1776725699.14,299.14,0.99,0.99,0.01,0.01,0.0,0.0,75982.87,1776725698000
1776725700.109,300.109,0.99,0.99,0.01,0.01,0.0,0.0,75982.87,1776725698000
1776725700.47,300.47,0.99,0.99,0.01,0.01,0.0,0.0,75987.22,1776725699000

# RESULT,winner=Up,slug=btc-updown-5m-1776725400,ticks=653
