timestamp,elapsed_sec,up_bid,up_ask,down_bid,down_ask,up_spread,down_spread,btc_price,btc_oracle_ts
1776305100.653,0.653,0.45,0.47,0.49,0.55,0.02,0.06,74713.35,1776305099000
1776305101.152,1.152,0.45,0.46,0.54,0.55,0.01,0.01,74712.3,1776305100000
1776305101.488,1.488,0.45,0.46,0.54,0.55,0.01,0.01,74712.3,1776305100000
1776305101.826,1.826,0.45,0.47,0.54,0.55,0.02,0.01,74712.3,1776305100000
1776305102.339,2.339,0.46,0.47,0.53,0.54,0.01,0.01,74712.3,1776305100000
1776305102.923,2.923,0.47,0.48,0.52,0.54,0.01,0.02,74710.04,1776305101000
1776305103.377,3.377,0.49,0.51,0.49,0.53,0.02,0.04,74709.44,1776305102000
1776305103.774,3.774,0.51,0.52,0.48,0.49,0.01,0.01,74709.44,1776305102000
1776305104.112,4.112,0.51,0.52,0.48,0.49,0.01,0.01,74707.57,1776305103000
1776305104.486,4.486,0.51,0.52,0.48,0.49,0.01,0.01,74707.57,1776305103000
1776305105.206,5.206,0.51,0.52,0.48,0.49,0.01,0.01,74708.75,1776305104000
1776305105.869,5.869,0.51,0.52,0.48,0.49,0.01,0.01,74708.75,1776305104000
1776305106.563,6.563,0.51,0.52,0.48,0.49,0.01,0.01,74712.64,1776305105000
1776305107.051,7.051,0.5,0.52,0.48,0.49,0.02,0.01,74712.64,1776305105000
1776305107.408,7.408,0.51,0.52,0.48,0.5,0.01,0.02,74712.78,1776305106000
1776305107.778,7.778,0.51,0.52,0.48,0.49,0.01,0.01,74712.78,1776305106000
1776305108.141,8.141,0.51,0.52,0.48,0.49,0.01,0.01,74711.74,1776305107000
1776305108.736,8.736,0.51,0.52,0.48,0.49,0.01,0.01,74711.74,1776305107000
1776305109.153,9.153,0.5,0.52,0.48,0.5,0.02,0.02,74711.68,1776305108000
1776305109.707,9.707,0.51,0.52,0.48,0.5,0.01,0.02,74711.68,1776305108000
1776305110.065,10.065,0.51,0.52,0.48,0.49,0.01,0.01,74711.68,1776305108000
1776305110.634,10.634,0.5,0.52,0.48,0.49,0.02,0.01,74711.99,1776305109000
1776305111.044,11.044,0.5,0.51,0.49,0.5,0.01,0.01,74711.99,1776305109000
1776305111.389,11.389,0.49,0.5,0.49,0.5,0.01,0.01,74710.73,1776305110000
1776305111.729,11.729,0.49,0.5,0.5,0.51,0.01,0.01,74710.73,1776305110000
1776305112.121,12.121,0.49,0.5,0.5,0.51,0.01,0.01,74710.73,1776305110000
1776305112.488,12.488,0.49,0.5,0.5,0.51,0.01,0.01,74711.72,1776305111000
1776305112.903,12.903,0.48,0.5,0.5,0.51,0.02,0.01,74711.72,1776305111000
1776305113.297,13.297,0.48,0.5,0.5,0.52,0.02,0.02,74711.62,1776305112000
1776305113.718,13.718,0.48,0.49,0.51,0.52,0.01,0.01,74711.62,1776305112000
1776305114.094,14.094,0.48,0.49,0.51,0.52,0.01,0.01,74711.58,1776305113000
1776305114.511,14.511,0.48,0.49,0.51,0.52,0.01,0.01,74711.58,1776305113000
1776305114.876,14.876,0.48,0.49,0.51,0.52,0.01,0.01,74711.58,1776305113000
1776305115.454,15.454,0.48,0.49,0.51,0.52,0.01,0.01,74711.58,1776305113000
1776305115.804,15.804,0.48,0.49,0.51,0.52,0.01,0.01,74711.58,1776305114000
1776305116.378,16.378,0.48,0.49,0.51,0.52,0.01,0.01,74711.72,1776305115000
1776305116.807,16.807,0.48,0.49,0.51,0.52,0.01,0.01,74711.72,1776305115000
1776305117.301,17.301,0.48,0.49,0.51,0.52,0.01,0.01,74711.66,1776305116000
1776305117.64,17.64,0.48,0.49,0.51,0.52,0.01,0.01,74711.66,1776305116000
1776305118.057,18.057,0.48,0.49,0.51,0.52,0.01,0.01,74711.65,1776305117000
1776305118.609,18.609,0.48,0.49,0.51,0.52,0.01,0.01,74711.65,1776305117000
1776305119.021,19.021,0.51,0.56,0.44,0.49,0.05,0.05,74711.65,1776305118000
1776305119.357,19.357,0.54,0.55,0.45,0.47,0.01,0.02,74711.65,1776305118000
1776305119.725,19.725,0.54,0.55,0.44,0.46,0.01,0.02,74711.65,1776305118000
1776305120.218,20.218,0.55,0.56,0.44,0.45,0.01,0.01,74711.65,1776305119000
1776305120.638,20.638,0.55,0.56,0.44,0.45,0.01,0.01,74711.65,1776305119000
1776305120.991,20.991,0.55,0.56,0.44,0.45,0.01,0.01,74716.37,1776305120000
1776305121.445,21.445,0.55,0.56,0.44,0.45,0.01,0.01,74716.37,1776305120000
1776305121.875,21.875,0.55,0.56,0.44,0.45,0.01,0.01,74716.37,1776305120000
1776305122.256,22.256,0.55,0.56,0.44,0.45,0.01,0.01,74720.82,1776305121000
1776305122.822,22.822,0.55,0.56,0.44,0.45,0.01,0.01,74720.82,1776305121000
1776305123.355,23.355,0.55,0.57,0.44,0.45,0.02,0.01,74719.0,1776305122000
1776305123.812,23.812,0.56,0.57,0.43,0.44,0.01,0.01,74719.0,1776305122000
1776305124.96,24.96,0.56,0.57,0.43,0.44,0.01,0.01,74718.94,1776305124000
1776305125.333,25.333,0.56,0.57,0.43,0.44,0.01,0.01,74718.94,1776305124000
1776305125.676,25.676,0.56,0.57,0.43,0.44,0.01,0.01,74718.94,1776305124000
1776305126.03,26.03,0.56,0.57,0.43,0.44,0.01,0.01,74718.99,1776305125000
1776305126.377,26.377,0.57,0.58,0.42,0.43,0.01,0.01,74718.99,1776305125000
1776305126.72,26.72,0.57,0.58,0.42,0.43,0.01,0.01,74718.99,1776305125000
1776305127.136,27.136,0.57,0.58,0.42,0.43,0.01,0.01,74718.99,1776305126000
1776305127.489,27.489,0.57,0.58,0.42,0.43,0.01,0.01,74718.99,1776305126000
1776305127.825,27.825,0.57,0.58,0.42,0.43,0.01,0.01,74718.99,1776305126000
1776305128.437,28.437,0.57,0.58,0.42,0.43,0.01,0.01,74718.99,1776305126000
1776305128.805,28.805,0.57,0.58,0.42,0.43,0.01,0.01,74718.99,1776305126000
1776305129.248,29.248,0.57,0.58,0.42,0.43,0.01,0.01,74720.84,1776305127000
1776305129.81,29.81,0.58,0.59,0.41,0.43,0.01,0.02,74720.83,1776305128000
1776305130.189,30.189,0.58,0.59,0.41,0.42,0.01,0.01,74720.85,1776305129000
1776305130.901,30.901,0.58,0.59,0.41,0.42,0.01,0.01,74720.85,1776305129000
1776305131.618,31.618,0.58,0.59,0.41,0.42,0.01,0.01,74720.85,1776305130000
1776305132.292,32.292,0.58,0.59,0.41,0.42,0.01,0.01,74720.92,1776305131000
1776305132.662,32.662,0.58,0.59,0.41,0.42,0.01,0.01,74720.92,1776305131000
1776305133.002,33.002,0.58,0.59,0.41,0.42,0.01,0.01,74720.86,1776305132000
1776305133.336,33.336,0.6,0.61,0.39,0.4,0.01,0.01,74720.86,1776305132000
1776305134.073,34.073,0.6,0.64,0.36,0.4,0.04,0.04,74726.21,1776305133000
1776305134.406,34.406,0.61,0.62,0.38,0.39,0.01,0.01,74726.21,1776305133000
1776305134.742,34.742,0.6,0.62,0.38,0.4,0.02,0.02,74726.21,1776305133000
1776305135.127,35.127,0.6,0.61,0.39,0.4,0.01,0.01,74726.21,1776305133000
1776305136.169,36.169,0.6,0.61,0.39,0.4,0.01,0.01,74725.7,1776305134000
1776305137.176,37.176,0.58,0.59,0.39,0.42,0.01,0.03,74723.39,1776305135000
1776305137.541,37.541,0.55,0.56,0.44,0.45,0.01,0.01,74723.29,1776305136000
1776305137.9,37.9,0.53,0.54,0.46,0.47,0.01,0.01,74723.29,1776305136000
1776305138.248,38.248,0.51,0.54,0.46,0.49,0.03,0.03,74723.06,1776305137000
1776305138.703,38.703,0.5,0.52,0.48,0.49,0.02,0.01,74723.06,1776305137000
1776305139.194,39.194,0.48,0.49,0.5,0.53,0.01,0.03,74723.06,1776305137000
1776305139.531,39.531,0.48,0.49,0.51,0.52,0.01,0.01,74715.13,1776305138000
1776305139.865,39.865,0.48,0.49,0.51,0.52,0.01,0.01,74715.13,1776305138000
1776305140.716,40.716,0.48,0.49,0.51,0.52,0.01,0.01,74713.5,1776305139000
1776305141.272,41.272,0.48,0.49,0.51,0.52,0.01,0.01,74711.64,1776305140000
1776305141.641,41.641,0.48,0.49,0.51,0.52,0.01,0.01,74711.64,1776305140000
1776305142.459,42.459,0.48,0.49,0.51,0.52,0.01,0.01,74711.1,1776305141000
1776305142.827,42.827,0.48,0.49,0.51,0.52,0.01,0.01,74711.1,1776305141000
1776305143.473,43.473,0.48,0.49,0.51,0.52,0.01,0.01,74711.89,1776305142000
1776305143.931,43.931,0.48,0.49,0.51,0.52,0.01,0.01,74711.89,1776305142000
1776305144.372,44.372,0.48,0.49,0.51,0.52,0.01,0.01,74714.36,1776305143000
1776305144.887,44.887,0.48,0.49,0.51,0.52,0.01,0.01,74714.36,1776305143000
1776305145.235,45.235,0.48,0.49,0.51,0.52,0.01,0.01,74714.36,1776305143000
1776305145.712,45.712,0.49,0.5,0.51,0.52,0.01,0.01,74714.36,1776305143000
1776305146.16,46.16,0.49,0.5,0.5,0.51,0.01,0.01,74710.8,1776305145000
1776305146.733,46.733,0.49,0.5,0.5,0.51,0.01,0.01,74710.8,1776305145000
1776305147.178,47.178,0.49,0.5,0.5,0.51,0.01,0.01,74710.8,1776305145000
1776305147.914,47.914,0.49,0.5,0.5,0.51,0.01,0.01,74711.35,1776305146000
1776305148.73,48.73,0.49,0.5,0.5,0.51,0.01,0.01,74711.35,1776305147000
1776305149.45,49.45,0.49,0.5,0.5,0.51,0.01,0.01,74711.35,1776305148000
1776305150.111,50.111,0.49,0.5,0.5,0.51,0.01,0.01,74711.35,1776305149000
1776305150.672,50.672,0.49,0.5,0.5,0.51,0.01,0.01,74711.35,1776305149000
1776305151.328,51.328,0.49,0.5,0.5,0.51,0.01,0.01,74711.35,1776305149000
1776305151.694,51.694,0.49,0.5,0.5,0.51,0.01,0.01,74712.27,1776305150000
1776305152.101,52.101,0.46,0.47,0.5,0.53,0.01,0.03,74712.27,1776305150000
1776305152.507,52.507,0.45,0.46,0.54,0.55,0.01,0.01,74711.89,1776305151000
1776305152.975,52.975,0.45,0.46,0.54,0.55,0.01,0.01,74711.89,1776305151000
1776305153.563,53.563,0.45,0.46,0.54,0.55,0.01,0.01,74711.89,1776305152000
1776305153.924,53.924,0.45,0.46,0.54,0.55,0.01,0.01,74711.89,1776305152000
1776305154.281,54.281,0.45,0.46,0.54,0.55,0.01,0.01,74711.89,1776305152000
1776305154.681,54.681,0.48,0.5,0.51,0.52,0.02,0.01,74711.89,1776305152000
1776305155.533,55.533,0.48,0.5,0.5,0.52,0.02,0.02,74709.02,1776305154000
1776305155.868,55.868,0.49,0.5,0.5,0.51,0.01,0.01,74709.02,1776305154000
1776305156.256,56.256,0.49,0.5,0.5,0.51,0.01,0.01,74709.02,1776305154000
1776305156.96,56.96,0.49,0.5,0.5,0.51,0.01,0.01,74709.59,1776305155000
1776305157.613,57.613,0.49,0.5,0.5,0.51,0.01,0.01,74709.59,1776305155000
1776305158.459,58.459,0.49,0.5,0.5,0.51,0.01,0.01,74712.1,1776305156000
1776305158.879,58.879,0.49,0.5,0.5,0.51,0.01,0.01,74712.1,1776305157000
1776305159.28,59.28,0.49,0.5,0.5,0.51,0.01,0.01,74712.1,1776305157000
1776305160.003,60.003,0.49,0.5,0.5,0.51,0.01,0.01,74712.09,1776305158000
1776305160.391,60.391,0.49,0.5,0.5,0.51,0.01,0.01,74712.1,1776305159000
1776305161.749,61.749,0.49,0.5,0.5,0.51,0.01,0.01,74712.1,1776305159000
1776305162.231,62.231,0.48,0.49,0.5,0.52,0.01,0.02,74712.15,1776305160000
1776305162.644,62.644,0.48,0.49,0.51,0.52,0.01,0.01,74712.18,1776305161000
1776305162.985,62.985,0.48,0.49,0.51,0.52,0.01,0.01,74712.18,1776305161000
1776305163.625,63.625,0.48,0.49,0.51,0.52,0.01,0.01,74712.18,1776305162000
1776305163.961,63.961,0.53,0.54,0.46,0.47,0.01,0.01,74712.18,1776305162000
1776305164.346,64.346,0.53,0.54,0.46,0.47,0.01,0.01,74712.18,1776305162000
1776305164.967,64.967,0.54,0.55,0.46,0.47,0.01,0.01,74712.11,1776305163000
1776305165.322,65.322,0.54,0.56,0.45,0.46,0.02,0.01,74712.11,1776305163000
1776305165.738,65.738,0.56,0.57,0.43,0.45,0.01,0.02,74712.11,1776305164000
1776305166.092,66.092,0.57,0.58,0.4,0.43,0.01,0.03,74713.64,1776305165000
1776305166.426,66.426,0.59,0.61,0.4,0.41,0.02,0.01,74713.64,1776305165000
1776305166.813,66.813,0.59,0.6,0.4,0.41,0.01,0.01,74713.64,1776305165000
1776305167.21,67.21,0.58,0.59,0.4,0.42,0.01,0.02,74713.64,1776305165000
1776305167.672,67.672,0.57,0.59,0.41,0.42,0.02,0.01,74717.68,1776305166000
1776305168.273,68.273,0.56,0.57,0.43,0.44,0.01,0.01,74717.68,1776305166000
1776305168.669,68.669,0.56,0.57,0.43,0.44,0.01,0.01,74717.68,1776305166000
1776305169.137,69.137,0.56,0.57,0.43,0.44,0.01,0.01,74720.89,1776305167000
1776305169.589,69.589,0.56,0.57,0.43,0.44,0.01,0.01,74720.84,1776305168000
1776305170.103,70.103,0.55,0.57,0.43,0.45,0.02,0.02,74720.92,1776305169000
1776305170.449,70.449,0.55,0.56,0.43,0.45,0.01,0.02,74720.92,1776305169000
1776305170.848,70.848,0.55,0.56,0.44,0.45,0.01,0.01,74720.92,1776305169000
1776305171.588,71.588,0.55,0.56,0.44,0.45,0.01,0.01,74720.92,1776305169000
1776305171.936,71.936,0.55,0.56,0.44,0.45,0.01,0.01,74720.92,1776305170000
1776305172.32,72.32,0.55,0.56,0.44,0.45,0.01,0.01,74720.92,1776305171000
1776305172.785,72.785,0.54,0.55,0.45,0.46,0.01,0.01,74720.92,1776305171000
1776305173.172,73.172,0.54,0.55,0.45,0.46,0.01,0.01,74720.92,1776305172000
1776305173.538,73.538,0.54,0.55,0.45,0.46,0.01,0.01,74720.92,1776305172000
1776305174.235,74.235,0.54,0.55,0.45,0.46,0.01,0.01,74720.92,1776305172000
1776305174.683,74.683,0.54,0.55,0.45,0.46,0.01,0.01,74720.92,1776305173000
1776305175.245,75.245,0.54,0.55,0.45,0.46,0.01,0.01,74720.38,1776305174000
1776305175.705,75.705,0.54,0.55,0.45,0.46,0.01,0.01,74720.38,1776305174000
1776305176.522,76.522,0.54,0.55,0.45,0.46,0.01,0.01,74720.38,1776305174000
1776305176.93,76.93,0.54,0.55,0.45,0.46,0.01,0.01,74720.64,1776305175000
1776305177.583,77.583,0.54,0.55,0.45,0.46,0.01,0.01,74720.64,1776305175000
1776305178.505,78.505,0.54,0.55,0.45,0.46,0.01,0.01,74720.64,1776305176000
1776305179.166,79.166,0.54,0.55,0.45,0.46,0.01,0.01,74720.64,1776305177000
1776305179.642,79.642,0.54,0.55,0.45,0.46,0.01,0.01,74720.69,1776305178000
1776305180.094,80.094,0.54,0.55,0.45,0.46,0.01,0.01,74720.49,1776305179000
1776305180.445,80.445,0.54,0.55,0.45,0.46,0.01,0.01,74720.49,1776305179000
1776305180.808,80.808,0.54,0.55,0.45,0.46,0.01,0.01,74720.49,1776305179000
1776305181.239,81.239,0.57,0.6,0.41,0.44,0.03,0.03,74720.49,1776305179000
1776305181.761,81.761,0.59,0.6,0.4,0.42,0.01,0.02,74720.44,1776305180000
1776305182.095,82.095,0.62,0.65,0.35,0.38,0.03,0.03,74720.44,1776305180000
1776305182.431,82.431,0.64,0.65,0.35,0.36,0.01,0.01,74720.45,1776305181000
1776305182.795,82.795,0.64,0.65,0.33,0.36,0.01,0.03,74720.45,1776305181000
1776305183.145,83.145,0.67,0.68,0.32,0.33,0.01,0.01,74720.45,1776305181000
1776305183.483,83.483,0.68,0.69,0.31,0.32,0.01,0.01,74725.77,1776305182000
1776305183.86,83.86,0.69,0.7,0.3,0.32,0.01,0.02,74725.77,1776305182000
1776305184.333,84.333,0.7,0.72,0.28,0.3,0.02,0.02,74735.47,1776305183000
1776305184.832,84.832,0.71,0.72,0.28,0.29,0.01,0.01,74735.47,1776305183000
1776305185.226,85.226,0.71,0.72,0.28,0.29,0.01,0.01,74735.47,1776305183000
1776305185.679,85.679,0.71,0.72,0.28,0.29,0.01,0.01,74737.98,1776305184000
1776305186.033,86.033,0.76,0.77,0.23,0.24,0.01,0.01,74738.14,1776305185000
1776305186.391,86.391,0.76,0.77,0.23,0.24,0.01,0.01,74738.14,1776305185000
1776305186.83,86.83,0.76,0.77,0.23,0.24,0.01,0.01,74738.14,1776305185000
1776305187.183,87.183,0.76,0.77,0.23,0.24,0.01,0.01,74740.21,1776305186000
1776305187.604,87.604,0.76,0.77,0.23,0.24,0.01,0.01,74740.21,1776305186000
1776305188.077,88.077,0.76,0.77,0.23,0.24,0.01,0.01,74744.19,1776305187000
1776305188.819,88.819,0.76,0.77,0.23,0.24,0.01,0.01,74744.19,1776305187000
1776305189.153,89.153,0.76,0.77,0.23,0.24,0.01,0.01,74747.01,1776305188000
1776305189.591,89.591,0.76,0.77,0.23,0.24,0.01,0.01,74747.01,1776305188000
1776305190.05,90.05,0.76,0.77,0.23,0.24,0.01,0.01,74747.56,1776305189000
1776305190.498,90.498,0.76,0.77,0.23,0.24,0.01,0.01,74747.56,1776305189000
1776305190.9,90.9,0.76,0.77,0.23,0.24,0.01,0.01,74747.63,1776305190000
1776305191.316,91.316,0.76,0.77,0.23,0.24,0.01,0.01,74747.63,1776305190000
1776305191.73,91.73,0.76,0.77,0.23,0.24,0.01,0.01,74747.63,1776305190000
1776305192.108,92.108,0.76,0.77,0.23,0.24,0.01,0.01,74747.63,1776305190000
1776305192.461,92.461,0.76,0.77,0.23,0.24,0.01,0.01,74747.82,1776305191000
1776305192.827,92.827,0.75,0.77,0.23,0.24,0.02,0.01,74747.82,1776305191000
1776305193.448,93.448,0.76,0.77,0.23,0.24,0.01,0.01,74750.44,1776305192000
1776305193.804,93.804,0.76,0.77,0.23,0.24,0.01,0.01,74750.44,1776305192000
1776305194.417,94.417,0.76,0.77,0.23,0.24,0.01,0.01,74748.67,1776305193000
1776305194.807,94.807,0.76,0.77,0.23,0.24,0.01,0.01,74748.67,1776305193000
1776305195.186,95.186,0.76,0.77,0.23,0.24,0.01,0.01,74748.67,1776305194000
1776305195.549,95.549,0.76,0.77,0.23,0.24,0.01,0.01,74748.67,1776305194000
1776305196.239,96.239,0.76,0.77,0.23,0.24,0.01,0.01,74748.67,1776305194000
1776305196.849,96.849,0.76,0.77,0.23,0.24,0.01,0.01,74748.81,1776305195000
1776305197.239,97.239,0.76,0.77,0.23,0.24,0.01,0.01,74748.81,1776305195000
1776305197.82,97.82,0.76,0.77,0.23,0.24,0.01,0.01,74748.82,1776305196000
1776305198.251,98.251,0.76,0.77,0.23,0.24,0.01,0.01,74748.81,1776305197000
1776305198.815,98.815,0.76,0.77,0.23,0.24,0.01,0.01,74748.81,1776305197000
1776305199.339,99.339,0.76,0.77,0.23,0.24,0.01,0.01,74748.81,1776305197000
1776305199.738,99.738,0.75,0.76,0.24,0.25,0.01,0.01,74748.83,1776305198000
1776305200.456,100.456,0.75,0.76,0.24,0.25,0.01,0.01,74748.84,1776305199000
1776305200.907,100.907,0.74,0.75,0.25,0.26,0.01,0.01,74748.84,1776305199000
1776305201.253,101.253,0.72,0.73,0.27,0.28,0.01,0.01,74748.84,1776305199000
1776305201.675,101.675,0.69,0.7,0.3,0.31,0.01,0.01,74748.56,1776305200000
1776305202.075,102.075,0.69,0.7,0.3,0.31,0.01,0.01,74748.47,1776305201000
1776305202.424,102.424,0.69,0.7,0.3,0.31,0.01,0.01,74748.47,1776305201000
1776305202.889,102.889,0.69,0.7,0.3,0.31,0.01,0.01,74748.47,1776305201000
1776305203.397,103.397,0.69,0.7,0.3,0.31,0.01,0.01,74748.47,1776305201000
1776305203.752,103.752,0.69,0.7,0.3,0.31,0.01,0.01,74742.85,1776305202000
1776305204.213,104.213,0.69,0.7,0.3,0.31,0.01,0.01,74743.14,1776305203000
1776305204.59,104.59,0.69,0.7,0.3,0.31,0.01,0.01,74743.14,1776305203000
1776305205.119,105.119,0.69,0.7,0.3,0.31,0.01,0.01,74744.36,1776305204000
1776305205.471,105.471,0.69,0.7,0.3,0.31,0.01,0.01,74744.36,1776305204000
1776305205.936,105.936,0.69,0.7,0.3,0.31,0.01,0.01,74744.36,1776305204000
1776305206.335,106.335,0.69,0.7,0.3,0.31,0.01,0.01,74744.36,1776305204000
1776305207.001,107.001,0.69,0.7,0.3,0.31,0.01,0.01,74744.95,1776305205000
1776305207.475,107.475,0.69,0.71,0.3,0.31,0.02,0.01,74744.95,1776305206000
1776305207.87,107.87,0.71,0.72,0.27,0.29,0.01,0.02,74744.95,1776305206000
1776305208.215,108.215,0.71,0.72,0.28,0.29,0.01,0.01,74744.95,1776305206000
1776305208.564,108.564,0.71,0.72,0.28,0.29,0.01,0.01,74745.08,1776305207000
1776305208.985,108.985,0.71,0.72,0.28,0.29,0.01,0.01,74745.08,1776305207000
1776305209.381,109.381,0.71,0.72,0.28,0.29,0.01,0.01,74745.09,1776305208000
1776305209.762,109.762,0.71,0.72,0.28,0.29,0.01,0.01,74745.09,1776305208000
1776305210.167,110.167,0.66,0.67,0.3,0.33,0.01,0.03,74745.09,1776305208000
1776305210.527,110.527,0.66,0.67,0.33,0.34,0.01,0.01,74746.78,1776305209000
1776305210.863,110.863,0.64,0.66,0.34,0.35,0.02,0.01,74746.78,1776305209000
1776305211.23,111.23,0.64,0.65,0.35,0.36,0.01,0.01,74745.22,1776305210000
1776305211.581,111.581,0.64,0.65,0.35,0.36,0.01,0.01,74745.22,1776305210000
1776305211.983,111.983,0.64,0.65,0.35,0.36,0.01,0.01,74745.22,1776305210000
1776305212.324,112.324,0.64,0.65,0.35,0.36,0.01,0.01,74745.22,1776305210000
1776305212.844,112.844,0.64,0.65,0.35,0.36,0.01,0.01,74739.17,1776305211000
1776305213.179,113.179,0.64,0.65,0.35,0.36,0.01,0.01,74735.11,1776305212000
1776305213.822,113.822,0.64,0.65,0.35,0.36,0.01,0.01,74735.11,1776305212000
1776305214.285,114.285,0.64,0.65,0.35,0.36,0.01,0.01,74735.11,1776305212000
1776305214.697,114.697,0.64,0.65,0.35,0.36,0.01,0.01,74733.86,1776305213000
1776305215.264,115.264,0.64,0.65,0.35,0.36,0.01,0.01,74733.86,1776305213000
1776305215.661,115.661,0.64,0.65,0.35,0.36,0.01,0.01,74734.14,1776305214000
1776305216.084,116.084,0.64,0.65,0.35,0.36,0.01,0.01,74734.16,1776305215000
1776305216.452,116.452,0.66,0.67,0.33,0.35,0.01,0.02,74734.16,1776305215000
1776305217.05,117.05,0.66,0.67,0.33,0.34,0.01,0.01,74734.16,1776305215000
1776305217.513,117.513,0.68,0.71,0.31,0.32,0.03,0.01,74734.58,1776305216000
1776305217.902,117.902,0.7,0.71,0.29,0.3,0.01,0.01,74734.58,1776305216000
1776305218.261,118.261,0.7,0.71,0.29,0.3,0.01,0.01,74734.58,1776305216000
1776305218.631,118.631,0.71,0.72,0.29,0.3,0.01,0.01,74736.12,1776305217000
1776305218.966,118.966,0.71,0.72,0.28,0.29,0.01,0.01,74736.6,1776305218000
1776305219.309,119.309,0.72,0.73,0.27,0.28,0.01,0.01,74736.6,1776305218000
1776305219.833,119.833,0.72,0.73,0.27,0.28,0.01,0.01,74736.6,1776305218000
1776305220.363,120.363,0.72,0.73,0.27,0.28,0.01,0.01,74737.04,1776305219000
1776305220.736,120.736,0.71,0.72,0.28,0.29,0.01,0.01,74737.04,1776305219000
1776305221.085,121.085,0.73,0.74,0.26,0.27,0.01,0.01,74740.13,1776305220000
1776305221.514,121.514,0.73,0.74,0.26,0.27,0.01,0.01,74740.13,1776305220000
1776305221.972,121.972,0.72,0.74,0.27,0.28,0.02,0.01,74740.13,1776305220000
1776305222.354,122.354,0.73,0.74,0.26,0.27,0.01,0.01,74740.74,1776305221000
1776305222.798,122.798,0.72,0.74,0.27,0.28,0.02,0.01,74740.74,1776305221000
1776305223.187,123.187,0.74,0.76,0.25,0.27,0.02,0.02,74740.74,1776305221000
1776305223.534,123.534,0.74,0.75,0.25,0.26,0.01,0.01,74742.18,1776305222000
1776305223.969,123.969,0.73,0.75,0.25,0.27,0.02,0.02,74742.18,1776305222000
1776305224.332,124.332,0.76,0.77,0.24,0.25,0.01,0.01,74742.34,1776305223000
1776305224.723,124.723,0.77,0.78,0.22,0.24,0.01,0.02,74742.34,1776305223000
1776305225.14,125.14,0.76,0.77,0.23,0.24,0.01,0.01,74743.9,1776305224000
1776305225.568,125.568,0.75,0.77,0.24,0.25,0.02,0.01,74743.9,1776305224000
1776305226.208,126.208,0.76,0.78,0.22,0.25,0.02,0.03,74743.9,1776305224000
1776305226.548,126.548,0.76,0.8,0.2,0.24,0.04,0.04,74753.07,1776305225000
1776305226.898,126.898,0.81,0.83,0.17,0.19,0.02,0.02,74753.07,1776305225000
1776305227.248,127.248,0.82,0.83,0.17,0.18,0.01,0.01,74753.07,1776305225000
1776305227.584,127.584,0.83,0.84,0.16,0.17,0.01,0.01,74756.75,1776305226000
1776305228.019,128.019,0.83,0.84,0.16,0.17,0.01,0.01,74756.75,1776305226000
1776305228.371,128.371,0.82,0.83,0.17,0.18,0.01,0.01,74759.77,1776305227000
1776305228.737,128.737,0.82,0.83,0.17,0.18,0.01,0.01,74759.77,1776305227000
1776305229.178,129.178,0.81,0.82,0.17,0.19,0.01,0.02,74765.05,1776305228000
1776305229.529,129.529,0.8,0.82,0.18,0.19,0.02,0.01,74765.05,1776305228000
1776305229.967,129.967,0.8,0.81,0.19,0.2,0.01,0.01,74765.05,1776305228000
1776305230.352,130.352,0.8,0.81,0.19,0.2,0.01,0.01,74763.81,1776305229000
1776305230.709,130.709,0.8,0.81,0.19,0.2,0.01,0.01,74763.81,1776305229000
1776305231.084,131.084,0.8,0.81,0.19,0.2,0.01,0.01,74763.81,1776305229000
1776305231.417,131.417,0.8,0.82,0.19,0.2,0.02,0.01,74763.44,1776305230000
1776305231.948,131.948,0.8,0.81,0.19,0.2,0.01,0.01,74763.44,1776305230000
1776305232.304,132.304,0.8,0.81,0.19,0.2,0.01,0.01,74763.44,1776305230000
1776305232.834,132.834,0.8,0.81,0.19,0.2,0.01,0.01,74764.14,1776305231000
1776305233.384,133.384,0.8,0.81,0.19,0.2,0.01,0.01,74764.15,1776305232000
1776305233.826,133.826,0.81,0.82,0.18,0.19,0.01,0.01,74764.15,1776305232000
1776305234.404,134.404,0.81,0.82,0.18,0.19,0.01,0.01,74764.15,1776305233000
1776305234.789,134.789,0.82,0.83,0.17,0.18,0.01,0.01,74764.15,1776305233000
1776305235.386,135.386,0.82,0.83,0.17,0.18,0.01,0.01,74763.86,1776305234000
1776305236.218,136.218,0.83,0.84,0.16,0.17,0.01,0.01,74764.19,1776305235000
1776305236.564,136.564,0.84,0.85,0.15,0.16,0.01,0.01,74764.19,1776305235000
1776305237.237,137.237,0.84,0.85,0.15,0.16,0.01,0.01,74764.19,1776305235000
1776305237.83,137.83,0.84,0.85,0.15,0.16,0.01,0.01,74764.59,1776305236000
1776305238.251,138.251,0.83,0.84,0.16,0.17,0.01,0.01,74764.59,1776305236000
1776305238.826,138.826,0.83,0.84,0.16,0.17,0.01,0.01,74765.91,1776305237000
1776305239.409,139.409,0.83,0.84,0.16,0.17,0.01,0.01,74766.11,1776305238000
1776305239.753,139.753,0.83,0.84,0.16,0.17,0.01,0.01,74766.11,1776305238000
1776305240.627,140.627,0.83,0.84,0.16,0.17,0.01,0.01,74766.74,1776305239000
1776305241.104,141.104,0.83,0.84,0.16,0.17,0.01,0.01,74766.74,1776305239000
1776305241.486,141.486,0.84,0.85,0.15,0.17,0.01,0.02,74767.11,1776305240000
1776305242.258,142.258,0.84,0.85,0.15,0.16,0.01,0.01,74767.87,1776305241000
1776305242.789,142.789,0.84,0.85,0.15,0.16,0.01,0.01,74767.87,1776305241000
1776305243.32,143.32,0.84,0.85,0.15,0.16,0.01,0.01,74767.86,1776305242000
1776305243.733,143.733,0.84,0.85,0.15,0.16,0.01,0.01,74767.86,1776305242000
1776305244.084,144.084,0.84,0.85,0.15,0.16,0.01,0.01,74767.74,1776305243000
1776305244.639,144.639,0.84,0.85,0.15,0.16,0.01,0.01,74767.74,1776305243000
1776305244.989,144.989,0.84,0.85,0.15,0.16,0.01,0.01,74767.95,1776305244000
1776305245.452,145.452,0.84,0.85,0.15,0.16,0.01,0.01,74767.95,1776305244000
1776305246.169,146.169,0.84,0.85,0.15,0.16,0.01,0.01,74767.95,1776305244000
1776305246.833,146.833,0.84,0.85,0.15,0.16,0.01,0.01,74768.05,1776305245000
1776305247.174,147.174,0.84,0.85,0.15,0.16,0.01,0.01,74768.05,1776305245000
1776305248.307,148.307,0.84,0.85,0.15,0.16,0.01,0.01,74767.23,1776305247000
1776305248.669,148.669,0.84,0.85,0.15,0.16,0.01,0.01,74767.23,1776305247000
1776305249.324,149.324,0.84,0.85,0.15,0.16,0.01,0.01,74767.23,1776305247000
1776305249.865,149.865,0.84,0.85,0.15,0.16,0.01,0.01,74767.93,1776305248000
1776305250.208,150.208,0.82,0.83,0.17,0.18,0.01,0.01,74767.49,1776305249000
1776305250.642,150.642,0.82,0.83,0.17,0.18,0.01,0.01,74767.49,1776305249000
1776305251.087,151.087,0.82,0.83,0.17,0.18,0.01,0.01,74767.49,1776305249000
1776305251.493,151.493,0.82,0.83,0.17,0.18,0.01,0.01,74767.33,1776305250000
1776305251.854,151.854,0.82,0.83,0.17,0.18,0.01,0.01,74767.33,1776305250000
1776305252.32,152.32,0.82,0.83,0.17,0.18,0.01,0.01,74766.1,1776305251000
1776305252.659,152.659,0.82,0.83,0.17,0.18,0.01,0.01,74766.1,1776305251000
1776305253.648,153.648,0.82,0.83,0.17,0.18,0.01,0.01,74765.87,1776305252000
1776305254.01,154.01,0.82,0.83,0.17,0.18,0.01,0.01,74764.9,1776305253000
1776305254.372,154.372,0.82,0.83,0.17,0.18,0.01,0.01,74764.9,1776305253000
1776305254.845,154.845,0.82,0.83,0.17,0.18,0.01,0.01,74764.9,1776305253000
1776305255.269,155.269,0.82,0.83,0.17,0.18,0.01,0.01,74764.2,1776305254000
1776305255.635,155.635,0.82,0.83,0.17,0.18,0.01,0.01,74764.2,1776305254000
1776305256.049,156.049,0.82,0.83,0.17,0.18,0.01,0.01,74764.2,1776305254000
1776305256.693,156.693,0.82,0.83,0.17,0.18,0.01,0.01,74764.72,1776305255000
1776305257.078,157.078,0.82,0.83,0.17,0.18,0.01,0.01,74764.72,1776305255000
1776305257.843,157.843,0.82,0.83,0.17,0.18,0.01,0.01,74764.5,1776305256000
1776305258.361,158.361,0.82,0.83,0.17,0.18,0.01,0.01,74764.18,1776305257000
1776305258.723,158.723,0.82,0.83,0.17,0.18,0.01,0.01,74764.18,1776305257000
1776305259.124,159.124,0.82,0.83,0.17,0.18,0.01,0.01,74763.99,1776305258000
1776305259.667,159.667,0.82,0.83,0.17,0.18,0.01,0.01,74763.99,1776305258000
1776305260.04,160.04,0.82,0.83,0.17,0.18,0.01,0.01,74764.13,1776305259000
1776305260.402,160.402,0.82,0.83,0.17,0.18,0.01,0.01,74764.13,1776305259000
1776305261.279,161.279,0.82,0.83,0.17,0.18,0.01,0.01,74764.13,1776305259000
1776305261.899,161.899,0.79,0.8,0.19,0.2,0.01,0.01,74764.08,1776305260000
1776305262.238,162.238,0.77,0.79,0.21,0.22,0.02,0.01,74764.08,1776305260000
1776305262.587,162.587,0.78,0.79,0.21,0.22,0.01,0.01,74764.08,1776305261000
1776305263.067,163.067,0.78,0.79,0.21,0.22,0.01,0.01,74761.55,1776305262000
1776305263.419,163.419,0.78,0.8,0.21,0.22,0.02,0.01,74761.55,1776305262000
1776305263.758,163.758,0.8,0.81,0.19,0.21,0.01,0.02,74761.55,1776305262000
1776305264.128,164.128,0.8,0.81,0.19,0.2,0.01,0.01,74761.55,1776305262000
1776305265.157,165.157,0.8,0.81,0.19,0.2,0.01,0.01,74757.14,1776305264000
1776305265.687,165.687,0.79,0.81,0.19,0.2,0.02,0.01,74757.14,1776305264000
1776305266.123,166.123,0.79,0.81,0.19,0.21,0.02,0.02,74757.14,1776305264000
1776305266.532,166.532,0.74,0.77,0.23,0.25,0.03,0.02,74756.7,1776305265000
1776305266.954,166.954,0.72,0.75,0.24,0.25,0.03,0.01,74756.7,1776305265000
1776305267.315,167.315,0.73,0.74,0.26,0.27,0.01,0.01,74756.7,1776305265000
1776305267.683,167.683,0.73,0.74,0.26,0.27,0.01,0.01,74750.63,1776305266000
1776305268.037,168.037,0.72,0.73,0.27,0.28,0.01,0.01,74749.89,1776305267000
1776305268.643,168.643,0.72,0.73,0.27,0.28,0.01,0.01,74749.89,1776305267000
1776305269.018,169.018,0.72,0.73,0.27,0.28,0.01,0.01,74749.89,1776305267000
1776305269.564,169.564,0.72,0.73,0.27,0.28,0.01,0.01,74748.77,1776305268000
1776305270.018,170.018,0.72,0.73,0.27,0.28,0.01,0.01,74748.77,1776305268000
1776305270.356,170.356,0.74,0.75,0.25,0.26,0.01,0.01,74748.11,1776305269000
1776305270.919,170.919,0.74,0.75,0.25,0.26,0.01,0.01,74748.11,1776305269000
1776305271.373,171.373,0.74,0.75,0.25,0.26,0.01,0.01,74747.11,1776305270000
1776305271.717,171.717,0.74,0.75,0.25,0.26,0.01,0.01,74747.11,1776305270000
1776305272.126,172.126,0.74,0.75,0.25,0.26,0.01,0.01,74747.11,1776305270000
1776305272.759,172.759,0.74,0.75,0.25,0.26,0.01,0.01,74747.61,1776305271000
1776305273.153,173.153,0.74,0.75,0.25,0.26,0.01,0.01,74747.61,1776305271000
1776305273.497,173.497,0.75,0.76,0.24,0.25,0.01,0.01,74747.48,1776305272000
1776305274.105,174.105,0.75,0.76,0.24,0.25,0.01,0.01,74747.26,1776305273000
1776305274.911,174.911,0.75,0.76,0.24,0.25,0.01,0.01,74747.26,1776305273000
1776305275.356,175.356,0.75,0.76,0.24,0.25,0.01,0.01,74747.29,1776305274000
1776305275.783,175.783,0.79,0.8,0.2,0.21,0.01,0.01,74747.29,1776305274000
1776305276.214,176.214,0.81,0.82,0.19,0.21,0.01,0.02,74747.06,1776305275000
1776305276.554,176.554,0.81,0.82,0.18,0.19,0.01,0.01,74747.06,1776305275000
1776305277.025,177.025,0.8,0.81,0.19,0.2,0.01,0.01,74747.06,1776305275000
1776305277.845,177.845,0.78,0.8,0.2,0.21,0.02,0.01,74747.17,1776305276000
1776305278.617,178.617,0.77,0.78,0.22,0.23,0.01,0.01,74748,1776305277000
1776305279.013,179.013,0.77,0.78,0.22,0.23,0.01,0.01,74748,1776305277000
1776305279.543,179.543,0.75,0.78,0.22,0.23,0.03,0.01,74746.33,1776305278000
1776305280.07,180.07,0.73,0.74,0.26,0.28,0.01,0.02,74746.33,1776305278000
1776305280.415,180.415,0.73,0.74,0.26,0.27,0.01,0.01,74746.27,1776305279000
1776305280.771,180.771,0.73,0.74,0.26,0.27,0.01,0.01,74746.27,1776305279000
1776305281.155,181.155,0.73,0.74,0.26,0.27,0.01,0.01,74745.8,1776305280000
1776305281.598,181.598,0.73,0.74,0.26,0.27,0.01,0.01,74745.8,1776305280000
1776305281.967,181.967,0.73,0.74,0.26,0.27,0.01,0.01,74745.8,1776305280000
1776305282.321,182.321,0.74,0.75,0.25,0.26,0.01,0.01,74744.02,1776305281000
1776305282.699,182.699,0.74,0.75,0.25,0.26,0.01,0.01,74744.02,1776305281000
1776305283.244,183.244,0.74,0.75,0.25,0.26,0.01,0.01,74744.02,1776305281000
1776305283.764,183.764,0.75,0.76,0.24,0.25,0.01,0.01,74743.07,1776305282000
1776305284.151,184.151,0.75,0.76,0.24,0.25,0.01,0.01,74743.07,1776305282000
1776305284.504,184.504,0.75,0.76,0.24,0.25,0.01,0.01,74742.92,1776305283000
1776305284.953,184.953,0.75,0.76,0.24,0.25,0.01,0.01,74742.92,1776305283000
1776305285.3,185.3,0.69,0.71,0.28,0.3,0.02,0.02,74742.92,1776305283000
1776305285.766,185.766,0.68,0.69,0.31,0.32,0.01,0.01,74742.5,1776305284000
1776305286.135,186.135,0.66,0.68,0.32,0.33,0.02,0.01,74742.5,1776305284000
1776305286.5,186.5,0.66,0.67,0.33,0.34,0.01,0.01,74742.5,1776305285000
1776305286.84,186.84,0.65,0.67,0.33,0.35,0.02,0.02,74742.5,1776305285000
1776305287.202,187.202,0.63,0.65,0.35,0.37,0.02,0.02,74735.6,1776305286000
1776305287.562,187.562,0.62,0.63,0.36,0.38,0.01,0.02,74735.6,1776305286000
1776305287.916,187.916,0.59,0.61,0.39,0.41,0.02,0.02,74730.15,1776305287000
1776305288.284,188.284,0.57,0.61,0.4,0.43,0.04,0.03,74730.15,1776305287000
1776305288.629,188.629,0.56,0.58,0.41,0.44,0.02,0.03,74730.15,1776305287000
1776305288.962,188.962,0.54,0.57,0.43,0.45,0.03,0.02,74730.15,1776305287000
1776305289.332,189.332,0.54,0.57,0.43,0.46,0.03,0.03,74725.53,1776305288000
1776305289.707,189.707,0.52,0.56,0.44,0.47,0.04,0.03,74725.53,1776305288000
1776305290.051,190.051,0.5,0.51,0.44,0.5,0.01,0.06,74717.72,1776305289000
1776305290.48,190.48,0.5,0.51,0.49,0.5,0.01,0.01,74717.72,1776305289000
1776305290.826,190.826,0.5,0.51,0.49,0.5,0.01,0.01,74717.72,1776305289000
1776305291.184,191.184,0.49,0.5,0.49,0.51,0.01,0.02,74714.36,1776305290000
1776305291.549,191.549,0.49,0.5,0.5,0.53,0.01,0.03,74714.36,1776305290000
1776305291.939,191.939,0.48,0.49,0.5,0.52,0.01,0.02,74714.36,1776305290000
1776305292.393,192.393,0.47,0.48,0.52,0.53,0.01,0.01,74712.83,1776305291000
1776305292.764,192.764,0.46,0.47,0.53,0.56,0.01,0.03,74712.83,1776305291000
1776305293.111,193.111,0.45,0.46,0.54,0.55,0.01,0.01,74711.9,1776305292000
1776305293.484,193.484,0.44,0.46,0.54,0.56,0.02,0.02,74711.9,1776305292000
1776305293.849,193.849,0.43,0.44,0.55,0.57,0.01,0.02,74711.9,1776305292000
1776305294.191,194.191,0.4,0.44,0.56,0.6,0.04,0.04,74711.45,1776305293000
1776305294.527,194.527,0.4,0.41,0.59,0.6,0.01,0.01,74711.45,1776305293000
1776305294.866,194.866,0.4,0.41,0.59,0.6,0.01,0.01,74711.45,1776305293000
1776305295.215,195.215,0.38,0.39,0.61,0.62,0.01,0.01,74708.46,1776305294000
1776305295.568,195.568,0.39,0.4,0.6,0.61,0.01,0.01,74708.46,1776305294000
1776305295.938,195.938,0.37,0.39,0.61,0.62,0.02,0.01,74708.46,1776305294000
1776305296.271,196.271,0.37,0.38,0.62,0.63,0.01,0.01,74701.37,1776305295000
1776305296.607,196.607,0.37,0.38,0.62,0.63,0.01,0.01,74701.37,1776305295000
1776305296.948,196.948,0.37,0.38,0.62,0.63,0.01,0.01,74701.37,1776305295000
1776305297.357,197.357,0.37,0.38,0.62,0.63,0.01,0.01,74700.2,1776305296000
1776305297.803,197.803,0.37,0.38,0.62,0.63,0.01,0.01,74700.2,1776305296000
1776305298.181,198.181,0.37,0.38,0.62,0.63,0.01,0.01,74700.2,1776305296000
1776305298.516,198.516,0.37,0.38,0.62,0.63,0.01,0.01,74700.03,1776305297000
1776305299.013,199.013,0.37,0.38,0.62,0.63,0.01,0.01,74700.2,1776305298000
1776305299.365,199.365,0.35,0.37,0.63,0.64,0.02,0.01,74700.2,1776305298000
1776305299.751,199.751,0.36,0.37,0.63,0.64,0.01,0.01,74700.2,1776305298000
1776305300.246,200.246,0.36,0.37,0.63,0.64,0.01,0.01,74700.21,1776305299000
1776305300.595,200.595,0.36,0.37,0.63,0.64,0.01,0.01,74700.21,1776305299000
1776305301.158,201.158,0.36,0.37,0.63,0.64,0.01,0.01,74698.48,1776305300000
1776305301.522,201.522,0.35,0.36,0.63,0.64,0.01,0.01,74698.48,1776305300000
1776305301.908,201.908,0.35,0.36,0.64,0.65,0.01,0.01,74698.48,1776305300000
1776305302.388,202.388,0.35,0.36,0.64,0.65,0.01,0.01,74698.63,1776305301000
1776305302.866,202.866,0.35,0.36,0.64,0.65,0.01,0.01,74698.63,1776305301000
1776305303.497,203.497,0.35,0.36,0.64,0.65,0.01,0.01,74698.48,1776305302000
1776305303.88,203.88,0.39,0.4,0.6,0.61,0.01,0.01,74698.48,1776305302000
1776305304.36,204.36,0.39,0.41,0.6,0.61,0.02,0.01,74698.48,1776305302000
1776305304.718,204.718,0.39,0.4,0.6,0.61,0.01,0.01,74698.44,1776305303000
1776305305.086,205.086,0.39,0.41,0.59,0.61,0.02,0.02,74699.52,1776305304000
1776305305.799,205.799,0.4,0.41,0.59,0.6,0.01,0.01,74699.52,1776305304000
1776305306.211,206.211,0.4,0.41,0.59,0.6,0.01,0.01,74699.52,1776305304000
1776305306.687,206.687,0.4,0.42,0.59,0.6,0.02,0.01,74701.16,1776305305000
1776305307.04,207.04,0.41,0.42,0.58,0.59,0.01,0.01,74701.16,1776305305000
1776305307.375,207.375,0.41,0.42,0.58,0.59,0.01,0.01,74701.16,1776305305000
1776305307.774,207.774,0.41,0.42,0.58,0.59,0.01,0.01,74701.19,1776305306000
1776305308.167,208.167,0.41,0.42,0.58,0.59,0.01,0.01,74701.19,1776305306000
1776305308.512,208.512,0.41,0.42,0.58,0.59,0.01,0.01,74700.89,1776305307000
1776305308.866,208.866,0.49,0.51,0.5,0.51,0.02,0.01,74700.89,1776305307000
1776305309.204,209.204,0.51,0.53,0.46,0.49,0.02,0.03,74701.14,1776305308000
1776305309.556,209.556,0.51,0.53,0.43,0.48,0.02,0.05,74701.14,1776305308000
1776305309.893,209.893,0.58,0.6,0.4,0.42,0.02,0.02,74701.14,1776305308000
1776305310.275,210.275,0.61,0.62,0.38,0.39,0.01,0.01,74704.46,1776305309000
1776305310.615,210.615,0.61,0.62,0.38,0.39,0.01,0.01,74704.46,1776305309000
1776305310.982,210.982,0.61,0.62,0.38,0.39,0.01,0.01,74704.46,1776305309000
1776305311.342,211.342,0.61,0.62,0.38,0.39,0.01,0.01,74718.51,1776305310000
1776305311.714,211.714,0.61,0.62,0.38,0.39,0.01,0.01,74718.51,1776305310000
1776305312.18,212.18,0.61,0.62,0.38,0.39,0.01,0.01,74718.51,1776305310000
1776305312.607,212.607,0.6,0.62,0.38,0.4,0.02,0.02,74720.68,1776305311000
1776305313.009,213.009,0.55,0.56,0.44,0.45,0.01,0.01,74720.68,1776305311000
1776305313.396,213.396,0.55,0.56,0.44,0.45,0.01,0.01,74719.85,1776305312000
1776305313.854,213.854,0.55,0.56,0.44,0.45,0.01,0.01,74719.85,1776305312000
1776305314.208,214.208,0.55,0.56,0.44,0.45,0.01,0.01,74719.85,1776305312000
1776305314.568,214.568,0.55,0.56,0.44,0.45,0.01,0.01,74716.05,1776305313000
1776305314.918,214.918,0.55,0.56,0.44,0.45,0.01,0.01,74716.05,1776305313000
1776305315.441,215.441,0.55,0.56,0.44,0.45,0.01,0.01,74715.92,1776305314000
1776305315.922,215.922,0.55,0.56,0.44,0.45,0.01,0.01,74715.92,1776305314000
1776305316.269,216.269,0.55,0.56,0.44,0.45,0.01,0.01,74716.2,1776305315000
1776305316.839,216.839,0.55,0.56,0.44,0.45,0.01,0.01,74716.2,1776305315000
1776305317.186,217.186,0.55,0.56,0.44,0.45,0.01,0.01,74716.2,1776305315000
1776305317.545,217.545,0.55,0.56,0.44,0.45,0.01,0.01,74716.16,1776305316000
1776305318.023,218.023,0.55,0.56,0.44,0.45,0.01,0.01,74716.16,1776305317000
1776305318.381,218.381,0.55,0.56,0.44,0.45,0.01,0.01,74716.16,1776305317000
1776305319.168,219.168,0.55,0.56,0.44,0.45,0.01,0.01,74716.16,1776305317000
1776305319.548,219.548,0.55,0.56,0.44,0.45,0.01,0.01,74716.05,1776305318000
1776305320.287,220.287,0.51,0.54,0.44,0.45,0.03,0.01,74716.05,1776305318000
1776305320.628,220.628,0.43,0.47,0.53,0.57,0.04,0.04,74715.89,1776305319000
1776305321.034,221.034,0.42,0.44,0.56,0.59,0.02,0.03,74715.89,1776305319000
1776305321.368,221.368,0.41,0.43,0.57,0.58,0.02,0.01,74715.88,1776305320000
1776305322.32,222.32,0.42,0.43,0.57,0.59,0.01,0.02,74715.88,1776305320000
1776305322.665,222.665,0.42,0.43,0.57,0.58,0.01,0.01,74704.0,1776305321000
1776305323.063,223.063,0.42,0.43,0.57,0.58,0.01,0.01,74703.27,1776305322000
1776305323.409,223.409,0.41,0.43,0.57,0.59,0.02,0.02,74703.27,1776305322000
1776305323.752,223.752,0.42,0.43,0.57,0.58,0.01,0.01,74703.27,1776305322000
1776305324.096,224.096,0.41,0.42,0.58,0.59,0.01,0.01,74703.27,1776305322000
1776305324.443,224.443,0.39,0.4,0.6,0.61,0.01,0.01,74699.54,1776305323000
1776305324.783,224.783,0.38,0.4,0.6,0.61,0.02,0.01,74699.54,1776305323000
1776305325.207,225.207,0.38,0.39,0.61,0.62,0.01,0.01,74699.54,1776305323000
1776305325.559,225.559,0.38,0.39,0.61,0.62,0.01,0.01,74698.57,1776305324000
1776305325.993,225.993,0.37,0.38,0.62,0.63,0.01,0.01,74698.57,1776305324000
1776305326.359,226.359,0.37,0.38,0.62,0.63,0.01,0.01,74698.2,1776305325000
1776305326.726,226.726,0.37,0.38,0.62,0.63,0.01,0.01,74698.2,1776305325000
1776305327.124,227.124,0.37,0.38,0.62,0.63,0.01,0.01,74697.26,1776305326000
1776305327.476,227.476,0.37,0.38,0.62,0.63,0.01,0.01,74697.26,1776305326000
1776305327.825,227.825,0.48,0.49,0.51,0.52,0.01,0.01,74697.26,1776305326000
1776305328.398,228.398,0.48,0.49,0.51,0.52,0.01,0.01,74696.22,1776305327000
1776305328.773,228.773,0.49,0.5,0.5,0.52,0.01,0.02,74696.22,1776305327000
1776305329.165,229.165,0.48,0.49,0.51,0.52,0.01,0.01,74704.12,1776305328000
1776305329.69,229.69,0.48,0.49,0.51,0.52,0.01,0.01,74704.12,1776305328000
1776305330.122,230.122,0.48,0.49,0.51,0.52,0.01,0.01,74707.84,1776305329000
1776305330.541,230.541,0.48,0.49,0.51,0.52,0.01,0.01,74707.84,1776305329000
1776305330.993,230.993,0.48,0.49,0.51,0.53,0.01,0.02,74707.84,1776305329000
1776305331.357,231.357,0.48,0.49,0.51,0.52,0.01,0.01,74704.59,1776305330000
1776305331.773,231.773,0.48,0.49,0.51,0.52,0.01,0.01,74704.59,1776305330000
1776305332.132,232.132,0.46,0.47,0.51,0.54,0.01,0.03,74704.59,1776305330000
1776305332.615,232.615,0.46,0.47,0.53,0.54,0.01,0.01,74704.5,1776305331000
1776305332.986,232.986,0.46,0.47,0.53,0.54,0.01,0.01,74707.1,1776305332000
1776305333.378,233.378,0.45,0.46,0.53,0.54,0.01,0.01,74707.1,1776305332000
1776305333.715,233.715,0.43,0.45,0.55,0.56,0.02,0.01,74707.1,1776305332000
1776305334.067,234.067,0.43,0.44,0.56,0.57,0.01,0.01,74707.1,1776305332000
1776305334.454,234.454,0.43,0.44,0.56,0.57,0.01,0.01,74707.69,1776305333000
1776305334.839,234.839,0.41,0.42,0.56,0.59,0.01,0.03,74707.69,1776305333000
1776305335.2,235.2,0.41,0.42,0.58,0.59,0.01,0.01,74707.69,1776305333000
1776305335.536,235.536,0.41,0.42,0.58,0.59,0.01,0.01,74702.03,1776305334000
1776305335.975,235.975,0.41,0.42,0.58,0.59,0.01,0.01,74702.03,1776305334000
1776305336.5,236.5,0.41,0.42,0.58,0.59,0.01,0.01,74701.56,1776305335000
1776305336.997,236.997,0.41,0.42,0.58,0.59,0.01,0.01,74701.56,1776305335000
1776305337.371,237.371,0.41,0.42,0.58,0.59,0.01,0.01,74702.09,1776305336000
1776305337.812,237.812,0.39,0.41,0.58,0.59,0.02,0.01,74702.09,1776305336000
1776305338.175,238.175,0.39,0.4,0.6,0.61,0.01,0.01,74704.07,1776305337000
1776305338.539,238.539,0.36,0.37,0.62,0.64,0.01,0.02,74704.07,1776305337000
1776305338.876,238.876,0.36,0.37,0.63,0.64,0.01,0.01,74704.07,1776305337000
1776305339.238,239.238,0.35,0.37,0.63,0.64,0.02,0.01,74702.53,1776305338000
1776305339.602,239.602,0.34,0.36,0.64,0.66,0.02,0.02,74702.53,1776305338000
1776305339.942,239.942,0.34,0.35,0.65,0.66,0.01,0.01,74702.53,1776305338000
1776305340.332,240.332,0.34,0.35,0.65,0.66,0.01,0.01,74697.58,1776305339000
1776305340.717,240.717,0.32,0.33,0.66,0.68,0.01,0.02,74697.58,1776305339000
1776305341.161,241.161,0.32,0.33,0.67,0.68,0.01,0.01,74697.58,1776305339000
1776305341.549,241.549,0.29,0.3,0.69,0.7,0.01,0.01,74693.26,1776305340000
1776305341.951,241.951,0.27,0.28,0.72,0.73,0.01,0.01,74693.26,1776305340000
1776305342.297,242.297,0.26,0.27,0.72,0.74,0.01,0.02,74693.26,1776305340000
1776305342.677,242.677,0.25,0.27,0.73,0.74,0.02,0.01,74693.26,1776305340000
1776305343.064,243.064,0.24,0.25,0.74,0.76,0.01,0.02,74693.18,1776305341000
1776305343.411,243.411,0.21,0.25,0.75,0.79,0.04,0.04,74693.18,1776305341000
1776305343.801,243.801,0.21,0.23,0.77,0.78,0.02,0.01,74690.3,1776305342000
1776305344.142,244.142,0.21,0.22,0.78,0.79,0.01,0.01,74690.01,1776305343000
1776305344.51,244.51,0.21,0.22,0.78,0.79,0.01,0.01,74690.01,1776305343000
1776305344.857,244.857,0.21,0.22,0.78,0.79,0.01,0.01,74690.01,1776305343000
1776305345.294,245.294,0.2,0.21,0.79,0.8,0.01,0.01,74688.07,1776305344000
1776305345.634,245.634,0.2,0.21,0.79,0.8,0.01,0.01,74688.07,1776305344000
1776305346.065,246.065,0.2,0.21,0.79,0.8,0.01,0.01,74682.68,1776305345000
1776305346.434,246.434,0.19,0.2,0.79,0.81,0.01,0.02,74682.68,1776305345000
1776305346.785,246.785,0.18,0.2,0.8,0.82,0.02,0.02,74682.68,1776305345000
1776305347.128,247.128,0.19,0.2,0.79,0.81,0.01,0.02,74682.68,1776305345000
1776305347.47,247.47,0.2,0.21,0.79,0.8,0.01,0.01,74682.44,1776305346000
1776305347.893,247.893,0.21,0.22,0.78,0.79,0.01,0.01,74682.44,1776305346000
1776305348.278,248.278,0.21,0.25,0.75,0.79,0.04,0.04,74682.18,1776305347000
1776305348.627,248.627,0.23,0.24,0.75,0.77,0.01,0.02,74682.18,1776305347000
1776305348.995,248.995,0.23,0.24,0.76,0.77,0.01,0.01,74682.18,1776305347000
1776305349.371,249.371,0.26,0.27,0.74,0.75,0.01,0.01,74682.18,1776305348000
1776305349.777,249.777,0.27,0.28,0.72,0.73,0.01,0.01,74682.18,1776305348000
1776305350.145,250.145,0.26,0.27,0.73,0.74,0.01,0.01,74682.18,1776305348000
1776305350.48,250.48,0.26,0.27,0.73,0.74,0.01,0.01,74683.57,1776305349000
1776305350.818,250.818,0.26,0.27,0.73,0.74,0.01,0.01,74683.57,1776305349000
1776305351.158,251.158,0.18,0.19,0.81,0.82,0.01,0.01,74683.57,1776305349000
1776305351.496,251.496,0.17,0.19,0.81,0.82,0.02,0.01,74685.35,1776305350000
1776305351.86,251.86,0.17,0.18,0.82,0.83,0.01,0.01,74685.35,1776305350000
1776305352.28,252.28,0.17,0.18,0.82,0.83,0.01,0.01,74685.35,1776305350000
1776305352.657,252.657,0.19,0.22,0.8,0.81,0.03,0.01,74684.56,1776305351000
1776305353.016,253.016,0.23,0.24,0.76,0.78,0.01,0.02,74684.56,1776305351000
1776305353.392,253.392,0.23,0.24,0.76,0.77,0.01,0.01,74684.56,1776305351000
1776305353.913,253.913,0.24,0.25,0.75,0.77,0.01,0.02,74683.5,1776305352000
1776305354.287,254.287,0.25,0.26,0.74,0.75,0.01,0.01,74683.5,1776305353000
1776305354.659,254.659,0.21,0.23,0.75,0.76,0.02,0.01,74683.5,1776305353000
1776305355.031,255.031,0.21,0.22,0.78,0.79,0.01,0.01,74685.07,1776305354000
1776305355.366,255.366,0.2,0.21,0.78,0.8,0.01,0.02,74685.07,1776305354000
1776305355.716,255.716,0.2,0.21,0.79,0.8,0.01,0.01,74685.07,1776305354000
1776305356.064,256.064,0.19,0.2,0.8,0.81,0.01,0.01,74685.07,1776305354000
1776305356.492,256.492,0.19,0.2,0.8,0.81,0.01,0.01,74685.07,1776305354000
1776305356.857,256.857,0.2,0.21,0.79,0.81,0.01,0.02,74685.11,1776305355000
1776305357.228,257.228,0.2,0.22,0.78,0.8,0.02,0.02,74684.56,1776305356000
1776305357.634,257.634,0.17,0.19,0.8,0.84,0.02,0.04,74684.56,1776305356000
1776305358.051,258.051,0.15,0.16,0.83,0.85,0.01,0.02,74684.56,1776305356000
1776305358.395,258.395,0.11,0.15,0.85,0.89,0.04,0.04,74686.5,1776305357000
1776305358.829,258.829,0.11,0.12,0.88,0.89,0.01,0.01,74686.5,1776305357000
1776305359.201,259.201,0.11,0.12,0.88,0.89,0.01,0.01,74686.5,1776305357000
1776305359.542,259.542,0.11,0.12,0.88,0.89,0.01,0.01,74684.88,1776305358000
1776305359.875,259.875,0.1,0.11,0.89,0.9,0.01,0.01,74684.88,1776305358000
1776305360.294,260.294,0.09,0.1,0.9,0.91,0.01,0.01,74677.99,1776305359000
1776305360.703,260.703,0.09,0.1,0.9,0.91,0.01,0.01,74677.99,1776305359000
1776305361.097,261.097,0.08,0.09,0.9,0.91,0.01,0.01,74677.99,1776305359000
1776305361.433,261.433,0.08,0.09,0.91,0.92,0.01,0.01,74673.06,1776305360000
1776305361.85,261.85,0.08,0.09,0.91,0.92,0.01,0.01,74673.06,1776305360000
1776305362.191,262.191,0.08,0.1,0.91,0.92,0.02,0.01,74671.24,1776305361000
1776305362.566,262.566,0.1,0.11,0.89,0.9,0.01,0.01,74671.24,1776305361000
1776305362.908,262.908,0.09,0.1,0.9,0.91,0.01,0.01,74671.24,1776305361000
1776305363.307,263.307,0.09,0.11,0.9,0.91,0.02,0.01,74668.89,1776305362000
1776305363.754,263.754,0.1,0.11,0.89,0.9,0.01,0.01,74668.89,1776305362000
1776305364.116,264.116,0.1,0.11,0.89,0.9,0.01,0.01,74668.89,1776305363000
1776305364.484,264.484,0.11,0.12,0.88,0.89,0.01,0.01,74668.89,1776305363000
1776305364.865,264.865,0.11,0.12,0.88,0.89,0.01,0.01,74668.89,1776305363000
1776305365.209,265.209,0.09,0.1,0.9,0.91,0.01,0.01,74668.89,1776305363000
1776305365.655,265.655,0.08,0.09,0.91,0.92,0.01,0.01,74667.95,1776305364000
1776305366.1,266.1,0.07,0.08,0.92,0.93,0.01,0.01,74668.13,1776305365000
1776305366.434,266.434,0.07,0.08,0.92,0.93,0.01,0.01,74668.13,1776305365000
1776305366.798,266.798,0.04,0.05,0.95,0.97,0.01,0.02,74668.13,1776305365000
1776305367.131,267.131,0.03,0.06,0.93,0.97,0.03,0.04,74668.39,1776305366000
1776305367.514,267.514,0.02,0.03,0.96,0.98,0.01,0.02,74668.39,1776305366000
1776305367.85,267.85,0.02,0.03,0.97,0.98,0.01,0.01,74668.39,1776305366000
1776305368.198,268.198,0.01,0.02,0.98,0.99,0.01,0.01,74668.27,1776305367000
1776305368.572,268.572,0.02,0.03,0.97,0.98,0.01,0.01,74668.27,1776305367000
1776305368.909,268.909,0.02,0.03,0.97,0.98,0.01,0.01,74668.27,1776305367000
1776305369.299,269.299,0.02,0.03,0.97,0.98,0.01,0.01,74668.07,1776305368000
1776305369.674,269.674,0.01,0.02,0.98,0.99,0.01,0.01,74668.07,1776305368000
1776305370.009,270.009,0.01,0.02,0.97,0.99,0.01,0.02,74668.07,1776305368000
1776305370.367,270.367,0.01,0.02,0.98,0.99,0.01,0.01,74668.07,1776305368000
1776305370.709,270.709,0.01,0.02,0.98,0.99,0.01,0.01,74662.73,1776305369000
1776305371.095,271.095,0.01,0.02,0.98,0.99,0.01,0.01,74662.56,1776305370000
1776305371.493,271.493,0.01,0.02,0.98,0.99,0.01,0.01,74662.56,1776305370000
1776305371.841,271.841,0.01,0.02,0.98,0.99,0.01,0.01,74662.56,1776305370000
1776305372.176,272.176,0.01,0.02,0.98,0.99,0.01,0.01,74662.27,1776305371000
1776305372.514,272.514,0.01,0.02,0.98,0.99,0.01,0.01,74662.27,1776305371000
1776305372.912,272.912,0.01,0.02,0.98,0.99,0.01,0.01,74662.27,1776305371000
1776305373.367,273.367,0.01,0.02,0.98,0.99,0.01,0.01,74659.63,1776305372000
1776305373.708,273.708,0.01,0.02,0.98,0.99,0.01,0.01,74659.63,1776305372000
1776305374.075,274.075,0.01,0.02,0.98,0.99,0.01,0.01,74657.19,1776305373000
1776305374.429,274.429,0.01,0.02,0.98,0.99,0.01,0.01,74657.19,1776305373000
1776305374.985,274.985,0.01,0.02,0.98,0.99,0.01,0.01,74656.11,1776305374000
1776305375.395,275.395,0.01,0.02,0.98,0.99,0.01,0.01,74656.11,1776305374000
1776305375.789,275.789,0.01,0.02,0.98,0.99,0.01,0.01,74656.11,1776305374000
1776305376.137,276.137,0.01,0.02,0.98,0.99,0.01,0.01,74654.5,1776305375000
1776305376.604,276.604,0.01,0.01,0.99,0.99,0.0,0.0,74654.5,1776305375000
1776305376.944,276.944,0.01,0.01,0.99,0.99,0.0,0.0,74654.5,1776305375000
1776305377.304,277.304,0.01,0.01,0.99,0.99,0.0,0.0,74653.34,1776305376000
1776305377.801,277.801,0.01,0.01,0.99,0.99,0.0,0.0,74653.34,1776305376000
1776305378.233,278.233,0.01,0.01,0.99,0.99,0.0,0.0,74653.34,1776305377000
1776305378.787,278.787,0.01,0.02,0.98,0.99,0.01,0.01,74653.34,1776305377000
1776305379.129,279.129,0.01,0.02,0.98,0.99,0.01,0.01,74653.34,1776305377000
1776305379.474,279.474,0.02,0.02,0.99,0.98,0.0,-0.01,74651.71,1776305378000
1776305379.814,279.814,0.03,0.04,0.96,0.97,0.01,0.01,74651.71,1776305378000
1776305380.168,280.168,0.02,0.03,0.99,0.98,0.01,-0.01,74651.71,1776305378000
1776305380.599,280.599,0.02,0.03,0.97,0.98,0.01,0.01,74647.54,1776305379000
1776305381.115,281.115,0.02,0.02,0.97,0.98,0.0,0.01,74647.54,1776305379000
1776305381.466,281.466,0.02,0.01,0.99,0.98,-0.01,-0.01,74645.09,1776305380000
1776305381.815,281.815,0.02,0.02,0.98,0.98,0.0,0.0,74645.09,1776305380000
1776305382.168,282.168,0.01,0.04,0.96,0.99,0.03,0.03,74643.07,1776305381000
1776305382.547,282.547,0.02,0.03,0.97,0.98,0.01,0.01,74643.07,1776305381000
1776305382.941,282.941,0.01,0.05,0.98,0.99,0.04,0.01,74643.07,1776305381000
1776305383.278,283.278,0.02,0.03,0.97,0.98,0.01,0.01,74641.02,1776305382000
1776305383.689,283.689,0.02,0.01,0.99,0.98,-0.01,-0.01,74641.02,1776305382000
1776305384.293,284.293,0.02,0.01,0.99,0.98,-0.01,-0.01,74641.02,1776305382000
1776305384.776,284.776,0.02,0.01,0.99,0.98,-0.01,-0.01,74640.55,1776305383000
1776305385.223,285.223,0.02,0.01,0.99,0.98,-0.01,-0.01,74640.55,1776305383000
1776305385.713,285.713,0.02,0.01,0.99,0.98,-0.01,-0.01,74640.38,1776305384000
1776305386.079,286.079,0.02,0.01,0.99,0.98,-0.01,-0.01,74640.38,1776305384000
1776305386.49,286.49,0.02,0.01,0.99,0.98,-0.01,-0.01,74631.27,1776305385000
1776305387.238,287.238,0.02,0.01,0.99,0.98,-0.01,-0.01,74628.95,1776305386000
1776305387.763,287.763,0.02,0.01,0.99,0.98,-0.01,-0.01,74628.95,1776305386000
1776305388.674,288.674,0.02,0.01,0.99,0.98,-0.01,-0.01,74628.95,1776305386000
1776305389.35,289.35,0.02,0.01,0.99,0.98,-0.01,-0.01,74628.45,1776305388000
1776305389.957,289.957,0.02,0.01,0.99,0.98,-0.01,-0.01,74628.67,1776305389000
1776305390.449,290.449,0.02,0.01,0.99,0.98,-0.01,-0.01,74628.67,1776305389000
1776305391.333,291.333,0.02,0.01,0.99,0.98,-0.01,-0.01,74628.86,1776305390000
1776305392.549,292.549,0.02,0.01,0.99,0.98,-0.01,-0.01,74625.18,1776305391000
1776305393.437,293.437,0.02,0.01,0.99,0.98,-0.01,-0.01,74623.95,1776305392000
1776305394.036,294.036,0.02,0.01,0.99,0.98,-0.01,-0.01,74621.63,1776305393000
1776305394.869,294.869,0.02,0.01,0.99,0.98,-0.01,-0.01,74621.63,1776305393000
1776305395.331,295.331,0.02,0.01,0.99,0.98,-0.01,-0.01,74621.63,1776305393000
1776305396.261,296.261,0.02,0.01,0.99,0.98,-0.01,-0.01,74620.52,1776305395000
1776305397.546,297.546,0.02,0.01,0.99,0.98,-0.01,-0.01,74618.61,1776305396000
1776305398.245,298.245,0.02,0.01,0.99,0.98,-0.01,-0.01,74618.06,1776305397000
1776305399.631,299.631,0.02,0.01,0.99,0.98,-0.01,-0.01,74616.46,1776305398000
1776305400.242,300.242,0.02,0.01,0.99,0.98,-0.01,-0.01,74616.46,1776305398000
1776305400.684,300.684,0.02,0.01,0.99,0.98,-0.01,-0.01,74616.29,1776305399000
1776305401.109,301.109,0.02,0.01,0.99,0.98,-0.01,-0.01,74616.28,1776305400000
1776305402.057,302.057,0.02,0.01,0.99,0.98,-0.01,-0.01,74615.91,1776305401000

# RESULT,winner=Down,slug=btc-updown-5m-1776305100,ticks=671
