timestamp,elapsed_sec,up_bid,up_ask,down_bid,down_ask,up_spread,down_spread,btc_price,btc_oracle_ts
1775963400.641,0.641,0.51,0.52,0.48,0.49,0.01,0.01,71760.87,1775963399000
1775963400.998,0.998,0.51,0.52,0.48,0.49,0.01,0.01,71760.87,1775963399000
1775963401.459,1.459,0.51,0.52,0.48,0.49,0.01,0.01,71761.83,1775963400000
1775963401.888,1.888,0.56,0.57,0.43,0.44,0.01,0.01,71761.94,1775963401000
1775963402.281,2.281,0.56,0.57,0.43,0.44,0.01,0.01,71761.94,1775963401000
1775963402.623,2.623,0.56,0.57,0.43,0.44,0.01,0.01,71761.94,1775963401000
1775963403.066,3.066,0.54,0.55,0.45,0.46,0.01,0.01,71762.07,1775963402000
1775963403.604,3.604,0.53,0.54,0.46,0.47,0.01,0.01,71762.07,1775963402000
1775963404.114,4.114,0.53,0.54,0.46,0.47,0.01,0.01,71762.07,1775963402000
1775963404.628,4.628,0.53,0.55,0.46,0.48,0.02,0.02,71766.26,1775963403000
1775963404.964,4.964,0.49,0.5,0.5,0.51,0.01,0.01,71766.26,1775963403000
1775963405.327,5.327,0.49,0.5,0.5,0.51,0.01,0.01,71766.29,1775963404000
1775963405.702,5.702,0.49,0.5,0.5,0.51,0.01,0.01,71766.29,1775963404000
1775963406.152,6.152,0.49,0.5,0.5,0.51,0.01,0.01,71766.29,1775963404000
1775963406.558,6.558,0.49,0.5,0.5,0.51,0.01,0.01,71763.83,1775963405000
1775963406.904,6.904,0.49,0.5,0.5,0.51,0.01,0.01,71763.83,1775963405000
1775963407.282,7.282,0.49,0.5,0.5,0.51,0.01,0.01,71763.83,1775963406000
1775963407.653,7.653,0.49,0.5,0.5,0.51,0.01,0.01,71763.83,1775963406000
1775963408.053,8.053,0.49,0.5,0.5,0.51,0.01,0.01,71763.83,1775963406000
1775963408.588,8.588,0.49,0.5,0.5,0.51,0.01,0.01,71763.83,1775963406000
1775963409.113,9.113,0.49,0.5,0.5,0.51,0.01,0.01,71763.9,1775963408000
1775963409.581,9.581,0.49,0.5,0.5,0.51,0.01,0.01,71763.9,1775963408000
1775963410.05,10.05,0.49,0.5,0.5,0.51,0.01,0.01,71763.9,1775963408000
1775963410.405,10.405,0.49,0.5,0.5,0.51,0.01,0.01,71763.9,1775963409000
1775963410.798,10.798,0.49,0.5,0.5,0.51,0.01,0.01,71763.9,1775963409000
1775963411.142,11.142,0.49,0.5,0.5,0.51,0.01,0.01,71763.9,1775963410000
1775963411.583,11.583,0.49,0.5,0.5,0.51,0.01,0.01,71763.9,1775963410000
1775963412.024,12.024,0.49,0.5,0.5,0.51,0.01,0.01,71763.93,1775963411000
1775963412.394,12.394,0.49,0.5,0.5,0.51,0.01,0.01,71763.93,1775963411000
1775963412.739,12.739,0.49,0.5,0.5,0.51,0.01,0.01,71763.93,1775963411000
1775963413.101,13.101,0.49,0.5,0.5,0.51,0.01,0.01,71763.93,1775963411000
1775963413.592,13.592,0.49,0.5,0.5,0.51,0.01,0.01,71763.78,1775963412000
1775963413.966,13.966,0.49,0.5,0.5,0.51,0.01,0.01,71763.78,1775963412000
1775963414.371,14.371,0.43,0.46,0.54,0.55,0.03,0.01,71763.78,1775963413000
1775963414.75,14.75,0.41,0.43,0.57,0.59,0.02,0.02,71763.78,1775963413000
1775963415.102,15.102,0.41,0.42,0.58,0.59,0.01,0.01,71763.78,1775963413000
1775963415.802,15.802,0.42,0.43,0.57,0.59,0.01,0.02,71763.96,1775963414000
1775963416.163,16.163,0.42,0.43,0.57,0.58,0.01,0.01,71759.73,1775963415000
1775963416.537,16.537,0.43,0.44,0.56,0.57,0.01,0.01,71759.73,1775963415000
1775963416.938,16.938,0.43,0.44,0.56,0.57,0.01,0.01,71759.73,1775963415000
1775963417.283,17.283,0.43,0.44,0.56,0.57,0.01,0.01,71759.73,1775963415000
1775963417.639,17.639,0.43,0.44,0.56,0.57,0.01,0.01,71753.27,1775963416000
1775963418.015,18.015,0.43,0.44,0.56,0.57,0.01,0.01,71753.27,1775963416000
1775963418.396,18.396,0.43,0.44,0.56,0.57,0.01,0.01,71752.92,1775963417000
1775963418.783,18.783,0.43,0.45,0.55,0.56,0.02,0.01,71752.92,1775963417000
1775963419.118,19.118,0.43,0.46,0.56,0.57,0.03,0.01,71752.92,1775963418000
1775963419.453,19.453,0.43,0.44,0.56,0.58,0.01,0.02,71752.92,1775963418000
1775963419.868,19.868,0.45,0.49,0.53,0.55,0.04,0.02,71752.92,1775963418000
1775963420.341,20.341,0.45,0.46,0.53,0.55,0.01,0.02,71753.01,1775963419000
1775963420.718,20.718,0.45,0.46,0.53,0.54,0.01,0.01,71753.01,1775963419000
1775963421.321,21.321,0.45,0.46,0.53,0.54,0.01,0.01,71753.01,1775963419000
1775963421.966,21.966,0.45,0.46,0.54,0.55,0.01,0.01,71752,1775963421000
1775963422.308,22.308,0.45,0.46,0.54,0.55,0.01,0.01,71752,1775963421000
1775963422.683,22.683,0.41,0.42,0.56,0.6,0.01,0.04,71752,1775963421000
1775963423.076,23.076,0.4,0.41,0.58,0.59,0.01,0.01,71752,1775963421000
1775963423.423,23.423,0.4,0.41,0.59,0.6,0.01,0.01,71752,1775963421000
1775963423.801,23.801,0.41,0.42,0.59,0.6,0.01,0.01,71752,1775963421000
1775963424.156,24.156,0.41,0.42,0.58,0.59,0.01,0.01,71752,1775963421000
1775963424.536,24.536,0.4,0.41,0.57,0.6,0.01,0.03,71752,1775963421000
1775963424.883,24.883,0.41,0.42,0.58,0.59,0.01,0.01,71751.87,1775963422000
1775963425.218,25.218,0.39,0.42,0.6,0.61,0.03,0.01,71751.87,1775963422000
1775963425.565,25.565,0.42,0.43,0.57,0.59,0.01,0.02,71751.87,1775963422000
1775963425.941,25.941,0.4,0.41,0.58,0.59,0.01,0.01,71747.11,1775963424000
1775963426.331,26.331,0.39,0.44,0.6,0.61,0.05,0.01,71747.67,1775963425000
1775963426.74,26.74,0.41,0.42,0.58,0.59,0.01,0.01,71747.67,1775963425000
1775963427.201,27.201,0.39,0.41,0.59,0.6,0.02,0.01,71747.67,1775963425000
1775963427.67,27.67,0.37,0.39,0.61,0.62,0.02,0.01,71746.85,1775963426000
1775963428.062,28.062,0.37,0.38,0.61,0.62,0.01,0.01,71746.85,1775963426000
1775963428.504,28.504,0.39,0.4,0.6,0.63,0.01,0.03,71747.36,1775963427000
1775963428.872,28.872,0.4,0.46,0.59,0.6,0.06,0.01,71747.36,1775963427000
1775963429.243,29.243,0.39,0.5,0.5,0.61,0.11,0.11,71746.33,1775963428000
1775963429.645,29.645,0.44,0.45,0.55,0.56,0.01,0.01,71746.33,1775963428000
1775963430.023,30.023,0.48,0.49,0.51,0.58,0.01,0.07,71746.33,1775963428000
1775963430.358,30.358,0.39,0.48,0.52,0.61,0.09,0.09,71743.62,1775963429000
1775963430.752,30.752,0.37,0.38,0.62,0.63,0.01,0.01,71743.62,1775963429000
1775963431.169,31.169,0.38,0.39,0.62,0.63,0.01,0.01,71743.62,1775963429000
1775963431.637,31.637,0.35,0.39,0.61,0.62,0.04,0.01,71742.33,1775963430000
1775963431.982,31.982,0.36,0.37,0.63,0.64,0.01,0.01,71742.33,1775963430000
1775963432.385,32.385,0.36,0.37,0.63,0.64,0.01,0.01,71743.53,1775963431000
1775963432.775,32.775,0.38,0.39,0.61,0.62,0.01,0.01,71743.53,1775963431000
1775963433.197,33.197,0.39,0.4,0.59,0.62,0.01,0.03,71743.53,1775963431000
1775963433.531,33.531,0.39,0.4,0.6,0.61,0.01,0.01,71739.71,1775963432000
1775963434.04,34.04,0.35,0.36,0.64,0.65,0.01,0.01,71739.71,1775963432000
1775963434.59,34.59,0.37,0.38,0.61,0.65,0.01,0.04,71737.2,1775963433000
1775963435.077,35.077,0.38,0.39,0.61,0.63,0.01,0.02,71737.2,1775963433000
1775963435.453,35.453,0.38,0.4,0.62,0.63,0.02,0.01,71736.77,1775963434000
1775963435.944,35.944,0.39,0.4,0.6,0.61,0.01,0.01,71736.77,1775963434000
1775963436.446,36.446,0.37,0.38,0.62,0.63,0.01,0.01,71735.27,1775963435000
1775963436.785,36.785,0.34,0.35,0.65,0.66,0.01,0.01,71735.27,1775963435000
1775963437.427,37.427,0.33,0.34,0.66,0.67,0.01,0.01,71736.34,1775963436000
1775963437.854,37.854,0.23,0.24,0.73,0.78,0.01,0.05,71736.34,1775963436000
1775963438.196,38.196,0.23,0.26,0.75,0.77,0.03,0.02,71736.34,1775963436000
1775963438.626,38.626,0.26,0.27,0.71,0.75,0.01,0.04,71736.34,1775963436000
1775963438.991,38.991,0.27,0.28,0.72,0.73,0.01,0.01,71735.96,1775963437000
1775963439.397,39.397,0.3,0.31,0.69,0.73,0.01,0.04,71735.96,1775963437000
1775963439.86,39.86,0.31,0.32,0.66,0.69,0.01,0.03,71725.11,1775963438000
1775963440.218,40.218,0.35,0.38,0.63,0.65,0.03,0.02,71725.11,1775963438000
1775963440.585,40.585,0.32,0.33,0.67,0.68,0.01,0.01,71716.91,1775963439000
1775963440.919,40.919,0.36,0.37,0.63,0.64,0.01,0.01,71716.91,1775963439000
1775963441.279,41.279,0.42,0.43,0.57,0.58,0.01,0.01,71716.91,1775963439000
1775963441.62,41.62,0.4,0.41,0.59,0.6,0.01,0.01,71716.91,1775963439000
1775963441.997,41.997,0.39,0.4,0.6,0.61,0.01,0.01,71718.64,1775963440000
1775963442.353,42.353,0.42,0.45,0.57,0.58,0.03,0.01,71718.64,1775963440000
1775963442.691,42.691,0.42,0.43,0.57,0.58,0.01,0.01,71720.57,1775963441000
1775963443.048,43.048,0.44,0.47,0.55,0.56,0.03,0.01,71720.57,1775963441000
1775963443.44,43.44,0.43,0.44,0.54,0.57,0.01,0.03,71723.49,1775963442000
1775963443.918,43.918,0.42,0.44,0.56,0.57,0.02,0.01,71723.49,1775963442000
1775963444.302,44.302,0.41,0.43,0.56,0.61,0.02,0.05,71723.49,1775963442000
1775963444.641,44.641,0.41,0.42,0.58,0.59,0.01,0.01,71729.69,1775963443000
1775963445.09,45.09,0.38,0.4,0.6,0.62,0.02,0.02,71729.69,1775963443000
1775963445.498,45.498,0.38,0.39,0.6,0.61,0.01,0.01,71731.34,1775963444000
1775963446.315,46.315,0.38,0.4,0.59,0.6,0.02,0.01,71731.34,1775963444000
1775963446.687,46.687,0.39,0.4,0.6,0.61,0.01,0.01,71731.47,1775963445000
1775963447.021,47.021,0.39,0.4,0.6,0.61,0.01,0.01,71731.47,1775963445000
1775963447.613,47.613,0.39,0.4,0.6,0.63,0.01,0.03,71731.52,1775963446000
1775963448.095,48.095,0.39,0.4,0.6,0.62,0.01,0.02,71731.52,1775963446000
1775963448.532,48.532,0.39,0.4,0.6,0.62,0.01,0.02,71731.52,1775963446000
1775963448.936,48.936,0.38,0.39,0.6,0.63,0.01,0.03,71731.62,1775963447000
1775963449.338,49.338,0.38,0.39,0.61,0.62,0.01,0.01,71731.7,1775963448000
1775963449.681,49.681,0.41,0.42,0.58,0.59,0.01,0.01,71731.7,1775963448000
1775963450.061,50.061,0.41,0.42,0.58,0.59,0.01,0.01,71731.7,1775963448000
1775963450.589,50.589,0.38,0.39,0.61,0.62,0.01,0.01,71731.74,1775963449000
1775963450.944,50.944,0.38,0.39,0.61,0.62,0.01,0.01,71731.74,1775963449000
1775963451.425,51.425,0.37,0.39,0.61,0.62,0.02,0.01,71730.7,1775963450000
1775963451.883,51.883,0.37,0.38,0.62,0.63,0.01,0.01,71730.7,1775963450000
1775963452.321,52.321,0.37,0.38,0.62,0.64,0.01,0.02,71730.7,1775963450000
1775963452.807,52.807,0.32,0.38,0.62,0.68,0.06,0.06,71732.55,1775963451000
1775963453.184,53.184,0.36,0.37,0.63,0.64,0.01,0.01,71732.55,1775963452000
1775963453.763,53.763,0.36,0.37,0.63,0.64,0.01,0.01,71732.55,1775963452000
1775963454.099,54.099,0.36,0.37,0.63,0.64,0.01,0.01,71732.55,1775963452000
1775963454.455,54.455,0.36,0.37,0.63,0.64,0.01,0.01,71732.53,1775963453000
1775963454.849,54.849,0.36,0.37,0.63,0.64,0.01,0.01,71732.53,1775963453000
1775963455.291,55.291,0.36,0.37,0.63,0.64,0.01,0.01,71732.53,1775963454000
1775963455.628,55.628,0.36,0.37,0.63,0.64,0.01,0.01,71732.53,1775963454000
1775963456.015,56.015,0.36,0.37,0.63,0.64,0.01,0.01,71732.53,1775963454000
1775963456.482,56.482,0.36,0.37,0.63,0.64,0.01,0.01,71732.22,1775963455000
1775963457.368,57.368,0.36,0.37,0.63,0.64,0.01,0.01,71730.64,1775963456000
1775963457.715,57.715,0.34,0.36,0.64,0.66,0.02,0.02,71730.64,1775963456000
1775963458.097,58.097,0.34,0.35,0.65,0.66,0.01,0.01,71732.19,1775963457000
1775963458.59,58.59,0.34,0.35,0.65,0.66,0.01,0.01,71732.19,1775963457000
1775963459.154,59.154,0.34,0.35,0.65,0.66,0.01,0.01,71732.19,1775963457000
1775963459.612,59.612,0.28,0.29,0.65,0.72,0.01,0.07,71731.83,1775963458000
1775963459.95,59.95,0.3,0.31,0.69,0.7,0.01,0.01,71731.83,1775963458000
1775963460.314,60.314,0.34,0.35,0.65,0.66,0.01,0.01,71731.83,1775963458000
1775963460.656,60.656,0.36,0.37,0.63,0.65,0.01,0.02,71730.93,1775963459000
1775963461.006,61.006,0.36,0.37,0.63,0.64,0.01,0.01,71730.93,1775963460000
1775963461.351,61.351,0.34,0.35,0.65,0.66,0.01,0.01,71730.93,1775963460000
1775963461.714,61.714,0.31,0.35,0.65,0.67,0.04,0.02,71730.93,1775963460000
1775963462.053,62.053,0.31,0.32,0.68,0.69,0.01,0.01,71730.93,1775963460000
1775963462.401,62.401,0.3,0.32,0.68,0.7,0.02,0.02,71730.93,1775963461000
1775963462.758,62.758,0.28,0.29,0.7,0.72,0.01,0.02,71730.93,1775963461000
1775963463.128,63.128,0.28,0.29,0.71,0.72,0.01,0.01,71730.93,1775963461000
1775963463.575,63.575,0.28,0.29,0.71,0.72,0.01,0.01,71730.16,1775963462000
1775963463.963,63.963,0.27,0.28,0.72,0.73,0.01,0.01,71730.16,1775963462000
1775963464.381,64.381,0.26,0.28,0.72,0.73,0.02,0.01,71730.16,1775963462000
1775963464.817,64.817,0.26,0.27,0.73,0.74,0.01,0.01,71726.55,1775963463000
1775963465.163,65.163,0.26,0.27,0.73,0.74,0.01,0.01,71725.16,1775963464000
1775963465.515,65.515,0.26,0.27,0.73,0.74,0.01,0.01,71725.16,1775963464000
1775963466.036,66.036,0.26,0.27,0.73,0.74,0.01,0.01,71725.16,1775963464000
1775963466.613,66.613,0.26,0.27,0.73,0.74,0.01,0.01,71721.92,1775963465000
1775963467.033,67.033,0.27,0.28,0.72,0.74,0.01,0.02,71721.92,1775963465000
1775963467.381,67.381,0.26,0.27,0.73,0.74,0.01,0.01,71719.38,1775963466000
1775963467.749,67.749,0.25,0.27,0.74,0.75,0.02,0.01,71719.38,1775963466000
1775963468.365,68.365,0.26,0.27,0.74,0.75,0.01,0.01,71719.38,1775963466000
1775963468.777,68.777,0.25,0.26,0.74,0.75,0.01,0.01,71718.61,1775963467000
1775963469.114,69.114,0.27,0.28,0.72,0.74,0.01,0.02,71718.61,1775963468000
1775963469.625,69.625,0.27,0.28,0.72,0.73,0.01,0.01,71718.61,1775963468000
1775963469.958,69.958,0.27,0.28,0.72,0.73,0.01,0.01,71718.61,1775963468000
1775963470.327,70.327,0.26,0.27,0.72,0.74,0.01,0.02,71718.11,1775963469000
1775963471.033,71.033,0.25,0.27,0.73,0.74,0.02,0.01,71718.11,1775963469000
1775963471.431,71.431,0.23,0.24,0.76,0.78,0.01,0.02,71718.54,1775963470000
1775963471.779,71.779,0.23,0.24,0.76,0.77,0.01,0.01,71718.54,1775963470000
1775963472.241,72.241,0.22,0.24,0.76,0.78,0.02,0.02,71719.1,1775963471000
1775963472.574,72.574,0.22,0.23,0.77,0.78,0.01,0.01,71719.1,1775963471000
1775963473.015,73.015,0.22,0.23,0.77,0.78,0.01,0.01,71719.1,1775963471000
1775963473.516,73.516,0.22,0.23,0.77,0.78,0.01,0.01,71715.33,1775963472000
1775963473.86,73.86,0.22,0.23,0.76,0.77,0.01,0.01,71715.33,1775963472000
1775963474.274,74.274,0.22,0.23,0.76,0.78,0.01,0.02,71715.33,1775963472000
1775963474.654,74.654,0.22,0.23,0.76,0.77,0.01,0.01,71712.94,1775963473000
1775963475.189,75.189,0.23,0.24,0.76,0.77,0.01,0.01,71712.94,1775963473000
1775963475.558,75.558,0.23,0.24,0.76,0.77,0.01,0.01,71712.03,1775963474000
1775963475.901,75.901,0.23,0.24,0.75,0.77,0.01,0.02,71712.03,1775963474000
1775963476.283,76.283,0.23,0.24,0.76,0.77,0.01,0.01,71712.03,1775963474000
1775963476.661,76.661,0.23,0.24,0.76,0.77,0.01,0.01,71712.55,1775963475000
1775963477.001,77.001,0.23,0.24,0.76,0.77,0.01,0.01,71712.55,1775963475000
1775963477.335,77.335,0.21,0.22,0.78,0.79,0.01,0.01,71713.43,1775963476000
1775963477.902,77.902,0.21,0.22,0.78,0.79,0.01,0.01,71713.43,1775963476000
1775963478.254,78.254,0.22,0.23,0.77,0.78,0.01,0.01,71712.8,1775963477000
1775963478.602,78.602,0.21,0.22,0.78,0.79,0.01,0.01,71712.8,1775963477000
1775963478.967,78.967,0.19,0.2,0.78,0.79,0.01,0.01,71712.8,1775963477000
1775963479.419,79.419,0.18,0.2,0.8,0.81,0.02,0.01,71710.04,1775963478000
1775963479.798,79.798,0.18,0.19,0.81,0.82,0.01,0.01,71710.04,1775963478000
1775963480.138,80.138,0.18,0.19,0.81,0.82,0.01,0.01,71710.04,1775963479000
1775963480.611,80.611,0.17,0.19,0.81,0.82,0.02,0.01,71710.04,1775963479000
1775963480.954,80.954,0.18,0.19,0.81,0.82,0.01,0.01,71710.04,1775963479000
1775963481.316,81.316,0.17,0.18,0.81,0.83,0.01,0.02,71708.7,1775963480000
1775963481.699,81.699,0.17,0.2,0.82,0.83,0.03,0.01,71708.7,1775963480000
1775963482.079,82.079,0.19,0.2,0.8,0.81,0.01,0.01,71707.38,1775963481000
1775963482.476,82.476,0.15,0.16,0.84,0.85,0.01,0.01,71707.38,1775963481000
1775963482.835,82.835,0.15,0.16,0.84,0.85,0.01,0.01,71707.38,1775963481000
1775963483.474,83.474,0.15,0.16,0.84,0.85,0.01,0.01,71702.18,1775963482000
1775963483.873,83.873,0.15,0.16,0.84,0.85,0.01,0.01,71702.18,1775963482000
1775963484.227,84.227,0.14,0.15,0.85,0.86,0.01,0.01,71699.85,1775963483000
1775963484.575,84.575,0.13,0.14,0.86,0.87,0.01,0.01,71699.85,1775963483000
1775963484.912,84.912,0.13,0.14,0.86,0.87,0.01,0.01,71699.85,1775963483000
1775963485.258,85.258,0.13,0.14,0.86,0.87,0.01,0.01,71699.85,1775963483000
1775963485.68,85.68,0.13,0.14,0.86,0.87,0.01,0.01,71694.04,1775963484000
1775963486.044,86.044,0.12,0.13,0.86,0.88,0.01,0.02,71694.04,1775963484000
1775963486.524,86.524,0.12,0.13,0.87,0.88,0.01,0.01,71691.64,1775963485000
1775963486.966,86.966,0.16,0.17,0.83,0.84,0.01,0.01,71691.64,1775963485000
1775963487.323,87.323,0.16,0.17,0.83,0.84,0.01,0.01,71689.57,1775963486000
1775963487.97,87.97,0.16,0.17,0.83,0.84,0.01,0.01,71689.57,1775963486000
1775963488.319,88.319,0.16,0.17,0.83,0.84,0.01,0.01,71689.57,1775963486000
1775963488.844,88.844,0.16,0.17,0.83,0.84,0.01,0.01,71688.23,1775963487000
1775963489.198,89.198,0.16,0.17,0.83,0.84,0.01,0.01,71688.23,1775963487000
1775963489.542,89.542,0.12,0.14,0.86,0.87,0.02,0.01,71694.12,1775963488000
1775963489.929,89.929,0.12,0.14,0.86,0.88,0.02,0.02,71694.12,1775963488000
1775963490.438,90.438,0.12,0.13,0.87,0.88,0.01,0.01,71694.12,1775963489000
1775963490.805,90.805,0.12,0.13,0.87,0.88,0.01,0.01,71694.12,1775963489000
1775963491.315,91.315,0.12,0.13,0.87,0.88,0.01,0.01,71694.12,1775963489000
1775963491.783,91.783,0.11,0.12,0.88,0.89,0.01,0.01,71689.9,1775963490000
1775963492.132,92.132,0.12,0.13,0.87,0.88,0.01,0.01,71689.9,1775963490000
1775963492.538,92.538,0.11,0.12,0.88,0.89,0.01,0.01,71689.32,1775963491000
1775963492.884,92.884,0.12,0.13,0.87,0.88,0.01,0.01,71689.32,1775963491000
1775963493.229,93.229,0.13,0.14,0.86,0.87,0.01,0.01,71689.32,1775963491000
1775963493.623,93.623,0.14,0.15,0.85,0.87,0.01,0.02,71684.02,1775963492000
1775963494.026,94.026,0.12,0.13,0.86,0.87,0.01,0.01,71684.02,1775963492000
1775963494.371,94.371,0.1,0.13,0.87,0.88,0.03,0.01,71683.82,1775963493000
1775963494.709,94.709,0.09,0.1,0.9,0.91,0.01,0.01,71683.82,1775963493000
1775963495.082,95.082,0.1,0.11,0.89,0.9,0.01,0.01,71683.82,1775963493000
1775963495.417,95.417,0.11,0.13,0.88,0.89,0.02,0.01,71684.31,1775963494000
1775963495.76,95.76,0.16,0.17,0.83,0.84,0.01,0.01,71684.31,1775963494000
1775963496.11,96.11,0.15,0.16,0.83,0.85,0.01,0.02,71684.31,1775963494000
1775963496.444,96.444,0.14,0.15,0.85,0.86,0.01,0.01,71677.6,1775963495000
1775963497.015,97.015,0.14,0.15,0.85,0.87,0.01,0.02,71677.6,1775963495000
1775963497.506,97.506,0.14,0.15,0.85,0.86,0.01,0.01,71674.54,1775963496000
1775963497.844,97.844,0.14,0.15,0.85,0.86,0.01,0.01,71674.54,1775963496000
1775963498.197,98.197,0.13,0.15,0.85,0.87,0.02,0.02,71682.33,1775963497000
1775963499.161,99.161,0.14,0.15,0.85,0.86,0.01,0.01,71682.33,1775963497000
1775963499.674,99.674,0.13,0.14,0.86,0.87,0.01,0.01,71684.28,1775963498000
1775963500.44,100.44,0.13,0.14,0.86,0.87,0.01,0.01,71684.28,1775963498000
1775963500.826,100.826,0.13,0.14,0.86,0.87,0.01,0.01,71682.91,1775963499000
1775963501.188,101.188,0.13,0.14,0.86,0.87,0.01,0.01,71682.62,1775963500000
1775963501.544,101.544,0.13,0.14,0.86,0.87,0.01,0.01,71682.62,1775963500000
1775963502.046,102.046,0.13,0.14,0.86,0.87,0.01,0.01,71682.62,1775963500000
1775963502.382,102.382,0.12,0.14,0.86,0.87,0.02,0.01,71682.27,1775963501000
1775963503.067,103.067,0.11,0.12,0.88,0.89,0.01,0.01,71682.27,1775963501000
1775963503.445,103.445,0.11,0.12,0.88,0.89,0.01,0.01,71683.14,1775963502000
1775963503.972,103.972,0.11,0.12,0.88,0.89,0.01,0.01,71683.14,1775963502000
1775963504.31,104.31,0.11,0.12,0.88,0.89,0.01,0.01,71680.64,1775963503000
1775963504.684,104.684,0.11,0.13,0.88,0.89,0.02,0.01,71680.64,1775963503000
1775963505.072,105.072,0.14,0.15,0.86,0.87,0.01,0.01,71680.64,1775963503000
1775963506.101,106.101,0.15,0.16,0.84,0.85,0.01,0.01,71679.45,1775963504000
1775963506.551,106.551,0.13,0.14,0.85,0.89,0.01,0.04,71678.81,1775963505000
1775963507.032,107.032,0.12,0.14,0.86,0.88,0.02,0.02,71678.81,1775963505000
1775963508.159,108.159,0.13,0.14,0.86,0.87,0.01,0.01,71686.44,1775963507000
1775963509.081,109.081,0.13,0.14,0.86,0.87,0.01,0.01,71686.41,1775963508000
1775963509.528,109.528,0.13,0.14,0.86,0.87,0.01,0.01,71686.41,1775963508000
1775963510.049,110.049,0.13,0.14,0.86,0.87,0.01,0.01,71686.41,1775963509000
1775963510.673,110.673,0.13,0.14,0.86,0.87,0.01,0.01,71686.41,1775963509000
1775963511.375,111.375,0.13,0.14,0.86,0.87,0.01,0.01,71684.68,1775963510000
1775963511.837,111.837,0.11,0.13,0.86,0.88,0.02,0.02,71684.68,1775963510000
1775963512.469,112.469,0.11,0.12,0.87,0.89,0.01,0.02,71684.61,1775963511000
1775963512.868,112.868,0.11,0.12,0.88,0.89,0.01,0.01,71684.61,1775963511000
1775963513.463,113.463,0.12,0.13,0.87,0.88,0.01,0.01,71684.49,1775963512000
1775963513.911,113.911,0.12,0.14,0.87,0.88,0.02,0.01,71684.49,1775963512000
1775963514.467,114.467,0.13,0.14,0.86,0.88,0.01,0.02,71684.43,1775963513000
1775963514.89,114.89,0.13,0.14,0.86,0.87,0.01,0.01,71684.43,1775963513000
1775963515.256,115.256,0.13,0.14,0.86,0.87,0.01,0.01,71684.76,1775963514000
1775963515.936,115.936,0.13,0.14,0.86,0.87,0.01,0.01,71684.76,1775963514000
1775963516.462,116.462,0.13,0.14,0.86,0.87,0.01,0.01,71686.39,1775963515000
1775963516.937,116.937,0.13,0.14,0.86,0.87,0.01,0.01,71686.39,1775963515000
1775963518.15,118.15,0.13,0.14,0.86,0.87,0.01,0.01,71684.68,1775963517000
1775963518.875,118.875,0.12,0.13,0.87,0.88,0.01,0.01,71684.68,1775963517000
1775963519.537,119.537,0.12,0.13,0.87,0.88,0.01,0.01,71684.68,1775963518000
1775963520.157,120.157,0.12,0.13,0.87,0.88,0.01,0.01,71684.68,1775963518000
1775963520.545,120.545,0.11,0.12,0.87,0.88,0.01,0.01,71684.23,1775963519000
1775963520.959,120.959,0.1,0.12,0.88,0.89,0.02,0.01,71684.23,1775963519000
1775963521.554,121.554,0.1,0.11,0.89,0.9,0.01,0.01,71684.39,1775963520000
1775963521.888,121.888,0.08,0.1,0.9,0.92,0.02,0.02,71684.39,1775963520000
1775963522.226,122.226,0.08,0.09,0.91,0.92,0.01,0.01,71684.39,1775963520000
1775963522.591,122.591,0.07,0.08,0.92,0.93,0.01,0.01,71683.57,1775963521000
1775963522.943,122.943,0.08,0.1,0.91,0.92,0.02,0.01,71683.57,1775963521000
1775963523.284,123.284,0.09,0.1,0.9,0.91,0.01,0.01,71683.57,1775963521000
1775963523.625,123.625,0.09,0.1,0.9,0.91,0.01,0.01,71675.98,1775963522000
1775963523.989,123.989,0.09,0.1,0.9,0.91,0.01,0.01,71675.98,1775963523000
1775963524.42,124.42,0.09,0.1,0.9,0.91,0.01,0.01,71675.98,1775963523000
1775963524.821,124.821,0.1,0.11,0.89,0.9,0.01,0.01,71675.98,1775963523000
1775963525.218,125.218,0.1,0.11,0.89,0.9,0.01,0.01,71675.98,1775963523000
1775963525.576,125.576,0.1,0.11,0.89,0.9,0.01,0.01,71672.43,1775963524000
1775963525.939,125.939,0.09,0.1,0.9,0.91,0.01,0.01,71672.43,1775963524000
1775963526.296,126.296,0.09,0.11,0.9,0.91,0.02,0.01,71674.64,1775963525000
1775963526.634,126.634,0.1,0.11,0.89,0.9,0.01,0.01,71674.64,1775963525000
1775963527.13,127.13,0.09,0.11,0.89,0.9,0.02,0.01,71674.64,1775963525000
1775963527.485,127.485,0.09,0.1,0.89,0.91,0.01,0.02,71674.64,1775963525000
1775963527.842,127.842,0.09,0.1,0.9,0.91,0.01,0.01,71676.13,1775963526000
1775963528.716,128.716,0.09,0.1,0.9,0.91,0.01,0.01,71676.22,1775963527000
1775963529.152,129.152,0.07,0.08,0.92,0.93,0.01,0.01,71676.22,1775963527000
1775963529.613,129.613,0.07,0.08,0.92,0.93,0.01,0.01,71675.87,1775963528000
1775963530.055,130.055,0.07,0.08,0.92,0.93,0.01,0.01,71674.65,1775963529000
1775963530.458,130.458,0.07,0.08,0.92,0.93,0.01,0.01,71674.65,1775963529000
1775963530.881,130.881,0.07,0.08,0.92,0.93,0.01,0.01,71674.65,1775963529000
1775963531.475,131.475,0.07,0.08,0.92,0.93,0.01,0.01,71669.12,1775963530000
1775963531.83,131.83,0.07,0.08,0.92,0.93,0.01,0.01,71669.12,1775963530000
1775963532.224,132.224,0.07,0.08,0.92,0.93,0.01,0.01,71668.93,1775963531000
1775963532.618,132.618,0.07,0.08,0.92,0.93,0.01,0.01,71668.93,1775963531000
1775963532.958,132.958,0.08,0.09,0.91,0.93,0.01,0.02,71668.93,1775963531000
1775963533.334,133.334,0.08,0.09,0.91,0.92,0.01,0.01,71668.93,1775963531000
1775963534.354,134.354,0.08,0.09,0.91,0.92,0.01,0.01,71669.25,1775963533000
1775963534.941,134.941,0.08,0.09,0.91,0.92,0.01,0.01,71669.25,1775963533000
1775963535.362,135.362,0.08,0.09,0.91,0.92,0.01,0.01,71669.33,1775963534000
1775963535.969,135.969,0.08,0.09,0.91,0.92,0.01,0.01,71669.33,1775963534000
1775963536.492,136.492,0.08,0.09,0.91,0.92,0.01,0.01,71669.33,1775963534000
1775963536.895,136.895,0.08,0.09,0.91,0.92,0.01,0.01,71669.29,1775963535000
1775963537.409,137.409,0.08,0.09,0.91,0.92,0.01,0.01,71669.04,1775963536000
1775963538.082,138.082,0.08,0.09,0.91,0.92,0.01,0.01,71669.04,1775963536000
1775963538.453,138.453,0.08,0.09,0.91,0.92,0.01,0.01,71669.04,1775963536000
1775963538.906,138.906,0.08,0.09,0.91,0.92,0.01,0.01,71668.09,1775963537000
1775963539.244,139.244,0.08,0.09,0.91,0.92,0.01,0.01,71668.09,1775963537000
1775963540.113,140.113,0.08,0.09,0.91,0.92,0.01,0.01,71669.92,1775963538000
1775963540.563,140.563,0.08,0.09,0.91,0.92,0.01,0.01,71668.79,1775963539000
1775963541.044,141.044,0.09,0.1,0.9,0.91,0.01,0.01,71668.79,1775963539000
1775963541.486,141.486,0.09,0.1,0.9,0.91,0.01,0.01,71668.79,1775963539000
1775963542.115,142.115,0.1,0.11,0.89,0.91,0.01,0.02,71666.95,1775963540000
1775963542.578,142.578,0.1,0.11,0.89,0.9,0.01,0.01,71666.84,1775963541000
1775963542.965,142.965,0.1,0.11,0.89,0.9,0.01,0.01,71666.88,1775963542000
1775963543.371,143.371,0.1,0.11,0.89,0.9,0.01,0.01,71666.88,1775963542000
1775963543.832,143.832,0.1,0.11,0.89,0.9,0.01,0.01,71666.88,1775963542000
1775963544.281,144.281,0.1,0.11,0.89,0.9,0.01,0.01,71666.88,1775963542000
1775963544.81,144.81,0.1,0.11,0.89,0.9,0.01,0.01,71669.87,1775963543000
1775963545.22,145.22,0.09,0.1,0.9,0.91,0.01,0.01,71672.21,1775963544000
1775963545.691,145.691,0.11,0.12,0.88,0.91,0.01,0.03,71672.21,1775963544000
1775963546.097,146.097,0.09,0.1,0.9,0.91,0.01,0.01,71672.21,1775963544000
1775963546.45,146.45,0.09,0.1,0.9,0.91,0.01,0.01,71673.01,1775963545000
1775963546.816,146.816,0.1,0.11,0.89,0.91,0.01,0.02,71673.01,1775963545000
1775963547.177,147.177,0.1,0.11,0.89,0.9,0.01,0.01,71673.01,1775963546000
1775963547.583,147.583,0.1,0.11,0.89,0.9,0.01,0.01,71673.01,1775963546000
1775963548.046,148.046,0.08,0.09,0.91,0.92,0.01,0.01,71673.01,1775963546000
1775963548.508,148.508,0.08,0.09,0.91,0.92,0.01,0.01,71673.01,1775963546000
1775963548.957,148.957,0.08,0.09,0.91,0.92,0.01,0.01,71673.0,1775963547000
1775963549.313,149.313,0.08,0.09,0.91,0.92,0.01,0.01,71672.72,1775963548000
1775963549.681,149.681,0.08,0.09,0.91,0.92,0.01,0.01,71672.72,1775963548000
1775963550.156,150.156,0.08,0.09,0.91,0.92,0.01,0.01,71672.72,1775963548000
1775963550.514,150.514,0.08,0.09,0.91,0.92,0.01,0.01,71672.72,1775963548000
1775963550.971,150.971,0.08,0.09,0.91,0.92,0.01,0.01,71669.22,1775963549000
1775963551.304,151.304,0.08,0.09,0.91,0.92,0.01,0.01,71669.22,1775963549000
1775963551.717,151.717,0.08,0.11,0.91,0.92,0.03,0.01,71670.43,1775963550000
1775963552.072,152.072,0.09,0.1,0.89,0.92,0.01,0.03,71671.1,1775963551000
1775963552.874,152.874,0.09,0.1,0.9,0.91,0.01,0.01,71671.1,1775963551000
1775963553.23,153.23,0.09,0.1,0.9,0.91,0.01,0.01,71670.78,1775963552000
1775963553.584,153.584,0.1,0.11,0.89,0.91,0.01,0.02,71670.78,1775963552000
1775963554.498,154.498,0.11,0.12,0.88,0.89,0.01,0.01,71671.73,1775963553000
1775963555.032,155.032,0.11,0.12,0.88,0.89,0.01,0.01,71671.86,1775963554000
1775963555.895,155.895,0.11,0.12,0.88,0.89,0.01,0.01,71671.86,1775963554000
1775963556.288,156.288,0.1,0.12,0.88,0.9,0.02,0.02,71675.2,1775963555000
1775963556.686,156.686,0.1,0.11,0.89,0.9,0.01,0.01,71675.2,1775963555000
1775963557.108,157.108,0.11,0.12,0.88,0.89,0.01,0.01,71675.2,1775963555000
1775963557.458,157.458,0.11,0.12,0.88,0.89,0.01,0.01,71677.63,1775963556000
1775963557.9,157.9,0.11,0.12,0.88,0.89,0.01,0.01,71677.63,1775963556000
1775963558.264,158.264,0.11,0.12,0.88,0.89,0.01,0.01,71677.63,1775963557000
1775963558.79,158.79,0.11,0.12,0.88,0.89,0.01,0.01,71677.63,1775963557000
1775963559.369,159.369,0.11,0.12,0.88,0.89,0.01,0.01,71677.69,1775963558000
1775963559.743,159.743,0.1,0.12,0.88,0.89,0.02,0.01,71677.69,1775963558000
1775963560.146,160.146,0.1,0.11,0.89,0.9,0.01,0.01,71679.46,1775963559000
1775963560.541,160.541,0.11,0.12,0.88,0.9,0.01,0.02,71679.46,1775963559000
1775963561.522,161.522,0.1,0.11,0.88,0.9,0.01,0.02,71679.46,1775963559000
1775963561.888,161.888,0.1,0.11,0.89,0.9,0.01,0.01,71684.44,1775963560000
1775963562.483,162.483,0.09,0.11,0.89,0.91,0.02,0.02,71684.44,1775963561000
1775963563.594,163.594,0.1,0.11,0.89,0.9,0.01,0.01,71684.52,1775963562000
1775963564.061,164.061,0.09,0.1,0.9,0.91,0.01,0.01,71684.67,1775963563000
1775963564.452,164.452,0.09,0.11,0.9,0.91,0.02,0.01,71684.67,1775963563000
1775963564.832,164.832,0.09,0.1,0.89,0.9,0.01,0.01,71684.67,1775963563000
1775963565.183,165.183,0.1,0.11,0.89,0.9,0.01,0.01,71684.67,1775963563000
1775963565.988,165.988,0.1,0.11,0.89,0.91,0.01,0.02,71683.62,1775963564000
1775963566.749,166.749,0.1,0.12,0.89,0.9,0.02,0.01,71684.76,1775963565000
1775963567.288,167.288,0.12,0.13,0.87,0.88,0.01,0.01,71684.61,1775963566000
1775963567.815,167.815,0.11,0.12,0.88,0.89,0.01,0.01,71684.61,1775963566000
1775963568.346,168.346,0.11,0.12,0.88,0.89,0.01,0.01,71684.69,1775963567000
1775963568.799,168.799,0.1,0.12,0.88,0.89,0.02,0.01,71684.69,1775963567000
1775963569.176,169.176,0.1,0.12,0.88,0.9,0.02,0.02,71685.92,1775963568000
1775963569.818,169.818,0.1,0.11,0.88,0.9,0.01,0.02,71685.92,1775963568000
1775963570.391,170.391,0.1,0.11,0.89,0.9,0.01,0.01,71687.34,1775963569000
1775963571.085,171.085,0.1,0.11,0.89,0.9,0.01,0.01,71686.92,1775963570000
1775963571.904,171.904,0.1,0.11,0.89,0.9,0.01,0.01,71686.92,1775963570000
1775963572.652,172.652,0.1,0.11,0.89,0.9,0.01,0.01,71687.17,1775963571000
1775963572.998,172.998,0.1,0.11,0.89,0.9,0.01,0.01,71687.12,1775963572000
1775963573.841,173.841,0.1,0.11,0.89,0.9,0.01,0.01,71687.12,1775963572000
1775963574.197,174.197,0.1,0.11,0.89,0.9,0.01,0.01,71687.19,1775963573000
1775963574.957,174.957,0.1,0.11,0.89,0.9,0.01,0.01,71687.19,1775963574000
1775963575.319,175.319,0.1,0.11,0.89,0.9,0.01,0.01,71687.19,1775963574000
1775963575.754,175.754,0.1,0.12,0.89,0.9,0.02,0.01,71687.19,1775963574000
1775963576.487,176.487,0.1,0.12,0.88,0.9,0.02,0.02,71687.32,1775963575000
1775963576.885,176.885,0.11,0.12,0.88,0.89,0.01,0.01,71687.32,1775963575000
1775963577.241,177.241,0.11,0.12,0.88,0.89,0.01,0.01,71687.37,1775963576000
1775963577.755,177.755,0.11,0.12,0.88,0.89,0.01,0.01,71687.37,1775963576000
1775963578.169,178.169,0.11,0.12,0.88,0.89,0.01,0.01,71688.81,1775963577000
1775963578.572,178.572,0.13,0.15,0.86,0.87,0.02,0.01,71688.81,1775963577000
1775963578.91,178.91,0.15,0.17,0.84,0.86,0.02,0.02,71688.81,1775963577000
1775963579.252,179.252,0.19,0.2,0.8,0.81,0.01,0.01,71688.81,1775963577000
1775963579.608,179.608,0.18,0.2,0.8,0.81,0.02,0.01,71690.92,1775963578000
1775963579.973,179.973,0.16,0.17,0.83,0.84,0.01,0.01,71690.92,1775963578000
1775963580.368,180.368,0.15,0.16,0.83,0.85,0.01,0.02,71692.37,1775963579000
1775963580.758,180.758,0.13,0.14,0.85,0.86,0.01,0.01,71692.37,1775963579000
1775963581.51,181.51,0.13,0.14,0.86,0.87,0.01,0.01,71706.76,1775963580000
1775963581.859,181.859,0.13,0.14,0.86,0.87,0.01,0.01,71706.76,1775963580000
1775963582.269,182.269,0.13,0.14,0.86,0.87,0.01,0.01,71705.25,1775963581000
1775963582.662,182.662,0.11,0.14,0.86,0.87,0.03,0.01,71705.25,1775963581000
1775963583.202,183.202,0.1,0.11,0.89,0.9,0.01,0.01,71705.25,1775963581000
1775963583.64,183.64,0.1,0.11,0.89,0.9,0.01,0.01,71701.27,1775963582000
1775963584.103,184.103,0.1,0.11,0.89,0.9,0.01,0.01,71701.27,1775963583000
1775963584.455,184.455,0.1,0.11,0.89,0.9,0.01,0.01,71701.27,1775963583000
1775963584.962,184.962,0.1,0.11,0.89,0.9,0.01,0.01,71701.27,1775963583000
1775963585.31,185.31,0.08,0.09,0.91,0.92,0.01,0.01,71695.54,1775963584000
1775963585.884,185.884,0.09,0.11,0.88,0.91,0.02,0.03,71695.54,1775963584000
1775963586.242,186.242,0.11,0.12,0.89,0.9,0.01,0.01,71695.54,1775963584000
1775963586.61,186.61,0.11,0.12,0.88,0.89,0.01,0.01,71695.2,1775963585000
1775963587.122,187.122,0.1,0.12,0.88,0.9,0.02,0.02,71695.19,1775963586000
1775963588.035,188.035,0.11,0.12,0.88,0.89,0.01,0.01,71695.19,1775963586000
1775963588.398,188.398,0.11,0.12,0.88,0.89,0.01,0.01,71693.31,1775963587000
1775963588.821,188.821,0.11,0.12,0.88,0.89,0.01,0.01,71693.31,1775963587000
1775963589.581,189.581,0.1,0.11,0.89,0.9,0.01,0.01,71694.29,1775963588000
1775963590.449,190.449,0.1,0.11,0.89,0.9,0.01,0.01,71694.64,1775963589000
1775963590.833,190.833,0.11,0.12,0.89,0.9,0.01,0.01,71694.64,1775963589000
1775963591.404,191.404,0.11,0.13,0.88,0.89,0.02,0.01,71696.78,1775963590000
1775963591.745,191.745,0.14,0.15,0.85,0.86,0.01,0.01,71696.78,1775963590000
1775963592.446,192.446,0.14,0.15,0.85,0.86,0.01,0.01,71696.78,1775963590000
1775963593.279,193.279,0.14,0.15,0.85,0.86,0.01,0.01,71705.01,1775963592000
1775963593.737,193.737,0.14,0.15,0.85,0.86,0.01,0.01,71705.01,1775963592000
1775963594.268,194.268,0.14,0.15,0.85,0.86,0.01,0.01,71705.01,1775963592000
1775963594.65,194.65,0.14,0.15,0.85,0.86,0.01,0.01,71706.99,1775963593000
1775963595.327,195.327,0.14,0.15,0.85,0.86,0.01,0.01,71706.99,1775963593000
1775963595.777,195.777,0.14,0.15,0.85,0.86,0.01,0.01,71706.65,1775963594000
1775963596.453,196.453,0.14,0.15,0.85,0.86,0.01,0.01,71706.65,1775963595000
1775963596.832,196.832,0.14,0.15,0.85,0.86,0.01,0.01,71707.62,1775963596000
1775963597.266,197.266,0.14,0.15,0.85,0.86,0.01,0.01,71707.62,1775963596000
1775963597.647,197.647,0.14,0.15,0.85,0.86,0.01,0.01,71707.62,1775963596000
1775963598.048,198.048,0.17,0.18,0.83,0.86,0.01,0.03,71706.98,1775963597000
1775963598.529,198.529,0.17,0.18,0.82,0.83,0.01,0.01,71706.98,1775963597000
1775963598.911,198.911,0.18,0.19,0.82,0.83,0.01,0.01,71706.98,1775963597000
1775963599.52,199.52,0.19,0.2,0.8,0.81,0.01,0.01,71708.17,1775963598000
1775963600.622,200.622,0.19,0.2,0.8,0.81,0.01,0.01,71710.24,1775963599000
1775963601.017,201.017,0.18,0.19,0.81,0.82,0.01,0.01,71714.63,1775963600000
1775963601.656,201.656,0.18,0.19,0.81,0.82,0.01,0.01,71714.63,1775963600000
1775963602.651,202.651,0.18,0.19,0.81,0.82,0.01,0.01,71717.83,1775963601000
1775963602.987,202.987,0.17,0.18,0.81,0.83,0.01,0.02,71718.52,1775963602000
1775963603.549,203.549,0.18,0.19,0.81,0.82,0.01,0.01,71718.52,1775963602000
1775963603.919,203.919,0.18,0.19,0.81,0.82,0.01,0.01,71718.52,1775963602000
1775963604.256,204.256,0.19,0.2,0.8,0.81,0.01,0.01,71718.58,1775963603000
1775963604.632,204.632,0.18,0.19,0.81,0.82,0.01,0.01,71718.58,1775963603000
1775963604.974,204.974,0.17,0.19,0.81,0.83,0.02,0.02,71718.44,1775963604000
1775963605.464,205.464,0.18,0.19,0.81,0.82,0.01,0.01,71718.44,1775963604000
1775963606.21,206.21,0.19,0.2,0.81,0.82,0.01,0.01,71718.44,1775963604000
1775963606.658,206.658,0.18,0.19,0.8,0.81,0.01,0.01,71718.23,1775963605000
1775963607.01,207.01,0.17,0.2,0.8,0.81,0.03,0.01,71718.23,1775963605000
1775963607.448,207.448,0.19,0.2,0.8,0.82,0.01,0.02,71718.23,1775963605000
1775963608.197,208.197,0.19,0.2,0.81,0.82,0.01,0.01,71718.23,1775963605000
1775963608.576,208.576,0.19,0.21,0.8,0.81,0.02,0.01,71718.11,1775963606000
1775963608.933,208.933,0.2,0.21,0.79,0.8,0.01,0.01,71718.1,1775963607000
1775963609.387,209.387,0.2,0.21,0.79,0.8,0.01,0.01,71718.1,1775963607000
1775963609.739,209.739,0.2,0.21,0.79,0.8,0.01,0.01,71718.1,1775963607000
1775963610.435,210.435,0.17,0.18,0.81,0.82,0.01,0.01,71718.1,1775963608000
1775963610.781,210.781,0.18,0.19,0.81,0.82,0.01,0.01,71718.09,1775963609000
1775963611.182,211.182,0.2,0.21,0.8,0.81,0.01,0.01,71718.09,1775963609000
1775963612.019,212.019,0.17,0.19,0.81,0.82,0.02,0.01,71718.09,1775963610000
1775963612.499,212.499,0.17,0.18,0.81,0.82,0.01,0.01,71717.69,1775963611000
1775963613.159,213.159,0.17,0.18,0.82,0.83,0.01,0.01,71717.69,1775963611000
1775963613.584,213.584,0.2,0.21,0.79,0.83,0.01,0.04,71717.69,1775963611000
1775963613.977,213.977,0.17,0.18,0.82,0.83,0.01,0.01,71717.6,1775963612000
1775963614.393,214.393,0.17,0.18,0.82,0.83,0.01,0.01,71717.6,1775963613000
1775963614.742,214.742,0.19,0.2,0.8,0.81,0.01,0.01,71717.6,1775963613000
1775963615.098,215.098,0.19,0.2,0.79,0.81,0.01,0.02,71717.6,1775963613000
1775963615.802,215.802,0.19,0.2,0.79,0.81,0.01,0.02,71717.61,1775963614000
1775963616.356,216.356,0.18,0.2,0.8,0.83,0.02,0.03,71717.61,1775963614000
1775963616.748,216.748,0.2,0.21,0.79,0.8,0.01,0.01,71717.62,1775963615000
1775963617.121,217.121,0.19,0.2,0.8,0.81,0.01,0.01,71717.62,1775963615000
1775963617.748,217.748,0.19,0.2,0.8,0.81,0.01,0.01,71717.62,1775963616000
1775963618.664,218.664,0.19,0.2,0.79,0.81,0.01,0.02,71717.62,1775963616000
1775963619.545,219.545,0.19,0.2,0.8,0.81,0.01,0.01,71717.69,1775963617000
1775963620.295,220.295,0.19,0.2,0.8,0.81,0.01,0.01,71717.7,1775963619000
1775963621.025,221.025,0.19,0.2,0.8,0.81,0.01,0.01,71717.7,1775963620000
1775963621.895,221.895,0.19,0.2,0.8,0.81,0.01,0.01,71717.7,1775963620000
1775963622.358,222.358,0.19,0.2,0.8,0.81,0.01,0.01,71717.34,1775963621000
1775963623.118,223.118,0.19,0.2,0.8,0.81,0.01,0.01,71717.62,1775963622000
1775963624.307,224.307,0.18,0.19,0.81,0.82,0.01,0.01,71717.62,1775963622000
1775963625.127,225.127,0.18,0.19,0.81,0.82,0.01,0.01,71717.36,1775963623000
1775963625.687,225.687,0.18,0.19,0.81,0.82,0.01,0.01,71717.63,1775963624000
1775963626.17,226.17,0.18,0.19,0.81,0.82,0.01,0.01,71717.63,1775963625000
1775963626.521,226.521,0.18,0.19,0.81,0.82,0.01,0.01,71717.63,1775963625000
1775963627.133,227.133,0.18,0.19,0.81,0.82,0.01,0.01,71717.63,1775963626000
1775963627.642,227.642,0.18,0.19,0.81,0.82,0.01,0.01,71717.63,1775963626000
1775963628.09,228.09,0.16,0.19,0.81,0.84,0.03,0.03,71717.81,1775963627000
1775963628.498,228.498,0.17,0.18,0.82,0.84,0.01,0.02,71717.81,1775963627000
1775963629.042,229.042,0.17,0.18,0.82,0.83,0.01,0.01,71718.06,1775963628000
1775963629.409,229.409,0.16,0.17,0.82,0.83,0.01,0.01,71718.06,1775963628000
1775963630.021,230.021,0.16,0.17,0.83,0.84,0.01,0.01,71718.07,1775963629000
1775963630.454,230.454,0.16,0.17,0.83,0.84,0.01,0.01,71718.07,1775963629000
1775963630.931,230.931,0.15,0.17,0.83,0.84,0.02,0.01,71718.07,1775963629000
1775963631.332,231.332,0.15,0.16,0.84,0.85,0.01,0.01,71718.15,1775963630000
1775963631.969,231.969,0.18,0.19,0.84,0.85,0.01,0.01,71718.15,1775963630000
1775963632.331,232.331,0.18,0.19,0.81,0.82,0.01,0.01,71718.15,1775963631000
1775963632.911,232.911,0.18,0.19,0.81,0.82,0.01,0.01,71718.15,1775963631000
1775963633.273,233.273,0.19,0.2,0.8,0.81,0.01,0.01,71717.48,1775963632000
1775963633.636,233.636,0.19,0.2,0.8,0.81,0.01,0.01,71717.48,1775963632000
1775963634.002,234.002,0.18,0.2,0.8,0.82,0.02,0.02,71717.48,1775963632000
1775963634.468,234.468,0.18,0.2,0.81,0.82,0.02,0.01,71717.1,1775963633000
1775963634.887,234.887,0.19,0.2,0.8,0.81,0.01,0.01,71717.1,1775963633000
1775963635.597,235.597,0.19,0.2,0.8,0.81,0.01,0.01,71717.45,1775963634000
1775963635.937,235.937,0.19,0.2,0.8,0.81,0.01,0.01,71717.45,1775963634000
1775963636.401,236.401,0.19,0.2,0.8,0.82,0.01,0.02,71717.45,1775963635000
1775963636.971,236.971,0.18,0.19,0.81,0.82,0.01,0.01,71717.45,1775963635000
1775963637.379,237.379,0.18,0.19,0.81,0.82,0.01,0.01,71717.78,1775963636000
1775963637.784,237.784,0.18,0.19,0.81,0.82,0.01,0.01,71717.78,1775963636000
1775963638.117,238.117,0.18,0.2,0.81,0.82,0.02,0.01,71717.78,1775963636000
1775963638.526,238.526,0.19,0.2,0.8,0.81,0.01,0.01,71717.79,1775963637000
1775963638.93,238.93,0.18,0.19,0.8,0.82,0.01,0.02,71717.79,1775963637000
1775963639.325,239.325,0.18,0.2,0.81,0.82,0.02,0.01,71717.79,1775963638000
1775963639.718,239.718,0.18,0.2,0.8,0.81,0.02,0.01,71717.79,1775963638000
1775963640.158,240.158,0.19,0.2,0.8,0.81,0.01,0.01,71717.79,1775963638000
1775963640.502,240.502,0.19,0.2,0.8,0.81,0.01,0.01,71717.8,1775963639000
1775963640.836,240.836,0.2,0.21,0.79,0.8,0.01,0.01,71717.8,1775963639000
1775963641.202,241.202,0.2,0.21,0.79,0.8,0.01,0.01,71717.8,1775963639000
1775963641.585,241.585,0.2,0.21,0.79,0.81,0.01,0.02,71717.88,1775963640000
1775963641.947,241.947,0.23,0.24,0.76,0.78,0.01,0.02,71717.88,1775963640000
1775963642.408,242.408,0.23,0.24,0.76,0.77,0.01,0.01,71716.34,1775963641000
1775963642.748,242.748,0.26,0.27,0.73,0.74,0.01,0.01,71716.34,1775963641000
1775963643.093,243.093,0.25,0.26,0.74,0.76,0.01,0.02,71716.34,1775963641000
1775963643.47,243.47,0.25,0.26,0.74,0.75,0.01,0.01,71717.94,1775963642000
1775963643.989,243.989,0.23,0.25,0.74,0.77,0.02,0.03,71717.94,1775963642000
1775963644.365,244.365,0.19,0.2,0.8,0.81,0.01,0.01,71720.18,1775963643000
1775963644.781,244.781,0.21,0.22,0.78,0.79,0.01,0.01,71720.18,1775963643000
1775963645.149,245.149,0.2,0.22,0.78,0.8,0.02,0.02,71723.3,1775963644000
1775963645.495,245.495,0.19,0.27,0.73,0.81,0.08,0.08,71723.3,1775963644000
1775963645.898,245.898,0.21,0.23,0.73,0.81,0.02,0.08,71723.3,1775963644000
1775963646.238,246.238,0.24,0.25,0.75,0.76,0.01,0.01,71721.96,1775963645000
1775963646.62,246.62,0.21,0.22,0.77,0.78,0.01,0.01,71721.96,1775963645000
1775963647.143,247.143,0.2,0.21,0.78,0.81,0.01,0.03,71721.96,1775963645000
1775963647.486,247.486,0.21,0.22,0.78,0.79,0.01,0.01,71723.32,1775963646000
1775963647.918,247.918,0.21,0.22,0.78,0.79,0.01,0.01,71723.32,1775963647000
1775963648.848,248.848,0.2,0.21,0.8,0.81,0.01,0.01,71723.32,1775963647000
1775963649.21,249.21,0.2,0.21,0.79,0.8,0.01,0.01,71722.68,1775963648000
1775963650.155,250.155,0.2,0.21,0.79,0.8,0.01,0.01,71722.72,1775963649000
1775963650.512,250.512,0.2,0.21,0.79,0.8,0.01,0.01,71722.72,1775963649000
1775963650.867,250.867,0.2,0.21,0.79,0.8,0.01,0.01,71722.72,1775963649000
1775963651.239,251.239,0.2,0.21,0.79,0.8,0.01,0.01,71722.72,1775963649000
1775963651.665,251.665,0.2,0.21,0.79,0.8,0.01,0.01,71723.68,1775963650000
1775963652.202,252.202,0.2,0.21,0.79,0.8,0.01,0.01,71723.68,1775963650000
1775963652.55,252.55,0.2,0.21,0.79,0.8,0.01,0.01,71723.69,1775963651000
1775963653.136,253.136,0.19,0.2,0.79,0.81,0.01,0.02,71723.69,1775963651000
1775963653.738,253.738,0.18,0.2,0.8,0.81,0.02,0.01,71723.69,1775963652000
1775963654.496,254.496,0.19,0.2,0.8,0.82,0.01,0.02,71723.69,1775963653000
1775963654.906,254.906,0.19,0.2,0.8,0.81,0.01,0.01,71723.7,1775963654000
1775963655.351,255.351,0.2,0.21,0.79,0.8,0.01,0.01,71723.7,1775963654000
1775963655.973,255.973,0.18,0.21,0.79,0.8,0.03,0.01,71723.7,1775963654000
1775963656.34,256.34,0.19,0.2,0.8,0.81,0.01,0.01,71723.72,1775963655000
1775963656.915,256.915,0.19,0.2,0.8,0.81,0.01,0.01,71723.72,1775963655000
1775963657.526,257.526,0.2,0.21,0.8,0.81,0.01,0.01,71724.04,1775963656000
1775963657.859,257.859,0.24,0.25,0.77,0.78,0.01,0.01,71724.04,1775963656000
1775963658.288,258.288,0.29,0.32,0.7,0.71,0.03,0.01,71725.07,1775963657000
1775963658.668,258.668,0.39,0.4,0.6,0.62,0.01,0.02,71725.07,1775963657000
1775963659.002,259.002,0.44,0.45,0.55,0.56,0.01,0.01,71725.07,1775963657000
1775963659.394,259.394,0.44,0.45,0.55,0.56,0.01,0.01,71725.12,1775963658000
1775963659.752,259.752,0.36,0.41,0.57,0.6,0.05,0.03,71725.12,1775963658000
1775963660.106,260.106,0.37,0.38,0.62,0.63,0.01,0.01,71725.12,1775963658000
1775963660.47,260.47,0.35,0.36,0.64,0.65,0.01,0.01,71731.43,1775963659000
1775963660.822,260.822,0.39,0.4,0.59,0.6,0.01,0.01,71731.43,1775963659000
1775963661.187,261.187,0.38,0.39,0.6,0.62,0.01,0.02,71735.53,1775963660000
1775963661.616,261.616,0.35,0.36,0.64,0.65,0.01,0.01,71735.53,1775963660000
1775963662.0,262.0,0.33,0.34,0.64,0.66,0.01,0.02,71735.53,1775963660000
1775963662.373,262.373,0.35,0.36,0.56,0.66,0.01,0.1,71736.84,1775963661000
1775963662.743,262.743,0.34,0.36,0.64,0.65,0.02,0.01,71736.84,1775963661000
1775963663.184,263.184,0.34,0.35,0.65,0.66,0.01,0.01,71737.42,1775963662000
1775963663.53,263.53,0.31,0.32,0.66,0.67,0.01,0.01,71737.42,1775963662000
1775963664.072,264.072,0.31,0.32,0.68,0.69,0.01,0.01,71737.42,1775963662000
1775963664.405,264.405,0.32,0.33,0.67,0.69,0.01,0.02,71737.69,1775963663000
1775963664.754,264.754,0.4,0.41,0.59,0.62,0.01,0.03,71737.69,1775963663000
1775963665.091,265.091,0.44,0.48,0.52,0.57,0.04,0.05,71738.09,1775963664000
1775963665.449,265.449,0.47,0.5,0.52,0.53,0.03,0.01,71738.09,1775963664000
1775963665.787,265.787,0.49,0.5,0.5,0.51,0.01,0.01,71738.09,1775963664000
1775963666.122,266.122,0.49,0.5,0.5,0.51,0.01,0.01,71738.09,1775963664000
1775963666.467,266.467,0.61,0.66,0.42,0.46,0.05,0.04,71738.09,1775963664000
1775963666.811,266.811,0.64,0.65,0.35,0.36,0.01,0.01,71738.42,1775963665000
1775963667.145,267.145,0.65,0.68,0.32,0.33,0.03,0.01,71742.76,1775963666000
1775963667.511,267.511,0.69,0.7,0.3,0.31,0.01,0.01,71742.76,1775963666000
1775963667.845,267.845,0.63,0.64,0.36,0.37,0.01,0.01,71742.76,1775963666000
1775963668.198,268.198,0.41,0.42,0.58,0.59,0.01,0.01,71742.76,1775963666000
1775963668.541,268.541,0.42,0.43,0.57,0.58,0.01,0.01,71750.17,1775963667000
1775963668.9,268.9,0.42,0.44,0.57,0.58,0.02,0.01,71750.17,1775963667000
1775963669.256,269.256,0.43,0.44,0.56,0.57,0.01,0.01,71750.17,1775963667000
1775963669.621,269.621,0.42,0.43,0.56,0.57,0.01,0.01,71754.98,1775963668000
1775963669.976,269.976,0.29,0.33,0.67,0.71,0.04,0.04,71754.21,1775963669000
1775963670.312,270.312,0.3,0.31,0.68,0.7,0.01,0.02,71754.21,1775963669000
1775963670.652,270.652,0.37,0.38,0.62,0.63,0.01,0.01,71754.21,1775963669000
1775963671.017,271.017,0.38,0.39,0.59,0.62,0.01,0.03,71754.38,1775963670000
1775963671.366,271.366,0.37,0.38,0.62,0.63,0.01,0.01,71754.38,1775963670000
1775963671.753,271.753,0.37,0.38,0.62,0.63,0.01,0.01,71754.38,1775963670000
1775963672.291,272.291,0.18,0.4,0.6,0.82,0.22,0.22,71750.52,1775963671000
1775963672.715,272.715,0.3,0.31,0.69,0.7,0.01,0.01,71750.52,1775963671000
1775963673.151,273.151,0.31,0.32,0.68,0.69,0.01,0.01,71750.52,1775963671000
1775963673.536,273.536,0.28,0.39,0.68,0.71,0.11,0.03,71751.23,1775963672000
1775963673.899,273.899,0.35,0.36,0.64,0.65,0.01,0.01,71751.23,1775963672000
1775963674.29,274.29,0.32,0.33,0.66,0.67,0.01,0.01,71751.23,1775963672000
1775963674.664,274.664,0.32,0.33,0.67,0.68,0.01,0.01,71751.2,1775963673000
1775963675.187,275.187,0.34,0.36,0.66,0.67,0.02,0.01,71751.2,1775963673000
1775963675.556,275.556,0.4,0.41,0.57,0.61,0.01,0.04,71751.22,1775963674000
1775963675.914,275.914,0.22,0.23,0.77,0.78,0.01,0.01,71751.22,1775963675000
1775963676.273,276.273,0.23,0.24,0.76,0.77,0.01,0.01,71751.22,1775963675000
1775963676.741,276.741,0.24,0.25,0.75,0.76,0.01,0.01,71751.22,1775963675000
1775963677.105,277.105,0.24,0.26,0.75,0.76,0.02,0.01,71751.22,1775963675000
1775963677.46,277.46,0.27,0.28,0.72,0.73,0.01,0.01,71751.23,1775963676000
1775963677.799,277.799,0.24,0.25,0.75,0.76,0.01,0.01,71751.23,1775963676000
1775963678.166,278.166,0.26,0.28,0.69,0.75,0.02,0.06,71750.22,1775963677000
1775963678.506,278.506,0.17,0.18,0.81,0.82,0.01,0.01,71750.22,1775963677000
1775963678.849,278.849,0.19,0.2,0.8,0.81,0.01,0.01,71750.22,1775963677000
1775963679.202,279.202,0.12,0.13,0.86,0.88,0.01,0.02,71750.2,1775963678000
1775963679.591,279.591,0.15,0.17,0.84,0.85,0.02,0.01,71750.2,1775963678000
1775963679.948,279.948,0.16,0.17,0.83,0.84,0.01,0.01,71750.2,1775963678000
1775963680.314,280.314,0.25,0.26,0.74,0.75,0.01,0.01,71749.5,1775963679000
1775963680.717,280.717,0.17,0.45,0.79,0.82,0.28,0.03,71749.5,1775963679000
1775963681.06,281.06,0.17,0.18,0.8,0.82,0.01,0.02,71749.5,1775963679000
1775963681.411,281.411,0.21,0.3,0.67,0.68,0.09,0.01,71749.21,1775963680000
1775963681.975,281.975,0.21,0.27,0.78,0.79,0.06,0.01,71749.21,1775963680000
1775963682.319,282.319,0.24,0.45,0.75,0.78,0.21,0.03,71747.96,1775963681000
1775963682.701,282.701,0.31,0.32,0.68,0.69,0.01,0.01,71747.96,1775963681000
1775963683.076,283.076,0.35,0.36,0.64,0.65,0.01,0.01,71747.96,1775963681000
1775963683.533,283.533,0.42,0.43,0.57,0.58,0.01,0.01,71747.95,1775963682000
1775963683.881,283.881,0.35,0.36,0.63,0.64,0.01,0.01,71747.95,1775963682000
1775963684.295,284.295,0.36,0.37,0.55,0.65,0.01,0.1,71748.37,1775963683000
1775963684.692,284.692,0.33,0.34,0.64,0.68,0.01,0.04,71748.37,1775963683000
1775963685.032,285.032,0.36,0.37,0.66,0.67,0.01,0.01,71748.37,1775963683000
1775963685.393,285.393,0.33,0.34,0.63,0.66,0.01,0.03,71749.15,1775963684000
1775963685.81,285.81,0.35,0.36,0.61,0.68,0.01,0.07,71749.15,1775963684000
1775963686.236,286.236,0.22,0.31,0.69,0.78,0.09,0.09,71749.34,1775963685000
1775963686.573,286.573,0.22,0.23,0.77,0.78,0.01,0.01,71749.34,1775963685000
1775963686.936,286.936,0.1,0.11,0.87,0.9,0.01,0.03,71749.34,1775963685000
1775963687.292,287.292,0.1,0.11,0.79,0.9,0.01,0.11,71749.34,1775963686000
1775963687.664,287.664,0.61,0.62,0.38,0.39,0.01,0.01,71749.34,1775963686000
1775963688.005,288.005,0.62,0.63,0.37,0.38,0.01,0.01,71749.34,1775963686000
1775963688.355,288.355,0.62,0.63,0.37,0.38,0.01,0.01,71748.77,1775963687000
1775963688.695,288.695,0.73,0.74,0.26,0.37,0.01,0.11,71748.77,1775963687000
1775963689.055,289.055,0.71,0.74,0.25,0.3,0.03,0.05,71748.77,1775963687000
1775963689.421,289.421,0.75,0.76,0.24,0.26,0.01,0.02,71744.78,1775963688000
1775963689.823,289.823,0.69,0.7,0.3,0.31,0.01,0.01,71744.78,1775963688000
1775963690.234,290.234,0.69,0.73,0.27,0.31,0.04,0.04,71744.78,1775963689000
1775963690.591,290.591,0.73,0.75,0.24,0.25,0.02,0.01,71744.78,1775963689000
1775963690.943,290.943,0.74,0.79,0.25,0.26,0.05,0.01,71744.78,1775963689000
1775963691.323,291.323,0.78,0.79,0.21,0.22,0.01,0.01,71744.78,1775963689000
1775963691.657,291.657,0.78,0.8,0.2,0.22,0.02,0.02,71744.2,1775963690000
1775963692.046,292.046,0.78,0.79,0.2,0.22,0.01,0.02,71744.2,1775963690000
1775963692.38,292.38,0.78,0.8,0.2,0.22,0.02,0.02,71742.83,1775963691000
1775963692.725,292.725,0.75,0.76,0.23,0.28,0.01,0.05,71742.83,1775963691000
1775963693.121,293.121,0.73,0.74,0.26,0.27,0.01,0.01,71742.83,1775963691000
1775963693.516,293.516,0.74,0.81,0.27,0.28,0.07,0.01,71742.33,1775963692000
1775963693.851,293.851,0.95,0.96,0.04,0.05,0.01,0.01,71742.33,1775963692000
1775963694.192,294.192,0.95,0.97,0.03,0.05,0.02,0.02,71742.33,1775963692000
1775963694.527,294.527,0.96,0.98,0.02,0.03,0.02,0.01,71745.63,1775963693000
1775963694.907,294.907,0.97,0.98,0.02,0.03,0.01,0.01,71745.63,1775963693000
1775963695.266,295.266,0.95,0.98,0.02,0.04,0.03,0.02,71745.63,1775963693000
1775963695.692,295.692,0.96,0.97,0.03,0.04,0.01,0.01,71748.64,1775963694000
1775963696.054,296.054,0.96,0.98,0.02,0.04,0.02,0.02,71783.78,1775963695000
1775963696.395,296.395,0.94,0.96,0.03,0.07,0.02,0.04,71783.78,1775963695000
1775963696.741,296.741,0.95,0.98,0.02,0.04,0.03,0.02,71783.78,1775963695000
1775963697.105,297.105,0.98,0.99,0.02,0.03,0.01,0.01,71790.96,1775963696000
1775963697.452,297.452,0.98,0.99,0.01,0.02,0.01,0.01,71790.96,1775963696000
1775963697.793,297.793,0.98,0.99,0.01,0.02,0.01,0.01,71790.96,1775963696000
1775963698.155,298.155,0.98,0.99,0.01,0.02,0.01,0.01,71790.96,1775963696000
1775963698.489,298.489,0.98,0.99,0.01,0.02,0.01,0.01,71791.57,1775963697000
1775963698.923,298.923,0.99,0.99,0.01,0.01,0.0,0.0,71791.57,1775963697000
1775963699.36,299.36,0.99,0.99,0.01,0.01,0.0,0.0,71791.59,1775963698000
1775963699.694,299.694,0.99,0.99,0.01,0.01,0.0,0.0,71791.59,1775963698000
1775963700.034,300.034,0.99,0.99,0.01,0.01,0.0,0.0,71791.59,1775963698000
1775963700.452,300.452,0.99,0.99,0.01,0.01,0.0,0.0,71791.59,1775963698000
1775963701.291,301.291,0.99,0.99,0.01,0.01,0.0,0.0,71791.59,1775963700000
1775963702.561,302.561,0.99,0.99,0.01,0.01,0.0,0.0,71781.54,1775963701000

# RESULT,winner=Up,slug=btc-updown-5m-1775963400,ticks=673
