timestamp,elapsed_sec,up_bid,up_ask,down_bid,down_ask,up_spread,down_spread,btc_price,btc_oracle_ts
1776379200.64,0.64,0.54,0.55,0.45,0.46,0.01,0.01,74934.83,1776379199000
1776379201.05,1.05,0.54,0.55,0.45,0.46,0.01,0.01,74934.83,1776379199000
1776379201.482,1.482,0.54,0.55,0.45,0.46,0.01,0.01,74934.83,1776379199000
1776379202.33,2.33,0.54,0.55,0.45,0.46,0.01,0.01,74934.82,1776379200000
1776379202.677,2.677,0.53,0.55,0.45,0.47,0.02,0.02,74934.83,1776379201000
1776379203.069,3.069,0.51,0.55,0.45,0.48,0.04,0.03,74934.83,1776379201000
1776379203.433,3.433,0.5,0.55,0.45,0.5,0.05,0.05,74934.83,1776379202000
1776379203.787,3.787,0.5,0.55,0.45,0.5,0.05,0.05,74934.83,1776379202000
1776379204.125,4.125,0.5,0.55,0.45,0.5,0.05,0.05,74934.83,1776379202000
1776379204.473,4.473,0.5,0.55,0.45,0.5,0.05,0.05,74934.83,1776379202000
1776379204.815,4.815,0.5,0.55,0.45,0.5,0.05,0.05,74929.34,1776379203000
1776379205.242,5.242,0.48,0.53,0.47,0.52,0.05,0.05,74928.48,1776379204000
1776379205.599,5.599,0.48,0.52,0.48,0.52,0.04,0.04,74928.48,1776379204000
1776379205.939,5.939,0.48,0.51,0.48,0.52,0.03,0.04,74928.48,1776379204000
1776379206.279,6.279,0.45,0.46,0.54,0.55,0.01,0.01,74928.48,1776379204000
1776379206.619,6.619,0.45,0.46,0.54,0.55,0.01,0.01,74928.48,1776379204000
1776379206.981,6.981,0.45,0.46,0.54,0.55,0.01,0.01,74926.73,1776379205000
1776379207.33,7.33,0.45,0.46,0.54,0.55,0.01,0.01,74926.73,1776379205000
1776379207.669,7.669,0.45,0.46,0.54,0.55,0.01,0.01,74927.01,1776379206000
1776379208.067,8.067,0.45,0.46,0.54,0.55,0.01,0.01,74927.01,1776379206000
1776379208.424,8.424,0.45,0.46,0.54,0.55,0.01,0.01,74927.53,1776379207000
1776379208.802,8.802,0.45,0.46,0.54,0.55,0.01,0.01,74927.53,1776379207000
1776379209.151,9.151,0.45,0.46,0.54,0.55,0.01,0.01,74927.53,1776379207000
1776379209.613,9.613,0.45,0.46,0.54,0.55,0.01,0.01,74928.89,1776379208000
1776379210.269,10.269,0.45,0.46,0.54,0.55,0.01,0.01,74928.89,1776379208000
1776379211.26,11.26,0.45,0.46,0.54,0.55,0.01,0.01,74929.36,1776379209000
1776379211.699,11.699,0.45,0.46,0.54,0.55,0.01,0.01,74929.36,1776379209000
1776379212.093,12.093,0.45,0.46,0.54,0.55,0.01,0.01,74929.36,1776379209000
1776379212.473,12.473,0.45,0.46,0.54,0.55,0.01,0.01,74930.71,1776379211000
1776379212.967,12.967,0.45,0.46,0.54,0.55,0.01,0.01,74930.71,1776379211000
1776379213.754,13.754,0.45,0.46,0.54,0.55,0.01,0.01,74930.25,1776379212000
1776379214.137,14.137,0.45,0.46,0.54,0.55,0.01,0.01,74931.0,1776379213000
1776379214.797,14.797,0.45,0.46,0.54,0.55,0.01,0.01,74931.0,1776379213000
1776379215.168,15.168,0.45,0.46,0.54,0.55,0.01,0.01,74931.0,1776379213000
1776379215.628,15.628,0.45,0.46,0.54,0.55,0.01,0.01,74931.1,1776379214000
1776379216.01,16.01,0.45,0.46,0.54,0.55,0.01,0.01,74931.1,1776379214000
1776379216.414,16.414,0.45,0.46,0.54,0.55,0.01,0.01,74930.56,1776379215000
1776379216.949,16.949,0.45,0.46,0.54,0.55,0.01,0.01,74930.56,1776379215000
1776379217.333,17.333,0.46,0.47,0.53,0.55,0.01,0.02,74931.11,1776379216000
1776379218.087,18.087,0.46,0.47,0.53,0.54,0.01,0.01,74931.11,1776379217000
1776379218.453,18.453,0.47,0.48,0.52,0.53,0.01,0.01,74931.11,1776379217000
1776379218.81,18.81,0.5,0.51,0.49,0.5,0.01,0.01,74931.11,1776379217000
1776379219.221,19.221,0.5,0.51,0.49,0.5,0.01,0.01,74930.83,1776379218000
1776379219.563,19.563,0.51,0.52,0.48,0.49,0.01,0.01,74930.83,1776379218000
1776379219.899,19.899,0.51,0.52,0.48,0.49,0.01,0.01,74930.83,1776379218000
1776379220.287,20.287,0.51,0.52,0.48,0.49,0.01,0.01,74930.83,1776379218000
1776379220.944,20.944,0.51,0.52,0.48,0.49,0.01,0.01,74933.45,1776379219000
1776379221.299,21.299,0.51,0.52,0.48,0.49,0.01,0.01,74933.65,1776379220000
1776379221.838,21.838,0.51,0.52,0.48,0.49,0.01,0.01,74933.65,1776379220000
1776379223.442,23.442,0.52,0.53,0.47,0.49,0.01,0.02,74934.41,1776379221000
1776379223.846,23.846,0.55,0.56,0.44,0.45,0.01,0.01,74934.41,1776379221000
1776379224.583,24.583,0.57,0.58,0.41,0.44,0.01,0.03,74935.64,1776379223000
1776379224.967,24.967,0.57,0.58,0.42,0.43,0.01,0.01,74935.64,1776379223000
1776379225.4,25.4,0.57,0.6,0.4,0.43,0.03,0.03,74944.2,1776379224000
1776379225.839,25.839,0.59,0.6,0.4,0.41,0.01,0.01,74944.2,1776379224000
1776379226.478,26.478,0.61,0.62,0.38,0.39,0.01,0.01,74945.01,1776379225000
1776379226.888,26.888,0.62,0.63,0.37,0.38,0.01,0.01,74945.01,1776379225000
1776379227.249,27.249,0.62,0.63,0.37,0.38,0.01,0.01,74945.97,1776379226000
1776379227.62,27.62,0.62,0.64,0.36,0.38,0.02,0.02,74945.97,1776379226000
1776379227.955,27.955,0.65,0.67,0.34,0.35,0.02,0.01,74945.97,1776379226000
1776379228.306,28.306,0.68,0.69,0.31,0.32,0.01,0.01,74950.03,1776379227000
1776379228.646,28.646,0.68,0.7,0.3,0.32,0.02,0.02,74950.03,1776379227000
1776379229.271,29.271,0.69,0.7,0.3,0.31,0.01,0.01,74950.03,1776379227000
1776379229.609,29.609,0.69,0.7,0.3,0.31,0.01,0.01,74954.09,1776379228000
1776379230.002,30.002,0.69,0.7,0.3,0.31,0.01,0.01,74954.09,1776379228000
1776379230.374,30.374,0.69,0.7,0.3,0.31,0.01,0.01,74959.08,1776379229000
1776379230.851,30.851,0.69,0.71,0.29,0.31,0.02,0.02,74959.35,1776379230000
1776379231.201,31.201,0.7,0.71,0.29,0.3,0.01,0.01,74959.35,1776379230000
1776379231.766,31.766,0.7,0.71,0.29,0.3,0.01,0.01,74959.35,1776379230000
1776379232.262,32.262,0.7,0.71,0.29,0.3,0.01,0.01,74959.56,1776379231000
1776379232.628,32.628,0.7,0.71,0.29,0.3,0.01,0.01,74959.56,1776379231000
1776379233.014,33.014,0.7,0.71,0.29,0.3,0.01,0.01,74961.2,1776379232000
1776379233.392,33.392,0.7,0.71,0.29,0.3,0.01,0.01,74961.2,1776379232000
1776379233.901,33.901,0.71,0.72,0.28,0.3,0.01,0.02,74961.2,1776379232000
1776379234.235,34.235,0.71,0.72,0.28,0.29,0.01,0.01,74961.57,1776379233000
1776379234.615,34.615,0.71,0.72,0.28,0.29,0.01,0.01,74961.57,1776379233000
1776379235.032,35.032,0.71,0.72,0.28,0.29,0.01,0.01,74961.57,1776379233000
1776379235.423,35.423,0.71,0.72,0.28,0.29,0.01,0.01,74961.28,1776379234000
1776379235.83,35.83,0.71,0.72,0.28,0.29,0.01,0.01,74961.28,1776379234000
1776379237.165,37.165,0.71,0.72,0.28,0.29,0.01,0.01,74962.57,1776379236000
1776379237.498,37.498,0.71,0.76,0.26,0.29,0.05,0.03,74962.57,1776379236000
1776379237.859,37.859,0.79,0.81,0.19,0.29,0.02,0.1,74962.57,1776379236000
1776379238.221,38.221,0.82,0.86,0.14,0.19,0.04,0.05,74974.39,1776379237000
1776379238.555,38.555,0.83,0.85,0.15,0.17,0.02,0.02,74974.39,1776379237000
1776379238.888,38.888,0.82,0.83,0.15,0.18,0.01,0.03,74974.39,1776379237000
1776379239.23,39.23,0.82,0.83,0.17,0.18,0.01,0.01,74974.39,1776379237000
1776379239.62,39.62,0.82,0.83,0.17,0.18,0.01,0.01,75002.83,1776379238000
1776379240.149,40.149,0.82,0.83,0.17,0.18,0.01,0.01,75002.83,1776379238000
1776379240.529,40.529,0.82,0.83,0.17,0.18,0.01,0.01,74999.41,1776379239000
1776379240.888,40.888,0.82,0.83,0.17,0.18,0.01,0.01,74999.41,1776379239000
1776379241.446,41.446,0.82,0.83,0.17,0.18,0.01,0.01,74999.41,1776379239000
1776379241.783,41.783,0.82,0.83,0.17,0.18,0.01,0.01,74999.41,1776379239000
1776379242.374,42.374,0.82,0.83,0.17,0.18,0.01,0.01,74998.96,1776379241000
1776379242.807,42.807,0.82,0.83,0.17,0.18,0.01,0.01,74998.96,1776379241000
1776379243.229,43.229,0.82,0.83,0.17,0.18,0.01,0.01,74998.96,1776379241000
1776379243.571,43.571,0.82,0.83,0.17,0.18,0.01,0.01,74998.96,1776379241000
1776379243.936,43.936,0.82,0.84,0.17,0.18,0.02,0.01,74998.65,1776379242000
1776379244.465,44.465,0.83,0.84,0.16,0.17,0.01,0.01,74998.83,1776379243000
1776379244.849,44.849,0.83,0.84,0.16,0.17,0.01,0.01,74998.83,1776379243000
1776379245.204,45.204,0.83,0.84,0.16,0.17,0.01,0.01,74998.83,1776379243000
1776379245.574,45.574,0.82,0.83,0.17,0.18,0.01,0.01,74998.85,1776379244000
1776379245.911,45.911,0.82,0.83,0.17,0.18,0.01,0.01,74998.85,1776379244000
1776379246.262,46.262,0.82,0.83,0.17,0.18,0.01,0.01,74998.83,1776379245000
1776379246.612,46.612,0.82,0.83,0.17,0.18,0.01,0.01,74998.83,1776379245000
1776379247.125,47.125,0.82,0.83,0.17,0.18,0.01,0.01,74998.83,1776379245000
1776379247.538,47.538,0.82,0.83,0.17,0.18,0.01,0.01,74994.01,1776379246000
1776379247.887,47.887,0.82,0.83,0.17,0.18,0.01,0.01,74994.01,1776379246000
1776379248.228,48.228,0.82,0.83,0.17,0.18,0.01,0.01,74994.01,1776379246000
1776379248.81,48.81,0.82,0.83,0.17,0.18,0.01,0.01,74992.95,1776379247000
1776379249.239,49.239,0.82,0.83,0.17,0.18,0.01,0.01,74992.65,1776379248000
1776379249.833,49.833,0.82,0.83,0.17,0.18,0.01,0.01,74992.65,1776379248000
1776379250.444,50.444,0.82,0.83,0.17,0.18,0.01,0.01,74992.61,1776379249000
1776379250.779,50.779,0.82,0.83,0.17,0.18,0.01,0.01,74992.61,1776379249000
1776379251.27,51.27,0.82,0.83,0.17,0.18,0.01,0.01,74992.61,1776379249000
1776379251.699,51.699,0.82,0.83,0.17,0.18,0.01,0.01,74992.74,1776379250000
1776379252.063,52.063,0.82,0.83,0.17,0.18,0.01,0.01,74992.74,1776379250000
1776379252.538,52.538,0.82,0.83,0.17,0.18,0.01,0.01,74992.74,1776379251000
1776379253.168,53.168,0.82,0.83,0.17,0.18,0.01,0.01,74992.74,1776379251000
1776379253.648,53.648,0.82,0.83,0.17,0.18,0.01,0.01,74992.08,1776379252000
1776379254.44,54.44,0.82,0.83,0.17,0.18,0.01,0.01,74992.07,1776379253000
1776379254.773,54.773,0.82,0.83,0.17,0.18,0.01,0.01,74992.07,1776379253000
1776379255.13,55.13,0.82,0.83,0.17,0.18,0.01,0.01,74992.07,1776379254000
1776379255.839,55.839,0.82,0.83,0.17,0.18,0.01,0.01,74992.07,1776379254000
1776379256.247,56.247,0.82,0.83,0.17,0.18,0.01,0.01,74992.07,1776379254000
1776379256.713,56.713,0.82,0.83,0.17,0.18,0.01,0.01,74993.36,1776379255000
1776379257.058,57.058,0.8,0.82,0.18,0.2,0.02,0.02,74993.36,1776379255000
1776379257.422,57.422,0.79,0.8,0.2,0.21,0.01,0.01,74993.35,1776379256000
1776379257.765,57.765,0.79,0.8,0.2,0.21,0.01,0.01,74993.35,1776379256000
1776379258.134,58.134,0.79,0.8,0.2,0.21,0.01,0.01,74993.33,1776379257000
1776379258.752,58.752,0.79,0.8,0.2,0.21,0.01,0.01,74993.33,1776379257000
1776379259.09,59.09,0.79,0.8,0.2,0.21,0.01,0.01,74993.33,1776379257000
1776379259.517,59.517,0.79,0.8,0.2,0.21,0.01,0.01,74988.46,1776379258000
1776379259.906,59.906,0.79,0.8,0.2,0.21,0.01,0.01,74988.46,1776379258000
1776379260.372,60.372,0.79,0.8,0.2,0.21,0.01,0.01,74986.35,1776379259000
1776379260.778,60.778,0.79,0.8,0.2,0.21,0.01,0.01,74986.35,1776379259000
1776379261.227,61.227,0.79,0.8,0.2,0.21,0.01,0.01,74986.22,1776379260000
1776379261.63,61.63,0.79,0.8,0.2,0.21,0.01,0.01,74986.22,1776379260000
1776379261.977,61.977,0.79,0.8,0.2,0.21,0.01,0.01,74986.22,1776379260000
1776379262.317,62.317,0.79,0.8,0.2,0.21,0.01,0.01,74986.22,1776379261000
1776379262.817,62.817,0.79,0.8,0.2,0.21,0.01,0.01,74986.22,1776379261000
1776379263.16,63.16,0.77,0.78,0.2,0.23,0.01,0.03,74986.22,1776379262000
1776379263.566,63.566,0.76,0.77,0.23,0.24,0.01,0.01,74986.22,1776379262000
1776379263.965,63.965,0.76,0.77,0.23,0.24,0.01,0.01,74986.22,1776379262000
1776379264.778,64.778,0.76,0.77,0.23,0.24,0.01,0.01,74981.0,1776379263000
1776379265.114,65.114,0.74,0.76,0.24,0.25,0.02,0.01,74981.0,1776379263000
1776379265.46,65.46,0.71,0.73,0.27,0.29,0.02,0.02,74980.56,1776379264000
1776379265.899,65.899,0.7,0.72,0.27,0.3,0.02,0.03,74980.56,1776379264000
1776379266.26,66.26,0.71,0.72,0.28,0.29,0.01,0.01,74972.38,1776379265000
1776379267.011,67.011,0.7,0.71,0.29,0.3,0.01,0.01,74972.38,1776379265000
1776379267.38,67.38,0.7,0.72,0.29,0.3,0.02,0.01,74967.24,1776379266000
1776379267.867,67.867,0.7,0.71,0.29,0.3,0.01,0.01,74967.24,1776379266000
1776379268.251,68.251,0.7,0.71,0.29,0.3,0.01,0.01,74967.24,1776379266000
1776379268.83,68.83,0.7,0.71,0.29,0.3,0.01,0.01,74966.38,1776379267000
1776379269.165,69.165,0.7,0.71,0.29,0.3,0.01,0.01,74966.38,1776379267000
1776379269.781,69.781,0.7,0.71,0.29,0.3,0.01,0.01,74967.9,1776379268000
1776379270.116,70.116,0.7,0.71,0.29,0.3,0.01,0.01,74967.9,1776379268000
1776379270.482,70.482,0.7,0.71,0.29,0.3,0.01,0.01,74967.9,1776379268000
1776379270.82,70.82,0.7,0.71,0.29,0.3,0.01,0.01,74967.49,1776379269000
1776379271.359,71.359,0.7,0.71,0.29,0.3,0.01,0.01,74967.45,1776379270000
1776379271.903,71.903,0.7,0.71,0.29,0.3,0.01,0.01,74967.45,1776379270000
1776379272.24,72.24,0.7,0.71,0.29,0.3,0.01,0.01,74967.43,1776379271000
1776379272.918,72.918,0.7,0.71,0.29,0.3,0.01,0.01,74967.43,1776379271000
1776379273.254,73.254,0.7,0.71,0.29,0.3,0.01,0.01,74967.43,1776379271000
1776379273.651,73.651,0.7,0.71,0.29,0.3,0.01,0.01,74967.34,1776379272000
1776379273.99,73.99,0.7,0.71,0.29,0.3,0.01,0.01,74967.34,1776379273000
1776379274.804,74.804,0.7,0.71,0.29,0.3,0.01,0.01,74967.34,1776379273000
1776379275.254,75.254,0.71,0.72,0.28,0.3,0.01,0.02,74967.34,1776379273000
1776379275.646,75.646,0.71,0.72,0.28,0.29,0.01,0.01,74968.21,1776379274000
1776379276.021,76.021,0.71,0.72,0.28,0.29,0.01,0.01,74968.21,1776379274000
1776379276.411,76.411,0.71,0.72,0.28,0.29,0.01,0.01,74968.25,1776379275000
1776379276.899,76.899,0.71,0.72,0.28,0.29,0.01,0.01,74968.25,1776379275000
1776379277.303,77.303,0.71,0.72,0.28,0.29,0.01,0.01,74968.28,1776379276000
1776379277.682,77.682,0.71,0.72,0.28,0.29,0.01,0.01,74968.28,1776379276000
1776379278.185,78.185,0.71,0.72,0.28,0.29,0.01,0.01,74968.28,1776379277000
1776379278.848,78.848,0.71,0.72,0.28,0.29,0.01,0.01,74968.28,1776379277000
1776379279.209,79.209,0.71,0.72,0.28,0.29,0.01,0.01,74968.3,1776379278000
1776379280.373,80.373,0.7,0.71,0.29,0.3,0.01,0.01,74968.3,1776379279000
1776379281.119,81.119,0.69,0.71,0.29,0.3,0.02,0.01,74968.3,1776379279000
1776379281.541,81.541,0.69,0.71,0.29,0.31,0.02,0.02,74968.32,1776379280000
1776379281.881,81.881,0.68,0.71,0.29,0.32,0.03,0.03,74968.32,1776379280000
1776379282.232,82.232,0.67,0.69,0.31,0.33,0.02,0.02,74960.17,1776379281000
1776379282.691,82.691,0.67,0.68,0.32,0.34,0.01,0.02,74960.17,1776379281000
1776379283.089,83.089,0.66,0.67,0.33,0.35,0.01,0.02,74960.17,1776379281000
1776379283.482,83.482,0.65,0.66,0.33,0.35,0.01,0.02,74956.46,1776379282000
1776379283.979,83.979,0.65,0.66,0.34,0.35,0.01,0.01,74956.46,1776379282000
1776379284.495,84.495,0.65,0.66,0.34,0.35,0.01,0.01,74956.46,1776379282000
1776379284.877,84.877,0.65,0.66,0.34,0.35,0.01,0.01,74957.28,1776379283000
1776379285.646,85.646,0.65,0.66,0.34,0.35,0.01,0.01,74957.79,1776379284000
1776379286.055,86.055,0.65,0.66,0.34,0.35,0.01,0.01,74957.79,1776379284000
1776379286.501,86.501,0.65,0.66,0.34,0.35,0.01,0.01,74957.8,1776379285000
1776379286.837,86.837,0.65,0.66,0.34,0.35,0.01,0.01,74957.8,1776379285000
1776379287.221,87.221,0.65,0.66,0.34,0.35,0.01,0.01,74957.8,1776379285000
1776379287.754,87.754,0.65,0.66,0.34,0.35,0.01,0.01,74957.8,1776379286000
1776379288.105,88.105,0.65,0.66,0.34,0.35,0.01,0.01,74957.8,1776379286000
1776379288.522,88.522,0.65,0.66,0.34,0.35,0.01,0.01,74957.8,1776379287000
1776379289.111,89.111,0.65,0.66,0.34,0.35,0.01,0.01,74957.8,1776379288000
1776379289.508,89.508,0.65,0.66,0.34,0.35,0.01,0.01,74957.8,1776379288000
1776379290.206,90.206,0.65,0.66,0.34,0.35,0.01,0.01,74957.8,1776379288000
1776379290.56,90.56,0.65,0.66,0.34,0.35,0.01,0.01,74957.81,1776379289000
1776379290.895,90.895,0.65,0.66,0.34,0.35,0.01,0.01,74957.81,1776379289000
1776379291.362,91.362,0.65,0.66,0.34,0.35,0.01,0.01,74957.81,1776379289000
1776379291.835,91.835,0.65,0.66,0.34,0.35,0.01,0.01,74957.67,1776379290000
1776379292.228,92.228,0.65,0.66,0.34,0.35,0.01,0.01,74957.03,1776379291000
1776379292.622,92.622,0.65,0.66,0.34,0.35,0.01,0.01,74957.03,1776379291000
1776379293.093,93.093,0.65,0.66,0.34,0.35,0.01,0.01,74957.03,1776379292000
1776379293.486,93.486,0.65,0.66,0.34,0.35,0.01,0.01,74957.03,1776379292000
1776379294.182,94.182,0.65,0.66,0.34,0.35,0.01,0.01,74957.02,1776379293000
1776379295.053,95.053,0.65,0.66,0.34,0.35,0.01,0.01,74957.02,1776379293000
1776379295.574,95.574,0.65,0.66,0.34,0.35,0.01,0.01,74957.02,1776379294000
1776379296.558,96.558,0.65,0.66,0.34,0.35,0.01,0.01,74957.01,1776379295000
1776379296.918,96.918,0.6,0.63,0.37,0.4,0.03,0.03,74957.01,1776379295000
1776379297.306,97.306,0.58,0.6,0.4,0.42,0.02,0.02,74956.48,1776379296000
1776379297.68,97.68,0.58,0.6,0.4,0.41,0.02,0.01,74956.48,1776379296000
1776379298.069,98.069,0.58,0.59,0.41,0.42,0.01,0.01,74956.48,1776379296000
1776379298.421,98.421,0.58,0.59,0.41,0.42,0.01,0.01,74947.77,1776379297000
1776379298.796,98.796,0.57,0.58,0.42,0.43,0.01,0.01,74947.77,1776379297000
1776379299.148,99.148,0.57,0.58,0.42,0.43,0.01,0.01,74947.77,1776379297000
1776379299.505,99.505,0.57,0.58,0.42,0.43,0.01,0.01,74946.49,1776379298000
1776379299.865,99.865,0.57,0.58,0.42,0.43,0.01,0.01,74946.49,1776379298000
1776379300.238,100.238,0.57,0.58,0.42,0.43,0.01,0.01,74946.49,1776379299000
1776379300.821,100.821,0.57,0.58,0.42,0.43,0.01,0.01,74946.49,1776379299000
1776379301.342,101.342,0.57,0.58,0.42,0.43,0.01,0.01,74946.49,1776379299000
1776379301.836,101.836,0.57,0.58,0.42,0.43,0.01,0.01,74946.49,1776379299000
1776379302.174,102.174,0.57,0.58,0.42,0.43,0.01,0.01,74947.1,1776379300000
1776379302.533,102.533,0.56,0.57,0.42,0.44,0.01,0.02,74947.1,1776379300000
1776379302.916,102.916,0.54,0.56,0.44,0.46,0.02,0.02,74946.51,1776379301000
1776379303.275,103.275,0.53,0.54,0.45,0.46,0.01,0.01,74946.51,1776379301000
1776379303.638,103.638,0.53,0.54,0.46,0.47,0.01,0.01,74944.68,1776379302000
1776379304.057,104.057,0.52,0.53,0.47,0.48,0.01,0.01,74944.68,1776379302000
1776379304.724,104.724,0.52,0.54,0.47,0.48,0.02,0.01,74940.59,1776379303000
1776379305.228,105.228,0.57,0.58,0.43,0.46,0.01,0.03,74940.59,1776379303000
1776379305.633,105.633,0.58,0.59,0.42,0.43,0.01,0.01,74939.83,1776379304000
1776379306.009,106.009,0.58,0.59,0.41,0.42,0.01,0.01,74939.83,1776379304000
1776379306.368,106.368,0.58,0.59,0.41,0.42,0.01,0.01,74939.84,1776379305000
1776379306.793,106.793,0.59,0.6,0.41,0.42,0.01,0.01,74939.84,1776379305000
1776379307.19,107.19,0.59,0.6,0.4,0.41,0.01,0.01,74939.84,1776379305000
1776379307.562,107.562,0.59,0.6,0.4,0.41,0.01,0.01,74944.93,1776379306000
1776379308.027,108.027,0.59,0.6,0.4,0.41,0.01,0.01,74944.93,1776379306000
1776379308.487,108.487,0.63,0.64,0.37,0.4,0.01,0.03,74945.52,1776379307000
1776379308.846,108.846,0.63,0.64,0.36,0.37,0.01,0.01,74945.52,1776379307000
1776379309.441,109.441,0.63,0.64,0.36,0.37,0.01,0.01,74946.34,1776379308000
1776379310.042,110.042,0.63,0.64,0.36,0.37,0.01,0.01,74948.73,1776379309000
1776379311.291,111.291,0.63,0.64,0.36,0.37,0.01,0.01,74950.5,1776379310000
1776379311.838,111.838,0.63,0.64,0.36,0.37,0.01,0.01,74950.5,1776379310000
1776379312.227,112.227,0.63,0.64,0.36,0.37,0.01,0.01,74950.5,1776379310000
1776379312.799,112.799,0.63,0.64,0.36,0.37,0.01,0.01,74950.95,1776379311000
1776379313.671,113.671,0.63,0.64,0.36,0.37,0.01,0.01,74950.95,1776379312000
1776379314.239,114.239,0.63,0.65,0.36,0.37,0.02,0.01,74950.95,1776379312000
1776379314.75,114.75,0.64,0.65,0.35,0.36,0.01,0.01,74950.68,1776379313000
1776379315.204,115.204,0.64,0.65,0.35,0.36,0.01,0.01,74950.68,1776379313000
1776379315.673,115.673,0.64,0.65,0.35,0.36,0.01,0.01,74950.43,1776379314000
1776379316.007,116.007,0.64,0.65,0.35,0.36,0.01,0.01,74950.43,1776379315000
1776379316.349,116.349,0.64,0.66,0.35,0.36,0.02,0.01,74950.43,1776379315000
1776379316.941,116.941,0.65,0.67,0.34,0.36,0.02,0.02,74950.43,1776379315000
1776379317.411,117.411,0.66,0.67,0.33,0.34,0.01,0.01,74950.43,1776379315000
1776379317.97,117.97,0.66,0.67,0.33,0.34,0.01,0.01,74950.67,1776379316000
1776379318.393,118.393,0.66,0.67,0.33,0.34,0.01,0.01,74950.67,1776379316000
1776379318.892,118.892,0.66,0.67,0.33,0.34,0.01,0.01,74950.92,1776379317000
1776379319.299,119.299,0.67,0.68,0.32,0.34,0.01,0.02,74951.04,1776379318000
1776379319.745,119.745,0.67,0.68,0.32,0.33,0.01,0.01,74951.04,1776379318000
1776379320.129,120.129,0.67,0.68,0.32,0.33,0.01,0.01,74951.04,1776379318000
1776379320.473,120.473,0.67,0.69,0.32,0.33,0.02,0.01,74951.04,1776379318000
1776379320.899,120.899,0.68,0.69,0.31,0.32,0.01,0.01,74951.91,1776379319000
1776379321.828,121.828,0.68,0.69,0.31,0.32,0.01,0.01,74951.91,1776379320000
1776379322.165,122.165,0.68,0.7,0.3,0.32,0.02,0.02,74951.91,1776379320000
1776379322.519,122.519,0.68,0.69,0.31,0.32,0.01,0.01,74951.91,1776379320000
1776379323.158,123.158,0.68,0.69,0.31,0.32,0.01,0.01,74952.52,1776379321000
1776379324.159,124.159,0.68,0.69,0.31,0.32,0.01,0.01,74952.32,1776379323000
1776379324.558,124.558,0.63,0.67,0.33,0.35,0.04,0.02,74952.32,1776379323000
1776379324.913,124.913,0.59,0.62,0.36,0.4,0.03,0.04,74952.32,1776379323000
1776379325.279,125.279,0.56,0.58,0.42,0.44,0.02,0.02,74952.32,1776379323000
1776379325.655,125.655,0.52,0.57,0.43,0.48,0.05,0.05,74952.32,1776379323000
1776379325.993,125.993,0.55,0.57,0.43,0.45,0.02,0.02,74948.26,1776379324000
1776379326.469,126.469,0.52,0.54,0.46,0.48,0.02,0.02,74938.5,1776379325000
1776379327.279,127.279,0.52,0.54,0.46,0.48,0.02,0.02,74937.78,1776379326000
1776379328.441,128.441,0.52,0.53,0.46,0.48,0.01,0.02,74937.78,1776379326000
1776379328.824,128.824,0.52,0.53,0.47,0.48,0.01,0.01,74936.53,1776379327000
1776379329.42,129.42,0.52,0.53,0.47,0.49,0.01,0.02,74936.53,1776379327000
1776379329.835,129.835,0.5,0.52,0.47,0.5,0.02,0.03,74936.88,1776379328000
1776379330.341,130.341,0.51,0.52,0.48,0.49,0.01,0.01,74936.94,1776379329000
1776379330.981,130.981,0.51,0.52,0.48,0.49,0.01,0.01,74936.94,1776379329000
1776379331.336,131.336,0.51,0.52,0.48,0.49,0.01,0.01,74936.9,1776379330000
1776379331.7,131.7,0.51,0.52,0.48,0.49,0.01,0.01,74936.9,1776379330000
1776379332.128,132.128,0.51,0.52,0.48,0.49,0.01,0.01,74936.9,1776379330000
1776379332.687,132.687,0.51,0.52,0.48,0.49,0.01,0.01,74936.9,1776379330000
1776379333.142,133.142,0.51,0.52,0.48,0.49,0.01,0.01,74936.9,1776379331000
1776379333.492,133.492,0.5,0.52,0.48,0.49,0.02,0.01,74936.89,1776379332000
1776379333.969,133.969,0.5,0.51,0.48,0.5,0.01,0.02,74936.89,1776379332000
1776379334.759,134.759,0.5,0.51,0.49,0.5,0.01,0.01,74936.89,1776379333000
1776379335.161,135.161,0.5,0.51,0.49,0.5,0.01,0.01,74936.89,1776379333000
1776379335.542,135.542,0.5,0.51,0.49,0.5,0.01,0.01,74936.89,1776379333000
1776379336.458,136.458,0.5,0.51,0.49,0.5,0.01,0.01,74936.73,1776379335000
1776379337.502,137.502,0.5,0.51,0.49,0.5,0.01,0.01,74936.73,1776379335000
1776379337.961,137.961,0.5,0.51,0.49,0.5,0.01,0.01,74936.69,1776379337000
1776379339.028,139.028,0.5,0.51,0.49,0.5,0.01,0.01,74936.69,1776379337000
1776379339.76,139.76,0.5,0.51,0.49,0.5,0.01,0.01,74936.66,1776379338000
1776379340.936,140.936,0.5,0.51,0.49,0.5,0.01,0.01,74936.59,1776379339000
1776379341.312,141.312,0.5,0.51,0.49,0.5,0.01,0.01,74936.75,1776379340000
1776379341.708,141.708,0.5,0.51,0.49,0.5,0.01,0.01,74936.75,1776379340000
1776379342.298,142.298,0.5,0.51,0.49,0.5,0.01,0.01,74936.75,1776379341000
1776379342.654,142.654,0.5,0.51,0.49,0.5,0.01,0.01,74936.75,1776379341000
1776379343.19,143.19,0.5,0.51,0.49,0.5,0.01,0.01,74936.75,1776379341000
1776379343.748,143.748,0.5,0.51,0.49,0.5,0.01,0.01,74936.67,1776379342000
1776379344.521,144.521,0.5,0.51,0.49,0.5,0.01,0.01,74936.23,1776379343000
1776379344.876,144.876,0.5,0.51,0.49,0.5,0.01,0.01,74936.23,1776379343000
1776379345.232,145.232,0.5,0.51,0.49,0.5,0.01,0.01,74936.22,1776379344000
1776379345.828,145.828,0.5,0.51,0.49,0.5,0.01,0.01,74936.22,1776379344000
1776379346.778,146.778,0.5,0.51,0.49,0.5,0.01,0.01,74936.29,1776379345000
1776379347.364,147.364,0.5,0.51,0.49,0.5,0.01,0.01,74936.29,1776379346000
1776379348.14,148.14,0.5,0.51,0.49,0.5,0.01,0.01,74936.29,1776379347000
1776379348.729,148.729,0.5,0.51,0.49,0.5,0.01,0.01,74936.29,1776379347000
1776379349.276,149.276,0.5,0.51,0.49,0.5,0.01,0.01,74936.31,1776379348000
1776379349.856,149.856,0.5,0.51,0.49,0.5,0.01,0.01,74936.31,1776379348000
1776379350.198,150.198,0.5,0.51,0.49,0.5,0.01,0.01,74936.31,1776379349000
1776379350.725,150.725,0.5,0.51,0.49,0.5,0.01,0.01,74936.31,1776379349000
1776379351.331,151.331,0.5,0.51,0.49,0.5,0.01,0.01,74936.31,1776379349000
1776379351.779,151.779,0.5,0.51,0.49,0.5,0.01,0.01,74936.46,1776379350000
1776379352.159,152.159,0.5,0.51,0.49,0.5,0.01,0.01,74936.46,1776379350000
1776379352.52,152.52,0.5,0.51,0.49,0.5,0.01,0.01,74936.46,1776379351000
1776379353.148,153.148,0.5,0.51,0.49,0.5,0.01,0.01,74936.43,1776379352000
1776379354.198,154.198,0.5,0.51,0.49,0.5,0.01,0.01,74936.43,1776379352000
1776379354.565,154.565,0.5,0.51,0.49,0.5,0.01,0.01,74936.3,1776379353000
1776379354.899,154.899,0.5,0.51,0.49,0.5,0.01,0.01,74936.3,1776379353000
1776379355.396,155.396,0.5,0.51,0.49,0.5,0.01,0.01,74936.3,1776379354000
1776379356.059,156.059,0.5,0.51,0.49,0.5,0.01,0.01,74936.3,1776379355000
1776379356.941,156.941,0.5,0.51,0.49,0.5,0.01,0.01,74936.3,1776379355000
1776379357.824,157.824,0.5,0.51,0.49,0.5,0.01,0.01,74936.29,1776379356000
1776379358.413,158.413,0.5,0.51,0.49,0.5,0.01,0.01,74936.3,1776379357000
1776379358.816,158.816,0.5,0.51,0.49,0.5,0.01,0.01,74936.3,1776379357000
1776379360.341,160.341,0.5,0.51,0.49,0.5,0.01,0.01,74935.99,1776379359000
1776379360.703,160.703,0.5,0.51,0.49,0.5,0.01,0.01,74935.99,1776379359000
1776379361.427,161.427,0.5,0.51,0.49,0.5,0.01,0.01,74935.99,1776379359000
1776379361.955,161.955,0.5,0.51,0.49,0.5,0.01,0.01,74936.01,1776379360000
1776379362.722,162.722,0.5,0.53,0.49,0.5,0.03,0.01,74936.0,1776379361000
1776379363.316,163.316,0.55,0.56,0.44,0.45,0.01,0.01,74936.0,1776379361000
1776379363.677,163.677,0.55,0.56,0.44,0.45,0.01,0.01,74935.97,1776379362000
1776379364.605,164.605,0.55,0.56,0.44,0.45,0.01,0.01,74936.17,1776379363000
1776379365.141,165.141,0.55,0.56,0.44,0.45,0.01,0.01,74938.02,1776379364000
1776379365.891,165.891,0.55,0.56,0.44,0.45,0.01,0.01,74938.02,1776379364000
1776379366.768,166.768,0.55,0.56,0.44,0.45,0.01,0.01,74938.29,1776379365000
1776379367.316,167.316,0.55,0.57,0.43,0.45,0.02,0.02,74938.29,1776379366000
1776379367.66,167.66,0.55,0.56,0.44,0.45,0.01,0.01,74938.29,1776379366000
1776379368.342,168.342,0.54,0.55,0.45,0.47,0.01,0.02,74938.29,1776379366000
1776379368.745,168.745,0.53,0.54,0.45,0.47,0.01,0.02,74936.79,1776379367000
1776379369.144,169.144,0.53,0.54,0.46,0.47,0.01,0.01,74935.7,1776379368000
1776379369.508,169.508,0.53,0.54,0.46,0.47,0.01,0.01,74935.7,1776379368000
1776379369.946,169.946,0.53,0.54,0.46,0.47,0.01,0.01,74935.35,1776379369000
1776379370.925,170.925,0.53,0.54,0.46,0.47,0.01,0.01,74935.66,1776379370000
1776379372.024,172.024,0.53,0.54,0.46,0.47,0.01,0.01,74925.28,1776379371000
1776379372.998,172.998,0.53,0.54,0.46,0.47,0.01,0.01,74926.38,1776379372000
1776379374.05,174.05,0.53,0.54,0.46,0.47,0.01,0.01,74927.73,1776379373000
1776379374.918,174.918,0.5,0.53,0.46,0.47,0.03,0.01,74927.73,1776379373000
1776379375.384,175.384,0.47,0.53,0.47,0.53,0.06,0.06,74927.18,1776379374000
1776379375.725,175.725,0.47,0.48,0.52,0.53,0.01,0.01,74927.18,1776379374000
1776379376.091,176.091,0.47,0.48,0.52,0.53,0.01,0.01,74927.18,1776379374000
1776379376.554,176.554,0.47,0.48,0.51,0.53,0.01,0.02,74926.34,1776379375000
1776379376.951,176.951,0.48,0.49,0.51,0.53,0.01,0.02,74926.34,1776379375000
1776379377.552,177.552,0.47,0.5,0.5,0.52,0.03,0.02,74926.34,1776379376000
1776379378.068,178.068,0.47,0.48,0.5,0.53,0.01,0.03,74926.34,1776379376000
1776379378.467,178.467,0.47,0.48,0.52,0.53,0.01,0.01,74926.4,1776379377000
1776379378.893,178.893,0.47,0.51,0.49,0.53,0.04,0.04,74926.4,1776379378000
1776379379.311,179.311,0.47,0.48,0.52,0.53,0.01,0.01,74926.4,1776379378000
1776379379.672,179.672,0.47,0.48,0.52,0.53,0.01,0.01,74926.4,1776379378000
1776379380.222,180.222,0.47,0.48,0.52,0.53,0.01,0.01,74926.4,1776379378000
1776379380.577,180.577,0.48,0.49,0.51,0.52,0.01,0.01,74926.4,1776379379000
1776379381.117,181.117,0.47,0.49,0.51,0.53,0.02,0.02,74927.28,1776379380000
1776379381.468,181.468,0.47,0.48,0.52,0.53,0.01,0.01,74927.28,1776379380000
1776379381.815,181.815,0.47,0.48,0.52,0.53,0.01,0.01,74927.28,1776379380000
1776379382.184,182.184,0.47,0.48,0.52,0.53,0.01,0.01,74927.28,1776379381000
1776379382.524,182.524,0.47,0.48,0.52,0.53,0.01,0.01,74927.28,1776379381000
1776379382.93,182.93,0.47,0.48,0.52,0.53,0.01,0.01,74927.28,1776379381000
1776379383.395,183.395,0.47,0.48,0.52,0.53,0.01,0.01,74927.28,1776379382000
1776379383.887,183.887,0.47,0.48,0.52,0.53,0.01,0.01,74927.28,1776379382000
1776379384.265,184.265,0.47,0.48,0.52,0.53,0.01,0.01,74927.65,1776379383000
1776379384.817,184.817,0.47,0.48,0.52,0.53,0.01,0.01,74927.65,1776379383000
1776379385.398,185.398,0.47,0.48,0.52,0.53,0.01,0.01,74927.65,1776379384000
1776379385.886,185.886,0.47,0.48,0.52,0.53,0.01,0.01,74927.65,1776379384000
1776379386.237,186.237,0.47,0.48,0.52,0.53,0.01,0.01,74927.21,1776379385000
1776379387.175,187.175,0.47,0.48,0.52,0.53,0.01,0.01,74918.68,1776379386000
1776379387.991,187.991,0.47,0.48,0.52,0.53,0.01,0.01,74918.68,1776379386000
1776379388.961,188.961,0.47,0.48,0.52,0.53,0.01,0.01,74914.93,1776379387000
1776379389.316,189.316,0.44,0.47,0.53,0.55,0.03,0.02,74914.93,1776379387000
1776379389.672,189.672,0.39,0.47,0.6,0.61,0.08,0.01,74917.08,1776379388000
1776379390.008,190.008,0.36,0.48,0.52,0.64,0.12,0.12,74917.08,1776379388000
1776379390.359,190.359,0.36,0.43,0.57,0.64,0.07,0.07,74917.21,1776379389000
1776379391.243,191.243,0.36,0.43,0.57,0.64,0.07,0.07,74917.3,1776379390000
1776379391.756,191.756,0.35,0.43,0.57,0.64,0.08,0.07,74917.3,1776379390000
1776379392.14,192.14,0.35,0.47,0.53,0.65,0.12,0.12,74917.3,1776379390000
1776379392.721,192.721,0.32,0.35,0.65,0.66,0.03,0.01,74917.17,1776379391000
1776379393.103,193.103,0.4,0.44,0.56,0.6,0.04,0.04,74917.17,1776379391000
1776379393.59,193.59,0.39,0.42,0.58,0.64,0.03,0.06,74917.17,1776379391000
1776379393.926,193.926,0.47,0.48,0.52,0.53,0.01,0.01,74917.17,1776379391000
1776379394.278,194.278,0.37,0.42,0.57,0.63,0.05,0.06,74917.26,1776379392000
1776379394.885,194.885,0.4,0.42,0.58,0.6,0.02,0.02,74917.41,1776379393000
1776379395.225,195.225,0.37,0.4,0.6,0.63,0.03,0.03,74917.26,1776379394000
1776379395.633,195.633,0.39,0.4,0.6,0.61,0.01,0.01,74917.26,1776379394000
1776379395.982,195.982,0.39,0.4,0.6,0.61,0.01,0.01,74917.26,1776379394000
1776379396.352,196.352,0.38,0.4,0.6,0.61,0.02,0.01,74917.41,1776379395000
1776379396.688,196.688,0.38,0.4,0.6,0.62,0.02,0.02,74917.41,1776379395000
1776379397.088,197.088,0.38,0.39,0.61,0.62,0.01,0.01,74917.41,1776379395000
1776379397.588,197.588,0.38,0.39,0.61,0.62,0.01,0.01,74917.26,1776379396000
1776379397.952,197.952,0.38,0.39,0.61,0.62,0.01,0.01,74917.26,1776379396000
1776379398.33,198.33,0.38,0.39,0.61,0.62,0.01,0.01,74917.26,1776379396000
1776379398.994,198.994,0.38,0.39,0.61,0.62,0.01,0.01,74917.27,1776379398000
1776379399.845,199.845,0.38,0.39,0.61,0.62,0.01,0.01,74917.27,1776379398000
1776379400.438,200.438,0.38,0.39,0.61,0.62,0.01,0.01,74917.27,1776379399000
1776379400.906,200.906,0.38,0.39,0.61,0.62,0.01,0.01,74917.27,1776379399000
1776379401.303,201.303,0.38,0.39,0.61,0.62,0.01,0.01,74917.27,1776379399000
1776379401.732,201.732,0.38,0.39,0.61,0.62,0.01,0.01,74916.99,1776379400000
1776379402.195,202.195,0.38,0.39,0.61,0.62,0.01,0.01,74916.99,1776379400000
1776379402.557,202.557,0.38,0.39,0.61,0.62,0.01,0.01,74917.12,1776379401000
1776379402.932,202.932,0.38,0.39,0.61,0.62,0.01,0.01,74917.12,1776379402000
1776379403.274,203.274,0.38,0.39,0.61,0.62,0.01,0.01,74917.12,1776379402000
1776379403.699,203.699,0.38,0.39,0.61,0.62,0.01,0.01,74917.12,1776379402000
1776379404.162,204.162,0.38,0.39,0.61,0.62,0.01,0.01,74917.12,1776379402000
1776379404.645,204.645,0.38,0.39,0.61,0.62,0.01,0.01,74917,1776379403000
1776379405.02,205.02,0.38,0.39,0.61,0.62,0.01,0.01,74917,1776379403000
1776379405.365,205.365,0.37,0.38,0.62,0.63,0.01,0.01,74917.29,1776379404000
1776379406.45,206.45,0.37,0.38,0.62,0.63,0.01,0.01,74917.29,1776379404000
1776379406.818,206.818,0.37,0.38,0.62,0.63,0.01,0.01,74917.58,1776379405000
1776379407.177,207.177,0.37,0.38,0.62,0.63,0.01,0.01,74917.58,1776379406000
1776379407.548,207.548,0.37,0.38,0.62,0.63,0.01,0.01,74917.58,1776379406000
1776379407.914,207.914,0.37,0.38,0.62,0.63,0.01,0.01,74917.58,1776379406000
1776379408.257,208.257,0.37,0.38,0.62,0.63,0.01,0.01,74917.58,1776379406000
1776379408.663,208.663,0.37,0.38,0.62,0.63,0.01,0.01,74917.58,1776379406000
1776379409.293,209.293,0.37,0.38,0.62,0.63,0.01,0.01,74917.84,1776379408000
1776379409.673,209.673,0.37,0.38,0.62,0.63,0.01,0.01,74917.84,1776379408000
1776379410.342,210.342,0.37,0.38,0.62,0.63,0.01,0.01,74918.39,1776379409000
1776379410.946,210.946,0.37,0.38,0.62,0.63,0.01,0.01,74918.39,1776379409000
1776379411.301,211.301,0.37,0.38,0.62,0.63,0.01,0.01,74918.46,1776379410000
1776379411.772,211.772,0.37,0.38,0.62,0.63,0.01,0.01,74918.46,1776379410000
1776379412.159,212.159,0.36,0.37,0.63,0.64,0.01,0.01,74918.46,1776379410000
1776379412.851,212.851,0.36,0.37,0.63,0.64,0.01,0.01,74919.66,1776379411000
1776379413.21,213.21,0.36,0.37,0.63,0.64,0.01,0.01,74919.66,1776379411000
1776379413.624,213.624,0.36,0.37,0.63,0.64,0.01,0.01,74918.47,1776379412000
1776379414.031,214.031,0.36,0.37,0.63,0.64,0.01,0.01,74918.47,1776379412000
1776379414.385,214.385,0.36,0.37,0.63,0.64,0.01,0.01,74918.27,1776379413000
1776379415.026,215.026,0.36,0.37,0.63,0.64,0.01,0.01,74918.27,1776379413000
1776379415.593,215.593,0.36,0.37,0.63,0.64,0.01,0.01,74918.08,1776379414000
1776379416.167,216.167,0.36,0.37,0.63,0.64,0.01,0.01,74918.25,1776379415000
1776379416.794,216.794,0.36,0.37,0.63,0.64,0.01,0.01,74918.25,1776379415000
1776379417.175,217.175,0.36,0.37,0.63,0.64,0.01,0.01,74918.43,1776379416000
1776379417.539,217.539,0.36,0.37,0.63,0.64,0.01,0.01,74918.43,1776379416000
1776379417.891,217.891,0.36,0.37,0.63,0.64,0.01,0.01,74918.43,1776379416000
1776379418.679,218.679,0.36,0.37,0.63,0.64,0.01,0.01,74918.25,1776379417000
1776379419.082,219.082,0.36,0.37,0.63,0.64,0.01,0.01,74918.25,1776379418000
1776379420.011,220.011,0.36,0.37,0.63,0.64,0.01,0.01,74918.22,1776379419000
1776379420.446,220.446,0.36,0.37,0.63,0.64,0.01,0.01,74918.22,1776379419000
1776379421.083,221.083,0.36,0.37,0.63,0.64,0.01,0.01,74918.22,1776379419000
1776379421.451,221.451,0.36,0.37,0.63,0.64,0.01,0.01,74918.22,1776379419000
1776379421.79,221.79,0.36,0.37,0.63,0.64,0.01,0.01,74918.22,1776379419000
1776379422.345,222.345,0.36,0.37,0.63,0.64,0.01,0.01,74918.21,1776379420000
1776379422.729,222.729,0.36,0.37,0.63,0.64,0.01,0.01,74918.34,1776379421000
1776379423.093,223.093,0.36,0.37,0.63,0.64,0.01,0.01,74918.34,1776379421000
1776379423.438,223.438,0.36,0.37,0.63,0.64,0.01,0.01,74918.21,1776379422000
1776379424.1,224.1,0.36,0.37,0.63,0.64,0.01,0.01,74918.21,1776379422000
1776379424.436,224.436,0.36,0.37,0.63,0.64,0.01,0.01,74918.07,1776379423000
1776379424.78,224.78,0.36,0.37,0.63,0.64,0.01,0.01,74918.07,1776379423000
1776379425.646,225.646,0.36,0.37,0.63,0.64,0.01,0.01,74918.26,1776379424000
1776379426.246,226.246,0.36,0.37,0.63,0.64,0.01,0.01,74918.46,1776379425000
1776379426.694,226.694,0.34,0.35,0.63,0.66,0.01,0.03,74918.46,1776379425000
1776379427.051,227.051,0.34,0.35,0.65,0.66,0.01,0.01,74918.46,1776379425000
1776379427.504,227.504,0.34,0.35,0.65,0.66,0.01,0.01,74918.46,1776379425000
1776379427.847,227.847,0.34,0.35,0.65,0.66,0.01,0.01,74918.37,1776379426000
1776379428.205,228.205,0.34,0.35,0.65,0.66,0.01,0.01,74918.37,1776379427000
1776379428.927,228.927,0.33,0.35,0.65,0.66,0.02,0.01,74918.37,1776379427000
1776379429.407,229.407,0.33,0.34,0.65,0.67,0.01,0.02,74918.37,1776379427000
1776379429.83,229.83,0.33,0.34,0.66,0.67,0.01,0.01,74918.36,1776379428000
1776379430.41,230.41,0.33,0.34,0.66,0.67,0.01,0.01,74918.69,1776379429000
1776379430.756,230.756,0.33,0.34,0.66,0.67,0.01,0.01,74918.69,1776379429000
1776379431.331,231.331,0.33,0.34,0.66,0.67,0.01,0.01,74918.37,1776379430000
1776379431.71,231.71,0.33,0.34,0.66,0.67,0.01,0.01,74918.37,1776379430000
1776379432.518,232.518,0.33,0.34,0.66,0.67,0.01,0.01,74918.37,1776379430000
1776379432.874,232.874,0.33,0.34,0.66,0.67,0.01,0.01,74918.37,1776379430000
1776379433.214,233.214,0.33,0.34,0.66,0.67,0.01,0.01,74918.54,1776379431000
1776379433.69,233.69,0.33,0.34,0.66,0.67,0.01,0.01,74918.55,1776379432000
1776379434.229,234.229,0.33,0.34,0.66,0.67,0.01,0.01,74918.55,1776379432000
1776379434.7,234.7,0.32,0.34,0.66,0.67,0.02,0.01,74918.54,1776379433000
1776379435.114,235.114,0.32,0.33,0.67,0.68,0.01,0.01,74918.54,1776379433000
1776379435.63,235.63,0.32,0.33,0.67,0.68,0.01,0.01,74918.54,1776379434000
1776379435.991,235.991,0.32,0.33,0.67,0.68,0.01,0.01,74918.54,1776379434000
1776379436.527,236.527,0.32,0.33,0.67,0.68,0.01,0.01,74918.55,1776379435000
1776379436.871,236.871,0.32,0.33,0.67,0.68,0.01,0.01,74918.55,1776379435000
1776379438.009,238.009,0.32,0.33,0.67,0.68,0.01,0.01,74918.59,1776379436000
1776379438.549,238.549,0.32,0.33,0.67,0.68,0.01,0.01,74918.66,1776379437000
1776379439.16,239.16,0.32,0.33,0.67,0.68,0.01,0.01,74918.67,1776379438000
1776379439.829,239.829,0.31,0.32,0.68,0.69,0.01,0.01,74918.67,1776379438000
1776379440.281,240.281,0.31,0.32,0.68,0.69,0.01,0.01,74919.04,1776379439000
1776379440.739,240.739,0.31,0.32,0.68,0.69,0.01,0.01,74919.04,1776379439000
1776379441.173,241.173,0.31,0.32,0.68,0.69,0.01,0.01,74919.04,1776379439000
1776379441.668,241.668,0.3,0.31,0.68,0.69,0.01,0.01,74919.04,1776379439000
1776379442.016,242.016,0.29,0.3,0.69,0.71,0.01,0.02,74919.04,1776379440000
1776379442.644,242.644,0.28,0.29,0.71,0.72,0.01,0.01,74919.04,1776379441000
1776379443.019,243.019,0.28,0.29,0.71,0.72,0.01,0.01,74919.04,1776379441000
1776379443.387,243.387,0.32,0.33,0.67,0.68,0.01,0.01,74919.04,1776379441000
1776379443.892,243.892,0.32,0.33,0.67,0.68,0.01,0.01,74918.45,1776379442000
1776379444.323,244.323,0.32,0.33,0.67,0.68,0.01,0.01,74917.39,1776379443000
1776379444.661,244.661,0.32,0.33,0.67,0.68,0.01,0.01,74917.39,1776379443000
1776379445.094,245.094,0.32,0.33,0.67,0.68,0.01,0.01,74917.39,1776379443000
1776379445.451,245.451,0.34,0.35,0.65,0.66,0.01,0.01,74917.94,1776379444000
1776379445.82,245.82,0.34,0.35,0.65,0.66,0.01,0.01,74917.94,1776379444000
1776379446.318,246.318,0.31,0.32,0.67,0.69,0.01,0.02,74917.94,1776379444000
1776379446.682,246.682,0.32,0.33,0.67,0.69,0.01,0.02,74919.41,1776379445000
1776379447.07,247.07,0.32,0.33,0.67,0.68,0.01,0.01,74919.69,1776379446000
1776379448.217,248.217,0.32,0.33,0.67,0.68,0.01,0.01,74920.17,1776379447000
1776379448.57,248.57,0.32,0.33,0.67,0.68,0.01,0.01,74920.17,1776379447000
1776379449.117,249.117,0.32,0.33,0.67,0.68,0.01,0.01,74920.17,1776379447000
1776379449.458,249.458,0.32,0.33,0.67,0.68,0.01,0.01,74920.19,1776379448000
1776379449.954,249.954,0.32,0.33,0.67,0.68,0.01,0.01,74920.19,1776379448000
1776379450.603,250.603,0.32,0.33,0.67,0.68,0.01,0.01,74920.14,1776379449000
1776379450.943,250.943,0.32,0.34,0.67,0.68,0.02,0.01,74920.14,1776379449000
1776379451.307,251.307,0.52,0.55,0.47,0.53,0.03,0.06,74921.95,1776379450000
1776379451.671,251.671,0.52,0.53,0.47,0.48,0.01,0.01,74921.95,1776379450000
1776379452.005,252.005,0.48,0.53,0.47,0.52,0.05,0.05,74921.95,1776379450000
1776379452.349,252.349,0.48,0.5,0.51,0.52,0.02,0.01,74921.95,1776379450000
1776379452.697,252.697,0.48,0.49,0.51,0.52,0.01,0.01,74926.8,1776379451000
1776379453.062,253.062,0.47,0.48,0.52,0.53,0.01,0.01,74926.8,1776379451000
1776379453.634,253.634,0.45,0.46,0.52,0.57,0.01,0.05,74932.8,1776379452000
1776379453.977,253.977,0.45,0.46,0.54,0.55,0.01,0.01,74932.8,1776379452000
1776379454.409,254.409,0.45,0.46,0.54,0.55,0.01,0.01,74930.95,1776379453000
1776379454.837,254.837,0.45,0.46,0.54,0.55,0.01,0.01,74930.95,1776379453000
1776379455.282,255.282,0.45,0.46,0.54,0.55,0.01,0.01,74930.95,1776379453000
1776379455.891,255.891,0.45,0.47,0.53,0.55,0.02,0.02,74931.05,1776379454000
1776379456.245,256.245,0.46,0.47,0.53,0.55,0.01,0.02,74931.05,1776379454000
1776379456.651,256.651,0.46,0.47,0.53,0.54,0.01,0.01,74930.45,1776379455000
1776379457.047,257.047,0.46,0.47,0.53,0.54,0.01,0.01,74930.45,1776379456000
1776379457.546,257.546,0.46,0.47,0.53,0.54,0.01,0.01,74930.45,1776379456000
1776379458.02,258.02,0.46,0.47,0.53,0.54,0.01,0.01,74930.41,1776379457000
1776379458.402,258.402,0.46,0.47,0.53,0.54,0.01,0.01,74930.41,1776379457000
1776379459.035,259.035,0.46,0.47,0.53,0.54,0.01,0.01,74930.05,1776379458000
1776379459.605,259.605,0.46,0.47,0.53,0.54,0.01,0.01,74930.05,1776379458000
1776379459.954,259.954,0.53,0.54,0.46,0.47,0.01,0.01,74930.05,1776379458000
1776379460.314,260.314,0.54,0.55,0.45,0.47,0.01,0.02,74930.05,1776379459000
1776379460.753,260.753,0.56,0.57,0.43,0.44,0.01,0.01,74930.05,1776379459000
1776379461.213,261.213,0.62,0.63,0.38,0.39,0.01,0.01,74932.66,1776379460000
1776379461.558,261.558,0.63,0.64,0.36,0.37,0.01,0.01,74932.66,1776379460000
1776379461.905,261.905,0.66,0.67,0.33,0.34,0.01,0.01,74932.66,1776379460000
1776379462.257,262.257,0.66,0.67,0.33,0.34,0.01,0.01,74936.83,1776379461000
1776379462.628,262.628,0.66,0.68,0.33,0.34,0.02,0.01,74936.83,1776379461000
1776379462.994,262.994,0.68,0.69,0.31,0.33,0.01,0.02,74936.83,1776379461000
1776379463.353,263.353,0.71,0.72,0.29,0.3,0.01,0.01,74939.76,1776379462000
1776379463.686,263.686,0.72,0.73,0.27,0.28,0.01,0.01,74939.76,1776379462000
1776379464.052,264.052,0.73,0.74,0.26,0.28,0.01,0.02,74939.76,1776379462000
1776379464.391,264.391,0.74,0.75,0.25,0.26,0.01,0.01,74941.36,1776379463000
1776379464.73,264.73,0.75,0.76,0.24,0.25,0.01,0.01,74941.36,1776379463000
1776379465.076,265.076,0.75,0.76,0.24,0.25,0.01,0.01,74941.36,1776379463000
1776379465.418,265.418,0.75,0.76,0.24,0.25,0.01,0.01,74942.64,1776379464000
1776379465.79,265.79,0.75,0.76,0.24,0.25,0.01,0.01,74942.64,1776379464000
1776379466.166,266.166,0.76,0.77,0.23,0.25,0.01,0.02,74942.64,1776379464000
1776379466.541,266.541,0.76,0.77,0.23,0.24,0.01,0.01,74943.27,1776379465000
1776379466.904,266.904,0.76,0.77,0.23,0.24,0.01,0.01,74943.48,1776379466000
1776379467.349,267.349,0.78,0.79,0.21,0.22,0.01,0.01,74943.48,1776379466000
1776379467.745,267.745,0.78,0.79,0.21,0.22,0.01,0.01,74943.48,1776379466000
1776379468.216,268.216,0.77,0.78,0.22,0.23,0.01,0.01,74943.79,1776379467000
1776379468.6,268.6,0.77,0.78,0.22,0.23,0.01,0.01,74943.79,1776379467000
1776379468.978,268.978,0.77,0.78,0.22,0.23,0.01,0.01,74943.79,1776379467000
1776379469.381,269.381,0.78,0.79,0.21,0.22,0.01,0.01,74943.79,1776379467000
1776379469.728,269.728,0.78,0.79,0.21,0.22,0.01,0.01,74943.79,1776379468000
1776379470.085,270.085,0.78,0.79,0.21,0.22,0.01,0.01,74943.79,1776379468000
1776379470.821,270.821,0.79,0.8,0.2,0.21,0.01,0.01,74943.73,1776379469000
1776379471.197,271.197,0.79,0.8,0.2,0.21,0.01,0.01,74943.73,1776379469000
1776379471.559,271.559,0.8,0.81,0.19,0.2,0.01,0.01,74943.75,1776379470000
1776379471.914,271.914,0.8,0.82,0.19,0.2,0.02,0.01,74943.75,1776379470000
1776379472.26,272.26,0.81,0.82,0.18,0.19,0.01,0.01,74943.75,1776379470000
1776379472.7,272.7,0.8,0.82,0.18,0.2,0.02,0.02,74943.76,1776379471000
1776379473.041,273.041,0.8,0.81,0.19,0.2,0.01,0.01,74943.84,1776379472000
1776379473.399,273.399,0.8,0.82,0.19,0.2,0.02,0.01,74943.84,1776379472000
1776379474.043,274.043,0.8,0.82,0.18,0.19,0.02,0.01,74943.84,1776379472000
1776379474.386,274.386,0.8,0.81,0.19,0.2,0.01,0.01,74943.84,1776379472000
1776379474.75,274.75,0.81,0.83,0.18,0.19,0.02,0.01,74944.23,1776379473000
1776379475.159,275.159,0.81,0.83,0.17,0.19,0.02,0.02,74944.28,1776379474000
1776379475.634,275.634,0.81,0.82,0.18,0.19,0.01,0.01,74944.28,1776379474000
1776379476.015,276.015,0.78,0.79,0.19,0.22,0.01,0.03,74944.28,1776379474000
1776379476.35,276.35,0.74,0.75,0.22,0.26,0.01,0.04,74944.28,1776379474000
1776379476.74,276.74,0.74,0.75,0.25,0.26,0.01,0.01,74944.29,1776379475000
1776379477.115,277.115,0.74,0.75,0.25,0.26,0.01,0.01,74944.29,1776379475000
1776379477.456,277.456,0.74,0.75,0.25,0.26,0.01,0.01,74944.27,1776379476000
1776379477.812,277.812,0.68,0.69,0.25,0.33,0.01,0.08,74944.27,1776379476000
1776379478.245,278.245,0.69,0.7,0.29,0.32,0.01,0.03,74944.27,1776379476000
1776379478.595,278.595,0.69,0.7,0.3,0.31,0.01,0.01,74943.75,1776379477000
1776379478.928,278.928,0.69,0.7,0.3,0.31,0.01,0.01,74943.75,1776379477000
1776379479.266,279.266,0.7,0.71,0.29,0.3,0.01,0.01,74943.75,1776379477000
1776379479.615,279.615,0.7,0.71,0.29,0.3,0.01,0.01,74941.43,1776379478000
1776379479.997,279.997,0.69,0.7,0.3,0.31,0.01,0.01,74941.43,1776379478000
1776379480.401,280.401,0.71,0.72,0.28,0.29,0.01,0.01,74941.43,1776379478000
1776379480.734,280.734,0.71,0.72,0.28,0.29,0.01,0.01,74941.43,1776379479000
1776379481.092,281.092,0.71,0.72,0.28,0.29,0.01,0.01,74941.43,1776379479000
1776379481.548,281.548,0.71,0.72,0.28,0.29,0.01,0.01,74941.41,1776379480000
1776379481.897,281.897,0.71,0.72,0.28,0.29,0.01,0.01,74941.41,1776379480000
1776379482.352,282.352,0.71,0.8,0.28,0.29,0.09,0.01,74941.41,1776379480000
1776379482.807,282.807,0.74,0.75,0.25,0.26,0.01,0.01,74941.42,1776379481000
1776379483.192,283.192,0.74,0.75,0.25,0.26,0.01,0.01,74941.42,1776379481000
1776379483.567,283.567,0.76,0.77,0.23,0.24,0.01,0.01,74941.43,1776379482000
1776379483.944,283.944,0.79,0.8,0.2,0.22,0.01,0.02,74941.43,1776379482000
1776379484.322,284.322,0.79,0.8,0.2,0.21,0.01,0.01,74941.43,1776379482000
1776379484.665,284.665,0.82,0.83,0.17,0.21,0.01,0.04,74941.43,1776379482000
1776379485.089,285.089,0.82,0.83,0.17,0.18,0.01,0.01,74943.33,1776379483000
1776379485.492,285.492,0.83,0.84,0.16,0.18,0.01,0.02,74943.34,1776379484000
1776379485.837,285.837,0.83,0.84,0.16,0.17,0.01,0.01,74943.34,1776379484000
1776379486.322,286.322,0.8,0.81,0.2,0.21,0.01,0.01,74943.34,1776379484000
1776379486.713,286.713,0.8,0.83,0.17,0.2,0.03,0.03,74943.65,1776379485000
1776379487.372,287.372,0.8,0.81,0.19,0.2,0.01,0.01,74943.65,1776379485000
1776379487.79,287.79,0.8,0.81,0.19,0.2,0.01,0.01,74943.64,1776379486000
1776379488.295,288.295,0.8,0.81,0.19,0.2,0.01,0.01,74943.64,1776379486000
1776379489.277,289.277,0.83,0.84,0.16,0.2,0.01,0.04,74943.46,1776379487000
1776379489.678,289.678,0.83,0.84,0.16,0.17,0.01,0.01,74943.58,1776379488000
1776379490.197,290.197,0.85,0.86,0.14,0.15,0.01,0.01,74943.57,1776379489000
1776379490.602,290.602,0.85,0.86,0.14,0.15,0.01,0.01,74943.57,1776379489000
1776379491.105,291.105,0.86,0.87,0.13,0.15,0.01,0.02,74943.57,1776379489000
1776379491.617,291.617,0.87,0.88,0.13,0.14,0.01,0.01,74943.11,1776379490000
1776379491.969,291.969,0.87,0.88,0.12,0.13,0.01,0.01,74943.89,1776379491000
1776379492.344,292.344,0.87,0.88,0.12,0.13,0.01,0.01,74943.89,1776379491000
1776379492.748,292.748,0.88,0.89,0.11,0.12,0.01,0.01,74943.89,1776379491000
1776379493.09,293.09,0.88,0.9,0.11,0.12,0.02,0.01,74944.01,1776379492000
1776379493.651,293.651,0.89,0.9,0.1,0.11,0.01,0.01,74944.01,1776379492000
1776379494.163,294.163,0.9,0.91,0.09,0.1,0.01,0.01,74944.05,1776379493000
1776379494.504,294.504,0.9,0.91,0.09,0.1,0.01,0.01,74944.05,1776379493000
1776379494.849,294.849,0.89,0.9,0.1,0.11,0.01,0.01,74944.05,1776379493000
1776379495.189,295.189,0.81,0.82,0.18,0.22,0.01,0.04,74944.08,1776379494000
1776379495.533,295.533,0.69,0.71,0.29,0.31,0.02,0.02,74944.08,1776379494000
1776379495.883,295.883,0.7,0.74,0.29,0.3,0.04,0.01,74944.08,1776379494000
1776379496.218,296.218,0.72,0.73,0.27,0.28,0.01,0.01,74944.08,1776379495000
1776379496.602,296.602,0.79,0.8,0.2,0.21,0.01,0.01,74944.08,1776379495000
1776379497.0,297.0,0.75,0.76,0.24,0.25,0.01,0.01,74944.08,1776379495000
1776379497.366,297.366,0.76,0.77,0.23,0.24,0.01,0.01,74941.52,1776379496000
1776379497.71,297.71,0.81,0.85,0.09,0.19,0.04,0.1,74941.52,1776379496000
1776379498.048,298.048,0.82,0.83,0.17,0.18,0.01,0.01,74940.24,1776379497000
1776379498.384,298.384,0.83,0.84,0.1,0.17,0.01,0.07,74940.24,1776379497000
1776379498.769,298.769,0.88,0.89,0.05,0.12,0.01,0.07,74940.24,1776379497000
1776379499.12,299.12,0.9,0.91,0.09,0.1,0.01,0.01,74940.53,1776379498000
1776379499.59,299.59,0.96,0.98,0.02,0.04,0.02,0.02,74940.53,1776379498000
1776379499.925,299.925,0.97,0.98,0.02,0.03,0.01,0.01,74940.53,1776379498000
1776379500.362,300.362,0.99,0.98,0.02,0.01,-0.01,-0.01,74940.54,1776379499000
1776379500.703,300.703,0.99,0.98,0.02,0.01,-0.01,-0.01,74940.54,1776379499000

# RESULT,winner=Up,slug=btc-updown-5m-1776379200,ticks=634
