timestamp,elapsed_sec,up_bid,up_ask,down_bid,down_ask,up_spread,down_spread,btc_price,btc_oracle_ts
1776738900.511,0.511,0.53,0.54,0.46,0.47,0.01,0.01,75770.11,1776738899000
1776738900.998,0.998,0.53,0.54,0.46,0.47,0.01,0.01,75770.11,1776738899000
1776738901.492,1.492,0.54,0.55,0.45,0.46,0.01,0.01,75770.11,1776738899000
1776738901.836,1.836,0.54,0.55,0.45,0.46,0.01,0.01,75770.11,1776738899000
1776738902.226,2.226,0.54,0.55,0.45,0.46,0.01,0.01,75770.5,1776738900000
1776738902.672,2.672,0.54,0.55,0.45,0.46,0.01,0.01,75770.5,1776738900000
1776738903.009,3.009,0.56,0.58,0.42,0.45,0.02,0.03,75770.5,1776738900000
1776738903.358,3.358,0.58,0.59,0.41,0.42,0.01,0.01,75771.79,1776738901000
1776738903.839,3.839,0.58,0.59,0.41,0.42,0.01,0.01,75773.44,1776738902000
1776738904.227,4.227,0.58,0.59,0.41,0.42,0.01,0.01,75773.44,1776738902000
1776738904.676,4.676,0.59,0.6,0.4,0.41,0.01,0.01,75773.44,1776738902000
1776738905.029,5.029,0.6,0.61,0.39,0.4,0.01,0.01,75776.58,1776738903000
1776738905.494,5.494,0.6,0.61,0.39,0.4,0.01,0.01,75776.58,1776738903000
1776738905.881,5.881,0.6,0.61,0.39,0.4,0.01,0.01,75776.58,1776738903000
1776738906.275,6.275,0.6,0.61,0.39,0.4,0.01,0.01,75783.54,1776738904000
1776738906.975,6.975,0.6,0.61,0.39,0.4,0.01,0.01,75783.54,1776738905000
1776738907.335,7.335,0.6,0.61,0.39,0.4,0.01,0.01,75783.54,1776738905000
1776738907.902,7.902,0.6,0.61,0.39,0.4,0.01,0.01,75785.12,1776738906000
1776738908.285,8.285,0.6,0.61,0.39,0.4,0.01,0.01,75785.76,1776738907000
1776738908.619,8.619,0.61,0.62,0.38,0.4,0.01,0.02,75785.76,1776738907000
1776738908.979,8.979,0.61,0.62,0.38,0.39,0.01,0.01,75785.76,1776738907000
1776738909.328,9.328,0.61,0.64,0.36,0.39,0.03,0.03,75785.76,1776738907000
1776738909.702,9.702,0.65,0.66,0.34,0.36,0.01,0.02,75785.87,1776738908000
1776738910.097,10.097,0.65,0.66,0.34,0.35,0.01,0.01,75785.87,1776738908000
1776738910.49,10.49,0.65,0.68,0.34,0.35,0.03,0.01,75786.13,1776738909000
1776738910.839,10.839,0.64,0.65,0.35,0.36,0.01,0.01,75786.13,1776738909000
1776738911.724,11.724,0.64,0.65,0.35,0.36,0.01,0.01,75788.84,1776738910000
1776738912.482,12.482,0.64,0.65,0.35,0.36,0.01,0.01,75789.08,1776738911000
1776738913.022,13.022,0.64,0.65,0.35,0.36,0.01,0.01,75789.08,1776738911000
1776738913.556,13.556,0.63,0.65,0.35,0.37,0.02,0.02,75788.25,1776738912000
1776738913.908,13.908,0.63,0.64,0.35,0.37,0.01,0.02,75788.25,1776738912000
1776738914.418,14.418,0.63,0.64,0.36,0.37,0.01,0.01,75788.3,1776738913000
1776738914.806,14.806,0.63,0.64,0.36,0.37,0.01,0.01,75788.3,1776738913000
1776738915.367,15.367,0.62,0.64,0.36,0.37,0.02,0.01,75786.62,1776738914000
1776738916.015,16.015,0.61,0.62,0.37,0.38,0.01,0.01,75786.62,1776738914000
1776738916.421,16.421,0.61,0.62,0.38,0.39,0.01,0.01,75785.02,1776738915000
1776738916.792,16.792,0.61,0.62,0.38,0.39,0.01,0.01,75785.02,1776738915000
1776738917.13,17.13,0.6,0.61,0.38,0.4,0.01,0.02,75785.02,1776738915000
1776738918.163,18.163,0.6,0.61,0.39,0.4,0.01,0.01,75786.46,1776738916000
1776738918.512,18.512,0.6,0.61,0.39,0.4,0.01,0.01,75787.55,1776738917000
1776738919.023,19.023,0.6,0.61,0.39,0.4,0.01,0.01,75787.55,1776738918000
1776738919.386,19.386,0.54,0.56,0.39,0.45,0.02,0.06,75787.55,1776738918000
1776738919.729,19.729,0.52,0.54,0.46,0.47,0.02,0.01,75787.55,1776738918000
1776738920.124,20.124,0.52,0.53,0.47,0.48,0.01,0.01,75788.42,1776738919000
1776738920.505,20.505,0.51,0.53,0.47,0.48,0.02,0.01,75788.42,1776738919000
1776738920.899,20.899,0.51,0.52,0.48,0.49,0.01,0.01,75788.42,1776738919000
1776738921.282,21.282,0.5,0.52,0.49,0.5,0.02,0.01,75787.02,1776738920000
1776738921.93,21.93,0.5,0.52,0.48,0.49,0.02,0.01,75787.02,1776738920000
1776738922.388,22.388,0.51,0.54,0.48,0.49,0.03,0.01,75776.27,1776738921000
1776738922.722,22.722,0.53,0.54,0.46,0.47,0.01,0.01,75776.27,1776738921000
1776738923.187,23.187,0.54,0.55,0.45,0.46,0.01,0.01,75777.43,1776738922000
1776738923.62,23.62,0.54,0.55,0.45,0.46,0.01,0.01,75777.43,1776738922000
1776738924.3,24.3,0.54,0.56,0.45,0.46,0.02,0.01,75777.43,1776738922000
1776738925.039,25.039,0.55,0.56,0.44,0.45,0.01,0.01,75776.59,1776738924000
1776738925.429,25.429,0.55,0.56,0.44,0.45,0.01,0.01,75776.59,1776738924000
1776738926.197,26.197,0.55,0.56,0.44,0.45,0.01,0.01,75776.59,1776738924000
1776738926.871,26.871,0.55,0.56,0.44,0.45,0.01,0.01,75777.13,1776738925000
1776738927.53,27.53,0.52,0.53,0.44,0.45,0.01,0.01,75777.13,1776738925000
1776738927.936,27.936,0.5,0.52,0.47,0.5,0.02,0.03,75778.08,1776738926000
1776738928.369,28.369,0.49,0.5,0.5,0.51,0.01,0.01,75778.08,1776738927000
1776738928.713,28.713,0.48,0.5,0.5,0.51,0.02,0.01,75778.08,1776738927000
1776738929.093,29.093,0.42,0.46,0.54,0.58,0.04,0.04,75778.08,1776738927000
1776738929.427,29.427,0.4,0.43,0.57,0.6,0.03,0.03,75776.59,1776738928000
1776738929.775,29.775,0.37,0.41,0.59,0.63,0.04,0.04,75776.59,1776738928000
1776738930.158,30.158,0.35,0.4,0.6,0.65,0.05,0.05,75776.59,1776738928000
1776738930.503,30.503,0.35,0.36,0.64,0.65,0.01,0.01,75766.74,1776738929000
1776738930.879,30.879,0.34,0.35,0.65,0.66,0.01,0.01,75766.74,1776738929000
1776738931.275,31.275,0.34,0.35,0.65,0.66,0.01,0.01,75766.74,1776738929000
1776738931.625,31.625,0.34,0.35,0.65,0.66,0.01,0.01,75753.94,1776738930000
1776738932.13,32.13,0.34,0.35,0.65,0.66,0.01,0.01,75751.21,1776738931000
1776738932.54,32.54,0.34,0.35,0.65,0.66,0.01,0.01,75751.21,1776738931000
1776738933.16,33.16,0.34,0.35,0.65,0.66,0.01,0.01,75747.39,1776738932000
1776738933.533,33.533,0.34,0.35,0.65,0.66,0.01,0.01,75747.39,1776738932000
1776738933.885,33.885,0.33,0.34,0.66,0.67,0.01,0.01,75747.39,1776738932000
1776738934.257,34.257,0.31,0.32,0.68,0.69,0.01,0.01,75747.39,1776738932000
1776738934.808,34.808,0.3,0.31,0.68,0.7,0.01,0.02,75746.52,1776738933000
1776738935.171,35.171,0.3,0.31,0.69,0.7,0.01,0.01,75746.2,1776738934000
1776738935.531,35.531,0.29,0.3,0.7,0.71,0.01,0.01,75746.2,1776738934000
1776738936.082,36.082,0.28,0.29,0.71,0.72,0.01,0.01,75746.2,1776738934000
1776738936.495,36.495,0.28,0.29,0.71,0.72,0.01,0.01,75746.2,1776738934000
1776738936.922,36.922,0.28,0.29,0.71,0.72,0.01,0.01,75741.48,1776738935000
1776738937.318,37.318,0.3,0.31,0.69,0.7,0.01,0.01,75740.51,1776738936000
1776738937.686,37.686,0.3,0.31,0.69,0.7,0.01,0.01,75740.51,1776738936000
1776738938.03,38.03,0.3,0.31,0.69,0.7,0.01,0.01,75740.51,1776738936000
1776738938.637,38.637,0.3,0.31,0.69,0.7,0.01,0.01,75739.76,1776738937000
1776738939.067,39.067,0.28,0.29,0.71,0.72,0.01,0.01,75739.15,1776738938000
1776738939.402,39.402,0.28,0.29,0.71,0.72,0.01,0.01,75739.15,1776738938000
1776738939.767,39.767,0.28,0.29,0.71,0.72,0.01,0.01,75739.15,1776738938000
1776738940.561,40.561,0.28,0.29,0.71,0.72,0.01,0.01,75739.69,1776738939000
1776738941.157,41.157,0.28,0.29,0.71,0.72,0.01,0.01,75738.31,1776738940000
1776738941.679,41.679,0.28,0.29,0.71,0.72,0.01,0.01,75738.31,1776738940000
1776738942.289,42.289,0.28,0.29,0.71,0.72,0.01,0.01,75735.73,1776738941000
1776738942.677,42.677,0.28,0.29,0.71,0.72,0.01,0.01,75735.73,1776738941000
1776738943.06,43.06,0.29,0.3,0.71,0.72,0.01,0.01,75735.73,1776738941000
1776738943.628,43.628,0.29,0.3,0.7,0.71,0.01,0.01,75736.71,1776738942000
1776738944.199,44.199,0.29,0.3,0.7,0.71,0.01,0.01,75736.71,1776738942000
1776738944.618,44.618,0.29,0.3,0.7,0.71,0.01,0.01,75736.63,1776738943000
1776738945.108,45.108,0.29,0.3,0.7,0.71,0.01,0.01,75736.63,1776738943000
1776738945.566,45.566,0.28,0.29,0.7,0.72,0.01,0.02,75736.83,1776738944000
1776738946.181,46.181,0.28,0.29,0.71,0.72,0.01,0.01,75735.68,1776738945000
1776738946.696,46.696,0.28,0.29,0.71,0.72,0.01,0.01,75735.68,1776738945000
1776738947.407,47.407,0.28,0.29,0.71,0.72,0.01,0.01,75735.72,1776738946000
1776738947.867,47.867,0.28,0.29,0.71,0.72,0.01,0.01,75735.62,1776738947000
1776738948.652,48.652,0.28,0.29,0.71,0.72,0.01,0.01,75735.62,1776738947000
1776738949.005,49.005,0.28,0.29,0.71,0.72,0.01,0.01,75735.62,1776738947000
1776738949.363,49.363,0.28,0.29,0.71,0.72,0.01,0.01,75737.43,1776738948000
1776738949.729,49.729,0.28,0.29,0.71,0.72,0.01,0.01,75737.43,1776738948000
1776738950.071,50.071,0.28,0.29,0.71,0.72,0.01,0.01,75737.43,1776738948000
1776738950.434,50.434,0.28,0.29,0.71,0.72,0.01,0.01,75737.43,1776738948000
1776738950.873,50.873,0.28,0.29,0.71,0.72,0.01,0.01,75734.43,1776738949000
1776738951.668,51.668,0.28,0.29,0.71,0.72,0.01,0.01,75734.34,1776738950000
1776738952.073,52.073,0.28,0.29,0.71,0.72,0.01,0.01,75733.78,1776738951000
1776738952.793,52.793,0.28,0.29,0.71,0.72,0.01,0.01,75733.78,1776738951000
1776738953.159,53.159,0.28,0.29,0.71,0.72,0.01,0.01,75734.18,1776738952000
1776738953.672,53.672,0.28,0.31,0.71,0.72,0.03,0.01,75734.18,1776738952000
1776738954.139,54.139,0.3,0.31,0.69,0.7,0.01,0.01,75734.69,1776738953000
1776738954.588,54.588,0.3,0.31,0.69,0.7,0.01,0.01,75734.69,1776738953000
1776738954.928,54.928,0.3,0.31,0.69,0.7,0.01,0.01,75734.69,1776738953000
1776738955.3,55.3,0.28,0.29,0.69,0.71,0.01,0.02,75735.35,1776738954000
1776738955.64,55.64,0.28,0.29,0.71,0.72,0.01,0.01,75735.35,1776738954000
1776738955.983,55.983,0.27,0.29,0.71,0.72,0.02,0.01,75735.35,1776738954000
1776738956.462,56.462,0.27,0.28,0.72,0.73,0.01,0.01,75737.89,1776738955000
1776738957.065,57.065,0.27,0.28,0.72,0.73,0.01,0.01,75732.3,1776738956000
1776738957.464,57.464,0.27,0.28,0.72,0.73,0.01,0.01,75732.3,1776738956000
1776738957.849,57.849,0.27,0.28,0.72,0.73,0.01,0.01,75732.3,1776738956000
1776738958.199,58.199,0.27,0.28,0.72,0.73,0.01,0.01,75730.13,1776738957000
1776738958.577,58.577,0.29,0.31,0.69,0.72,0.02,0.03,75730.13,1776738957000
1776738958.91,58.91,0.3,0.31,0.69,0.7,0.01,0.01,75730.13,1776738957000
1776738959.516,59.516,0.3,0.31,0.69,0.7,0.01,0.01,75732.0,1776738958000
1776738959.905,59.905,0.29,0.3,0.7,0.71,0.01,0.01,75732.0,1776738958000
1776738960.423,60.423,0.29,0.3,0.7,0.71,0.01,0.01,75731.69,1776738959000
1776738960.8,60.8,0.29,0.3,0.7,0.71,0.01,0.01,75731.69,1776738959000
1776738961.14,61.14,0.29,0.3,0.7,0.71,0.01,0.01,75731.69,1776738959000
1776738961.577,61.577,0.27,0.3,0.7,0.71,0.03,0.01,75734.42,1776738960000
1776738962.057,62.057,0.25,0.26,0.73,0.74,0.01,0.01,75734.42,1776738960000
1776738962.531,62.531,0.25,0.26,0.74,0.75,0.01,0.01,75733.35,1776738961000
1776738962.883,62.883,0.25,0.26,0.74,0.75,0.01,0.01,75733.35,1776738961000
1776738963.334,63.334,0.25,0.26,0.74,0.75,0.01,0.01,75733.35,1776738961000
1776738963.73,63.73,0.25,0.26,0.74,0.75,0.01,0.01,75730.35,1776738962000
1776738964.09,64.09,0.25,0.26,0.74,0.75,0.01,0.01,75726.99,1776738963000
1776738964.48,64.48,0.25,0.26,0.74,0.75,0.01,0.01,75726.99,1776738963000
1776738965.247,65.247,0.25,0.26,0.74,0.75,0.01,0.01,75731.28,1776738964000
1776738965.635,65.635,0.25,0.26,0.74,0.75,0.01,0.01,75731.28,1776738964000
1776738966.165,66.165,0.26,0.27,0.73,0.75,0.01,0.02,75731.28,1776738964000
1776738966.686,66.686,0.26,0.27,0.73,0.74,0.01,0.01,75730.71,1776738965000
1776738967.028,67.028,0.26,0.27,0.73,0.74,0.01,0.01,75730.71,1776738966000
1776738967.984,67.984,0.26,0.27,0.73,0.74,0.01,0.01,75730.72,1776738967000
1776738968.338,68.338,0.28,0.3,0.72,0.74,0.02,0.02,75730.72,1776738967000
1776738968.701,68.701,0.3,0.31,0.69,0.7,0.01,0.01,75730.72,1776738967000
1776738969.083,69.083,0.3,0.31,0.69,0.7,0.01,0.01,75730.72,1776738967000
1776738969.43,69.43,0.3,0.31,0.69,0.7,0.01,0.01,75730.73,1776738968000
1776738969.799,69.799,0.29,0.3,0.7,0.71,0.01,0.01,75730.73,1776738968000
1776738970.285,70.285,0.29,0.3,0.7,0.71,0.01,0.01,75730.73,1776738968000
1776738970.678,70.678,0.26,0.3,0.7,0.71,0.04,0.01,75735.1,1776738969000
1776738971.156,71.156,0.27,0.28,0.7,0.74,0.01,0.04,75735.1,1776738970000
1776738971.56,71.56,0.26,0.27,0.73,0.74,0.01,0.01,75735.1,1776738970000
1776738972.118,72.118,0.26,0.27,0.73,0.74,0.01,0.01,75735.1,1776738970000
1776738972.514,72.514,0.26,0.27,0.73,0.74,0.01,0.01,75732.87,1776738971000
1776738973.015,73.015,0.26,0.27,0.73,0.74,0.01,0.01,75732.87,1776738971000
1776738973.387,73.387,0.29,0.32,0.68,0.71,0.03,0.03,75734.75,1776738972000
1776738973.897,73.897,0.32,0.33,0.67,0.69,0.01,0.02,75734.75,1776738972000
1776738974.442,74.442,0.32,0.33,0.67,0.68,0.01,0.01,75732.93,1776738973000
1776738975.243,75.243,0.32,0.33,0.67,0.68,0.01,0.01,75737.04,1776738974000
1776738975.66,75.66,0.32,0.33,0.67,0.68,0.01,0.01,75737.04,1776738974000
1776738976.009,76.009,0.32,0.33,0.67,0.68,0.01,0.01,75737.04,1776738974000
1776738976.526,76.526,0.32,0.33,0.67,0.68,0.01,0.01,75737.04,1776738974000
1776738976.872,76.872,0.32,0.33,0.67,0.68,0.01,0.01,75737.53,1776738975000
1776738977.464,77.464,0.32,0.33,0.67,0.68,0.01,0.01,75737.53,1776738976000
1776738977.895,77.895,0.32,0.33,0.67,0.68,0.01,0.01,75737.53,1776738976000
1776738978.362,78.362,0.32,0.33,0.67,0.68,0.01,0.01,75737.53,1776738976000
1776738978.857,78.857,0.33,0.34,0.66,0.67,0.01,0.01,75737.53,1776738976000
1776738979.319,79.319,0.31,0.32,0.67,0.68,0.01,0.01,75737.17,1776738977000
1776738979.672,79.672,0.31,0.32,0.68,0.69,0.01,0.01,75737.29,1776738978000
1776738980.061,80.061,0.3,0.32,0.68,0.7,0.02,0.02,75737.29,1776738978000
1776738980.759,80.759,0.28,0.29,0.71,0.74,0.01,0.03,75738.77,1776738979000
1776738981.17,81.17,0.28,0.29,0.71,0.72,0.01,0.01,75738.77,1776738979000
1776738981.869,81.869,0.28,0.29,0.71,0.72,0.01,0.01,75736.15,1776738981000
1776738982.822,82.822,0.26,0.28,0.71,0.72,0.02,0.01,75736.15,1776738981000
1776738983.362,83.362,0.25,0.26,0.72,0.75,0.01,0.03,75736.21,1776738982000
1776738983.744,83.744,0.25,0.26,0.74,0.75,0.01,0.01,75736.21,1776738982000
1776738984.1,84.1,0.25,0.26,0.74,0.75,0.01,0.01,75736.21,1776738982000
1776738984.706,84.706,0.25,0.26,0.74,0.75,0.01,0.01,75734.31,1776738983000
1776738985.089,85.089,0.25,0.26,0.74,0.75,0.01,0.01,75734.31,1776738983000
1776738985.44,85.44,0.25,0.26,0.74,0.75,0.01,0.01,75732.63,1776738984000
1776738985.867,85.867,0.25,0.26,0.74,0.75,0.01,0.01,75732.57,1776738985000
1776738986.274,86.274,0.25,0.26,0.74,0.75,0.01,0.01,75732.57,1776738985000
1776738987.122,87.122,0.25,0.26,0.74,0.75,0.01,0.01,75733.21,1776738986000
1776738987.625,87.625,0.25,0.26,0.74,0.75,0.01,0.01,75733.21,1776738986000
1776738988.203,88.203,0.25,0.26,0.74,0.75,0.01,0.01,75733.21,1776738986000
1776738988.75,88.75,0.25,0.26,0.74,0.75,0.01,0.01,75734.0,1776738987000
1776738989.128,89.128,0.25,0.26,0.74,0.75,0.01,0.01,75734.0,1776738987000
1776738989.871,89.871,0.25,0.26,0.74,0.75,0.01,0.01,75734.01,1776738988000
1776738990.367,90.367,0.25,0.26,0.74,0.75,0.01,0.01,75733.95,1776738989000
1776738990.71,90.71,0.25,0.26,0.74,0.75,0.01,0.01,75733.95,1776738989000
1776738991.043,91.043,0.25,0.26,0.74,0.75,0.01,0.01,75733.95,1776738990000
1776738991.479,91.479,0.25,0.26,0.74,0.75,0.01,0.01,75733.95,1776738990000
1776738992.06,92.06,0.25,0.26,0.74,0.75,0.01,0.01,75733.98,1776738991000
1776738993.968,93.968,0.21,0.26,0.74,0.75,0.05,0.01,75733.98,1776738991000
1776738994.341,94.341,0.2,0.22,0.78,0.8,0.02,0.02,75725.07,1776738992000
1776738994.726,94.726,0.18,0.22,0.78,0.82,0.04,0.04,75717.99,1776738993000
1776738995.101,95.101,0.18,0.21,0.79,0.82,0.03,0.03,75717.99,1776738993000
1776738995.437,95.437,0.17,0.22,0.78,0.83,0.05,0.05,75717.99,1776738993000
1776738995.781,95.781,0.2,0.21,0.75,0.82,0.01,0.07,75717.76,1776738994000
1776738996.116,96.116,0.18,0.19,0.81,0.83,0.01,0.02,75718.0,1776738995000
1776738996.468,96.468,0.18,0.19,0.81,0.82,0.01,0.01,75718.0,1776738995000
1776738996.848,96.848,0.16,0.17,0.83,0.84,0.01,0.01,75718.0,1776738995000
1776738997.188,97.188,0.16,0.17,0.83,0.84,0.01,0.01,75718.14,1776738996000
1776738997.526,97.526,0.16,0.17,0.83,0.84,0.01,0.01,75718.14,1776738996000
1776738998.068,98.068,0.16,0.17,0.83,0.84,0.01,0.01,75718.14,1776738996000
1776738998.414,98.414,0.16,0.17,0.83,0.84,0.01,0.01,75718.01,1776738997000
1776738998.976,98.976,0.16,0.17,0.83,0.84,0.01,0.01,75718.01,1776738997000
1776738999.344,99.344,0.16,0.17,0.83,0.84,0.01,0.01,75718.01,1776738997000
1776739000.246,100.246,0.16,0.17,0.83,0.84,0.01,0.01,75718.74,1776738999000
1776739000.667,100.667,0.16,0.17,0.83,0.84,0.01,0.01,75718.74,1776738999000
1776739001.246,101.246,0.16,0.17,0.83,0.84,0.01,0.01,75718.74,1776739000000
1776739001.62,101.62,0.16,0.17,0.83,0.84,0.01,0.01,75718.74,1776739000000
1776739002.001,102.001,0.16,0.17,0.83,0.84,0.01,0.01,75718.74,1776739000000
1776739002.435,102.435,0.16,0.17,0.83,0.84,0.01,0.01,75717.46,1776739001000
1776739002.886,102.886,0.16,0.17,0.83,0.84,0.01,0.01,75717.46,1776739001000
1776739003.366,103.366,0.16,0.17,0.83,0.84,0.01,0.01,75717.46,1776739001000
1776739003.958,103.958,0.16,0.17,0.83,0.84,0.01,0.01,75718.16,1776739002000
1776739004.607,104.607,0.17,0.18,0.82,0.84,0.01,0.02,75718.18,1776739003000
1776739005.159,105.159,0.17,0.18,0.82,0.83,0.01,0.01,75718.18,1776739004000
1776739005.531,105.531,0.16,0.18,0.82,0.83,0.02,0.01,75718.18,1776739004000
1776739005.868,105.868,0.17,0.18,0.82,0.84,0.01,0.02,75718.18,1776739004000
1776739006.311,106.311,0.17,0.18,0.82,0.83,0.01,0.01,75718.12,1776739005000
1776739007.363,107.363,0.17,0.18,0.82,0.83,0.01,0.01,75717.8,1776739006000
1776739007.769,107.769,0.17,0.18,0.82,0.83,0.01,0.01,75717.8,1776739006000
1776739008.847,108.847,0.17,0.18,0.82,0.83,0.01,0.01,75716.69,1776739007000
1776739009.226,109.226,0.24,0.25,0.75,0.76,0.01,0.01,75716.69,1776739007000
1776739009.574,109.574,0.25,0.3,0.7,0.75,0.05,0.05,75721.57,1776739008000
1776739009.982,109.982,0.31,0.33,0.67,0.69,0.02,0.02,75721.57,1776739008000
1776739010.346,110.346,0.32,0.33,0.66,0.69,0.01,0.03,75731.98,1776739009000
1776739010.699,110.699,0.32,0.33,0.67,0.68,0.01,0.01,75731.98,1776739009000
1776739011.075,111.075,0.32,0.33,0.67,0.68,0.01,0.01,75737.22,1776739010000
1776739011.439,111.439,0.33,0.34,0.66,0.68,0.01,0.02,75737.22,1776739010000
1776739011.905,111.905,0.33,0.34,0.66,0.67,0.01,0.01,75737.22,1776739010000
1776739012.366,112.366,0.33,0.34,0.66,0.67,0.01,0.01,75740.93,1776739011000
1776739012.933,112.933,0.33,0.34,0.66,0.67,0.01,0.01,75739.97,1776739012000
1776739013.589,113.589,0.33,0.34,0.66,0.67,0.01,0.01,75739.97,1776739012000
1776739013.936,113.936,0.33,0.34,0.66,0.67,0.01,0.01,75739.97,1776739012000
1776739014.502,114.502,0.33,0.34,0.66,0.67,0.01,0.01,75740.0,1776739013000
1776739014.948,114.948,0.33,0.34,0.66,0.67,0.01,0.01,75740.0,1776739013000
1776739015.448,115.448,0.33,0.34,0.66,0.67,0.01,0.01,75740.06,1776739014000
1776739016.057,116.057,0.33,0.34,0.66,0.67,0.01,0.01,75740.06,1776739014000
1776739016.406,116.406,0.33,0.35,0.65,0.67,0.02,0.02,75743.56,1776739015000
1776739016.752,116.752,0.41,0.44,0.56,0.59,0.03,0.03,75743.56,1776739015000
1776739017.112,117.112,0.42,0.44,0.56,0.58,0.02,0.02,75748.36,1776739016000
1776739017.46,117.46,0.42,0.45,0.55,0.58,0.03,0.03,75748.36,1776739016000
1776739017.884,117.884,0.43,0.44,0.55,0.57,0.01,0.02,75748.36,1776739016000
1776739018.237,118.237,0.45,0.47,0.53,0.56,0.02,0.03,75748.36,1776739016000
1776739018.581,118.581,0.45,0.46,0.54,0.55,0.01,0.01,75750.68,1776739017000
1776739018.932,118.932,0.45,0.46,0.54,0.55,0.01,0.01,75750.68,1776739017000
1776739019.269,119.269,0.45,0.46,0.54,0.55,0.01,0.01,75761.41,1776739018000
1776739019.682,119.682,0.45,0.46,0.54,0.55,0.01,0.01,75761.41,1776739018000
1776739020.416,120.416,0.45,0.46,0.54,0.55,0.01,0.01,75761.41,1776739018000
1776739020.785,120.785,0.45,0.46,0.54,0.55,0.01,0.01,75762.69,1776739019000
1776739021.215,121.215,0.45,0.46,0.54,0.55,0.01,0.01,75762.69,1776739019000
1776739021.899,121.899,0.45,0.46,0.54,0.55,0.01,0.01,75762.6,1776739021000
1776739022.236,122.236,0.45,0.46,0.54,0.55,0.01,0.01,75762.6,1776739021000
1776739022.584,122.584,0.45,0.46,0.54,0.55,0.01,0.01,75762.6,1776739021000
1776739022.937,122.937,0.45,0.46,0.54,0.55,0.01,0.01,75762.6,1776739021000
1776739023.354,123.354,0.45,0.46,0.54,0.55,0.01,0.01,75762.52,1776739022000
1776739023.933,123.933,0.45,0.46,0.54,0.55,0.01,0.01,75760.27,1776739023000
1776739024.326,124.326,0.44,0.46,0.54,0.55,0.02,0.01,75760.27,1776739023000
1776739024.693,124.693,0.39,0.41,0.59,0.61,0.02,0.02,75760.27,1776739023000
1776739025.039,125.039,0.39,0.4,0.6,0.61,0.01,0.01,75760.27,1776739023000
1776739025.384,125.384,0.39,0.4,0.6,0.61,0.01,0.01,75755.95,1776739024000
1776739025.73,125.73,0.38,0.4,0.6,0.62,0.02,0.02,75755.95,1776739024000
1776739026.11,126.11,0.41,0.44,0.56,0.59,0.03,0.03,75757.5,1776739025000
1776739026.478,126.478,0.43,0.44,0.56,0.57,0.01,0.01,75757.5,1776739025000
1776739027.279,127.279,0.45,0.46,0.54,0.55,0.01,0.01,75757.5,1776739026000
1776739027.672,127.672,0.45,0.46,0.54,0.55,0.01,0.01,75757.5,1776739026000
1776739028.029,128.029,0.45,0.46,0.54,0.55,0.01,0.01,75757.5,1776739026000
1776739028.769,128.769,0.45,0.46,0.54,0.55,0.01,0.01,75759.59,1776739027000
1776739029.392,129.392,0.45,0.46,0.54,0.55,0.01,0.01,75762.36,1776739028000
1776739029.743,129.743,0.45,0.46,0.54,0.55,0.01,0.01,75762.36,1776739028000
1776739030.338,130.338,0.41,0.42,0.58,0.6,0.01,0.02,75762.36,1776739028000
1776739030.818,130.818,0.41,0.42,0.57,0.59,0.01,0.02,75762.61,1776739029000
1776739031.339,131.339,0.41,0.42,0.58,0.59,0.01,0.01,75762.61,1776739029000
1776739031.849,131.849,0.39,0.42,0.58,0.59,0.03,0.01,75762.82,1776739030000
1776739032.308,132.308,0.41,0.42,0.58,0.61,0.01,0.03,75762.82,1776739031000
1776739032.719,132.719,0.4,0.41,0.59,0.6,0.01,0.01,75762.82,1776739031000
1776739033.098,133.098,0.4,0.41,0.59,0.6,0.01,0.01,75762.82,1776739032000
1776739033.488,133.488,0.39,0.41,0.59,0.6,0.02,0.01,75762.82,1776739032000
1776739033.856,133.856,0.38,0.4,0.6,0.61,0.02,0.01,75762.82,1776739032000
1776739034.543,134.543,0.39,0.4,0.6,0.61,0.01,0.01,75762.27,1776739033000
1776739034.913,134.913,0.38,0.4,0.6,0.61,0.02,0.01,75762.27,1776739033000
1776739035.628,135.628,0.38,0.39,0.61,0.62,0.01,0.01,75761.84,1776739034000
1776739036.331,136.331,0.38,0.39,0.61,0.62,0.01,0.01,75761.84,1776739034000
1776739036.728,136.728,0.38,0.39,0.61,0.62,0.01,0.01,75761.84,1776739034000
1776739037.494,137.494,0.38,0.39,0.61,0.62,0.01,0.01,75761.82,1776739035000
1776739038.237,138.237,0.38,0.39,0.61,0.62,0.01,0.01,75761.92,1776739036000
1776739038.823,138.823,0.37,0.38,0.61,0.63,0.01,0.02,75761.92,1776739037000
1776739039.195,139.195,0.37,0.38,0.62,0.63,0.01,0.01,75761.92,1776739037000
1776739039.568,139.568,0.37,0.38,0.62,0.63,0.01,0.01,75762.31,1776739038000
1776739040.107,140.107,0.35,0.36,0.62,0.65,0.01,0.03,75762.31,1776739038000
1776739040.452,140.452,0.32,0.33,0.67,0.69,0.01,0.02,75762.31,1776739038000
1776739040.814,140.814,0.26,0.27,0.73,0.74,0.01,0.01,75761.07,1776739039000
1776739041.166,141.166,0.26,0.27,0.73,0.74,0.01,0.01,75761.07,1776739039000
1776739041.502,141.502,0.32,0.33,0.73,0.74,0.01,0.01,75759.72,1776739040000
1776739041.907,141.907,0.32,0.33,0.67,0.68,0.01,0.01,75759.72,1776739040000
1776739042.282,142.282,0.32,0.34,0.66,0.68,0.02,0.02,75759.72,1776739040000
1776739042.638,142.638,0.32,0.34,0.66,0.68,0.02,0.02,75759.72,1776739040000
1776739042.999,142.999,0.32,0.34,0.66,0.68,0.02,0.02,75751.93,1776739041000
1776739043.376,143.376,0.32,0.34,0.66,0.68,0.02,0.02,75753.27,1776739042000
1776739043.8,143.8,0.33,0.35,0.66,0.67,0.02,0.01,75753.27,1776739042000
1776739044.24,144.24,0.33,0.34,0.66,0.67,0.01,0.01,75753.27,1776739042000
1776739044.839,144.839,0.33,0.34,0.66,0.67,0.01,0.01,75752.82,1776739043000
1776739045.2,145.2,0.33,0.34,0.66,0.67,0.01,0.01,75752.82,1776739043000
1776739045.733,145.733,0.34,0.35,0.66,0.67,0.01,0.01,75754.27,1776739044000
1776739046.233,146.233,0.34,0.35,0.65,0.66,0.01,0.01,75753.42,1776739045000
1776739046.619,146.619,0.34,0.36,0.65,0.66,0.02,0.01,75753.42,1776739045000
1776739047.074,147.074,0.36,0.37,0.63,0.64,0.01,0.01,75753.42,1776739045000
1776739047.425,147.425,0.35,0.36,0.64,0.65,0.01,0.01,75753.42,1776739045000
1776739047.788,147.788,0.35,0.36,0.64,0.65,0.01,0.01,75753.41,1776739046000
1776739048.166,148.166,0.35,0.36,0.64,0.65,0.01,0.01,75753.41,1776739046000
1776739048.839,148.839,0.35,0.36,0.64,0.65,0.01,0.01,75753.41,1776739047000
1776739049.308,149.308,0.32,0.33,0.67,0.68,0.01,0.01,75752.62,1776739048000
1776739049.963,149.963,0.32,0.33,0.67,0.68,0.01,0.01,75752.62,1776739048000
1776739050.561,150.561,0.32,0.33,0.67,0.68,0.01,0.01,75751.88,1776739049000
1776739051.062,151.062,0.29,0.3,0.69,0.71,0.01,0.02,75751.88,1776739049000
1776739051.463,151.463,0.29,0.3,0.7,0.71,0.01,0.01,75751.69,1776739050000
1776739051.797,151.797,0.29,0.3,0.7,0.71,0.01,0.01,75751.69,1776739050000
1776739052.253,152.253,0.29,0.3,0.7,0.71,0.01,0.01,75751.69,1776739050000
1776739052.589,152.589,0.29,0.3,0.7,0.71,0.01,0.01,75751.33,1776739051000
1776739053.085,153.085,0.27,0.28,0.7,0.71,0.01,0.01,75751.33,1776739051000
1776739053.555,153.555,0.27,0.28,0.72,0.73,0.01,0.01,75751.06,1776739052000
1776739054.012,154.012,0.26,0.27,0.72,0.73,0.01,0.01,75751.06,1776739052000
1776739054.505,154.505,0.26,0.27,0.73,0.74,0.01,0.01,75751.06,1776739052000
1776739055.066,155.066,0.25,0.26,0.74,0.75,0.01,0.01,75751.06,1776739052000
1776739055.43,155.43,0.25,0.26,0.74,0.75,0.01,0.01,75744.92,1776739054000
1776739055.794,155.794,0.25,0.26,0.74,0.75,0.01,0.01,75744.92,1776739054000
1776739056.211,156.211,0.25,0.26,0.74,0.75,0.01,0.01,75744.92,1776739054000
1776739056.727,156.727,0.25,0.26,0.74,0.75,0.01,0.01,75743.94,1776739055000
1776739057.509,157.509,0.25,0.26,0.74,0.75,0.01,0.01,75743.94,1776739055000
1776739057.852,157.852,0.25,0.26,0.74,0.75,0.01,0.01,75745.21,1776739056000
1776739058.711,158.711,0.25,0.26,0.74,0.75,0.01,0.01,75745.47,1776739057000
1776739059.122,159.122,0.25,0.26,0.74,0.75,0.01,0.01,75746.06,1776739058000
1776739059.491,159.491,0.25,0.26,0.74,0.75,0.01,0.01,75746.06,1776739058000
1776739060.165,160.165,0.25,0.26,0.74,0.75,0.01,0.01,75746.06,1776739059000
1776739060.727,160.727,0.25,0.26,0.74,0.75,0.01,0.01,75746.06,1776739059000
1776739061.134,161.134,0.21,0.23,0.77,0.78,0.02,0.01,75746.06,1776739059000
1776739061.469,161.469,0.15,0.2,0.8,0.85,0.05,0.05,75746.03,1776739060000
1776739061.832,161.832,0.11,0.18,0.82,0.86,0.07,0.04,75746.03,1776739060000
1776739062.257,162.257,0.13,0.15,0.85,0.87,0.02,0.02,75746.03,1776739060000
1776739062.782,162.782,0.13,0.16,0.84,0.87,0.03,0.03,75742.55,1776739061000
1776739063.325,163.325,0.11,0.15,0.84,0.87,0.04,0.03,75742.55,1776739061000
1776739064.686,164.686,0.13,0.14,0.85,0.89,0.01,0.04,75721.9,1776739062000
1776739065.301,165.301,0.13,0.14,0.86,0.87,0.01,0.01,75714.81,1776739063000
1776739065.647,165.647,0.12,0.15,0.86,0.88,0.03,0.02,75714.74,1776739064000
1776739066.016,166.016,0.11,0.15,0.85,0.88,0.04,0.03,75714.74,1776739064000
1776739066.667,166.667,0.1,0.13,0.87,0.89,0.03,0.02,75714.09,1776739065000
1776739067.116,167.116,0.1,0.13,0.87,0.9,0.03,0.03,75714.09,1776739065000
1776739067.456,167.456,0.1,0.14,0.86,0.9,0.04,0.04,75714.08,1776739066000
1776739067.804,167.804,0.14,0.15,0.85,0.86,0.01,0.01,75714.08,1776739066000
1776739068.167,168.167,0.14,0.15,0.85,0.87,0.01,0.02,75714.08,1776739066000
1776739068.526,168.526,0.13,0.14,0.85,0.87,0.01,0.02,75715.01,1776739067000
1776739068.873,168.873,0.13,0.14,0.86,0.87,0.01,0.01,75715.01,1776739067000
1776739069.348,169.348,0.13,0.14,0.86,0.87,0.01,0.01,75716.57,1776739068000
1776739069.766,169.766,0.13,0.14,0.86,0.87,0.01,0.01,75716.57,1776739068000
1776739070.148,170.148,0.13,0.14,0.86,0.87,0.01,0.01,75716.57,1776739068000
1776739070.629,170.629,0.13,0.14,0.86,0.87,0.01,0.01,75717.34,1776739069000
1776739071.07,171.07,0.13,0.14,0.86,0.87,0.01,0.01,75718.09,1776739070000
1776739071.463,171.463,0.13,0.14,0.86,0.87,0.01,0.01,75718.09,1776739070000
1776739072.041,172.041,0.13,0.14,0.86,0.87,0.01,0.01,75717.4,1776739071000
1776739072.447,172.447,0.11,0.14,0.86,0.87,0.03,0.01,75717.4,1776739071000
1776739072.872,172.872,0.11,0.14,0.86,0.87,0.03,0.01,75717.4,1776739071000
1776739073.58,173.58,0.12,0.13,0.86,0.88,0.01,0.02,75715.38,1776739072000
1776739074.349,174.349,0.11,0.13,0.87,0.88,0.02,0.01,75714.49,1776739073000
1776739074.785,174.785,0.11,0.12,0.87,0.89,0.01,0.02,75714.49,1776739073000
1776739075.237,175.237,0.11,0.12,0.88,0.89,0.01,0.01,75715.18,1776739074000
1776739075.878,175.878,0.11,0.12,0.88,0.89,0.01,0.01,75715.18,1776739074000
1776739076.301,176.301,0.11,0.12,0.88,0.89,0.01,0.01,75715.18,1776739075000
1776739076.635,176.635,0.12,0.15,0.87,0.88,0.03,0.01,75715.18,1776739075000
1776739077.13,177.13,0.14,0.15,0.85,0.86,0.01,0.01,75715.18,1776739076000
1776739077.467,177.467,0.14,0.15,0.85,0.86,0.01,0.01,75715.18,1776739076000
1776739078.126,178.126,0.14,0.15,0.85,0.86,0.01,0.01,75716.57,1776739077000
1776739078.502,178.502,0.14,0.15,0.85,0.86,0.01,0.01,75716.57,1776739077000
1776739078.875,178.875,0.14,0.15,0.85,0.86,0.01,0.01,75716.57,1776739077000
1776739079.627,179.627,0.14,0.15,0.85,0.86,0.01,0.01,75720.49,1776739078000
1776739080.12,180.12,0.14,0.16,0.85,0.86,0.02,0.01,75720.49,1776739078000
1776739081.046,181.046,0.14,0.16,0.84,0.86,0.02,0.02,75726.08,1776739080000
1776739081.407,181.407,0.14,0.16,0.84,0.86,0.02,0.02,75726.08,1776739080000
1776739081.827,181.827,0.14,0.15,0.84,0.86,0.01,0.02,75726.08,1776739080000
1776739082.183,182.183,0.14,0.15,0.85,0.86,0.01,0.01,75726.11,1776739081000
1776739082.627,182.627,0.14,0.15,0.85,0.86,0.01,0.01,75726.11,1776739081000
1776739082.985,182.985,0.14,0.15,0.85,0.86,0.01,0.01,75726.11,1776739081000
1776739083.32,183.32,0.15,0.16,0.84,0.85,0.01,0.01,75726.11,1776739081000
1776739083.711,183.711,0.15,0.16,0.84,0.85,0.01,0.01,75727.38,1776739082000
1776739084.071,184.071,0.15,0.16,0.84,0.85,0.01,0.01,75727.38,1776739082000
1776739084.533,184.533,0.15,0.16,0.84,0.85,0.01,0.01,75727.38,1776739082000
1776739084.884,184.884,0.15,0.16,0.84,0.85,0.01,0.01,75727.89,1776739083000
1776739086.069,186.069,0.15,0.16,0.84,0.85,0.01,0.01,75727.59,1776739084000
1776739086.452,186.452,0.15,0.16,0.84,0.85,0.01,0.01,75727.59,1776739084000
1776739086.819,186.819,0.15,0.16,0.84,0.85,0.01,0.01,75727.59,1776739084000
1776739087.862,187.862,0.15,0.16,0.84,0.85,0.01,0.01,75726.19,1776739085000
1776739088.476,188.476,0.15,0.16,0.84,0.85,0.01,0.01,75727.5,1776739086000
1776739089.119,189.119,0.15,0.16,0.84,0.85,0.01,0.01,75726.29,1776739087000
1776739089.61,189.61,0.15,0.16,0.84,0.85,0.01,0.01,75727.15,1776739088000
1776739090.04,190.04,0.15,0.16,0.84,0.85,0.01,0.01,75727.15,1776739088000
1776739090.389,190.389,0.15,0.16,0.84,0.85,0.01,0.01,75727.15,1776739088000
1776739090.805,190.805,0.15,0.16,0.84,0.85,0.01,0.01,75726.6,1776739089000
1776739091.379,191.379,0.15,0.16,0.84,0.85,0.01,0.01,75726.6,1776739089000
1776739092.066,192.066,0.15,0.16,0.84,0.85,0.01,0.01,75728.1,1776739090000
1776739092.615,192.615,0.15,0.16,0.84,0.85,0.01,0.01,75727.98,1776739091000
1776739093.166,193.166,0.15,0.16,0.84,0.85,0.01,0.01,75727.98,1776739091000
1776739093.56,193.56,0.15,0.16,0.84,0.85,0.01,0.01,75728.1,1776739092000
1776739095.093,195.093,0.15,0.16,0.84,0.85,0.01,0.01,75727.07,1776739093000
1776739095.446,195.446,0.15,0.16,0.84,0.85,0.01,0.01,75727.07,1776739093000
1776739095.827,195.827,0.15,0.21,0.83,0.85,0.06,0.02,75727.07,1776739093000
1776739096.222,196.222,0.15,0.16,0.84,0.85,0.01,0.01,75728.17,1776739094000
1776739096.661,196.661,0.15,0.16,0.84,0.85,0.01,0.01,75728.44,1776739095000
1776739097.038,197.038,0.15,0.16,0.84,0.85,0.01,0.01,75728.44,1776739095000
1776739097.443,197.443,0.16,0.2,0.8,0.84,0.04,0.04,75728.2,1776739096000
1776739097.906,197.906,0.19,0.2,0.8,0.81,0.01,0.01,75728.2,1776739096000
1776739098.267,198.267,0.19,0.2,0.8,0.81,0.01,0.01,75727.64,1776739097000
1776739098.645,198.645,0.2,0.21,0.79,0.8,0.01,0.01,75727.64,1776739097000
1776739098.99,198.99,0.2,0.21,0.79,0.8,0.01,0.01,75727.64,1776739097000
1776739099.324,199.324,0.2,0.21,0.79,0.8,0.01,0.01,75727.64,1776739097000
1776739099.671,199.671,0.18,0.2,0.8,0.82,0.02,0.02,75728.3,1776739098000
1776739100.148,200.148,0.18,0.19,0.81,0.82,0.01,0.01,75728.3,1776739098000
1776739100.995,200.995,0.17,0.19,0.81,0.82,0.02,0.01,75728.3,1776739099000
1776739101.336,201.336,0.17,0.21,0.81,0.83,0.04,0.02,75728.3,1776739099000
1776739101.781,201.781,0.17,0.21,0.79,0.83,0.04,0.04,75726.86,1776739100000
1776739102.183,202.183,0.17,0.19,0.79,0.83,0.02,0.04,75726.86,1776739100000
1776739102.646,202.646,0.16,0.17,0.83,0.84,0.01,0.01,75724.38,1776739101000
1776739103.09,203.09,0.15,0.18,0.82,0.85,0.03,0.03,75724.38,1776739101000
1776739103.443,203.443,0.15,0.16,0.84,0.85,0.01,0.01,75724.38,1776739101000
1776739103.834,203.834,0.14,0.15,0.85,0.86,0.01,0.01,75716.25,1776739102000
1776739104.18,204.18,0.16,0.17,0.83,0.84,0.01,0.01,75716.25,1776739102000
1776739104.531,204.531,0.17,0.18,0.82,0.83,0.01,0.01,75716.25,1776739102000
1776739104.873,204.873,0.16,0.17,0.83,0.84,0.01,0.01,75712.45,1776739103000
1776739105.219,205.219,0.17,0.18,0.82,0.83,0.01,0.01,75712.45,1776739103000
1776739105.564,205.564,0.17,0.18,0.82,0.83,0.01,0.01,75712.45,1776739103000
1776739105.905,205.905,0.17,0.18,0.82,0.83,0.01,0.01,75711.63,1776739104000
1776739106.264,206.264,0.15,0.16,0.84,0.85,0.01,0.01,75711.63,1776739104000
1776739106.618,206.618,0.15,0.16,0.84,0.85,0.01,0.01,75711.63,1776739104000
1776739107.021,207.021,0.15,0.17,0.83,0.85,0.02,0.02,75710.24,1776739105000
1776739107.36,207.36,0.16,0.17,0.83,0.84,0.01,0.01,75710.89,1776739106000
1776739107.743,207.743,0.16,0.18,0.83,0.84,0.02,0.01,75710.89,1776739106000
1776739108.091,208.091,0.16,0.17,0.83,0.84,0.01,0.01,75710.89,1776739106000
1776739108.809,208.809,0.17,0.18,0.82,0.83,0.01,0.01,75710.47,1776739107000
1776739109.206,209.206,0.17,0.18,0.82,0.83,0.01,0.01,75710.47,1776739107000
1776739109.547,209.547,0.16,0.17,0.82,0.83,0.01,0.01,75710.47,1776739107000
1776739109.921,209.921,0.16,0.19,0.83,0.84,0.03,0.01,75709.25,1776739108000
1776739110.289,210.289,0.17,0.19,0.81,0.84,0.02,0.03,75709.25,1776739108000
1776739110.692,210.692,0.17,0.18,0.82,0.83,0.01,0.01,75709.22,1776739109000
1776739111.109,211.109,0.17,0.18,0.82,0.83,0.01,0.01,75709.22,1776739109000
1776739111.464,211.464,0.17,0.18,0.82,0.83,0.01,0.01,75705.35,1776739110000
1776739111.854,211.854,0.17,0.18,0.82,0.83,0.01,0.01,75705.35,1776739110000
1776739112.282,212.282,0.18,0.19,0.81,0.83,0.01,0.02,75705.35,1776739110000
1776739112.703,212.703,0.18,0.19,0.81,0.82,0.01,0.01,75705.31,1776739111000
1776739113.125,213.125,0.17,0.18,0.82,0.83,0.01,0.01,75705.31,1776739111000
1776739113.459,213.459,0.15,0.18,0.82,0.85,0.03,0.03,75702.91,1776739112000
1776739113.796,213.796,0.15,0.17,0.82,0.84,0.02,0.02,75702.91,1776739112000
1776739114.225,214.225,0.15,0.16,0.84,0.85,0.01,0.01,75702.91,1776739112000
1776739114.629,214.629,0.15,0.16,0.84,0.85,0.01,0.01,75702.91,1776739112000
1776739115.009,215.009,0.15,0.16,0.84,0.85,0.01,0.01,75701.84,1776739113000
1776739115.358,215.358,0.15,0.16,0.84,0.85,0.01,0.01,75701.84,1776739113000
1776739115.719,215.719,0.15,0.17,0.84,0.85,0.02,0.01,75701.9,1776739114000
1776739116.108,216.108,0.15,0.16,0.84,0.85,0.01,0.01,75701.9,1776739114000
1776739116.48,216.48,0.14,0.16,0.84,0.86,0.02,0.02,75701.59,1776739115000
1776739116.888,216.888,0.15,0.16,0.84,0.86,0.01,0.02,75701.59,1776739115000
1776739117.405,217.405,0.15,0.16,0.84,0.85,0.01,0.01,75701.59,1776739115000
1776739117.796,217.796,0.15,0.16,0.84,0.85,0.01,0.01,75701.59,1776739115000
1776739118.137,218.137,0.15,0.16,0.84,0.85,0.01,0.01,75700.24,1776739116000
1776739118.597,218.597,0.15,0.16,0.84,0.85,0.01,0.01,75700.24,1776739116000
1776739118.965,218.965,0.15,0.16,0.84,0.86,0.01,0.02,75700.24,1776739116000
1776739119.41,219.41,0.15,0.16,0.84,0.85,0.01,0.01,75700.24,1776739117000
1776739119.758,219.758,0.15,0.16,0.83,0.85,0.01,0.02,75700.24,1776739117000
1776739120.162,220.162,0.16,0.17,0.83,0.85,0.01,0.02,75700.24,1776739117000
1776739120.498,220.498,0.16,0.17,0.83,0.84,0.01,0.01,75701.26,1776739118000
1776739120.852,220.852,0.17,0.18,0.82,0.83,0.01,0.01,75701.63,1776739119000
1776739121.293,221.293,0.17,0.18,0.82,0.83,0.01,0.01,75702.5,1776739120000
1776739121.89,221.89,0.18,0.19,0.81,0.82,0.01,0.01,75702.5,1776739120000
1776739122.301,222.301,0.18,0.19,0.81,0.82,0.01,0.01,75702.5,1776739120000
1776739122.778,222.778,0.18,0.19,0.81,0.82,0.01,0.01,75703.56,1776739121000
1776739123.206,223.206,0.18,0.19,0.81,0.82,0.01,0.01,75703.56,1776739121000
1776739123.606,223.606,0.18,0.19,0.81,0.82,0.01,0.01,75704.86,1776739122000
1776739124.005,224.005,0.18,0.19,0.81,0.82,0.01,0.01,75704.71,1776739123000
1776739124.908,224.908,0.18,0.19,0.81,0.82,0.01,0.01,75704.71,1776739123000
1776739125.296,225.296,0.18,0.19,0.81,0.82,0.01,0.01,75704.21,1776739124000
1776739125.904,225.904,0.18,0.2,0.81,0.82,0.02,0.01,75704.21,1776739124000
1776739126.419,226.419,0.18,0.2,0.8,0.82,0.02,0.02,75704.21,1776739125000
1776739126.791,226.791,0.18,0.19,0.81,0.82,0.01,0.01,75704.21,1776739125000
1776739127.182,227.182,0.18,0.19,0.81,0.82,0.01,0.01,75704.94,1776739126000
1776739127.64,227.64,0.18,0.19,0.8,0.82,0.01,0.02,75704.94,1776739126000
1776739128.12,228.12,0.18,0.19,0.81,0.82,0.01,0.01,75704.94,1776739126000
1776739129.233,229.233,0.18,0.19,0.81,0.82,0.01,0.01,75705.01,1776739128000
1776739129.78,229.78,0.18,0.19,0.81,0.82,0.01,0.01,75705.01,1776739128000
1776739130.136,230.136,0.18,0.19,0.81,0.82,0.01,0.01,75705.01,1776739128000
1776739130.474,230.474,0.18,0.19,0.81,0.82,0.01,0.01,75703.41,1776739129000
1776739130.825,230.825,0.18,0.19,0.81,0.82,0.01,0.01,75703.41,1776739129000
1776739131.191,231.191,0.18,0.19,0.81,0.82,0.01,0.01,75703.41,1776739129000
1776739131.555,231.555,0.18,0.19,0.81,0.82,0.01,0.01,75701.1,1776739130000
1776739131.891,231.891,0.18,0.19,0.81,0.82,0.01,0.01,75701.1,1776739130000
1776739132.277,232.277,0.18,0.19,0.81,0.82,0.01,0.01,75701.1,1776739130000
1776739132.614,232.614,0.15,0.17,0.81,0.84,0.02,0.03,75699.0,1776739131000
1776739133.043,233.043,0.13,0.14,0.86,0.87,0.01,0.01,75699.0,1776739131000
1776739133.456,233.456,0.13,0.14,0.86,0.87,0.01,0.01,75698.92,1776739132000
1776739133.804,233.804,0.13,0.14,0.86,0.87,0.01,0.01,75698.92,1776739132000
1776739134.145,234.145,0.13,0.14,0.86,0.87,0.01,0.01,75698.92,1776739132000
1776739134.683,234.683,0.13,0.14,0.86,0.87,0.01,0.01,75698.57,1776739133000
1776739135.026,235.026,0.13,0.14,0.86,0.87,0.01,0.01,75698.57,1776739133000
1776739135.361,235.361,0.13,0.14,0.86,0.87,0.01,0.01,75696.68,1776739134000
1776739135.776,235.776,0.14,0.15,0.85,0.86,0.01,0.01,75696.68,1776739134000
1776739136.147,236.147,0.12,0.13,0.85,0.88,0.01,0.03,75696.68,1776739134000
1776739136.503,236.503,0.12,0.13,0.87,0.88,0.01,0.01,75696.68,1776739134000
1776739136.841,236.841,0.12,0.13,0.87,0.88,0.01,0.01,75696.68,1776739134000
1776739137.347,237.347,0.12,0.13,0.87,0.88,0.01,0.01,75696.25,1776739135000
1776739137.742,237.742,0.12,0.13,0.87,0.88,0.01,0.01,75695.07,1776739136000
1776739138.108,238.108,0.11,0.13,0.87,0.88,0.02,0.01,75695.07,1776739137000
1776739138.441,238.441,0.11,0.12,0.88,0.89,0.01,0.01,75695.07,1776739137000
1776739138.856,238.856,0.1,0.11,0.89,0.9,0.01,0.01,75695.07,1776739137000
1776739139.203,239.203,0.1,0.11,0.89,0.9,0.01,0.01,75695.06,1776739138000
1776739139.565,239.565,0.11,0.12,0.88,0.89,0.01,0.01,75695.06,1776739138000
1776739139.948,239.948,0.11,0.12,0.88,0.89,0.01,0.01,75695.06,1776739138000
1776739140.303,240.303,0.11,0.12,0.88,0.89,0.01,0.01,75695.06,1776739138000
1776739141.274,241.274,0.11,0.12,0.88,0.89,0.01,0.01,75695.11,1776739140000
1776739141.65,241.65,0.1,0.12,0.88,0.9,0.02,0.02,75695.11,1776739140000
1776739142.024,242.024,0.11,0.12,0.88,0.89,0.01,0.01,75695.11,1776739140000
1776739142.496,242.496,0.1,0.11,0.88,0.9,0.01,0.02,75695.76,1776739141000
1776739142.83,242.83,0.15,0.18,0.82,0.92,0.03,0.1,75695.76,1776739141000
1776739143.174,243.174,0.2,0.21,0.79,0.81,0.01,0.02,75695.76,1776739141000
1776739143.522,243.522,0.19,0.2,0.8,0.81,0.01,0.01,75705.54,1776739142000
1776739143.92,243.92,0.19,0.2,0.8,0.81,0.01,0.01,75705.54,1776739142000
1776739144.411,244.411,0.19,0.2,0.8,0.81,0.01,0.01,75705.54,1776739142000
1776739144.896,244.896,0.17,0.19,0.8,0.81,0.02,0.01,75713.17,1776739143000
1776739145.271,245.271,0.17,0.19,0.81,0.83,0.02,0.02,75711.93,1776739144000
1776739145.872,245.872,0.17,0.18,0.82,0.83,0.01,0.01,75711.93,1776739144000
1776739146.297,246.297,0.17,0.18,0.82,0.83,0.01,0.01,75711.93,1776739144000
1776739146.663,246.663,0.17,0.18,0.82,0.83,0.01,0.01,75712.06,1776739145000
1776739147.079,247.079,0.15,0.18,0.82,0.85,0.03,0.03,75712.06,1776739145000
1776739147.604,247.604,0.17,0.18,0.82,0.83,0.01,0.01,75710.33,1776739146000
1776739148.065,248.065,0.16,0.18,0.82,0.83,0.02,0.01,75710.33,1776739146000
1776739148.413,248.413,0.13,0.14,0.83,0.91,0.01,0.08,75712.34,1776739147000
1776739148.802,248.802,0.13,0.14,0.86,0.87,0.01,0.01,75712.34,1776739147000
1776739149.192,249.192,0.14,0.15,0.85,0.87,0.01,0.02,75712.34,1776739147000
1776739149.614,249.614,0.08,0.09,0.9,0.92,0.01,0.02,75712.34,1776739147000
1776739149.954,249.954,0.08,0.09,0.91,0.92,0.01,0.01,75713.09,1776739148000
1776739150.338,250.338,0.08,0.09,0.91,0.92,0.01,0.01,75713.09,1776739148000
1776739150.742,250.742,0.08,0.09,0.91,0.92,0.01,0.01,75713.25,1776739149000
1776739151.164,251.164,0.08,0.09,0.91,0.92,0.01,0.01,75713.25,1776739149000
1776739151.624,251.624,0.09,0.1,0.9,0.91,0.01,0.01,75704.79,1776739150000
1776739152.019,252.019,0.09,0.1,0.9,0.91,0.01,0.01,75704.79,1776739150000
1776739152.421,252.421,0.07,0.1,0.9,0.91,0.03,0.01,75704.79,1776739150000
1776739152.853,252.853,0.06,0.07,0.92,0.94,0.01,0.02,75699.46,1776739151000
1776739153.187,253.187,0.06,0.07,0.93,0.94,0.01,0.01,75699.32,1776739152000
1776739153.562,253.562,0.05,0.06,0.93,0.95,0.01,0.02,75699.32,1776739152000
1776739153.921,253.921,0.05,0.06,0.94,0.95,0.01,0.01,75699.32,1776739152000
1776739154.463,254.463,0.05,0.06,0.94,0.95,0.01,0.01,75699.32,1776739153000
1776739154.829,254.829,0.05,0.06,0.94,0.95,0.01,0.01,75699.32,1776739153000
1776739155.162,255.162,0.05,0.06,0.94,0.95,0.01,0.01,75698.78,1776739154000
1776739155.524,255.524,0.05,0.06,0.94,0.95,0.01,0.01,75698.78,1776739154000
1776739155.903,255.903,0.04,0.05,0.95,0.96,0.01,0.01,75698.78,1776739154000
1776739156.284,256.284,0.04,0.05,0.95,0.96,0.01,0.01,75697.33,1776739155000
1776739156.671,256.671,0.04,0.05,0.95,0.96,0.01,0.01,75697.33,1776739155000
1776739157.012,257.012,0.04,0.05,0.95,0.96,0.01,0.01,75697.23,1776739156000
1776739157.371,257.371,0.04,0.05,0.95,0.96,0.01,0.01,75697.23,1776739156000
1776739157.746,257.746,0.04,0.05,0.95,0.96,0.01,0.01,75697.23,1776739156000
1776739158.102,258.102,0.04,0.05,0.95,0.96,0.01,0.01,75698.8,1776739157000
1776739158.591,258.591,0.04,0.05,0.95,0.96,0.01,0.01,75698.8,1776739157000
1776739158.934,258.934,0.04,0.05,0.95,0.96,0.01,0.01,75698.8,1776739157000
1776739159.621,259.621,0.03,0.05,0.95,0.96,0.02,0.01,75700.87,1776739158000
1776739160.142,260.142,0.03,0.04,0.96,0.97,0.01,0.01,75700.89,1776739159000
1776739160.514,260.514,0.03,0.04,0.96,0.97,0.01,0.01,75700.89,1776739159000
1776739160.935,260.935,0.03,0.04,0.96,0.97,0.01,0.01,75700.89,1776739159000
1776739161.279,261.279,0.03,0.04,0.96,0.97,0.01,0.01,75702.32,1776739160000
1776739161.678,261.678,0.03,0.04,0.96,0.97,0.01,0.01,75702.32,1776739160000
1776739162.012,262.012,0.03,0.04,0.96,0.97,0.01,0.01,75702.32,1776739160000
1776739162.407,262.407,0.03,0.04,0.96,0.97,0.01,0.01,75702.31,1776739161000
1776739162.793,262.793,0.03,0.04,0.96,0.97,0.01,0.01,75702.31,1776739161000
1776739163.225,263.225,0.03,0.04,0.96,0.97,0.01,0.01,75702.31,1776739161000
1776739163.698,263.698,0.03,0.04,0.96,0.98,0.01,0.02,75701.22,1776739162000
1776739164.034,264.034,0.03,0.04,0.96,0.97,0.01,0.01,75701.22,1776739162000
1776739164.427,264.427,0.03,0.04,0.96,0.97,0.01,0.01,75701.22,1776739163000
1776739164.993,264.993,0.03,0.04,0.96,0.97,0.01,0.01,75701.22,1776739163000
1776739165.342,265.342,0.03,0.04,0.96,0.98,0.01,0.02,75702.09,1776739164000
1776739165.696,265.696,0.02,0.04,0.96,0.97,0.02,0.01,75702.09,1776739164000
1776739166.051,266.051,0.02,0.04,0.96,0.97,0.02,0.01,75702.09,1776739164000
1776739166.422,266.422,0.02,0.03,0.97,0.98,0.01,0.01,75702.76,1776739165000
1776739166.762,266.762,0.06,0.07,0.9,0.94,0.01,0.04,75702.76,1776739165000
1776739167.157,267.157,0.02,0.03,0.97,0.98,0.01,0.01,75702.76,1776739165000
1776739167.549,267.549,0.02,0.03,0.97,0.98,0.01,0.01,75703.03,1776739166000
1776739167.911,267.911,0.05,0.06,0.91,0.95,0.01,0.04,75703.03,1776739166000
1776739168.281,268.281,0.05,0.06,0.94,0.95,0.01,0.01,75703.08,1776739167000
1776739168.645,268.645,0.07,0.08,0.92,0.93,0.01,0.01,75703.08,1776739167000
1776739169.023,269.023,0.08,0.09,0.91,0.92,0.01,0.01,75703.08,1776739167000
1776739169.379,269.379,0.08,0.09,0.91,0.92,0.01,0.01,75702.69,1776739168000
1776739169.721,269.721,0.08,0.09,0.91,0.92,0.01,0.01,75702.69,1776739168000
1776739170.093,270.093,0.08,0.09,0.91,0.92,0.01,0.01,75702.48,1776739169000
1776739170.478,270.478,0.09,0.1,0.9,0.91,0.01,0.01,75702.48,1776739169000
1776739170.861,270.861,0.08,0.1,0.9,0.91,0.02,0.01,75702.48,1776739169000
1776739171.21,271.21,0.08,0.1,0.9,0.92,0.02,0.02,75702.69,1776739170000
1776739171.596,271.596,0.08,0.09,0.89,0.92,0.01,0.03,75702.69,1776739170000
1776739172.067,272.067,0.06,0.07,0.91,0.92,0.01,0.01,75702.69,1776739170000
1776739172.402,272.402,0.02,0.07,0.95,0.98,0.05,0.03,75701.91,1776739171000
1776739172.768,272.768,0.08,0.09,0.89,0.92,0.01,0.03,75701.91,1776739171000
1776739173.181,273.181,0.04,0.08,0.89,0.93,0.04,0.04,75701.91,1776739171000
1776739173.55,273.55,0.04,0.05,0.95,0.96,0.01,0.01,75701.91,1776739172000
1776739173.98,273.98,0.02,0.04,0.96,0.98,0.02,0.02,75701.91,1776739172000
1776739174.369,274.369,0.04,0.05,0.95,0.96,0.01,0.01,75701.91,1776739172000
1776739174.71,274.71,0.03,0.05,0.95,0.97,0.02,0.02,75701.84,1776739173000
1776739175.29,275.29,0.04,0.05,0.96,0.97,0.01,0.01,75701.83,1776739174000
1776739175.679,275.679,0.01,0.02,0.97,0.99,0.01,0.02,75701.83,1776739174000
1776739176.039,276.039,0.01,0.02,0.98,0.99,0.01,0.01,75701.84,1776739175000
1776739176.469,276.469,0.01,0.02,0.98,0.99,0.01,0.01,75701.84,1776739175000
1776739176.802,276.802,0.01,0.02,0.98,0.99,0.01,0.01,75701.84,1776739175000
1776739177.141,277.141,0.01,0.02,0.98,0.99,0.01,0.01,75701.84,1776739175000
1776739177.477,277.477,0.01,0.02,0.98,0.99,0.01,0.01,75701.84,1776739175000
1776739177.842,277.842,0.01,0.01,0.99,0.99,0.0,0.0,75701.84,1776739175000
1776739178.227,278.227,0.01,0.01,0.99,0.99,0.0,0.0,75701.84,1776739176000
1776739178.615,278.615,0.01,0.01,0.99,0.99,0.0,0.0,75701.84,1776739176000
1776739179.135,279.135,0.01,0.01,0.99,0.99,0.0,0.0,75701.81,1776739177000
1776739179.533,279.533,0.01,0.01,0.99,0.99,0.0,0.0,75701.89,1776739178000
1776739180.039,280.039,0.01,0.01,0.99,0.99,0.0,0.0,75701.89,1776739178000
1776739180.608,280.608,0.01,0.01,0.99,0.99,0.0,0.0,75701.83,1776739179000
1776739181.663,281.663,0.01,0.01,0.99,0.99,0.0,0.0,75700.92,1776739180000
1776739182.254,282.254,0.01,0.01,0.99,0.99,0.0,0.0,75700.92,1776739181000
1776739183.257,283.257,0.01,0.01,0.99,0.99,0.0,0.0,75700.92,1776739181000
1776739183.671,283.671,0.01,0.01,0.99,0.99,0.0,0.0,75702.67,1776739182000
1776739184.236,284.236,0.01,0.01,0.99,0.99,0.0,0.0,75702.67,1776739182000
1776739185.005,285.005,0.01,0.01,0.99,0.99,0.0,0.0,75703.0,1776739183000
1776739185.57,285.57,0.01,0.01,0.99,0.99,0.0,0.0,75704.06,1776739184000
1776739185.969,285.969,0.01,0.01,0.99,0.99,0.0,0.0,75704.06,1776739184000
1776739186.323,286.323,0.01,0.01,0.99,0.99,0.0,0.0,75704.96,1776739185000
1776739187.074,287.074,0.01,0.01,0.99,0.99,0.0,0.0,75704.96,1776739186000
1776739187.514,287.514,0.01,0.01,0.99,0.99,0.0,0.0,75704.96,1776739186000
1776739188.461,288.461,0.01,0.01,0.99,0.99,0.0,0.0,75704.96,1776739186000
1776739188.822,288.822,0.01,0.01,0.99,0.99,0.0,0.0,75704.96,1776739187000
1776739189.29,289.29,0.01,0.01,0.99,0.99,0.0,0.0,75704.94,1776739188000
1776739190.638,290.638,0.01,0.01,0.99,0.99,0.0,0.0,75704.94,1776739188000
1776739191.573,291.573,0.01,0.01,0.99,0.99,0.0,0.0,75702.13,1776739190000
1776739192.176,292.176,0.01,0.01,0.99,0.99,0.0,0.0,75697.48,1776739191000
1776739192.519,292.519,0.01,0.01,0.99,0.99,0.0,0.0,75697.48,1776739191000
1776739193.566,293.566,0.01,0.01,0.99,0.99,0.0,0.0,75697.48,1776739191000
1776739193.939,293.939,0.01,0.01,0.99,0.99,0.0,0.0,75692.94,1776739192000
1776739194.309,294.309,0.01,0.01,0.99,0.99,0.0,0.0,75692.94,1776739192000
1776739195.586,295.586,0.01,0.01,0.99,0.99,0.0,0.0,75690.72,1776739193000
1776739196.15,296.15,0.01,0.01,0.99,0.99,0.0,0.0,75682,1776739194000
1776739196.985,296.985,0.01,0.01,0.99,0.99,0.0,0.0,75684.24,1776739195000
1776739198.192,298.192,0.01,0.01,0.99,0.99,0.0,0.0,75683.86,1776739197000
1776739199.31,299.31,0.01,0.01,0.99,0.99,0.0,0.0,75681.93,1776739198000
1776739200.42,300.42,0.01,0.01,0.99,0.99,0.0,0.0,75681.93,1776739198000
1776739201.077,301.077,0.01,0.01,0.99,0.99,0.0,0.0,75679.48,1776739200000
1776739202.297,302.297,0.01,0.01,0.99,0.99,0.0,0.0,75679.6,1776739201000

# RESULT,winner=Down,slug=btc-updown-5m-1776738900,ticks=647
