timestamp,elapsed_sec,up_bid,up_ask,down_bid,down_ask,up_spread,down_spread,btc_price,btc_oracle_ts
1776793500.908,0.908,0.44,0.46,0.54,0.56,0.02,0.02,75783.2,1776793500000
1776793501.306,1.306,0.45,0.46,0.54,0.55,0.01,0.01,75783.2,1776793500000
1776793501.646,1.646,0.45,0.46,0.54,0.55,0.01,0.01,75783.2,1776793500000
1776793502.01,2.01,0.44,0.45,0.55,0.56,0.01,0.01,75783.2,1776793500000
1776793502.355,2.355,0.44,0.45,0.55,0.56,0.01,0.01,75781.52,1776793501000
1776793502.689,2.689,0.45,0.46,0.54,0.55,0.01,0.01,75781.52,1776793501000
1776793503.032,3.032,0.46,0.47,0.54,0.55,0.01,0.01,75781.52,1776793501000
1776793503.366,3.366,0.46,0.47,0.53,0.54,0.01,0.01,75780.3,1776793502000
1776793503.756,3.756,0.45,0.46,0.53,0.55,0.01,0.02,75780.3,1776793502000
1776793504.253,4.253,0.45,0.46,0.54,0.55,0.01,0.01,75780.16,1776793503000
1776793504.718,4.718,0.45,0.46,0.54,0.55,0.01,0.01,75780.16,1776793503000
1776793505.096,5.096,0.45,0.46,0.54,0.55,0.01,0.01,75780.16,1776793503000
1776793505.442,5.442,0.46,0.47,0.54,0.55,0.01,0.01,75780.16,1776793503000
1776793505.809,5.809,0.47,0.48,0.52,0.54,0.01,0.02,75773.9,1776793504000
1776793506.536,6.536,0.47,0.48,0.52,0.53,0.01,0.01,75773.09,1776793505000
1776793507.031,7.031,0.47,0.48,0.52,0.53,0.01,0.01,75773.09,1776793505000
1776793507.388,7.388,0.47,0.49,0.51,0.53,0.02,0.02,75777.57,1776793506000
1776793507.747,7.747,0.47,0.49,0.51,0.53,0.02,0.02,75777.57,1776793506000
1776793508.121,8.121,0.47,0.5,0.5,0.53,0.03,0.03,75794.92,1776793507000
1776793508.538,8.538,0.5,0.55,0.45,0.5,0.05,0.05,75794.92,1776793507000
1776793508.936,8.936,0.51,0.53,0.47,0.49,0.02,0.02,75794.92,1776793507000
1776793509.277,9.277,0.51,0.52,0.48,0.49,0.01,0.01,75794.92,1776793507000
1776793509.63,9.63,0.51,0.52,0.48,0.5,0.01,0.02,75794.92,1776793507000
1776793509.995,9.995,0.51,0.52,0.48,0.49,0.01,0.01,75807.91,1776793508000
1776793510.361,10.361,0.51,0.52,0.48,0.5,0.01,0.02,75807.91,1776793508000
1776793510.695,10.695,0.5,0.51,0.49,0.5,0.01,0.01,75806.04,1776793509000
1776793511.33,11.33,0.5,0.51,0.49,0.5,0.01,0.01,75806.04,1776793509000
1776793511.67,11.67,0.51,0.52,0.48,0.49,0.01,0.01,75800.35,1776793510000
1776793512.225,12.225,0.51,0.52,0.48,0.49,0.01,0.01,75800.35,1776793510000
1776793512.631,12.631,0.51,0.52,0.48,0.49,0.01,0.01,75798.97,1776793511000
1776793513.186,13.186,0.51,0.52,0.48,0.49,0.01,0.01,75798.97,1776793511000
1776793513.802,13.802,0.51,0.52,0.48,0.49,0.01,0.01,75796.65,1776793512000
1776793514.821,14.821,0.51,0.52,0.48,0.49,0.01,0.01,75794.96,1776793513000
1776793515.224,15.224,0.51,0.52,0.48,0.49,0.01,0.01,75794.96,1776793513000
1776793515.683,15.683,0.51,0.52,0.48,0.49,0.01,0.01,75785.55,1776793514000
1776793516.421,16.421,0.49,0.52,0.48,0.49,0.03,0.01,75785.55,1776793514000
1776793516.794,16.794,0.49,0.52,0.48,0.51,0.03,0.03,75776.82,1776793515000
1776793517.154,17.154,0.48,0.5,0.5,0.51,0.02,0.01,75776.82,1776793515000
1776793517.576,17.576,0.48,0.5,0.5,0.52,0.02,0.02,75775.23,1776793516000
1776793517.923,17.923,0.48,0.5,0.5,0.52,0.02,0.02,75775.23,1776793516000
1776793518.327,18.327,0.47,0.5,0.5,0.52,0.03,0.02,75775.23,1776793516000
1776793518.683,18.683,0.47,0.5,0.5,0.53,0.03,0.03,75774.8,1776793517000
1776793519.269,19.269,0.45,0.5,0.5,0.54,0.05,0.04,75774.8,1776793517000
1776793519.644,19.644,0.45,0.51,0.49,0.55,0.06,0.06,75774.66,1776793518000
1776793520.013,20.013,0.49,0.51,0.49,0.53,0.02,0.04,75774.66,1776793518000
1776793520.356,20.356,0.43,0.49,0.51,0.57,0.06,0.06,75774.66,1776793518000
1776793520.709,20.709,0.42,0.47,0.53,0.58,0.05,0.05,75765.96,1776793519000
1776793521.045,21.045,0.47,0.48,0.51,0.53,0.01,0.02,75763.47,1776793520000
1776793521.442,21.442,0.46,0.47,0.53,0.54,0.01,0.01,75763.47,1776793520000
1776793521.788,21.788,0.46,0.47,0.53,0.54,0.01,0.01,75763.47,1776793520000
1776793522.124,22.124,0.46,0.47,0.53,0.54,0.01,0.01,75763.47,1776793520000
1776793522.552,22.552,0.46,0.47,0.53,0.54,0.01,0.01,75771.98,1776793521000
1776793522.886,22.886,0.46,0.47,0.53,0.54,0.01,0.01,75773.28,1776793522000
1776793523.914,23.914,0.46,0.47,0.53,0.54,0.01,0.01,75773.28,1776793522000
1776793524.301,24.301,0.46,0.47,0.53,0.54,0.01,0.01,75773.28,1776793522000
1776793524.865,24.865,0.46,0.47,0.53,0.54,0.01,0.01,75774.93,1776793523000
1776793525.425,25.425,0.46,0.47,0.53,0.54,0.01,0.01,75774.93,1776793523000
1776793525.84,25.84,0.46,0.47,0.53,0.54,0.01,0.01,75774.93,1776793523000
1776793526.306,26.306,0.44,0.47,0.53,0.55,0.03,0.02,75774.93,1776793523000
1776793526.647,26.647,0.46,0.47,0.53,0.54,0.01,0.01,75776.91,1776793524000
1776793526.988,26.988,0.46,0.47,0.53,0.54,0.01,0.01,75776.91,1776793524000
1776793527.663,27.663,0.46,0.47,0.53,0.54,0.01,0.01,75775.63,1776793526000
1776793528.143,28.143,0.46,0.47,0.53,0.54,0.01,0.01,75775.63,1776793526000
1776793528.483,28.483,0.43,0.46,0.54,0.55,0.03,0.01,75775.63,1776793526000
1776793528.983,28.983,0.45,0.46,0.53,0.55,0.01,0.02,75772.83,1776793527000
1776793529.377,29.377,0.45,0.46,0.54,0.55,0.01,0.01,75771.78,1776793528000
1776793529.776,29.776,0.45,0.46,0.54,0.55,0.01,0.01,75771.78,1776793528000
1776793530.189,30.189,0.45,0.46,0.54,0.55,0.01,0.01,75771.78,1776793528000
1776793530.537,30.537,0.45,0.46,0.54,0.55,0.01,0.01,75775.11,1776793529000
1776793530.98,30.98,0.45,0.46,0.53,0.55,0.01,0.02,75775.11,1776793529000
1776793531.365,31.365,0.45,0.46,0.54,0.55,0.01,0.01,75770.64,1776793530000
1776793532.004,32.004,0.45,0.46,0.54,0.55,0.01,0.01,75770.64,1776793530000
1776793532.77,32.77,0.45,0.46,0.54,0.55,0.01,0.01,75776.34,1776793531000
1776793533.161,33.161,0.45,0.46,0.54,0.55,0.01,0.01,75773.76,1776793532000
1776793534.04,34.04,0.45,0.46,0.54,0.55,0.01,0.01,75773.76,1776793532000
1776793534.429,34.429,0.44,0.46,0.54,0.55,0.02,0.01,75772.14,1776793533000
1776793534.831,34.831,0.44,0.46,0.54,0.56,0.02,0.02,75772.14,1776793533000
1776793535.543,35.543,0.45,0.46,0.54,0.56,0.01,0.02,75775.14,1776793534000
1776793536.013,36.013,0.45,0.46,0.54,0.55,0.01,0.01,75775.14,1776793534000
1776793536.427,36.427,0.45,0.46,0.54,0.55,0.01,0.01,75775.73,1776793535000
1776793536.763,36.763,0.45,0.46,0.54,0.55,0.01,0.01,75775.73,1776793535000
1776793537.108,37.108,0.47,0.48,0.52,0.53,0.01,0.01,75775.73,1776793535000
1776793537.451,37.451,0.47,0.48,0.52,0.53,0.01,0.01,75775.99,1776793536000
1776793537.786,37.786,0.47,0.49,0.52,0.53,0.02,0.01,75775.99,1776793536000
1776793538.131,38.131,0.47,0.48,0.49,0.54,0.01,0.05,75775.99,1776793536000
1776793538.485,38.485,0.47,0.48,0.52,0.53,0.01,0.01,75781.65,1776793537000
1776793538.996,38.996,0.46,0.48,0.52,0.55,0.02,0.03,75781.65,1776793537000
1776793539.345,39.345,0.42,0.46,0.54,0.57,0.04,0.03,75786.84,1776793538000
1776793539.688,39.688,0.4,0.42,0.58,0.6,0.02,0.02,75786.84,1776793538000
1776793540.066,40.066,0.41,0.42,0.58,0.59,0.01,0.01,75786.84,1776793538000
1776793540.556,40.556,0.41,0.42,0.58,0.6,0.01,0.02,75786.84,1776793538000
1776793540.922,40.922,0.41,0.42,0.58,0.59,0.01,0.01,75768.1,1776793539000
1776793541.644,41.644,0.4,0.42,0.58,0.59,0.02,0.01,75762.06,1776793540000
1776793542.289,42.289,0.4,0.41,0.58,0.6,0.01,0.02,75762.06,1776793540000
1776793543.062,43.062,0.4,0.41,0.59,0.6,0.01,0.01,75759.88,1776793542000
1776793543.834,43.834,0.4,0.41,0.59,0.6,0.01,0.01,75759.88,1776793542000
1776793544.239,44.239,0.4,0.41,0.59,0.6,0.01,0.01,75759.88,1776793542000
1776793544.969,44.969,0.4,0.41,0.59,0.6,0.01,0.01,75754.31,1776793543000
1776793545.308,45.308,0.4,0.41,0.59,0.6,0.01,0.01,75753.18,1776793544000
1776793545.722,45.722,0.4,0.41,0.59,0.6,0.01,0.01,75753.18,1776793544000
1776793546.1,46.1,0.4,0.41,0.59,0.6,0.01,0.01,75753.18,1776793544000
1776793546.477,46.477,0.37,0.41,0.59,0.63,0.04,0.04,75753.25,1776793545000
1776793546.864,46.864,0.37,0.41,0.59,0.63,0.04,0.04,75753.25,1776793545000
1776793547.197,47.197,0.39,0.41,0.59,0.61,0.02,0.02,75753.79,1776793546000
1776793547.549,47.549,0.4,0.41,0.59,0.6,0.01,0.01,75753.79,1776793546000
1776793547.904,47.904,0.4,0.41,0.59,0.6,0.01,0.01,75753.79,1776793546000
1776793548.294,48.294,0.39,0.4,0.59,0.61,0.01,0.02,75753.79,1776793546000
1776793548.705,48.705,0.39,0.4,0.6,0.61,0.01,0.01,75753.69,1776793547000
1776793549.047,49.047,0.39,0.4,0.6,0.61,0.01,0.01,75753.69,1776793548000
1776793549.4,49.4,0.4,0.41,0.59,0.6,0.01,0.01,75753.69,1776793548000
1776793549.924,49.924,0.4,0.41,0.59,0.6,0.01,0.01,75753.69,1776793548000
1776793550.27,50.27,0.4,0.41,0.59,0.6,0.01,0.01,75753.69,1776793548000
1776793551.047,51.047,0.4,0.41,0.59,0.6,0.01,0.01,75754.45,1776793549000
1776793551.39,51.39,0.4,0.41,0.59,0.6,0.01,0.01,75754.45,1776793549000
1776793551.778,51.778,0.4,0.41,0.59,0.6,0.01,0.01,75756.69,1776793550000
1776793552.229,52.229,0.4,0.41,0.59,0.6,0.01,0.01,75756.69,1776793550000
1776793552.737,52.737,0.4,0.41,0.59,0.6,0.01,0.01,75761.55,1776793551000
1776793553.413,53.413,0.4,0.41,0.59,0.6,0.01,0.01,75760.97,1776793552000
1776793553.784,53.784,0.4,0.41,0.59,0.6,0.01,0.01,75760.97,1776793552000
1776793554.12,54.12,0.4,0.41,0.59,0.6,0.01,0.01,75760.97,1776793552000
1776793554.828,54.828,0.4,0.41,0.58,0.6,0.01,0.02,75760.12,1776793553000
1776793555.195,55.195,0.43,0.45,0.56,0.58,0.02,0.02,75760.12,1776793553000
1776793555.559,55.559,0.44,0.45,0.55,0.56,0.01,0.01,75760.12,1776793553000
1776793555.951,55.951,0.42,0.45,0.55,0.56,0.03,0.01,75760.12,1776793553000
1776793556.289,56.289,0.42,0.44,0.55,0.58,0.02,0.03,75761.65,1776793554000
1776793556.644,56.644,0.43,0.44,0.56,0.57,0.01,0.01,75761.65,1776793554000
1776793557.051,57.051,0.42,0.43,0.56,0.58,0.01,0.02,75761.65,1776793554000
1776793557.791,57.791,0.42,0.43,0.57,0.58,0.01,0.01,75766.96,1776793555000
1776793558.348,58.348,0.4,0.41,0.57,0.6,0.01,0.03,75766.96,1776793555000
1776793558.681,58.681,0.4,0.41,0.59,0.6,0.01,0.01,75766.96,1776793555000
1776793559.294,59.294,0.4,0.41,0.59,0.6,0.01,0.01,75766.22,1776793558000
1776793559.703,59.703,0.4,0.41,0.59,0.6,0.01,0.01,75766.22,1776793558000
1776793560.124,60.124,0.39,0.41,0.59,0.6,0.02,0.01,75761.88,1776793559000
1776793560.825,60.825,0.38,0.41,0.59,0.62,0.03,0.03,75761.88,1776793559000
1776793561.159,61.159,0.38,0.41,0.59,0.62,0.03,0.03,75761.88,1776793559000
1776793561.504,61.504,0.38,0.4,0.59,0.62,0.02,0.03,75756.48,1776793560000
1776793561.948,61.948,0.39,0.4,0.6,0.62,0.01,0.02,75756.48,1776793560000
1776793562.351,62.351,0.39,0.4,0.6,0.61,0.01,0.01,75755.17,1776793561000
1776793562.696,62.696,0.36,0.4,0.6,0.64,0.04,0.04,75755.17,1776793561000
1776793563.244,63.244,0.35,0.36,0.62,0.65,0.01,0.03,75755.17,1776793561000
1776793563.597,63.597,0.35,0.37,0.62,0.64,0.02,0.02,75749.39,1776793562000
1776793563.983,63.983,0.3,0.36,0.64,0.7,0.06,0.06,75749.39,1776793562000
1776793564.42,64.42,0.3,0.31,0.69,0.7,0.01,0.01,75744.83,1776793563000
1776793564.756,64.756,0.27,0.31,0.69,0.73,0.04,0.04,75744.83,1776793563000
1776793565.127,65.127,0.28,0.31,0.69,0.72,0.03,0.03,75744.83,1776793563000
1776793565.507,65.507,0.29,0.33,0.67,0.71,0.04,0.04,75745.2,1776793564000
1776793565.84,65.84,0.3,0.32,0.68,0.7,0.02,0.02,75745.2,1776793564000
1776793566.177,66.177,0.33,0.34,0.66,0.67,0.01,0.01,75745.2,1776793564000
1776793566.53,66.53,0.31,0.33,0.67,0.69,0.02,0.02,75745.2,1776793564000
1776793566.934,66.934,0.29,0.3,0.7,0.71,0.01,0.01,75734.34,1776793565000
1776793567.456,67.456,0.28,0.3,0.7,0.72,0.02,0.02,75736.68,1776793566000
1776793567.95,67.95,0.28,0.29,0.71,0.72,0.01,0.01,75736.68,1776793566000
1776793568.362,68.362,0.28,0.29,0.71,0.72,0.01,0.01,75727.5,1776793567000
1776793568.788,68.788,0.28,0.29,0.71,0.72,0.01,0.01,75727.5,1776793567000
1776793569.13,69.13,0.27,0.28,0.71,0.72,0.01,0.01,75727.5,1776793567000
1776793569.595,69.595,0.27,0.28,0.72,0.73,0.01,0.01,75702.86,1776793568000
1776793569.978,69.978,0.27,0.3,0.7,0.74,0.03,0.04,75702.86,1776793568000
1776793570.328,70.328,0.25,0.3,0.7,0.75,0.05,0.05,75702.86,1776793568000
1776793570.752,70.752,0.25,0.3,0.7,0.75,0.05,0.05,75702.86,1776793568000
1776793571.123,71.123,0.29,0.3,0.7,0.71,0.01,0.01,75702.86,1776793568000
1776793571.471,71.471,0.29,0.3,0.7,0.71,0.01,0.01,75690.33,1776793569000
1776793571.863,71.863,0.25,0.29,0.71,0.75,0.04,0.04,75690.33,1776793569000
1776793572.21,72.21,0.24,0.26,0.74,0.75,0.02,0.01,75685.09,1776793570000
1776793572.545,72.545,0.26,0.27,0.73,0.74,0.01,0.01,75685.09,1776793570000
1776793572.925,72.925,0.19,0.23,0.77,0.81,0.04,0.04,75685.09,1776793570000
1776793573.259,73.259,0.22,0.23,0.77,0.78,0.01,0.01,75685.97,1776793571000
1776793573.6,73.6,0.22,0.23,0.77,0.78,0.01,0.01,75685.97,1776793571000
1776793573.98,73.98,0.19,0.22,0.77,0.81,0.03,0.04,75679.19,1776793572000
1776793574.341,74.341,0.2,0.21,0.79,0.8,0.01,0.01,75679.19,1776793572000
1776793574.712,74.712,0.2,0.21,0.79,0.8,0.01,0.01,75679.19,1776793572000
1776793575.072,75.072,0.2,0.21,0.79,0.8,0.01,0.01,75679.19,1776793572000
1776793575.415,75.415,0.2,0.21,0.79,0.81,0.01,0.02,75678.74,1776793573000
1776793575.771,75.771,0.2,0.21,0.79,0.8,0.01,0.01,75675.58,1776793574000
1776793576.121,76.121,0.19,0.2,0.8,0.81,0.01,0.01,75675.58,1776793574000
1776793576.676,76.676,0.19,0.2,0.8,0.81,0.01,0.01,75675.58,1776793574000
1776793577.053,77.053,0.19,0.2,0.8,0.81,0.01,0.01,75676.55,1776793575000
1776793577.43,77.43,0.22,0.23,0.75,0.78,0.01,0.03,75676.55,1776793575000
1776793577.798,77.798,0.22,0.23,0.77,0.78,0.01,0.01,75676.55,1776793575000
1776793578.157,78.157,0.22,0.23,0.77,0.78,0.01,0.01,75676.44,1776793576000
1776793578.527,78.527,0.22,0.23,0.77,0.78,0.01,0.01,75676.44,1776793576000
1776793578.892,78.892,0.21,0.22,0.78,0.79,0.01,0.01,75678.01,1776793577000
1776793579.231,79.231,0.21,0.22,0.78,0.79,0.01,0.01,75678.01,1776793577000
1776793579.616,79.616,0.21,0.22,0.78,0.79,0.01,0.01,75691.28,1776793578000
1776793580.002,80.002,0.21,0.22,0.78,0.79,0.01,0.01,75691.28,1776793578000
1776793580.346,80.346,0.21,0.22,0.78,0.79,0.01,0.01,75691.28,1776793578000
1776793580.684,80.684,0.21,0.22,0.78,0.79,0.01,0.01,75691.28,1776793578000
1776793581.06,81.06,0.21,0.23,0.78,0.79,0.02,0.01,75691.28,1776793578000
1776793581.515,81.515,0.22,0.23,0.77,0.78,0.01,0.01,75689.46,1776793579000
1776793581.85,81.85,0.21,0.23,0.77,0.78,0.02,0.01,75689.46,1776793579000
1776793582.206,82.206,0.21,0.22,0.78,0.79,0.01,0.01,75688.49,1776793580000
1776793582.54,82.54,0.19,0.2,0.8,0.81,0.01,0.01,75688.49,1776793580000
1776793582.916,82.916,0.19,0.2,0.8,0.81,0.01,0.01,75688.04,1776793581000
1776793583.338,83.338,0.19,0.2,0.8,0.81,0.01,0.01,75688.04,1776793581000
1776793583.938,83.938,0.18,0.19,0.8,0.82,0.01,0.02,75688.04,1776793581000
1776793584.283,84.283,0.18,0.19,0.81,0.82,0.01,0.01,75690.04,1776793582000
1776793584.618,84.618,0.18,0.19,0.81,0.82,0.01,0.01,75686.29,1776793583000
1776793585.007,85.007,0.18,0.19,0.81,0.82,0.01,0.01,75686.29,1776793583000
1776793585.387,85.387,0.18,0.19,0.81,0.82,0.01,0.01,75684.25,1776793584000
1776793585.763,85.763,0.18,0.19,0.81,0.82,0.01,0.01,75684.25,1776793584000
1776793586.115,86.115,0.18,0.19,0.81,0.82,0.01,0.01,75684.25,1776793584000
1776793586.597,86.597,0.18,0.19,0.81,0.82,0.01,0.01,75684.25,1776793584000
1776793587.212,87.212,0.18,0.19,0.81,0.82,0.01,0.01,75681.34,1776793585000
1776793587.569,87.569,0.17,0.18,0.82,0.83,0.01,0.01,75681.34,1776793585000
1776793587.955,87.955,0.17,0.18,0.82,0.83,0.01,0.01,75681.59,1776793586000
1776793588.392,88.392,0.17,0.18,0.82,0.83,0.01,0.01,75681.6,1776793587000
1776793588.837,88.837,0.17,0.18,0.82,0.83,0.01,0.01,75681.6,1776793587000
1776793589.174,89.174,0.17,0.18,0.82,0.83,0.01,0.01,75681.6,1776793587000
1776793589.51,89.51,0.17,0.18,0.82,0.83,0.01,0.01,75681.6,1776793587000
1776793589.867,89.867,0.17,0.18,0.82,0.83,0.01,0.01,75678.78,1776793588000
1776793590.204,90.204,0.17,0.18,0.82,0.83,0.01,0.01,75678.78,1776793588000
1776793590.545,90.545,0.17,0.18,0.82,0.83,0.01,0.01,75678.66,1776793589000
1776793590.96,90.96,0.17,0.18,0.82,0.83,0.01,0.01,75678.66,1776793589000
1776793591.431,91.431,0.17,0.18,0.82,0.83,0.01,0.01,75674.48,1776793590000
1776793591.845,91.845,0.17,0.18,0.82,0.83,0.01,0.01,75674.48,1776793590000
1776793592.194,92.194,0.17,0.18,0.82,0.83,0.01,0.01,75674.48,1776793590000
1776793592.565,92.565,0.17,0.18,0.82,0.83,0.01,0.01,75673.41,1776793591000
1776793592.904,92.904,0.17,0.18,0.82,0.83,0.01,0.01,75673.41,1776793591000
1776793593.389,93.389,0.17,0.18,0.82,0.83,0.01,0.01,75673.41,1776793591000
1776793593.783,93.783,0.17,0.18,0.82,0.83,0.01,0.01,75674.57,1776793592000
1776793595.161,95.161,0.17,0.18,0.82,0.83,0.01,0.01,75671.91,1776793594000
1776793595.657,95.657,0.17,0.18,0.82,0.83,0.01,0.01,75671.91,1776793594000
1776793596.183,96.183,0.17,0.18,0.82,0.83,0.01,0.01,75671.91,1776793594000
1776793596.674,96.674,0.16,0.17,0.83,0.84,0.01,0.01,75673.21,1776793595000
1776793597.033,97.033,0.15,0.16,0.83,0.85,0.01,0.02,75673.21,1776793595000
1776793597.441,97.441,0.15,0.16,0.84,0.85,0.01,0.01,75673.21,1776793595000
1776793597.868,97.868,0.15,0.16,0.84,0.85,0.01,0.01,75673.11,1776793596000
1776793598.27,98.27,0.15,0.16,0.84,0.85,0.01,0.01,75672.15,1776793597000
1776793598.617,98.617,0.15,0.16,0.84,0.85,0.01,0.01,75672.15,1776793597000
1776793599.005,99.005,0.15,0.16,0.84,0.85,0.01,0.01,75672.15,1776793597000
1776793599.351,99.351,0.14,0.15,0.85,0.86,0.01,0.01,75672.15,1776793597000
1776793599.686,99.686,0.14,0.15,0.85,0.86,0.01,0.01,75671.71,1776793598000
1776793600.021,100.021,0.14,0.15,0.85,0.86,0.01,0.01,75671.71,1776793598000
1776793600.468,100.468,0.14,0.15,0.85,0.86,0.01,0.01,75672.4,1776793599000
1776793600.813,100.813,0.13,0.15,0.85,0.86,0.02,0.01,75672.4,1776793599000
1776793601.167,101.167,0.13,0.14,0.86,0.87,0.01,0.01,75672.4,1776793599000
1776793601.615,101.615,0.13,0.14,0.86,0.87,0.01,0.01,75672.4,1776793599000
1776793602.016,102.016,0.12,0.13,0.86,0.88,0.01,0.02,75671.6,1776793600000
1776793602.354,102.354,0.12,0.13,0.87,0.88,0.01,0.01,75672.18,1776793601000
1776793602.712,102.712,0.12,0.13,0.87,0.88,0.01,0.01,75672.18,1776793601000
1776793603.114,103.114,0.12,0.13,0.87,0.88,0.01,0.01,75672.18,1776793601000
1776793603.466,103.466,0.11,0.12,0.88,0.89,0.01,0.01,75670.41,1776793602000
1776793603.839,103.839,0.11,0.12,0.88,0.89,0.01,0.01,75670.41,1776793602000
1776793604.358,104.358,0.11,0.12,0.88,0.89,0.01,0.01,75670.41,1776793602000
1776793604.713,104.713,0.11,0.12,0.88,0.89,0.01,0.01,75667.19,1776793603000
1776793605.076,105.076,0.11,0.12,0.88,0.89,0.01,0.01,75668.47,1776793604000
1776793605.559,105.559,0.11,0.12,0.88,0.89,0.01,0.01,75668.47,1776793604000
1776793605.921,105.921,0.11,0.12,0.88,0.89,0.01,0.01,75668.47,1776793604000
1776793606.264,106.264,0.11,0.12,0.88,0.89,0.01,0.01,75663.52,1776793605000
1776793606.675,106.675,0.11,0.12,0.88,0.89,0.01,0.01,75663.52,1776793605000
1776793607.015,107.015,0.1,0.11,0.89,0.9,0.01,0.01,75663.52,1776793605000
1776793607.381,107.381,0.1,0.11,0.89,0.9,0.01,0.01,75662.62,1776793606000
1776793607.904,107.904,0.1,0.11,0.89,0.9,0.01,0.01,75662.62,1776793606000
1776793608.358,108.358,0.12,0.13,0.87,0.9,0.01,0.03,75662.62,1776793606000
1776793608.691,108.691,0.12,0.14,0.86,0.88,0.02,0.02,75663.14,1776793607000
1776793609.248,109.248,0.13,0.14,0.86,0.87,0.01,0.01,75662.1,1776793608000
1776793609.596,109.596,0.13,0.14,0.86,0.87,0.01,0.01,75662.1,1776793608000
1776793609.939,109.939,0.13,0.15,0.86,0.87,0.02,0.01,75662.1,1776793608000
1776793610.312,110.312,0.16,0.19,0.81,0.84,0.03,0.03,75662.1,1776793608000
1776793610.703,110.703,0.16,0.17,0.83,0.84,0.01,0.01,75662.1,1776793608000
1776793611.074,111.074,0.16,0.17,0.83,0.84,0.01,0.01,75666.48,1776793609000
1776793611.519,111.519,0.15,0.16,0.84,0.85,0.01,0.01,75678.43,1776793610000
1776793612.113,112.113,0.15,0.16,0.84,0.85,0.01,0.01,75681.95,1776793611000
1776793612.802,112.802,0.14,0.15,0.85,0.86,0.01,0.01,75681.95,1776793611000
1776793613.228,113.228,0.14,0.15,0.85,0.87,0.01,0.02,75684.94,1776793612000
1776793613.926,113.926,0.14,0.15,0.85,0.86,0.01,0.01,75684.94,1776793612000
1776793614.346,114.346,0.16,0.17,0.83,0.84,0.01,0.01,75684.94,1776793612000
1776793614.825,114.825,0.16,0.17,0.83,0.84,0.01,0.01,75681.55,1776793613000
1776793615.167,115.167,0.16,0.17,0.83,0.84,0.01,0.01,75681.79,1776793614000
1776793615.648,115.648,0.17,0.2,0.82,0.83,0.03,0.01,75681.79,1776793614000
1776793616.014,116.014,0.19,0.2,0.79,0.81,0.01,0.02,75681.79,1776793614000
1776793616.356,116.356,0.19,0.2,0.8,0.81,0.01,0.01,75683.46,1776793615000
1776793616.696,116.696,0.18,0.19,0.81,0.82,0.01,0.01,75683.46,1776793615000
1776793617.067,117.067,0.18,0.19,0.81,0.82,0.01,0.01,75692.02,1776793616000
1776793617.562,117.562,0.16,0.17,0.83,0.84,0.01,0.01,75692.02,1776793616000
1776793618.107,118.107,0.16,0.17,0.83,0.84,0.01,0.01,75692.02,1776793616000
1776793618.457,118.457,0.16,0.17,0.83,0.84,0.01,0.01,75693.47,1776793617000
1776793618.804,118.804,0.15,0.16,0.84,0.85,0.01,0.01,75693.47,1776793617000
1776793619.231,119.231,0.14,0.15,0.85,0.86,0.01,0.01,75690.14,1776793618000
1776793619.586,119.586,0.14,0.15,0.85,0.86,0.01,0.01,75690.14,1776793618000
1776793619.936,119.936,0.14,0.15,0.85,0.86,0.01,0.01,75690.14,1776793618000
1776793620.284,120.284,0.14,0.15,0.85,0.86,0.01,0.01,75690.14,1776793618000
1776793620.627,120.627,0.14,0.15,0.85,0.86,0.01,0.01,75687.45,1776793619000
1776793621.003,121.003,0.14,0.15,0.85,0.86,0.01,0.01,75687.45,1776793619000
1776793621.439,121.439,0.14,0.15,0.85,0.86,0.01,0.01,75687.16,1776793620000
1776793621.795,121.795,0.15,0.16,0.84,0.86,0.01,0.02,75687.16,1776793620000
1776793622.142,122.142,0.14,0.15,0.85,0.86,0.01,0.01,75687.16,1776793620000
1776793622.704,122.704,0.13,0.14,0.85,0.86,0.01,0.01,75687.53,1776793621000
1776793623.165,123.165,0.12,0.14,0.86,0.88,0.02,0.02,75686.61,1776793622000
1776793623.524,123.524,0.12,0.13,0.87,0.88,0.01,0.01,75686.61,1776793622000
1776793623.913,123.913,0.1,0.11,0.89,0.9,0.01,0.01,75686.61,1776793622000
1776793624.273,124.273,0.1,0.11,0.89,0.9,0.01,0.01,75686.61,1776793622000
1776793624.629,124.629,0.1,0.11,0.89,0.9,0.01,0.01,75686.61,1776793622000
1776793625.027,125.027,0.1,0.11,0.89,0.9,0.01,0.01,75678.85,1776793623000
1776793625.365,125.365,0.1,0.11,0.89,0.9,0.01,0.01,75678.85,1776793623000
1776793625.785,125.785,0.1,0.11,0.89,0.9,0.01,0.01,75668.32,1776793624000
1776793626.118,126.118,0.1,0.11,0.89,0.9,0.01,0.01,75665.01,1776793625000
1776793626.591,126.591,0.1,0.11,0.89,0.9,0.01,0.01,75665.01,1776793625000
1776793627.042,127.042,0.1,0.11,0.89,0.9,0.01,0.01,75662.59,1776793626000
1776793627.505,127.505,0.1,0.11,0.89,0.9,0.01,0.01,75662.59,1776793626000
1776793627.85,127.85,0.1,0.11,0.89,0.9,0.01,0.01,75660.35,1776793627000
1776793628.341,128.341,0.1,0.11,0.89,0.9,0.01,0.01,75660.35,1776793627000
1776793628.74,128.74,0.1,0.11,0.89,0.9,0.01,0.01,75660.35,1776793627000
1776793629.08,129.08,0.1,0.11,0.89,0.9,0.01,0.01,75658.18,1776793628000
1776793629.932,129.932,0.1,0.11,0.89,0.9,0.01,0.01,75658.18,1776793628000
1776793630.394,130.394,0.1,0.11,0.89,0.9,0.01,0.01,75659.81,1776793629000
1776793630.819,130.819,0.1,0.11,0.89,0.9,0.01,0.01,75659.81,1776793629000
1776793631.265,131.265,0.1,0.11,0.89,0.9,0.01,0.01,75659.22,1776793630000
1776793631.732,131.732,0.1,0.11,0.89,0.9,0.01,0.01,75659.22,1776793630000
1776793632.108,132.108,0.08,0.09,0.9,0.93,0.01,0.03,75659.22,1776793630000
1776793632.448,132.448,0.08,0.1,0.91,0.92,0.02,0.01,75659.09,1776793631000
1776793632.885,132.885,0.09,0.1,0.89,0.91,0.01,0.02,75659.09,1776793631000
1776793633.251,133.251,0.1,0.11,0.89,0.9,0.01,0.01,75659.09,1776793631000
1776793633.631,133.631,0.1,0.11,0.89,0.9,0.01,0.01,75659.47,1776793632000
1776793634.095,134.095,0.1,0.11,0.89,0.9,0.01,0.01,75659.47,1776793632000
1776793634.43,134.43,0.1,0.11,0.89,0.9,0.01,0.01,75663.65,1776793633000
1776793634.818,134.818,0.1,0.11,0.89,0.9,0.01,0.01,75663.65,1776793633000
1776793635.255,135.255,0.1,0.11,0.89,0.91,0.01,0.02,75666.42,1776793634000
1776793635.828,135.828,0.1,0.11,0.89,0.9,0.01,0.01,75666.42,1776793634000
1776793636.498,136.498,0.1,0.11,0.89,0.9,0.01,0.01,75667.87,1776793635000
1776793637.022,137.022,0.1,0.11,0.89,0.9,0.01,0.01,75667.87,1776793635000
1776793637.893,137.893,0.1,0.11,0.89,0.9,0.01,0.01,75668.49,1776793636000
1776793639.027,139.027,0.1,0.11,0.89,0.9,0.01,0.01,75668.49,1776793636000
1776793639.638,139.638,0.1,0.11,0.89,0.9,0.01,0.01,75666.95,1776793638000
1776793640.327,140.327,0.1,0.11,0.89,0.9,0.01,0.01,75666.95,1776793638000
1776793640.663,140.663,0.1,0.11,0.89,0.9,0.01,0.01,75668.06,1776793639000
1776793641.183,141.183,0.1,0.11,0.89,0.9,0.01,0.01,75668.06,1776793639000
1776793641.516,141.516,0.1,0.12,0.88,0.9,0.02,0.02,75669.14,1776793640000
1776793641.941,141.941,0.1,0.11,0.89,0.9,0.01,0.01,75669.14,1776793640000
1776793642.275,142.275,0.1,0.11,0.89,0.9,0.01,0.01,75673.99,1776793641000
1776793643.011,143.011,0.1,0.11,0.89,0.9,0.01,0.01,75673.99,1776793641000
1776793644.315,144.315,0.08,0.11,0.89,0.92,0.03,0.03,75667.17,1776793643000
1776793644.914,144.914,0.08,0.09,0.89,0.92,0.01,0.03,75667.17,1776793643000
1776793645.373,145.373,0.08,0.09,0.91,0.92,0.01,0.01,75667.17,1776793643000
1776793645.96,145.96,0.08,0.09,0.91,0.92,0.01,0.01,75665.08,1776793645000
1776793646.352,146.352,0.08,0.09,0.91,0.92,0.01,0.01,75665.08,1776793645000
1776793646.955,146.955,0.08,0.09,0.91,0.92,0.01,0.01,75666.47,1776793646000
1776793647.356,147.356,0.08,0.09,0.91,0.92,0.01,0.01,75666.47,1776793646000
1776793647.728,147.728,0.08,0.09,0.91,0.92,0.01,0.01,75666.47,1776793646000
1776793648.073,148.073,0.08,0.09,0.91,0.92,0.01,0.01,75678.01,1776793647000
1776793648.546,148.546,0.08,0.09,0.91,0.92,0.01,0.01,75678.01,1776793647000
1776793648.93,148.93,0.08,0.1,0.9,0.92,0.02,0.02,75678.01,1776793647000
1776793649.269,149.269,0.1,0.12,0.88,0.9,0.02,0.02,75681.63,1776793648000
1776793649.664,149.664,0.08,0.11,0.89,0.92,0.03,0.03,75681.63,1776793648000
1776793650.044,150.044,0.09,0.1,0.9,0.91,0.01,0.01,75681.63,1776793648000
1776793650.384,150.384,0.1,0.15,0.89,0.9,0.05,0.01,75685.72,1776793649000
1776793650.756,150.756,0.14,0.15,0.85,0.86,0.01,0.01,75685.72,1776793649000
1776793651.158,151.158,0.14,0.15,0.85,0.86,0.01,0.01,75685.72,1776793649000
1776793651.751,151.751,0.14,0.15,0.85,0.86,0.01,0.01,75689.75,1776793650000
1776793652.195,152.195,0.14,0.15,0.85,0.86,0.01,0.01,75691.51,1776793651000
1776793652.545,152.545,0.14,0.15,0.85,0.86,0.01,0.01,75691.51,1776793651000
1776793652.888,152.888,0.14,0.15,0.85,0.86,0.01,0.01,75691.51,1776793651000
1776793653.298,153.298,0.14,0.15,0.85,0.86,0.01,0.01,75691.51,1776793651000
1776793653.738,153.738,0.14,0.15,0.85,0.86,0.01,0.01,75692.61,1776793652000
1776793654.184,154.184,0.14,0.15,0.85,0.86,0.01,0.01,75693.17,1776793653000
1776793654.7,154.7,0.14,0.15,0.85,0.86,0.01,0.01,75693.17,1776793653000
1776793655.055,155.055,0.14,0.15,0.85,0.86,0.01,0.01,75693.17,1776793653000
1776793656.075,156.075,0.14,0.15,0.85,0.86,0.01,0.01,75694.06,1776793654000
1776793656.431,156.431,0.14,0.15,0.85,0.86,0.01,0.01,75695.28,1776793655000
1776793656.796,156.796,0.14,0.15,0.85,0.86,0.01,0.01,75695.28,1776793655000
1776793657.175,157.175,0.1,0.12,0.86,0.87,0.02,0.01,75695.79,1776793656000
1776793657.902,157.902,0.1,0.11,0.88,0.9,0.01,0.02,75695.79,1776793656000
1776793658.289,158.289,0.1,0.11,0.89,0.9,0.01,0.01,75692.98,1776793657000
1776793658.633,158.633,0.1,0.11,0.89,0.9,0.01,0.01,75692.98,1776793657000
1776793658.999,158.999,0.1,0.11,0.89,0.9,0.01,0.01,75692.98,1776793657000
1776793659.573,159.573,0.1,0.11,0.89,0.9,0.01,0.01,75686.79,1776793658000
1776793660.084,160.084,0.1,0.12,0.89,0.9,0.02,0.01,75686.79,1776793658000
1776793660.528,160.528,0.11,0.12,0.88,0.89,0.01,0.01,75679.99,1776793659000
1776793661.108,161.108,0.11,0.12,0.88,0.89,0.01,0.01,75680.39,1776793660000
1776793661.752,161.752,0.11,0.12,0.88,0.89,0.01,0.01,75680.39,1776793660000
1776793663.13,163.13,0.11,0.12,0.88,0.89,0.01,0.01,75685.28,1776793662000
1776793663.665,163.665,0.11,0.12,0.88,0.89,0.01,0.01,75685.28,1776793662000
1776793664.283,164.283,0.1,0.11,0.89,0.9,0.01,0.01,75684.26,1776793663000
1776793665.239,165.239,0.09,0.1,0.9,0.91,0.01,0.01,75684.26,1776793663000
1776793665.73,165.73,0.09,0.1,0.9,0.91,0.01,0.01,75679.18,1776793664000
1776793666.206,166.206,0.09,0.1,0.9,0.91,0.01,0.01,75679.18,1776793665000
1776793666.575,166.575,0.08,0.09,0.91,0.92,0.01,0.01,75679.18,1776793665000
1776793667.048,167.048,0.08,0.09,0.91,0.92,0.01,0.01,75678.57,1776793666000
1776793667.406,167.406,0.08,0.09,0.91,0.92,0.01,0.01,75678.57,1776793666000
1776793667.764,167.764,0.08,0.09,0.91,0.92,0.01,0.01,75678.57,1776793666000
1776793668.125,168.125,0.07,0.08,0.92,0.93,0.01,0.01,75678.57,1776793666000
1776793668.631,168.631,0.07,0.08,0.92,0.93,0.01,0.01,75678.82,1776793667000
1776793668.977,168.977,0.07,0.08,0.92,0.93,0.01,0.01,75678.82,1776793667000
1776793669.474,169.474,0.07,0.08,0.92,0.93,0.01,0.01,75678.53,1776793668000
1776793669.87,169.87,0.07,0.08,0.92,0.93,0.01,0.01,75678.53,1776793668000
1776793670.237,170.237,0.08,0.09,0.91,0.92,0.01,0.01,75678.46,1776793669000
1776793671.408,171.408,0.08,0.09,0.91,0.92,0.01,0.01,75678.61,1776793670000
1776793671.801,171.801,0.08,0.09,0.91,0.92,0.01,0.01,75678.61,1776793670000
1776793672.185,172.185,0.08,0.1,0.91,0.92,0.02,0.01,75678.61,1776793670000
1776793672.609,172.609,0.1,0.11,0.89,0.9,0.01,0.01,75681.01,1776793671000
1776793673.173,173.173,0.08,0.11,0.91,0.92,0.03,0.01,75683.33,1776793672000
1776793673.568,173.568,0.08,0.1,0.91,0.92,0.02,0.01,75683.33,1776793672000
1776793673.999,173.999,0.1,0.11,0.9,0.91,0.01,0.01,75683.33,1776793672000
1776793674.677,174.677,0.1,0.11,0.89,0.9,0.01,0.01,75686.4,1776793673000
1776793675.04,175.04,0.09,0.11,0.89,0.91,0.02,0.02,75684.39,1776793674000
1776793676.01,176.01,0.08,0.09,0.9,0.91,0.01,0.01,75684.39,1776793674000
1776793676.5,176.5,0.08,0.09,0.91,0.92,0.01,0.01,75684.47,1776793675000
1776793676.924,176.924,0.07,0.08,0.91,0.93,0.01,0.02,75684.47,1776793675000
1776793677.377,177.377,0.07,0.08,0.91,0.93,0.01,0.02,75684.47,1776793675000
1776793677.809,177.809,0.07,0.08,0.92,0.93,0.01,0.01,75684.27,1776793676000
1776793678.342,178.342,0.07,0.08,0.92,0.93,0.01,0.01,75682.29,1776793677000
1776793678.771,178.771,0.07,0.08,0.92,0.93,0.01,0.01,75682.29,1776793677000
1776793679.123,179.123,0.07,0.08,0.92,0.93,0.01,0.01,75682.29,1776793677000
1776793679.469,179.469,0.07,0.08,0.92,0.93,0.01,0.01,75680.9,1776793678000
1776793679.813,179.813,0.07,0.08,0.92,0.93,0.01,0.01,75680.9,1776793678000
1776793680.163,180.163,0.06,0.08,0.92,0.94,0.02,0.02,75681.12,1776793679000
1776793680.508,180.508,0.05,0.07,0.93,0.94,0.02,0.01,75681.12,1776793679000
1776793680.847,180.847,0.05,0.06,0.94,0.95,0.01,0.01,75681.12,1776793679000
1776793681.202,181.202,0.05,0.06,0.94,0.95,0.01,0.01,75676.98,1776793680000
1776793681.541,181.541,0.06,0.07,0.93,0.94,0.01,0.01,75676.98,1776793680000
1776793681.902,181.902,0.06,0.08,0.92,0.94,0.02,0.02,75676.98,1776793680000
1776793682.274,182.274,0.08,0.09,0.91,0.92,0.01,0.01,75676.98,1776793680000
1776793682.681,182.681,0.08,0.09,0.91,0.92,0.01,0.01,75674.38,1776793681000
1776793683.045,183.045,0.08,0.09,0.91,0.92,0.01,0.01,75676.69,1776793682000
1776793683.417,183.417,0.08,0.09,0.91,0.92,0.01,0.01,75676.69,1776793682000
1776793683.86,183.86,0.08,0.09,0.91,0.92,0.01,0.01,75676.69,1776793682000
1776793684.221,184.221,0.08,0.09,0.91,0.92,0.01,0.01,75681.11,1776793683000
1776793685.008,185.008,0.08,0.09,0.91,0.92,0.01,0.01,75681.11,1776793683000
1776793685.575,185.575,0.07,0.08,0.91,0.94,0.01,0.03,75682.55,1776793684000
1776793685.931,185.931,0.06,0.07,0.92,0.93,0.01,0.01,75682.55,1776793684000
1776793686.289,186.289,0.04,0.06,0.94,0.95,0.02,0.01,75684.39,1776793685000
1776793687.042,187.042,0.04,0.06,0.94,0.96,0.02,0.02,75683.98,1776793686000
1776793687.741,187.741,0.04,0.05,0.94,0.96,0.01,0.02,75683.98,1776793686000
1776793688.437,188.437,0.04,0.05,0.95,0.96,0.01,0.01,75678.15,1776793687000
1776793688.913,188.913,0.04,0.05,0.95,0.96,0.01,0.01,75678.15,1776793687000
1776793689.338,189.338,0.04,0.05,0.95,0.96,0.01,0.01,75675.81,1776793688000
1776793689.816,189.816,0.04,0.05,0.95,0.96,0.01,0.01,75675.81,1776793688000
1776793690.312,190.312,0.04,0.05,0.95,0.96,0.01,0.01,75672.96,1776793689000
1776793690.71,190.71,0.04,0.05,0.95,0.96,0.01,0.01,75672.96,1776793689000
1776793691.056,191.056,0.03,0.05,0.95,0.97,0.02,0.02,75672.96,1776793689000
1776793691.39,191.39,0.04,0.05,0.95,0.96,0.01,0.01,75667.04,1776793690000
1776793691.74,191.74,0.04,0.05,0.95,0.96,0.01,0.01,75667.04,1776793690000
1776793692.165,192.165,0.03,0.04,0.95,0.97,0.01,0.02,75667.41,1776793691000
1776793692.521,192.521,0.03,0.04,0.95,0.97,0.01,0.02,75667.41,1776793691000
1776793693.035,193.035,0.03,0.04,0.96,0.97,0.01,0.01,75665.95,1776793692000
1776793693.421,193.421,0.02,0.03,0.97,0.98,0.01,0.01,75665.95,1776793692000
1776793693.756,193.756,0.02,0.03,0.97,0.98,0.01,0.01,75665.95,1776793692000
1776793694.112,194.112,0.02,0.03,0.97,0.98,0.01,0.01,75665.95,1776793692000
1776793694.512,194.512,0.02,0.03,0.97,0.98,0.01,0.01,75665.06,1776793693000
1776793695.096,195.096,0.02,0.03,0.97,0.98,0.01,0.01,75665.06,1776793693000
1776793695.489,195.489,0.02,0.05,0.97,0.98,0.03,0.01,75665.06,1776793693000
1776793696.083,196.083,0.02,0.05,0.95,0.98,0.03,0.03,75666.0,1776793695000
1776793696.864,196.864,0.04,0.05,0.95,0.98,0.01,0.03,75666.0,1776793695000
1776793697.246,197.246,0.03,0.05,0.95,0.96,0.02,0.01,75666.24,1776793696000
1776793697.737,197.737,0.03,0.05,0.95,0.97,0.02,0.02,75666.24,1776793696000
1776793698.138,198.138,0.03,0.05,0.95,0.97,0.02,0.02,75669.82,1776793697000
1776793698.795,198.795,0.04,0.05,0.95,0.97,0.01,0.02,75669.82,1776793697000
1776793699.215,199.215,0.04,0.06,0.95,0.96,0.02,0.01,75675.97,1776793698000
1776793699.549,199.549,0.05,0.07,0.93,0.95,0.02,0.02,75675.97,1776793698000
1776793700.009,200.009,0.05,0.06,0.94,0.95,0.01,0.01,75675.97,1776793698000
1776793700.36,200.36,0.06,0.07,0.93,0.94,0.01,0.01,75681.43,1776793699000
1776793700.704,200.704,0.06,0.07,0.93,0.94,0.01,0.01,75681.43,1776793699000
1776793701.145,201.145,0.06,0.07,0.93,0.94,0.01,0.01,75678.79,1776793700000
1776793701.503,201.503,0.06,0.07,0.93,0.94,0.01,0.01,75678.79,1776793700000
1776793702.019,202.019,0.06,0.07,0.93,0.94,0.01,0.01,75677.95,1776793701000
1776793702.431,202.431,0.06,0.07,0.93,0.94,0.01,0.01,75677.95,1776793701000
1776793703.032,203.032,0.05,0.06,0.94,0.95,0.01,0.01,75677.95,1776793701000
1776793703.735,203.735,0.05,0.06,0.94,0.95,0.01,0.01,75679.41,1776793702000
1776793704.308,204.308,0.05,0.06,0.94,0.95,0.01,0.01,75679.27,1776793703000
1776793704.849,204.849,0.05,0.06,0.94,0.95,0.01,0.01,75679.27,1776793703000
1776793705.243,205.243,0.05,0.06,0.94,0.95,0.01,0.01,75679.27,1776793704000
1776793705.64,205.64,0.05,0.06,0.94,0.95,0.01,0.01,75679.27,1776793704000
1776793706.023,206.023,0.05,0.06,0.94,0.95,0.01,0.01,75679.27,1776793705000
1776793706.467,206.467,0.05,0.06,0.94,0.95,0.01,0.01,75679.27,1776793705000
1776793706.858,206.858,0.05,0.06,0.94,0.95,0.01,0.01,75680.8,1776793706000
1776793707.397,207.397,0.05,0.06,0.94,0.95,0.01,0.01,75680.8,1776793706000
1776793708.415,208.415,0.05,0.06,0.94,0.95,0.01,0.01,75679.65,1776793707000
1776793708.823,208.823,0.05,0.06,0.94,0.95,0.01,0.01,75679.65,1776793707000
1776793709.159,209.159,0.05,0.06,0.94,0.95,0.01,0.01,75679.43,1776793708000
1776793709.7,209.7,0.05,0.06,0.94,0.95,0.01,0.01,75679.43,1776793708000
1776793710.033,210.033,0.05,0.06,0.94,0.95,0.01,0.01,75680.02,1776793709000
1776793710.37,210.37,0.05,0.06,0.94,0.95,0.01,0.01,75680.02,1776793709000
1776793710.707,210.707,0.05,0.06,0.94,0.95,0.01,0.01,75680.02,1776793709000
1776793711.042,211.042,0.05,0.06,0.94,0.95,0.01,0.01,75682.66,1776793710000
1776793711.376,211.376,0.07,0.08,0.93,0.95,0.01,0.02,75682.66,1776793710000
1776793711.727,211.727,0.08,0.09,0.91,0.92,0.01,0.01,75682.66,1776793710000
1776793712.118,212.118,0.07,0.08,0.92,0.93,0.01,0.01,75684.41,1776793711000
1776793712.495,212.495,0.07,0.08,0.92,0.93,0.01,0.01,75684.41,1776793711000
1776793713.094,213.094,0.07,0.08,0.92,0.93,0.01,0.01,75692.14,1776793712000
1776793713.468,213.468,0.07,0.08,0.92,0.93,0.01,0.01,75692.14,1776793712000
1776793714.21,214.21,0.07,0.08,0.92,0.93,0.01,0.01,75695.69,1776793713000
1776793714.643,214.643,0.07,0.08,0.92,0.93,0.01,0.01,75695.69,1776793713000
1776793715.03,215.03,0.09,0.1,0.9,0.93,0.01,0.03,75695.69,1776793713000
1776793715.64,215.64,0.09,0.1,0.9,0.91,0.01,0.01,75696.83,1776793714000
1776793716.272,216.272,0.1,0.11,0.89,0.9,0.01,0.01,75700.04,1776793715000
1776793716.925,216.925,0.1,0.11,0.89,0.9,0.01,0.01,75700.04,1776793715000
1776793717.275,217.275,0.1,0.12,0.88,0.9,0.02,0.02,75700.04,1776793715000
1776793717.626,217.626,0.12,0.14,0.87,0.89,0.02,0.02,75705.18,1776793716000
1776793717.976,217.976,0.12,0.13,0.87,0.88,0.01,0.01,75705.18,1776793716000
1776793718.332,218.332,0.12,0.13,0.87,0.88,0.01,0.01,75709.25,1776793717000
1776793718.769,218.769,0.13,0.14,0.86,0.87,0.01,0.01,75709.25,1776793717000
1776793719.12,219.12,0.13,0.14,0.86,0.87,0.01,0.01,75719.88,1776793718000
1776793719.476,219.476,0.12,0.13,0.87,0.88,0.01,0.01,75719.88,1776793718000
1776793719.831,219.831,0.12,0.13,0.87,0.88,0.01,0.01,75719.88,1776793718000
1776793720.203,220.203,0.11,0.12,0.88,0.89,0.01,0.01,75724.21,1776793719000
1776793720.57,220.57,0.11,0.12,0.88,0.89,0.01,0.01,75724.21,1776793719000
1776793720.991,220.991,0.1,0.11,0.88,0.9,0.01,0.02,75724.21,1776793719000
1776793721.396,221.396,0.1,0.11,0.89,0.9,0.01,0.01,75721.29,1776793720000
1776793721.934,221.934,0.12,0.14,0.87,0.88,0.02,0.01,75721.29,1776793720000
1776793722.674,222.674,0.12,0.14,0.86,0.88,0.02,0.02,75721.76,1776793721000
1776793723.019,223.019,0.13,0.14,0.86,0.87,0.01,0.01,75721.76,1776793721000
1776793723.435,223.435,0.13,0.14,0.86,0.87,0.01,0.01,75721.76,1776793721000
1776793723.927,223.927,0.13,0.14,0.86,0.87,0.01,0.01,75722.65,1776793722000
1776793724.287,224.287,0.11,0.12,0.88,0.89,0.01,0.01,75722.65,1776793723000
1776793724.887,224.887,0.11,0.12,0.88,0.89,0.01,0.01,75722.65,1776793723000
1776793725.238,225.238,0.11,0.12,0.88,0.89,0.01,0.01,75721.28,1776793724000
1776793725.577,225.577,0.11,0.12,0.88,0.89,0.01,0.01,75721.28,1776793724000
1776793725.996,225.996,0.11,0.12,0.88,0.89,0.01,0.01,75721.28,1776793724000
1776793726.481,226.481,0.11,0.12,0.88,0.89,0.01,0.01,75714.96,1776793725000
1776793726.863,226.863,0.11,0.12,0.88,0.89,0.01,0.01,75714.96,1776793725000
1776793727.292,227.292,0.11,0.12,0.88,0.89,0.01,0.01,75715.19,1776793726000
1776793728.089,228.089,0.11,0.12,0.88,0.89,0.01,0.01,75715.19,1776793726000
1776793728.425,228.425,0.12,0.15,0.85,0.89,0.03,0.04,75716.86,1776793727000
1776793728.759,228.759,0.13,0.14,0.86,0.87,0.01,0.01,75716.86,1776793727000
1776793729.113,229.113,0.13,0.14,0.86,0.87,0.01,0.01,75717.98,1776793728000
1776793729.564,229.564,0.11,0.12,0.88,0.89,0.01,0.01,75717.98,1776793728000
1776793729.999,229.999,0.1,0.12,0.88,0.89,0.02,0.01,75717.98,1776793728000
1776793730.663,230.663,0.09,0.1,0.88,0.9,0.01,0.02,75722.54,1776793729000
1776793731.022,231.022,0.09,0.1,0.9,0.91,0.01,0.01,75722.54,1776793729000
1776793731.362,231.362,0.09,0.1,0.9,0.91,0.01,0.01,75722.54,1776793729000
1776793731.712,231.712,0.09,0.11,0.89,0.91,0.02,0.02,75722.54,1776793729000
1776793732.078,232.078,0.08,0.1,0.9,0.92,0.02,0.02,75716.83,1776793730000
1776793732.423,232.423,0.08,0.09,0.91,0.93,0.01,0.02,75705.5,1776793731000
1776793732.783,232.783,0.07,0.08,0.92,0.93,0.01,0.01,75705.5,1776793731000
1776793733.218,233.218,0.06,0.07,0.93,0.94,0.01,0.01,75705.5,1776793731000
1776793733.596,233.596,0.06,0.07,0.93,0.94,0.01,0.01,75702.36,1776793732000
1776793734.045,234.045,0.05,0.06,0.94,0.95,0.01,0.01,75701.29,1776793733000
1776793734.424,234.424,0.05,0.06,0.94,0.95,0.01,0.01,75701.29,1776793733000
1776793734.773,234.773,0.05,0.06,0.94,0.95,0.01,0.01,75701.29,1776793733000
1776793735.201,235.201,0.05,0.06,0.94,0.95,0.01,0.01,75701.29,1776793733000
1776793735.659,235.659,0.04,0.05,0.94,0.96,0.01,0.02,75698.15,1776793734000
1776793736.053,236.053,0.03,0.05,0.95,0.96,0.02,0.01,75694.73,1776793735000
1776793736.391,236.391,0.03,0.04,0.96,0.97,0.01,0.01,75694.73,1776793735000
1776793736.77,236.77,0.03,0.04,0.96,0.97,0.01,0.01,75694.73,1776793735000
1776793737.124,237.124,0.03,0.04,0.96,0.97,0.01,0.01,75688.01,1776793736000
1776793737.742,237.742,0.03,0.04,0.96,0.97,0.01,0.01,75688.01,1776793736000
1776793738.214,238.214,0.03,0.04,0.96,0.97,0.01,0.01,75688.01,1776793736000
1776793738.601,238.601,0.03,0.04,0.96,0.97,0.01,0.01,75688.01,1776793736000
1776793739.296,239.296,0.03,0.04,0.96,0.97,0.01,0.01,75681.89,1776793737000
1776793739.637,239.637,0.03,0.04,0.96,0.97,0.01,0.01,75681.69,1776793738000
1776793740.028,240.028,0.03,0.04,0.96,0.97,0.01,0.01,75681.69,1776793738000
1776793740.372,240.372,0.03,0.04,0.96,0.97,0.01,0.01,75678.81,1776793739000
1776793740.716,240.716,0.02,0.03,0.97,0.98,0.01,0.01,75678.81,1776793739000
1776793741.057,241.057,0.02,0.03,0.97,0.98,0.01,0.01,75678.81,1776793739000
1776793741.395,241.395,0.02,0.03,0.97,0.98,0.01,0.01,75678.81,1776793739000
1776793741.776,241.776,0.02,0.03,0.97,0.98,0.01,0.01,75675.9,1776793740000
1776793742.141,242.141,0.02,0.03,0.97,0.98,0.01,0.01,75675.9,1776793740000
1776793742.486,242.486,0.02,0.03,0.97,0.98,0.01,0.01,75675.9,1776793741000
1776793742.883,242.883,0.02,0.03,0.97,0.98,0.01,0.01,75675.9,1776793741000
1776793743.328,243.328,0.02,0.03,0.97,0.98,0.01,0.01,75676.67,1776793742000
1776793743.666,243.666,0.02,0.03,0.97,0.98,0.01,0.01,75676.67,1776793742000
1776793744.1,244.1,0.02,0.03,0.97,0.98,0.01,0.01,75668.24,1776793743000
1776793744.522,244.522,0.02,0.03,0.97,0.98,0.01,0.01,75668.24,1776793743000
1776793744.95,244.95,0.02,0.03,0.97,0.98,0.01,0.01,75675.4,1776793744000
1776793745.394,245.394,0.02,0.03,0.97,0.98,0.01,0.01,75675.4,1776793744000
1776793745.801,245.801,0.02,0.03,0.97,0.98,0.01,0.01,75675.4,1776793744000
1776793746.241,246.241,0.02,0.03,0.97,0.98,0.01,0.01,75677.72,1776793745000
1776793746.585,246.585,0.01,0.03,0.97,0.99,0.02,0.02,75677.72,1776793745000
1776793746.947,246.947,0.02,0.03,0.97,0.98,0.01,0.01,75676.97,1776793746000
1776793747.568,247.568,0.02,0.03,0.97,0.98,0.01,0.01,75676.97,1776793746000
1776793748.071,248.071,0.01,0.02,0.98,0.99,0.01,0.01,75672.91,1776793747000
1776793748.561,248.561,0.01,0.02,0.98,0.99,0.01,0.01,75672.91,1776793747000
1776793749.017,249.017,0.01,0.02,0.98,0.99,0.01,0.01,75672.91,1776793747000
1776793749.402,249.402,0.01,0.02,0.98,0.99,0.01,0.01,75671.81,1776793748000
1776793749.834,249.834,0.01,0.02,0.98,0.99,0.01,0.01,75671.81,1776793748000
1776793750.205,250.205,0.01,0.02,0.98,0.99,0.01,0.01,75671.81,1776793748000
1776793750.725,250.725,0.01,0.02,0.98,0.99,0.01,0.01,75673.12,1776793749000
1776793751.128,251.128,0.01,0.02,0.98,0.99,0.01,0.01,75673.12,1776793749000
1776793751.604,251.604,0.01,0.02,0.98,0.99,0.01,0.01,75674,1776793750000
1776793751.948,251.948,0.01,0.02,0.98,0.99,0.01,0.01,75674,1776793750000
1776793752.375,252.375,0.01,0.02,0.98,0.99,0.01,0.01,75676.1,1776793751000
1776793752.747,252.747,0.01,0.02,0.98,0.99,0.01,0.01,75676.1,1776793751000
1776793753.186,253.186,0.01,0.02,0.98,0.99,0.01,0.01,75676.1,1776793751000
1776793753.535,253.535,0.01,0.02,0.98,0.99,0.01,0.01,75680.95,1776793752000
1776793753.875,253.875,0.01,0.02,0.98,0.99,0.01,0.01,75683.02,1776793753000
1776793754.356,254.356,0.01,0.02,0.98,0.99,0.01,0.01,75683.02,1776793753000
1776793754.696,254.696,0.01,0.01,0.99,0.99,0.0,0.0,75683.02,1776793753000
1776793755.035,255.035,0.01,0.02,0.98,0.99,0.01,0.01,75686.11,1776793754000
1776793755.448,255.448,0.01,0.02,0.98,0.99,0.01,0.01,75686.11,1776793754000
1776793755.848,255.848,0.01,0.04,0.98,0.99,0.03,0.01,75686.11,1776793754000
1776793756.245,256.245,0.01,0.04,0.96,0.99,0.03,0.03,75686.03,1776793755000
1776793756.587,256.587,0.01,0.04,0.96,0.99,0.03,0.03,75686.03,1776793755000
1776793756.948,256.948,0.01,0.04,0.96,0.99,0.03,0.03,75686.03,1776793755000
1776793757.291,257.291,0.01,0.04,0.96,0.99,0.03,0.03,75686.03,1776793755000
1776793757.635,257.635,0.01,0.02,0.98,0.99,0.01,0.01,75685.95,1776793756000
1776793758.001,258.001,0.01,0.01,0.99,0.99,0.0,0.0,75685.21,1776793757000
1776793758.438,258.438,0.01,0.02,0.98,0.99,0.01,0.01,75685.21,1776793757000
1776793758.776,258.776,0.01,0.02,0.98,0.99,0.01,0.01,75685.21,1776793757000
1776793759.114,259.114,0.01,0.01,0.98,0.99,0.0,0.01,75685.21,1776793757000
1776793759.819,259.819,0.01,0.01,0.98,0.99,0.0,0.01,75685.18,1776793758000
1776793760.194,260.194,0.01,0.02,0.98,0.99,0.01,0.01,75685.18,1776793758000
1776793760.614,260.614,0.01,0.01,0.99,0.99,0.0,0.0,75685.78,1776793759000
1776793761.064,261.064,0.01,0.01,0.99,0.99,0.0,0.0,75685.78,1776793759000
1776793761.428,261.428,0.01,0.01,0.99,0.99,0.0,0.0,75685.78,1776793759000
1776793761.798,261.798,0.01,0.02,0.99,0.99,0.01,0.0,75685.4,1776793760000
1776793762.265,262.265,0.01,0.02,0.98,0.99,0.01,0.01,75685.4,1776793760000
1776793762.984,262.984,0.01,0.01,0.99,0.99,0.0,0.0,75685.9,1776793762000
1776793763.6,263.6,0.01,0.01,0.99,0.99,0.0,0.0,75685.9,1776793762000
1776793764.032,264.032,0.01,0.01,0.99,0.99,0.0,0.0,75685.9,1776793762000
1776793764.753,264.753,0.02,0.03,0.97,0.99,0.01,0.02,75686.39,1776793763000
1776793765.173,265.173,0.02,0.03,0.97,0.98,0.01,0.01,75687.56,1776793764000
1776793765.629,265.629,0.02,0.03,0.97,0.98,0.01,0.01,75687.56,1776793764000
1776793766.001,266.001,0.01,0.02,0.97,0.98,0.01,0.01,75687.56,1776793764000
1776793766.353,266.353,0.01,0.02,0.98,0.99,0.01,0.01,75687.56,1776793764000
1776793766.755,266.755,0.01,0.01,0.99,0.99,0.0,0.0,75687.56,1776793764000
1776793767.451,267.451,0.01,0.01,0.99,0.99,0.0,0.0,75699.14,1776793766000
1776793767.929,267.929,0.01,0.02,0.98,0.99,0.01,0.01,75699.53,1776793767000
1776793768.263,268.263,0.01,0.02,0.98,0.99,0.01,0.01,75699.53,1776793767000
1776793768.938,268.938,0.01,0.02,0.98,0.99,0.01,0.01,75699.53,1776793767000
1776793769.449,269.449,0.01,0.02,0.98,0.99,0.01,0.01,75699.76,1776793768000
1776793770.002,270.002,0.01,0.01,0.99,0.99,0.0,0.0,75699.76,1776793768000
1776793770.391,270.391,0.01,0.02,0.98,0.99,0.01,0.01,75701.71,1776793769000
1776793770.756,270.756,0.02,0.03,0.97,0.98,0.01,0.01,75701.71,1776793769000
1776793771.095,271.095,0.02,0.03,0.97,0.98,0.01,0.01,75701.71,1776793769000
1776793771.441,271.441,0.02,0.03,0.97,0.98,0.01,0.01,75705.5,1776793770000
1776793771.796,271.796,0.02,0.03,0.97,0.98,0.01,0.01,75705.5,1776793770000
1776793772.371,272.371,0.02,0.02,0.98,0.98,0.0,0.0,75706.36,1776793771000
1776793772.934,272.934,0.02,0.02,0.98,0.98,0.0,0.0,75706.36,1776793771000
1776793773.393,273.393,0.02,0.02,0.98,0.98,0.0,0.0,75707.9,1776793772000
1776793774.011,274.011,0.02,0.02,0.98,0.98,0.0,0.0,75707.15,1776793773000
1776793774.715,274.715,0.02,0.01,0.98,0.98,-0.01,0.0,75707.15,1776793773000
1776793775.304,275.304,0.02,0.01,0.99,0.98,-0.01,-0.01,75707.15,1776793773000
1776793775.648,275.648,0.02,0.01,0.99,0.98,-0.01,-0.01,75704.82,1776793774000
1776793776.105,276.105,0.02,0.01,0.99,0.98,-0.01,-0.01,75700.54,1776793775000
1776793776.852,276.852,0.02,0.01,0.99,0.98,-0.01,-0.01,75700.54,1776793775000
1776793777.403,277.403,0.02,0.01,0.99,0.98,-0.01,-0.01,75700.11,1776793776000
1776793778.26,278.26,0.02,0.01,0.99,0.98,-0.01,-0.01,75700.11,1776793776000
1776793778.786,278.786,0.02,0.01,0.99,0.98,-0.01,-0.01,75700.1,1776793777000
1776793779.379,279.379,0.02,0.01,0.99,0.98,-0.01,-0.01,75700.22,1776793778000
1776793779.889,279.889,0.02,0.01,0.99,0.98,-0.01,-0.01,75700.22,1776793778000
1776793780.316,280.316,0.02,0.01,0.99,0.98,-0.01,-0.01,75701.53,1776793779000
1776793780.755,280.755,0.02,0.01,0.99,0.98,-0.01,-0.01,75701.53,1776793779000
1776793781.414,281.414,0.02,0.01,0.99,0.98,-0.01,-0.01,75701.53,1776793779000
1776793781.81,281.81,0.02,0.01,0.99,0.98,-0.01,-0.01,75701.53,1776793779000
1776793782.283,282.283,0.02,0.01,0.99,0.98,-0.01,-0.01,75700.98,1776793780000
1776793782.621,282.621,0.04,0.05,0.95,0.96,0.01,0.01,75700.98,1776793780000
1776793782.96,282.96,0.05,0.06,0.94,0.95,0.01,0.01,75700.98,1776793780000
1776793783.313,283.313,0.03,0.04,0.96,0.97,0.01,0.01,75701.25,1776793781000
1776793783.665,283.665,0.01,0.02,0.98,0.99,0.01,0.01,75701.25,1776793781000
1776793784.019,284.019,0.01,0.02,0.98,0.99,0.01,0.01,75703.45,1776793782000
1776793784.37,284.37,0.01,0.02,0.98,0.99,0.01,0.01,75703.45,1776793782000
1776793784.775,284.775,0.01,0.02,0.98,0.99,0.01,0.01,75726.53,1776793783000
1776793785.161,285.161,0.01,0.02,0.98,0.99,0.01,0.01,75726.53,1776793783000
1776793785.668,285.668,0.01,0.02,0.99,0.99,0.01,0.0,75726.53,1776793783000
1776793786.101,286.101,0.02,0.03,0.97,0.98,0.01,0.01,75725.87,1776793784000
1776793786.462,286.462,0.02,0.03,0.97,0.98,0.01,0.01,75725.87,1776793784000
1776793786.91,286.91,0.02,0.03,0.97,0.98,0.01,0.01,75727.19,1776793785000
1776793787.4,287.4,0.02,0.03,0.97,0.98,0.01,0.01,75727.19,1776793785000
1776793787.792,287.792,0.02,0.03,0.97,0.98,0.01,0.01,75726.53,1776793786000
1776793788.357,288.357,0.02,0.03,0.97,0.98,0.01,0.01,75726.53,1776793786000
1776793788.725,288.725,0.01,0.02,0.97,0.99,0.01,0.02,75727.12,1776793787000
1776793789.193,289.193,0.01,0.02,0.98,0.99,0.01,0.01,75727.12,1776793787000
1776793790.348,290.348,0.01,0.02,0.98,0.99,0.01,0.01,75731.46,1776793788000
1776793791.016,291.016,0.01,0.01,0.99,0.99,0.0,0.0,75734.49,1776793789000
1776793791.828,291.828,0.01,0.01,0.99,0.99,0.0,0.0,75729.59,1776793790000
1776793792.516,292.516,0.01,0.01,0.99,0.99,0.0,0.0,75729.59,1776793790000
1776793792.858,292.858,0.01,0.01,0.99,0.99,0.0,0.0,75729.41,1776793791000
1776793793.278,293.278,0.01,0.01,0.99,0.99,0.0,0.0,75729.41,1776793791000
1776793793.63,293.63,0.01,0.01,0.99,0.99,0.0,0.0,75729.2,1776793792000
1776793794.262,294.262,0.01,0.01,0.99,0.99,0.0,0.0,75729.68,1776793793000
1776793795.608,295.608,0.01,0.01,0.99,0.99,0.0,0.0,75729.68,1776793793000
1776793796.162,296.162,0.01,0.01,0.99,0.99,0.0,0.0,75731.74,1776793794000
1776793796.6,296.6,0.01,0.01,0.99,0.99,0.0,0.0,75731.74,1776793795000
1776793797.299,297.299,0.01,0.01,0.99,0.99,0.0,0.0,75730.85,1776793796000
1776793797.83,297.83,0.01,0.01,0.99,0.99,0.0,0.0,75730.85,1776793796000
1776793798.72,298.72,0.01,0.01,0.99,0.99,0.0,0.0,75730.73,1776793797000
1776793799.207,299.207,0.01,0.01,0.99,0.99,0.0,0.0,75730.73,1776793797000
1776793799.642,299.642,0.01,0.01,0.99,0.99,0.0,0.0,75730.73,1776793797000
1776793800.075,300.075,0.01,0.01,0.99,0.99,0.0,0.0,75730.4,1776793798000
1776793800.673,300.673,0.01,0.01,0.99,0.99,0.0,0.0,75730.13,1776793799000
1776793801.717,301.717,0.01,0.01,0.99,0.99,0.0,0.0,75730.04,1776793800000
1776793802.077,302.077,0.01,0.01,0.99,0.99,0.0,0.0,75731.59,1776793801000

# RESULT,winner=Down,slug=btc-updown-5m-1776793500,ticks=671
