timestamp,elapsed_sec,up_bid,up_ask,down_bid,down_ask,up_spread,down_spread,btc_price
1775809500.515,0.515,0.5,0.51,0.48,0.5,0.01,0.02,71671.28
1775809500.925,0.925,0.5,0.51,0.49,0.5,0.01,0.01,71670.54
1775809501.283,1.283,0.5,0.52,0.49,0.5,0.02,0.01,71670.08
1775809501.848,1.848,0.5,0.51,0.49,0.5,0.01,0.01,71670.08
1775809502.232,2.232,0.5,0.51,0.49,0.5,0.01,0.01,71670.08
1775809502.665,2.665,0.5,0.52,0.49,0.5,0.02,0.01,71670.55
1775809503.36,3.36,0.51,0.52,0.48,0.49,0.01,0.01,71671.94
1775809503.935,3.935,0.51,0.52,0.48,0.49,0.01,0.01,71671.94
1775809504.275,4.275,0.53,0.54,0.46,0.47,0.01,0.01,71672.06
1775809504.814,4.814,0.53,0.54,0.46,0.47,0.01,0.01,71672.06
1775809505.161,5.161,0.53,0.54,0.46,0.47,0.01,0.01,71672.06
1775809505.642,5.642,0.52,0.54,0.46,0.47,0.02,0.01,71672.06
1775809506.045,6.045,0.53,0.54,0.46,0.47,0.01,0.01,71672.06
1775809506.384,6.384,0.53,0.54,0.46,0.47,0.01,0.01,71671.74
1775809507.098,7.098,0.53,0.54,0.46,0.47,0.01,0.01,71671.74
1775809508.207,8.207,0.53,0.54,0.46,0.47,0.01,0.01,71671.74
1775809508.565,8.565,0.53,0.54,0.46,0.47,0.01,0.01,71671.74
1775809509.322,9.322,0.53,0.54,0.46,0.47,0.01,0.01,71671.87
1775809510.049,10.049,0.53,0.54,0.46,0.47,0.01,0.01,71671.87
1775809510.383,10.383,0.53,0.54,0.46,0.5,0.01,0.04,71671.87
1775809510.783,10.783,0.52,0.53,0.47,0.48,0.01,0.01,71671.87
1775809511.158,11.158,0.53,0.54,0.46,0.47,0.01,0.01,71671.87
1775809511.656,11.656,0.51,0.53,0.46,0.48,0.02,0.02,71671.87
1775809512.061,12.061,0.52,0.53,0.47,0.48,0.01,0.01,71671.87
1775809512.438,12.438,0.52,0.53,0.47,0.48,0.01,0.01,71671.85
1775809513.339,13.339,0.52,0.53,0.47,0.48,0.01,0.01,71671.85
1775809513.899,13.899,0.52,0.54,0.47,0.48,0.02,0.01,71671.85
1775809514.318,14.318,0.53,0.54,0.46,0.47,0.01,0.01,71671.85
1775809514.966,14.966,0.54,0.55,0.45,0.47,0.01,0.02,71671.85
1775809515.337,15.337,0.54,0.55,0.45,0.46,0.01,0.01,71671.85
1775809515.729,15.729,0.54,0.55,0.45,0.46,0.01,0.01,71671.66
1775809516.27,16.27,0.54,0.55,0.45,0.46,0.01,0.01,71671.66
1775809516.652,16.652,0.54,0.55,0.45,0.46,0.01,0.01,71671.66
1775809517.118,17.118,0.54,0.55,0.45,0.46,0.01,0.01,71671.85
1775809517.823,17.823,0.54,0.55,0.45,0.46,0.01,0.01,71671.93
1775809518.377,18.377,0.54,0.55,0.45,0.46,0.01,0.01,71671.93
1775809518.838,18.838,0.54,0.55,0.45,0.46,0.01,0.01,71671.93
1775809519.238,19.238,0.54,0.55,0.45,0.46,0.01,0.01,71671.93
1775809519.605,19.605,0.54,0.55,0.45,0.46,0.01,0.01,71671.93
1775809519.954,19.954,0.54,0.55,0.45,0.46,0.01,0.01,71671.93
1775809520.626,20.626,0.54,0.55,0.45,0.46,0.01,0.01,71671.93
1775809521.008,21.008,0.54,0.55,0.45,0.46,0.01,0.01,71671.93
1775809521.465,21.465,0.54,0.55,0.45,0.46,0.01,0.01,71672.92
1775809521.828,21.828,0.53,0.55,0.45,0.46,0.02,0.01,71672.92
1775809522.213,22.213,0.53,0.54,0.46,0.47,0.01,0.01,71672.92
1775809522.576,22.576,0.54,0.55,0.45,0.46,0.01,0.01,71672.92
1775809523.038,23.038,0.54,0.55,0.45,0.46,0.01,0.01,71672.92
1775809523.486,23.486,0.54,0.55,0.45,0.46,0.01,0.01,71672.92
1775809524.567,24.567,0.54,0.55,0.45,0.46,0.01,0.01,71671.44
1775809524.959,24.959,0.54,0.55,0.45,0.46,0.01,0.01,71671.44
1775809525.443,25.443,0.54,0.55,0.45,0.46,0.01,0.01,71672.92
1775809525.781,25.781,0.56,0.58,0.42,0.44,0.02,0.02,71672.92
1775809526.202,26.202,0.57,0.58,0.42,0.43,0.01,0.01,71672.92
1775809526.559,26.559,0.57,0.58,0.42,0.43,0.01,0.01,71672.94
1775809527.014,27.014,0.56,0.57,0.42,0.44,0.01,0.02,71672.94
1775809527.423,27.423,0.52,0.56,0.43,0.45,0.04,0.02,71672.94
1775809527.788,27.788,0.53,0.54,0.46,0.47,0.01,0.01,71675.3
1775809528.574,28.574,0.53,0.54,0.46,0.47,0.01,0.01,71673.34
1775809528.931,28.931,0.53,0.56,0.46,0.47,0.03,0.01,71673.34
1775809529.423,29.423,0.55,0.56,0.44,0.45,0.01,0.01,71673.34
1775809529.906,29.906,0.55,0.56,0.44,0.45,0.01,0.01,71673.34
1775809530.373,30.373,0.55,0.56,0.44,0.45,0.01,0.01,71673.34
1775809530.847,30.847,0.55,0.56,0.44,0.45,0.01,0.01,71673.34
1775809531.461,31.461,0.55,0.56,0.44,0.45,0.01,0.01,71673.34
1775809531.867,31.867,0.55,0.56,0.44,0.45,0.01,0.01,71672.64
1775809532.41,32.41,0.56,0.57,0.44,0.45,0.01,0.01,71673.34
1775809532.783,32.783,0.59,0.6,0.4,0.41,0.01,0.01,71673.34
1775809533.208,33.208,0.59,0.6,0.4,0.41,0.01,0.01,71673.44
1775809533.594,33.594,0.59,0.6,0.4,0.41,0.01,0.01,71673.44
1775809533.951,33.951,0.59,0.6,0.4,0.41,0.01,0.01,71673.46
1775809534.395,34.395,0.59,0.6,0.4,0.41,0.01,0.01,71673.46
1775809534.837,34.837,0.59,0.6,0.4,0.41,0.01,0.01,71673.46
1775809535.353,35.353,0.59,0.6,0.4,0.41,0.01,0.01,71675.52
1775809535.762,35.762,0.59,0.6,0.4,0.41,0.01,0.01,71675.52
1775809536.285,36.285,0.59,0.62,0.38,0.41,0.03,0.03,71675.52
1775809536.833,36.833,0.61,0.64,0.38,0.39,0.03,0.01,71675.52
1775809537.167,37.167,0.63,0.64,0.35,0.37,0.01,0.02,71675.52
1775809537.628,37.628,0.64,0.65,0.35,0.36,0.01,0.01,71675.52
1775809538.196,38.196,0.64,0.65,0.34,0.36,0.01,0.02,71675.52
1775809538.574,38.574,0.64,0.65,0.35,0.36,0.01,0.01,71675.52
1775809538.933,38.933,0.64,0.65,0.35,0.36,0.01,0.01,71675.52
1775809539.527,39.527,0.67,0.68,0.32,0.33,0.01,0.01,71679.25
1775809539.884,39.884,0.67,0.68,0.32,0.33,0.01,0.01,71679.25
1775809540.218,40.218,0.68,0.69,0.31,0.32,0.01,0.01,71679.47
1775809540.676,40.676,0.68,0.69,0.31,0.32,0.01,0.01,71679.47
1775809541.098,41.098,0.68,0.69,0.31,0.32,0.01,0.01,71685.57
1775809541.433,41.433,0.68,0.69,0.31,0.32,0.01,0.01,71685.57
1775809541.766,41.766,0.68,0.69,0.31,0.32,0.01,0.01,71685.57
1775809542.384,42.384,0.68,0.69,0.31,0.32,0.01,0.01,71685.57
1775809542.791,42.791,0.68,0.69,0.31,0.32,0.01,0.01,71685.57
1775809543.19,43.19,0.68,0.69,0.31,0.32,0.01,0.01,71685.88
1775809543.527,43.527,0.68,0.69,0.31,0.32,0.01,0.01,71685.88
1775809543.971,43.971,0.68,0.69,0.31,0.32,0.01,0.01,71685.88
1775809544.354,44.354,0.68,0.69,0.31,0.32,0.01,0.01,71685.88
1775809544.703,44.703,0.68,0.69,0.31,0.32,0.01,0.01,71685.88
1775809545.063,45.063,0.68,0.69,0.31,0.32,0.01,0.01,71685.88
1775809545.448,45.448,0.68,0.69,0.31,0.32,0.01,0.01,71685.86
1775809546.009,46.009,0.69,0.7,0.3,0.31,0.01,0.01,71685.86
1775809546.417,46.417,0.69,0.7,0.3,0.31,0.01,0.01,71685.86
1775809546.753,46.753,0.69,0.7,0.3,0.31,0.01,0.01,71685.86
1775809547.148,47.148,0.69,0.7,0.3,0.31,0.01,0.01,71685.86
1775809547.506,47.506,0.69,0.7,0.3,0.31,0.01,0.01,71685.84
1775809548.015,48.015,0.68,0.69,0.3,0.32,0.01,0.02,71685.84
1775809548.501,48.501,0.68,0.69,0.31,0.32,0.01,0.01,71685.86
1775809548.929,48.929,0.68,0.69,0.31,0.32,0.01,0.01,71685.86
1775809549.373,49.373,0.68,0.69,0.31,0.32,0.01,0.01,71685.86
1775809549.813,49.813,0.68,0.69,0.31,0.32,0.01,0.01,71685.86
1775809550.261,50.261,0.7,0.71,0.29,0.3,0.01,0.01,71685.86
1775809550.627,50.627,0.7,0.71,0.29,0.3,0.01,0.01,71685.86
1775809550.998,50.998,0.7,0.71,0.29,0.3,0.01,0.01,71685.86
1775809551.334,51.334,0.7,0.71,0.29,0.3,0.01,0.01,71685.26
1775809551.674,51.674,0.7,0.71,0.29,0.3,0.01,0.01,71685.26
1775809552.111,52.111,0.7,0.73,0.29,0.3,0.03,0.01,71685.26
1775809552.526,52.526,0.73,0.74,0.26,0.28,0.01,0.02,71687.35
1775809552.877,52.877,0.73,0.74,0.26,0.27,0.01,0.01,71687.35
1775809553.266,53.266,0.74,0.75,0.25,0.26,0.01,0.01,71688.13
1775809553.709,53.709,0.74,0.75,0.25,0.26,0.01,0.01,71688.13
1775809554.263,54.263,0.75,0.76,0.24,0.26,0.01,0.02,71691.14
1775809554.635,54.635,0.75,0.76,0.24,0.25,0.01,0.01,71691.14
1775809555.231,55.231,0.75,0.76,0.24,0.25,0.01,0.01,71691.14
1775809555.618,55.618,0.75,0.76,0.24,0.25,0.01,0.01,71691.14
1775809556.006,56.006,0.75,0.76,0.24,0.25,0.01,0.01,71691.14
1775809556.349,56.349,0.75,0.76,0.24,0.25,0.01,0.01,71691.14
1775809556.976,56.976,0.74,0.75,0.24,0.26,0.01,0.02,71691.14
1775809557.393,57.393,0.74,0.75,0.25,0.26,0.01,0.01,71691.14
1775809557.775,57.775,0.74,0.75,0.25,0.26,0.01,0.01,71691.14
1775809558.6,58.6,0.75,0.76,0.24,0.25,0.01,0.01,71691.29
1775809558.976,58.976,0.74,0.75,0.25,0.26,0.01,0.01,71691.29
1775809559.458,59.458,0.74,0.75,0.25,0.26,0.01,0.01,71691.29
1775809559.888,59.888,0.74,0.75,0.25,0.26,0.01,0.01,71691.29
1775809560.235,60.235,0.74,0.75,0.25,0.26,0.01,0.01,71691.29
1775809560.626,60.626,0.74,0.75,0.25,0.26,0.01,0.01,71691.29
1775809561.194,61.194,0.76,0.77,0.23,0.26,0.01,0.03,71691.29
1775809561.534,61.534,0.78,0.79,0.21,0.22,0.01,0.01,71689.92
1775809561.902,61.902,0.78,0.79,0.21,0.22,0.01,0.01,71689.92
1775809562.252,62.252,0.79,0.81,0.19,0.21,0.02,0.02,71689.92
1775809562.623,62.623,0.79,0.8,0.2,0.21,0.01,0.01,71689.92
1775809562.99,62.99,0.74,0.75,0.24,0.26,0.01,0.02,71689.92
1775809563.337,63.337,0.69,0.7,0.3,0.31,0.01,0.01,71692.61
1775809563.7,63.7,0.69,0.7,0.3,0.31,0.01,0.01,71692.61
1775809564.067,64.067,0.69,0.7,0.3,0.31,0.01,0.01,71692.61
1775809564.439,64.439,0.69,0.7,0.3,0.31,0.01,0.01,71691.83
1775809564.861,64.861,0.69,0.7,0.3,0.31,0.01,0.01,71691.83
1775809565.345,65.345,0.69,0.7,0.3,0.31,0.01,0.01,71691.46
1775809565.745,65.745,0.7,0.71,0.29,0.31,0.01,0.02,71691.46
1775809566.208,66.208,0.68,0.71,0.29,0.3,0.03,0.01,71691.46
1775809566.633,66.633,0.7,0.71,0.29,0.3,0.01,0.01,71691.42
1775809567.246,67.246,0.7,0.71,0.29,0.3,0.01,0.01,71691.42
1775809567.612,67.612,0.7,0.72,0.29,0.3,0.02,0.01,71691.3
1775809567.972,67.972,0.72,0.73,0.27,0.28,0.01,0.01,71691.3
1775809568.309,68.309,0.72,0.73,0.28,0.29,0.01,0.01,71691.24
1775809568.714,68.714,0.72,0.73,0.27,0.28,0.01,0.01,71691.24
1775809569.052,69.052,0.72,0.74,0.27,0.28,0.02,0.01,71692.56
1775809569.594,69.594,0.73,0.74,0.26,0.27,0.01,0.01,71692.56
1775809570.231,70.231,0.74,0.75,0.25,0.27,0.01,0.02,71692.56
1775809570.893,70.893,0.74,0.75,0.25,0.26,0.01,0.01,71691.02
1775809571.312,71.312,0.72,0.75,0.25,0.26,0.03,0.01,71691.07
1775809571.807,71.807,0.72,0.73,0.27,0.29,0.01,0.02,71691.07
1775809572.482,72.482,0.72,0.73,0.27,0.28,0.01,0.01,71691.02
1775809573.129,73.129,0.71,0.72,0.27,0.28,0.01,0.01,71691.02
1775809573.614,73.614,0.7,0.72,0.28,0.29,0.02,0.01,71691.02
1775809574.101,74.101,0.64,0.65,0.35,0.36,0.01,0.01,71691.53
1775809574.477,74.477,0.61,0.63,0.36,0.39,0.02,0.03,71691.53
1775809574.875,74.875,0.62,0.63,0.37,0.39,0.01,0.02,71691.53
1775809575.231,75.231,0.62,0.63,0.37,0.38,0.01,0.01,71692.14
1775809576.111,76.111,0.62,0.63,0.37,0.38,0.01,0.01,71692.14
1775809576.617,76.617,0.62,0.63,0.37,0.38,0.01,0.01,71692.14
1775809577.067,77.067,0.62,0.63,0.37,0.38,0.01,0.01,71682.17
1775809577.581,77.581,0.62,0.63,0.37,0.38,0.01,0.01,71682.17
1775809577.959,77.959,0.6,0.63,0.37,0.41,0.03,0.04,71682.18
1775809578.463,78.463,0.61,0.62,0.38,0.39,0.01,0.01,71682.18
1775809578.835,78.835,0.61,0.62,0.38,0.39,0.01,0.01,71682.18
1775809579.343,79.343,0.61,0.62,0.38,0.39,0.01,0.01,71682.18
1775809579.769,79.769,0.61,0.62,0.38,0.39,0.01,0.01,71682.27
1775809580.203,80.203,0.6,0.61,0.39,0.4,0.01,0.01,71682.27
1775809580.605,80.605,0.59,0.6,0.4,0.41,0.01,0.01,71682.27
1775809581.141,81.141,0.58,0.6,0.4,0.41,0.02,0.01,71682.27
1775809581.495,81.495,0.54,0.56,0.44,0.46,0.02,0.02,71681.95
1775809581.947,81.947,0.48,0.55,0.45,0.46,0.07,0.01,71681.95
1775809582.35,82.35,0.54,0.55,0.45,0.46,0.01,0.01,71681.95
1775809582.792,82.792,0.54,0.55,0.45,0.49,0.01,0.04,71681.95
1775809583.324,83.324,0.54,0.55,0.45,0.46,0.01,0.01,71677.71
1775809583.912,83.912,0.51,0.55,0.45,0.46,0.04,0.01,71677.71
1775809584.862,84.862,0.51,0.52,0.48,0.49,0.01,0.01,71675.32
1775809585.282,85.282,0.51,0.52,0.48,0.49,0.01,0.01,71675.09
1775809585.751,85.751,0.51,0.52,0.48,0.49,0.01,0.01,71675.09
1775809586.237,86.237,0.51,0.52,0.48,0.49,0.01,0.01,71675.09
1775809586.743,86.743,0.51,0.52,0.48,0.49,0.01,0.01,71674.81
1775809587.167,87.167,0.51,0.52,0.48,0.49,0.01,0.01,71674.74
1775809587.671,87.671,0.53,0.54,0.48,0.49,0.01,0.01,71674.74
1775809588.043,88.043,0.53,0.54,0.46,0.47,0.01,0.01,71674.74
1775809588.4,88.4,0.53,0.54,0.46,0.47,0.01,0.01,71674.84
1775809588.833,88.833,0.53,0.54,0.46,0.47,0.01,0.01,71674.84
1775809590.038,90.038,0.53,0.54,0.46,0.47,0.01,0.01,71674.84
1775809590.579,90.579,0.53,0.54,0.46,0.47,0.01,0.01,71674.84
1775809591.233,91.233,0.53,0.54,0.46,0.47,0.01,0.01,71674.7
1775809591.686,91.686,0.53,0.54,0.46,0.47,0.01,0.01,71674.7
1775809592.07,92.07,0.52,0.53,0.47,0.48,0.01,0.01,71674.7
1775809592.591,92.591,0.52,0.53,0.47,0.48,0.01,0.01,71674.84
1775809593.028,93.028,0.52,0.53,0.47,0.48,0.01,0.01,71674.84
1775809593.667,93.667,0.49,0.53,0.47,0.48,0.04,0.01,71674.84
1775809594.231,94.231,0.5,0.51,0.49,0.5,0.01,0.01,71674.84
1775809594.701,94.701,0.5,0.51,0.49,0.5,0.01,0.01,71674.84
1775809595.191,95.191,0.51,0.52,0.46,0.5,0.01,0.04,71674.84
1775809595.631,95.631,0.53,0.54,0.45,0.49,0.01,0.04,71674.84
1775809596.01,96.01,0.53,0.54,0.46,0.47,0.01,0.01,71674.84
1775809596.427,96.427,0.55,0.56,0.43,0.47,0.01,0.04,71674.84
1775809597.054,97.054,0.55,0.56,0.44,0.45,0.01,0.01,71674.84
1775809597.511,97.511,0.56,0.57,0.43,0.45,0.01,0.02,71674.84
1775809598.023,98.023,0.55,0.57,0.43,0.44,0.02,0.01,71674.84
1775809598.789,98.789,0.55,0.56,0.44,0.45,0.01,0.01,71674.84
1775809599.222,99.222,0.55,0.56,0.43,0.45,0.01,0.02,71674.23
1775809599.595,99.595,0.55,0.57,0.44,0.45,0.02,0.01,71674.23
1775809600.022,100.022,0.56,0.57,0.43,0.44,0.01,0.01,71674.23
1775809600.385,100.385,0.57,0.58,0.42,0.44,0.01,0.02,71674.23
1775809601.251,101.251,0.54,0.57,0.42,0.43,0.03,0.01,71674.84
1775809601.633,101.633,0.49,0.5,0.5,0.52,0.01,0.02,71674.84
1775809602.127,102.127,0.48,0.49,0.51,0.52,0.01,0.01,71674.84
1775809602.497,102.497,0.48,0.49,0.51,0.52,0.01,0.01,71674.69
1775809602.984,102.984,0.48,0.49,0.51,0.52,0.01,0.01,71674.69
1775809603.475,103.475,0.48,0.49,0.51,0.52,0.01,0.01,71673.64
1775809603.872,103.872,0.48,0.49,0.51,0.52,0.01,0.01,71673.64
1775809605.005,105.005,0.48,0.49,0.51,0.52,0.01,0.01,71671.8
1775809605.474,105.474,0.48,0.5,0.51,0.52,0.02,0.01,71669.59
1775809606.054,106.054,0.49,0.5,0.5,0.52,0.01,0.02,71669.59
1775809606.831,106.831,0.49,0.5,0.5,0.51,0.01,0.01,71669.59
1775809607.166,107.166,0.49,0.5,0.5,0.51,0.01,0.01,71669.59
1775809607.536,107.536,0.49,0.5,0.5,0.51,0.01,0.01,71669.59
1775809607.957,107.957,0.49,0.5,0.5,0.51,0.01,0.01,71669.59
1775809608.581,108.581,0.49,0.5,0.5,0.51,0.01,0.01,71669.59
1775809609.102,109.102,0.49,0.5,0.5,0.51,0.01,0.01,71670.44
1775809610.265,110.265,0.49,0.5,0.5,0.51,0.01,0.01,71671.35
1775809610.604,110.604,0.49,0.5,0.5,0.51,0.01,0.01,71671.35
1775809611.18,111.18,0.49,0.5,0.5,0.51,0.01,0.01,71671.35
1775809611.63,111.63,0.49,0.5,0.5,0.51,0.01,0.01,71669.62
1775809612.324,112.324,0.49,0.5,0.5,0.51,0.01,0.01,71669.66
1775809612.727,112.727,0.5,0.51,0.49,0.5,0.01,0.01,71669.66
1775809613.265,113.265,0.5,0.52,0.49,0.5,0.02,0.01,71669.66
1775809614.058,114.058,0.51,0.52,0.48,0.5,0.01,0.02,71669.61
1775809615.232,115.232,0.51,0.52,0.48,0.49,0.01,0.01,71669.61
1775809615.8,115.8,0.51,0.52,0.48,0.49,0.01,0.01,71669.61
1775809616.658,116.658,0.51,0.52,0.48,0.49,0.01,0.01,71670.06
1775809616.999,116.999,0.51,0.52,0.48,0.49,0.01,0.01,71670.06
1775809618.173,118.173,0.51,0.53,0.48,0.49,0.02,0.01,71669.59
1775809618.652,118.652,0.52,0.53,0.47,0.48,0.01,0.01,71670.16
1775809619.008,119.008,0.52,0.53,0.47,0.48,0.01,0.01,71670.16
1775809619.488,119.488,0.52,0.53,0.47,0.48,0.01,0.01,71670.16
1775809619.945,119.945,0.52,0.53,0.47,0.48,0.01,0.01,71670.16
1775809620.424,120.424,0.52,0.53,0.47,0.48,0.01,0.01,71669.59
1775809620.764,120.764,0.52,0.53,0.47,0.48,0.01,0.01,71669.59
1775809621.727,121.727,0.52,0.53,0.47,0.48,0.01,0.01,71670.66
1775809622.442,122.442,0.51,0.53,0.47,0.48,0.02,0.01,71670.66
1775809622.874,122.874,0.5,0.51,0.48,0.49,0.01,0.01,71670.28
1775809623.23,123.23,0.5,0.51,0.49,0.5,0.01,0.01,71669.6
1775809623.656,123.656,0.5,0.51,0.49,0.5,0.01,0.01,71669.6
1775809624.483,124.483,0.5,0.51,0.49,0.5,0.01,0.01,71669.6
1775809626.198,126.198,0.5,0.51,0.49,0.5,0.01,0.01,71669.59
1775809626.974,126.974,0.49,0.51,0.49,0.5,0.02,0.01,71669.59
1775809627.343,127.343,0.5,0.51,0.49,0.51,0.01,0.02,71669.59
1775809627.79,127.79,0.5,0.51,0.49,0.5,0.01,0.01,71669.59
1775809628.808,128.808,0.5,0.51,0.49,0.5,0.01,0.01,71669.68
1775809629.685,129.685,0.5,0.51,0.49,0.5,0.01,0.01,71669.96
1775809630.441,130.441,0.5,0.51,0.49,0.5,0.01,0.01,71669.96
1775809630.842,130.842,0.49,0.5,0.5,0.52,0.01,0.02,71670.16
1775809631.243,131.243,0.49,0.5,0.5,0.51,0.01,0.01,71670.16
1775809631.64,131.64,0.49,0.5,0.5,0.51,0.01,0.01,71670.66
1775809631.989,131.989,0.49,0.5,0.5,0.51,0.01,0.01,71670.66
1775809632.376,132.376,0.49,0.5,0.5,0.51,0.01,0.01,71670.66
1775809632.797,132.797,0.48,0.5,0.5,0.51,0.02,0.01,71669.68
1775809633.965,133.965,0.49,0.5,0.51,0.52,0.01,0.01,71669.68
1775809634.451,134.451,0.49,0.5,0.5,0.51,0.01,0.01,71669.68
1775809634.883,134.883,0.48,0.5,0.5,0.51,0.02,0.01,71669.68
1775809635.22,135.22,0.49,0.5,0.5,0.52,0.01,0.02,71669.68
1775809635.658,135.658,0.49,0.5,0.5,0.51,0.01,0.01,71670.18
1775809636.184,136.184,0.48,0.49,0.51,0.52,0.01,0.01,71670.18
1775809636.548,136.548,0.48,0.49,0.51,0.52,0.01,0.01,71669.68
1775809636.908,136.908,0.47,0.49,0.51,0.52,0.02,0.01,71669.68
1775809637.278,137.278,0.43,0.48,0.52,0.53,0.05,0.01,71669.68
1775809637.694,137.694,0.45,0.46,0.54,0.55,0.01,0.01,71669.68
1775809638.337,138.337,0.45,0.46,0.54,0.55,0.01,0.01,71671.03
1775809638.763,138.763,0.45,0.46,0.54,0.55,0.01,0.01,71671.03
1775809639.178,139.178,0.45,0.46,0.54,0.55,0.01,0.01,71671.03
1775809639.607,139.607,0.45,0.46,0.54,0.55,0.01,0.01,71669.29
1775809639.955,139.955,0.43,0.45,0.54,0.56,0.02,0.02,71669.29
1775809640.333,140.333,0.43,0.44,0.56,0.57,0.01,0.01,71669.59
1775809640.791,140.791,0.43,0.44,0.56,0.57,0.01,0.01,71669.59
1775809641.421,141.421,0.43,0.44,0.56,0.57,0.01,0.01,71670.06
1775809641.786,141.786,0.43,0.44,0.56,0.57,0.01,0.01,71670.06
1775809642.603,142.603,0.43,0.44,0.56,0.57,0.01,0.01,71668.77
1775809643.403,143.403,0.43,0.44,0.56,0.57,0.01,0.01,71668.77
1775809643.808,143.808,0.43,0.44,0.56,0.57,0.01,0.01,71668.77
1775809644.174,144.174,0.43,0.44,0.56,0.57,0.01,0.01,71669.59
1775809644.528,144.528,0.43,0.44,0.56,0.57,0.01,0.01,71669.59
1775809644.986,144.986,0.43,0.44,0.56,0.57,0.01,0.01,71669.59
1775809645.375,145.375,0.43,0.44,0.56,0.57,0.01,0.01,71669.59
1775809645.799,145.799,0.43,0.44,0.56,0.57,0.01,0.01,71669.59
1775809646.231,146.231,0.43,0.44,0.56,0.57,0.01,0.01,71669.44
1775809646.589,146.589,0.43,0.44,0.56,0.57,0.01,0.01,71669.44
1775809647.05,147.05,0.43,0.44,0.56,0.57,0.01,0.01,71669.44
1775809647.439,147.439,0.44,0.45,0.56,0.57,0.01,0.01,71669.44
1775809648.016,148.016,0.44,0.45,0.55,0.56,0.01,0.01,71669.32
1775809648.603,148.603,0.44,0.45,0.55,0.56,0.01,0.01,71669.32
1775809648.936,148.936,0.44,0.45,0.55,0.56,0.01,0.01,71669.32
1775809649.297,149.297,0.44,0.45,0.55,0.56,0.01,0.01,71670.04
1775809650.121,150.121,0.44,0.45,0.55,0.56,0.01,0.01,71670.04
1775809650.701,150.701,0.44,0.45,0.55,0.56,0.01,0.01,71668.9
1775809651.847,151.847,0.44,0.45,0.55,0.56,0.01,0.01,71669.64
1775809652.344,152.344,0.45,0.46,0.55,0.56,0.01,0.01,71669.54
1775809653.152,153.152,0.46,0.47,0.53,0.54,0.01,0.01,71669.54
1775809653.782,153.782,0.46,0.47,0.53,0.54,0.01,0.01,71669.54
1775809654.247,154.247,0.47,0.48,0.53,0.54,0.01,0.01,71669.54
1775809655.061,155.061,0.47,0.48,0.52,0.53,0.01,0.01,71669.55
1775809656.071,156.071,0.47,0.48,0.52,0.53,0.01,0.01,71669.36
1775809656.615,156.615,0.42,0.45,0.53,0.57,0.03,0.04,71668.38
1775809657.349,157.349,0.44,0.45,0.55,0.56,0.01,0.01,71668.38
1775809657.857,157.857,0.45,0.46,0.53,0.57,0.01,0.04,71668.52
1775809658.618,158.618,0.45,0.46,0.54,0.55,0.01,0.01,71668.52
1775809659.249,159.249,0.45,0.46,0.54,0.58,0.01,0.04,71669.07
1775809659.611,159.611,0.46,0.47,0.52,0.55,0.01,0.03,71669.07
1775809660.435,160.435,0.47,0.48,0.52,0.54,0.01,0.02,71668.66
1775809660.824,160.824,0.47,0.48,0.52,0.53,0.01,0.01,71668.66
1775809661.212,161.212,0.47,0.51,0.53,0.54,0.04,0.01,71668.66
1775809661.602,161.602,0.47,0.49,0.5,0.51,0.02,0.01,71669.43
1775809662.742,162.742,0.48,0.49,0.51,0.52,0.01,0.01,71669.39
1775809663.246,163.246,0.48,0.49,0.51,0.52,0.01,0.01,71669.39
1775809663.644,163.644,0.48,0.49,0.51,0.52,0.01,0.01,71669.2
1775809664.004,164.004,0.48,0.49,0.51,0.52,0.01,0.01,71669.2
1775809664.444,164.444,0.48,0.49,0.51,0.52,0.01,0.01,71669.17
1775809665.013,165.013,0.48,0.5,0.51,0.52,0.02,0.01,71669.17
1775809665.732,165.732,0.49,0.5,0.5,0.52,0.01,0.02,71669.17
1775809666.543,166.543,0.49,0.51,0.5,0.51,0.02,0.01,71669.14
1775809667.02,167.02,0.49,0.5,0.49,0.51,0.01,0.02,71669.14
1775809667.403,167.403,0.49,0.5,0.5,0.51,0.01,0.01,71668.56
1775809668.331,168.331,0.49,0.5,0.5,0.51,0.01,0.01,71669.16
1775809668.686,168.686,0.49,0.5,0.5,0.51,0.01,0.01,71669.16
1775809669.088,169.088,0.49,0.5,0.5,0.51,0.01,0.01,71669.16
1775809669.658,169.658,0.49,0.5,0.5,0.51,0.01,0.01,71668.51
1775809670.342,170.342,0.48,0.49,0.5,0.51,0.01,0.01,71669.16
1775809670.794,170.794,0.48,0.49,0.51,0.52,0.01,0.01,71669.16
1775809671.248,171.248,0.48,0.49,0.51,0.52,0.01,0.01,71669.16
1775809672.099,172.099,0.48,0.52,0.51,0.52,0.04,0.01,71670.54
1775809672.505,172.505,0.55,0.56,0.44,0.45,0.01,0.01,71669.52
1775809672.872,172.872,0.55,0.56,0.44,0.45,0.01,0.01,71669.52
1775809673.745,173.745,0.55,0.56,0.44,0.45,0.01,0.01,71669.52
1775809674.629,174.629,0.55,0.56,0.44,0.45,0.01,0.01,71669.85
1775809674.989,174.989,0.54,0.55,0.44,0.45,0.01,0.01,71669.85
1775809676.551,176.551,0.54,0.55,0.45,0.46,0.01,0.01,71672.25
1775809677.103,177.103,0.59,0.6,0.38,0.42,0.01,0.04,71672.25
1775809677.455,177.455,0.59,0.6,0.4,0.41,0.01,0.01,71672.25
1775809677.826,177.826,0.59,0.6,0.4,0.41,0.01,0.01,71672.25
1775809678.303,178.303,0.59,0.6,0.4,0.41,0.01,0.01,71671.93
1775809678.979,178.979,0.59,0.6,0.4,0.41,0.01,0.01,71673.27
1775809679.383,179.383,0.58,0.6,0.4,0.41,0.02,0.01,71669.93
1775809679.72,179.72,0.57,0.58,0.42,0.44,0.01,0.02,71669.93
1775809680.297,180.297,0.57,0.58,0.42,0.43,0.01,0.01,71672.25
1775809680.785,180.785,0.57,0.58,0.42,0.43,0.01,0.01,71672.25
1775809681.201,181.201,0.57,0.58,0.42,0.43,0.01,0.01,71672.25
1775809681.544,181.544,0.57,0.58,0.42,0.43,0.01,0.01,71673.22
1775809682.155,182.155,0.55,0.56,0.43,0.44,0.01,0.01,71673.22
1775809682.549,182.549,0.55,0.56,0.44,0.45,0.01,0.01,71673.22
1775809682.947,182.947,0.55,0.56,0.44,0.45,0.01,0.01,71673.22
1775809683.311,183.311,0.53,0.57,0.45,0.47,0.04,0.02,71672.43
1775809683.651,183.651,0.41,0.43,0.57,0.59,0.02,0.02,71672.43
1775809683.991,183.991,0.35,0.41,0.59,0.66,0.06,0.07,71672.43
1775809684.332,184.332,0.31,0.39,0.65,0.69,0.08,0.04,71672.43
1775809684.693,184.693,0.29,0.33,0.66,0.7,0.04,0.04,71672.43
1775809685.049,185.049,0.3,0.31,0.66,0.7,0.01,0.04,71674.45
1775809685.415,185.415,0.29,0.3,0.7,0.71,0.01,0.01,71674.45
1775809685.794,185.794,0.28,0.29,0.71,0.72,0.01,0.01,71657.75
1775809686.137,186.137,0.28,0.29,0.71,0.72,0.01,0.01,71656.54
1775809686.474,186.474,0.27,0.29,0.71,0.73,0.02,0.02,71656.54
1775809686.86,186.86,0.27,0.28,0.72,0.74,0.01,0.02,71656.54
1775809687.314,187.314,0.26,0.27,0.73,0.75,0.01,0.02,71654.75
1775809687.746,187.746,0.25,0.26,0.73,0.75,0.01,0.02,71654.75
1775809688.164,188.164,0.25,0.26,0.74,0.75,0.01,0.01,71654.75
1775809688.527,188.527,0.25,0.26,0.74,0.75,0.01,0.01,71654.51
1775809689.225,189.225,0.24,0.25,0.75,0.76,0.01,0.01,71654.51
1775809689.558,189.558,0.24,0.25,0.75,0.76,0.01,0.01,71654.51
1775809689.957,189.957,0.24,0.25,0.75,0.76,0.01,0.01,71654.95
1775809690.317,190.317,0.24,0.25,0.75,0.76,0.01,0.01,71653.68
1775809690.677,190.677,0.24,0.25,0.75,0.76,0.01,0.01,71653.68
1775809691.035,191.035,0.24,0.25,0.75,0.76,0.01,0.01,71653.68
1775809691.498,191.498,0.25,0.27,0.73,0.74,0.02,0.01,71653.68
1775809691.966,191.966,0.25,0.26,0.74,0.75,0.01,0.01,71653.68
1775809692.347,192.347,0.25,0.26,0.74,0.75,0.01,0.01,71650.79
1775809693.157,193.157,0.25,0.26,0.74,0.75,0.01,0.01,71651.62
1775809693.528,193.528,0.25,0.26,0.74,0.75,0.01,0.01,71651.62
1775809693.875,193.875,0.25,0.26,0.74,0.75,0.01,0.01,71651.62
1775809694.259,194.259,0.25,0.26,0.74,0.75,0.01,0.01,71652.96
1775809694.62,194.62,0.25,0.26,0.74,0.75,0.01,0.01,71652.96
1775809695.169,195.169,0.26,0.27,0.73,0.74,0.01,0.01,71652.96
1775809695.672,195.672,0.26,0.27,0.73,0.74,0.01,0.01,71652.57
1775809696.01,196.01,0.26,0.27,0.73,0.74,0.01,0.01,71652.57
1775809696.365,196.365,0.26,0.27,0.73,0.74,0.01,0.01,71653.01
1775809696.733,196.733,0.26,0.27,0.73,0.74,0.01,0.01,71653.01
1775809697.169,197.169,0.26,0.27,0.73,0.74,0.01,0.01,71653.01
1775809697.542,197.542,0.27,0.29,0.7,0.74,0.02,0.04,71653.0
1775809698.007,198.007,0.28,0.29,0.71,0.72,0.01,0.01,71653.0
1775809698.343,198.343,0.27,0.28,0.72,0.73,0.01,0.01,71653.0
1775809699.048,199.048,0.26,0.27,0.73,0.74,0.01,0.01,71653.44
1775809699.392,199.392,0.31,0.32,0.67,0.72,0.01,0.05,71653.44
1775809700.048,200.048,0.31,0.32,0.68,0.69,0.01,0.01,71653.05
1775809700.824,200.824,0.3,0.31,0.68,0.7,0.01,0.02,71653.05
1775809701.394,201.394,0.3,0.32,0.69,0.7,0.02,0.01,71653.87
1775809701.882,201.882,0.31,0.32,0.68,0.69,0.01,0.01,71653.87
1775809702.355,202.355,0.3,0.31,0.69,0.7,0.01,0.01,71653.87
1775809702.982,202.982,0.3,0.31,0.69,0.7,0.01,0.01,71653.87
1775809703.349,203.349,0.3,0.31,0.69,0.7,0.01,0.01,71655.15
1775809703.694,203.694,0.3,0.31,0.69,0.7,0.01,0.01,71655.15
1775809704.147,204.147,0.3,0.31,0.69,0.7,0.01,0.01,71655.15
1775809704.48,204.48,0.3,0.31,0.69,0.7,0.01,0.01,71655.6
1775809704.837,204.837,0.3,0.31,0.69,0.7,0.01,0.01,71655.6
1775809705.502,205.502,0.29,0.3,0.7,0.71,0.01,0.01,71655.6
1775809705.903,205.903,0.28,0.29,0.71,0.72,0.01,0.01,71655.51
1775809706.261,206.261,0.25,0.26,0.72,0.75,0.01,0.03,71657.71
1775809706.654,206.654,0.25,0.26,0.74,0.75,0.01,0.01,71657.71
1775809707.234,207.234,0.25,0.26,0.74,0.75,0.01,0.01,71654.99
1775809707.633,207.633,0.24,0.25,0.75,0.76,0.01,0.01,71654.99
1775809708.151,208.151,0.24,0.25,0.75,0.76,0.01,0.01,71654.99
1775809708.869,208.869,0.25,0.26,0.74,0.75,0.01,0.01,71654.09
1775809709.363,209.363,0.25,0.26,0.74,0.75,0.01,0.01,71653.33
1775809709.747,209.747,0.25,0.26,0.74,0.75,0.01,0.01,71653.33
1775809710.283,210.283,0.26,0.27,0.73,0.75,0.01,0.02,71653.23
1775809710.862,210.862,0.26,0.27,0.73,0.74,0.01,0.01,71653.23
1775809711.244,211.244,0.26,0.27,0.73,0.74,0.01,0.01,71653.23
1775809711.805,211.805,0.26,0.27,0.73,0.74,0.01,0.01,71653.07
1775809712.43,212.43,0.26,0.27,0.73,0.74,0.01,0.01,71653.07
1775809713.501,213.501,0.24,0.26,0.74,0.75,0.02,0.01,71653.68
1775809714.198,214.198,0.25,0.26,0.74,0.75,0.01,0.01,71653.71
1775809714.77,214.77,0.24,0.25,0.74,0.75,0.01,0.01,71653.71
1775809715.492,215.492,0.25,0.33,0.74,0.76,0.08,0.02,71652.79
1775809715.871,215.871,0.26,0.27,0.73,0.74,0.01,0.01,71652.79
1775809716.263,216.263,0.32,0.33,0.67,0.69,0.01,0.02,71652.79
1775809716.605,216.605,0.33,0.34,0.66,0.67,0.01,0.01,71652.79
1775809716.96,216.96,0.33,0.34,0.66,0.67,0.01,0.01,71652.79
1775809717.656,217.656,0.33,0.34,0.66,0.67,0.01,0.01,71654.51
1775809718.074,218.074,0.33,0.34,0.66,0.67,0.01,0.01,71653.87
1775809718.412,218.412,0.33,0.34,0.66,0.67,0.01,0.01,71653.87
1775809718.854,218.854,0.33,0.34,0.66,0.67,0.01,0.01,71653.75
1775809719.275,219.275,0.32,0.34,0.66,0.67,0.02,0.01,71653.75
1775809720.026,220.026,0.32,0.33,0.67,0.68,0.01,0.01,71652.7
1775809720.683,220.683,0.32,0.33,0.67,0.68,0.01,0.01,71653.18
1775809721.036,221.036,0.32,0.33,0.67,0.68,0.01,0.01,71653.18
1775809721.439,221.439,0.31,0.32,0.68,0.69,0.01,0.01,71653.18
1775809721.896,221.896,0.32,0.33,0.67,0.68,0.01,0.01,71653.64
1775809722.297,222.297,0.31,0.32,0.68,0.69,0.01,0.01,71653.65
1775809722.824,222.824,0.31,0.32,0.68,0.69,0.01,0.01,71653.65
1775809723.66,223.66,0.29,0.32,0.68,0.69,0.03,0.01,71654.15
1775809724.225,224.225,0.29,0.3,0.7,0.72,0.01,0.02,71653.67
1775809724.944,224.944,0.29,0.3,0.7,0.71,0.01,0.01,71653.67
1775809725.463,225.463,0.27,0.29,0.7,0.71,0.02,0.01,71653.66
1775809725.851,225.851,0.27,0.31,0.72,0.73,0.04,0.01,71653.66
1775809726.404,226.404,0.28,0.29,0.7,0.71,0.01,0.01,71653.69
1775809726.957,226.957,0.28,0.29,0.71,0.72,0.01,0.01,71653.69
1775809727.866,227.866,0.29,0.3,0.71,0.72,0.01,0.01,71653.77
1775809728.566,228.566,0.29,0.3,0.7,0.71,0.01,0.01,71653.12
1775809729.257,229.257,0.29,0.3,0.7,0.71,0.01,0.01,71653.12
1775809729.637,229.637,0.29,0.3,0.7,0.71,0.01,0.01,71655.13
1775809730.337,230.337,0.28,0.29,0.7,0.72,0.01,0.02,71656.79
1775809731.205,231.205,0.28,0.29,0.71,0.72,0.01,0.01,71656.79
1775809731.633,231.633,0.27,0.29,0.71,0.72,0.02,0.01,71653.68
1775809732.177,232.177,0.27,0.28,0.71,0.73,0.01,0.02,71653.68
1775809732.527,232.527,0.27,0.28,0.72,0.73,0.01,0.01,71653.68
1775809732.924,232.924,0.27,0.28,0.72,0.73,0.01,0.01,71653.68
1775809733.395,233.395,0.27,0.28,0.72,0.73,0.01,0.01,71653.87
1775809733.887,233.887,0.26,0.28,0.72,0.73,0.02,0.01,71653.87
1775809734.416,234.416,0.25,0.26,0.74,0.75,0.01,0.01,71653.89
1775809735.058,235.058,0.25,0.26,0.74,0.75,0.01,0.01,71652.02
1775809735.513,235.513,0.25,0.26,0.74,0.75,0.01,0.01,71652.02
1775809735.929,235.929,0.23,0.25,0.74,0.75,0.02,0.01,71652.02
1775809736.27,236.27,0.24,0.26,0.75,0.76,0.02,0.01,71654.25
1775809736.637,236.637,0.27,0.28,0.71,0.75,0.01,0.04,71654.25
1775809737.256,237.256,0.25,0.26,0.73,0.74,0.01,0.01,71653.5
1775809737.656,237.656,0.23,0.24,0.76,0.77,0.01,0.01,71653.5
1775809738.106,238.106,0.23,0.24,0.76,0.77,0.01,0.01,71653.5
1775809738.451,238.451,0.23,0.24,0.76,0.77,0.01,0.01,71655.29
1775809738.943,238.943,0.25,0.26,0.74,0.75,0.01,0.01,71655.29
1775809739.319,239.319,0.25,0.26,0.74,0.75,0.01,0.01,71651.73
1775809739.676,239.676,0.25,0.26,0.74,0.75,0.01,0.01,71651.73
1775809740.06,240.06,0.21,0.22,0.78,0.79,0.01,0.01,71652.01
1775809740.585,240.585,0.18,0.19,0.8,0.82,0.01,0.02,71652.01
1775809741.048,241.048,0.16,0.17,0.83,0.84,0.01,0.01,71652.01
1775809741.383,241.383,0.16,0.17,0.83,0.84,0.01,0.01,71652.01
1775809741.802,241.802,0.15,0.16,0.84,0.85,0.01,0.01,71652.01
1775809742.196,242.196,0.16,0.17,0.83,0.84,0.01,0.01,71652.01
1775809742.566,242.566,0.16,0.17,0.83,0.84,0.01,0.01,71649.41
1775809743.189,243.189,0.16,0.17,0.83,0.84,0.01,0.01,71649.41
1775809743.729,243.729,0.16,0.17,0.83,0.84,0.01,0.01,71646.82
1775809744.082,244.082,0.22,0.25,0.77,0.84,0.03,0.07,71645.26
1775809744.478,244.478,0.24,0.25,0.75,0.76,0.01,0.01,71645.26
1775809744.834,244.834,0.31,0.36,0.65,0.69,0.05,0.04,71645.26
1775809745.244,245.244,0.31,0.32,0.68,0.71,0.01,0.03,71646.58
1775809745.593,245.593,0.3,0.31,0.67,0.7,0.01,0.03,71646.58
1775809745.937,245.937,0.29,0.3,0.7,0.71,0.01,0.01,71646.58
1775809746.279,246.279,0.27,0.28,0.72,0.73,0.01,0.01,71654.92
1775809746.636,246.636,0.27,0.28,0.72,0.73,0.01,0.01,71654.92
1775809747.069,247.069,0.3,0.31,0.69,0.7,0.01,0.01,71654.92
1775809747.454,247.454,0.3,0.31,0.69,0.7,0.01,0.01,71654.92
1775809747.884,247.884,0.3,0.31,0.69,0.7,0.01,0.01,71654.82
1775809748.364,248.364,0.3,0.31,0.69,0.7,0.01,0.01,71654.82
1775809749.046,249.046,0.28,0.29,0.7,0.72,0.01,0.02,71655.71
1775809749.636,249.636,0.28,0.29,0.71,0.72,0.01,0.01,71655.71
1775809750.103,250.103,0.28,0.29,0.71,0.72,0.01,0.01,71655.71
1775809750.733,250.733,0.27,0.28,0.71,0.73,0.01,0.02,71655.71
1775809751.126,251.126,0.27,0.28,0.72,0.73,0.01,0.01,71655.71
1775809751.625,251.625,0.27,0.28,0.72,0.73,0.01,0.01,71655.84
1775809752.324,252.324,0.27,0.28,0.72,0.73,0.01,0.01,71655.84
1775809753.003,253.003,0.27,0.29,0.72,0.73,0.02,0.01,71655.71
1775809753.827,253.827,0.27,0.28,0.72,0.75,0.01,0.03,71656.0
1775809754.342,254.342,0.27,0.28,0.72,0.73,0.01,0.01,71656.0
1775809754.681,254.681,0.27,0.28,0.72,0.73,0.01,0.01,71655.83
1775809755.223,255.223,0.27,0.28,0.72,0.73,0.01,0.01,71655.94
1775809755.718,255.718,0.26,0.27,0.73,0.74,0.01,0.01,71655.94
1775809756.805,256.805,0.26,0.29,0.73,0.74,0.03,0.01,71655.95
1775809757.139,257.139,0.34,0.35,0.59,0.67,0.01,0.08,71655.95
1775809757.51,257.51,0.19,0.2,0.78,0.79,0.01,0.01,71656.76
1775809757.903,257.903,0.19,0.2,0.8,0.81,0.01,0.01,71655.82
1775809758.284,258.284,0.19,0.2,0.8,0.81,0.01,0.01,71655.82
1775809758.699,258.699,0.2,0.21,0.78,0.81,0.01,0.03,71655.82
1775809759.046,259.046,0.2,0.21,0.79,0.8,0.01,0.01,71655.82
1775809759.631,259.631,0.18,0.19,0.79,0.8,0.01,0.01,71659.5
1775809760.453,260.453,0.18,0.19,0.81,0.82,0.01,0.01,71655.66
1775809760.789,260.789,0.18,0.19,0.81,0.82,0.01,0.01,71655.66
1775809761.182,261.182,0.17,0.19,0.81,0.82,0.02,0.01,71655.66
1775809761.519,261.519,0.15,0.16,0.84,0.85,0.01,0.01,71655.68
1775809761.952,261.952,0.15,0.16,0.83,0.85,0.01,0.02,71655.68
1775809762.304,262.304,0.12,0.13,0.87,0.88,0.01,0.01,71655.68
1775809762.862,262.862,0.11,0.12,0.87,0.89,0.01,0.02,71654.98
1775809763.255,263.255,0.11,0.12,0.88,0.89,0.01,0.01,71653.22
1775809763.611,263.611,0.11,0.12,0.88,0.89,0.01,0.01,71653.22
1775809763.944,263.944,0.11,0.12,0.88,0.89,0.01,0.01,71653.22
1775809764.284,264.284,0.11,0.12,0.88,0.89,0.01,0.01,71647.89
1775809764.631,264.631,0.11,0.12,0.88,0.89,0.01,0.01,71647.89
1775809765.102,265.102,0.11,0.12,0.88,0.89,0.01,0.01,71646.87
1775809765.482,265.482,0.11,0.12,0.88,0.89,0.01,0.01,71646.87
1775809765.864,265.864,0.11,0.12,0.88,0.89,0.01,0.01,71646.87
1775809766.325,266.325,0.11,0.12,0.88,0.89,0.01,0.01,71649.08
1775809766.684,266.684,0.11,0.12,0.88,0.89,0.01,0.01,71649.08
1775809767.172,267.172,0.11,0.12,0.88,0.89,0.01,0.01,71649.5
1775809767.544,267.544,0.11,0.12,0.88,0.89,0.01,0.01,71649.5
1775809767.906,267.906,0.11,0.12,0.88,0.89,0.01,0.01,71649.5
1775809768.269,268.269,0.06,0.07,0.93,0.94,0.01,0.01,71647.43
1775809768.718,268.718,0.06,0.07,0.93,0.94,0.01,0.01,71647.43
1775809769.271,269.271,0.07,0.08,0.92,0.94,0.01,0.02,71649.46
1775809769.642,269.642,0.07,0.08,0.92,0.93,0.01,0.01,71649.46
1775809770.085,270.085,0.07,0.08,0.92,0.93,0.01,0.01,71649.46
1775809770.426,270.426,0.07,0.08,0.92,0.93,0.01,0.01,71650.47
1775809771.155,271.155,0.03,0.07,0.93,0.94,0.04,0.01,71650.47
1775809771.494,271.494,0.03,0.04,0.96,0.97,0.01,0.01,71648.83
1775809771.892,271.892,0.04,0.05,0.95,0.96,0.01,0.01,71648.83
1775809772.428,272.428,0.03,0.05,0.95,0.96,0.02,0.01,71647.13
1775809772.762,272.762,0.03,0.04,0.96,0.97,0.01,0.01,71647.13
1775809773.194,273.194,0.04,0.05,0.95,0.97,0.01,0.02,71647.29
1775809773.56,273.56,0.03,0.05,0.96,0.97,0.02,0.01,71647.29
1775809773.897,273.897,0.04,0.05,0.95,0.96,0.01,0.01,71647.29
1775809774.491,274.491,0.03,0.04,0.95,0.97,0.01,0.02,71647.63
1775809774.873,274.873,0.03,0.04,0.96,0.97,0.01,0.01,71647.63
1775809775.465,275.465,0.03,0.04,0.96,0.97,0.01,0.01,71647.62
1775809775.81,275.81,0.03,0.04,0.96,0.97,0.01,0.01,71647.62
1775809776.177,276.177,0.03,0.04,0.96,0.97,0.01,0.01,71647.62
1775809776.631,276.631,0.03,0.04,0.96,0.97,0.01,0.01,71647.29
1775809777.084,277.084,0.03,0.04,0.96,0.97,0.01,0.01,71647.29
1775809777.424,277.424,0.02,0.04,0.96,0.97,0.02,0.01,71647.29
1775809777.797,277.797,0.02,0.03,0.97,0.98,0.01,0.01,71648.12
1775809778.173,278.173,0.02,0.03,0.97,0.98,0.01,0.01,71647.34
1775809778.535,278.535,0.02,0.03,0.97,0.98,0.01,0.01,71647.34
1775809779.011,279.011,0.02,0.04,0.97,0.98,0.02,0.01,71647.29
1775809779.409,279.409,0.02,0.03,0.97,0.98,0.01,0.01,71647.29
1775809779.795,279.795,0.02,0.03,0.97,0.98,0.01,0.01,71647.29
1775809780.135,280.135,0.02,0.03,0.97,0.98,0.01,0.01,71647.29
1775809780.526,280.526,0.02,0.03,0.97,0.98,0.01,0.01,71647.29
1775809780.86,280.86,0.02,0.03,0.97,0.98,0.01,0.01,71647.36
1775809781.215,281.215,0.02,0.03,0.97,0.98,0.01,0.01,71647.36
1775809781.555,281.555,0.02,0.03,0.97,0.98,0.01,0.01,71647.29
1775809782.046,282.046,0.02,0.03,0.97,0.98,0.01,0.01,71647.29
1775809782.406,282.406,0.02,0.03,0.97,0.98,0.01,0.01,71647.29
1775809782.885,282.885,0.02,0.03,0.97,0.98,0.01,0.01,71647.29
1775809783.267,283.267,0.02,0.03,0.97,0.98,0.01,0.01,71647.29
1775809783.838,283.838,0.02,0.03,0.97,0.98,0.01,0.01,71647.29
1775809784.255,284.255,0.02,0.03,0.97,0.98,0.01,0.01,71647.29
1775809784.63,284.63,0.02,0.03,0.97,0.98,0.01,0.01,71647.29
1775809785.047,285.047,0.02,0.03,0.97,0.98,0.01,0.01,71647.29
1775809785.457,285.457,0.03,0.04,0.97,0.98,0.01,0.01,71647.29
1775809785.871,285.871,0.03,0.04,0.96,0.97,0.01,0.01,71647.29
1775809786.511,286.511,0.03,0.04,0.96,0.97,0.01,0.01,71646.72
1775809786.893,286.893,0.03,0.04,0.96,0.97,0.01,0.01,71646.72
1775809787.345,287.345,0.03,0.04,0.96,0.97,0.01,0.01,71646.82
1775809787.793,287.793,0.02,0.03,0.97,0.98,0.01,0.01,71646.82
1775809788.169,288.169,0.03,0.04,0.96,0.97,0.01,0.01,71646.82
1775809788.574,288.574,0.03,0.04,0.96,0.97,0.01,0.01,71646.11
1775809788.929,288.929,0.02,0.03,0.97,0.98,0.01,0.01,71645.67
1775809789.513,289.513,0.02,0.03,0.97,0.98,0.01,0.01,71645.67
1775809790.087,290.087,0.02,0.03,0.97,0.98,0.01,0.01,71645.67
1775809790.485,290.485,0.02,0.03,0.97,0.98,0.01,0.01,71645.67
1775809790.905,290.905,0.02,0.03,0.97,0.98,0.01,0.01,71645.13
1775809791.254,291.254,0.01,0.02,0.98,0.99,0.01,0.01,71644.77
1775809791.653,291.653,0.01,0.02,0.98,0.99,0.01,0.01,71644.77
1775809792.035,292.035,0.01,0.02,0.98,0.99,0.01,0.01,71644.69
1775809792.403,292.403,0.01,0.02,0.98,0.99,0.01,0.01,71644.69
1775809792.744,292.744,0.01,0.02,0.98,0.99,0.01,0.01,71644.69
1775809793.156,293.156,0.01,0.02,0.98,0.99,0.01,0.01,71644.69
1775809793.544,293.544,0.01,0.02,0.98,0.99,0.01,0.01,71644.69
1775809794.037,294.037,0.01,0.02,0.98,0.99,0.01,0.01,71644.69
1775809794.399,294.399,0.01,0.02,0.98,0.99,0.01,0.01,71645.46
1775809794.77,294.77,0.01,0.02,0.98,0.99,0.01,0.01,71645.46
1775809795.443,295.443,0.01,0.02,0.98,0.99,0.01,0.01,71645.01
1775809795.805,295.805,0.01,0.02,0.98,0.99,0.01,0.01,71645.01
1775809796.169,296.169,0.01,0.02,0.98,0.99,0.01,0.01,71645.01
1775809796.561,296.561,0.01,0.02,0.98,0.99,0.01,0.01,71644.69
1775809796.94,296.94,0.01,0.02,0.98,0.99,0.01,0.01,71644.69
1775809797.403,297.403,0.01,0.01,0.99,0.99,0.0,0.0,71645.08
1775809797.828,297.828,0.01,0.01,0.99,0.99,0.0,0.0,71645.08
1775809798.187,298.187,0.01,0.01,0.99,0.99,0.0,0.0,71645.07
1775809798.681,298.681,0.01,0.01,0.99,0.99,0.0,0.0,71645.07
1775809799.392,299.392,0.01,0.01,0.99,0.99,0.0,0.0,71644.69
1775809799.808,299.808,0.01,0.01,0.99,0.99,0.0,0.0,71644.69
1775809800.444,300.444,0.01,0.01,0.99,0.99,0.0,0.0,71644.69

# RESULT,winner=Down,slug=btc-updown-5m-1775809500,ticks=617
