timestamp,elapsed_sec,up_bid,up_ask,down_bid,down_ask,up_spread,down_spread,btc_price,btc_oracle_ts
1776679500.506,0.506,0.48,0.49,0.52,0.54,0.01,0.02,75223.17,1776679499000
1776679500.85,0.85,0.47,0.48,0.52,0.53,0.01,0.01,75223.17,1776679499000
1776679501.216,1.216,0.47,0.48,0.52,0.53,0.01,0.01,75222.89,1776679500000
1776679501.958,1.958,0.45,0.46,0.53,0.54,0.01,0.01,75222.89,1776679500000
1776679502.299,2.299,0.46,0.47,0.52,0.54,0.01,0.02,75220.91,1776679501000
1776679502.666,2.666,0.46,0.47,0.53,0.54,0.01,0.01,75220.91,1776679501000
1776679503.236,3.236,0.47,0.48,0.52,0.54,0.01,0.02,75220.21,1776679502000
1776679503.57,3.57,0.48,0.49,0.5,0.52,0.01,0.02,75220.21,1776679502000
1776679503.923,3.923,0.51,0.53,0.47,0.5,0.02,0.03,75220.21,1776679502000
1776679504.278,4.278,0.57,0.58,0.42,0.43,0.01,0.01,75220.21,1776679502000
1776679504.628,4.628,0.57,0.58,0.42,0.43,0.01,0.01,75220.46,1776679503000
1776679505.076,5.076,0.58,0.59,0.41,0.42,0.01,0.01,75221.58,1776679504000
1776679505.508,5.508,0.59,0.6,0.4,0.42,0.01,0.02,75221.58,1776679504000
1776679505.924,5.924,0.59,0.6,0.4,0.41,0.01,0.01,75221.58,1776679504000
1776679506.284,6.284,0.59,0.6,0.4,0.41,0.01,0.01,75221.58,1776679504000
1776679506.708,6.708,0.59,0.6,0.4,0.41,0.01,0.01,75231.45,1776679505000
1776679507.121,7.121,0.59,0.61,0.4,0.41,0.02,0.01,75231.45,1776679505000
1776679507.516,7.516,0.64,0.67,0.33,0.36,0.03,0.03,75237.36,1776679506000
1776679507.852,7.852,0.66,0.7,0.3,0.34,0.04,0.04,75237.36,1776679506000
1776679508.192,8.192,0.7,0.71,0.29,0.3,0.01,0.01,75237.36,1776679506000
1776679508.536,8.536,0.7,0.71,0.29,0.3,0.01,0.01,75239.38,1776679507000
1776679508.87,8.87,0.7,0.71,0.29,0.3,0.01,0.01,75239.38,1776679507000
1776679509.239,9.239,0.7,0.71,0.29,0.3,0.01,0.01,75239.38,1776679507000
1776679509.582,9.582,0.7,0.71,0.29,0.3,0.01,0.01,75239.38,1776679507000
1776679509.988,9.988,0.7,0.71,0.29,0.3,0.01,0.01,75258.48,1776679508000
1776679510.334,10.334,0.72,0.73,0.27,0.3,0.01,0.03,75258.48,1776679508000
1776679510.67,10.67,0.72,0.73,0.27,0.28,0.01,0.01,75260.0,1776679509000
1776679511.011,11.011,0.72,0.73,0.27,0.3,0.01,0.03,75260.0,1776679509000
1776679511.369,11.369,0.72,0.73,0.27,0.28,0.01,0.01,75260.0,1776679509000
1776679511.702,11.702,0.72,0.73,0.27,0.28,0.01,0.01,75263.68,1776679510000
1776679512.114,12.114,0.72,0.73,0.27,0.28,0.01,0.01,75263.68,1776679510000
1776679512.499,12.499,0.73,0.74,0.26,0.27,0.01,0.01,75263.68,1776679510000
1776679512.879,12.879,0.73,0.74,0.26,0.27,0.01,0.01,75268.66,1776679511000
1776679513.223,13.223,0.73,0.74,0.26,0.27,0.01,0.01,75268.66,1776679512000
1776679513.58,13.58,0.73,0.74,0.26,0.27,0.01,0.01,75268.66,1776679512000
1776679514.005,14.005,0.75,0.76,0.24,0.25,0.01,0.01,75268.66,1776679512000
1776679514.48,14.48,0.75,0.76,0.24,0.25,0.01,0.01,75269.7,1776679513000
1776679514.876,14.876,0.75,0.76,0.24,0.25,0.01,0.01,75269.7,1776679513000
1776679515.269,15.269,0.75,0.76,0.24,0.25,0.01,0.01,75270.34,1776679514000
1776679515.608,15.608,0.75,0.76,0.24,0.25,0.01,0.01,75270.34,1776679514000
1776679515.954,15.954,0.75,0.76,0.24,0.25,0.01,0.01,75270.34,1776679514000
1776679516.5,16.5,0.75,0.76,0.24,0.25,0.01,0.01,75274.64,1776679515000
1776679516.851,16.851,0.72,0.74,0.26,0.27,0.02,0.01,75274.64,1776679515000
1776679517.192,17.192,0.71,0.72,0.28,0.3,0.01,0.02,75275.34,1776679516000
1776679517.526,17.526,0.7,0.71,0.29,0.3,0.01,0.01,75275.34,1776679516000
1776679517.867,17.867,0.7,0.71,0.29,0.3,0.01,0.01,75275.34,1776679516000
1776679518.205,18.205,0.7,0.71,0.29,0.3,0.01,0.01,75275.34,1776679516000
1776679518.639,18.639,0.72,0.73,0.27,0.28,0.01,0.01,75275.97,1776679517000
1776679519.332,19.332,0.73,0.74,0.26,0.27,0.01,0.01,75271.28,1776679518000
1776679519.681,19.681,0.72,0.73,0.27,0.28,0.01,0.01,75271.28,1776679518000
1776679520.186,20.186,0.72,0.73,0.27,0.28,0.01,0.01,75271.28,1776679518000
1776679520.529,20.529,0.73,0.74,0.26,0.27,0.01,0.01,75271.28,1776679518000
1776679520.962,20.962,0.71,0.74,0.26,0.29,0.03,0.03,75272.1,1776679520000
1776679521.534,21.534,0.72,0.73,0.27,0.28,0.01,0.01,75272.1,1776679520000
1776679522.002,22.002,0.72,0.73,0.27,0.28,0.01,0.01,75273.03,1776679521000
1776679522.371,22.371,0.72,0.74,0.27,0.28,0.02,0.01,75273.03,1776679521000
1776679522.861,22.861,0.73,0.74,0.26,0.27,0.01,0.01,75273.03,1776679521000
1776679523.234,23.234,0.73,0.74,0.26,0.27,0.01,0.01,75272.15,1776679522000
1776679523.737,23.737,0.73,0.74,0.26,0.27,0.01,0.01,75272.15,1776679522000
1776679524.256,24.256,0.73,0.74,0.26,0.27,0.01,0.01,75271.63,1776679523000
1776679524.592,24.592,0.73,0.74,0.26,0.27,0.01,0.01,75271.63,1776679523000
1776679524.932,24.932,0.73,0.74,0.26,0.27,0.01,0.01,75271.63,1776679523000
1776679525.285,25.285,0.74,0.75,0.25,0.27,0.01,0.02,75271.63,1776679523000
1776679525.94,25.94,0.74,0.75,0.25,0.26,0.01,0.01,75274.55,1776679525000
1776679526.349,26.349,0.74,0.75,0.25,0.26,0.01,0.01,75274.55,1776679525000
1776679526.944,26.944,0.74,0.75,0.25,0.26,0.01,0.01,75274.55,1776679525000
1776679527.36,27.36,0.74,0.75,0.25,0.26,0.01,0.01,75274.66,1776679526000
1776679527.752,27.752,0.74,0.75,0.25,0.26,0.01,0.01,75274.66,1776679526000
1776679528.133,28.133,0.74,0.75,0.25,0.26,0.01,0.01,75274.66,1776679526000
1776679528.744,28.744,0.74,0.75,0.25,0.26,0.01,0.01,75275.29,1776679527000
1776679529.138,29.138,0.74,0.75,0.25,0.26,0.01,0.01,75275.29,1776679527000
1776679529.538,29.538,0.74,0.75,0.25,0.26,0.01,0.01,75275.29,1776679527000
1776679529.926,29.926,0.74,0.75,0.25,0.26,0.01,0.01,75276.78,1776679528000
1776679530.501,30.501,0.74,0.75,0.25,0.26,0.01,0.01,75279.64,1776679529000
1776679530.872,30.872,0.74,0.75,0.25,0.26,0.01,0.01,75279.64,1776679529000
1776679531.281,31.281,0.74,0.75,0.25,0.26,0.01,0.01,75279.0,1776679530000
1776679531.634,31.634,0.74,0.75,0.25,0.26,0.01,0.01,75279.0,1776679530000
1776679532.007,32.007,0.74,0.75,0.25,0.26,0.01,0.01,75279.0,1776679530000
1776679532.354,32.354,0.74,0.75,0.25,0.26,0.01,0.01,75278.66,1776679531000
1776679532.739,32.739,0.74,0.75,0.25,0.26,0.01,0.01,75278.66,1776679531000
1776679533.198,33.198,0.74,0.75,0.25,0.26,0.01,0.01,75278.66,1776679531000
1776679533.608,33.608,0.74,0.75,0.25,0.26,0.01,0.01,75278.43,1776679532000
1776679534.3,34.3,0.74,0.75,0.25,0.26,0.01,0.01,75278.43,1776679532000
1776679534.639,34.639,0.74,0.75,0.25,0.26,0.01,0.01,75277.9,1776679533000
1776679535.294,35.294,0.72,0.73,0.26,0.28,0.01,0.02,75277.9,1776679533000
1776679535.646,35.646,0.72,0.73,0.27,0.28,0.01,0.01,75277.63,1776679534000
1776679535.989,35.989,0.69,0.71,0.28,0.3,0.02,0.02,75277.63,1776679534000
1776679536.344,36.344,0.69,0.7,0.3,0.31,0.01,0.01,75277.14,1776679535000
1776679536.702,36.702,0.69,0.7,0.3,0.31,0.01,0.01,75277.14,1776679535000
1776679537.037,37.037,0.69,0.7,0.3,0.31,0.01,0.01,75277.14,1776679535000
1776679537.497,37.497,0.69,0.7,0.3,0.31,0.01,0.01,75275.78,1776679536000
1776679537.994,37.994,0.69,0.7,0.3,0.31,0.01,0.01,75275.78,1776679536000
1776679538.387,38.387,0.69,0.7,0.3,0.31,0.01,0.01,75275.78,1776679536000
1776679538.795,38.795,0.69,0.7,0.3,0.31,0.01,0.01,75271.99,1776679537000
1776679539.319,39.319,0.69,0.7,0.3,0.31,0.01,0.01,75271.99,1776679537000
1776679539.808,39.808,0.7,0.71,0.29,0.31,0.01,0.02,75271.99,1776679538000
1776679540.141,40.141,0.69,0.71,0.29,0.3,0.02,0.01,75270.68,1776679539000
1776679540.795,40.795,0.69,0.7,0.3,0.31,0.01,0.01,75270.68,1776679539000
1776679541.167,41.167,0.69,0.7,0.3,0.31,0.01,0.01,75270.19,1776679540000
1776679541.594,41.594,0.7,0.71,0.29,0.3,0.01,0.01,75270.19,1776679540000
1776679542.222,42.222,0.72,0.73,0.27,0.29,0.01,0.02,75270.19,1776679540000
1776679542.729,42.729,0.72,0.73,0.27,0.28,0.01,0.01,75271.97,1776679541000
1776679543.185,43.185,0.72,0.73,0.27,0.28,0.01,0.01,75271.97,1776679541000
1776679543.554,43.554,0.72,0.73,0.27,0.28,0.01,0.01,75271.99,1776679542000
1776679543.983,43.983,0.72,0.73,0.27,0.28,0.01,0.01,75272.01,1776679543000
1776679544.368,44.368,0.72,0.73,0.27,0.28,0.01,0.01,75272.01,1776679543000
1776679544.953,44.953,0.72,0.73,0.27,0.28,0.01,0.01,75272.01,1776679543000
1776679545.316,45.316,0.73,0.74,0.26,0.28,0.01,0.02,75274.67,1776679544000
1776679546.169,46.169,0.76,0.77,0.23,0.24,0.01,0.01,75275.08,1776679545000
1776679546.588,46.588,0.77,0.78,0.22,0.23,0.01,0.01,75275.08,1776679545000
1776679546.958,46.958,0.77,0.78,0.22,0.23,0.01,0.01,75275.08,1776679545000
1776679547.301,47.301,0.77,0.78,0.22,0.23,0.01,0.01,75275.08,1776679545000
1776679547.943,47.943,0.77,0.78,0.22,0.23,0.01,0.01,75276.31,1776679546000
1776679548.377,48.377,0.77,0.78,0.22,0.23,0.01,0.01,75278.43,1776679547000
1776679549.01,49.01,0.77,0.78,0.22,0.23,0.01,0.01,75280.38,1776679548000
1776679549.362,49.362,0.77,0.78,0.22,0.23,0.01,0.01,75280.38,1776679548000
1776679550.014,50.014,0.77,0.78,0.22,0.23,0.01,0.01,75280.38,1776679548000
1776679550.419,50.419,0.77,0.78,0.22,0.23,0.01,0.01,75281.2,1776679549000
1776679550.865,50.865,0.77,0.78,0.22,0.23,0.01,0.01,75281.2,1776679549000
1776679551.299,51.299,0.82,0.83,0.17,0.18,0.01,0.01,75281.54,1776679550000
1776679551.659,51.659,0.81,0.83,0.17,0.18,0.02,0.01,75281.54,1776679550000
1776679552.004,52.004,0.81,0.83,0.17,0.19,0.02,0.02,75281.54,1776679550000
1776679552.38,52.38,0.79,0.83,0.17,0.21,0.04,0.04,75282.11,1776679551000
1776679552.732,52.732,0.78,0.79,0.2,0.22,0.01,0.02,75282.11,1776679551000
1776679553.097,53.097,0.74,0.76,0.23,0.26,0.02,0.03,75282.11,1776679551000
1776679553.505,53.505,0.73,0.75,0.25,0.26,0.02,0.01,75284.52,1776679552000
1776679553.845,53.845,0.74,0.75,0.25,0.26,0.01,0.01,75284.52,1776679552000
1776679554.182,54.182,0.74,0.75,0.25,0.27,0.01,0.02,75284.52,1776679552000
1776679554.515,54.515,0.74,0.75,0.25,0.26,0.01,0.01,75284.52,1776679552000
1776679554.954,54.954,0.73,0.74,0.25,0.26,0.01,0.01,75278.05,1776679553000
1776679555.651,55.651,0.74,0.75,0.25,0.27,0.01,0.02,75278.05,1776679554000
1776679555.99,55.99,0.74,0.75,0.25,0.26,0.01,0.01,75278.05,1776679554000
1776679556.324,56.324,0.75,0.76,0.24,0.26,0.01,0.02,75276.06,1776679555000
1776679556.805,56.805,0.77,0.78,0.22,0.25,0.01,0.03,75276.06,1776679555000
1776679557.182,57.182,0.77,0.78,0.22,0.23,0.01,0.01,75276.06,1776679555000
1776679557.604,57.604,0.77,0.78,0.22,0.23,0.01,0.01,75276.1,1776679556000
1776679557.939,57.939,0.8,0.81,0.2,0.23,0.01,0.03,75276.1,1776679556000
1776679558.3,58.3,0.8,0.81,0.19,0.2,0.01,0.01,75279.14,1776679557000
1776679558.703,58.703,0.83,0.84,0.16,0.17,0.01,0.01,75279.14,1776679557000
1776679559.036,59.036,0.83,0.84,0.16,0.17,0.01,0.01,75279.14,1776679557000
1776679559.387,59.387,0.84,0.85,0.15,0.16,0.01,0.01,75280.28,1776679558000
1776679559.93,59.93,0.84,0.85,0.15,0.16,0.01,0.01,75280.28,1776679558000
1776679560.28,60.28,0.84,0.86,0.15,0.16,0.02,0.01,75288.07,1776679559000
1776679560.615,60.615,0.85,0.86,0.14,0.15,0.01,0.01,75288.07,1776679559000
1776679560.951,60.951,0.85,0.86,0.14,0.15,0.01,0.01,75288.07,1776679559000
1776679561.352,61.352,0.86,0.87,0.13,0.14,0.01,0.01,75297.37,1776679560000
1776679561.726,61.726,0.86,0.87,0.13,0.14,0.01,0.01,75297.37,1776679560000
1776679562.115,62.115,0.85,0.86,0.13,0.15,0.01,0.02,75297.37,1776679560000
1776679562.525,62.525,0.85,0.86,0.14,0.15,0.01,0.01,75299.79,1776679561000
1776679562.878,62.878,0.85,0.86,0.14,0.15,0.01,0.01,75299.79,1776679561000
1776679563.22,63.22,0.85,0.86,0.14,0.15,0.01,0.01,75299.79,1776679561000
1776679563.563,63.563,0.85,0.86,0.14,0.15,0.01,0.01,75304.72,1776679562000
1776679563.912,63.912,0.85,0.86,0.14,0.15,0.01,0.01,75304.72,1776679562000
1776679564.563,64.563,0.84,0.86,0.14,0.15,0.02,0.01,75302.05,1776679563000
1776679564.913,64.913,0.84,0.85,0.15,0.16,0.01,0.01,75302.05,1776679563000
1776679565.342,65.342,0.84,0.85,0.15,0.16,0.01,0.01,75302.56,1776679564000
1776679565.935,65.935,0.84,0.85,0.15,0.16,0.01,0.01,75302.56,1776679564000
1776679566.271,66.271,0.84,0.86,0.14,0.16,0.02,0.02,75301.63,1776679565000
1776679567.118,67.118,0.86,0.87,0.13,0.14,0.01,0.01,75301.63,1776679565000
1776679567.462,67.462,0.87,0.88,0.12,0.13,0.01,0.01,75302.66,1776679566000
1776679567.818,67.818,0.87,0.88,0.12,0.13,0.01,0.01,75302.66,1776679566000
1776679568.158,68.158,0.85,0.87,0.13,0.15,0.02,0.02,75302.78,1776679567000
1776679568.496,68.496,0.85,0.86,0.14,0.15,0.01,0.01,75302.78,1776679567000
1776679568.83,68.83,0.85,0.87,0.14,0.15,0.02,0.01,75302.78,1776679567000
1776679569.522,69.522,0.86,0.87,0.13,0.14,0.01,0.01,75304.3,1776679568000
1776679570.031,70.031,0.86,0.87,0.13,0.14,0.01,0.01,75305.18,1776679569000
1776679570.38,70.38,0.86,0.87,0.13,0.14,0.01,0.01,75305.18,1776679569000
1776679570.774,70.774,0.86,0.87,0.13,0.14,0.01,0.01,75305.18,1776679569000
1776679571.259,71.259,0.86,0.87,0.13,0.14,0.01,0.01,75305.66,1776679570000
1776679571.594,71.594,0.86,0.87,0.13,0.14,0.01,0.01,75305.66,1776679570000
1776679571.967,71.967,0.86,0.87,0.13,0.14,0.01,0.01,75305.66,1776679570000
1776679572.326,72.326,0.86,0.87,0.13,0.14,0.01,0.01,75305.85,1776679571000
1776679572.769,72.769,0.86,0.87,0.13,0.14,0.01,0.01,75305.85,1776679571000
1776679573.112,73.112,0.86,0.87,0.13,0.14,0.01,0.01,75305.85,1776679571000
1776679573.663,73.663,0.86,0.87,0.13,0.14,0.01,0.01,75306.0,1776679572000
1776679574.002,74.002,0.86,0.87,0.13,0.14,0.01,0.01,75306.0,1776679572000
1776679574.372,74.372,0.86,0.87,0.13,0.14,0.01,0.01,75306.02,1776679573000
1776679574.822,74.822,0.87,0.88,0.12,0.13,0.01,0.01,75306.02,1776679573000
1776679575.688,75.688,0.87,0.88,0.12,0.13,0.01,0.01,75306.1,1776679574000
1776679576.065,76.065,0.87,0.88,0.12,0.13,0.01,0.01,75306.1,1776679574000
1776679576.456,76.456,0.87,0.88,0.12,0.13,0.01,0.01,75306.32,1776679575000
1776679577.018,77.018,0.87,0.88,0.12,0.13,0.01,0.01,75306.32,1776679575000
1776679577.748,77.748,0.87,0.88,0.12,0.13,0.01,0.01,75306.45,1776679576000
1776679578.111,78.111,0.89,0.9,0.1,0.11,0.01,0.01,75307.44,1776679577000
1776679578.476,78.476,0.89,0.9,0.09,0.11,0.01,0.02,75307.44,1776679577000
1776679578.81,78.81,0.89,0.91,0.1,0.11,0.02,0.01,75307.44,1776679577000
1776679579.157,79.157,0.9,0.91,0.09,0.1,0.01,0.01,75307.6,1776679578000
1776679579.52,79.52,0.9,0.91,0.09,0.1,0.01,0.01,75307.6,1776679578000
1776679579.872,79.872,0.9,0.91,0.09,0.1,0.01,0.01,75307.6,1776679578000
1776679580.24,80.24,0.9,0.91,0.09,0.1,0.01,0.01,75311.95,1776679579000
1776679580.658,80.658,0.87,0.88,0.12,0.13,0.01,0.01,75311.95,1776679579000
1776679581.327,81.327,0.87,0.88,0.12,0.13,0.01,0.01,75311.95,1776679579000
1776679581.708,81.708,0.87,0.88,0.12,0.13,0.01,0.01,75315.91,1776679580000
1776679582.045,82.045,0.87,0.88,0.12,0.13,0.01,0.01,75315.95,1776679581000
1776679582.492,82.492,0.87,0.88,0.12,0.13,0.01,0.01,75315.95,1776679581000
1776679583.027,83.027,0.87,0.89,0.12,0.13,0.02,0.01,75315.95,1776679581000
1776679583.411,83.411,0.88,0.89,0.11,0.12,0.01,0.01,75315.95,1776679581000
1776679583.892,83.892,0.88,0.89,0.11,0.12,0.01,0.01,75313.93,1776679582000
1776679584.315,84.315,0.88,0.89,0.11,0.12,0.01,0.01,75312.66,1776679583000
1776679584.707,84.707,0.89,0.9,0.1,0.12,0.01,0.02,75312.66,1776679583000
1776679585.441,85.441,0.89,0.9,0.1,0.11,0.01,0.01,75311.4,1776679584000
1776679585.865,85.865,0.89,0.9,0.1,0.11,0.01,0.01,75311.4,1776679584000
1776679587.536,87.536,0.89,0.9,0.1,0.11,0.01,0.01,75311.61,1776679586000
1776679588.092,88.092,0.89,0.9,0.1,0.11,0.01,0.01,75311.61,1776679586000
1776679588.448,88.448,0.85,0.88,0.12,0.15,0.03,0.03,75309.78,1776679587000
1776679588.926,88.926,0.86,0.88,0.12,0.15,0.02,0.03,75309.78,1776679587000
1776679589.284,89.284,0.86,0.87,0.13,0.14,0.01,0.01,75309.78,1776679587000
1776679589.64,89.64,0.86,0.87,0.13,0.14,0.01,0.01,75309.78,1776679587000
1776679590.008,90.008,0.86,0.87,0.13,0.14,0.01,0.01,75302.84,1776679588000
1776679590.359,90.359,0.83,0.86,0.14,0.17,0.03,0.03,75302.84,1776679588000
1776679590.706,90.706,0.83,0.86,0.14,0.17,0.03,0.03,75303.07,1776679589000
1776679591.141,91.141,0.79,0.8,0.2,0.21,0.01,0.01,75303.07,1776679589000
1776679591.493,91.493,0.78,0.8,0.2,0.22,0.02,0.02,75303.07,1776679589000
1776679591.849,91.849,0.78,0.79,0.21,0.22,0.01,0.01,75302.99,1776679590000
1776679592.197,92.197,0.78,0.79,0.21,0.22,0.01,0.01,75302.99,1776679590000
1776679592.616,92.616,0.78,0.79,0.21,0.22,0.01,0.01,75292.16,1776679591000
1776679592.952,92.952,0.74,0.76,0.24,0.27,0.02,0.03,75292.16,1776679591000
1776679593.407,93.407,0.74,0.75,0.25,0.26,0.01,0.01,75285.16,1776679592000
1776679593.772,93.772,0.73,0.75,0.25,0.26,0.02,0.01,75285.16,1776679592000
1776679594.129,94.129,0.74,0.75,0.25,0.26,0.01,0.01,75285.16,1776679592000
1776679594.599,94.599,0.74,0.75,0.25,0.26,0.01,0.01,75285.16,1776679592000
1776679594.933,94.933,0.74,0.75,0.24,0.26,0.01,0.02,75278.82,1776679593000
1776679595.326,95.326,0.75,0.76,0.24,0.25,0.01,0.01,75275.69,1776679594000
1776679596.031,96.031,0.75,0.76,0.24,0.25,0.01,0.01,75275.69,1776679594000
1776679596.406,96.406,0.71,0.72,0.28,0.29,0.01,0.01,75275.69,1776679594000
1776679596.792,96.792,0.71,0.72,0.28,0.29,0.01,0.01,75272.57,1776679595000
1776679597.15,97.15,0.71,0.72,0.28,0.29,0.01,0.01,75272.57,1776679595000
1776679597.668,97.668,0.71,0.72,0.28,0.29,0.01,0.01,75272.57,1776679595000
1776679598.044,98.044,0.71,0.72,0.28,0.29,0.01,0.01,75268.12,1776679596000
1776679598.38,98.38,0.71,0.72,0.28,0.29,0.01,0.01,75268.12,1776679596000
1776679598.726,98.726,0.71,0.73,0.28,0.29,0.02,0.01,75268.12,1776679596000
1776679599.221,99.221,0.72,0.73,0.27,0.28,0.01,0.01,75263.3,1776679597000
1776679599.683,99.683,0.72,0.73,0.27,0.28,0.01,0.01,75263.3,1776679597000
1776679600.309,100.309,0.72,0.73,0.27,0.28,0.01,0.01,75263.2,1776679598000
1776679600.643,100.643,0.72,0.73,0.27,0.28,0.01,0.01,75263.08,1776679599000
1776679601.209,101.209,0.7,0.71,0.27,0.28,0.01,0.01,75263.08,1776679599000
1776679601.552,101.552,0.67,0.68,0.32,0.33,0.01,0.01,75263.71,1776679600000
1776679602.032,102.032,0.66,0.67,0.32,0.34,0.01,0.02,75263.71,1776679600000
1776679602.529,102.529,0.65,0.66,0.33,0.34,0.01,0.01,75263.71,1776679600000
1776679602.898,102.898,0.65,0.66,0.34,0.35,0.01,0.01,75265.38,1776679601000
1776679603.232,103.232,0.65,0.66,0.34,0.35,0.01,0.01,75265.38,1776679601000
1776679603.78,103.78,0.65,0.66,0.34,0.35,0.01,0.01,75259.16,1776679602000
1776679604.2,104.2,0.65,0.66,0.34,0.35,0.01,0.01,75256.37,1776679603000
1776679604.634,104.634,0.65,0.66,0.34,0.35,0.01,0.01,75256.37,1776679603000
1776679604.988,104.988,0.65,0.66,0.34,0.35,0.01,0.01,75256.37,1776679603000
1776679605.518,105.518,0.65,0.66,0.34,0.35,0.01,0.01,75256.37,1776679603000
1776679605.997,105.997,0.65,0.66,0.34,0.36,0.01,0.02,75251.7,1776679604000
1776679606.35,106.35,0.65,0.66,0.34,0.35,0.01,0.01,75251.7,1776679604000
1776679607.0,107.0,0.65,0.66,0.34,0.35,0.01,0.01,75251.39,1776679605000
1776679607.364,107.364,0.65,0.66,0.34,0.35,0.01,0.01,75251.37,1776679606000
1776679607.863,107.863,0.65,0.66,0.34,0.35,0.01,0.01,75251.37,1776679606000
1776679608.203,108.203,0.65,0.66,0.34,0.35,0.01,0.01,75251.37,1776679606000
1776679608.55,108.55,0.65,0.66,0.34,0.35,0.01,0.01,75251.37,1776679606000
1776679609.169,109.169,0.65,0.66,0.34,0.35,0.01,0.01,75251.37,1776679607000
1776679609.537,109.537,0.65,0.66,0.34,0.35,0.01,0.01,75251.37,1776679607000
1776679610.155,110.155,0.65,0.67,0.34,0.35,0.02,0.01,75251.05,1776679608000
1776679610.697,110.697,0.67,0.68,0.31,0.34,0.01,0.03,75254.41,1776679609000
1776679611.065,111.065,0.68,0.69,0.31,0.33,0.01,0.02,75254.41,1776679609000
1776679611.823,111.823,0.68,0.69,0.31,0.32,0.01,0.01,75254.41,1776679609000
1776679612.306,112.306,0.68,0.69,0.31,0.32,0.01,0.01,75254.53,1776679610000
1776679612.696,112.696,0.68,0.69,0.31,0.32,0.01,0.01,75255.03,1776679611000
1776679613.038,113.038,0.68,0.69,0.31,0.32,0.01,0.01,75255.03,1776679611000
1776679613.473,113.473,0.68,0.69,0.31,0.32,0.01,0.01,75257.05,1776679612000
1776679613.806,113.806,0.68,0.69,0.31,0.32,0.01,0.01,75257.05,1776679612000
1776679614.167,114.167,0.68,0.69,0.31,0.32,0.01,0.01,75257.05,1776679612000
1776679614.689,114.689,0.68,0.69,0.31,0.32,0.01,0.01,75257.05,1776679613000
1776679615.101,115.101,0.68,0.69,0.31,0.32,0.01,0.01,75257.05,1776679613000
1776679615.969,115.969,0.68,0.69,0.31,0.32,0.01,0.01,75257.05,1776679613000
1776679616.413,116.413,0.68,0.69,0.31,0.32,0.01,0.01,75257.04,1776679614000
1776679616.87,116.87,0.68,0.69,0.31,0.32,0.01,0.01,75256.64,1776679615000
1776679617.828,117.828,0.68,0.69,0.31,0.32,0.01,0.01,75256.25,1776679616000
1776679618.404,118.404,0.68,0.69,0.31,0.32,0.01,0.01,75256.36,1776679617000
1776679618.914,118.914,0.67,0.68,0.32,0.33,0.01,0.01,75256.36,1776679618000
1776679619.551,119.551,0.67,0.68,0.32,0.33,0.01,0.01,75256.36,1776679618000
1776679619.909,119.909,0.67,0.68,0.32,0.33,0.01,0.01,75256.24,1776679619000
1776679620.676,120.676,0.67,0.68,0.32,0.33,0.01,0.01,75256.24,1776679619000
1776679621.01,121.01,0.67,0.68,0.32,0.33,0.01,0.01,75256.24,1776679619000
1776679622.012,122.012,0.67,0.68,0.32,0.33,0.01,0.01,75252.2,1776679621000
1776679622.714,122.714,0.67,0.68,0.32,0.33,0.01,0.01,75252.2,1776679621000
1776679623.098,123.098,0.67,0.68,0.32,0.33,0.01,0.01,75252.18,1776679622000
1776679623.573,123.573,0.67,0.68,0.32,0.33,0.01,0.01,75252.18,1776679622000
1776679624.252,124.252,0.68,0.69,0.31,0.32,0.01,0.01,75252.18,1776679622000
1776679624.629,124.629,0.68,0.7,0.31,0.32,0.02,0.01,75256.13,1776679623000
1776679625.39,125.39,0.72,0.73,0.27,0.28,0.01,0.01,75256.13,1776679623000
1776679625.756,125.756,0.72,0.73,0.27,0.28,0.01,0.01,75252.22,1776679624000
1776679626.61,126.61,0.72,0.73,0.27,0.28,0.01,0.01,75252.22,1776679625000
1776679626.97,126.97,0.72,0.73,0.27,0.28,0.01,0.01,75252.22,1776679625000
1776679627.674,127.674,0.72,0.73,0.27,0.28,0.01,0.01,75257.4,1776679626000
1776679628.072,128.072,0.73,0.74,0.26,0.27,0.01,0.01,75257.4,1776679626000
1776679628.424,128.424,0.73,0.74,0.26,0.27,0.01,0.01,75257.7,1776679627000
1776679628.78,128.78,0.73,0.74,0.26,0.27,0.01,0.01,75257.7,1776679627000
1776679629.156,129.156,0.73,0.74,0.26,0.27,0.01,0.01,75257.7,1776679627000
1776679629.578,129.578,0.73,0.74,0.26,0.27,0.01,0.01,75258.52,1776679628000
1776679629.92,129.92,0.73,0.74,0.26,0.27,0.01,0.01,75258.52,1776679628000
1776679630.355,130.355,0.73,0.74,0.26,0.27,0.01,0.01,75260.5,1776679629000
1776679630.919,130.919,0.73,0.74,0.26,0.27,0.01,0.01,75260.5,1776679629000
1776679631.346,131.346,0.73,0.74,0.26,0.27,0.01,0.01,75260.5,1776679629000
1776679631.828,131.828,0.73,0.74,0.26,0.27,0.01,0.01,75261.23,1776679630000
1776679632.194,132.194,0.74,0.75,0.25,0.27,0.01,0.02,75261.23,1776679630000
1776679632.539,132.539,0.75,0.76,0.24,0.25,0.01,0.01,75261.24,1776679631000
1776679632.892,132.892,0.76,0.77,0.23,0.24,0.01,0.01,75261.24,1776679631000
1776679633.264,133.264,0.76,0.77,0.23,0.24,0.01,0.01,75261.24,1776679631000
1776679633.915,133.915,0.76,0.77,0.23,0.24,0.01,0.01,75261.25,1776679632000
1776679634.301,134.301,0.76,0.77,0.23,0.24,0.01,0.01,75261.25,1776679632000
1776679634.795,134.795,0.76,0.77,0.23,0.24,0.01,0.01,75261.25,1776679632000
1776679635.332,135.332,0.77,0.78,0.22,0.23,0.01,0.01,75264.38,1776679633000
1776679636.003,136.003,0.77,0.78,0.22,0.23,0.01,0.01,75264.58,1776679634000
1776679636.501,136.501,0.77,0.78,0.22,0.23,0.01,0.01,75268.24,1776679635000
1776679636.924,136.924,0.77,0.78,0.22,0.23,0.01,0.01,75268.24,1776679635000
1776679637.562,137.562,0.77,0.78,0.22,0.23,0.01,0.01,75268.24,1776679635000
1776679637.932,137.932,0.77,0.78,0.22,0.23,0.01,0.01,75266.58,1776679636000
1776679638.452,138.452,0.77,0.78,0.22,0.23,0.01,0.01,75266.58,1776679637000
1776679638.995,138.995,0.77,0.8,0.22,0.23,0.03,0.01,75266.58,1776679637000
1776679639.472,139.472,0.8,0.81,0.19,0.2,0.01,0.01,75266.58,1776679638000
1776679639.934,139.934,0.8,0.81,0.19,0.2,0.01,0.01,75266.58,1776679638000
1776679640.276,140.276,0.8,0.81,0.19,0.2,0.01,0.01,75266.58,1776679638000
1776679640.696,140.696,0.8,0.81,0.19,0.2,0.01,0.01,75267.26,1776679639000
1776679641.045,141.045,0.8,0.81,0.19,0.2,0.01,0.01,75267.26,1776679640000
1776679641.876,141.876,0.8,0.81,0.19,0.2,0.01,0.01,75267.26,1776679640000
1776679642.5,142.5,0.8,0.81,0.19,0.2,0.01,0.01,75270.36,1776679641000
1776679642.834,142.834,0.8,0.81,0.19,0.2,0.01,0.01,75270.36,1776679641000
1776679643.195,143.195,0.8,0.81,0.19,0.2,0.01,0.01,75268.76,1776679642000
1776679643.589,143.589,0.8,0.81,0.19,0.2,0.01,0.01,75268.76,1776679642000
1776679644.098,144.098,0.81,0.82,0.17,0.19,0.01,0.02,75268.76,1776679642000
1776679644.51,144.51,0.81,0.82,0.18,0.19,0.01,0.01,75268.76,1776679642000
1776679644.86,144.86,0.83,0.85,0.17,0.19,0.02,0.02,75268.76,1776679643000
1776679645.236,145.236,0.84,0.85,0.15,0.16,0.01,0.01,75268.76,1776679643000
1776679645.606,145.606,0.84,0.85,0.15,0.16,0.01,0.01,75268.76,1776679644000
1776679646.063,146.063,0.84,0.85,0.15,0.16,0.01,0.01,75268.76,1776679644000
1776679646.69,146.69,0.84,0.85,0.15,0.16,0.01,0.01,75270.22,1776679645000
1776679647.698,147.698,0.84,0.85,0.15,0.16,0.01,0.01,75278.72,1776679646000
1776679648.175,148.175,0.84,0.85,0.15,0.16,0.01,0.01,75278.72,1776679646000
1776679648.524,148.524,0.84,0.85,0.15,0.16,0.01,0.01,75278.7,1776679647000
1776679648.918,148.918,0.84,0.85,0.15,0.16,0.01,0.01,75278.7,1776679647000
1776679649.317,149.317,0.84,0.85,0.15,0.16,0.01,0.01,75278.7,1776679647000
1776679649.674,149.674,0.86,0.87,0.13,0.14,0.01,0.01,75278.7,1776679647000
1776679650.033,150.033,0.85,0.86,0.14,0.15,0.01,0.01,75281.5,1776679648000
1776679650.391,150.391,0.87,0.89,0.11,0.13,0.02,0.02,75282.71,1776679649000
1776679650.759,150.759,0.88,0.91,0.11,0.12,0.03,0.01,75282.71,1776679649000
1776679651.134,151.134,0.9,0.92,0.08,0.12,0.02,0.04,75283.59,1776679650000
1776679651.647,151.647,0.9,0.92,0.08,0.1,0.02,0.02,75283.59,1776679650000
1776679651.992,151.992,0.9,0.91,0.09,0.1,0.01,0.01,75285.62,1776679651000
1776679652.352,152.352,0.91,0.92,0.08,0.1,0.01,0.02,75285.62,1776679651000
1776679652.818,152.818,0.91,0.93,0.08,0.09,0.02,0.01,75285.62,1776679651000
1776679653.264,153.264,0.92,0.93,0.07,0.08,0.01,0.01,75292.7,1776679652000
1776679653.601,153.601,0.92,0.93,0.07,0.08,0.01,0.01,75292.7,1776679652000
1776679654.238,154.238,0.92,0.93,0.07,0.08,0.01,0.01,75300.52,1776679653000
1776679654.624,154.624,0.92,0.93,0.07,0.08,0.01,0.01,75300.52,1776679653000
1776679654.988,154.988,0.92,0.93,0.07,0.08,0.01,0.01,75300.52,1776679653000
1776679655.374,155.374,0.92,0.93,0.07,0.08,0.01,0.01,75302.29,1776679654000
1776679656.294,156.294,0.92,0.93,0.07,0.08,0.01,0.01,75302.69,1776679655000
1776679656.631,156.631,0.92,0.93,0.07,0.08,0.01,0.01,75302.69,1776679655000
1776679656.988,156.988,0.92,0.93,0.07,0.08,0.01,0.01,75302.69,1776679655000
1776679657.363,157.363,0.92,0.93,0.07,0.08,0.01,0.01,75301.51,1776679656000
1776679657.712,157.712,0.91,0.92,0.08,0.09,0.01,0.01,75301.51,1776679656000
1776679658.152,158.152,0.91,0.92,0.08,0.09,0.01,0.01,75301.51,1776679656000
1776679658.728,158.728,0.91,0.92,0.08,0.09,0.01,0.01,75301.51,1776679657000
1776679659.084,159.084,0.89,0.9,0.1,0.11,0.01,0.01,75301.51,1776679657000
1776679659.627,159.627,0.89,0.9,0.1,0.11,0.01,0.01,75301.13,1776679658000
1776679660.099,160.099,0.89,0.9,0.1,0.11,0.01,0.01,75301.13,1776679658000
1776679660.465,160.465,0.89,0.9,0.1,0.11,0.01,0.01,75298.24,1776679659000
1776679660.988,160.988,0.89,0.9,0.1,0.11,0.01,0.01,75297.41,1776679660000
1776679661.449,161.449,0.89,0.9,0.1,0.11,0.01,0.01,75297.41,1776679660000
1776679662.126,162.126,0.89,0.9,0.1,0.11,0.01,0.01,75294.71,1776679661000
1776679662.753,162.753,0.89,0.9,0.1,0.11,0.01,0.01,75294.71,1776679661000
1776679663.432,163.432,0.89,0.9,0.1,0.11,0.01,0.01,75294.71,1776679661000
1776679663.861,163.861,0.89,0.9,0.1,0.11,0.01,0.01,75295.1,1776679662000
1776679665.055,165.055,0.89,0.9,0.1,0.11,0.01,0.01,75295.1,1776679663000
1776679665.444,165.444,0.89,0.9,0.1,0.11,0.01,0.01,75295.55,1776679664000
1776679665.827,165.827,0.89,0.91,0.1,0.11,0.02,0.01,75295.55,1776679664000
1776679666.282,166.282,0.89,0.91,0.09,0.11,0.02,0.02,75295.55,1776679665000
1776679666.77,166.77,0.9,0.91,0.09,0.1,0.01,0.01,75295.55,1776679665000
1776679667.172,167.172,0.9,0.91,0.09,0.1,0.01,0.01,75295.65,1776679666000
1776679667.52,167.52,0.9,0.91,0.09,0.1,0.01,0.01,75295.65,1776679666000
1776679668.448,168.448,0.9,0.91,0.09,0.1,0.01,0.01,75295.66,1776679667000
1776679668.952,168.952,0.9,0.91,0.09,0.1,0.01,0.01,75295.66,1776679667000
1776679669.751,169.751,0.92,0.93,0.08,0.09,0.01,0.01,75295.41,1776679668000
1776679670.278,170.278,0.92,0.93,0.07,0.08,0.01,0.01,75295.41,1776679668000
1776679671.071,171.071,0.92,0.93,0.07,0.08,0.01,0.01,75294.75,1776679670000
1776679671.703,171.703,0.92,0.93,0.07,0.08,0.01,0.01,75294.75,1776679670000
1776679672.27,172.27,0.92,0.93,0.07,0.08,0.01,0.01,75298.22,1776679671000
1776679673.415,173.415,0.92,0.93,0.07,0.08,0.01,0.01,75298.35,1776679672000
1776679673.974,173.974,0.92,0.93,0.07,0.08,0.01,0.01,75298.35,1776679672000
1776679674.354,174.354,0.92,0.93,0.07,0.08,0.01,0.01,75298.34,1776679673000
1776679675.269,175.269,0.92,0.93,0.07,0.08,0.01,0.01,75297.34,1776679674000
1776679675.611,175.611,0.92,0.93,0.07,0.08,0.01,0.01,75297.34,1776679674000
1776679675.973,175.973,0.91,0.93,0.07,0.08,0.02,0.01,75297.34,1776679674000
1776679676.322,176.322,0.91,0.92,0.08,0.09,0.01,0.01,75297.34,1776679674000
1776679676.719,176.719,0.91,0.92,0.08,0.09,0.01,0.01,75294.16,1776679675000
1776679677.065,177.065,0.9,0.91,0.09,0.1,0.01,0.01,75292.54,1776679676000
1776679677.431,177.431,0.9,0.92,0.09,0.1,0.02,0.01,75292.54,1776679676000
1776679677.924,177.924,0.91,0.92,0.08,0.09,0.01,0.01,75292.54,1776679676000
1776679678.78,178.78,0.91,0.92,0.08,0.09,0.01,0.01,75291.06,1776679677000
1776679679.335,179.335,0.91,0.92,0.08,0.09,0.01,0.01,75291.25,1776679678000
1776679679.878,179.878,0.91,0.92,0.08,0.09,0.01,0.01,75291.25,1776679678000
1776679680.377,180.377,0.91,0.92,0.08,0.09,0.01,0.01,75291.25,1776679678000
1776679680.965,180.965,0.91,0.92,0.08,0.09,0.01,0.01,75293.93,1776679679000
1776679681.485,181.485,0.91,0.92,0.08,0.09,0.01,0.01,75291.78,1776679680000
1776679682.025,182.025,0.91,0.92,0.08,0.09,0.01,0.01,75291.78,1776679680000
1776679682.64,182.64,0.91,0.92,0.08,0.09,0.01,0.01,75290.5,1776679681000
1776679683.043,183.043,0.91,0.92,0.08,0.09,0.01,0.01,75290.5,1776679681000
1776679683.382,183.382,0.9,0.92,0.08,0.09,0.02,0.01,75289.85,1776679682000
1776679683.716,183.716,0.9,0.92,0.08,0.1,0.02,0.02,75289.85,1776679682000
1776679684.092,184.092,0.9,0.92,0.08,0.1,0.02,0.02,75284.82,1776679683000
1776679684.547,184.547,0.91,0.92,0.08,0.09,0.01,0.01,75284.82,1776679683000
1776679684.954,184.954,0.91,0.92,0.08,0.09,0.01,0.01,75284.82,1776679683000
1776679685.29,185.29,0.9,0.92,0.08,0.1,0.02,0.02,75281.19,1776679684000
1776679685.625,185.625,0.89,0.92,0.08,0.1,0.03,0.02,75281.19,1776679684000
1776679685.961,185.961,0.9,0.91,0.09,0.1,0.01,0.01,75281.19,1776679684000
1776679686.307,186.307,0.9,0.91,0.09,0.1,0.01,0.01,75283.04,1776679685000
1776679687.005,187.005,0.9,0.91,0.09,0.1,0.01,0.01,75283.04,1776679685000
1776679687.34,187.34,0.9,0.91,0.09,0.1,0.01,0.01,75284.84,1776679686000
1776679687.817,187.817,0.9,0.92,0.09,0.1,0.02,0.01,75284.84,1776679686000
1776679688.391,188.391,0.9,0.92,0.08,0.1,0.02,0.02,75286.92,1776679687000
1776679689.011,189.011,0.9,0.92,0.08,0.1,0.02,0.02,75287.03,1776679688000
1776679689.345,189.345,0.91,0.92,0.08,0.1,0.01,0.02,75287.03,1776679688000
1776679689.971,189.971,0.91,0.92,0.08,0.09,0.01,0.01,75290.36,1776679689000
1776679690.328,190.328,0.9,0.92,0.08,0.09,0.02,0.01,75290.36,1776679689000
1776679690.787,190.787,0.9,0.92,0.08,0.1,0.02,0.02,75290.36,1776679689000
1776679691.646,191.646,0.91,0.92,0.08,0.1,0.01,0.02,75290.63,1776679690000
1776679692.502,192.502,0.91,0.93,0.07,0.09,0.02,0.02,75290.63,1776679690000
1776679692.938,192.938,0.91,0.93,0.07,0.09,0.02,0.02,75304.29,1776679691000
1776679693.275,193.275,0.91,0.94,0.07,0.09,0.03,0.02,75304.29,1776679691000
1776679693.872,193.872,0.93,0.94,0.06,0.09,0.01,0.03,75316.07,1776679692000
1776679694.215,194.215,0.93,0.94,0.06,0.07,0.01,0.01,75320.3,1776679693000
1776679694.886,194.886,0.93,0.95,0.05,0.07,0.02,0.02,75320.3,1776679693000
1776679695.268,195.268,0.93,0.95,0.05,0.07,0.02,0.02,75320.3,1776679693000
1776679695.679,195.679,0.93,0.94,0.05,0.06,0.01,0.01,75316.81,1776679694000
1776679696.026,196.026,0.94,0.95,0.05,0.06,0.01,0.01,75316.81,1776679694000
1776679696.365,196.365,0.94,0.95,0.05,0.06,0.01,0.01,75312.07,1776679695000
1776679696.721,196.721,0.94,0.95,0.05,0.06,0.01,0.01,75312.07,1776679695000
1776679697.146,197.146,0.94,0.95,0.05,0.06,0.01,0.01,75312.07,1776679695000
1776679697.572,197.572,0.94,0.95,0.05,0.06,0.01,0.01,75304.32,1776679696000
1776679698.084,198.084,0.94,0.95,0.05,0.06,0.01,0.01,75304.32,1776679696000
1776679698.498,198.498,0.94,0.95,0.05,0.06,0.01,0.01,75304.32,1776679696000
1776679698.852,198.852,0.94,0.95,0.05,0.06,0.01,0.01,75300.75,1776679697000
1776679699.374,199.374,0.94,0.95,0.05,0.06,0.01,0.01,75299.09,1776679698000
1776679699.838,199.838,0.94,0.95,0.05,0.06,0.01,0.01,75299.09,1776679698000
1776679700.289,200.289,0.94,0.95,0.05,0.06,0.01,0.01,75298.87,1776679699000
1776679700.738,200.738,0.94,0.95,0.05,0.06,0.01,0.01,75298.87,1776679699000
1776679701.081,201.081,0.94,0.95,0.05,0.06,0.01,0.01,75298.87,1776679699000
1776679701.43,201.43,0.94,0.95,0.05,0.07,0.01,0.02,75298.53,1776679700000
1776679701.775,201.775,0.94,0.95,0.05,0.06,0.01,0.01,75298.53,1776679700000
1776679702.221,202.221,0.94,0.95,0.05,0.06,0.01,0.01,75298.53,1776679700000
1776679702.606,202.606,0.94,0.95,0.05,0.06,0.01,0.01,75298.54,1776679701000
1776679703.066,203.066,0.94,0.95,0.05,0.06,0.01,0.01,75298.54,1776679702000
1776679703.439,203.439,0.94,0.95,0.05,0.06,0.01,0.01,75298.54,1776679702000
1776679703.784,203.784,0.94,0.95,0.05,0.06,0.01,0.01,75298.54,1776679702000
1776679704.25,204.25,0.94,0.95,0.05,0.06,0.01,0.01,75298.54,1776679702000
1776679704.584,204.584,0.94,0.95,0.05,0.06,0.01,0.01,75298.54,1776679703000
1776679704.996,204.996,0.94,0.95,0.05,0.06,0.01,0.01,75298.54,1776679704000
1776679705.41,205.41,0.95,0.96,0.04,0.06,0.01,0.02,75298.54,1776679704000
1776679706.016,206.016,0.95,0.96,0.04,0.05,0.01,0.01,75298.54,1776679704000
1776679706.365,206.365,0.95,0.96,0.04,0.05,0.01,0.01,75297.86,1776679705000
1776679706.734,206.734,0.95,0.96,0.04,0.05,0.01,0.01,75297.86,1776679705000
1776679707.208,207.208,0.95,0.96,0.04,0.05,0.01,0.01,75299.93,1776679706000
1776679707.638,207.638,0.95,0.96,0.04,0.05,0.01,0.01,75299.93,1776679706000
1776679708.873,208.873,0.95,0.96,0.04,0.05,0.01,0.01,75300.94,1776679707000
1776679709.347,209.347,0.95,0.96,0.04,0.05,0.01,0.01,75300.94,1776679707000
1776679710.162,210.162,0.95,0.96,0.04,0.05,0.01,0.01,75303.27,1776679708000
1776679710.616,210.616,0.95,0.96,0.04,0.05,0.01,0.01,75303.22,1776679709000
1776679711.039,211.039,0.95,0.96,0.04,0.05,0.01,0.01,75303.22,1776679709000
1776679711.378,211.378,0.95,0.96,0.04,0.05,0.01,0.01,75302.25,1776679710000
1776679712.223,212.223,0.96,0.97,0.03,0.04,0.01,0.01,75302.25,1776679711000
1776679712.605,212.605,0.96,0.97,0.03,0.04,0.01,0.01,75302.25,1776679711000
1776679713.144,213.144,0.96,0.97,0.03,0.04,0.01,0.01,75302.25,1776679711000
1776679713.657,213.657,0.96,0.97,0.03,0.04,0.01,0.01,75302.63,1776679712000
1776679714.095,214.095,0.96,0.97,0.03,0.04,0.01,0.01,75302.63,1776679712000
1776679714.541,214.541,0.96,0.97,0.03,0.04,0.01,0.01,75300.3,1776679713000
1776679715.034,215.034,0.96,0.97,0.03,0.04,0.01,0.01,75300.3,1776679713000
1776679715.502,215.502,0.96,0.97,0.03,0.04,0.01,0.01,75301.46,1776679714000
1776679715.9,215.9,0.96,0.97,0.03,0.04,0.01,0.01,75301.46,1776679714000
1776679716.368,216.368,0.96,0.97,0.03,0.04,0.01,0.01,75302.55,1776679715000
1776679716.73,216.73,0.96,0.97,0.03,0.04,0.01,0.01,75302.55,1776679715000
1776679717.214,217.214,0.96,0.97,0.03,0.04,0.01,0.01,75300.31,1776679716000
1776679717.736,217.736,0.96,0.97,0.03,0.04,0.01,0.01,75300.31,1776679716000
1776679718.151,218.151,0.96,0.97,0.03,0.04,0.01,0.01,75300.31,1776679716000
1776679718.657,218.657,0.96,0.97,0.03,0.04,0.01,0.01,75293.36,1776679717000
1776679718.99,218.99,0.96,0.97,0.03,0.04,0.01,0.01,75293.36,1776679717000
1776679719.328,219.328,0.96,0.97,0.03,0.04,0.01,0.01,75292.82,1776679718000
1776679719.98,219.98,0.96,0.97,0.03,0.04,0.01,0.01,75292.82,1776679718000
1776679720.606,220.606,0.96,0.97,0.03,0.04,0.01,0.01,75293.06,1776679719000
1776679721.102,221.102,0.95,0.97,0.03,0.04,0.02,0.01,75293.06,1776679719000
1776679721.521,221.521,0.96,0.97,0.03,0.05,0.01,0.02,75293.06,1776679719000
1776679722.035,222.035,0.95,0.96,0.04,0.05,0.01,0.01,75293.2,1776679720000
1776679722.414,222.414,0.94,0.95,0.05,0.06,0.01,0.01,75292.74,1776679721000
1776679722.77,222.77,0.94,0.95,0.05,0.06,0.01,0.01,75292.74,1776679721000
1776679723.139,223.139,0.94,0.95,0.05,0.06,0.01,0.01,75287.68,1776679722000
1776679723.583,223.583,0.94,0.95,0.05,0.06,0.01,0.01,75287.68,1776679722000
1776679724.163,224.163,0.94,0.95,0.05,0.06,0.01,0.01,75285.41,1776679723000
1776679724.889,224.889,0.94,0.95,0.05,0.06,0.01,0.01,75285.41,1776679723000
1776679725.241,225.241,0.94,0.95,0.05,0.06,0.01,0.01,75283.46,1776679724000
1776679725.973,225.973,0.94,0.95,0.05,0.06,0.01,0.01,75283.46,1776679724000
1776679726.409,226.409,0.93,0.95,0.05,0.07,0.02,0.02,75282.66,1776679725000
1776679726.857,226.857,0.93,0.94,0.06,0.07,0.01,0.01,75282.66,1776679725000
1776679727.263,227.263,0.93,0.94,0.06,0.07,0.01,0.01,75282.8,1776679726000
1776679727.62,227.62,0.93,0.94,0.06,0.07,0.01,0.01,75282.8,1776679726000
1776679728.069,228.069,0.93,0.94,0.06,0.07,0.01,0.01,75282.8,1776679726000
1776679728.558,228.558,0.93,0.94,0.06,0.07,0.01,0.01,75282.24,1776679727000
1776679729.127,229.127,0.94,0.95,0.05,0.06,0.01,0.01,75282.24,1776679727000
1776679729.517,229.517,0.94,0.95,0.05,0.06,0.01,0.01,75278.75,1776679728000
1776679729.944,229.944,0.95,0.96,0.04,0.05,0.01,0.01,75278.75,1776679728000
1776679730.45,230.45,0.95,0.96,0.04,0.05,0.01,0.01,75280.52,1776679729000
1776679730.801,230.801,0.95,0.96,0.04,0.05,0.01,0.01,75280.52,1776679729000
1776679731.245,231.245,0.95,0.96,0.04,0.05,0.01,0.01,75286.89,1776679730000
1776679731.597,231.597,0.95,0.96,0.04,0.05,0.01,0.01,75286.89,1776679730000
1776679731.932,231.932,0.95,0.96,0.04,0.05,0.01,0.01,75286.89,1776679730000
1776679732.391,232.391,0.95,0.96,0.04,0.05,0.01,0.01,75286.84,1776679731000
1776679733.07,233.07,0.94,0.95,0.05,0.06,0.01,0.01,75286.84,1776679731000
1776679733.405,233.405,0.93,0.95,0.05,0.07,0.02,0.02,75286.83,1776679732000
1776679733.801,233.801,0.91,0.92,0.08,0.09,0.01,0.01,75286.83,1776679732000
1776679734.152,234.152,0.9,0.91,0.09,0.1,0.01,0.01,75286.83,1776679732000
1776679734.563,234.563,0.9,0.91,0.09,0.1,0.01,0.01,75286.83,1776679732000
1776679736.313,236.313,0.9,0.91,0.09,0.1,0.01,0.01,75272.78,1776679734000
1776679736.649,236.649,0.9,0.91,0.09,0.1,0.01,0.01,75272.78,1776679734000
1776679737.005,237.005,0.9,0.91,0.07,0.1,0.01,0.03,75272.78,1776679734000
1776679737.393,237.393,0.91,0.92,0.08,0.09,0.01,0.01,75266.26,1776679735000
1776679737.903,237.903,0.91,0.92,0.08,0.09,0.01,0.01,75266.26,1776679735000
1776679738.43,238.43,0.91,0.92,0.08,0.09,0.01,0.01,75270.56,1776679736000
1776679738.847,238.847,0.92,0.93,0.07,0.08,0.01,0.01,75270.56,1776679737000
1776679739.234,239.234,0.92,0.93,0.07,0.08,0.01,0.01,75270.56,1776679737000
1776679739.774,239.774,0.92,0.93,0.07,0.08,0.01,0.01,75271.87,1776679738000
1776679740.312,240.312,0.92,0.93,0.07,0.08,0.01,0.01,75271.87,1776679738000
1776679740.648,240.648,0.91,0.93,0.07,0.08,0.02,0.01,75271.83,1776679739000
1776679741.01,241.01,0.92,0.93,0.07,0.08,0.01,0.01,75271.83,1776679739000
1776679741.387,241.387,0.92,0.93,0.07,0.08,0.01,0.01,75271.92,1776679740000
1776679741.807,241.807,0.92,0.93,0.07,0.08,0.01,0.01,75271.92,1776679740000
1776679742.225,242.225,0.92,0.93,0.07,0.08,0.01,0.01,75271.92,1776679740000
1776679742.741,242.741,0.92,0.93,0.07,0.08,0.01,0.01,75271.92,1776679740000
1776679743.104,243.104,0.92,0.93,0.07,0.08,0.01,0.01,75270.05,1776679741000
1776679743.76,243.76,0.92,0.94,0.07,0.08,0.02,0.01,75270.05,1776679741000
1776679744.224,244.224,0.93,0.94,0.06,0.07,0.01,0.01,75270.4,1776679742000
1776679744.897,244.897,0.93,0.94,0.06,0.07,0.01,0.01,75270.23,1776679743000
1776679745.277,245.277,0.93,0.94,0.06,0.07,0.01,0.01,75270.23,1776679743000
1776679745.685,245.685,0.93,0.94,0.06,0.07,0.01,0.01,75270.23,1776679743000
1776679746.364,246.364,0.93,0.94,0.06,0.07,0.01,0.01,75271.04,1776679744000
1776679746.851,246.851,0.93,0.94,0.06,0.07,0.01,0.01,75271.04,1776679745000
1776679747.206,247.206,0.93,0.94,0.06,0.07,0.01,0.01,75271.04,1776679746000
1776679747.684,247.684,0.93,0.94,0.06,0.07,0.01,0.01,75271.04,1776679746000
1776679748.05,248.05,0.93,0.94,0.06,0.07,0.01,0.01,75271.04,1776679746000
1776679748.394,248.394,0.93,0.94,0.06,0.07,0.01,0.01,75271.04,1776679746000
1776679748.86,248.86,0.94,0.95,0.05,0.06,0.01,0.01,75271.08,1776679747000
1776679749.239,249.239,0.94,0.95,0.05,0.06,0.01,0.01,75271.08,1776679747000
1776679749.582,249.582,0.94,0.96,0.04,0.06,0.02,0.02,75271.16,1776679748000
1776679749.965,249.965,0.95,0.96,0.04,0.05,0.01,0.01,75271.16,1776679748000
1776679750.365,250.365,0.96,0.97,0.03,0.05,0.01,0.02,75271.16,1776679748000
1776679750.815,250.815,0.96,0.97,0.03,0.04,0.01,0.01,75271.42,1776679749000
1776679751.172,251.172,0.96,0.97,0.03,0.04,0.01,0.01,75271.42,1776679749000
1776679751.508,251.508,0.96,0.97,0.03,0.04,0.01,0.01,75272.22,1776679750000
1776679752.522,252.522,0.96,0.97,0.03,0.04,0.01,0.01,75272.22,1776679750000
1776679753.182,253.182,0.96,0.97,0.03,0.04,0.01,0.01,75276.47,1776679751000
1776679753.914,253.914,0.97,0.98,0.02,0.04,0.01,0.02,75276.47,1776679752000
1776679754.263,254.263,0.97,0.98,0.02,0.03,0.01,0.01,75276.47,1776679752000
1776679754.623,254.623,0.97,0.98,0.02,0.03,0.01,0.01,75276.48,1776679753000
1776679754.959,254.959,0.97,0.98,0.02,0.03,0.01,0.01,75276.48,1776679753000
1776679755.322,255.322,0.97,0.98,0.02,0.03,0.01,0.01,75276.97,1776679754000
1776679755.661,255.661,0.98,0.99,0.02,0.03,0.01,0.01,75276.97,1776679754000
1776679755.995,255.995,0.98,0.99,0.01,0.02,0.01,0.01,75286.55,1776679755000
1776679756.329,256.329,0.98,0.99,0.01,0.02,0.01,0.01,75286.55,1776679755000
1776679756.673,256.673,0.98,0.99,0.01,0.02,0.01,0.01,75286.55,1776679755000
1776679757.01,257.01,0.98,0.99,0.01,0.02,0.01,0.01,75286.55,1776679755000
1776679757.346,257.346,0.98,0.99,0.01,0.02,0.01,0.01,75286.55,1776679755000
1776679757.694,257.694,0.98,0.99,0.01,0.02,0.01,0.01,75294.1,1776679756000
1776679758.076,258.076,0.98,0.99,0.01,0.02,0.01,0.01,75294.25,1776679757000
1776679758.414,258.414,0.98,0.99,0.01,0.02,0.01,0.01,75294.25,1776679757000
1776679758.775,258.775,0.99,0.99,0.01,0.02,0.0,0.01,75294.25,1776679757000
1776679759.191,259.191,0.99,0.99,0.01,0.01,0.0,0.0,75294.27,1776679758000
1776679759.606,259.606,0.99,0.99,0.01,0.01,0.0,0.0,75294.27,1776679758000
1776679760.295,260.295,0.99,0.99,0.01,0.01,0.0,0.0,75294.27,1776679758000
1776679760.715,260.715,0.99,0.99,0.01,0.01,0.0,0.0,75294.2,1776679759000
1776679761.321,261.321,0.99,0.99,0.01,0.01,0.0,0.0,75293.97,1776679760000
1776679762.081,262.081,0.99,0.99,0.01,0.01,0.0,0.0,75293.97,1776679760000
1776679762.633,262.633,0.99,0.99,0.01,0.01,0.0,0.0,75293.93,1776679761000
1776679763.032,263.032,0.99,0.99,0.01,0.01,0.0,0.0,75293.93,1776679761000
1776679763.451,263.451,0.99,0.99,0.01,0.01,0.0,0.0,75294.09,1776679762000
1776679764.005,264.005,0.99,0.99,0.01,0.01,0.0,0.0,75293.93,1776679763000
1776679764.456,264.456,0.99,0.99,0.01,0.01,0.0,0.0,75293.93,1776679763000
1776679764.907,264.907,0.99,0.99,0.01,0.01,0.0,0.0,75293.93,1776679763000
1776679765.988,265.988,0.99,0.99,0.01,0.01,0.0,0.0,75293.94,1776679765000
1776679767.08,267.08,0.99,0.99,0.01,0.01,0.0,0.0,75294.33,1776679766000
1776679768.489,268.489,0.99,0.99,0.01,0.01,0.0,0.0,75294.33,1776679766000
1776679768.943,268.943,0.99,0.99,0.01,0.01,0.0,0.0,75294.33,1776679766000
1776679769.621,269.621,0.99,0.99,0.01,0.01,0.0,0.0,75293.28,1776679768000
1776679770.052,270.052,0.99,0.99,0.01,0.01,0.0,0.0,75293.28,1776679768000
1776679770.532,270.532,0.99,0.99,0.01,0.01,0.0,0.0,75293.06,1776679769000
1776679770.865,270.865,0.99,0.99,0.01,0.01,0.0,0.0,75293.06,1776679769000
1776679771.635,271.635,0.99,0.99,0.01,0.01,0.0,0.0,75293.0,1776679770000
1776679772.016,272.016,0.99,0.99,0.01,0.01,0.0,0.0,75293.0,1776679770000
1776679772.942,272.942,0.99,0.99,0.01,0.01,0.0,0.0,75293.27,1776679771000
1776679773.297,273.297,0.99,0.99,0.01,0.01,0.0,0.0,75293.99,1776679772000
1776679774.505,274.505,0.99,0.99,0.01,0.01,0.0,0.0,75299.13,1776679773000
1776679775.202,275.202,0.99,0.99,0.01,0.01,0.0,0.0,75300.14,1776679774000
1776679775.697,275.697,0.99,0.99,0.01,0.01,0.0,0.0,75300.14,1776679774000
1776679776.359,276.359,0.99,0.99,0.01,0.01,0.0,0.0,75302.27,1776679775000
1776679777.598,277.598,0.99,0.99,0.01,0.01,0.0,0.0,75301.0,1776679776000
1776679778.232,278.232,0.99,0.99,0.01,0.01,0.0,0.0,75301.0,1776679777000
1776679779.135,279.135,0.99,0.99,0.01,0.01,0.0,0.0,75301.0,1776679777000
1776679780.522,280.522,0.99,0.99,0.01,0.01,0.0,0.0,75300.99,1776679779000
1776679781.032,281.032,0.99,0.99,0.01,0.01,0.0,0.0,75300.38,1776679780000
1776679782.243,282.243,0.99,0.99,0.01,0.01,0.0,0.0,75300.26,1776679781000
1776679782.658,282.658,0.99,0.99,0.01,0.01,0.0,0.0,75300.26,1776679781000
1776679783.495,283.495,0.99,0.99,0.01,0.01,0.0,0.0,75299.76,1776679782000
1776679784.506,284.506,0.99,0.99,0.01,0.01,0.0,0.0,75299.5,1776679783000
1776679784.929,284.929,0.99,0.99,0.01,0.01,0.0,0.0,75299.5,1776679784000
1776679785.447,285.447,0.99,0.99,0.01,0.01,0.0,0.0,75299.5,1776679784000
1776679785.916,285.916,0.99,0.99,0.01,0.01,0.0,0.0,75299.45,1776679785000
1776679786.951,286.951,0.99,0.99,0.01,0.01,0.0,0.0,75299.57,1776679786000
1776679787.995,287.995,0.99,0.99,0.01,0.01,0.0,0.0,75299.57,1776679787000
1776679788.97,288.97,0.99,0.99,0.01,0.01,0.0,0.0,75300.03,1776679788000
1776679789.895,289.895,0.99,0.99,0.01,0.01,0.0,0.0,75298.67,1776679789000
1776679790.93,290.93,0.99,0.99,0.01,0.01,0.0,0.0,75299.03,1776679790000
1776679791.934,291.934,0.99,0.99,0.01,0.01,0.0,0.0,75298.96,1776679791000
1776679792.398,292.398,0.99,0.99,0.01,0.01,0.0,0.0,75298.96,1776679791000
1776679792.904,292.904,0.99,0.99,0.01,0.01,0.0,0.0,75298.96,1776679792000
1776679793.876,293.876,0.99,0.99,0.01,0.01,0.0,0.0,75297.36,1776679793000
1776679795.409,295.409,0.99,0.99,0.01,0.01,0.0,0.0,75292.5,1776679794000
1776679796.238,296.238,0.99,0.99,0.01,0.01,0.0,0.0,75291.72,1776679795000
1776679796.736,296.736,0.99,0.99,0.01,0.01,0.0,0.0,75291.72,1776679795000
1776679797.416,297.416,0.99,0.99,0.01,0.01,0.0,0.0,75291.72,1776679795000
1776679798.043,298.043,0.99,0.99,0.01,0.01,0.0,0.0,75290.19,1776679796000
1776679798.544,298.544,0.99,0.99,0.01,0.01,0.0,0.0,75289.35,1776679797000
1776679799.278,299.278,0.99,0.99,0.01,0.01,0.0,0.0,75289.35,1776679797000
1776679799.71,299.71,0.99,0.99,0.01,0.01,0.0,0.0,75285.7,1776679798000
1776679800.104,300.104,0.99,0.99,0.01,0.01,0.0,0.0,75283.67,1776679799000
1776679800.514,300.514,0.99,0.99,0.01,0.01,0.0,0.0,75283.67,1776679799000
1776679801.858,301.858,0.99,0.99,0.01,0.01,0.0,0.0,75282.42,1776679800000

# RESULT,winner=Up,slug=btc-updown-5m-1776679500,ticks=626
