timestamp,elapsed_sec,up_bid,up_ask,down_bid,down_ask,up_spread,down_spread,btc_price,btc_oracle_ts
1777321800.573,0.573,0.48,0.49,0.51,0.52,0.01,0.01,76992.67,1777321795000
1777321801.259,1.259,0.47,0.48,0.51,0.53,0.01,0.02,76992.67,1777321795000
1777321801.669,1.669,0.47,0.49,0.52,0.53,0.02,0.01,76992.67,1777321795000
1777321802.687,2.687,0.47,0.48,0.51,0.53,0.01,0.02,76992.67,1777321795000
1777321803.146,3.146,0.33,0.44,0.56,0.67,0.11,0.11,76992.67,1777321795000
1777321803.565,3.565,0.41,0.42,0.58,0.59,0.01,0.01,76992.67,1777321795000
1777321803.909,3.909,0.41,0.46,0.52,0.59,0.05,0.07,76992.67,1777321795000
1777321804.291,4.291,0.45,0.49,0.51,0.55,0.04,0.04,76992.67,1777321795000
1777321804.632,4.632,0.47,0.5,0.5,0.53,0.03,0.03,76984.59,1777321803000
1777321804.994,4.994,0.48,0.49,0.51,0.52,0.01,0.01,76984.59,1777321803000
1777321805.435,5.435,0.48,0.49,0.5,0.52,0.01,0.02,76984.59,1777321803000
1777321805.785,5.785,0.48,0.49,0.51,0.52,0.01,0.01,76987.67,1777321804000
1777321806.194,6.194,0.48,0.49,0.51,0.52,0.01,0.01,76989.87,1777321805000
1777321806.581,6.581,0.47,0.48,0.52,0.53,0.01,0.01,76989.87,1777321805000
1777321807.149,7.149,0.47,0.48,0.52,0.53,0.01,0.01,76989.87,1777321805000
1777321807.607,7.607,0.47,0.48,0.52,0.53,0.01,0.01,76989.87,1777321805000
1777321808.1,8.1,0.47,0.48,0.52,0.53,0.01,0.01,76992.09,1777321806000
1777321808.497,8.497,0.47,0.48,0.52,0.53,0.01,0.01,76992.09,1777321806000
1777321808.909,8.909,0.46,0.47,0.53,0.54,0.01,0.01,76992.09,1777321806000
1777321809.342,9.342,0.46,0.47,0.53,0.54,0.01,0.01,76993.68,1777321807000
1777321810.001,10.001,0.46,0.47,0.53,0.54,0.01,0.01,76993.81,1777321808000
1777321810.398,10.398,0.46,0.47,0.53,0.54,0.01,0.01,76995.38,1777321809000
1777321810.732,10.732,0.35,0.36,0.64,0.65,0.01,0.01,76995.38,1777321809000
1777321811.078,11.078,0.33,0.34,0.66,0.67,0.01,0.01,76995.38,1777321809000
1777321811.482,11.482,0.34,0.35,0.65,0.67,0.01,0.02,76994.78,1777321810000
1777321811.824,11.824,0.35,0.36,0.64,0.65,0.01,0.01,76994.78,1777321810000
1777321812.379,12.379,0.35,0.36,0.64,0.65,0.01,0.01,76994.78,1777321810000
1777321812.827,12.827,0.35,0.37,0.64,0.65,0.02,0.01,76991.86,1777321811000
1777321813.266,13.266,0.36,0.37,0.63,0.64,0.01,0.01,76991.86,1777321811000
1777321813.779,13.779,0.39,0.4,0.62,0.63,0.01,0.01,76986.46,1777321812000
1777321814.16,14.16,0.39,0.4,0.6,0.61,0.01,0.01,76986.46,1777321812000
1777321814.555,14.555,0.39,0.4,0.6,0.61,0.01,0.01,76985.17,1777321813000
1777321814.942,14.942,0.38,0.39,0.61,0.62,0.01,0.01,76985.17,1777321813000
1777321815.287,15.287,0.38,0.39,0.61,0.62,0.01,0.01,76985.17,1777321814000
1777321815.628,15.628,0.38,0.4,0.6,0.62,0.02,0.02,76985.17,1777321814000
1777321816.003,16.003,0.39,0.4,0.6,0.61,0.01,0.01,76985.17,1777321814000
1777321816.433,16.433,0.39,0.4,0.6,0.61,0.01,0.01,76985.17,1777321815000
1777321816.796,16.796,0.39,0.4,0.6,0.61,0.01,0.01,76985.17,1777321815000
1777321817.194,17.194,0.4,0.41,0.59,0.61,0.01,0.02,76985.17,1777321815000
1777321817.53,17.53,0.4,0.41,0.59,0.6,0.01,0.01,76985.17,1777321816000
1777321818.157,18.157,0.39,0.4,0.59,0.61,0.01,0.02,76985.17,1777321816000
1777321818.499,18.499,0.39,0.41,0.6,0.61,0.02,0.01,76985.17,1777321816000
1777321818.844,18.844,0.39,0.4,0.6,0.61,0.01,0.01,76985.24,1777321817000
1777321819.224,19.224,0.39,0.4,0.6,0.61,0.01,0.01,76985.26,1777321818000
1777321819.707,19.707,0.38,0.4,0.6,0.62,0.02,0.02,76985.26,1777321818000
1777321820.057,20.057,0.39,0.41,0.59,0.61,0.02,0.02,76985.26,1777321818000
1777321820.427,20.427,0.4,0.41,0.59,0.6,0.01,0.01,76985.26,1777321819000
1777321821.022,21.022,0.4,0.41,0.59,0.6,0.01,0.01,76985.26,1777321819000
1777321821.599,21.599,0.4,0.41,0.59,0.6,0.01,0.01,76985.26,1777321819000
1777321822.111,22.111,0.4,0.41,0.59,0.6,0.01,0.01,76985.26,1777321820000
1777321822.471,22.471,0.39,0.41,0.59,0.6,0.02,0.01,76985.26,1777321820000
1777321822.851,22.851,0.39,0.4,0.6,0.61,0.01,0.01,76985.26,1777321821000
1777321823.262,23.262,0.4,0.41,0.59,0.61,0.01,0.02,76985.26,1777321821000
1777321823.62,23.62,0.4,0.41,0.59,0.6,0.01,0.01,76985.04,1777321822000
1777321824.239,24.239,0.4,0.41,0.59,0.6,0.01,0.01,76985.04,1777321822000
1777321824.607,24.607,0.4,0.41,0.59,0.6,0.01,0.01,76985.04,1777321822000
1777321825.016,25.016,0.4,0.41,0.59,0.6,0.01,0.01,76985.47,1777321823000
1777321825.384,25.384,0.4,0.41,0.59,0.6,0.01,0.01,76985.47,1777321823000
1777321825.778,25.778,0.4,0.41,0.59,0.6,0.01,0.01,76986.94,1777321824000
1777321826.195,26.195,0.4,0.41,0.59,0.6,0.01,0.01,76986.94,1777321824000
1777321826.739,26.739,0.4,0.41,0.59,0.62,0.01,0.03,76986.94,1777321824000
1777321827.081,27.081,0.4,0.41,0.59,0.6,0.01,0.01,76986.99,1777321825000
1777321827.564,27.564,0.4,0.41,0.59,0.6,0.01,0.01,76986.99,1777321825000
1777321828.358,28.358,0.4,0.41,0.59,0.6,0.01,0.01,76987.48,1777321826000
1777321829.089,29.089,0.4,0.41,0.59,0.6,0.01,0.01,76987.48,1777321826000
1777321829.454,29.454,0.4,0.41,0.59,0.6,0.01,0.01,76987.58,1777321827000
1777321829.963,29.963,0.4,0.41,0.59,0.6,0.01,0.01,76987.58,1777321828000
1777321830.311,30.311,0.4,0.41,0.59,0.6,0.01,0.01,76987.6,1777321829000
1777321830.951,30.951,0.4,0.41,0.59,0.6,0.01,0.01,76987.6,1777321830000
1777321831.321,31.321,0.4,0.41,0.59,0.6,0.01,0.01,76987.6,1777321830000
1777321831.796,31.796,0.4,0.41,0.59,0.6,0.01,0.01,76987.6,1777321830000
1777321832.192,32.192,0.4,0.41,0.59,0.6,0.01,0.01,76987.6,1777321830000
1777321832.732,32.732,0.4,0.41,0.59,0.61,0.01,0.02,76987.61,1777321831000
1777321833.115,33.115,0.41,0.43,0.59,0.6,0.02,0.01,76987.61,1777321831000
1777321833.628,33.628,0.42,0.43,0.57,0.58,0.01,0.01,76987.62,1777321832000
1777321833.989,33.989,0.42,0.43,0.57,0.58,0.01,0.01,76987.62,1777321832000
1777321834.327,34.327,0.42,0.43,0.57,0.58,0.01,0.01,76987.62,1777321832000
1777321834.769,34.769,0.42,0.43,0.57,0.58,0.01,0.01,76987.95,1777321833000
1777321835.368,35.368,0.41,0.43,0.57,0.58,0.02,0.01,76987.97,1777321834000
1777321835.975,35.975,0.41,0.42,0.58,0.59,0.01,0.01,76987.97,1777321834000
1777321836.479,36.479,0.41,0.42,0.58,0.59,0.01,0.01,76987.62,1777321835000
1777321837.059,37.059,0.41,0.42,0.58,0.59,0.01,0.01,76987.65,1777321836000
1777321837.637,37.637,0.41,0.42,0.58,0.59,0.01,0.01,76987.65,1777321836000
1777321838.175,38.175,0.41,0.42,0.58,0.59,0.01,0.01,76987.65,1777321836000
1777321839.261,39.261,0.41,0.42,0.58,0.59,0.01,0.01,76987.65,1777321838000
1777321839.629,39.629,0.4,0.42,0.58,0.59,0.02,0.01,76987.65,1777321838000
1777321840.042,40.042,0.41,0.42,0.58,0.6,0.01,0.02,76987.65,1777321838000
1777321840.409,40.409,0.41,0.42,0.58,0.59,0.01,0.01,76987.65,1777321838000
1777321841.12,41.12,0.41,0.42,0.58,0.59,0.01,0.01,76987.59,1777321839000
1777321841.5,41.5,0.4,0.41,0.59,0.6,0.01,0.01,76987.54,1777321840000
1777321842.034,42.034,0.42,0.43,0.59,0.6,0.01,0.01,76987.54,1777321840000
1777321842.592,42.592,0.42,0.43,0.57,0.58,0.01,0.01,76987.58,1777321841000
1777321843.258,43.258,0.42,0.43,0.57,0.58,0.01,0.01,76987.58,1777321841000
1777321843.622,43.622,0.42,0.43,0.57,0.58,0.01,0.01,76987.58,1777321842000
1777321844.004,44.004,0.41,0.43,0.57,0.59,0.02,0.02,76987.61,1777321843000
1777321844.365,44.365,0.42,0.43,0.57,0.59,0.01,0.02,76987.61,1777321843000
1777321844.781,44.781,0.42,0.43,0.57,0.58,0.01,0.01,76987.61,1777321843000
1777321845.235,45.235,0.42,0.44,0.57,0.58,0.02,0.01,76987.61,1777321843000
1777321845.873,45.873,0.43,0.44,0.56,0.58,0.01,0.02,76987.77,1777321844000
1777321846.245,46.245,0.43,0.44,0.56,0.57,0.01,0.01,76987.7,1777321845000
1777321846.694,46.694,0.43,0.44,0.56,0.57,0.01,0.01,76987.7,1777321845000
1777321847.063,47.063,0.43,0.44,0.56,0.57,0.01,0.01,76987.7,1777321845000
1777321847.439,47.439,0.43,0.44,0.56,0.57,0.01,0.01,76988.09,1777321846000
1777321847.994,47.994,0.43,0.44,0.56,0.57,0.01,0.01,76988.1,1777321847000
1777321848.449,48.449,0.44,0.45,0.55,0.57,0.01,0.02,76988.1,1777321847000
1777321848.824,48.824,0.5,0.51,0.49,0.54,0.01,0.05,76988.1,1777321847000
1777321849.2,49.2,0.5,0.51,0.49,0.5,0.01,0.01,76988.73,1777321848000
1777321849.561,49.561,0.5,0.51,0.49,0.5,0.01,0.01,76988.73,1777321848000
1777321849.967,49.967,0.5,0.51,0.49,0.5,0.01,0.01,76988.73,1777321848000
1777321850.347,50.347,0.5,0.51,0.49,0.5,0.01,0.01,76988.73,1777321848000
1777321850.743,50.743,0.52,0.53,0.44,0.5,0.01,0.06,76990.28,1777321849000
1777321851.086,51.086,0.54,0.55,0.45,0.46,0.01,0.01,76990.28,1777321849000
1777321851.479,51.479,0.52,0.53,0.47,0.48,0.01,0.01,76990.28,1777321849000
1777321852.057,52.057,0.52,0.53,0.47,0.48,0.01,0.01,76995.01,1777321851000
1777321852.414,52.414,0.52,0.53,0.47,0.48,0.01,0.01,76995.01,1777321851000
1777321852.852,52.852,0.5,0.51,0.49,0.5,0.01,0.01,76995.01,1777321851000
1777321853.365,53.365,0.5,0.51,0.49,0.5,0.01,0.01,76996.69,1777321852000
1777321853.7,53.7,0.49,0.51,0.49,0.5,0.02,0.01,76996.69,1777321852000
1777321854.455,54.455,0.49,0.5,0.5,0.51,0.01,0.01,76994.18,1777321853000
1777321854.872,54.872,0.49,0.5,0.5,0.51,0.01,0.01,76994.18,1777321853000
1777321855.489,55.489,0.48,0.49,0.51,0.52,0.01,0.01,76997.19,1777321854000
1777321855.835,55.835,0.48,0.49,0.51,0.52,0.01,0.01,76997.19,1777321854000
1777321856.375,56.375,0.48,0.49,0.51,0.52,0.01,0.01,76998.52,1777321855000
1777321856.785,56.785,0.49,0.5,0.51,0.52,0.01,0.01,76998.52,1777321855000
1777321857.181,57.181,0.51,0.52,0.48,0.49,0.01,0.01,76998.52,1777321855000
1777321857.65,57.65,0.51,0.52,0.48,0.49,0.01,0.01,76998.51,1777321856000
1777321857.994,57.994,0.51,0.52,0.48,0.49,0.01,0.01,76998.51,1777321856000
1777321858.439,58.439,0.51,0.52,0.48,0.49,0.01,0.01,76995.7,1777321857000
1777321859.05,59.05,0.49,0.51,0.49,0.51,0.02,0.02,76997.11,1777321858000
1777321859.785,59.785,0.5,0.52,0.49,0.5,0.02,0.01,76997.11,1777321858000
1777321860.14,60.14,0.51,0.52,0.48,0.49,0.01,0.01,76997.21,1777321859000
1777321860.494,60.494,0.51,0.52,0.48,0.49,0.01,0.01,76997.21,1777321859000
1777321861.082,61.082,0.5,0.51,0.49,0.5,0.01,0.01,76997.21,1777321859000
1777321861.468,61.468,0.5,0.51,0.49,0.5,0.01,0.01,76998.47,1777321860000
1777321862.114,62.114,0.5,0.51,0.49,0.5,0.01,0.01,76998.47,1777321860000
1777321862.502,62.502,0.5,0.51,0.49,0.5,0.01,0.01,76998.55,1777321861000
1777321862.972,62.972,0.5,0.51,0.49,0.5,0.01,0.01,76998.55,1777321861000
1777321863.434,63.434,0.5,0.51,0.49,0.5,0.01,0.01,76998.52,1777321862000
1777321863.816,63.816,0.5,0.51,0.49,0.5,0.01,0.01,76998.52,1777321862000
1777321864.524,64.524,0.49,0.5,0.5,0.51,0.01,0.01,76998.52,1777321863000
1777321865.001,65.001,0.49,0.5,0.5,0.51,0.01,0.01,76998.52,1777321863000
1777321865.598,65.598,0.49,0.5,0.5,0.51,0.01,0.01,76998.52,1777321864000
1777321866.191,66.191,0.49,0.5,0.5,0.51,0.01,0.01,76998.52,1777321865000
1777321866.901,66.901,0.49,0.5,0.5,0.51,0.01,0.01,76998.52,1777321865000
1777321867.261,67.261,0.49,0.5,0.5,0.51,0.01,0.01,76998.52,1777321865000
1777321867.621,67.621,0.49,0.5,0.5,0.51,0.01,0.01,76998.59,1777321866000
1777321867.995,67.995,0.49,0.5,0.5,0.51,0.01,0.01,76998.59,1777321866000
1777321868.486,68.486,0.49,0.5,0.5,0.51,0.01,0.01,76998.54,1777321867000
1777321869.045,69.045,0.49,0.5,0.5,0.51,0.01,0.01,76997.37,1777321868000
1777321869.48,69.48,0.49,0.5,0.5,0.51,0.01,0.01,76997.37,1777321868000
1777321870.158,70.158,0.49,0.51,0.49,0.51,0.02,0.02,76996.59,1777321869000
1777321870.545,70.545,0.5,0.52,0.49,0.5,0.02,0.01,76996.59,1777321869000
1777321870.967,70.967,0.51,0.52,0.48,0.49,0.01,0.01,76996.59,1777321869000
1777321871.311,71.311,0.51,0.52,0.48,0.49,0.01,0.01,76996.52,1777321870000
1777321871.967,71.967,0.51,0.52,0.48,0.49,0.01,0.01,76996.52,1777321870000
1777321872.32,72.32,0.51,0.52,0.48,0.49,0.01,0.01,76998.19,1777321871000
1777321873.007,73.007,0.51,0.52,0.48,0.49,0.01,0.01,76998.19,1777321871000
1777321873.356,73.356,0.51,0.52,0.48,0.49,0.01,0.01,76998.17,1777321872000
1777321873.903,73.903,0.51,0.52,0.48,0.49,0.01,0.01,76998.17,1777321872000
1777321874.655,74.655,0.51,0.52,0.47,0.49,0.01,0.02,76998.21,1777321873000
1777321875.059,75.059,0.51,0.52,0.48,0.49,0.01,0.01,76998.21,1777321873000
1777321875.485,75.485,0.51,0.52,0.48,0.49,0.01,0.01,76998.23,1777321874000
1777321875.851,75.851,0.51,0.52,0.48,0.49,0.01,0.01,76998.23,1777321874000
1777321876.294,76.294,0.51,0.53,0.48,0.49,0.02,0.01,76998.23,1777321875000
1777321876.842,76.842,0.52,0.53,0.47,0.48,0.01,0.01,76998.23,1777321875000
1777321877.231,77.231,0.52,0.53,0.47,0.48,0.01,0.01,76998.2,1777321876000
1777321877.763,77.763,0.52,0.53,0.47,0.48,0.01,0.01,76998.2,1777321876000
1777321878.461,78.461,0.52,0.53,0.47,0.48,0.01,0.01,76998.28,1777321877000
1777321879.026,79.026,0.52,0.53,0.47,0.48,0.01,0.01,76998.28,1777321877000
1777321880.128,80.128,0.52,0.53,0.47,0.48,0.01,0.01,76998.28,1777321878000
1777321880.572,80.572,0.52,0.53,0.47,0.48,0.01,0.01,76998.28,1777321879000
1777321880.907,80.907,0.52,0.53,0.47,0.48,0.01,0.01,76998.28,1777321879000
1777321881.241,81.241,0.55,0.59,0.41,0.45,0.04,0.04,76998.28,1777321879000
1777321881.58,81.58,0.56,0.64,0.36,0.42,0.08,0.06,76996.61,1777321880000
1777321882.012,82.012,0.62,0.66,0.34,0.38,0.04,0.04,76998.62,1777321881000
1777321882.356,82.356,0.62,0.66,0.34,0.38,0.04,0.04,76998.62,1777321881000
1777321882.69,82.69,0.64,0.65,0.35,0.36,0.01,0.01,76998.62,1777321881000
1777321883.112,83.112,0.64,0.65,0.35,0.36,0.01,0.01,76998.62,1777321881000
1777321883.623,83.623,0.64,0.65,0.35,0.36,0.01,0.01,77003.03,1777321882000
1777321884.234,84.234,0.65,0.66,0.34,0.35,0.01,0.01,77003.03,1777321882000
1777321884.577,84.577,0.65,0.66,0.34,0.35,0.01,0.01,77006.8,1777321883000
1777321884.966,84.966,0.65,0.66,0.34,0.35,0.01,0.01,77006.8,1777321883000
1777321885.411,85.411,0.65,0.66,0.34,0.35,0.01,0.01,77006.67,1777321884000
1777321885.836,85.836,0.66,0.67,0.33,0.34,0.01,0.01,77006.67,1777321884000
1777321886.177,86.177,0.66,0.67,0.33,0.34,0.01,0.01,77006.67,1777321884000
1777321886.642,86.642,0.66,0.67,0.33,0.34,0.01,0.01,77009.02,1777321885000
1777321886.987,86.987,0.66,0.67,0.33,0.34,0.01,0.01,77009.02,1777321885000
1777321887.352,87.352,0.66,0.67,0.33,0.34,0.01,0.01,77009.02,1777321885000
1777321887.697,87.697,0.66,0.67,0.33,0.34,0.01,0.01,77010.94,1777321886000
1777321888.147,88.147,0.66,0.67,0.33,0.34,0.01,0.01,77010.94,1777321887000
1777321888.495,88.495,0.66,0.67,0.33,0.34,0.01,0.01,77010.94,1777321887000
1777321889.345,89.345,0.66,0.68,0.33,0.34,0.02,0.01,77010.94,1777321887000
1777321889.712,89.712,0.65,0.67,0.33,0.35,0.02,0.02,77009.7,1777321888000
1777321890.061,90.061,0.66,0.67,0.33,0.34,0.01,0.01,77009.7,1777321888000
1777321890.578,90.578,0.66,0.67,0.33,0.34,0.01,0.01,77009.58,1777321889000
1777321890.939,90.939,0.66,0.67,0.33,0.34,0.01,0.01,77009.58,1777321889000
1777321891.279,91.279,0.66,0.67,0.33,0.34,0.01,0.01,77009.57,1777321890000
1777321891.677,91.677,0.66,0.67,0.33,0.34,0.01,0.01,77009.57,1777321890000
1777321892.114,92.114,0.66,0.67,0.33,0.34,0.01,0.01,77008.72,1777321891000
1777321892.605,92.605,0.66,0.67,0.33,0.34,0.01,0.01,77008.72,1777321891000
1777321893.267,93.267,0.66,0.67,0.33,0.34,0.01,0.01,77008.72,1777321891000
1777321893.831,93.831,0.66,0.67,0.33,0.34,0.01,0.01,77007.26,1777321892000
1777321894.332,94.332,0.66,0.67,0.33,0.34,0.01,0.01,77007.26,1777321892000
1777321894.742,94.742,0.65,0.66,0.33,0.35,0.01,0.02,77007.26,1777321892000
1777321895.175,95.175,0.65,0.66,0.34,0.35,0.01,0.01,77007.26,1777321892000
1777321895.527,95.527,0.65,0.66,0.34,0.35,0.01,0.01,77007.26,1777321892000
1777321896.184,96.184,0.63,0.64,0.34,0.37,0.01,0.03,77007.26,1777321892000
1777321896.776,96.776,0.63,0.64,0.36,0.37,0.01,0.01,77010.09,1777321895000
1777321897.144,97.144,0.63,0.64,0.36,0.37,0.01,0.01,77010.09,1777321895000
1777321897.49,97.49,0.63,0.64,0.36,0.37,0.01,0.01,77010.09,1777321895000
1777321898.012,98.012,0.63,0.66,0.34,0.37,0.03,0.03,77007.24,1777321897000
1777321898.374,98.374,0.64,0.65,0.35,0.36,0.01,0.01,77007.24,1777321897000
1777321899.285,99.285,0.64,0.65,0.35,0.36,0.01,0.01,77007.24,1777321898000
1777321899.736,99.736,0.64,0.65,0.35,0.36,0.01,0.01,77007.24,1777321898000
1777321900.41,100.41,0.64,0.65,0.35,0.36,0.01,0.01,77007.24,1777321898000
1777321900.782,100.782,0.63,0.64,0.35,0.37,0.01,0.02,77007.24,1777321898000
1777321901.161,101.161,0.62,0.63,0.37,0.38,0.01,0.01,77009.89,1777321900000
1777321901.507,101.507,0.62,0.63,0.37,0.38,0.01,0.01,77009.89,1777321900000
1777321902.056,102.056,0.62,0.63,0.37,0.38,0.01,0.01,77009.89,1777321900000
1777321902.468,102.468,0.62,0.63,0.37,0.38,0.01,0.01,77011.12,1777321901000
1777321902.811,102.811,0.62,0.63,0.37,0.38,0.01,0.01,77011.12,1777321901000
1777321903.149,103.149,0.61,0.63,0.37,0.39,0.02,0.02,77009.89,1777321902000
1777321903.494,103.494,0.61,0.62,0.37,0.39,0.01,0.02,77009.89,1777321902000
1777321903.925,103.925,0.61,0.62,0.38,0.39,0.01,0.01,77009.89,1777321902000
1777321904.327,104.327,0.61,0.62,0.38,0.39,0.01,0.01,77009.89,1777321902000
1777321904.845,104.845,0.61,0.62,0.38,0.39,0.01,0.01,77009.21,1777321903000
1777321905.375,105.375,0.61,0.62,0.38,0.39,0.01,0.01,77009.33,1777321904000
1777321906.193,106.193,0.61,0.62,0.38,0.39,0.01,0.01,77009.33,1777321904000
1777321906.582,106.582,0.61,0.62,0.38,0.39,0.01,0.01,77009.33,1777321904000
1777321906.94,106.94,0.61,0.62,0.38,0.39,0.01,0.01,77009.33,1777321905000
1777321907.953,107.953,0.61,0.62,0.38,0.39,0.01,0.01,77009.95,1777321906000
1777321908.369,108.369,0.61,0.62,0.38,0.39,0.01,0.01,77009.32,1777321907000
1777321908.871,108.871,0.61,0.62,0.38,0.39,0.01,0.01,77009.32,1777321907000
1777321910.185,110.185,0.61,0.62,0.38,0.39,0.01,0.01,77009.32,1777321908000
1777321911.633,111.633,0.62,0.63,0.38,0.39,0.01,0.01,77008.4,1777321909000
1777321912.095,112.095,0.62,0.63,0.37,0.38,0.01,0.01,77007.73,1777321911000
1777321912.581,112.581,0.62,0.63,0.37,0.38,0.01,0.01,77007.73,1777321911000
1777321912.995,112.995,0.62,0.63,0.37,0.38,0.01,0.01,77007.73,1777321911000
1777321913.548,113.548,0.61,0.63,0.37,0.38,0.02,0.01,77007.73,1777321911000
1777321914.013,114.013,0.59,0.62,0.38,0.41,0.03,0.03,77007.73,1777321911000
1777321914.361,114.361,0.54,0.55,0.45,0.47,0.01,0.02,77008.78,1777321912000
1777321914.701,114.701,0.54,0.55,0.45,0.46,0.01,0.01,77009.3,1777321913000
1777321915.115,115.115,0.54,0.55,0.45,0.46,0.01,0.01,77007.61,1777321914000
1777321915.974,115.974,0.54,0.55,0.45,0.46,0.01,0.01,77004.1,1777321915000
1777321916.351,116.351,0.54,0.57,0.43,0.46,0.03,0.03,77004.1,1777321915000
1777321916.72,116.72,0.64,0.65,0.37,0.38,0.01,0.01,77004.1,1777321915000
1777321917.156,117.156,0.64,0.65,0.35,0.36,0.01,0.01,77001.13,1777321916000
1777321917.492,117.492,0.64,0.65,0.35,0.36,0.01,0.01,77001.13,1777321916000
1777321917.878,117.878,0.64,0.65,0.35,0.36,0.01,0.01,77001.13,1777321916000
1777321918.346,118.346,0.65,0.66,0.34,0.35,0.01,0.01,77005.67,1777321917000
1777321918.709,118.709,0.65,0.66,0.34,0.35,0.01,0.01,77005.67,1777321917000
1777321919.092,119.092,0.65,0.66,0.34,0.35,0.01,0.01,77006.22,1777321918000
1777321919.502,119.502,0.66,0.67,0.34,0.35,0.01,0.01,77006.22,1777321918000
1777321920.002,120.002,0.66,0.67,0.33,0.34,0.01,0.01,77007.21,1777321919000
1777321920.593,120.593,0.66,0.67,0.33,0.34,0.01,0.01,77007.21,1777321919000
1777321920.978,120.978,0.69,0.7,0.3,0.31,0.01,0.01,77007.21,1777321919000
1777321921.409,121.409,0.71,0.72,0.28,0.29,0.01,0.01,77006.23,1777321920000
1777321921.777,121.777,0.71,0.72,0.28,0.29,0.01,0.01,77006.23,1777321920000
1777321922.167,122.167,0.71,0.72,0.28,0.29,0.01,0.01,77006.23,1777321921000
1777321922.722,122.722,0.71,0.72,0.28,0.29,0.01,0.01,77006.23,1777321921000
1777321923.078,123.078,0.71,0.72,0.28,0.29,0.01,0.01,77010.13,1777321922000
1777321923.505,123.505,0.72,0.73,0.27,0.28,0.01,0.01,77010.13,1777321922000
1777321923.875,123.875,0.72,0.73,0.27,0.28,0.01,0.01,77010.13,1777321922000
1777321924.231,124.231,0.71,0.72,0.27,0.28,0.01,0.01,77011.13,1777321923000
1777321924.735,124.735,0.71,0.72,0.28,0.29,0.01,0.01,77011.13,1777321923000
1777321925.263,125.263,0.69,0.71,0.29,0.3,0.02,0.01,77013.28,1777321924000
1777321925.64,125.64,0.59,0.61,0.38,0.41,0.02,0.03,77013.28,1777321924000
1777321925.982,125.982,0.58,0.59,0.41,0.42,0.01,0.01,77014.24,1777321925000
1777321926.392,126.392,0.58,0.59,0.41,0.42,0.01,0.01,77014.24,1777321925000
1777321926.76,126.76,0.58,0.59,0.41,0.42,0.01,0.01,77014.24,1777321925000
1777321927.151,127.151,0.58,0.59,0.41,0.42,0.01,0.01,77014.24,1777321925000
1777321927.587,127.587,0.58,0.59,0.41,0.42,0.01,0.01,77010.78,1777321926000
1777321927.934,127.934,0.58,0.59,0.41,0.42,0.01,0.01,77010.78,1777321926000
1777321928.634,128.634,0.58,0.59,0.41,0.42,0.01,0.01,77007.43,1777321927000
1777321929.102,129.102,0.58,0.59,0.41,0.42,0.01,0.01,77007.43,1777321927000
1777321929.78,129.78,0.58,0.59,0.41,0.42,0.01,0.01,77006.8,1777321928000
1777321930.164,130.164,0.58,0.59,0.41,0.42,0.01,0.01,77006.91,1777321929000
1777321930.514,130.514,0.58,0.59,0.41,0.42,0.01,0.01,77006.91,1777321929000
1777321931.097,131.097,0.58,0.59,0.41,0.42,0.01,0.01,77006.91,1777321929000
1777321931.431,131.431,0.58,0.59,0.41,0.42,0.01,0.01,77007.44,1777321930000
1777321931.852,131.852,0.58,0.59,0.41,0.42,0.01,0.01,77007.44,1777321930000
1777321932.213,132.213,0.58,0.59,0.41,0.42,0.01,0.01,77007.21,1777321931000
1777321932.679,132.679,0.58,0.59,0.41,0.42,0.01,0.01,77007.21,1777321931000
1777321933.021,133.021,0.58,0.59,0.41,0.42,0.01,0.01,77007.21,1777321931000
1777321933.39,133.39,0.58,0.59,0.41,0.42,0.01,0.01,77007.44,1777321932000
1777321933.758,133.758,0.58,0.59,0.41,0.42,0.01,0.01,77007.44,1777321932000
1777321934.338,134.338,0.58,0.59,0.41,0.42,0.01,0.01,77007.44,1777321932000
1777321934.999,134.999,0.58,0.59,0.41,0.42,0.01,0.01,77007.45,1777321933000
1777321935.49,135.49,0.58,0.59,0.41,0.42,0.01,0.01,77007.41,1777321934000
1777321935.961,135.961,0.58,0.59,0.41,0.42,0.01,0.01,77007.41,1777321934000
1777321936.431,136.431,0.58,0.59,0.41,0.42,0.01,0.01,77007.41,1777321935000
1777321936.887,136.887,0.58,0.59,0.41,0.42,0.01,0.01,77007.41,1777321935000
1777321937.265,137.265,0.58,0.6,0.41,0.42,0.02,0.01,77007.86,1777321936000
1777321938.274,138.274,0.59,0.6,0.4,0.41,0.01,0.01,77007.86,1777321936000
1777321938.862,138.862,0.59,0.6,0.4,0.41,0.01,0.01,77007.72,1777321938000
1777321939.255,139.255,0.59,0.6,0.4,0.41,0.01,0.01,77007.72,1777321938000
1777321939.591,139.591,0.59,0.6,0.4,0.41,0.01,0.01,77007.72,1777321938000
1777321939.985,139.985,0.59,0.6,0.4,0.41,0.01,0.01,77007.72,1777321938000
1777321940.348,140.348,0.59,0.6,0.4,0.41,0.01,0.01,77007.8,1777321939000
1777321940.709,140.709,0.59,0.6,0.4,0.41,0.01,0.01,77007.8,1777321939000
1777321941.105,141.105,0.59,0.6,0.4,0.41,0.01,0.01,77007.8,1777321939000
1777321941.442,141.442,0.59,0.6,0.4,0.41,0.01,0.01,77007.8,1777321939000
1777321941.779,141.779,0.59,0.6,0.4,0.41,0.01,0.01,77007.9,1777321940000
1777321942.114,142.114,0.57,0.58,0.42,0.43,0.01,0.01,77007.9,1777321940000
1777321942.462,142.462,0.57,0.58,0.42,0.43,0.01,0.01,77006.46,1777321941000
1777321942.814,142.814,0.57,0.58,0.42,0.43,0.01,0.01,77006.46,1777321941000
1777321943.153,143.153,0.59,0.6,0.4,0.41,0.01,0.01,77006.46,1777321942000
1777321943.544,143.544,0.57,0.58,0.41,0.43,0.01,0.02,77006.46,1777321942000
1777321943.933,143.933,0.57,0.58,0.42,0.43,0.01,0.01,77006.46,1777321942000
1777321944.285,144.285,0.57,0.58,0.42,0.43,0.01,0.01,77006.46,1777321942000
1777321944.712,144.712,0.56,0.57,0.43,0.44,0.01,0.01,77006.46,1777321942000
1777321945.14,145.14,0.53,0.56,0.43,0.45,0.03,0.02,77005.66,1777321943000
1777321945.487,145.487,0.41,0.5,0.5,0.59,0.09,0.09,77004.92,1777321944000
1777321945.845,145.845,0.49,0.54,0.46,0.51,0.05,0.05,77004.92,1777321944000
1777321946.201,146.201,0.6,0.61,0.38,0.4,0.01,0.02,77004.92,1777321944000
1777321946.536,146.536,0.61,0.62,0.38,0.39,0.01,0.01,77003.77,1777321945000
1777321946.91,146.91,0.62,0.63,0.37,0.38,0.01,0.01,77003.77,1777321945000
1777321947.262,147.262,0.62,0.63,0.37,0.38,0.01,0.01,77003.77,1777321945000
1777321947.648,147.648,0.64,0.65,0.35,0.38,0.01,0.03,77000.69,1777321946000
1777321947.991,147.991,0.64,0.65,0.35,0.36,0.01,0.01,77000.69,1777321946000
1777321948.395,148.395,0.62,0.63,0.36,0.38,0.01,0.02,77000.69,1777321946000
1777321948.853,148.853,0.61,0.62,0.37,0.39,0.01,0.02,77003.4,1777321947000
1777321949.189,149.189,0.61,0.62,0.38,0.39,0.01,0.01,77003.4,1777321947000
1777321949.59,149.59,0.61,0.62,0.38,0.39,0.01,0.01,77006.92,1777321948000
1777321950.005,150.005,0.61,0.62,0.38,0.39,0.01,0.01,77006.92,1777321948000
1777321950.516,150.516,0.61,0.62,0.38,0.39,0.01,0.01,77006.92,1777321948000
1777321950.865,150.865,0.61,0.62,0.38,0.39,0.01,0.01,77006.92,1777321948000
1777321951.309,151.309,0.61,0.62,0.38,0.39,0.01,0.01,77007.44,1777321949000
1777321951.781,151.781,0.61,0.62,0.38,0.39,0.01,0.01,77007.44,1777321950000
1777321952.207,152.207,0.61,0.62,0.38,0.39,0.01,0.01,77007.44,1777321951000
1777321952.66,152.66,0.61,0.62,0.38,0.39,0.01,0.01,77007.44,1777321951000
1777321952.996,152.996,0.59,0.62,0.38,0.41,0.03,0.03,77007.44,1777321951000
1777321953.455,153.455,0.59,0.6,0.39,0.43,0.01,0.04,77007.44,1777321951000
1777321954.255,154.255,0.58,0.59,0.41,0.42,0.01,0.01,77007.12,1777321953000
1777321954.777,154.777,0.58,0.59,0.41,0.42,0.01,0.01,77007.12,1777321953000
1777321955.12,155.12,0.58,0.59,0.41,0.42,0.01,0.01,77007.12,1777321953000
1777321955.476,155.476,0.58,0.59,0.41,0.42,0.01,0.01,77006.3,1777321954000
1777321955.909,155.909,0.58,0.59,0.41,0.42,0.01,0.01,77006.3,1777321954000
1777321956.274,156.274,0.58,0.59,0.41,0.42,0.01,0.01,77006.3,1777321955000
1777321956.738,156.738,0.58,0.59,0.41,0.42,0.01,0.01,77006.3,1777321955000
1777321957.51,157.51,0.57,0.58,0.41,0.43,0.01,0.02,77006.3,1777321955000
1777321957.874,157.874,0.57,0.58,0.42,0.43,0.01,0.01,77006.56,1777321956000
1777321958.347,158.347,0.56,0.57,0.43,0.44,0.01,0.01,77006.56,1777321957000
1777321958.725,158.725,0.57,0.58,0.42,0.43,0.01,0.01,77006.56,1777321957000
1777321959.756,159.756,0.57,0.58,0.42,0.43,0.01,0.01,77006.56,1777321957000
1777321960.142,160.142,0.58,0.59,0.41,0.42,0.01,0.01,77006.56,1777321957000
1777321961.524,161.524,0.58,0.59,0.41,0.42,0.01,0.01,77003.44,1777321959000
1777321962.053,162.053,0.58,0.59,0.41,0.42,0.01,0.01,77003.57,1777321961000
1777321963.112,163.112,0.58,0.65,0.41,0.42,0.07,0.01,77003.57,1777321961000
1777321963.828,163.828,0.61,0.62,0.38,0.39,0.01,0.01,77003.57,1777321961000
1777321964.621,164.621,0.61,0.62,0.38,0.39,0.01,0.01,77002.9,1777321963000
1777321965.245,165.245,0.61,0.62,0.38,0.39,0.01,0.01,77002.9,1777321963000
1777321965.98,165.98,0.58,0.6,0.38,0.41,0.02,0.03,77002.9,1777321964000
1777321966.708,166.708,0.57,0.58,0.4,0.42,0.01,0.02,77002.9,1777321965000
1777321967.08,167.08,0.57,0.58,0.42,0.43,0.01,0.01,77002.9,1777321965000
1777321967.481,167.481,0.57,0.58,0.42,0.43,0.01,0.01,77002.62,1777321966000
1777321967.996,167.996,0.57,0.6,0.4,0.43,0.03,0.03,77002.62,1777321967000
1777321969.385,169.385,0.59,0.6,0.4,0.41,0.01,0.01,77003.41,1777321968000
1777321970.019,170.019,0.59,0.6,0.4,0.41,0.01,0.01,77003.41,1777321968000
1777321970.41,170.41,0.59,0.6,0.4,0.41,0.01,0.01,77003.41,1777321968000
1777321970.842,170.842,0.63,0.65,0.36,0.37,0.02,0.01,77005.22,1777321969000
1777321971.265,171.265,0.63,0.65,0.35,0.37,0.02,0.02,77005.54,1777321970000
1777321971.723,171.723,0.64,0.65,0.35,0.36,0.01,0.01,77005.54,1777321970000
1777321972.546,172.546,0.64,0.65,0.35,0.36,0.01,0.01,77004.91,1777321971000
1777321972.999,172.999,0.64,0.65,0.35,0.36,0.01,0.01,77004.91,1777321971000
1777321973.337,173.337,0.64,0.65,0.35,0.36,0.01,0.01,77004.91,1777321972000
1777321973.754,173.754,0.64,0.65,0.35,0.36,0.01,0.01,77004.91,1777321972000
1777321974.107,174.107,0.64,0.65,0.35,0.36,0.01,0.01,77004.91,1777321972000
1777321974.456,174.456,0.64,0.65,0.35,0.36,0.01,0.01,77004.91,1777321973000
1777321974.962,174.962,0.64,0.65,0.35,0.36,0.01,0.01,77004.91,1777321973000
1777321975.683,175.683,0.64,0.65,0.35,0.36,0.01,0.01,77005.93,1777321974000
1777321976.359,176.359,0.64,0.65,0.35,0.36,0.01,0.01,77006.94,1777321975000
1777321976.997,176.997,0.64,0.65,0.35,0.36,0.01,0.01,77006.94,1777321976000
1777321977.533,177.533,0.64,0.65,0.35,0.36,0.01,0.01,77006.94,1777321976000
1777321977.887,177.887,0.64,0.65,0.35,0.36,0.01,0.01,77006.94,1777321976000
1777321978.48,178.48,0.66,0.67,0.33,0.34,0.01,0.01,77007.65,1777321977000
1777321979.103,179.103,0.66,0.67,0.33,0.34,0.01,0.01,77007.65,1777321977000
1777321980.033,180.033,0.66,0.67,0.33,0.34,0.01,0.01,77008.39,1777321978000
1777321980.372,180.372,0.66,0.67,0.33,0.34,0.01,0.01,77008.39,1777321978000
1777321980.706,180.706,0.66,0.67,0.33,0.34,0.01,0.01,77009.11,1777321979000
1777321981.384,181.384,0.66,0.67,0.33,0.34,0.01,0.01,77009.11,1777321980000
1777321981.738,181.738,0.64,0.66,0.34,0.36,0.02,0.02,77009.11,1777321980000
1777321982.08,182.08,0.61,0.62,0.38,0.39,0.01,0.01,77009.1,1777321981000
1777321982.462,182.462,0.61,0.62,0.38,0.39,0.01,0.01,77009.1,1777321981000
1777321982.875,182.875,0.58,0.59,0.38,0.42,0.01,0.04,77009.1,1777321981000
1777321983.296,183.296,0.58,0.59,0.41,0.42,0.01,0.01,77004.89,1777321982000
1777321983.635,183.635,0.58,0.59,0.41,0.42,0.01,0.01,77004.89,1777321982000
1777321984.049,184.049,0.58,0.59,0.41,0.42,0.01,0.01,77004.89,1777321982000
1777321984.424,184.424,0.56,0.57,0.41,0.42,0.01,0.01,77003.55,1777321983000
1777321984.772,184.772,0.56,0.57,0.43,0.44,0.01,0.01,77003.55,1777321983000
1777321985.281,185.281,0.56,0.57,0.43,0.44,0.01,0.01,77003.55,1777321984000
1777321985.628,185.628,0.56,0.57,0.43,0.44,0.01,0.01,77003.55,1777321984000
1777321986.065,186.065,0.57,0.58,0.42,0.43,0.01,0.01,77003.6,1777321985000
1777321986.433,186.433,0.57,0.58,0.42,0.43,0.01,0.01,77003.6,1777321985000
1777321986.856,186.856,0.57,0.59,0.42,0.43,0.02,0.01,77003.6,1777321985000
1777321987.373,187.373,0.57,0.58,0.41,0.43,0.01,0.02,77002.97,1777321986000
1777321987.734,187.734,0.57,0.58,0.42,0.43,0.01,0.01,77002.97,1777321986000
1777321988.189,188.189,0.57,0.58,0.42,0.43,0.01,0.01,77003.18,1777321987000
1777321988.687,188.687,0.58,0.59,0.41,0.42,0.01,0.01,77003.18,1777321987000
1777321989.266,189.266,0.58,0.59,0.41,0.42,0.01,0.01,77002.96,1777321988000
1777321989.61,189.61,0.58,0.6,0.41,0.42,0.02,0.01,77002.96,1777321988000
1777321990.266,190.266,0.61,0.62,0.38,0.39,0.01,0.01,77003.15,1777321989000
1777321990.777,190.777,0.61,0.62,0.38,0.39,0.01,0.01,77003.15,1777321989000
1777321991.175,191.175,0.61,0.62,0.38,0.39,0.01,0.01,77003.15,1777321989000
1777321991.548,191.548,0.61,0.62,0.38,0.39,0.01,0.01,77003.19,1777321990000
1777321992.098,192.098,0.61,0.62,0.38,0.39,0.01,0.01,77003.19,1777321990000
1777321992.439,192.439,0.61,0.62,0.38,0.39,0.01,0.01,77003.19,1777321991000
1777321992.985,192.985,0.61,0.62,0.38,0.39,0.01,0.01,77003.22,1777321992000
1777321993.512,193.512,0.59,0.6,0.4,0.41,0.01,0.01,77003.22,1777321992000
1777321994.024,194.024,0.57,0.6,0.4,0.41,0.03,0.01,77003.22,1777321992000
1777321994.395,194.395,0.57,0.59,0.41,0.43,0.02,0.02,77003.0,1777321993000
1777321995.099,195.099,0.58,0.59,0.41,0.42,0.01,0.01,77003.0,1777321993000
1777321995.521,195.521,0.58,0.59,0.41,0.42,0.01,0.01,77002.94,1777321994000
1777321996.007,196.007,0.58,0.59,0.41,0.42,0.01,0.01,77002.68,1777321995000
1777321996.389,196.389,0.58,0.59,0.41,0.42,0.01,0.01,77002.68,1777321995000
1777321996.725,196.725,0.58,0.59,0.41,0.42,0.01,0.01,77002.68,1777321995000
1777321997.059,197.059,0.58,0.59,0.41,0.42,0.01,0.01,77002.68,1777321995000
1777321997.528,197.528,0.58,0.59,0.41,0.42,0.01,0.01,77003.22,1777321996000
1777321998.014,198.014,0.58,0.59,0.41,0.42,0.01,0.01,77003.22,1777321996000
1777321998.425,198.425,0.58,0.59,0.41,0.42,0.01,0.01,77002.67,1777321997000
1777321999.11,199.11,0.58,0.61,0.39,0.42,0.03,0.03,77004.01,1777321998000
1777321999.735,199.735,0.6,0.61,0.39,0.4,0.01,0.01,77004.01,1777321998000
1777322000.085,200.085,0.6,0.61,0.39,0.4,0.01,0.01,77004.01,1777321998000
1777322000.745,200.745,0.59,0.6,0.4,0.41,0.01,0.01,77004.01,1777321999000
1777322001.088,201.088,0.59,0.6,0.4,0.41,0.01,0.01,77004.01,1777321999000
1777322001.441,201.441,0.59,0.6,0.4,0.41,0.01,0.01,77004.15,1777322000000
1777322002.358,202.358,0.59,0.64,0.36,0.41,0.05,0.05,77004.15,1777322001000
1777322002.766,202.766,0.6,0.61,0.39,0.4,0.01,0.01,77004.15,1777322001000
1777322003.109,203.109,0.6,0.61,0.39,0.4,0.01,0.01,77004.15,1777322002000
1777322003.454,203.454,0.6,0.61,0.39,0.4,0.01,0.01,77004.15,1777322002000
1777322003.806,203.806,0.61,0.63,0.38,0.4,0.02,0.02,77004.15,1777322002000
1777322004.208,204.208,0.61,0.62,0.38,0.39,0.01,0.01,77002.64,1777322003000
1777322004.722,204.722,0.61,0.63,0.37,0.39,0.02,0.02,77002.64,1777322003000
1777322005.351,205.351,0.61,0.62,0.38,0.39,0.01,0.01,77002.64,1777322003000
1777322006.013,206.013,0.62,0.63,0.37,0.38,0.01,0.01,77003.2,1777322004000
1777322006.448,206.448,0.61,0.62,0.38,0.39,0.01,0.01,77003.2,1777322004000
1777322007.56,207.56,0.61,0.62,0.38,0.39,0.01,0.01,77004.58,1777322006000
1777322008.204,208.204,0.61,0.62,0.38,0.39,0.01,0.01,77004.81,1777322007000
1777322008.723,208.723,0.6,0.62,0.38,0.39,0.02,0.01,77004.81,1777322007000
1777322009.174,209.174,0.61,0.62,0.38,0.39,0.01,0.01,77004.81,1777322007000
1777322009.536,209.536,0.61,0.62,0.38,0.39,0.01,0.01,77004.81,1777322007000
1777322009.877,209.877,0.61,0.62,0.38,0.39,0.01,0.01,77004.9,1777322008000
1777322010.647,210.647,0.59,0.62,0.38,0.39,0.03,0.01,77004.9,1777322008000
1777322010.989,210.989,0.46,0.5,0.5,0.54,0.04,0.04,77004.93,1777322009000
1777322011.344,211.344,0.49,0.5,0.5,0.51,0.01,0.01,77004.93,1777322009000
1777322011.849,211.849,0.47,0.48,0.52,0.53,0.01,0.01,77004.24,1777322010000
1777322012.251,212.251,0.47,0.48,0.52,0.53,0.01,0.01,77004.24,1777322010000
1777322012.699,212.699,0.47,0.48,0.52,0.53,0.01,0.01,77004.24,1777322011000
1777322013.092,213.092,0.48,0.51,0.49,0.52,0.03,0.03,76999.79,1777322012000
1777322013.425,213.425,0.49,0.5,0.5,0.51,0.01,0.01,76999.79,1777322012000
1777322014.345,214.345,0.5,0.51,0.49,0.5,0.01,0.01,76997.73,1777322013000
1777322014.91,214.91,0.5,0.51,0.49,0.5,0.01,0.01,76997.73,1777322013000
1777322015.27,215.27,0.5,0.51,0.49,0.5,0.01,0.01,76997.73,1777322013000
1777322015.603,215.603,0.5,0.51,0.49,0.5,0.01,0.01,76997.73,1777322013000
1777322016.079,216.079,0.5,0.51,0.49,0.5,0.01,0.01,76997.71,1777322014000
1777322016.558,216.558,0.52,0.54,0.49,0.5,0.02,0.01,76997.89,1777322015000
1777322016.963,216.963,0.54,0.55,0.45,0.47,0.01,0.02,76997.89,1777322015000
1777322017.403,217.403,0.56,0.57,0.43,0.45,0.01,0.02,76997.89,1777322015000
1777322017.819,217.819,0.56,0.57,0.43,0.44,0.01,0.01,76997.89,1777322015000
1777322018.238,218.238,0.57,0.58,0.42,0.44,0.01,0.02,76997.89,1777322016000
1777322018.577,218.577,0.57,0.59,0.42,0.43,0.02,0.01,76997.89,1777322016000
1777322018.968,218.968,0.58,0.59,0.41,0.42,0.01,0.01,76997.89,1777322017000
1777322019.305,219.305,0.58,0.6,0.4,0.42,0.02,0.02,76997.72,1777322018000
1777322020.205,220.205,0.58,0.59,0.41,0.42,0.01,0.01,76997.72,1777322018000
1777322020.674,220.674,0.59,0.6,0.41,0.42,0.01,0.01,76997.83,1777322019000
1777322021.16,221.16,0.59,0.6,0.4,0.41,0.01,0.01,76997.83,1777322019000
1777322021.533,221.533,0.59,0.6,0.4,0.41,0.01,0.01,76997.83,1777322020000
1777322021.881,221.881,0.59,0.6,0.4,0.41,0.01,0.01,76997.83,1777322020000
1777322022.223,222.223,0.59,0.6,0.4,0.41,0.01,0.01,76997.83,1777322020000
1777322022.593,222.593,0.59,0.62,0.38,0.41,0.03,0.03,76997.98,1777322021000
1777322023.005,223.005,0.6,0.61,0.39,0.4,0.01,0.01,76997.98,1777322021000
1777322023.622,223.622,0.6,0.61,0.39,0.4,0.01,0.01,76997.78,1777322022000
1777322023.973,223.973,0.6,0.61,0.39,0.4,0.01,0.01,76997.78,1777322022000
1777322024.35,224.35,0.6,0.61,0.39,0.4,0.01,0.01,76997.91,1777322023000
1777322024.739,224.739,0.6,0.61,0.39,0.4,0.01,0.01,76997.91,1777322023000
1777322025.096,225.096,0.6,0.61,0.39,0.4,0.01,0.01,76997.91,1777322023000
1777322025.547,225.547,0.6,0.61,0.39,0.4,0.01,0.01,76997.93,1777322024000
1777322025.897,225.897,0.6,0.61,0.39,0.4,0.01,0.01,76997.93,1777322024000
1777322026.24,226.24,0.6,0.61,0.39,0.4,0.01,0.01,76997.58,1777322025000
1777322026.637,226.637,0.61,0.62,0.38,0.39,0.01,0.01,76997.58,1777322025000
1777322027.094,227.094,0.61,0.62,0.38,0.39,0.01,0.01,76997.58,1777322025000
1777322027.432,227.432,0.61,0.62,0.38,0.39,0.01,0.01,76997.2,1777322026000
1777322028.174,228.174,0.61,0.62,0.38,0.39,0.01,0.01,76997.2,1777322026000
1777322028.534,228.534,0.61,0.62,0.38,0.39,0.01,0.01,76997.16,1777322027000
1777322028.944,228.944,0.61,0.62,0.38,0.39,0.01,0.01,76997.16,1777322028000
1777322029.304,229.304,0.61,0.62,0.38,0.39,0.01,0.01,76997.16,1777322028000
1777322029.838,229.838,0.59,0.6,0.4,0.41,0.01,0.01,76997.16,1777322028000
1777322030.249,230.249,0.58,0.6,0.4,0.41,0.02,0.01,76997.16,1777322028000
1777322030.743,230.743,0.58,0.59,0.41,0.42,0.01,0.01,76997.84,1777322029000
1777322031.444,231.444,0.58,0.59,0.41,0.42,0.01,0.01,76997.28,1777322030000
1777322031.983,231.983,0.58,0.65,0.41,0.42,0.07,0.01,76997.28,1777322030000
1777322032.49,232.49,0.58,0.59,0.41,0.42,0.01,0.01,76997.28,1777322031000
1777322033.207,233.207,0.6,0.61,0.39,0.42,0.01,0.03,76997.28,1777322031000
1777322033.67,233.67,0.6,0.61,0.39,0.4,0.01,0.01,76997.36,1777322032000
1777322034.459,234.459,0.6,0.61,0.39,0.4,0.01,0.01,76997.89,1777322033000
1777322035.002,235.002,0.6,0.61,0.39,0.4,0.01,0.01,76998.28,1777322034000
1777322035.418,235.418,0.6,0.61,0.39,0.4,0.01,0.01,76998.28,1777322034000
1777322035.801,235.801,0.6,0.61,0.39,0.4,0.01,0.01,76998.28,1777322034000
1777322036.148,236.148,0.6,0.61,0.39,0.4,0.01,0.01,76998.06,1777322035000
1777322036.733,236.733,0.6,0.61,0.39,0.4,0.01,0.01,76998.06,1777322035000
1777322037.217,237.217,0.6,0.61,0.39,0.4,0.01,0.01,76997.94,1777322036000
1777322037.555,237.555,0.61,0.62,0.38,0.39,0.01,0.01,76997.94,1777322036000
1777322037.907,237.907,0.61,0.62,0.38,0.39,0.01,0.01,76997.94,1777322036000
1777322038.298,238.298,0.61,0.62,0.38,0.39,0.01,0.01,76998.26,1777322037000
1777322038.749,238.749,0.61,0.63,0.38,0.39,0.02,0.01,76998.26,1777322037000
1777322039.132,239.132,0.61,0.62,0.38,0.39,0.01,0.01,76998.26,1777322037000
1777322039.476,239.476,0.61,0.62,0.38,0.39,0.01,0.01,76998.28,1777322038000
1777322040.003,240.003,0.61,0.62,0.38,0.39,0.01,0.01,76998.28,1777322038000
1777322040.457,240.457,0.62,0.63,0.37,0.39,0.01,0.02,76998.28,1777322038000
1777322040.819,240.819,0.61,0.62,0.38,0.39,0.01,0.01,76998.3,1777322039000
1777322041.152,241.152,0.61,0.62,0.38,0.39,0.01,0.01,76998.23,1777322040000
1777322041.575,241.575,0.61,0.63,0.38,0.39,0.02,0.01,76998.23,1777322040000
1777322041.927,241.927,0.6,0.63,0.37,0.39,0.03,0.02,76998.23,1777322040000
1777322042.315,242.315,0.59,0.61,0.37,0.4,0.02,0.03,76998.38,1777322041000
1777322042.734,242.734,0.61,0.62,0.38,0.39,0.01,0.01,76998.38,1777322041000
1777322043.068,243.068,0.62,0.63,0.37,0.38,0.01,0.01,76998.38,1777322041000
1777322043.441,243.441,0.66,0.67,0.33,0.37,0.01,0.04,76998.39,1777322042000
1777322043.846,243.846,0.66,0.67,0.33,0.34,0.01,0.01,76998.39,1777322042000
1777322044.256,244.256,0.66,0.67,0.33,0.34,0.01,0.01,76998.39,1777322042000
1777322044.591,244.591,0.64,0.65,0.35,0.36,0.01,0.01,76998.38,1777322043000
1777322044.936,244.936,0.64,0.65,0.35,0.36,0.01,0.01,76998.38,1777322043000
1777322045.544,245.544,0.64,0.65,0.35,0.36,0.01,0.01,76998.38,1777322044000
1777322045.98,245.98,0.64,0.65,0.35,0.36,0.01,0.01,76998.38,1777322044000
1777322046.584,246.584,0.64,0.65,0.35,0.36,0.01,0.01,76998.39,1777322045000
1777322047.011,247.011,0.64,0.65,0.35,0.36,0.01,0.01,76999.72,1777322046000
1777322047.962,247.962,0.64,0.65,0.35,0.36,0.01,0.01,76999.72,1777322046000
1777322049.016,249.016,0.62,0.63,0.37,0.38,0.01,0.01,76999.72,1777322047000
1777322049.5,249.5,0.62,0.63,0.37,0.39,0.01,0.02,76999.72,1777322048000
1777322049.894,249.894,0.62,0.63,0.37,0.38,0.01,0.01,76999.72,1777322048000
1777322050.236,250.236,0.62,0.65,0.35,0.38,0.03,0.03,77001.72,1777322049000
1777322051.089,251.089,0.66,0.67,0.33,0.36,0.01,0.03,77001.72,1777322049000
1777322051.441,251.441,0.74,0.75,0.25,0.26,0.01,0.01,77002.45,1777322050000
1777322051.858,251.858,0.81,0.82,0.18,0.21,0.01,0.03,77002.45,1777322050000
1777322052.232,252.232,0.81,0.83,0.17,0.19,0.02,0.02,77002.26,1777322051000
1777322052.618,252.618,0.82,0.83,0.17,0.18,0.01,0.01,77002.26,1777322051000
1777322052.974,252.974,0.82,0.83,0.17,0.18,0.01,0.01,77002.26,1777322051000
1777322053.474,253.474,0.83,0.84,0.17,0.18,0.01,0.01,77006.4,1777322052000
1777322053.815,253.815,0.83,0.84,0.16,0.17,0.01,0.01,77006.4,1777322052000
1777322054.154,254.154,0.83,0.84,0.16,0.17,0.01,0.01,77006.4,1777322052000
1777322054.497,254.497,0.83,0.85,0.15,0.17,0.02,0.02,77005.24,1777322053000
1777322054.928,254.928,0.84,0.85,0.15,0.16,0.01,0.01,77005.24,1777322053000
1777322055.528,255.528,0.83,0.84,0.15,0.17,0.01,0.02,77005.51,1777322054000
1777322055.902,255.902,0.83,0.84,0.16,0.17,0.01,0.01,77005.51,1777322054000
1777322056.381,256.381,0.82,0.83,0.17,0.18,0.01,0.01,77006.07,1777322055000
1777322056.723,256.723,0.82,0.83,0.17,0.18,0.01,0.01,77006.07,1777322055000
1777322057.091,257.091,0.81,0.82,0.18,0.19,0.01,0.01,77006.48,1777322056000
1777322057.437,257.437,0.8,0.82,0.18,0.19,0.02,0.01,77006.48,1777322056000
1777322057.969,257.969,0.79,0.8,0.19,0.21,0.01,0.02,77006.48,1777322056000
1777322058.31,258.31,0.77,0.78,0.22,0.23,0.01,0.01,77006.44,1777322057000
1777322058.678,258.678,0.76,0.77,0.23,0.24,0.01,0.01,77006.44,1777322057000
1777322059.016,259.016,0.76,0.77,0.23,0.24,0.01,0.01,77006.35,1777322058000
1777322059.529,259.529,0.76,0.77,0.23,0.24,0.01,0.01,77006.35,1777322058000
1777322059.912,259.912,0.76,0.77,0.23,0.24,0.01,0.01,77006.35,1777322058000
1777322060.257,260.257,0.76,0.77,0.23,0.24,0.01,0.01,77005.83,1777322059000
1777322060.658,260.658,0.76,0.77,0.23,0.24,0.01,0.01,77005.83,1777322059000
1777322061.093,261.093,0.79,0.8,0.2,0.22,0.01,0.02,77005.83,1777322059000
1777322061.428,261.428,0.79,0.8,0.2,0.21,0.01,0.01,77006.31,1777322060000
1777322061.816,261.816,0.79,0.8,0.2,0.21,0.01,0.01,77006.31,1777322060000
1777322062.588,262.588,0.83,0.84,0.17,0.18,0.01,0.01,77006.3,1777322061000
1777322062.942,262.942,0.83,0.84,0.16,0.17,0.01,0.01,77006.3,1777322061000
1777322063.286,263.286,0.85,0.87,0.14,0.16,0.02,0.02,77006.3,1777322061000
1777322063.777,263.777,0.86,0.87,0.13,0.14,0.01,0.01,77006.38,1777322062000
1777322064.202,264.202,0.86,0.87,0.13,0.14,0.01,0.01,77006.08,1777322063000
1777322064.543,264.543,0.88,0.89,0.11,0.12,0.01,0.01,77006.08,1777322063000
1777322064.929,264.929,0.86,0.9,0.13,0.14,0.04,0.01,77006.08,1777322063000
1777322065.363,265.363,0.89,0.9,0.1,0.11,0.01,0.01,77006.05,1777322064000
1777322065.7,265.7,0.89,0.9,0.1,0.11,0.01,0.01,77006.05,1777322064000
1777322066.036,266.036,0.88,0.9,0.1,0.12,0.02,0.02,77006.05,1777322064000
1777322066.396,266.396,0.88,0.89,0.1,0.12,0.01,0.02,77005.57,1777322065000
1777322066.77,266.77,0.9,0.91,0.09,0.1,0.01,0.01,77005.57,1777322065000
1777322067.144,267.144,0.9,0.91,0.09,0.1,0.01,0.01,77005.57,1777322066000
1777322067.56,267.56,0.9,0.91,0.09,0.1,0.01,0.01,77005.57,1777322066000
1777322067.902,267.902,0.9,0.91,0.09,0.1,0.01,0.01,77005.57,1777322066000
1777322068.235,268.235,0.9,0.91,0.08,0.1,0.01,0.02,77005.58,1777322067000
1777322068.611,268.611,0.89,0.9,0.08,0.09,0.01,0.01,77005.58,1777322067000
1777322068.945,268.945,0.9,0.91,0.08,0.11,0.01,0.03,77005.58,1777322067000
1777322069.279,269.279,0.91,0.92,0.09,0.1,0.01,0.01,77005.69,1777322068000
1777322069.679,269.679,0.91,0.92,0.08,0.09,0.01,0.01,77005.69,1777322068000
1777322070.083,270.083,0.9,0.91,0.09,0.1,0.01,0.01,77005.69,1777322068000
1777322070.417,270.417,0.91,0.92,0.08,0.09,0.01,0.01,77005.69,1777322068000
1777322070.94,270.94,0.92,0.93,0.07,0.08,0.01,0.01,77005.69,1777322068000
1777322071.274,271.274,0.92,0.93,0.07,0.08,0.01,0.01,77005.58,1777322069000
1777322071.653,271.653,0.92,0.93,0.07,0.08,0.01,0.01,77005.58,1777322069000
1777322072.029,272.029,0.92,0.93,0.07,0.08,0.01,0.01,77005.58,1777322069000
1777322072.408,272.408,0.92,0.93,0.07,0.08,0.01,0.01,77005.58,1777322070000
1777322072.772,272.772,0.92,0.93,0.07,0.08,0.01,0.01,77005.58,1777322070000
1777322073.23,273.23,0.92,0.93,0.07,0.08,0.01,0.01,77005.59,1777322072000
1777322073.611,273.611,0.91,0.92,0.08,0.09,0.01,0.01,77005.59,1777322072000
1777322074.046,274.046,0.91,0.92,0.08,0.09,0.01,0.01,77005.59,1777322072000
1777322074.499,274.499,0.91,0.92,0.08,0.09,0.01,0.01,77005.66,1777322073000
1777322074.901,274.901,0.91,0.92,0.08,0.09,0.01,0.01,77005.66,1777322073000
1777322075.254,275.254,0.89,0.92,0.08,0.09,0.03,0.01,77005.66,1777322074000
1777322075.613,275.613,0.9,0.91,0.09,0.1,0.01,0.01,77005.66,1777322074000
1777322076.06,276.06,0.9,0.91,0.09,0.1,0.01,0.01,77005.66,1777322074000
1777322076.405,276.405,0.9,0.91,0.09,0.1,0.01,0.01,77005.66,1777322074000
1777322076.746,276.746,0.9,0.91,0.09,0.1,0.01,0.01,77005.66,1777322075000
1777322077.115,277.115,0.9,0.91,0.09,0.1,0.01,0.01,77005.66,1777322075000
1777322077.555,277.555,0.91,0.92,0.08,0.1,0.01,0.02,77005.66,1777322075000
1777322077.908,277.908,0.91,0.93,0.08,0.09,0.02,0.01,77005.69,1777322076000
1777322078.255,278.255,0.92,0.93,0.07,0.09,0.01,0.02,77005.69,1777322077000
1777322078.595,278.595,0.92,0.93,0.07,0.08,0.01,0.01,77005.69,1777322077000
1777322079.02,279.02,0.92,0.94,0.07,0.08,0.02,0.01,77005.69,1777322077000
1777322079.362,279.362,0.93,0.94,0.06,0.07,0.01,0.01,77005.69,1777322077000
1777322079.825,279.825,0.93,0.94,0.06,0.07,0.01,0.01,77005.68,1777322078000
1777322080.177,280.177,0.93,0.94,0.06,0.07,0.01,0.01,77005.68,1777322079000
1777322080.517,280.517,0.93,0.94,0.06,0.07,0.01,0.01,77005.68,1777322079000
1777322080.895,280.895,0.94,0.95,0.05,0.06,0.01,0.01,77005.68,1777322079000
1777322081.24,281.24,0.94,0.95,0.05,0.06,0.01,0.01,77005.68,1777322079000
1777322081.686,281.686,0.94,0.95,0.05,0.06,0.01,0.01,77005.67,1777322080000
1777322082.108,282.108,0.94,0.95,0.05,0.06,0.01,0.01,77005.67,1777322080000
1777322082.451,282.451,0.95,0.96,0.04,0.05,0.01,0.01,77005.67,1777322081000
1777322082.882,282.882,0.93,0.94,0.06,0.07,0.01,0.01,77005.67,1777322081000
1777322083.273,283.273,0.94,0.95,0.05,0.06,0.01,0.01,77005.67,1777322081000
1777322083.672,283.672,0.94,0.95,0.05,0.06,0.01,0.01,77005.68,1777322082000
1777322084.064,284.064,0.94,0.95,0.05,0.06,0.01,0.01,77005.68,1777322082000
1777322084.445,284.445,0.95,0.96,0.04,0.06,0.01,0.02,77005.67,1777322083000
1777322084.821,284.821,0.95,0.96,0.04,0.05,0.01,0.01,77005.67,1777322083000
1777322085.197,285.197,0.93,0.96,0.03,0.07,0.03,0.04,77005.67,1777322083000
1777322085.548,285.548,0.95,0.96,0.04,0.05,0.01,0.01,77005.67,1777322083000
1777322085.897,285.897,0.95,0.96,0.03,0.05,0.01,0.02,77005.68,1777322084000
1777322086.305,286.305,0.93,0.94,0.06,0.07,0.01,0.01,77005.68,1777322084000
1777322086.753,286.753,0.93,0.94,0.06,0.07,0.01,0.01,77005.69,1777322085000
1777322087.14,287.14,0.93,0.94,0.06,0.07,0.01,0.01,77005.67,1777322086000
1777322087.671,287.671,0.93,0.94,0.06,0.07,0.01,0.01,77005.67,1777322086000
1777322088.056,288.056,0.93,0.94,0.06,0.07,0.01,0.01,77005.67,1777322086000
1777322088.529,288.529,0.93,0.96,0.04,0.07,0.03,0.03,77005.67,1777322087000
1777322088.935,288.935,0.91,0.96,0.04,0.05,0.05,0.01,77005.67,1777322087000
1777322089.389,289.389,0.95,0.96,0.05,0.07,0.01,0.02,77005.67,1777322087000
1777322089.758,289.758,0.95,0.97,0.04,0.05,0.02,0.01,77005.84,1777322088000
1777322090.342,290.342,0.95,0.97,0.03,0.05,0.02,0.02,77005.84,1777322089000
1777322090.685,290.685,0.96,0.97,0.03,0.04,0.01,0.01,77005.84,1777322089000
1777322091.069,291.069,0.96,0.97,0.03,0.04,0.01,0.01,77005.84,1777322089000
1777322091.429,291.429,0.96,0.97,0.03,0.04,0.01,0.01,77005.75,1777322090000
1777322091.896,291.896,0.96,0.97,0.03,0.04,0.01,0.01,77005.75,1777322090000
1777322092.267,292.267,0.96,0.97,0.03,0.04,0.01,0.01,77005.86,1777322091000
1777322092.712,292.712,0.97,0.98,0.02,0.03,0.01,0.01,77005.86,1777322091000
1777322093.176,293.176,0.98,0.99,0.01,0.02,0.01,0.01,77005.86,1777322091000
1777322093.529,293.529,0.98,0.99,0.01,0.02,0.01,0.01,77006.86,1777322092000
1777322093.864,293.864,0.99,0.99,0.01,0.02,0.0,0.01,77006.86,1777322092000
1777322094.234,294.234,0.97,0.99,0.01,0.03,0.02,0.02,77006.86,1777322092000
1777322094.621,294.621,0.96,0.97,0.03,0.04,0.01,0.01,77007.95,1777322093000
1777322094.99,294.99,0.99,0.98,0.02,0.06,-0.01,0.04,77007.95,1777322093000
1777322095.362,295.362,0.88,0.97,0.03,0.12,0.09,0.09,77008.35,1777322094000
1777322095.698,295.698,0.95,0.96,0.04,0.05,0.01,0.01,77008.35,1777322094000
1777322096.073,296.073,0.96,0.97,0.03,0.04,0.01,0.01,77008.35,1777322095000
1777322096.432,296.432,0.97,0.98,0.02,0.03,0.01,0.01,77008.35,1777322095000
1777322096.801,296.801,0.97,0.98,0.02,0.03,0.01,0.01,77008.35,1777322095000
1777322097.186,297.186,0.97,0.99,0.01,0.03,0.02,0.02,77009.39,1777322096000
1777322097.521,297.521,0.99,0.99,0.01,0.01,0.0,0.0,77009.39,1777322096000
1777322097.898,297.898,0.01,0.99,0.01,0.01,0.98,0.0,77009.39,1777322096000
1777322098.367,298.367,0.03,0.99,0.01,0.98,0.96,0.97,77009.33,1777322097000
1777322098.716,298.716,0.92,0.99,0.01,0.33,0.07,0.32,77009.33,1777322097000
1777322099.13,299.13,0.99,0.99,0.01,0.01,0.0,0.0,77009.32,1777322098000
1777322099.628,299.628,0.99,0.99,0.01,0.01,0.0,0.0,77009.32,1777322098000
1777322099.983,299.983,0.99,0.99,0.01,0.01,0.0,0.0,77009.32,1777322098000
1777322100.352,300.352,0.99,0.99,0.01,0.01,0.0,0.0,77009.28,1777322099000
1777322100.787,300.787,0.99,0.99,0.01,0.01,0.0,0.0,77009.28,1777322099000
1777322102.084,302.084,0.99,0.99,0.01,0.01,0.0,0.0,77009.85,1777322101000

# RESULT,winner=Up,slug=btc-updown-5m-1777321800,ticks=658
