timestamp,elapsed_sec,up_bid,up_ask,down_bid,down_ask,up_spread,down_spread,btc_price,btc_oracle_ts
1777287600.559,0.559,0.51,0.52,0.48,0.49,0.01,0.01,77857.41,1777287598000
1777287600.979,0.979,0.51,0.52,0.48,0.49,0.01,0.01,77856.8,1777287599000
1777287601.399,1.399,0.5,0.51,0.49,0.5,0.01,0.01,77856.8,1777287599000
1777287601.97,1.97,0.48,0.5,0.49,0.51,0.02,0.02,77856.8,1777287600000
1777287602.322,2.322,0.43,0.44,0.56,0.57,0.01,0.01,77857.12,1777287601000
1777287602.665,2.665,0.43,0.44,0.56,0.57,0.01,0.01,77857.12,1777287601000
1777287603.157,3.157,0.43,0.44,0.56,0.57,0.01,0.01,77857.12,1777287601000
1777287603.5,3.5,0.43,0.44,0.56,0.57,0.01,0.01,77857.12,1777287601000
1777287603.835,3.835,0.4,0.44,0.56,0.6,0.04,0.04,77857.12,1777287601000
1777287604.346,4.346,0.31,0.32,0.68,0.69,0.01,0.01,77852.6,1777287602000
1777287604.686,4.686,0.31,0.32,0.68,0.69,0.01,0.01,77849.09,1777287603000
1777287605.045,5.045,0.31,0.32,0.68,0.69,0.01,0.01,77849.09,1777287603000
1777287605.415,5.415,0.31,0.32,0.68,0.69,0.01,0.01,77848.74,1777287604000
1777287605.803,5.803,0.31,0.32,0.68,0.69,0.01,0.01,77848.74,1777287604000
1777287606.305,6.305,0.32,0.33,0.67,0.68,0.01,0.01,77844.8,1777287605000
1777287606.641,6.641,0.32,0.33,0.67,0.68,0.01,0.01,77844.8,1777287605000
1777287607.005,7.005,0.32,0.33,0.67,0.68,0.01,0.01,77844.8,1777287605000
1777287607.619,7.619,0.31,0.32,0.67,0.69,0.01,0.02,77844.8,1777287605000
1777287607.96,7.96,0.31,0.32,0.68,0.69,0.01,0.01,77844.35,1777287606000
1777287608.343,8.343,0.31,0.32,0.68,0.69,0.01,0.01,77844.35,1777287606000
1777287608.68,8.68,0.31,0.32,0.68,0.69,0.01,0.01,77844.35,1777287606000
1777287609.058,9.058,0.31,0.32,0.68,0.69,0.01,0.01,77844.35,1777287607000
1777287609.438,9.438,0.31,0.32,0.68,0.69,0.01,0.01,77842.54,1777287608000
1777287609.793,9.793,0.3,0.31,0.69,0.7,0.01,0.01,77842.54,1777287608000
1777287610.141,10.141,0.3,0.31,0.69,0.7,0.01,0.01,77842.54,1777287608000
1777287610.502,10.502,0.3,0.31,0.69,0.7,0.01,0.01,77842.54,1777287608000
1777287610.914,10.914,0.3,0.31,0.69,0.7,0.01,0.01,77842.54,1777287608000
1777287611.333,11.333,0.3,0.31,0.69,0.7,0.01,0.01,77841.06,1777287609000
1777287612.023,12.023,0.3,0.31,0.69,0.7,0.01,0.01,77841.06,1777287610000
1777287612.423,12.423,0.3,0.31,0.69,0.7,0.01,0.01,77841.01,1777287611000
1777287612.816,12.816,0.3,0.31,0.69,0.7,0.01,0.01,77841.01,1777287611000
1777287613.22,13.22,0.3,0.31,0.69,0.7,0.01,0.01,77841.01,1777287611000
1777287613.584,13.584,0.3,0.31,0.69,0.7,0.01,0.01,77841.01,1777287611000
1777287613.981,13.981,0.3,0.31,0.69,0.7,0.01,0.01,77840.55,1777287612000
1777287614.348,14.348,0.3,0.31,0.69,0.7,0.01,0.01,77840.55,1777287612000
1777287615.002,15.002,0.3,0.31,0.69,0.7,0.01,0.01,77841.0,1777287613000
1777287615.337,15.337,0.3,0.31,0.69,0.7,0.01,0.01,77841.0,1777287613000
1777287615.68,15.68,0.3,0.31,0.69,0.7,0.01,0.01,77841.0,1777287613000
1777287616.124,16.124,0.3,0.31,0.69,0.7,0.01,0.01,77840.8,1777287614000
1777287616.557,16.557,0.3,0.31,0.69,0.7,0.01,0.01,77840.88,1777287615000
1777287617.01,17.01,0.3,0.31,0.69,0.7,0.01,0.01,77840.88,1777287615000
1777287617.451,17.451,0.3,0.31,0.69,0.7,0.01,0.01,77840.88,1777287616000
1777287617.882,17.882,0.3,0.31,0.69,0.7,0.01,0.01,77840.88,1777287616000
1777287618.325,18.325,0.3,0.31,0.69,0.7,0.01,0.01,77840.88,1777287616000
1777287618.686,18.686,0.31,0.32,0.68,0.7,0.01,0.02,77840.88,1777287616000
1777287619.131,19.131,0.32,0.33,0.67,0.68,0.01,0.01,77840.32,1777287617000
1777287619.474,19.474,0.32,0.33,0.67,0.68,0.01,0.01,77840.32,1777287617000
1777287619.826,19.826,0.35,0.36,0.63,0.65,0.01,0.02,77840.5,1777287618000
1777287620.26,20.26,0.37,0.38,0.62,0.63,0.01,0.01,77840.5,1777287619000
1777287620.653,20.653,0.37,0.38,0.62,0.63,0.01,0.01,77840.5,1777287619000
1777287621.218,21.218,0.37,0.38,0.62,0.63,0.01,0.01,77840.5,1777287619000
1777287621.564,21.564,0.38,0.4,0.61,0.63,0.02,0.02,77843.62,1777287620000
1777287621.928,21.928,0.39,0.4,0.6,0.61,0.01,0.01,77843.62,1777287620000
1777287622.451,22.451,0.39,0.4,0.6,0.61,0.01,0.01,77843.62,1777287621000
1777287622.786,22.786,0.39,0.4,0.6,0.61,0.01,0.01,77843.62,1777287621000
1777287623.15,23.15,0.39,0.4,0.6,0.61,0.01,0.01,77843.62,1777287621000
1777287623.487,23.487,0.39,0.4,0.6,0.61,0.01,0.01,77846.28,1777287622000
1777287623.875,23.875,0.39,0.4,0.6,0.61,0.01,0.01,77846.28,1777287622000
1777287624.279,24.279,0.39,0.4,0.6,0.61,0.01,0.01,77846.28,1777287622000
1777287624.664,24.664,0.39,0.4,0.6,0.61,0.01,0.01,77847.02,1777287623000
1777287625.117,25.117,0.39,0.4,0.6,0.61,0.01,0.01,77842.31,1777287624000
1777287625.455,25.455,0.39,0.4,0.6,0.61,0.01,0.01,77842.31,1777287624000
1777287625.8,25.8,0.39,0.4,0.6,0.61,0.01,0.01,77842.31,1777287624000
1777287626.225,26.225,0.38,0.39,0.61,0.62,0.01,0.01,77842.29,1777287625000
1777287626.723,26.723,0.38,0.39,0.61,0.62,0.01,0.01,77842.29,1777287625000
1777287627.099,27.099,0.38,0.39,0.61,0.62,0.01,0.01,77842.31,1777287626000
1777287627.72,27.72,0.38,0.39,0.61,0.62,0.01,0.01,77842.31,1777287626000
1777287628.186,28.186,0.38,0.39,0.61,0.62,0.01,0.01,77847.17,1777287627000
1777287628.524,28.524,0.38,0.39,0.61,0.62,0.01,0.01,77847.17,1777287627000
1777287629.041,29.041,0.38,0.39,0.61,0.62,0.01,0.01,77847.17,1777287627000
1777287629.536,29.536,0.38,0.39,0.61,0.62,0.01,0.01,77847.01,1777287628000
1777287630.188,30.188,0.38,0.39,0.61,0.62,0.01,0.01,77847.01,1777287628000
1777287630.595,30.595,0.38,0.39,0.61,0.62,0.01,0.01,77847.04,1777287629000
1777287630.945,30.945,0.38,0.39,0.61,0.62,0.01,0.01,77847.05,1777287630000
1777287631.302,31.302,0.38,0.39,0.61,0.62,0.01,0.01,77847.05,1777287630000
1777287631.64,31.64,0.38,0.39,0.61,0.62,0.01,0.01,77847.05,1777287630000
1777287631.975,31.975,0.38,0.39,0.61,0.62,0.01,0.01,77847.05,1777287630000
1777287632.351,32.351,0.38,0.39,0.61,0.62,0.01,0.01,77847.06,1777287631000
1777287632.769,32.769,0.37,0.38,0.61,0.63,0.01,0.02,77847.06,1777287631000
1777287633.132,33.132,0.37,0.38,0.62,0.63,0.01,0.01,77847.06,1777287631000
1777287633.515,33.515,0.37,0.38,0.62,0.63,0.01,0.01,77847.06,1777287631000
1777287634.283,34.283,0.37,0.38,0.62,0.63,0.01,0.01,77847.01,1777287632000
1777287634.632,34.632,0.37,0.38,0.62,0.63,0.01,0.01,77847.04,1777287633000
1777287635.639,35.639,0.38,0.39,0.61,0.63,0.01,0.02,77847.05,1777287634000
1777287635.977,35.977,0.43,0.44,0.56,0.61,0.01,0.05,77847.05,1777287634000
1777287636.332,36.332,0.43,0.44,0.55,0.57,0.01,0.02,77847.07,1777287635000
1777287636.739,36.739,0.43,0.44,0.56,0.57,0.01,0.01,77847.07,1777287635000
1777287637.073,37.073,0.43,0.44,0.56,0.57,0.01,0.01,77847.07,1777287635000
1777287637.469,37.469,0.43,0.44,0.56,0.57,0.01,0.01,77847.07,1777287635000
1777287637.82,37.82,0.43,0.44,0.56,0.57,0.01,0.01,77847.07,1777287635000
1777287638.157,38.157,0.43,0.44,0.56,0.57,0.01,0.01,77847.71,1777287636000
1777287638.63,38.63,0.42,0.43,0.57,0.58,0.01,0.01,77844.54,1777287637000
1777287639.178,39.178,0.42,0.43,0.57,0.58,0.01,0.01,77843.67,1777287638000
1777287639.562,39.562,0.42,0.43,0.57,0.58,0.01,0.01,77843.67,1777287638000
1777287639.928,39.928,0.42,0.43,0.57,0.58,0.01,0.01,77843.67,1777287638000
1777287640.261,40.261,0.42,0.43,0.57,0.58,0.01,0.01,77846.65,1777287639000
1777287640.626,40.626,0.42,0.43,0.57,0.58,0.01,0.01,77846.65,1777287639000
1777287641.33,41.33,0.42,0.43,0.57,0.58,0.01,0.01,77846.65,1777287639000
1777287641.694,41.694,0.42,0.44,0.57,0.58,0.02,0.01,77846.51,1777287640000
1777287642.095,42.095,0.46,0.47,0.54,0.55,0.01,0.01,77846.49,1777287641000
1777287642.476,42.476,0.46,0.47,0.53,0.54,0.01,0.01,77846.49,1777287641000
1777287642.843,42.843,0.45,0.46,0.54,0.55,0.01,0.01,77846.49,1777287641000
1777287643.778,43.778,0.45,0.46,0.54,0.55,0.01,0.01,77843.86,1777287642000
1777287644.112,44.112,0.45,0.46,0.54,0.55,0.01,0.01,77843.86,1777287642000
1777287644.641,44.641,0.46,0.47,0.53,0.54,0.01,0.01,77842.32,1777287643000
1777287645.017,45.017,0.46,0.47,0.53,0.54,0.01,0.01,77842.32,1777287643000
1777287645.385,45.385,0.47,0.48,0.52,0.53,0.01,0.01,77843.34,1777287644000
1777287645.725,45.725,0.47,0.48,0.52,0.53,0.01,0.01,77843.34,1777287644000
1777287646.073,46.073,0.47,0.48,0.52,0.53,0.01,0.01,77843.34,1777287644000
1777287646.537,46.537,0.47,0.48,0.52,0.53,0.01,0.01,77845.53,1777287645000
1777287646.964,46.964,0.47,0.48,0.52,0.53,0.01,0.01,77846.31,1777287646000
1777287647.335,47.335,0.47,0.48,0.52,0.53,0.01,0.01,77846.31,1777287646000
1777287647.705,47.705,0.48,0.49,0.5,0.52,0.01,0.02,77846.31,1777287646000
1777287648.041,48.041,0.48,0.49,0.51,0.52,0.01,0.01,77846.31,1777287646000
1777287648.499,48.499,0.48,0.49,0.51,0.52,0.01,0.01,77848.67,1777287647000
1777287648.945,48.945,0.48,0.49,0.51,0.52,0.01,0.01,77848.67,1777287647000
1777287649.293,49.293,0.48,0.49,0.51,0.52,0.01,0.01,77851.32,1777287648000
1777287649.971,49.971,0.48,0.49,0.51,0.52,0.01,0.01,77851.32,1777287648000
1777287650.332,50.332,0.48,0.49,0.51,0.52,0.01,0.01,77849.75,1777287649000
1777287650.755,50.755,0.48,0.49,0.51,0.52,0.01,0.01,77849.75,1777287649000
1777287651.241,51.241,0.48,0.5,0.51,0.52,0.02,0.01,77849.75,1777287649000
1777287651.641,51.641,0.49,0.5,0.5,0.51,0.01,0.01,77850.68,1777287650000
1777287652.004,52.004,0.49,0.5,0.5,0.51,0.01,0.01,77850.68,1777287650000
1777287652.4,52.4,0.49,0.5,0.5,0.51,0.01,0.01,77850.68,1777287650000
1777287652.774,52.774,0.49,0.5,0.5,0.51,0.01,0.01,77851.47,1777287651000
1777287653.208,53.208,0.53,0.54,0.46,0.48,0.01,0.02,77851.47,1777287651000
1777287654.051,54.051,0.53,0.54,0.46,0.47,0.01,0.01,77850.88,1777287652000
1777287654.402,54.402,0.55,0.59,0.41,0.45,0.04,0.04,77851.57,1777287653000
1777287654.758,54.758,0.56,0.6,0.4,0.44,0.04,0.04,77851.57,1777287653000
1777287655.145,55.145,0.59,0.6,0.4,0.41,0.01,0.01,77853.54,1777287654000
1777287655.49,55.49,0.59,0.6,0.4,0.41,0.01,0.01,77853.54,1777287654000
1777287655.856,55.856,0.59,0.6,0.4,0.41,0.01,0.01,77853.54,1777287654000
1777287656.223,56.223,0.59,0.6,0.4,0.41,0.01,0.01,77858.24,1777287655000
1777287657.038,57.038,0.59,0.6,0.4,0.41,0.01,0.01,77860.86,1777287656000
1777287657.394,57.394,0.59,0.6,0.4,0.41,0.01,0.01,77860.86,1777287656000
1777287657.871,57.871,0.59,0.6,0.4,0.41,0.01,0.01,77860.86,1777287656000
1777287658.774,58.774,0.59,0.6,0.4,0.41,0.01,0.01,77861.32,1777287657000
1777287659.181,59.181,0.59,0.6,0.4,0.41,0.01,0.01,77861.32,1777287657000
1777287659.517,59.517,0.59,0.65,0.36,0.41,0.06,0.05,77861.35,1777287658000
1777287659.92,59.92,0.64,0.65,0.35,0.36,0.01,0.01,77861.35,1777287658000
1777287660.287,60.287,0.64,0.65,0.35,0.36,0.01,0.01,77864.08,1777287659000
1777287660.706,60.706,0.64,0.65,0.35,0.36,0.01,0.01,77864.08,1777287659000
1777287661.121,61.121,0.64,0.65,0.35,0.36,0.01,0.01,77864.07,1777287660000
1777287661.579,61.579,0.64,0.65,0.35,0.36,0.01,0.01,77864.07,1777287660000
1777287662.08,62.08,0.64,0.65,0.35,0.36,0.01,0.01,77864.07,1777287660000
1777287662.424,62.424,0.64,0.65,0.35,0.36,0.01,0.01,77864.07,1777287660000
1777287662.772,62.772,0.64,0.65,0.35,0.36,0.01,0.01,77864.07,1777287660000
1777287663.112,63.112,0.64,0.65,0.35,0.36,0.01,0.01,77866.45,1777287661000
1777287663.557,63.557,0.64,0.65,0.35,0.36,0.01,0.01,77866.48,1777287662000
1777287663.904,63.904,0.64,0.65,0.35,0.36,0.01,0.01,77866.48,1777287662000
1777287664.327,64.327,0.64,0.65,0.35,0.36,0.01,0.01,77866.63,1777287663000
1777287664.867,64.867,0.64,0.65,0.35,0.36,0.01,0.01,77866.63,1777287663000
1777287665.277,65.277,0.64,0.65,0.35,0.36,0.01,0.01,77866.7,1777287664000
1777287665.778,65.778,0.64,0.65,0.35,0.36,0.01,0.01,77866.7,1777287664000
1777287666.167,66.167,0.64,0.65,0.35,0.36,0.01,0.01,77866.7,1777287664000
1777287666.538,66.538,0.64,0.65,0.35,0.36,0.01,0.01,77866.69,1777287665000
1777287667.028,67.028,0.64,0.65,0.35,0.36,0.01,0.01,77866.69,1777287665000
1777287667.389,67.389,0.64,0.65,0.35,0.36,0.01,0.01,77866.6,1777287666000
1777287667.76,67.76,0.64,0.65,0.35,0.36,0.01,0.01,77866.6,1777287666000
1777287668.159,68.159,0.64,0.65,0.35,0.36,0.01,0.01,77866.6,1777287666000
1777287668.648,68.648,0.64,0.65,0.35,0.36,0.01,0.01,77866.59,1777287667000
1777287669.045,69.045,0.64,0.65,0.35,0.36,0.01,0.01,77866.59,1777287667000
1777287669.384,69.384,0.64,0.65,0.35,0.36,0.01,0.01,77866.65,1777287668000
1777287669.808,69.808,0.64,0.65,0.35,0.36,0.01,0.01,77866.65,1777287668000
1777287670.283,70.283,0.64,0.65,0.35,0.36,0.01,0.01,77866.65,1777287668000
1777287670.716,70.716,0.64,0.65,0.35,0.36,0.01,0.01,77866.59,1777287669000
1777287671.209,71.209,0.64,0.65,0.35,0.36,0.01,0.01,77866.59,1777287669000
1777287671.545,71.545,0.65,0.66,0.34,0.35,0.01,0.01,77866.62,1777287670000
1777287671.984,71.984,0.65,0.66,0.34,0.35,0.01,0.01,77866.62,1777287670000
1777287672.321,72.321,0.65,0.66,0.34,0.35,0.01,0.01,77866.83,1777287671000
1777287672.809,72.809,0.65,0.66,0.34,0.35,0.01,0.01,77866.83,1777287671000
1777287673.222,73.222,0.65,0.66,0.34,0.35,0.01,0.01,77866.83,1777287671000
1777287673.695,73.695,0.65,0.66,0.34,0.35,0.01,0.01,77866.83,1777287672000
1777287674.124,74.124,0.65,0.66,0.34,0.35,0.01,0.01,77866.83,1777287672000
1777287674.512,74.512,0.65,0.66,0.34,0.35,0.01,0.01,77866.7,1777287673000
1777287674.849,74.849,0.63,0.64,0.36,0.38,0.01,0.02,77866.7,1777287673000
1777287675.248,75.248,0.63,0.64,0.36,0.37,0.01,0.01,77866.7,1777287673000
1777287675.741,75.741,0.63,0.64,0.36,0.37,0.01,0.01,77866.7,1777287673000
1777287676.093,76.093,0.63,0.64,0.36,0.37,0.01,0.01,77866.7,1777287673000
1777287676.43,76.43,0.54,0.55,0.45,0.46,0.01,0.01,77866.77,1777287674000
1777287676.769,76.769,0.51,0.52,0.48,0.49,0.01,0.01,77866.77,1777287674000
1777287677.11,77.11,0.5,0.52,0.48,0.5,0.02,0.02,77866.73,1777287675000
1777287677.457,77.457,0.41,0.42,0.58,0.59,0.01,0.01,77863.69,1777287676000
1777287677.867,77.867,0.4,0.41,0.59,0.6,0.01,0.01,77863.69,1777287676000
1777287678.264,78.264,0.4,0.41,0.59,0.6,0.01,0.01,77863.69,1777287677000
1777287678.735,78.735,0.4,0.41,0.59,0.6,0.01,0.01,77863.69,1777287677000
1777287679.17,79.17,0.4,0.41,0.59,0.6,0.01,0.01,77863.69,1777287677000
1777287679.668,79.668,0.4,0.41,0.59,0.6,0.01,0.01,77852.03,1777287678000
1777287680.01,80.01,0.4,0.41,0.59,0.6,0.01,0.01,77852.03,1777287678000
1777287680.372,80.372,0.4,0.41,0.59,0.6,0.01,0.01,77852.03,1777287678000
1777287680.713,80.713,0.4,0.41,0.59,0.6,0.01,0.01,77851.44,1777287679000
1777287681.217,81.217,0.4,0.41,0.59,0.6,0.01,0.01,77851.44,1777287679000
1777287681.934,81.934,0.41,0.42,0.58,0.59,0.01,0.01,77851.27,1777287680000
1777287682.359,82.359,0.41,0.42,0.58,0.59,0.01,0.01,77851.27,1777287680000
1777287682.807,82.807,0.41,0.42,0.58,0.59,0.01,0.01,77851.27,1777287681000
1777287683.411,83.411,0.41,0.42,0.58,0.59,0.01,0.01,77850.7,1777287682000
1777287683.77,83.77,0.41,0.42,0.58,0.59,0.01,0.01,77850.7,1777287682000
1777287684.29,84.29,0.41,0.42,0.58,0.59,0.01,0.01,77851.64,1777287683000
1777287684.781,84.781,0.41,0.42,0.58,0.59,0.01,0.01,77851.64,1777287683000
1777287685.132,85.132,0.41,0.42,0.58,0.59,0.01,0.01,77851.64,1777287683000
1777287685.58,85.58,0.41,0.43,0.58,0.59,0.02,0.01,77851.64,1777287684000
1777287685.969,85.969,0.42,0.43,0.57,0.58,0.01,0.01,77851.64,1777287684000
1777287686.309,86.309,0.42,0.43,0.57,0.58,0.01,0.01,77853.31,1777287685000
1777287686.863,86.863,0.42,0.43,0.57,0.58,0.01,0.01,77853.31,1777287685000
1777287687.406,87.406,0.42,0.43,0.57,0.58,0.01,0.01,77853.31,1777287685000
1777287687.933,87.933,0.42,0.43,0.57,0.58,0.01,0.01,77853.36,1777287686000
1777287688.41,88.41,0.42,0.43,0.57,0.58,0.01,0.01,77853.36,1777287687000
1777287688.916,88.916,0.42,0.43,0.57,0.58,0.01,0.01,77853.36,1777287687000
1777287689.334,89.334,0.42,0.43,0.57,0.58,0.01,0.01,77853.36,1777287687000
1777287689.724,89.724,0.44,0.45,0.55,0.56,0.01,0.01,77853.42,1777287688000
1777287690.072,90.072,0.45,0.46,0.54,0.55,0.01,0.01,77853.42,1777287688000
1777287690.408,90.408,0.45,0.46,0.54,0.55,0.01,0.01,77853.42,1777287688000
1777287691.227,91.227,0.47,0.48,0.52,0.53,0.01,0.01,77853.6,1777287689000
1777287691.604,91.604,0.47,0.48,0.52,0.53,0.01,0.01,77853.73,1777287690000
1777287692.035,92.035,0.47,0.48,0.52,0.53,0.01,0.01,77854.8,1777287691000
1777287692.464,92.464,0.46,0.47,0.53,0.54,0.01,0.01,77854.8,1777287691000
1777287692.841,92.841,0.45,0.46,0.54,0.55,0.01,0.01,77854.8,1777287691000
1777287693.351,93.351,0.44,0.45,0.54,0.56,0.01,0.02,77857.32,1777287692000
1777287693.699,93.699,0.44,0.45,0.55,0.56,0.01,0.01,77857.32,1777287692000
1777287694.04,94.04,0.44,0.45,0.55,0.56,0.01,0.01,77855.38,1777287693000
1777287694.497,94.497,0.44,0.45,0.55,0.56,0.01,0.01,77855.38,1777287693000
1777287694.929,94.929,0.44,0.45,0.55,0.56,0.01,0.01,77855.38,1777287693000
1777287695.403,95.403,0.43,0.44,0.56,0.57,0.01,0.01,77853.77,1777287694000
1777287695.904,95.904,0.43,0.44,0.56,0.57,0.01,0.01,77853.77,1777287694000
1777287696.363,96.363,0.43,0.44,0.56,0.57,0.01,0.01,77853.33,1777287695000
1777287696.833,96.833,0.43,0.44,0.56,0.57,0.01,0.01,77853.33,1777287695000
1777287697.255,97.255,0.43,0.44,0.56,0.57,0.01,0.01,77853.33,1777287695000
1777287697.712,97.712,0.44,0.45,0.55,0.56,0.01,0.01,77853.33,1777287696000
1777287698.066,98.066,0.44,0.45,0.55,0.56,0.01,0.01,77853.33,1777287696000
1777287698.709,98.709,0.44,0.45,0.55,0.56,0.01,0.01,77853.55,1777287697000
1777287699.546,99.546,0.44,0.45,0.55,0.56,0.01,0.01,77853.55,1777287697000
1777287700.05,100.05,0.44,0.45,0.55,0.56,0.01,0.01,77854.92,1777287699000
1777287700.542,100.542,0.45,0.46,0.54,0.56,0.01,0.02,77854.92,1777287699000
1777287701.1,101.1,0.45,0.46,0.54,0.55,0.01,0.01,77855.31,1777287700000
1777287702.059,102.059,0.45,0.47,0.54,0.55,0.02,0.01,77855.31,1777287700000
1777287702.933,102.933,0.46,0.47,0.53,0.55,0.01,0.02,77855.46,1777287701000
1777287703.367,103.367,0.46,0.47,0.53,0.54,0.01,0.01,77855.48,1777287702000
1777287703.979,103.979,0.45,0.46,0.53,0.55,0.01,0.02,77855.48,1777287702000
1777287704.584,104.584,0.45,0.46,0.54,0.55,0.01,0.01,77855.48,1777287703000
1777287705.181,105.181,0.45,0.46,0.54,0.55,0.01,0.01,77855.48,1777287703000
1777287705.67,105.67,0.45,0.46,0.54,0.55,0.01,0.01,77856.07,1777287704000
1777287706.224,106.224,0.45,0.47,0.54,0.55,0.02,0.01,77856.07,1777287704000
1777287707.602,107.602,0.45,0.47,0.53,0.55,0.02,0.02,77854.84,1777287706000
1777287708.184,108.184,0.45,0.47,0.53,0.55,0.02,0.02,77854.84,1777287707000
1777287708.581,108.581,0.46,0.47,0.53,0.54,0.01,0.01,77854.84,1777287707000
1777287709.226,109.226,0.46,0.47,0.53,0.54,0.01,0.01,77854.84,1777287707000
1777287709.656,109.656,0.46,0.47,0.53,0.54,0.01,0.01,77855.24,1777287708000
1777287710.046,110.046,0.46,0.47,0.53,0.54,0.01,0.01,77855.24,1777287709000
1777287710.928,110.928,0.46,0.47,0.53,0.54,0.01,0.01,77855.24,1777287709000
1777287711.634,111.634,0.46,0.47,0.53,0.54,0.01,0.01,77854.83,1777287710000
1777287712.231,112.231,0.46,0.47,0.53,0.54,0.01,0.01,77855.05,1777287711000
1777287712.568,112.568,0.46,0.47,0.53,0.54,0.01,0.01,77855.05,1777287711000
1777287712.945,112.945,0.46,0.47,0.53,0.54,0.01,0.01,77855.05,1777287711000
1777287714.294,114.294,0.46,0.47,0.53,0.54,0.01,0.01,77855.53,1777287712000
1777287714.63,114.63,0.47,0.48,0.52,0.53,0.01,0.01,77855.13,1777287713000
1777287715.24,115.24,0.47,0.48,0.52,0.53,0.01,0.01,77855.11,1777287714000
1777287715.999,115.999,0.47,0.48,0.52,0.53,0.01,0.01,77855.11,1777287714000
1777287716.427,116.427,0.47,0.48,0.52,0.53,0.01,0.01,77855.83,1777287715000
1777287717.61,117.61,0.47,0.48,0.52,0.53,0.01,0.01,77856.14,1777287716000
1777287718.029,118.029,0.47,0.48,0.52,0.53,0.01,0.01,77855.62,1777287717000
1777287718.789,118.789,0.47,0.48,0.52,0.53,0.01,0.01,77855.62,1777287717000
1777287719.132,119.132,0.47,0.48,0.52,0.53,0.01,0.01,77855.6,1777287718000
1777287719.586,119.586,0.47,0.48,0.52,0.53,0.01,0.01,77855.6,1777287718000
1777287720.028,120.028,0.46,0.47,0.53,0.54,0.01,0.01,77855.6,1777287718000
1777287720.435,120.435,0.46,0.47,0.53,0.54,0.01,0.01,77855.6,1777287718000
1777287720.782,120.782,0.46,0.47,0.53,0.54,0.01,0.01,77855.8,1777287719000
1777287721.176,121.176,0.46,0.47,0.53,0.54,0.01,0.01,77856.05,1777287720000
1777287721.526,121.526,0.45,0.47,0.53,0.54,0.02,0.01,77856.05,1777287720000
1777287722.233,122.233,0.45,0.46,0.53,0.55,0.01,0.02,77856.05,1777287720000
1777287722.661,122.661,0.46,0.47,0.53,0.54,0.01,0.01,77856.05,1777287720000
1777287723.271,123.271,0.46,0.47,0.53,0.54,0.01,0.01,77856.05,1777287720000
1777287723.706,123.706,0.46,0.47,0.53,0.54,0.01,0.01,77854.41,1777287722000
1777287724.46,124.46,0.46,0.47,0.53,0.54,0.01,0.01,77854.88,1777287723000
1777287724.963,124.963,0.46,0.47,0.53,0.54,0.01,0.01,77854.88,1777287723000
1777287725.454,125.454,0.46,0.47,0.53,0.54,0.01,0.01,77854.88,1777287723000
1777287725.923,125.923,0.46,0.49,0.51,0.54,0.03,0.03,77854.69,1777287724000
1777287726.305,126.305,0.47,0.48,0.51,0.54,0.01,0.03,77854.69,1777287724000
1777287726.988,126.988,0.47,0.48,0.52,0.53,0.01,0.01,77854.54,1777287725000
1777287727.367,127.367,0.46,0.48,0.52,0.54,0.02,0.02,77854.46,1777287726000
1777287729.033,129.033,0.47,0.48,0.52,0.53,0.01,0.01,77854.86,1777287727000
1777287729.723,129.723,0.47,0.48,0.52,0.53,0.01,0.01,77854.89,1777287728000
1777287730.449,130.449,0.47,0.48,0.52,0.53,0.01,0.01,77854.65,1777287729000
1777287731.124,131.124,0.47,0.48,0.52,0.53,0.01,0.01,77854.36,1777287730000
1777287731.697,131.697,0.47,0.48,0.52,0.53,0.01,0.01,77854.36,1777287730000
1777287732.036,132.036,0.47,0.48,0.52,0.53,0.01,0.01,77854.36,1777287730000
1777287732.483,132.483,0.47,0.48,0.52,0.53,0.01,0.01,77854.67,1777287731000
1777287733.064,133.064,0.47,0.48,0.52,0.53,0.01,0.01,77854.67,1777287731000
1777287733.825,133.825,0.47,0.48,0.52,0.53,0.01,0.01,77854.67,1777287732000
1777287734.525,134.525,0.47,0.48,0.52,0.53,0.01,0.01,77854.67,1777287732000
1777287735.12,135.12,0.47,0.48,0.52,0.53,0.01,0.01,77855.26,1777287733000
1777287735.455,135.455,0.47,0.48,0.52,0.53,0.01,0.01,77855.26,1777287733000
1777287736.112,136.112,0.47,0.48,0.52,0.53,0.01,0.01,77855.22,1777287734000
1777287736.568,136.568,0.47,0.48,0.52,0.53,0.01,0.01,77855.22,1777287734000
1777287737.49,137.49,0.47,0.48,0.52,0.53,0.01,0.01,77855.56,1777287736000
1777287738.122,138.122,0.47,0.48,0.52,0.53,0.01,0.01,77855.56,1777287736000
1777287738.482,138.482,0.5,0.51,0.49,0.5,0.01,0.01,77855.76,1777287737000
1777287738.82,138.82,0.5,0.51,0.49,0.5,0.01,0.01,77855.76,1777287737000
1777287739.166,139.166,0.58,0.6,0.4,0.42,0.02,0.02,77855.76,1777287737000
1777287739.5,139.5,0.59,0.6,0.4,0.41,0.01,0.01,77855.76,1777287737000
1777287739.997,139.997,0.59,0.64,0.36,0.41,0.05,0.05,77855.87,1777287738000
1777287740.344,140.344,0.69,0.72,0.28,0.31,0.03,0.03,77855.87,1777287738000
1777287740.712,140.712,0.7,0.71,0.29,0.3,0.01,0.01,77855.87,1777287739000
1777287741.119,141.119,0.7,0.71,0.29,0.3,0.01,0.01,77855.87,1777287739000
1777287741.486,141.486,0.7,0.71,0.29,0.3,0.01,0.01,77859.58,1777287740000
1777287741.847,141.847,0.7,0.71,0.29,0.3,0.01,0.01,77859.58,1777287740000
1777287742.227,142.227,0.7,0.71,0.29,0.3,0.01,0.01,77862.71,1777287741000
1777287742.577,142.577,0.67,0.68,0.32,0.35,0.01,0.03,77862.71,1777287741000
1777287742.979,142.979,0.65,0.67,0.33,0.34,0.02,0.01,77862.71,1777287741000
1777287743.381,143.381,0.65,0.66,0.34,0.35,0.01,0.01,77867.44,1777287742000
1777287743.745,143.745,0.65,0.66,0.34,0.35,0.01,0.01,77867.44,1777287742000
1777287744.176,144.176,0.65,0.66,0.34,0.35,0.01,0.01,77869.22,1777287743000
1777287744.527,144.527,0.65,0.66,0.34,0.35,0.01,0.01,77869.22,1777287743000
1777287744.911,144.911,0.65,0.66,0.34,0.35,0.01,0.01,77869.22,1777287743000
1777287745.265,145.265,0.65,0.66,0.34,0.35,0.01,0.01,77869.22,1777287744000
1777287745.75,145.75,0.66,0.67,0.33,0.34,0.01,0.01,77869.22,1777287744000
1777287746.117,146.117,0.66,0.67,0.33,0.34,0.01,0.01,77869.22,1777287744000
1777287746.515,146.515,0.66,0.67,0.33,0.34,0.01,0.01,77868.99,1777287745000
1777287746.878,146.878,0.66,0.67,0.33,0.34,0.01,0.01,77868.99,1777287745000
1777287747.255,147.255,0.66,0.68,0.33,0.34,0.02,0.01,77869.27,1777287746000
1777287747.591,147.591,0.67,0.68,0.32,0.33,0.01,0.01,77869.27,1777287746000
1777287747.927,147.927,0.7,0.71,0.29,0.31,0.01,0.02,77869.27,1777287746000
1777287748.464,148.464,0.7,0.71,0.29,0.3,0.01,0.01,77869.5,1777287747000
1777287748.895,148.895,0.7,0.71,0.29,0.3,0.01,0.01,77869.5,1777287747000
1777287749.264,149.264,0.7,0.71,0.29,0.3,0.01,0.01,77869.56,1777287748000
1777287749.645,149.645,0.7,0.71,0.29,0.3,0.01,0.01,77869.56,1777287748000
1777287749.985,149.985,0.7,0.71,0.29,0.3,0.01,0.01,77869.56,1777287748000
1777287750.481,150.481,0.7,0.71,0.29,0.3,0.01,0.01,77872.12,1777287749000
1777287750.894,150.894,0.7,0.71,0.29,0.3,0.01,0.01,77872.12,1777287749000
1777287751.26,151.26,0.7,0.71,0.29,0.3,0.01,0.01,77872.12,1777287749000
1777287751.687,151.687,0.7,0.71,0.29,0.3,0.01,0.01,77871.95,1777287750000
1777287752.142,152.142,0.74,0.75,0.25,0.26,0.01,0.01,77871.95,1777287750000
1777287752.475,152.475,0.74,0.75,0.25,0.26,0.01,0.01,77872.15,1777287751000
1777287752.829,152.829,0.74,0.75,0.25,0.26,0.01,0.01,77872.15,1777287751000
1777287753.19,153.19,0.76,0.77,0.23,0.24,0.01,0.01,77872.32,1777287752000
1777287753.59,153.59,0.76,0.77,0.23,0.24,0.01,0.01,77872.32,1777287752000
1777287753.983,153.983,0.76,0.77,0.23,0.24,0.01,0.01,77872.32,1777287752000
1777287754.346,154.346,0.76,0.77,0.23,0.24,0.01,0.01,77872.32,1777287752000
1777287754.759,154.759,0.76,0.77,0.23,0.24,0.01,0.01,77872.32,1777287752000
1777287755.139,155.139,0.76,0.77,0.23,0.24,0.01,0.01,77873.47,1777287753000
1777287755.535,155.535,0.76,0.77,0.23,0.24,0.01,0.01,77873.48,1777287754000
1777287755.902,155.902,0.76,0.77,0.23,0.24,0.01,0.01,77873.48,1777287754000
1777287756.344,156.344,0.76,0.77,0.23,0.24,0.01,0.01,77873.48,1777287755000
1777287756.773,156.773,0.76,0.77,0.23,0.24,0.01,0.01,77873.48,1777287755000
1777287757.242,157.242,0.76,0.77,0.23,0.24,0.01,0.01,77873.48,1777287755000
1777287757.6,157.6,0.76,0.77,0.23,0.24,0.01,0.01,77873.48,1777287756000
1777287758.167,158.167,0.76,0.77,0.23,0.24,0.01,0.01,77873.48,1777287756000
1777287758.627,158.627,0.76,0.77,0.23,0.24,0.01,0.01,77873.48,1777287756000
1777287758.986,158.986,0.76,0.8,0.2,0.24,0.04,0.04,77873.43,1777287757000
1777287759.351,159.351,0.79,0.8,0.2,0.21,0.01,0.01,77873.43,1777287758000
1777287759.788,159.788,0.79,0.82,0.2,0.21,0.03,0.01,77873.43,1777287758000
1777287760.389,160.389,0.81,0.82,0.18,0.2,0.01,0.02,77873.43,1777287758000
1777287760.797,160.797,0.81,0.82,0.18,0.19,0.01,0.01,77873.51,1777287759000
1777287761.159,161.159,0.81,0.82,0.18,0.19,0.01,0.01,77873.51,1777287760000
1777287761.505,161.505,0.81,0.82,0.18,0.19,0.01,0.01,77873.51,1777287760000
1777287761.848,161.848,0.82,0.83,0.17,0.18,0.01,0.01,77873.51,1777287760000
1777287762.247,162.247,0.82,0.83,0.17,0.18,0.01,0.01,77873.51,1777287760000
1777287762.758,162.758,0.82,0.83,0.17,0.18,0.01,0.01,77873.51,1777287760000
1777287763.259,163.259,0.81,0.83,0.17,0.18,0.02,0.01,77878.27,1777287761000
1777287763.644,163.644,0.81,0.82,0.18,0.19,0.01,0.01,77878.25,1777287762000
1777287764.009,164.009,0.82,0.83,0.17,0.18,0.01,0.01,77878.24,1777287763000
1777287764.491,164.491,0.82,0.83,0.17,0.18,0.01,0.01,77878.24,1777287763000
1777287764.841,164.841,0.82,0.83,0.17,0.18,0.01,0.01,77878.24,1777287763000
1777287765.207,165.207,0.82,0.83,0.17,0.18,0.01,0.01,77878.19,1777287764000
1777287765.587,165.587,0.81,0.82,0.18,0.19,0.01,0.01,77878.19,1777287764000
1777287766.046,166.046,0.81,0.82,0.18,0.19,0.01,0.01,77878.19,1777287764000
1777287766.459,166.459,0.81,0.82,0.18,0.19,0.01,0.01,77878.19,1777287764000
1777287766.956,166.956,0.81,0.82,0.18,0.19,0.01,0.01,77878.3,1777287765000
1777287767.353,167.353,0.81,0.82,0.18,0.19,0.01,0.01,77878.27,1777287766000
1777287767.876,167.876,0.81,0.82,0.18,0.19,0.01,0.01,77878.27,1777287766000
1777287768.304,168.304,0.81,0.82,0.18,0.19,0.01,0.01,77878.37,1777287767000
1777287768.654,168.654,0.81,0.82,0.18,0.19,0.01,0.01,77878.37,1777287767000
1777287769.159,169.159,0.82,0.83,0.17,0.18,0.01,0.01,77878.37,1777287767000
1777287769.613,169.613,0.82,0.83,0.17,0.18,0.01,0.01,77878.39,1777287768000
1777287770.023,170.023,0.86,0.87,0.17,0.18,0.01,0.01,77878.42,1777287769000
1777287770.52,170.52,0.89,0.9,0.1,0.11,0.01,0.01,77878.42,1777287769000
1777287770.864,170.864,0.89,0.9,0.1,0.11,0.01,0.01,77878.42,1777287769000
1777287771.245,171.245,0.88,0.89,0.11,0.12,0.01,0.01,77878.42,1777287769000
1777287771.589,171.589,0.88,0.89,0.11,0.12,0.01,0.01,77878.42,1777287769000
1777287771.941,171.941,0.88,0.89,0.11,0.12,0.01,0.01,77878.79,1777287770000
1777287772.283,172.283,0.88,0.89,0.11,0.12,0.01,0.01,77884.94,1777287771000
1777287772.621,172.621,0.88,0.89,0.11,0.12,0.01,0.01,77884.94,1777287771000
1777287772.975,172.975,0.88,0.89,0.11,0.12,0.01,0.01,77884.94,1777287771000
1777287773.338,173.338,0.87,0.89,0.11,0.12,0.02,0.01,77884.09,1777287772000
1777287773.681,173.681,0.88,0.9,0.1,0.12,0.02,0.02,77884.09,1777287772000
1777287774.021,174.021,0.88,0.9,0.1,0.12,0.02,0.02,77884.09,1777287772000
1777287774.417,174.417,0.88,0.9,0.1,0.12,0.02,0.02,77881.54,1777287773000
1777287774.844,174.844,0.88,0.89,0.11,0.13,0.01,0.02,77881.54,1777287773000
1777287775.317,175.317,0.88,0.89,0.12,0.13,0.01,0.01,77881.54,1777287773000
1777287775.688,175.688,0.87,0.88,0.12,0.13,0.01,0.01,77884.54,1777287774000
1777287776.157,176.157,0.87,0.88,0.12,0.13,0.01,0.01,77884.54,1777287774000
1777287776.541,176.541,0.87,0.88,0.12,0.13,0.01,0.01,77888.58,1777287775000
1777287776.899,176.899,0.88,0.89,0.11,0.12,0.01,0.01,77888.58,1777287776000
1777287777.271,177.271,0.89,0.9,0.1,0.11,0.01,0.01,77888.58,1777287776000
1777287778.014,178.014,0.89,0.9,0.1,0.12,0.01,0.02,77888.58,1777287776000
1777287779.141,179.141,0.88,0.89,0.1,0.11,0.01,0.01,77888.79,1777287777000
1777287779.592,179.592,0.88,0.89,0.11,0.12,0.01,0.01,77886.32,1777287778000
1777287779.939,179.939,0.89,0.9,0.1,0.11,0.01,0.01,77886.32,1777287778000
1777287780.272,180.272,0.89,0.9,0.1,0.11,0.01,0.01,77884.64,1777287779000
1777287780.628,180.628,0.89,0.9,0.1,0.11,0.01,0.01,77884.64,1777287779000
1777287780.972,180.972,0.89,0.9,0.1,0.11,0.01,0.01,77884.64,1777287779000
1777287781.31,181.31,0.88,0.89,0.11,0.12,0.01,0.01,77886.3,1777287780000
1777287781.658,181.658,0.88,0.89,0.11,0.12,0.01,0.01,77886.3,1777287780000
1777287782.172,182.172,0.84,0.85,0.15,0.16,0.01,0.01,77886.3,1777287780000
1777287782.556,182.556,0.82,0.83,0.17,0.18,0.01,0.01,77889.38,1777287781000
1777287782.912,182.912,0.82,0.83,0.17,0.18,0.01,0.01,77889.38,1777287781000
1777287783.326,183.326,0.82,0.83,0.17,0.18,0.01,0.01,77887.72,1777287782000
1777287783.715,183.715,0.82,0.83,0.17,0.18,0.01,0.01,77887.72,1777287782000
1777287784.176,184.176,0.82,0.83,0.17,0.18,0.01,0.01,77887.72,1777287782000
1777287784.568,184.568,0.82,0.83,0.17,0.18,0.01,0.01,77884.6,1777287783000
1777287785.012,185.012,0.82,0.83,0.17,0.18,0.01,0.01,77884.6,1777287783000
1777287785.345,185.345,0.82,0.83,0.17,0.18,0.01,0.01,77884.6,1777287783000
1777287785.691,185.691,0.82,0.83,0.17,0.18,0.01,0.01,77884.6,1777287783000
1777287786.025,186.025,0.82,0.83,0.17,0.18,0.01,0.01,77884.6,1777287783000
1777287786.43,186.43,0.82,0.83,0.17,0.18,0.01,0.01,77883.51,1777287785000
1777287786.811,186.811,0.82,0.83,0.17,0.18,0.01,0.01,77883.51,1777287785000
1777287787.2,187.2,0.82,0.83,0.17,0.18,0.01,0.01,77883.51,1777287785000
1777287787.772,187.772,0.82,0.83,0.17,0.18,0.01,0.01,77883.37,1777287786000
1777287788.148,188.148,0.74,0.76,0.23,0.25,0.02,0.02,77883.37,1777287786000
1777287788.508,188.508,0.74,0.75,0.25,0.26,0.01,0.01,77883.25,1777287787000
1777287788.845,188.845,0.73,0.74,0.26,0.27,0.01,0.01,77883.25,1777287787000
1777287789.271,189.271,0.72,0.73,0.27,0.28,0.01,0.01,77883.25,1777287787000
1777287789.676,189.676,0.72,0.73,0.27,0.28,0.01,0.01,77883.17,1777287788000
1777287790.02,190.02,0.72,0.73,0.27,0.28,0.01,0.01,77883.17,1777287788000
1777287790.388,190.388,0.72,0.73,0.27,0.28,0.01,0.01,77883.17,1777287788000
1777287790.797,190.797,0.72,0.73,0.27,0.28,0.01,0.01,77876.13,1777287789000
1777287791.134,191.134,0.72,0.73,0.27,0.28,0.01,0.01,77873.4,1777287790000
1777287791.664,191.664,0.72,0.73,0.27,0.28,0.01,0.01,77873.4,1777287790000
1777287792.153,192.153,0.72,0.74,0.27,0.28,0.02,0.01,77873.4,1777287790000
1777287792.656,192.656,0.73,0.74,0.26,0.27,0.01,0.01,77873.4,1777287790000
1777287792.999,192.999,0.73,0.74,0.26,0.27,0.01,0.01,77873.47,1777287791000
1777287793.45,193.45,0.73,0.74,0.26,0.27,0.01,0.01,77873.66,1777287792000
1777287793.817,193.817,0.73,0.74,0.26,0.27,0.01,0.01,77873.66,1777287792000
1777287794.184,194.184,0.73,0.74,0.26,0.27,0.01,0.01,77873.74,1777287793000
1777287794.533,194.533,0.73,0.74,0.26,0.27,0.01,0.01,77873.74,1777287793000
1777287794.922,194.922,0.73,0.74,0.26,0.27,0.01,0.01,77873.74,1777287793000
1777287795.312,195.312,0.73,0.74,0.26,0.27,0.01,0.01,77873.74,1777287793000
1777287795.778,195.778,0.73,0.74,0.26,0.27,0.01,0.01,77873.08,1777287794000
1777287796.156,196.156,0.73,0.74,0.26,0.27,0.01,0.01,77873.08,1777287794000
1777287796.496,196.496,0.73,0.74,0.26,0.27,0.01,0.01,77873.08,1777287794000
1777287796.835,196.835,0.73,0.74,0.26,0.27,0.01,0.01,77873.05,1777287795000
1777287797.208,197.208,0.73,0.74,0.26,0.27,0.01,0.01,77873.05,1777287795000
1777287797.698,197.698,0.73,0.74,0.26,0.27,0.01,0.01,77873.02,1777287796000
1777287798.155,198.155,0.73,0.74,0.26,0.27,0.01,0.01,77873.02,1777287796000
1777287798.494,198.494,0.73,0.74,0.26,0.27,0.01,0.01,77873.02,1777287796000
1777287799.361,199.361,0.73,0.74,0.26,0.27,0.01,0.01,77872.71,1777287797000
1777287799.762,199.762,0.73,0.74,0.26,0.27,0.01,0.01,77872.71,1777287798000
1777287800.17,200.17,0.73,0.74,0.26,0.27,0.01,0.01,77872.61,1777287799000
1777287800.538,200.538,0.73,0.74,0.26,0.27,0.01,0.01,77872.61,1777287799000
1777287801.559,201.559,0.73,0.74,0.26,0.27,0.01,0.01,77872.61,1777287799000
1777287801.911,201.911,0.73,0.74,0.26,0.27,0.01,0.01,77872.62,1777287800000
1777287802.301,202.301,0.73,0.74,0.26,0.27,0.01,0.01,77872.62,1777287800000
1777287802.708,202.708,0.73,0.74,0.26,0.27,0.01,0.01,77872.62,1777287801000
1777287803.267,203.267,0.73,0.74,0.26,0.27,0.01,0.01,77873.2,1777287802000
1777287803.656,203.656,0.74,0.75,0.25,0.26,0.01,0.01,77873.2,1777287802000
1777287804.034,204.034,0.74,0.75,0.25,0.26,0.01,0.01,77872.83,1777287803000
1777287804.608,204.608,0.74,0.75,0.25,0.26,0.01,0.01,77872.83,1777287803000
1777287805.041,205.041,0.74,0.76,0.24,0.26,0.02,0.02,77872.83,1777287804000
1777287805.443,205.443,0.75,0.76,0.24,0.26,0.01,0.02,77872.83,1777287804000
1777287805.952,205.952,0.75,0.76,0.24,0.25,0.01,0.01,77872.83,1777287804000
1777287806.364,206.364,0.75,0.76,0.24,0.25,0.01,0.01,77872.95,1777287805000
1777287806.796,206.796,0.75,0.76,0.24,0.25,0.01,0.01,77872.95,1777287805000
1777287807.153,207.153,0.76,0.77,0.24,0.25,0.01,0.01,77872.95,1777287805000
1777287807.748,207.748,0.76,0.77,0.23,0.24,0.01,0.01,77874.12,1777287806000
1777287808.276,208.276,0.76,0.77,0.23,0.24,0.01,0.01,77874.05,1777287807000
1777287808.824,208.824,0.77,0.78,0.23,0.24,0.01,0.01,77874.05,1777287807000
1777287809.166,209.166,0.77,0.78,0.22,0.23,0.01,0.01,77874.05,1777287807000
1777287809.509,209.509,0.77,0.81,0.21,0.23,0.04,0.02,77874.27,1777287808000
1777287809.902,209.902,0.79,0.8,0.2,0.21,0.01,0.01,77874.27,1777287808000
1777287810.277,210.277,0.79,0.8,0.2,0.21,0.01,0.01,77874.27,1777287809000
1777287810.645,210.645,0.8,0.81,0.19,0.2,0.01,0.01,77874.27,1777287809000
1777287811.399,211.399,0.8,0.81,0.19,0.2,0.01,0.01,77874.27,1777287809000
1777287811.778,211.778,0.81,0.82,0.18,0.19,0.01,0.01,77875.79,1777287810000
1777287812.162,212.162,0.82,0.83,0.17,0.18,0.01,0.01,77875.79,1777287810000
1777287812.629,212.629,0.82,0.83,0.17,0.18,0.01,0.01,77876.13,1777287811000
1777287812.997,212.997,0.82,0.83,0.17,0.18,0.01,0.01,77876.13,1777287811000
1777287813.353,213.353,0.82,0.83,0.17,0.18,0.01,0.01,77876.79,1777287812000
1777287813.72,213.72,0.82,0.83,0.17,0.18,0.01,0.01,77876.79,1777287812000
1777287814.37,214.37,0.82,0.83,0.17,0.18,0.01,0.01,77876.79,1777287812000
1777287814.748,214.748,0.76,0.77,0.23,0.24,0.01,0.01,77876.7,1777287813000
1777287815.097,215.097,0.76,0.77,0.23,0.24,0.01,0.01,77876.7,1777287814000
1777287815.463,215.463,0.77,0.78,0.22,0.23,0.01,0.01,77876.7,1777287814000
1777287816.042,216.042,0.77,0.78,0.22,0.23,0.01,0.01,77875.57,1777287815000
1777287816.738,216.738,0.78,0.8,0.21,0.22,0.02,0.01,77875.57,1777287815000
1777287817.502,217.502,0.79,0.8,0.2,0.21,0.01,0.01,77874.35,1777287816000
1777287817.874,217.874,0.79,0.8,0.2,0.21,0.01,0.01,77874.35,1777287816000
1777287818.31,218.31,0.79,0.8,0.2,0.21,0.01,0.01,77874.35,1777287816000
1777287818.897,218.897,0.79,0.8,0.2,0.21,0.01,0.01,77874.31,1777287817000
1777287819.276,219.276,0.79,0.8,0.2,0.21,0.01,0.01,77874.31,1777287817000
1777287819.74,219.74,0.79,0.8,0.2,0.21,0.01,0.01,77874.31,1777287818000
1777287820.127,220.127,0.79,0.8,0.2,0.21,0.01,0.01,77874.31,1777287819000
1777287820.76,220.76,0.79,0.8,0.2,0.21,0.01,0.01,77874.31,1777287819000
1777287821.129,221.129,0.79,0.8,0.2,0.21,0.01,0.01,77874.31,1777287819000
1777287821.855,221.855,0.8,0.81,0.19,0.21,0.01,0.02,77874.31,1777287820000
1777287822.567,222.567,0.8,0.81,0.19,0.2,0.01,0.01,77874.38,1777287821000
1777287823.134,223.134,0.8,0.81,0.19,0.2,0.01,0.01,77874.4,1777287822000
1777287823.81,223.81,0.8,0.81,0.19,0.2,0.01,0.01,77874.4,1777287822000
1777287824.394,224.394,0.8,0.81,0.19,0.2,0.01,0.01,77874.43,1777287823000
1777287824.984,224.984,0.8,0.82,0.19,0.2,0.02,0.01,77874.43,1777287823000
1777287825.533,225.533,0.81,0.82,0.18,0.19,0.01,0.01,77874.44,1777287824000
1777287826.124,226.124,0.81,0.82,0.18,0.19,0.01,0.01,77874.44,1777287824000
1777287826.606,226.606,0.83,0.84,0.14,0.19,0.01,0.05,77874.51,1777287825000
1777287827.048,227.048,0.83,0.84,0.16,0.17,0.01,0.01,77874.51,1777287825000
1777287827.486,227.486,0.83,0.84,0.16,0.17,0.01,0.01,77874.39,1777287826000
1777287827.828,227.828,0.83,0.84,0.16,0.17,0.01,0.01,77874.39,1777287826000
1777287828.206,228.206,0.83,0.84,0.16,0.17,0.01,0.01,77874.39,1777287826000
1777287828.564,228.564,0.83,0.84,0.16,0.17,0.01,0.01,77874.39,1777287827000
1777287828.915,228.915,0.83,0.84,0.16,0.17,0.01,0.01,77874.39,1777287827000
1777287829.344,229.344,0.83,0.84,0.16,0.17,0.01,0.01,77874.38,1777287828000
1777287829.894,229.894,0.83,0.84,0.16,0.17,0.01,0.01,77874.38,1777287828000
1777287830.234,230.234,0.83,0.84,0.16,0.17,0.01,0.01,77874.37,1777287829000
1777287830.628,230.628,0.83,0.84,0.16,0.17,0.01,0.01,77874.37,1777287829000
1777287831.441,231.441,0.83,0.84,0.16,0.17,0.01,0.01,77874.37,1777287829000
1777287831.967,231.967,0.83,0.84,0.16,0.17,0.01,0.01,77874.38,1777287831000
1777287832.388,232.388,0.83,0.84,0.16,0.17,0.01,0.01,77874.38,1777287831000
1777287832.941,232.941,0.83,0.84,0.16,0.17,0.01,0.01,77874.38,1777287831000
1777287833.317,233.317,0.83,0.84,0.16,0.17,0.01,0.01,77874.39,1777287832000
1777287833.67,233.67,0.83,0.85,0.15,0.17,0.02,0.02,77874.39,1777287832000
1777287834.22,234.22,0.84,0.85,0.15,0.16,0.01,0.01,77874.39,1777287832000
1777287834.702,234.702,0.84,0.85,0.15,0.16,0.01,0.01,77874.39,1777287833000
1777287835.039,235.039,0.84,0.85,0.15,0.16,0.01,0.01,77874.39,1777287833000
1777287835.558,235.558,0.83,0.84,0.16,0.17,0.01,0.01,77874.73,1777287834000
1777287835.939,235.939,0.83,0.84,0.16,0.17,0.01,0.01,77874.73,1777287834000
1777287836.38,236.38,0.83,0.84,0.16,0.17,0.01,0.01,77874.73,1777287834000
1777287836.921,236.921,0.84,0.85,0.15,0.16,0.01,0.01,77874.6,1777287835000
1777287837.282,237.282,0.78,0.81,0.18,0.25,0.03,0.07,77874.6,1777287835000
1777287837.618,237.618,0.65,0.75,0.25,0.35,0.1,0.1,77874.6,1777287836000
1777287838.027,238.027,0.5,0.51,0.49,0.5,0.01,0.01,77874.6,1777287836000
1777287838.529,238.529,0.49,0.5,0.49,0.51,0.01,0.02,77874.58,1777287837000
1777287838.864,238.864,0.47,0.49,0.51,0.53,0.02,0.02,77874.58,1777287837000
1777287839.21,239.21,0.47,0.48,0.52,0.53,0.01,0.01,77866.8,1777287838000
1777287839.997,239.997,0.46,0.47,0.53,0.54,0.01,0.01,77866.8,1777287838000
1777287840.33,240.33,0.46,0.47,0.53,0.54,0.01,0.01,77860.2,1777287839000
1777287840.715,240.715,0.46,0.47,0.53,0.54,0.01,0.01,77860.2,1777287839000
1777287841.17,241.17,0.46,0.47,0.53,0.54,0.01,0.01,77860.2,1777287839000
1777287841.508,241.508,0.42,0.47,0.53,0.66,0.05,0.13,77858.82,1777287840000
1777287841.874,241.874,0.34,0.35,0.65,0.66,0.01,0.01,77858.82,1777287840000
1777287842.221,242.221,0.25,0.31,0.69,0.75,0.06,0.06,77858.82,1777287840000
1777287842.56,242.56,0.19,0.22,0.78,0.81,0.03,0.03,77858.16,1777287841000
1777287842.915,242.915,0.18,0.19,0.81,0.83,0.01,0.02,77858.16,1777287841000
1777287843.283,243.283,0.17,0.18,0.82,0.83,0.01,0.01,77858.16,1777287841000
1777287843.624,243.624,0.17,0.18,0.82,0.83,0.01,0.01,77850.94,1777287842000
1777287843.971,243.971,0.17,0.18,0.82,0.83,0.01,0.01,77850.94,1777287842000
1777287844.327,244.327,0.17,0.18,0.82,0.83,0.01,0.01,77849.13,1777287843000
1777287844.822,244.822,0.17,0.18,0.82,0.83,0.01,0.01,77849.13,1777287843000
1777287845.227,245.227,0.17,0.18,0.82,0.83,0.01,0.01,77843.41,1777287844000
1777287845.656,245.656,0.17,0.18,0.82,0.83,0.01,0.01,77843.41,1777287844000
1777287845.997,245.997,0.17,0.18,0.82,0.83,0.01,0.01,77843.41,1777287844000
1777287846.34,246.34,0.16,0.18,0.82,0.84,0.02,0.02,77840.48,1777287845000
1777287846.779,246.779,0.16,0.18,0.82,0.84,0.02,0.02,77840.48,1777287845000
1777287847.186,247.186,0.17,0.18,0.82,0.83,0.01,0.01,77840.48,1777287845000
1777287847.528,247.528,0.17,0.18,0.82,0.83,0.01,0.01,77840.48,1777287845000
1777287848.184,248.184,0.16,0.18,0.82,0.84,0.02,0.02,77838.45,1777287846000
1777287848.521,248.521,0.16,0.17,0.83,0.84,0.01,0.01,77838.45,1777287846000
1777287849.093,249.093,0.16,0.17,0.83,0.84,0.01,0.01,77838.45,1777287847000
1777287849.449,249.449,0.16,0.17,0.83,0.84,0.01,0.01,77838.46,1777287848000
1777287849.817,249.817,0.12,0.13,0.87,0.88,0.01,0.01,77838.46,1777287848000
1777287850.204,250.204,0.12,0.13,0.87,0.88,0.01,0.01,77838.46,1777287848000
1777287850.553,250.553,0.1,0.11,0.89,0.9,0.01,0.01,77838.5,1777287849000
1777287850.905,250.905,0.1,0.11,0.89,0.9,0.01,0.01,77838.5,1777287849000
1777287851.271,251.271,0.1,0.11,0.89,0.9,0.01,0.01,77838.22,1777287850000
1777287851.737,251.737,0.1,0.11,0.89,0.9,0.01,0.01,77838.22,1777287850000
1777287852.102,252.102,0.1,0.11,0.89,0.9,0.01,0.01,77838.22,1777287850000
1777287852.449,252.449,0.1,0.11,0.89,0.9,0.01,0.01,77833.33,1777287851000
1777287852.798,252.798,0.1,0.11,0.89,0.9,0.01,0.01,77833.33,1777287851000
1777287853.201,253.201,0.1,0.11,0.89,0.9,0.01,0.01,77833.33,1777287851000
1777287853.546,253.546,0.09,0.1,0.9,0.91,0.01,0.01,77832.08,1777287852000
1777287854.127,254.127,0.09,0.1,0.9,0.91,0.01,0.01,77832.08,1777287853000
1777287854.675,254.675,0.09,0.1,0.9,0.91,0.01,0.01,77832.08,1777287853000
1777287855.126,255.126,0.09,0.1,0.9,0.91,0.01,0.01,77832.08,1777287853000
1777287855.486,255.486,0.08,0.09,0.91,0.92,0.01,0.01,77832.08,1777287853000
1777287855.877,255.877,0.05,0.09,0.91,0.92,0.04,0.01,77832.15,1777287854000
1777287856.212,256.212,0.06,0.07,0.93,0.94,0.01,0.01,77832.15,1777287855000
1777287856.617,256.617,0.05,0.06,0.94,0.95,0.01,0.01,77832.15,1777287855000
1777287856.996,256.996,0.05,0.06,0.94,0.95,0.01,0.01,77832.15,1777287855000
1777287857.51,257.51,0.07,0.08,0.92,0.94,0.01,0.02,77832.27,1777287856000
1777287857.857,257.857,0.07,0.08,0.92,0.93,0.01,0.01,77832.27,1777287856000
1777287858.205,258.205,0.07,0.08,0.92,0.93,0.01,0.01,77832.27,1777287856000
1777287858.574,258.574,0.08,0.09,0.91,0.92,0.01,0.01,77832.27,1777287857000
1777287858.951,258.951,0.08,0.09,0.91,0.92,0.01,0.01,77830.83,1777287858000
1777287859.307,259.307,0.03,0.1,0.9,0.92,0.07,0.02,77830.83,1777287858000
1777287859.667,259.667,0.06,0.07,0.93,0.94,0.01,0.01,77830.83,1777287858000
1777287860.091,260.091,0.04,0.05,0.95,0.96,0.01,0.01,77830.83,1777287858000
1777287860.512,260.512,0.04,0.05,0.95,0.96,0.01,0.01,77832.33,1777287859000
1777287860.921,260.921,0.04,0.06,0.94,0.96,0.02,0.02,77832.33,1777287859000
1777287861.255,261.255,0.04,0.05,0.95,0.96,0.01,0.01,77832.33,1777287859000
1777287861.6,261.6,0.05,0.06,0.95,0.96,0.01,0.01,77831.93,1777287860000
1777287861.947,261.947,0.04,0.06,0.94,0.95,0.02,0.01,77831.93,1777287860000
1777287862.329,262.329,0.05,0.06,0.94,0.96,0.01,0.02,77831.93,1777287860000
1777287862.817,262.817,0.05,0.06,0.94,0.95,0.01,0.01,77831.22,1777287861000
1777287863.22,263.22,0.05,0.06,0.94,0.95,0.01,0.01,77831.22,1777287861000
1777287863.59,263.59,0.04,0.05,0.95,0.96,0.01,0.01,77831,1777287862000
1777287863.981,263.981,0.03,0.04,0.96,0.97,0.01,0.01,77831,1777287862000
1777287864.32,264.32,0.03,0.04,0.96,0.97,0.01,0.01,77830.15,1777287863000
1777287864.678,264.678,0.03,0.04,0.96,0.97,0.01,0.01,77830.15,1777287863000
1777287865.088,265.088,0.03,0.04,0.96,0.97,0.01,0.01,77826.46,1777287864000
1777287865.55,265.55,0.03,0.04,0.96,0.97,0.01,0.01,77826.46,1777287864000
1777287865.907,265.907,0.02,0.04,0.96,0.97,0.02,0.01,77826.46,1777287864000
1777287866.362,266.362,0.02,0.03,0.97,0.98,0.01,0.01,77823.73,1777287865000
1777287866.701,266.701,0.02,0.03,0.97,0.98,0.01,0.01,77823.73,1777287865000
1777287867.119,267.119,0.02,0.03,0.97,0.98,0.01,0.01,77823.73,1777287866000
1777287867.47,267.47,0.02,0.03,0.97,0.98,0.01,0.01,77823.73,1777287866000
1777287867.875,267.875,0.02,0.03,0.97,0.98,0.01,0.01,77823.73,1777287866000
1777287868.336,268.336,0.02,0.03,0.97,0.98,0.01,0.01,77823.77,1777287867000
1777287869.11,269.11,0.02,0.03,0.97,0.98,0.01,0.01,77823.86,1777287868000
1777287869.578,269.578,0.02,0.05,0.97,0.98,0.03,0.01,77823.86,1777287868000
1777287870.004,270.004,0.03,0.04,0.95,0.96,0.01,0.01,77823.86,1777287868000
1777287870.403,270.403,0.02,0.03,0.97,0.98,0.01,0.01,77823.65,1777287869000
1777287870.763,270.763,0.02,0.03,0.97,0.98,0.01,0.01,77823.65,1777287869000
1777287871.097,271.097,0.02,0.03,0.97,0.98,0.01,0.01,77823.65,1777287869000
1777287871.432,271.432,0.02,0.03,0.97,0.98,0.01,0.01,77824.37,1777287870000
1777287871.87,271.87,0.03,0.04,0.96,0.97,0.01,0.01,77824.37,1777287870000
1777287872.268,272.268,0.03,0.04,0.96,0.97,0.01,0.01,77825.23,1777287871000
1777287872.797,272.797,0.03,0.04,0.96,0.98,0.01,0.02,77825.23,1777287871000
1777287873.135,273.135,0.02,0.03,0.97,0.98,0.01,0.01,77825.23,1777287871000
1777287873.479,273.479,0.02,0.03,0.97,0.98,0.01,0.01,77825.51,1777287872000
1777287873.847,273.847,0.02,0.03,0.97,0.98,0.01,0.01,77825.51,1777287872000
1777287874.296,274.296,0.02,0.03,0.97,0.98,0.01,0.01,77825.11,1777287873000
1777287874.643,274.643,0.02,0.03,0.97,0.98,0.01,0.01,77825.11,1777287873000
1777287875.133,275.133,0.02,0.03,0.97,0.98,0.01,0.01,77825.11,1777287873000
1777287875.485,275.485,0.02,0.03,0.97,0.98,0.01,0.01,77822.22,1777287874000
1777287876.082,276.082,0.02,0.03,0.97,0.98,0.01,0.01,77822.22,1777287874000
1777287876.546,276.546,0.02,0.03,0.97,0.98,0.01,0.01,77818.38,1777287875000
1777287876.961,276.961,0.02,0.03,0.97,0.98,0.01,0.01,77818.38,1777287875000
1777287877.373,277.373,0.02,0.03,0.97,0.98,0.01,0.01,77818.38,1777287876000
1777287877.743,277.743,0.02,0.03,0.97,0.98,0.01,0.01,77818.38,1777287876000
1777287878.093,278.093,0.02,0.03,0.97,0.98,0.01,0.01,77818.38,1777287876000
1777287878.495,278.495,0.02,0.03,0.97,0.98,0.01,0.01,77817.41,1777287877000
1777287878.836,278.836,0.02,0.03,0.97,0.98,0.01,0.01,77817.41,1777287877000
1777287879.186,279.186,0.02,0.03,0.97,0.98,0.01,0.01,77815.33,1777287878000
1777287879.542,279.542,0.01,0.02,0.98,0.99,0.01,0.01,77815.33,1777287878000
1777287879.879,279.879,0.01,0.02,0.98,0.99,0.01,0.01,77815.33,1777287878000
1777287880.246,280.246,0.01,0.02,0.98,0.99,0.01,0.01,77815.33,1777287878000
1777287880.781,280.781,0.01,0.02,0.98,0.99,0.01,0.01,77813.14,1777287879000
1777287881.146,281.146,0.01,0.02,0.98,0.99,0.01,0.01,77813.14,1777287879000
1777287881.489,281.489,0.01,0.02,0.98,0.99,0.01,0.01,77813.14,1777287879000
1777287881.845,281.845,0.01,0.02,0.98,0.99,0.01,0.01,77812.04,1777287880000
1777287882.22,282.22,0.01,0.02,0.98,0.99,0.01,0.01,77811.33,1777287881000
1777287882.724,282.724,0.01,0.02,0.98,0.99,0.01,0.01,77811.33,1777287881000
1777287883.181,283.181,0.01,0.02,0.98,0.99,0.01,0.01,77810.62,1777287882000
1777287883.768,283.768,0.01,0.02,0.98,0.99,0.01,0.01,77810.62,1777287882000
1777287884.179,284.179,0.01,0.02,0.98,0.99,0.01,0.01,77809.88,1777287883000
1777287884.62,284.62,0.01,0.02,0.98,0.99,0.01,0.01,77809.88,1777287883000
1777287884.962,284.962,0.01,0.02,0.98,0.99,0.01,0.01,77809.88,1777287883000
1777287885.451,285.451,0.01,0.02,0.98,0.99,0.01,0.01,77811.04,1777287884000
1777287885.82,285.82,0.01,0.02,0.98,0.99,0.01,0.01,77811.04,1777287884000
1777287886.209,286.209,0.01,0.02,0.98,0.99,0.01,0.01,77811.04,1777287885000
1777287886.548,286.548,0.01,0.02,0.98,0.99,0.01,0.01,77811.04,1777287885000
1777287886.944,286.944,0.01,0.02,0.98,0.99,0.01,0.01,77811.04,1777287885000
1777287887.47,287.47,0.01,0.02,0.98,0.99,0.01,0.01,77810.63,1777287886000
1777287887.92,287.92,0.01,0.01,0.99,0.99,0.0,0.0,77810.63,1777287886000
1777287888.258,288.258,0.01,0.01,0.99,0.99,0.0,0.0,77810.63,1777287886000
1777287888.808,288.808,0.01,0.01,0.99,0.99,0.0,0.0,77810.63,1777287887000
1777287889.486,289.486,0.01,0.01,0.99,0.99,0.0,0.0,77810.63,1777287887000
1777287890.491,290.491,0.01,0.01,0.99,0.99,0.0,0.0,77810.82,1777287888000
1777287890.998,290.998,0.01,0.01,0.99,0.99,0.0,0.0,77806.63,1777287889000
1777287891.339,291.339,0.01,0.01,0.99,0.99,0.0,0.0,77806.04,1777287890000
1777287891.882,291.882,0.01,0.01,0.99,0.99,0.0,0.0,77806.04,1777287890000
1777287892.457,292.457,0.01,0.01,0.99,0.99,0.0,0.0,77806.93,1777287891000
1777287892.793,292.793,0.01,0.01,0.99,0.99,0.0,0.0,77806.93,1777287891000
1777287894.228,294.228,0.01,0.01,0.99,0.99,0.0,0.0,77806.98,1777287893000
1777287895.502,295.502,0.01,0.01,0.99,0.99,0.0,0.0,77805.73,1777287894000
1777287895.843,295.843,0.01,0.01,0.99,0.99,0.0,0.0,77805.73,1777287894000
1777287896.549,296.549,0.01,0.01,0.99,0.99,0.0,0.0,77801.82,1777287895000
1777287897.131,297.131,0.01,0.01,0.99,0.99,0.0,0.0,77802.43,1777287896000
1777287898.012,298.012,0.01,0.01,0.99,0.99,0.0,0.0,77802.43,1777287896000
1777287898.39,298.39,0.01,0.01,0.99,0.99,0.0,0.0,77802.43,1777287896000
1777287899.102,299.102,0.01,0.01,0.99,0.99,0.0,0.0,77803.71,1777287897000
1777287900.232,300.232,0.01,0.01,0.99,0.99,0.0,0.0,77801.15,1777287899000
1777287900.745,300.745,0.01,0.01,0.99,0.99,0.0,0.0,77801.15,1777287899000
1777287901.285,301.285,0.01,0.01,0.99,0.99,0.0,0.0,77803.49,1777287900000
1777287902.481,302.481,0.01,0.01,0.99,0.99,0.0,0.0,77802.67,1777287901000

# RESULT,winner=Down,slug=btc-updown-5m-1777287600,ticks=671
