timestamp,elapsed_sec,up_bid,up_ask,down_bid,down_ask,up_spread,down_spread,btc_price,btc_oracle_ts
1776419400.502,0.502,0.49,0.53,0.5,0.51,0.04,0.01,75756.02,1776419399000
1776419400.932,0.932,0.48,0.51,0.47,0.52,0.03,0.05,75756.02,1776419399000
1776419401.482,1.482,0.48,0.49,0.51,0.53,0.01,0.02,75763.39,1776419400000
1776419401.825,1.825,0.48,0.49,0.51,0.52,0.01,0.01,75763.39,1776419400000
1776419402.224,2.224,0.48,0.49,0.51,0.52,0.01,0.01,75762.56,1776419401000
1776419403.02,3.02,0.48,0.49,0.51,0.52,0.01,0.01,75762.56,1776419401000
1776419403.713,3.713,0.48,0.49,0.51,0.52,0.01,0.01,75761.99,1776419402000
1776419404.384,4.384,0.48,0.49,0.51,0.52,0.01,0.01,75761.99,1776419402000
1776419404.862,4.862,0.48,0.49,0.51,0.52,0.01,0.01,75762.23,1776419403000
1776419405.198,5.198,0.49,0.53,0.5,0.51,0.04,0.01,75762.23,1776419403000
1776419405.59,5.59,0.51,0.52,0.48,0.5,0.01,0.02,75762.23,1776419403000
1776419405.935,5.935,0.51,0.52,0.48,0.49,0.01,0.01,75762.23,1776419404000
1776419406.314,6.314,0.5,0.51,0.49,0.5,0.01,0.01,75762.23,1776419404000
1776419406.801,6.801,0.5,0.51,0.49,0.5,0.01,0.01,75762.58,1776419405000
1776419407.262,7.262,0.5,0.51,0.49,0.5,0.01,0.01,75763.77,1776419406000
1776419408.04,8.04,0.5,0.51,0.49,0.5,0.01,0.01,75763.77,1776419406000
1776419408.398,8.398,0.57,0.59,0.41,0.43,0.02,0.02,75763.77,1776419406000
1776419408.734,8.734,0.57,0.58,0.42,0.43,0.01,0.01,75764.75,1776419407000
1776419409.094,9.094,0.57,0.58,0.42,0.43,0.01,0.01,75764.75,1776419407000
1776419409.429,9.429,0.57,0.58,0.42,0.43,0.01,0.01,75765.69,1776419408000
1776419409.764,9.764,0.57,0.59,0.41,0.43,0.02,0.02,75765.69,1776419408000
1776419410.102,10.102,0.58,0.59,0.41,0.42,0.01,0.01,75765.69,1776419408000
1776419410.492,10.492,0.58,0.59,0.41,0.42,0.01,0.01,75765.69,1776419408000
1776419410.86,10.86,0.58,0.59,0.41,0.42,0.01,0.01,75782.88,1776419409000
1776419411.217,11.217,0.58,0.61,0.4,0.42,0.03,0.02,75783.78,1776419410000
1776419411.593,11.593,0.59,0.62,0.4,0.41,0.03,0.01,75783.78,1776419410000
1776419411.974,11.974,0.6,0.61,0.39,0.4,0.01,0.01,75783.78,1776419410000
1776419412.411,12.411,0.61,0.62,0.38,0.39,0.01,0.01,75785.39,1776419411000
1776419412.754,12.754,0.61,0.63,0.37,0.39,0.02,0.02,75785.39,1776419411000
1776419413.098,13.098,0.62,0.63,0.37,0.38,0.01,0.01,75790.53,1776419412000
1776419413.44,13.44,0.62,0.63,0.37,0.39,0.01,0.02,75790.53,1776419412000
1776419413.777,13.777,0.6,0.62,0.38,0.39,0.02,0.01,75790.53,1776419412000
1776419414.214,14.214,0.61,0.62,0.38,0.39,0.01,0.01,75790.53,1776419412000
1776419414.547,14.547,0.61,0.62,0.38,0.39,0.01,0.01,75790.53,1776419412000
1776419414.984,14.984,0.61,0.62,0.38,0.4,0.01,0.02,75798.11,1776419413000
1776419415.354,15.354,0.61,0.62,0.38,0.39,0.01,0.01,75798.11,1776419413000
1776419415.778,15.778,0.61,0.62,0.38,0.39,0.01,0.01,75795.99,1776419414000
1776419416.144,16.144,0.6,0.61,0.39,0.4,0.01,0.01,75793.05,1776419415000
1776419416.586,16.586,0.6,0.61,0.39,0.4,0.01,0.01,75793.05,1776419415000
1776419416.935,16.935,0.56,0.57,0.43,0.44,0.01,0.01,75793.05,1776419415000
1776419417.31,17.31,0.55,0.56,0.44,0.45,0.01,0.01,75793.05,1776419415000
1776419417.739,17.739,0.54,0.55,0.45,0.46,0.01,0.01,75792.07,1776419416000
1776419418.095,18.095,0.54,0.55,0.45,0.46,0.01,0.01,75792.07,1776419416000
1776419418.431,18.431,0.53,0.55,0.45,0.47,0.02,0.02,75791.12,1776419417000
1776419419.026,19.026,0.53,0.55,0.45,0.47,0.02,0.02,75780.06,1776419418000
1776419419.575,19.575,0.53,0.55,0.45,0.47,0.02,0.02,75780.06,1776419418000
1776419419.912,19.912,0.52,0.55,0.45,0.47,0.03,0.02,75780.06,1776419418000
1776419420.341,20.341,0.5,0.56,0.46,0.5,0.06,0.04,75780.06,1776419418000
1776419420.76,20.76,0.53,0.54,0.46,0.47,0.01,0.01,75768.94,1776419419000
1776419421.165,21.165,0.53,0.54,0.46,0.47,0.01,0.01,75768.94,1776419419000
1776419421.512,21.512,0.53,0.54,0.46,0.47,0.01,0.01,75768.94,1776419419000
1776419421.889,21.889,0.53,0.54,0.46,0.47,0.01,0.01,75766.65,1776419420000
1776419422.259,22.259,0.53,0.54,0.46,0.47,0.01,0.01,75766.65,1776419420000
1776419422.634,22.634,0.53,0.54,0.46,0.47,0.01,0.01,75767.48,1776419421000
1776419423.012,23.012,0.53,0.54,0.46,0.47,0.01,0.01,75767.48,1776419421000
1776419423.499,23.499,0.53,0.54,0.46,0.47,0.01,0.01,75772.89,1776419422000
1776419423.833,23.833,0.64,0.66,0.35,0.36,0.02,0.01,75772.89,1776419422000
1776419424.21,24.21,0.64,0.65,0.33,0.39,0.01,0.06,75772.89,1776419422000
1776419424.565,24.565,0.66,0.67,0.33,0.34,0.01,0.01,75769.84,1776419423000
1776419425.011,25.011,0.66,0.67,0.33,0.35,0.01,0.02,75769.84,1776419423000
1776419425.405,25.405,0.66,0.67,0.33,0.34,0.01,0.01,75779.67,1776419424000
1776419425.866,25.866,0.66,0.67,0.33,0.34,0.01,0.01,75779.67,1776419424000
1776419426.252,26.252,0.66,0.67,0.33,0.34,0.01,0.01,75779.67,1776419424000
1776419426.721,26.721,0.66,0.67,0.33,0.34,0.01,0.01,75803.87,1776419425000
1776419427.309,27.309,0.66,0.67,0.33,0.34,0.01,0.01,75803.87,1776419425000
1776419427.647,27.647,0.66,0.67,0.33,0.34,0.01,0.01,75803.87,1776419425000
1776419427.985,27.985,0.66,0.67,0.33,0.34,0.01,0.01,75803.87,1776419425000
1776419428.335,28.335,0.67,0.68,0.32,0.33,0.01,0.01,75803.87,1776419425000
1776419428.743,28.743,0.67,0.68,0.32,0.33,0.01,0.01,75803.87,1776419425000
1776419429.123,29.123,0.67,0.68,0.32,0.33,0.01,0.01,75803.87,1776419425000
1776419429.463,29.463,0.67,0.68,0.32,0.33,0.01,0.01,75803.87,1776419425000
1776419429.953,29.953,0.67,0.68,0.32,0.33,0.01,0.01,75803.87,1776419425000
1776419430.463,30.463,0.67,0.68,0.32,0.33,0.01,0.01,75803.87,1776419425000
1776419430.907,30.907,0.67,0.68,0.32,0.33,0.01,0.01,75803.87,1776419425000
1776419431.293,31.293,0.67,0.68,0.32,0.33,0.01,0.01,75809.11,1776419430000
1776419431.652,31.652,0.68,0.69,0.31,0.32,0.01,0.01,75809.11,1776419430000
1776419431.994,31.994,0.69,0.7,0.3,0.31,0.01,0.01,75809.11,1776419430000
1776419432.333,32.333,0.69,0.7,0.3,0.31,0.01,0.01,75809.11,1776419430000
1776419432.737,32.737,0.69,0.7,0.3,0.31,0.01,0.01,75809.22,1776419431000
1776419433.104,33.104,0.69,0.7,0.3,0.31,0.01,0.01,75809.22,1776419432000
1776419433.48,33.48,0.68,0.69,0.3,0.32,0.01,0.02,75809.22,1776419432000
1776419434.078,34.078,0.68,0.69,0.31,0.32,0.01,0.01,75809.22,1776419432000
1776419434.558,34.558,0.68,0.69,0.31,0.32,0.01,0.01,75810.33,1776419433000
1776419434.988,34.988,0.68,0.69,0.31,0.32,0.01,0.01,75810.33,1776419433000
1776419435.397,35.397,0.68,0.69,0.31,0.32,0.01,0.01,75810.33,1776419433000
1776419436.052,36.052,0.68,0.69,0.31,0.32,0.01,0.01,75810.29,1776419434000
1776419436.435,36.435,0.68,0.69,0.31,0.32,0.01,0.01,75810.3,1776419435000
1776419437.007,37.007,0.68,0.69,0.31,0.32,0.01,0.01,75810.3,1776419435000
1776419437.533,37.533,0.68,0.69,0.31,0.32,0.01,0.01,75810.3,1776419435000
1776419437.927,37.927,0.68,0.69,0.31,0.32,0.01,0.01,75811.25,1776419436000
1776419438.354,38.354,0.68,0.69,0.31,0.32,0.01,0.01,75811.25,1776419436000
1776419438.964,38.964,0.68,0.69,0.31,0.32,0.01,0.01,75808.46,1776419438000
1776419439.714,39.714,0.68,0.69,0.31,0.32,0.01,0.01,75808.46,1776419438000
1776419440.05,40.05,0.68,0.69,0.31,0.32,0.01,0.01,75808.33,1776419439000
1776419440.439,40.439,0.68,0.69,0.31,0.32,0.01,0.01,75808.33,1776419439000
1776419441.112,41.112,0.67,0.68,0.32,0.33,0.01,0.01,75809.33,1776419440000
1776419441.495,41.495,0.67,0.68,0.32,0.34,0.01,0.02,75809.33,1776419440000
1776419442.205,42.205,0.66,0.67,0.32,0.33,0.01,0.01,75809.33,1776419440000
1776419442.724,42.724,0.66,0.67,0.33,0.34,0.01,0.01,75808.97,1776419441000
1776419443.117,43.117,0.66,0.67,0.33,0.34,0.01,0.01,75808.97,1776419441000
1776419444.025,44.025,0.66,0.67,0.33,0.34,0.01,0.01,75808.79,1776419442000
1776419444.374,44.374,0.66,0.67,0.33,0.34,0.01,0.01,75808.79,1776419442000
1776419444.713,44.713,0.65,0.66,0.34,0.35,0.01,0.01,75808.8,1776419443000
1776419445.066,45.066,0.65,0.66,0.34,0.35,0.01,0.01,75808.8,1776419443000
1776419445.49,45.49,0.65,0.66,0.34,0.35,0.01,0.01,75807.06,1776419444000
1776419446.107,46.107,0.65,0.66,0.34,0.35,0.01,0.01,75807.06,1776419444000
1776419446.566,46.566,0.65,0.66,0.34,0.35,0.01,0.01,75807.01,1776419445000
1776419446.913,46.913,0.65,0.66,0.34,0.35,0.01,0.01,75807.01,1776419445000
1776419447.404,47.404,0.65,0.66,0.34,0.35,0.01,0.01,75805.94,1776419446000
1776419447.854,47.854,0.65,0.66,0.34,0.35,0.01,0.01,75805.94,1776419446000
1776419448.264,48.264,0.65,0.66,0.34,0.35,0.01,0.01,75804.94,1776419447000
1776419448.914,48.914,0.65,0.66,0.34,0.35,0.01,0.01,75804.94,1776419447000
1776419449.251,49.251,0.63,0.65,0.35,0.37,0.02,0.02,75801.44,1776419448000
1776419450.03,50.03,0.63,0.64,0.35,0.37,0.01,0.02,75801.44,1776419448000
1776419450.371,50.371,0.63,0.64,0.36,0.37,0.01,0.01,75798.0,1776419449000
1776419451.097,51.097,0.63,0.64,0.36,0.37,0.01,0.01,75798.0,1776419449000
1776419451.533,51.533,0.63,0.64,0.36,0.37,0.01,0.01,75797.9,1776419450000
1776419452.15,52.15,0.63,0.64,0.36,0.37,0.01,0.01,75797.9,1776419450000
1776419453.446,53.446,0.63,0.64,0.36,0.37,0.01,0.01,75796.28,1776419451000
1776419453.842,53.842,0.63,0.64,0.36,0.37,0.01,0.01,75796.28,1776419451000
1776419454.205,54.205,0.63,0.64,0.36,0.37,0.01,0.01,75795.73,1776419452000
1776419454.912,54.912,0.63,0.64,0.36,0.37,0.01,0.01,75795.34,1776419453000
1776419455.48,55.48,0.63,0.64,0.36,0.37,0.01,0.01,75794.97,1776419454000
1776419455.996,55.996,0.63,0.64,0.36,0.37,0.01,0.01,75794.97,1776419454000
1776419456.331,56.331,0.64,0.67,0.34,0.36,0.03,0.02,75794.97,1776419454000
1776419456.905,56.905,0.66,0.67,0.33,0.34,0.01,0.01,75795.1,1776419455000
1776419457.246,57.246,0.66,0.67,0.33,0.34,0.01,0.01,75795.09,1776419456000
1776419457.799,57.799,0.65,0.66,0.33,0.35,0.01,0.02,75795.09,1776419456000
1776419458.154,58.154,0.65,0.66,0.34,0.35,0.01,0.01,75795.09,1776419456000
1776419458.661,58.661,0.65,0.67,0.33,0.35,0.02,0.02,75797.3,1776419457000
1776419459.145,59.145,0.65,0.66,0.33,0.35,0.01,0.02,75797.3,1776419457000
1776419460.065,60.065,0.65,0.66,0.34,0.35,0.01,0.01,75797.37,1776419458000
1776419460.535,60.535,0.65,0.66,0.34,0.35,0.01,0.01,75803.18,1776419459000
1776419460.932,60.932,0.64,0.65,0.35,0.36,0.01,0.01,75803.18,1776419459000
1776419461.289,61.289,0.64,0.65,0.35,0.36,0.01,0.01,75798.43,1776419460000
1776419461.629,61.629,0.64,0.65,0.35,0.36,0.01,0.01,75798.43,1776419460000
1776419461.968,61.968,0.58,0.59,0.41,0.42,0.01,0.01,75798.43,1776419460000
1776419462.368,62.368,0.57,0.58,0.41,0.44,0.01,0.03,75798.43,1776419460000
1776419462.708,62.708,0.55,0.58,0.42,0.45,0.03,0.03,75798.43,1776419460000
1776419463.079,63.079,0.56,0.57,0.43,0.44,0.01,0.01,75798.45,1776419461000
1776419463.491,63.491,0.56,0.57,0.43,0.44,0.01,0.01,75798.45,1776419461000
1776419463.836,63.836,0.56,0.57,0.43,0.44,0.01,0.01,75787.8,1776419462000
1776419464.225,64.225,0.56,0.57,0.43,0.44,0.01,0.01,75787.8,1776419462000
1776419465.03,65.03,0.56,0.57,0.43,0.44,0.01,0.01,75784.79,1776419463000
1776419465.415,65.415,0.56,0.57,0.43,0.44,0.01,0.01,75779.55,1776419464000
1776419466.067,66.067,0.56,0.57,0.43,0.44,0.01,0.01,75779.55,1776419464000
1776419466.407,66.407,0.56,0.57,0.43,0.44,0.01,0.01,75779.55,1776419464000
1776419466.828,66.828,0.56,0.57,0.43,0.44,0.01,0.01,75780.65,1776419465000
1776419467.23,67.23,0.56,0.57,0.43,0.44,0.01,0.01,75780.65,1776419465000
1776419468.053,68.053,0.56,0.57,0.43,0.44,0.01,0.01,75780.67,1776419466000
1776419468.432,68.432,0.58,0.59,0.41,0.42,0.01,0.01,75780.67,1776419466000
1776419468.771,68.771,0.59,0.6,0.4,0.41,0.01,0.01,75780.68,1776419467000
1776419469.122,69.122,0.6,0.61,0.39,0.4,0.01,0.01,75780.68,1776419467000
1776419469.491,69.491,0.61,0.62,0.38,0.39,0.01,0.01,75780.86,1776419468000
1776419469.918,69.918,0.61,0.62,0.38,0.39,0.01,0.01,75780.86,1776419468000
1776419470.301,70.301,0.61,0.62,0.38,0.39,0.01,0.01,75780.86,1776419468000
1776419470.808,70.808,0.61,0.63,0.37,0.39,0.02,0.02,75783.26,1776419469000
1776419471.15,71.15,0.62,0.64,0.36,0.38,0.02,0.02,75785.23,1776419470000
1776419471.523,71.523,0.63,0.64,0.36,0.37,0.01,0.01,75785.23,1776419470000
1776419471.858,71.858,0.63,0.64,0.36,0.37,0.01,0.01,75785.23,1776419470000
1776419472.212,72.212,0.63,0.64,0.36,0.37,0.01,0.01,75788.23,1776419471000
1776419472.789,72.789,0.6,0.64,0.36,0.37,0.04,0.01,75788.23,1776419471000
1776419473.126,73.126,0.6,0.64,0.36,0.4,0.04,0.04,75792.53,1776419472000
1776419473.465,73.465,0.61,0.62,0.38,0.39,0.01,0.01,75792.53,1776419472000
1776419473.815,73.815,0.57,0.58,0.41,0.43,0.01,0.02,75792.53,1776419472000
1776419474.182,74.182,0.56,0.57,0.43,0.44,0.01,0.01,75792.48,1776419473000
1776419474.542,74.542,0.56,0.57,0.43,0.44,0.01,0.01,75792.48,1776419473000
1776419474.878,74.878,0.56,0.57,0.43,0.44,0.01,0.01,75792.48,1776419473000
1776419475.211,75.211,0.56,0.57,0.43,0.44,0.01,0.01,75792.48,1776419473000
1776419475.691,75.691,0.6,0.61,0.4,0.41,0.01,0.01,75788.39,1776419474000
1776419476.064,76.064,0.61,0.62,0.38,0.39,0.01,0.01,75788.39,1776419474000
1776419476.52,76.52,0.61,0.62,0.38,0.39,0.01,0.01,75781.81,1776419475000
1776419476.88,76.88,0.61,0.62,0.38,0.39,0.01,0.01,75781.81,1776419475000
1776419477.303,77.303,0.61,0.62,0.38,0.39,0.01,0.01,75781.81,1776419475000
1776419477.693,77.693,0.61,0.62,0.38,0.39,0.01,0.01,75784.29,1776419476000
1776419478.063,78.063,0.61,0.62,0.38,0.39,0.01,0.01,75785.97,1776419477000
1776419478.593,78.593,0.61,0.62,0.38,0.39,0.01,0.01,75785.97,1776419477000
1776419478.935,78.935,0.61,0.62,0.38,0.39,0.01,0.01,75787.48,1776419478000
1776419479.403,79.403,0.61,0.62,0.38,0.39,0.01,0.01,75787.48,1776419478000
1776419479.781,79.781,0.61,0.62,0.38,0.39,0.01,0.01,75787.48,1776419478000
1776419480.129,80.129,0.61,0.62,0.38,0.39,0.01,0.01,75788.15,1776419479000
1776419480.735,80.735,0.61,0.62,0.38,0.39,0.01,0.01,75788.15,1776419479000
1776419481.543,81.543,0.62,0.63,0.37,0.39,0.01,0.02,75788.12,1776419480000
1776419481.91,81.91,0.62,0.63,0.37,0.38,0.01,0.01,75788.12,1776419480000
1776419482.279,82.279,0.62,0.63,0.37,0.38,0.01,0.01,75787.77,1776419481000
1776419482.723,82.723,0.6,0.63,0.37,0.38,0.03,0.01,75787.77,1776419481000
1776419483.112,83.112,0.61,0.62,0.38,0.39,0.01,0.01,75787.73,1776419482000
1776419483.688,83.688,0.61,0.62,0.38,0.39,0.01,0.01,75787.73,1776419482000
1776419484.216,84.216,0.61,0.63,0.38,0.39,0.02,0.01,75787.73,1776419482000
1776419484.551,84.551,0.62,0.63,0.37,0.39,0.01,0.02,75787.73,1776419483000
1776419484.957,84.957,0.64,0.66,0.37,0.38,0.02,0.01,75787.73,1776419483000
1776419485.327,85.327,0.66,0.67,0.33,0.34,0.01,0.01,75787.73,1776419483000
1776419485.692,85.692,0.66,0.67,0.33,0.34,0.01,0.01,75790.53,1776419484000
1776419486.038,86.038,0.67,0.68,0.32,0.33,0.01,0.01,75790.53,1776419484000
1776419486.478,86.478,0.67,0.68,0.32,0.33,0.01,0.01,75791.52,1776419485000
1776419486.923,86.923,0.69,0.71,0.3,0.31,0.02,0.01,75791.52,1776419485000
1776419487.327,87.327,0.71,0.72,0.28,0.29,0.01,0.01,75791.52,1776419485000
1776419487.662,87.662,0.71,0.75,0.26,0.29,0.04,0.03,75800.5,1776419486000
1776419488.056,88.056,0.74,0.76,0.24,0.26,0.02,0.02,75800.5,1776419486000
1776419488.42,88.42,0.75,0.76,0.24,0.25,0.01,0.01,75801.48,1776419487000
1776419488.753,88.753,0.75,0.76,0.24,0.25,0.01,0.01,75801.48,1776419487000
1776419489.207,89.207,0.75,0.76,0.24,0.25,0.01,0.01,75801.48,1776419487000
1776419489.547,89.547,0.76,0.78,0.23,0.24,0.02,0.01,75814.32,1776419488000
1776419489.897,89.897,0.77,0.78,0.23,0.24,0.01,0.01,75814.32,1776419488000
1776419490.244,90.244,0.78,0.79,0.21,0.22,0.01,0.01,75816.41,1776419489000
1776419490.642,90.642,0.79,0.8,0.2,0.21,0.01,0.01,75816.41,1776419489000
1776419491.006,91.006,0.79,0.8,0.2,0.21,0.01,0.01,75816.41,1776419489000
1776419491.345,91.345,0.79,0.81,0.19,0.21,0.02,0.02,75816.41,1776419489000
1776419491.76,91.76,0.8,0.81,0.19,0.2,0.01,0.01,75822.82,1776419490000
1776419492.214,92.214,0.8,0.81,0.19,0.2,0.01,0.01,75827.55,1776419491000
1776419492.598,92.598,0.8,0.81,0.19,0.2,0.01,0.01,75827.55,1776419491000
1776419492.936,92.936,0.8,0.81,0.19,0.2,0.01,0.01,75827.55,1776419491000
1776419493.406,93.406,0.8,0.81,0.19,0.2,0.01,0.01,75827.55,1776419491000
1776419493.774,93.774,0.8,0.81,0.19,0.2,0.01,0.01,75834.06,1776419492000
1776419494.323,94.323,0.8,0.81,0.19,0.2,0.01,0.01,75834.06,1776419492000
1776419494.771,94.771,0.8,0.81,0.19,0.2,0.01,0.01,75835.42,1776419493000
1776419495.139,95.139,0.78,0.8,0.19,0.22,0.02,0.03,75835.42,1776419493000
1776419495.531,95.531,0.78,0.79,0.21,0.22,0.01,0.01,75835.42,1776419493000
1776419495.968,95.968,0.74,0.75,0.22,0.26,0.01,0.04,75835.25,1776419494000
1776419496.302,96.302,0.74,0.75,0.25,0.26,0.01,0.01,75835.25,1776419494000
1776419496.701,96.701,0.74,0.75,0.25,0.26,0.01,0.01,75833.75,1776419495000
1776419497.045,97.045,0.72,0.73,0.27,0.29,0.01,0.02,75833.75,1776419495000
1776419497.387,97.387,0.71,0.72,0.28,0.29,0.01,0.01,75833.75,1776419495000
1776419497.77,97.77,0.71,0.72,0.28,0.29,0.01,0.01,75826.45,1776419496000
1776419498.238,98.238,0.7,0.71,0.28,0.3,0.01,0.02,75826.45,1776419496000
1776419498.627,98.627,0.7,0.71,0.29,0.3,0.01,0.01,75820.81,1776419497000
1776419499.134,99.134,0.7,0.71,0.29,0.3,0.01,0.01,75820.81,1776419497000
1776419499.509,99.509,0.7,0.71,0.29,0.3,0.01,0.01,75819.38,1776419498000
1776419500.061,100.061,0.7,0.71,0.29,0.3,0.01,0.01,75819.38,1776419498000
1776419500.463,100.463,0.7,0.71,0.29,0.3,0.01,0.01,75819.38,1776419498000
1776419500.929,100.929,0.7,0.71,0.29,0.3,0.01,0.01,75815.35,1776419499000
1776419501.473,101.473,0.73,0.74,0.26,0.27,0.01,0.01,75815.35,1776419499000
1776419501.812,101.812,0.73,0.74,0.26,0.27,0.01,0.01,75815.35,1776419499000
1776419502.146,102.146,0.73,0.74,0.26,0.27,0.01,0.01,75815.35,1776419499000
1776419502.499,102.499,0.73,0.74,0.26,0.27,0.01,0.01,75815.73,1776419500000
1776419502.86,102.86,0.73,0.74,0.26,0.27,0.01,0.01,75815.73,1776419500000
1776419503.213,103.213,0.71,0.72,0.28,0.29,0.01,0.01,75816.63,1776419501000
1776419503.562,103.562,0.71,0.72,0.28,0.29,0.01,0.01,75816.63,1776419501000
1776419503.911,103.911,0.71,0.72,0.28,0.29,0.01,0.01,75821.9,1776419502000
1776419504.28,104.28,0.69,0.7,0.3,0.31,0.01,0.01,75821.9,1776419502000
1776419504.764,104.764,0.69,0.7,0.3,0.31,0.01,0.01,75817.7,1776419503000
1776419505.164,105.164,0.69,0.7,0.3,0.31,0.01,0.01,75817.32,1776419504000
1776419506.125,106.125,0.69,0.7,0.3,0.31,0.01,0.01,75817.32,1776419504000
1776419506.568,106.568,0.69,0.7,0.3,0.31,0.01,0.01,75814.82,1776419505000
1776419507.338,107.338,0.69,0.7,0.3,0.31,0.01,0.01,75814.82,1776419505000
1776419507.949,107.949,0.69,0.7,0.3,0.31,0.01,0.01,75812.98,1776419506000
1776419508.409,108.409,0.69,0.7,0.3,0.31,0.01,0.01,75813.15,1776419507000
1776419508.922,108.922,0.69,0.7,0.3,0.31,0.01,0.01,75813.15,1776419507000
1776419509.331,109.331,0.69,0.7,0.3,0.31,0.01,0.01,75813.15,1776419507000
1776419509.821,109.821,0.69,0.7,0.3,0.31,0.01,0.01,75812.95,1776419508000
1776419510.515,110.515,0.69,0.7,0.3,0.31,0.01,0.01,75813.36,1776419509000
1776419510.917,110.917,0.69,0.7,0.3,0.31,0.01,0.01,75813.36,1776419509000
1776419511.3,111.3,0.69,0.7,0.3,0.31,0.01,0.01,75813.35,1776419510000
1776419511.826,111.826,0.69,0.7,0.3,0.31,0.01,0.01,75813.35,1776419510000
1776419512.197,112.197,0.69,0.7,0.3,0.31,0.01,0.01,75813.35,1776419510000
1776419512.677,112.677,0.69,0.7,0.3,0.31,0.01,0.01,75813.35,1776419511000
1776419513.248,113.248,0.69,0.72,0.28,0.31,0.03,0.03,75813.29,1776419512000
1776419513.723,113.723,0.71,0.72,0.28,0.29,0.01,0.01,75813.29,1776419512000
1776419514.072,114.072,0.71,0.72,0.28,0.29,0.01,0.01,75813.29,1776419512000
1776419514.46,114.46,0.71,0.72,0.28,0.29,0.01,0.01,75813.29,1776419512000
1776419515.025,115.025,0.71,0.72,0.28,0.29,0.01,0.01,75813.28,1776419513000
1776419516.047,116.047,0.71,0.72,0.28,0.29,0.01,0.01,75813.25,1776419514000
1776419516.63,116.63,0.71,0.72,0.28,0.29,0.01,0.01,75814.21,1776419515000
1776419517.041,117.041,0.73,0.74,0.28,0.29,0.01,0.01,75814.21,1776419515000
1776419517.998,117.998,0.74,0.75,0.25,0.26,0.01,0.01,75813.7,1776419516000
1776419518.345,118.345,0.74,0.75,0.25,0.26,0.01,0.01,75813.7,1776419516000
1776419518.802,118.802,0.74,0.75,0.25,0.26,0.01,0.01,75813.7,1776419516000
1776419519.164,119.164,0.74,0.75,0.25,0.26,0.01,0.01,75813.46,1776419517000
1776419519.618,119.618,0.74,0.75,0.25,0.26,0.01,0.01,75813.46,1776419517000
1776419520.055,120.055,0.76,0.77,0.23,0.25,0.01,0.02,75815.09,1776419518000
1776419520.412,120.412,0.76,0.77,0.23,0.24,0.01,0.01,75816.53,1776419519000
1776419520.98,120.98,0.76,0.77,0.23,0.24,0.01,0.01,75816.53,1776419519000
1776419521.394,121.394,0.76,0.77,0.23,0.24,0.01,0.01,75817.28,1776419520000
1776419521.948,121.948,0.76,0.77,0.23,0.24,0.01,0.01,75817.28,1776419520000
1776419522.293,122.293,0.7,0.71,0.29,0.3,0.01,0.01,75820.85,1776419521000
1776419522.638,122.638,0.7,0.71,0.29,0.3,0.01,0.01,75820.85,1776419521000
1776419522.973,122.973,0.7,0.71,0.29,0.3,0.01,0.01,75820.85,1776419521000
1776419523.382,123.382,0.7,0.71,0.29,0.3,0.01,0.01,75821.42,1776419522000
1776419523.729,123.729,0.7,0.71,0.29,0.3,0.01,0.01,75821.42,1776419522000
1776419524.076,124.076,0.7,0.71,0.29,0.3,0.01,0.01,75821.42,1776419522000
1776419524.427,124.427,0.69,0.71,0.29,0.31,0.02,0.02,75814.89,1776419523000
1776419524.773,124.773,0.69,0.7,0.3,0.31,0.01,0.01,75814.89,1776419523000
1776419525.276,125.276,0.69,0.7,0.3,0.31,0.01,0.01,75807.8,1776419524000
1776419525.696,125.696,0.69,0.7,0.3,0.31,0.01,0.01,75807.8,1776419524000
1776419526.103,126.103,0.69,0.7,0.3,0.31,0.01,0.01,75803.29,1776419525000
1776419526.463,126.463,0.69,0.7,0.3,0.31,0.01,0.01,75803.29,1776419525000
1776419527.056,127.056,0.69,0.7,0.3,0.31,0.01,0.01,75803.29,1776419525000
1776419527.482,127.482,0.69,0.7,0.3,0.31,0.01,0.01,75803.26,1776419526000
1776419528.369,128.369,0.69,0.7,0.3,0.31,0.01,0.01,75803.26,1776419526000
1776419529.114,129.114,0.69,0.7,0.3,0.31,0.01,0.01,75802.17,1776419527000
1776419530.28,130.28,0.69,0.7,0.3,0.31,0.01,0.01,75802.5,1776419529000
1776419530.613,130.613,0.69,0.7,0.3,0.31,0.01,0.01,75802.5,1776419529000
1776419531.123,131.123,0.69,0.7,0.3,0.31,0.01,0.01,75802.5,1776419529000
1776419531.512,131.512,0.71,0.72,0.28,0.31,0.01,0.03,75802.97,1776419530000
1776419531.848,131.848,0.72,0.73,0.27,0.28,0.01,0.01,75802.97,1776419530000
1776419532.254,132.254,0.72,0.73,0.27,0.28,0.01,0.01,75802.97,1776419530000
1776419532.588,132.588,0.72,0.73,0.27,0.28,0.01,0.01,75803.04,1776419531000
1776419532.951,132.951,0.72,0.73,0.27,0.28,0.01,0.01,75803.04,1776419531000
1776419533.781,133.781,0.72,0.73,0.27,0.28,0.01,0.01,75803.1,1776419532000
1776419534.146,134.146,0.72,0.73,0.27,0.28,0.01,0.01,75803.1,1776419532000
1776419534.491,134.491,0.73,0.74,0.26,0.27,0.01,0.01,75804.1,1776419533000
1776419534.937,134.937,0.73,0.74,0.26,0.27,0.01,0.01,75804.1,1776419533000
1776419535.553,135.553,0.73,0.74,0.26,0.27,0.01,0.01,75804.94,1776419534000
1776419535.909,135.909,0.73,0.74,0.26,0.27,0.01,0.01,75804.94,1776419534000
1776419536.336,136.336,0.73,0.74,0.26,0.27,0.01,0.01,75805.57,1776419535000
1776419536.775,136.775,0.73,0.74,0.26,0.27,0.01,0.01,75805.57,1776419535000
1776419537.267,137.267,0.73,0.74,0.26,0.27,0.01,0.01,75805.57,1776419535000
1776419537.601,137.601,0.69,0.72,0.28,0.31,0.03,0.03,75807.77,1776419536000
1776419537.962,137.962,0.66,0.67,0.33,0.34,0.01,0.01,75807.77,1776419536000
1776419538.297,138.297,0.66,0.67,0.33,0.34,0.01,0.01,75811.26,1776419537000
1776419539.11,139.11,0.65,0.66,0.34,0.35,0.01,0.01,75802.86,1776419538000
1776419540.2,140.2,0.65,0.66,0.34,0.35,0.01,0.01,75802.86,1776419538000
1776419540.831,140.831,0.65,0.66,0.34,0.35,0.01,0.01,75794.05,1776419539000
1776419541.214,141.214,0.65,0.66,0.34,0.35,0.01,0.01,75794.05,1776419540000
1776419542.159,142.159,0.65,0.66,0.34,0.35,0.01,0.01,75792.97,1776419541000
1776419542.573,142.573,0.65,0.66,0.34,0.35,0.01,0.01,75792.97,1776419541000
1776419543.453,143.453,0.65,0.66,0.34,0.35,0.01,0.01,75793.99,1776419542000
1776419543.975,143.975,0.65,0.66,0.34,0.35,0.01,0.01,75793.99,1776419542000
1776419544.412,144.412,0.65,0.66,0.34,0.35,0.01,0.01,75793.61,1776419543000
1776419544.894,144.894,0.65,0.67,0.34,0.35,0.02,0.01,75793.61,1776419543000
1776419545.252,145.252,0.67,0.68,0.32,0.35,0.01,0.03,75793.61,1776419543000
1776419545.59,145.59,0.67,0.68,0.32,0.33,0.01,0.01,75793.43,1776419544000
1776419545.928,145.928,0.67,0.68,0.32,0.33,0.01,0.01,75793.43,1776419544000
1776419546.409,146.409,0.68,0.69,0.32,0.33,0.01,0.01,75793.79,1776419545000
1776419546.887,146.887,0.68,0.69,0.31,0.32,0.01,0.01,75793.79,1776419545000
1776419547.288,147.288,0.68,0.69,0.31,0.32,0.01,0.01,75793.96,1776419546000
1776419547.85,147.85,0.68,0.69,0.31,0.32,0.01,0.01,75793.96,1776419546000
1776419548.486,148.486,0.68,0.69,0.31,0.32,0.01,0.01,75794.95,1776419547000
1776419549.086,149.086,0.68,0.69,0.31,0.32,0.01,0.01,75794.95,1776419548000
1776419549.449,149.449,0.66,0.67,0.31,0.32,0.01,0.01,75794.95,1776419548000
1776419550.03,150.03,0.65,0.66,0.34,0.35,0.01,0.01,75794.95,1776419548000
1776419550.604,150.604,0.65,0.66,0.34,0.35,0.01,0.01,75794.95,1776419549000
1776419550.959,150.959,0.6,0.65,0.35,0.4,0.05,0.05,75794.95,1776419549000
1776419551.68,151.68,0.58,0.59,0.41,0.42,0.01,0.01,75795.06,1776419550000
1776419552.108,152.108,0.58,0.59,0.41,0.42,0.01,0.01,75795.06,1776419550000
1776419552.662,152.662,0.58,0.59,0.41,0.42,0.01,0.01,75792.8,1776419551000
1776419553.011,153.011,0.58,0.59,0.41,0.42,0.01,0.01,75792.8,1776419551000
1776419553.375,153.375,0.58,0.59,0.41,0.42,0.01,0.01,75783.38,1776419552000
1776419553.853,153.853,0.58,0.59,0.41,0.42,0.01,0.01,75783.38,1776419552000
1776419554.252,154.252,0.57,0.58,0.42,0.43,0.01,0.01,75783.38,1776419552000
1776419554.596,154.596,0.57,0.58,0.42,0.43,0.01,0.01,75782.34,1776419553000
1776419555.088,155.088,0.57,0.58,0.42,0.43,0.01,0.01,75782.56,1776419554000
1776419555.712,155.712,0.57,0.58,0.42,0.43,0.01,0.01,75782.56,1776419554000
1776419556.278,156.278,0.57,0.58,0.42,0.43,0.01,0.01,75780.55,1776419555000
1776419556.627,156.627,0.53,0.56,0.44,0.45,0.03,0.01,75780.55,1776419555000
1776419556.961,156.961,0.47,0.48,0.52,0.53,0.01,0.01,75780.55,1776419555000
1776419557.363,157.363,0.47,0.48,0.52,0.53,0.01,0.01,75777.9,1776419556000
1776419557.713,157.713,0.46,0.47,0.52,0.54,0.01,0.02,75777.9,1776419556000
1776419558.052,158.052,0.46,0.47,0.53,0.54,0.01,0.01,75777.9,1776419556000
1776419558.413,158.413,0.46,0.47,0.53,0.54,0.01,0.01,75772.02,1776419557000
1776419558.787,158.787,0.45,0.46,0.54,0.55,0.01,0.01,75772.02,1776419557000
1776419559.14,159.14,0.45,0.46,0.54,0.55,0.01,0.01,75772.02,1776419557000
1776419559.506,159.506,0.45,0.46,0.54,0.55,0.01,0.01,75761.89,1776419558000
1776419559.998,159.998,0.45,0.46,0.54,0.55,0.01,0.01,75760.81,1776419559000
1776419560.332,160.332,0.45,0.46,0.54,0.55,0.01,0.01,75760.81,1776419559000
1776419560.668,160.668,0.45,0.46,0.54,0.55,0.01,0.01,75760.81,1776419559000
1776419561.091,161.091,0.45,0.46,0.54,0.55,0.01,0.01,75759.77,1776419560000
1776419561.795,161.795,0.45,0.46,0.54,0.55,0.01,0.01,75759.77,1776419560000
1776419562.201,162.201,0.45,0.46,0.54,0.55,0.01,0.01,75759.77,1776419560000
1776419562.629,162.629,0.45,0.46,0.54,0.55,0.01,0.01,75759.0,1776419561000
1776419563.257,163.257,0.45,0.46,0.54,0.55,0.01,0.01,75759.0,1776419561000
1776419563.649,163.649,0.45,0.46,0.54,0.55,0.01,0.01,75758.88,1776419562000
1776419564.04,164.04,0.45,0.46,0.54,0.55,0.01,0.01,75758.88,1776419562000
1776419564.438,164.438,0.45,0.46,0.54,0.55,0.01,0.01,75758.88,1776419562000
1776419564.874,164.874,0.45,0.46,0.54,0.55,0.01,0.01,75758.71,1776419563000
1776419565.24,165.24,0.45,0.46,0.54,0.55,0.01,0.01,75758.71,1776419564000
1776419565.81,165.81,0.45,0.46,0.54,0.55,0.01,0.01,75758.71,1776419564000
1776419566.287,166.287,0.45,0.46,0.54,0.55,0.01,0.01,75758.71,1776419564000
1776419566.733,166.733,0.45,0.46,0.54,0.55,0.01,0.01,75758.71,1776419565000
1776419567.12,167.12,0.45,0.46,0.54,0.55,0.01,0.01,75758.71,1776419565000
1776419568.354,168.354,0.45,0.46,0.54,0.55,0.01,0.01,75759.18,1776419567000
1776419568.783,168.783,0.46,0.48,0.52,0.54,0.02,0.02,75759.18,1776419567000
1776419569.348,169.348,0.48,0.49,0.52,0.55,0.01,0.03,75759.18,1776419568000
1776419569.701,169.701,0.48,0.49,0.51,0.53,0.01,0.02,75759.18,1776419568000
1776419570.16,170.16,0.48,0.49,0.51,0.52,0.01,0.01,75759.18,1776419568000
1776419570.497,170.497,0.48,0.49,0.51,0.52,0.01,0.01,75761.7,1776419569000
1776419570.867,170.867,0.48,0.49,0.51,0.52,0.01,0.01,75761.7,1776419569000
1776419571.259,171.259,0.48,0.49,0.51,0.52,0.01,0.01,75761.7,1776419570000
1776419571.596,171.596,0.48,0.49,0.51,0.52,0.01,0.01,75761.7,1776419570000
1776419572.096,172.096,0.48,0.49,0.51,0.52,0.01,0.01,75761.7,1776419570000
1776419572.683,172.683,0.48,0.49,0.51,0.52,0.01,0.01,75761.7,1776419571000
1776419573.051,173.051,0.48,0.49,0.51,0.52,0.01,0.01,75761.7,1776419571000
1776419573.439,173.439,0.48,0.49,0.51,0.52,0.01,0.01,75761.7,1776419571000
1776419574.268,174.268,0.48,0.49,0.51,0.52,0.01,0.01,75761.3,1776419572000
1776419574.672,174.672,0.48,0.49,0.51,0.52,0.01,0.01,75761.29,1776419573000
1776419575.707,175.707,0.48,0.49,0.51,0.52,0.01,0.01,75761.33,1776419574000
1776419576.21,176.21,0.48,0.49,0.51,0.52,0.01,0.01,75761.33,1776419575000
1776419576.748,176.748,0.48,0.49,0.51,0.52,0.01,0.01,75761.33,1776419575000
1776419577.318,177.318,0.48,0.49,0.51,0.52,0.01,0.01,75761.33,1776419575000
1776419577.77,177.77,0.47,0.49,0.51,0.53,0.02,0.02,75761.33,1776419575000
1776419578.433,178.433,0.47,0.48,0.51,0.53,0.01,0.02,75761.33,1776419575000
1776419578.863,178.863,0.45,0.46,0.54,0.57,0.01,0.03,75762.41,1776419577000
1776419579.201,179.201,0.44,0.45,0.54,0.56,0.01,0.02,75762.41,1776419577000
1776419579.537,179.537,0.44,0.45,0.55,0.56,0.01,0.01,75762.41,1776419578000
1776419579.928,179.928,0.42,0.43,0.57,0.58,0.01,0.01,75762.41,1776419578000
1776419580.301,180.301,0.42,0.43,0.57,0.58,0.01,0.01,75761.32,1776419579000
1776419581.101,181.101,0.42,0.43,0.57,0.58,0.01,0.01,75761.32,1776419579000
1776419581.577,181.577,0.42,0.43,0.57,0.58,0.01,0.01,75761.32,1776419579000
1776419582.737,182.737,0.42,0.43,0.57,0.58,0.01,0.01,75758.43,1776419580000
1776419583.166,183.166,0.41,0.43,0.57,0.58,0.02,0.01,75756.79,1776419581000
1776419583.594,183.594,0.41,0.43,0.57,0.59,0.02,0.02,75756.68,1776419582000
1776419583.945,183.945,0.41,0.43,0.57,0.59,0.02,0.02,75756.68,1776419582000
1776419584.436,184.436,0.42,0.43,0.57,0.59,0.01,0.02,75756.68,1776419582000
1776419584.771,184.771,0.41,0.42,0.58,0.59,0.01,0.01,75756.68,1776419582000
1776419585.479,185.479,0.41,0.42,0.57,0.59,0.01,0.02,75756.68,1776419583000
1776419585.837,185.837,0.41,0.42,0.58,0.59,0.01,0.01,75755.69,1776419584000
1776419586.194,186.194,0.4,0.41,0.59,0.6,0.01,0.01,75755.69,1776419584000
1776419586.57,186.57,0.4,0.42,0.59,0.6,0.02,0.01,75754.46,1776419585000
1776419586.907,186.907,0.4,0.41,0.59,0.6,0.01,0.01,75754.46,1776419585000
1776419587.499,187.499,0.4,0.41,0.59,0.6,0.01,0.01,75755.15,1776419586000
1776419588.446,188.446,0.4,0.41,0.59,0.6,0.01,0.01,75755.15,1776419586000
1776419588.924,188.924,0.4,0.41,0.59,0.6,0.01,0.01,75755.15,1776419586000
1776419589.427,189.427,0.4,0.41,0.59,0.6,0.01,0.01,75755.0,1776419587000
1776419589.78,189.78,0.4,0.41,0.59,0.6,0.01,0.01,75754.7,1776419588000
1776419590.173,190.173,0.4,0.41,0.59,0.6,0.01,0.01,75754.7,1776419588000
1776419590.515,190.515,0.4,0.41,0.59,0.6,0.01,0.01,75754.77,1776419589000
1776419590.854,190.854,0.4,0.41,0.59,0.6,0.01,0.01,75754.77,1776419589000
1776419591.303,191.303,0.4,0.41,0.59,0.6,0.01,0.01,75754.62,1776419590000
1776419591.761,191.761,0.4,0.41,0.59,0.6,0.01,0.01,75754.62,1776419590000
1776419592.671,192.671,0.4,0.41,0.59,0.6,0.01,0.01,75754.62,1776419590000
1776419593.069,193.069,0.4,0.41,0.59,0.6,0.01,0.01,75753.99,1776419591000
1776419593.407,193.407,0.4,0.41,0.59,0.6,0.01,0.01,75753.99,1776419591000
1776419593.865,193.865,0.37,0.41,0.59,0.63,0.04,0.04,75754.45,1776419592000
1776419594.226,194.226,0.39,0.41,0.59,0.6,0.02,0.01,75754.45,1776419592000
1776419594.614,194.614,0.39,0.4,0.6,0.61,0.01,0.01,75754.43,1776419593000
1776419595.015,195.015,0.39,0.4,0.6,0.61,0.01,0.01,75754.43,1776419593000
1776419595.386,195.386,0.39,0.44,0.56,0.61,0.05,0.05,75754.43,1776419594000
1776419595.744,195.744,0.42,0.44,0.56,0.57,0.02,0.01,75754.43,1776419594000
1776419596.097,196.097,0.41,0.42,0.58,0.59,0.01,0.01,75754.43,1776419594000
1776419597.887,197.887,0.41,0.42,0.58,0.59,0.01,0.01,75754.57,1776419596000
1776419598.222,198.222,0.47,0.52,0.48,0.53,0.05,0.05,75754.57,1776419596000
1776419598.559,198.559,0.6,0.74,0.29,0.4,0.14,0.11,75779.5,1776419597000
1776419598.91,198.91,0.71,0.72,0.28,0.35,0.01,0.07,75779.5,1776419597000
1776419599.247,199.247,0.64,0.69,0.33,0.36,0.05,0.03,75794.61,1776419598000
1776419599.597,199.597,0.66,0.67,0.33,0.34,0.01,0.01,75794.61,1776419598000
1776419599.93,199.93,0.69,0.7,0.3,0.31,0.01,0.01,75794.61,1776419598000
1776419600.317,200.317,0.69,0.7,0.3,0.31,0.01,0.01,75794.61,1776419598000
1776419600.67,200.67,0.69,0.7,0.3,0.31,0.01,0.01,75797.84,1776419599000
1776419601.008,201.008,0.69,0.7,0.3,0.31,0.01,0.01,75797.84,1776419599000
1776419601.549,201.549,0.69,0.7,0.3,0.31,0.01,0.01,75797.84,1776419600000
1776419602.081,202.081,0.69,0.7,0.3,0.31,0.01,0.01,75798.03,1776419601000
1776419602.44,202.44,0.82,0.86,0.14,0.18,0.04,0.04,75798.03,1776419601000
1776419602.813,202.813,0.87,0.88,0.12,0.13,0.01,0.01,75798.03,1776419601000
1776419603.147,203.147,0.87,0.88,0.12,0.13,0.01,0.01,75798.03,1776419601000
1776419603.508,203.508,0.85,0.86,0.14,0.15,0.01,0.01,75798.03,1776419601000
1776419603.842,203.842,0.85,0.86,0.14,0.15,0.01,0.01,75799.99,1776419602000
1776419604.203,204.203,0.85,0.86,0.14,0.15,0.01,0.01,75799.99,1776419602000
1776419604.55,204.55,0.85,0.86,0.14,0.15,0.01,0.01,75799.99,1776419602000
1776419604.888,204.888,0.85,0.86,0.14,0.15,0.01,0.01,75832.28,1776419603000
1776419605.394,205.394,0.85,0.86,0.14,0.15,0.01,0.01,75832.28,1776419603000
1776419605.915,205.915,0.85,0.86,0.14,0.15,0.01,0.01,75832.28,1776419603000
1776419606.257,206.257,0.84,0.85,0.15,0.16,0.01,0.01,75833.5,1776419604000
1776419606.592,206.592,0.83,0.85,0.15,0.16,0.02,0.01,75833.5,1776419604000
1776419606.935,206.935,0.84,0.85,0.15,0.16,0.01,0.01,75833.5,1776419604000
1776419607.301,207.301,0.84,0.85,0.15,0.16,0.01,0.01,75830.71,1776419605000
1776419607.721,207.721,0.84,0.85,0.15,0.16,0.01,0.01,75830.71,1776419605000
1776419608.117,208.117,0.84,0.85,0.15,0.16,0.01,0.01,75830.71,1776419605000
1776419608.491,208.491,0.84,0.85,0.15,0.16,0.01,0.01,75829.91,1776419606000
1776419608.882,208.882,0.84,0.85,0.15,0.16,0.01,0.01,75829.91,1776419606000
1776419609.218,209.218,0.84,0.85,0.15,0.16,0.01,0.01,75829.24,1776419607000
1776419609.555,209.555,0.84,0.85,0.15,0.16,0.01,0.01,75829.24,1776419607000
1776419610.018,210.018,0.83,0.84,0.16,0.17,0.01,0.01,75829.24,1776419607000
1776419610.361,210.361,0.83,0.84,0.16,0.17,0.01,0.01,75828.52,1776419608000
1776419610.794,210.794,0.83,0.84,0.16,0.17,0.01,0.01,75828.52,1776419608000
1776419611.133,211.133,0.83,0.84,0.16,0.17,0.01,0.01,75828.36,1776419609000
1776419611.489,211.489,0.83,0.84,0.16,0.17,0.01,0.01,75828.36,1776419609000
1776419611.854,211.854,0.83,0.84,0.16,0.17,0.01,0.01,75828.36,1776419609000
1776419612.235,212.235,0.83,0.84,0.16,0.17,0.01,0.01,75828.76,1776419610000
1776419612.658,212.658,0.83,0.84,0.16,0.17,0.01,0.01,75826.54,1776419611000
1776419613.041,213.041,0.83,0.84,0.16,0.17,0.01,0.01,75826.54,1776419611000
1776419613.544,213.544,0.83,0.84,0.16,0.17,0.01,0.01,75828.64,1776419612000
1776419614.104,214.104,0.83,0.84,0.16,0.17,0.01,0.01,75828.64,1776419612000
1776419614.552,214.552,0.83,0.84,0.16,0.17,0.01,0.01,75828.64,1776419612000
1776419614.892,214.892,0.83,0.84,0.16,0.17,0.01,0.01,75829.29,1776419613000
1776419615.236,215.236,0.83,0.84,0.16,0.17,0.01,0.01,75829.29,1776419613000
1776419615.732,215.732,0.83,0.84,0.16,0.17,0.01,0.01,75828.32,1776419614000
1776419616.121,216.121,0.83,0.84,0.16,0.17,0.01,0.01,75828.32,1776419614000
1776419616.512,216.512,0.83,0.84,0.16,0.17,0.01,0.01,75828.32,1776419615000
1776419617.082,217.082,0.83,0.84,0.16,0.17,0.01,0.01,75828.32,1776419615000
1776419617.418,217.418,0.83,0.84,0.16,0.17,0.01,0.01,75825.82,1776419616000
1776419617.994,217.994,0.84,0.85,0.15,0.16,0.01,0.01,75825.82,1776419616000
1776419618.344,218.344,0.84,0.85,0.15,0.16,0.01,0.01,75822.65,1776419617000
1776419618.706,218.706,0.84,0.85,0.15,0.16,0.01,0.01,75822.65,1776419617000
1776419619.065,219.065,0.84,0.85,0.15,0.16,0.01,0.01,75822.65,1776419617000
1776419619.419,219.419,0.84,0.85,0.15,0.16,0.01,0.01,75821.63,1776419618000
1776419619.912,219.912,0.84,0.85,0.15,0.16,0.01,0.01,75821.63,1776419618000
1776419620.363,220.363,0.84,0.85,0.15,0.16,0.01,0.01,75821.63,1776419618000
1776419620.775,220.775,0.84,0.85,0.15,0.16,0.01,0.01,75821.62,1776419619000
1776419621.127,221.127,0.84,0.85,0.15,0.16,0.01,0.01,75821.62,1776419619000
1776419621.543,221.543,0.85,0.86,0.14,0.15,0.01,0.01,75821.67,1776419620000
1776419621.923,221.923,0.85,0.86,0.14,0.15,0.01,0.01,75821.67,1776419620000
1776419622.265,222.265,0.85,0.86,0.14,0.15,0.01,0.01,75821.84,1776419621000
1776419622.637,222.637,0.85,0.86,0.14,0.15,0.01,0.01,75821.84,1776419621000
1776419623.094,223.094,0.85,0.86,0.14,0.15,0.01,0.01,75821.84,1776419621000
1776419623.44,223.44,0.85,0.86,0.14,0.15,0.01,0.01,75821.84,1776419621000
1776419623.874,223.874,0.85,0.86,0.14,0.15,0.01,0.01,75821.84,1776419621000
1776419624.309,224.309,0.86,0.87,0.13,0.14,0.01,0.01,75821.84,1776419621000
1776419624.724,224.724,0.86,0.87,0.13,0.14,0.01,0.01,75825.76,1776419623000
1776419625.173,225.173,0.88,0.89,0.11,0.12,0.01,0.01,75823.71,1776419624000
1776419625.631,225.631,0.88,0.89,0.11,0.12,0.01,0.01,75823.71,1776419624000
1776419625.981,225.981,0.88,0.89,0.11,0.12,0.01,0.01,75823.71,1776419624000
1776419626.324,226.324,0.89,0.9,0.1,0.11,0.01,0.01,75823.71,1776419624000
1776419626.696,226.696,0.89,0.9,0.1,0.11,0.01,0.01,75823.61,1776419625000
1776419627.034,227.034,0.89,0.9,0.1,0.11,0.01,0.01,75823.61,1776419625000
1776419627.417,227.417,0.89,0.91,0.09,0.11,0.02,0.02,75823.78,1776419626000
1776419627.782,227.782,0.88,0.89,0.11,0.12,0.01,0.01,75823.78,1776419626000
1776419628.117,228.117,0.88,0.89,0.11,0.12,0.01,0.01,75823.72,1776419627000
1776419628.472,228.472,0.88,0.9,0.11,0.12,0.02,0.01,75823.72,1776419627000
1776419628.874,228.874,0.89,0.9,0.1,0.11,0.01,0.01,75823.72,1776419627000
1776419629.29,229.29,0.88,0.89,0.11,0.12,0.01,0.01,75823.69,1776419628000
1776419629.897,229.897,0.88,0.89,0.11,0.12,0.01,0.01,75823.69,1776419628000
1776419630.416,230.416,0.88,0.89,0.11,0.12,0.01,0.01,75823.71,1776419629000
1776419630.752,230.752,0.88,0.89,0.11,0.12,0.01,0.01,75823.71,1776419629000
1776419631.223,231.223,0.88,0.89,0.11,0.12,0.01,0.01,75823.71,1776419629000
1776419631.819,231.819,0.88,0.89,0.11,0.12,0.01,0.01,75823.31,1776419630000
1776419632.164,232.164,0.88,0.89,0.11,0.12,0.01,0.01,75822.35,1776419631000
1776419632.527,232.527,0.88,0.89,0.11,0.12,0.01,0.01,75822.35,1776419631000
1776419632.884,232.884,0.88,0.89,0.11,0.12,0.01,0.01,75822.35,1776419631000
1776419633.303,233.303,0.88,0.89,0.11,0.12,0.01,0.01,75822.32,1776419632000
1776419633.759,233.759,0.88,0.89,0.11,0.12,0.01,0.01,75822.32,1776419632000
1776419634.093,234.093,0.88,0.89,0.11,0.12,0.01,0.01,75822.32,1776419632000
1776419634.447,234.447,0.88,0.89,0.11,0.12,0.01,0.01,75822.32,1776419632000
1776419635.109,235.109,0.88,0.89,0.11,0.12,0.01,0.01,75823.16,1776419634000
1776419635.491,235.491,0.88,0.89,0.11,0.12,0.01,0.01,75823.16,1776419634000
1776419635.886,235.886,0.88,0.89,0.11,0.12,0.01,0.01,75823.16,1776419634000
1776419636.255,236.255,0.88,0.9,0.11,0.12,0.02,0.01,75823.16,1776419634000
1776419636.734,236.734,0.88,0.9,0.11,0.12,0.02,0.01,75823.16,1776419635000
1776419637.073,237.073,0.94,0.95,0.05,0.06,0.01,0.01,75822.64,1776419636000
1776419637.418,237.418,0.94,0.95,0.05,0.06,0.01,0.01,75822.64,1776419636000
1776419637.832,237.832,0.95,0.96,0.04,0.05,0.01,0.01,75822.64,1776419636000
1776419638.168,238.168,0.95,0.96,0.04,0.06,0.01,0.02,75822.64,1776419636000
1776419638.505,238.505,0.96,0.97,0.03,0.04,0.01,0.01,75830.26,1776419637000
1776419638.84,238.84,0.96,0.97,0.03,0.04,0.01,0.01,75830.26,1776419637000
1776419639.177,239.177,0.96,0.97,0.03,0.04,0.01,0.01,75830.26,1776419637000
1776419639.55,239.55,0.96,0.97,0.03,0.04,0.01,0.01,75830.26,1776419637000
1776419639.918,239.918,0.95,0.96,0.04,0.05,0.01,0.01,75830.26,1776419637000
1776419640.399,240.399,0.95,0.96,0.04,0.05,0.01,0.01,75854.94,1776419638000
1776419640.773,240.773,0.95,0.97,0.03,0.05,0.02,0.02,75854.28,1776419639000
1776419641.109,241.109,0.96,0.97,0.03,0.04,0.01,0.01,75854.28,1776419639000
1776419641.45,241.45,0.95,0.96,0.04,0.05,0.01,0.01,75854.09,1776419640000
1776419641.792,241.792,0.95,0.96,0.04,0.05,0.01,0.01,75854.09,1776419640000
1776419642.154,242.154,0.95,0.96,0.04,0.05,0.01,0.01,75854.36,1776419641000
1776419642.515,242.515,0.95,0.96,0.04,0.05,0.01,0.01,75854.36,1776419641000
1776419642.848,242.848,0.95,0.96,0.04,0.05,0.01,0.01,75854.36,1776419641000
1776419643.189,243.189,0.95,0.96,0.04,0.05,0.01,0.01,75854.36,1776419641000
1776419643.556,243.556,0.94,0.95,0.05,0.06,0.01,0.01,75853.16,1776419642000
1776419643.95,243.95,0.94,0.95,0.05,0.06,0.01,0.01,75853.16,1776419642000
1776419644.374,244.374,0.94,0.95,0.05,0.06,0.01,0.01,75852.67,1776419643000
1776419644.819,244.819,0.94,0.95,0.05,0.06,0.01,0.01,75852.67,1776419643000
1776419645.287,245.287,0.94,0.95,0.05,0.06,0.01,0.01,75852.67,1776419643000
1776419645.626,245.626,0.94,0.95,0.05,0.06,0.01,0.01,75851.7,1776419644000
1776419645.989,245.989,0.94,0.95,0.05,0.06,0.01,0.01,75851.7,1776419644000
1776419646.34,246.34,0.94,0.95,0.05,0.06,0.01,0.01,75850.58,1776419645000
1776419646.863,246.863,0.94,0.95,0.05,0.06,0.01,0.01,75850.58,1776419645000
1776419647.216,247.216,0.94,0.95,0.05,0.06,0.01,0.01,75850.58,1776419645000
1776419647.598,247.598,0.95,0.96,0.04,0.05,0.01,0.01,75849.65,1776419646000
1776419648.073,248.073,0.95,0.96,0.04,0.05,0.01,0.01,75849.65,1776419646000
1776419648.434,248.434,0.96,0.97,0.03,0.05,0.01,0.02,75849.65,1776419646000
1776419648.771,248.771,0.97,0.98,0.02,0.03,0.01,0.01,75856.53,1776419647000
1776419649.149,249.149,0.97,0.98,0.02,0.03,0.01,0.01,75856.53,1776419647000
1776419649.492,249.492,0.97,0.98,0.02,0.03,0.01,0.01,75855.2,1776419648000
1776419649.911,249.911,0.97,0.98,0.02,0.03,0.01,0.01,75855.2,1776419648000
1776419650.457,250.457,0.97,0.98,0.02,0.03,0.01,0.01,75858.95,1776419649000
1776419650.811,250.811,0.97,0.98,0.02,0.03,0.01,0.01,75858.95,1776419649000
1776419651.166,251.166,0.97,0.98,0.02,0.03,0.01,0.01,75870.03,1776419650000
1776419651.523,251.523,0.97,0.98,0.02,0.03,0.01,0.01,75870.03,1776419650000
1776419651.865,251.865,0.97,0.98,0.02,0.03,0.01,0.01,75870.03,1776419650000
1776419652.243,252.243,0.97,0.98,0.02,0.03,0.01,0.01,75870.03,1776419650000
1776419652.58,252.58,0.97,0.98,0.02,0.03,0.01,0.01,75873.85,1776419651000
1776419652.92,252.92,0.97,0.98,0.02,0.03,0.01,0.01,75873.85,1776419652000
1776419653.263,253.263,0.97,0.98,0.02,0.03,0.01,0.01,75873.85,1776419652000
1776419653.686,253.686,0.98,0.99,0.01,0.02,0.01,0.01,75873.85,1776419652000
1776419654.062,254.062,0.98,0.99,0.01,0.02,0.01,0.01,75873.85,1776419652000
1776419654.419,254.419,0.97,0.98,0.01,0.03,0.01,0.02,75873.42,1776419653000
1776419654.773,254.773,0.98,0.99,0.01,0.03,0.01,0.02,75873.42,1776419653000
1776419655.145,255.145,0.98,0.99,0.01,0.02,0.01,0.01,75873.42,1776419653000
1776419655.509,255.509,0.98,0.99,0.01,0.02,0.01,0.01,75873.42,1776419653000
1776419655.849,255.849,0.98,0.99,0.01,0.02,0.01,0.01,75870.59,1776419654000
1776419656.205,256.205,0.98,0.99,0.01,0.02,0.01,0.01,75870.59,1776419654000
1776419656.538,256.538,0.98,0.99,0.01,0.02,0.01,0.01,75870.59,1776419654000
1776419656.912,256.912,0.98,0.99,0.01,0.02,0.01,0.01,75872.94,1776419655000
1776419657.311,257.311,0.98,0.99,0.01,0.02,0.01,0.01,75872.94,1776419655000
1776419657.715,257.715,0.98,0.99,0.01,0.02,0.01,0.01,75874.64,1776419656000
1776419658.089,258.089,0.98,0.99,0.01,0.02,0.01,0.01,75874.64,1776419656000
1776419658.422,258.422,0.98,0.99,0.01,0.02,0.01,0.01,75874.64,1776419656000
1776419658.845,258.845,0.98,0.99,0.01,0.02,0.01,0.01,75877.55,1776419657000
1776419659.343,259.343,0.98,0.99,0.01,0.02,0.01,0.01,75877.64,1776419658000
1776419659.681,259.681,0.98,0.99,0.01,0.02,0.01,0.01,75877.64,1776419658000
1776419660.021,260.021,0.98,0.99,0.01,0.02,0.01,0.01,75877.64,1776419658000
1776419660.359,260.359,0.98,0.99,0.01,0.02,0.01,0.01,75877.84,1776419659000
1776419660.741,260.741,0.98,0.99,0.01,0.02,0.01,0.01,75877.84,1776419659000
1776419661.088,261.088,0.98,0.99,0.01,0.02,0.01,0.01,75877.84,1776419659000
1776419661.46,261.46,0.98,0.99,0.01,0.02,0.01,0.01,75885.01,1776419660000
1776419661.877,261.877,0.98,0.99,0.01,0.02,0.01,0.01,75885.01,1776419660000
1776419662.262,262.262,0.98,0.99,0.01,0.02,0.01,0.01,75885.01,1776419660000
1776419662.786,262.786,0.99,0.99,0.01,0.01,0.0,0.0,75890.63,1776419661000
1776419663.179,263.179,0.99,0.99,0.01,0.01,0.0,0.0,75890.63,1776419662000
1776419663.61,263.61,0.99,0.99,0.01,0.01,0.0,0.0,75890.63,1776419662000
1776419664.042,264.042,0.99,0.99,0.01,0.01,0.0,0.0,75890.63,1776419662000
1776419664.896,264.896,0.99,0.99,0.01,0.01,0.0,0.0,75890.58,1776419663000
1776419665.45,265.45,0.99,0.99,0.01,0.01,0.0,0.0,75892.25,1776419664000
1776419666.046,266.046,0.99,0.99,0.01,0.01,0.0,0.0,75892.25,1776419665000
1776419667.018,267.018,0.99,0.99,0.01,0.01,0.0,0.0,75892.25,1776419665000
1776419667.448,267.448,0.99,0.99,0.01,0.01,0.0,0.0,75897.73,1776419666000
1776419667.873,267.873,0.99,0.99,0.01,0.01,0.0,0.0,75897.73,1776419666000
1776419668.47,268.47,0.99,0.99,0.01,0.01,0.0,0.0,75901.33,1776419667000
1776419669.131,269.131,0.99,0.99,0.01,0.01,0.0,0.0,75901.33,1776419667000
1776419669.531,269.531,0.99,0.99,0.01,0.01,0.0,0.0,75908.3,1776419668000
1776419669.877,269.877,0.99,0.99,0.01,0.01,0.0,0.0,75908.3,1776419668000
1776419670.366,270.366,0.99,0.99,0.01,0.01,0.0,0.0,75908.3,1776419668000
1776419670.836,270.836,0.99,0.99,0.01,0.01,0.0,0.0,75910.93,1776419669000
1776419671.499,271.499,0.99,0.99,0.01,0.01,0.0,0.0,75910.93,1776419669000
1776419671.949,271.949,0.99,0.99,0.01,0.01,0.0,0.0,75910.89,1776419670000
1776419672.457,272.457,0.99,0.99,0.01,0.01,0.0,0.0,75910.49,1776419671000
1776419673.131,273.131,0.99,0.99,0.01,0.01,0.0,0.0,75910.33,1776419672000
1776419674.126,274.126,0.99,0.99,0.01,0.01,0.0,0.0,75910.34,1776419673000
1776419674.928,274.928,0.99,0.99,0.01,0.01,0.0,0.0,75910.34,1776419673000
1776419675.506,275.506,0.99,0.99,0.01,0.01,0.0,0.0,75911.1,1776419674000
1776419676.14,276.14,0.99,0.99,0.01,0.01,0.0,0.0,75911.18,1776419675000
1776419677.201,277.201,0.99,0.99,0.01,0.01,0.0,0.0,75911.19,1776419676000
1776419677.778,277.778,0.99,0.99,0.01,0.01,0.0,0.0,75911.19,1776419676000
1776419678.201,278.201,0.99,0.99,0.01,0.01,0.0,0.0,75911.78,1776419677000
1776419679.088,279.088,0.99,0.99,0.01,0.01,0.0,0.0,75911.78,1776419677000
1776419680.24,280.24,0.99,0.99,0.01,0.01,0.0,0.0,75912.48,1776419679000
1776419681.319,281.319,0.99,0.99,0.01,0.01,0.0,0.0,75912.84,1776419680000
1776419682.284,282.284,0.99,0.99,0.01,0.01,0.0,0.0,75912.84,1776419680000
1776419682.661,282.661,0.99,0.99,0.01,0.01,0.0,0.0,75912.4,1776419681000
1776419683.006,283.006,0.99,0.99,0.01,0.01,0.0,0.0,75911.4,1776419682000
1776419683.817,283.817,0.99,0.99,0.01,0.01,0.0,0.0,75911.4,1776419682000
1776419684.655,284.655,0.99,0.99,0.01,0.01,0.0,0.0,75906.73,1776419683000
1776419685.097,285.097,0.99,0.99,0.01,0.01,0.0,0.0,75891.42,1776419684000
1776419685.494,285.494,0.99,0.99,0.01,0.01,0.0,0.0,75891.42,1776419684000
1776419686.096,286.096,0.99,0.99,0.01,0.01,0.0,0.0,75891.42,1776419684000
1776419686.891,286.891,0.99,0.99,0.01,0.01,0.0,0.0,75887.14,1776419685000
1776419687.46,287.46,0.99,0.99,0.01,0.01,0.0,0.0,75886.92,1776419686000
1776419687.842,287.842,0.99,0.99,0.01,0.01,0.0,0.0,75886.92,1776419686000
1776419688.201,288.201,0.99,0.99,0.01,0.01,0.0,0.0,75886.65,1776419687000
1776419688.749,288.749,0.99,0.99,0.01,0.01,0.0,0.0,75886.65,1776419687000
1776419689.767,289.767,0.99,0.99,0.01,0.01,0.0,0.0,75883.31,1776419688000
1776419690.404,290.404,0.99,0.99,0.01,0.01,0.0,0.0,75880.26,1776419689000
1776419691.228,291.228,0.99,0.99,0.01,0.01,0.0,0.0,75880.17,1776419690000
1776419691.572,291.572,0.99,0.99,0.01,0.01,0.0,0.0,75880.17,1776419690000
1776419692.024,292.024,0.99,0.99,0.01,0.01,0.0,0.0,75880.17,1776419690000
1776419692.478,292.478,0.99,0.99,0.01,0.01,0.0,0.0,75881.72,1776419691000
1776419693.182,293.182,0.99,0.99,0.01,0.01,0.0,0.0,75881.42,1776419692000
1776419693.784,293.784,0.99,0.99,0.01,0.01,0.0,0.0,75881.42,1776419692000
1776419694.538,294.538,0.99,0.99,0.01,0.01,0.0,0.0,75884.84,1776419693000
1776419695.097,295.097,0.99,0.99,0.01,0.01,0.0,0.0,75884.84,1776419693000
1776419696.033,296.033,0.99,0.99,0.01,0.01,0.0,0.0,75884.99,1776419694000
1776419696.514,296.514,0.99,0.99,0.01,0.01,0.0,0.0,75882.22,1776419695000
1776419697.131,297.131,0.99,0.99,0.01,0.01,0.0,0.0,75882.22,1776419695000
1776419698.451,298.451,0.99,0.99,0.01,0.01,0.0,0.0,75877.98,1776419697000
1776419699.284,299.284,0.99,0.99,0.01,0.01,0.0,0.0,75876.66,1776419698000
1776419700.115,300.115,0.99,0.99,0.01,0.01,0.0,0.0,75876.66,1776419698000
1776419700.452,300.452,0.99,0.99,0.01,0.01,0.0,0.0,75872.15,1776419699000
1776419701.184,301.184,0.99,0.99,0.01,0.01,0.0,0.0,75870.81,1776419700000
1776419702.837,302.837,0.99,0.99,0.01,0.01,0.0,0.0,75871.91,1776419701000

# RESULT,winner=Up,slug=btc-updown-5m-1776419400,ticks=657
