timestamp,elapsed_sec,up_bid,up_ask,down_bid,down_ask,up_spread,down_spread,btc_price,btc_oracle_ts
1776184800.611,0.611,0.51,0.52,0.48,0.49,0.01,0.01,75273.57,1776184799000
1776184800.964,0.964,0.51,0.52,0.48,0.49,0.01,0.01,75273.57,1776184799000
1776184801.384,1.384,0.51,0.52,0.48,0.49,0.01,0.01,75273.57,1776184799000
1776184801.81,1.81,0.51,0.52,0.48,0.49,0.01,0.01,75268.41,1776184800000
1776184802.364,2.364,0.51,0.52,0.48,0.49,0.01,0.01,75268.41,1776184800000
1776184802.724,2.724,0.51,0.52,0.48,0.49,0.01,0.01,75268.05,1776184801000
1776184803.367,3.367,0.51,0.52,0.48,0.49,0.01,0.01,75268.05,1776184801000
1776184803.798,3.798,0.51,0.52,0.48,0.49,0.01,0.01,75268.05,1776184802000
1776184804.401,4.401,0.51,0.52,0.48,0.49,0.01,0.01,75268.05,1776184802000
1776184804.958,4.958,0.51,0.52,0.48,0.49,0.01,0.01,75268.05,1776184803000
1776184805.313,5.313,0.51,0.52,0.48,0.49,0.01,0.01,75268.05,1776184804000
1776184805.706,5.706,0.51,0.52,0.48,0.49,0.01,0.01,75268.05,1776184804000
1776184806.152,6.152,0.51,0.52,0.48,0.49,0.01,0.01,75268.05,1776184804000
1776184806.5,6.5,0.51,0.52,0.48,0.49,0.01,0.01,75268.05,1776184804000
1776184807.013,7.013,0.51,0.52,0.48,0.49,0.01,0.01,75267.8,1776184805000
1776184807.382,7.382,0.51,0.52,0.48,0.49,0.01,0.01,75267.8,1776184805000
1776184807.798,7.798,0.51,0.52,0.48,0.49,0.01,0.01,75268.05,1776184806000
1776184808.166,8.166,0.51,0.52,0.48,0.49,0.01,0.01,75268.05,1776184806000
1776184808.785,8.785,0.51,0.52,0.48,0.49,0.01,0.01,75268.08,1776184807000
1776184809.124,9.124,0.51,0.52,0.48,0.49,0.01,0.01,75268.08,1776184808000
1776184809.766,9.766,0.51,0.52,0.48,0.49,0.01,0.01,75268.08,1776184808000
1776184810.375,10.375,0.51,0.52,0.48,0.49,0.01,0.01,75268.08,1776184808000
1776184810.736,10.736,0.51,0.52,0.48,0.49,0.01,0.01,75268.09,1776184809000
1776184811.141,11.141,0.51,0.52,0.48,0.49,0.01,0.01,75268.09,1776184810000
1776184811.698,11.698,0.51,0.52,0.48,0.49,0.01,0.01,75268.09,1776184810000
1776184812.044,12.044,0.51,0.52,0.48,0.49,0.01,0.01,75268.09,1776184810000
1776184812.498,12.498,0.51,0.52,0.48,0.49,0.01,0.01,75268.09,1776184810000
1776184813.077,13.077,0.51,0.52,0.48,0.49,0.01,0.01,75267.8,1776184811000
1776184813.57,13.57,0.51,0.52,0.48,0.49,0.01,0.01,75267.8,1776184812000
1776184814.206,14.206,0.51,0.52,0.48,0.49,0.01,0.01,75267.8,1776184812000
1776184814.603,14.603,0.51,0.52,0.48,0.49,0.01,0.01,75267.8,1776184812000
1776184815.361,15.361,0.51,0.52,0.48,0.49,0.01,0.01,75267.8,1776184814000
1776184815.75,15.75,0.51,0.52,0.48,0.49,0.01,0.01,75267.8,1776184814000
1776184816.101,16.101,0.51,0.52,0.48,0.49,0.01,0.01,75267.8,1776184815000
1776184816.83,16.83,0.51,0.52,0.48,0.49,0.01,0.01,75267.8,1776184815000
1776184817.286,17.286,0.51,0.52,0.48,0.49,0.01,0.01,75267.8,1776184815000
1776184817.82,17.82,0.51,0.52,0.48,0.49,0.01,0.01,75267.8,1776184816000
1776184818.382,18.382,0.51,0.52,0.48,0.49,0.01,0.01,75267.8,1776184816000
1776184818.722,18.722,0.51,0.52,0.48,0.49,0.01,0.01,75268.72,1776184817000
1776184819.137,19.137,0.51,0.52,0.48,0.49,0.01,0.01,75267.8,1776184818000
1776184819.857,19.857,0.51,0.52,0.48,0.49,0.01,0.01,75267.8,1776184818000
1776184820.207,20.207,0.51,0.52,0.48,0.49,0.01,0.01,75267.8,1776184818000
1776184820.741,20.741,0.51,0.52,0.48,0.49,0.01,0.01,75272.1,1776184819000
1776184821.301,21.301,0.51,0.52,0.48,0.49,0.01,0.01,75270.99,1776184820000
1776184821.811,21.811,0.51,0.52,0.48,0.49,0.01,0.01,75270.99,1776184820000
1776184822.293,22.293,0.51,0.52,0.48,0.49,0.01,0.01,75270.99,1776184820000
1776184823.278,23.278,0.51,0.52,0.48,0.49,0.01,0.01,75267.8,1776184821000
1776184823.657,23.657,0.51,0.52,0.48,0.49,0.01,0.01,75267.8,1776184822000
1776184824.237,24.237,0.51,0.52,0.48,0.49,0.01,0.01,75267.8,1776184822000
1776184824.817,24.817,0.51,0.52,0.48,0.49,0.01,0.01,75269.26,1776184823000
1776184825.32,25.32,0.51,0.52,0.48,0.49,0.01,0.01,75267.8,1776184824000
1776184825.919,25.919,0.51,0.52,0.48,0.49,0.01,0.01,75267.8,1776184824000
1776184826.52,26.52,0.51,0.52,0.48,0.49,0.01,0.01,75267.8,1776184825000
1776184827.016,27.016,0.51,0.53,0.48,0.49,0.02,0.01,75267.8,1776184825000
1776184827.44,27.44,0.52,0.53,0.47,0.48,0.01,0.01,75267.8,1776184826000
1776184827.796,27.796,0.52,0.53,0.47,0.48,0.01,0.01,75267.8,1776184826000
1776184828.338,28.338,0.52,0.53,0.47,0.48,0.01,0.01,75267.8,1776184827000
1776184828.824,28.824,0.53,0.55,0.46,0.48,0.02,0.02,75267.8,1776184827000
1776184829.17,29.17,0.54,0.56,0.45,0.46,0.02,0.01,75267.8,1776184827000
1776184829.526,29.526,0.55,0.57,0.43,0.45,0.02,0.02,75267.8,1776184828000
1776184829.896,29.896,0.56,0.58,0.42,0.44,0.02,0.02,75271.14,1776184829000
1776184830.328,30.328,0.56,0.57,0.43,0.44,0.01,0.01,75271.14,1776184829000
1776184830.721,30.721,0.56,0.57,0.43,0.44,0.01,0.01,75271.14,1776184829000
1776184831.213,31.213,0.56,0.57,0.43,0.44,0.01,0.01,75276.99,1776184830000
1776184831.643,31.643,0.56,0.57,0.43,0.44,0.01,0.01,75276.99,1776184830000
1776184831.979,31.979,0.56,0.57,0.43,0.44,0.01,0.01,75276.99,1776184830000
1776184832.388,32.388,0.56,0.57,0.43,0.44,0.01,0.01,75276.99,1776184830000
1776184832.723,32.723,0.57,0.58,0.42,0.43,0.01,0.01,75279.69,1776184831000
1776184833.113,33.113,0.57,0.58,0.42,0.43,0.01,0.01,75279.69,1776184831000
1776184833.648,33.648,0.58,0.59,0.41,0.43,0.01,0.02,75279.69,1776184832000
1776184834.141,34.141,0.58,0.59,0.41,0.42,0.01,0.01,75279.69,1776184832000
1776184834.49,34.49,0.58,0.59,0.41,0.42,0.01,0.01,75279.0,1776184833000
1776184834.866,34.866,0.59,0.6,0.4,0.41,0.01,0.01,75279.0,1776184833000
1776184835.206,35.206,0.6,0.61,0.39,0.4,0.01,0.01,75279.34,1776184834000
1776184835.56,35.56,0.6,0.61,0.39,0.4,0.01,0.01,75279.34,1776184834000
1776184835.962,35.962,0.6,0.61,0.39,0.4,0.01,0.01,75279.34,1776184834000
1776184836.36,36.36,0.6,0.61,0.39,0.4,0.01,0.01,75279.87,1776184835000
1776184836.727,36.727,0.6,0.61,0.39,0.4,0.01,0.01,75279.87,1776184835000
1776184837.077,37.077,0.6,0.61,0.39,0.4,0.01,0.01,75279.87,1776184835000
1776184837.422,37.422,0.6,0.61,0.39,0.4,0.01,0.01,75282.41,1776184836000
1776184837.765,37.765,0.6,0.61,0.39,0.4,0.01,0.01,75282.41,1776184836000
1776184838.123,38.123,0.59,0.6,0.39,0.41,0.01,0.02,75282.41,1776184836000
1776184838.461,38.461,0.58,0.6,0.4,0.42,0.02,0.02,75282.38,1776184837000
1776184838.798,38.798,0.57,0.58,0.42,0.43,0.01,0.01,75282.38,1776184837000
1776184839.241,39.241,0.56,0.57,0.43,0.44,0.01,0.01,75282.34,1776184838000
1776184839.609,39.609,0.56,0.57,0.43,0.44,0.01,0.01,75282.34,1776184838000
1776184839.993,39.993,0.56,0.57,0.43,0.44,0.01,0.01,75282.34,1776184838000
1776184840.361,40.361,0.56,0.57,0.43,0.44,0.01,0.01,75277.17,1776184839000
1776184840.823,40.823,0.56,0.57,0.43,0.44,0.01,0.01,75277.17,1776184839000
1776184841.23,41.23,0.56,0.57,0.43,0.44,0.01,0.01,75277.17,1776184839000
1776184841.644,41.644,0.56,0.58,0.42,0.44,0.02,0.02,75275.22,1776184840000
1776184842.02,42.02,0.56,0.57,0.43,0.44,0.01,0.01,75274.24,1776184841000
1776184842.356,42.356,0.56,0.57,0.43,0.44,0.01,0.01,75274.24,1776184841000
1776184842.699,42.699,0.56,0.57,0.43,0.44,0.01,0.01,75274.24,1776184841000
1776184843.047,43.047,0.56,0.57,0.43,0.44,0.01,0.01,75274.09,1776184842000
1776184843.427,43.427,0.55,0.56,0.44,0.45,0.01,0.01,75274.09,1776184842000
1776184844.156,44.156,0.55,0.56,0.44,0.45,0.01,0.01,75273.84,1776184843000
1776184844.556,44.556,0.53,0.54,0.44,0.46,0.01,0.02,75273.84,1776184843000
1776184844.924,44.924,0.51,0.53,0.47,0.49,0.02,0.02,75273.84,1776184843000
1776184845.276,45.276,0.5,0.52,0.48,0.49,0.02,0.01,75273.84,1776184843000
1776184845.617,45.617,0.5,0.51,0.49,0.5,0.01,0.01,75273.69,1776184844000
1776184846.156,46.156,0.5,0.51,0.49,0.5,0.01,0.01,75273.42,1776184845000
1776184846.592,46.592,0.5,0.51,0.49,0.5,0.01,0.01,75273.42,1776184845000
1776184847.227,47.227,0.5,0.51,0.49,0.5,0.01,0.01,75273.42,1776184845000
1776184847.577,47.577,0.53,0.54,0.46,0.47,0.01,0.01,75273.42,1776184845000
1776184847.925,47.925,0.54,0.56,0.45,0.46,0.02,0.01,75265.12,1776184846000
1776184848.259,48.259,0.56,0.57,0.43,0.44,0.01,0.01,75265.12,1776184846000
1776184848.67,48.67,0.57,0.58,0.42,0.44,0.01,0.02,75270.37,1776184847000
1776184849.031,49.031,0.57,0.58,0.42,0.43,0.01,0.01,75270.37,1776184847000
1776184849.516,49.516,0.57,0.58,0.42,0.43,0.01,0.01,75276.46,1776184848000
1776184849.866,49.866,0.57,0.58,0.42,0.43,0.01,0.01,75276.46,1776184848000
1776184850.348,50.348,0.57,0.58,0.42,0.43,0.01,0.01,75276.46,1776184848000
1776184850.799,50.799,0.58,0.59,0.41,0.42,0.01,0.01,75276.46,1776184849000
1776184851.145,51.145,0.58,0.59,0.41,0.42,0.01,0.01,75276.46,1776184849000
1776184851.481,51.481,0.58,0.59,0.41,0.42,0.01,0.01,75276.46,1776184850000
1776184851.881,51.881,0.58,0.59,0.41,0.42,0.01,0.01,75276.46,1776184850000
1776184852.316,52.316,0.59,0.6,0.4,0.41,0.01,0.01,75276.46,1776184851000
1776184852.72,52.72,0.59,0.6,0.4,0.41,0.01,0.01,75276.46,1776184851000
1776184853.057,53.057,0.58,0.6,0.4,0.41,0.02,0.01,75276.46,1776184851000
1776184853.41,53.41,0.56,0.58,0.42,0.43,0.02,0.01,75276.46,1776184852000
1776184853.752,53.752,0.55,0.57,0.43,0.44,0.02,0.01,75276.46,1776184852000
1776184854.106,54.106,0.55,0.56,0.44,0.45,0.01,0.01,75276.46,1776184852000
1776184854.455,54.455,0.55,0.56,0.44,0.45,0.01,0.01,75280.28,1776184853000
1776184854.835,54.835,0.55,0.56,0.44,0.45,0.01,0.01,75280.28,1776184853000
1776184855.27,55.27,0.54,0.55,0.45,0.46,0.01,0.01,75277.68,1776184854000
1776184855.612,55.612,0.53,0.55,0.45,0.46,0.02,0.01,75277.68,1776184854000
1776184856.097,56.097,0.53,0.54,0.46,0.47,0.01,0.01,75277.68,1776184854000
1776184856.435,56.435,0.51,0.53,0.47,0.48,0.02,0.01,75278.21,1776184855000
1776184856.805,56.805,0.52,0.53,0.47,0.48,0.01,0.01,75278.21,1776184855000
1776184857.148,57.148,0.52,0.53,0.47,0.48,0.01,0.01,75277.34,1776184856000
1776184857.614,57.614,0.51,0.52,0.48,0.49,0.01,0.01,75277.34,1776184856000
1776184857.956,57.956,0.51,0.52,0.48,0.49,0.01,0.01,75277.34,1776184856000
1776184858.353,58.353,0.51,0.52,0.48,0.49,0.01,0.01,75277.33,1776184857000
1776184858.757,58.757,0.51,0.52,0.48,0.49,0.01,0.01,75277.33,1776184857000
1776184859.153,59.153,0.51,0.52,0.48,0.49,0.01,0.01,75276.96,1776184858000
1776184859.525,59.525,0.51,0.52,0.48,0.49,0.01,0.01,75276.96,1776184858000
1776184859.896,59.896,0.5,0.51,0.48,0.5,0.01,0.02,75276.96,1776184858000
1776184860.23,60.23,0.5,0.51,0.49,0.5,0.01,0.01,75276.34,1776184859000
1776184860.607,60.607,0.5,0.51,0.49,0.5,0.01,0.01,75276.34,1776184859000
1776184860.976,60.976,0.49,0.5,0.5,0.51,0.01,0.01,75276.34,1776184859000
1776184861.317,61.317,0.49,0.5,0.5,0.51,0.01,0.01,75276.34,1776184859000
1776184861.668,61.668,0.49,0.5,0.5,0.51,0.01,0.01,75276.34,1776184859000
1776184862.015,62.015,0.49,0.5,0.5,0.51,0.01,0.01,75276.44,1776184860000
1776184862.361,62.361,0.49,0.5,0.5,0.51,0.01,0.01,75276.44,1776184860000
1776184862.738,62.738,0.49,0.5,0.5,0.51,0.01,0.01,75276.44,1776184861000
1776184863.104,63.104,0.49,0.5,0.5,0.51,0.01,0.01,75276.44,1776184861000
1776184863.445,63.445,0.48,0.49,0.51,0.52,0.01,0.01,75276.44,1776184862000
1776184863.784,63.784,0.48,0.49,0.51,0.52,0.01,0.01,75276.44,1776184862000
1776184864.201,64.201,0.48,0.49,0.51,0.52,0.01,0.01,75276.44,1776184862000
1776184864.553,64.553,0.48,0.49,0.51,0.52,0.01,0.01,75281.83,1776184863000
1776184864.928,64.928,0.48,0.49,0.51,0.52,0.01,0.01,75281.83,1776184863000
1776184865.308,65.308,0.48,0.49,0.51,0.52,0.01,0.01,75281.83,1776184863000
1776184865.642,65.642,0.48,0.49,0.51,0.52,0.01,0.01,75276.26,1776184864000
1776184866.014,66.014,0.48,0.49,0.51,0.52,0.01,0.01,75276.26,1776184864000
1776184866.351,66.351,0.47,0.49,0.51,0.53,0.02,0.02,75276.08,1776184865000
1776184867.014,67.014,0.47,0.48,0.52,0.53,0.01,0.01,75276.08,1776184865000
1776184867.366,67.366,0.46,0.48,0.52,0.54,0.02,0.02,75280.57,1776184866000
1776184867.731,67.731,0.45,0.47,0.52,0.55,0.02,0.03,75280.57,1776184866000
1776184868.069,68.069,0.45,0.46,0.54,0.55,0.01,0.01,75280.57,1776184866000
1776184868.421,68.421,0.45,0.46,0.54,0.55,0.01,0.01,75280.57,1776184866000
1776184868.905,68.905,0.45,0.46,0.54,0.55,0.01,0.01,75275.6,1776184867000
1776184869.238,69.238,0.44,0.45,0.55,0.56,0.01,0.01,75271.58,1776184868000
1776184869.84,69.84,0.42,0.44,0.55,0.56,0.02,0.01,75271.58,1776184868000
1776184870.221,70.221,0.4,0.43,0.57,0.6,0.03,0.03,75264.61,1776184869000
1776184870.564,70.564,0.42,0.43,0.57,0.58,0.01,0.01,75264.61,1776184869000
1776184870.923,70.923,0.42,0.43,0.57,0.58,0.01,0.01,75264.61,1776184869000
1776184871.274,71.274,0.42,0.43,0.57,0.58,0.01,0.01,75264.61,1776184869000
1776184871.674,71.674,0.41,0.42,0.58,0.59,0.01,0.01,75258.65,1776184870000
1776184872.152,72.152,0.41,0.42,0.58,0.59,0.01,0.01,75257.38,1776184871000
1776184872.496,72.496,0.41,0.42,0.57,0.59,0.01,0.02,75257.38,1776184871000
1776184872.919,72.919,0.41,0.42,0.58,0.59,0.01,0.01,75257.38,1776184871000
1776184873.445,73.445,0.41,0.42,0.58,0.59,0.01,0.01,75257.38,1776184872000
1776184873.785,73.785,0.41,0.42,0.58,0.6,0.01,0.02,75257.38,1776184872000
1776184874.125,74.125,0.4,0.42,0.58,0.59,0.02,0.01,75257.38,1776184872000
1776184874.532,74.532,0.4,0.41,0.59,0.6,0.01,0.01,75262.35,1776184873000
1776184874.949,74.949,0.4,0.41,0.59,0.6,0.01,0.01,75262.35,1776184873000
1776184875.339,75.339,0.4,0.41,0.59,0.6,0.01,0.01,75262.35,1776184873000
1776184875.822,75.822,0.4,0.41,0.59,0.6,0.01,0.01,75261.34,1776184874000
1776184876.194,76.194,0.39,0.4,0.59,0.61,0.01,0.02,75260.49,1776184875000
1776184876.568,76.568,0.39,0.4,0.6,0.61,0.01,0.01,75260.49,1776184875000
1776184876.967,76.967,0.39,0.4,0.6,0.61,0.01,0.01,75260.49,1776184875000
1776184877.301,77.301,0.39,0.4,0.6,0.61,0.01,0.01,75260.49,1776184875000
1776184877.718,77.718,0.39,0.4,0.6,0.61,0.01,0.01,75260.49,1776184875000
1776184878.318,78.318,0.39,0.4,0.6,0.61,0.01,0.01,75260.4,1776184877000
1776184878.673,78.673,0.39,0.4,0.6,0.61,0.01,0.01,75260.4,1776184877000
1776184879.04,79.04,0.4,0.42,0.58,0.6,0.02,0.02,75260.32,1776184878000
1776184879.673,79.673,0.41,0.42,0.58,0.59,0.01,0.01,75260.32,1776184878000
1776184880.358,80.358,0.41,0.42,0.58,0.59,0.01,0.01,75261.61,1776184879000
1776184880.726,80.726,0.42,0.43,0.57,0.58,0.01,0.01,75261.61,1776184879000
1776184881.064,81.064,0.42,0.43,0.57,0.58,0.01,0.01,75261.61,1776184879000
1776184881.441,81.441,0.42,0.43,0.57,0.58,0.01,0.01,75266.52,1776184880000
1776184881.793,81.793,0.42,0.43,0.57,0.58,0.01,0.01,75266.52,1776184880000
1776184882.22,82.22,0.42,0.43,0.57,0.58,0.01,0.01,75267.7,1776184881000
1776184882.57,82.57,0.42,0.43,0.57,0.58,0.01,0.01,75267.7,1776184881000
1776184882.952,82.952,0.42,0.43,0.57,0.58,0.01,0.01,75267.7,1776184881000
1776184883.285,83.285,0.42,0.43,0.57,0.58,0.01,0.01,75267.7,1776184882000
1776184883.758,83.758,0.42,0.43,0.57,0.58,0.01,0.01,75267.7,1776184882000
1776184884.214,84.214,0.42,0.43,0.57,0.58,0.01,0.01,75267.7,1776184882000
1776184884.928,84.928,0.42,0.43,0.57,0.58,0.01,0.01,75267.7,1776184883000
1776184885.328,85.328,0.42,0.43,0.57,0.58,0.01,0.01,75267.7,1776184884000
1776184885.738,85.738,0.42,0.43,0.57,0.58,0.01,0.01,75267.7,1776184884000
1776184886.079,86.079,0.42,0.43,0.57,0.58,0.01,0.01,75267.7,1776184884000
1776184886.495,86.495,0.42,0.43,0.57,0.58,0.01,0.01,75267.7,1776184885000
1776184886.861,86.861,0.42,0.43,0.57,0.58,0.01,0.01,75267.7,1776184886000
1776184887.567,87.567,0.42,0.43,0.57,0.58,0.01,0.01,75267.7,1776184886000
1776184887.985,87.985,0.42,0.43,0.57,0.58,0.01,0.01,75267.7,1776184887000
1776184888.476,88.476,0.43,0.44,0.56,0.57,0.01,0.01,75267.7,1776184887000
1776184888.818,88.818,0.43,0.44,0.56,0.57,0.01,0.01,75267.7,1776184887000
1776184889.213,89.213,0.43,0.44,0.56,0.57,0.01,0.01,75267.7,1776184888000
1776184889.577,89.577,0.43,0.44,0.56,0.57,0.01,0.01,75267.7,1776184888000
1776184890.02,90.02,0.43,0.44,0.56,0.57,0.01,0.01,75267.7,1776184888000
1776184890.363,90.363,0.43,0.44,0.56,0.57,0.01,0.01,75267.7,1776184888000
1776184891.203,91.203,0.43,0.44,0.56,0.57,0.01,0.01,75267.7,1776184888000
1776184891.642,91.642,0.43,0.44,0.56,0.57,0.01,0.01,75267.7,1776184888000
1776184892.211,92.211,0.43,0.44,0.56,0.57,0.01,0.01,75267.7,1776184888000
1776184892.731,92.731,0.43,0.44,0.56,0.57,0.01,0.01,75267.7,1776184888000
1776184893.085,93.085,0.43,0.44,0.56,0.57,0.01,0.01,75267.7,1776184888000
1776184893.522,93.522,0.43,0.44,0.56,0.57,0.01,0.01,75267.7,1776184888000
1776184894.923,94.923,0.43,0.44,0.56,0.57,0.01,0.01,75267.7,1776184888000
1776184895.26,95.26,0.43,0.44,0.56,0.57,0.01,0.01,75267.7,1776184888000
1776184895.616,95.616,0.43,0.44,0.56,0.57,0.01,0.01,75267.7,1776184888000
1776184895.981,95.981,0.43,0.44,0.56,0.57,0.01,0.01,75267.7,1776184888000
1776184896.315,96.315,0.43,0.44,0.56,0.57,0.01,0.01,75267.7,1776184888000
1776184896.746,96.746,0.43,0.44,0.56,0.57,0.01,0.01,75267.7,1776184888000
1776184897.382,97.382,0.42,0.44,0.56,0.58,0.02,0.02,75271.32,1776184896000
1776184897.755,97.755,0.42,0.44,0.56,0.57,0.02,0.01,75271.32,1776184896000
1776184898.136,98.136,0.42,0.43,0.57,0.58,0.01,0.01,75267.08,1776184897000
1776184898.488,98.488,0.42,0.43,0.57,0.58,0.01,0.01,75267.08,1776184897000
1776184898.91,98.91,0.42,0.43,0.57,0.58,0.01,0.01,75267.08,1776184897000
1776184899.294,99.294,0.42,0.43,0.57,0.58,0.01,0.01,75267.08,1776184898000
1776184899.629,99.629,0.41,0.42,0.58,0.59,0.01,0.01,75267.08,1776184898000
1776184899.986,99.986,0.41,0.42,0.58,0.59,0.01,0.01,75267.08,1776184899000
1776184900.418,100.418,0.41,0.42,0.58,0.59,0.01,0.01,75267.08,1776184899000
1776184900.799,100.799,0.41,0.42,0.58,0.59,0.01,0.01,75267.08,1776184899000
1776184901.15,101.15,0.4,0.43,0.57,0.58,0.03,0.01,75266.76,1776184900000
1776184901.49,101.49,0.43,0.44,0.56,0.57,0.01,0.01,75266.76,1776184900000
1776184901.83,101.83,0.43,0.44,0.56,0.57,0.01,0.01,75266.76,1776184900000
1776184902.517,102.517,0.43,0.44,0.56,0.57,0.01,0.01,75265.11,1776184901000
1776184902.912,102.912,0.4,0.41,0.59,0.6,0.01,0.01,75265.29,1776184902000
1776184903.261,103.261,0.4,0.41,0.59,0.6,0.01,0.01,75265.29,1776184902000
1776184903.828,103.828,0.4,0.41,0.59,0.6,0.01,0.01,75265.29,1776184902000
1776184904.269,104.269,0.41,0.42,0.58,0.6,0.01,0.02,75265.29,1776184902000
1776184904.817,104.817,0.4,0.41,0.59,0.6,0.01,0.01,75264.72,1776184903000
1776184905.337,105.337,0.4,0.41,0.59,0.6,0.01,0.01,75264.72,1776184904000
1776184905.682,105.682,0.37,0.38,0.62,0.63,0.01,0.01,75264.72,1776184904000
1776184906.099,106.099,0.35,0.36,0.64,0.65,0.01,0.01,75264.72,1776184904000
1776184906.498,106.498,0.35,0.36,0.64,0.65,0.01,0.01,75264.72,1776184904000
1776184906.982,106.982,0.35,0.36,0.64,0.65,0.01,0.01,75264.72,1776184905000
1776184907.315,107.315,0.34,0.36,0.64,0.66,0.02,0.02,75259.79,1776184906000
1776184907.671,107.671,0.34,0.35,0.65,0.66,0.01,0.01,75259.79,1776184906000
1776184908.097,108.097,0.33,0.34,0.65,0.67,0.01,0.02,75259.79,1776184906000
1776184908.445,108.445,0.33,0.34,0.66,0.67,0.01,0.01,75259.79,1776184906000
1776184908.79,108.79,0.33,0.34,0.66,0.67,0.01,0.01,75260.27,1776184907000
1776184909.161,109.161,0.33,0.34,0.66,0.67,0.01,0.01,75260.27,1776184907000
1776184909.666,109.666,0.33,0.34,0.66,0.67,0.01,0.01,75260.27,1776184908000
1776184910.262,110.262,0.33,0.34,0.66,0.67,0.01,0.01,75257.25,1776184909000
1776184910.711,110.711,0.34,0.35,0.66,0.67,0.01,0.01,75257.25,1776184909000
1776184911.106,111.106,0.34,0.35,0.65,0.66,0.01,0.01,75257.25,1776184909000
1776184911.454,111.454,0.34,0.36,0.65,0.66,0.02,0.01,75257.25,1776184909000
1776184912.074,112.074,0.34,0.35,0.65,0.66,0.01,0.01,75257.25,1776184910000
1776184912.414,112.414,0.34,0.35,0.65,0.66,0.01,0.01,75257.25,1776184911000
1776184912.829,112.829,0.33,0.35,0.65,0.66,0.02,0.01,75257.25,1776184911000
1776184913.41,113.41,0.33,0.34,0.66,0.67,0.01,0.01,75257.25,1776184912000
1776184914.175,114.175,0.32,0.33,0.66,0.67,0.01,0.01,75257.25,1776184912000
1776184914.592,114.592,0.32,0.33,0.67,0.68,0.01,0.01,75257.25,1776184913000
1776184915.268,115.268,0.32,0.33,0.67,0.68,0.01,0.01,75257.25,1776184913000
1776184915.738,115.738,0.33,0.34,0.66,0.68,0.01,0.02,75259.54,1776184914000
1776184916.156,116.156,0.33,0.34,0.66,0.67,0.01,0.01,75259.43,1776184915000
1776184916.548,116.548,0.33,0.34,0.66,0.67,0.01,0.01,75259.43,1776184915000
1776184917.361,117.361,0.33,0.34,0.66,0.67,0.01,0.01,75256.55,1776184916000
1776184917.734,117.734,0.32,0.33,0.66,0.68,0.01,0.02,75256.55,1776184916000
1776184918.187,118.187,0.32,0.33,0.67,0.68,0.01,0.01,75256.55,1776184917000
1776184918.542,118.542,0.33,0.34,0.66,0.67,0.01,0.01,75256.55,1776184917000
1776184918.979,118.979,0.33,0.34,0.66,0.67,0.01,0.01,75256.55,1776184917000
1776184919.531,119.531,0.33,0.34,0.66,0.67,0.01,0.01,75256.55,1776184918000
1776184919.924,119.924,0.33,0.34,0.66,0.67,0.01,0.01,75256.55,1776184918000
1776184920.472,120.472,0.33,0.35,0.65,0.66,0.02,0.01,75256.55,1776184918000
1776184920.839,120.839,0.33,0.34,0.66,0.67,0.01,0.01,75256.55,1776184919000
1776184921.322,121.322,0.33,0.34,0.66,0.67,0.01,0.01,75256.55,1776184919000
1776184921.857,121.857,0.33,0.34,0.66,0.67,0.01,0.01,75256.55,1776184920000
1776184922.207,122.207,0.33,0.34,0.66,0.67,0.01,0.01,75256.55,1776184920000
1776184922.622,122.622,0.33,0.35,0.66,0.67,0.02,0.01,75259.6,1776184921000
1776184923.036,123.036,0.34,0.35,0.65,0.66,0.01,0.01,75259.6,1776184921000
1776184923.443,123.443,0.35,0.36,0.64,0.65,0.01,0.01,75259.6,1776184921000
1776184923.917,123.917,0.34,0.35,0.64,0.66,0.01,0.02,75259.6,1776184921000
1776184924.475,124.475,0.33,0.35,0.65,0.66,0.02,0.01,75256.55,1776184922000
1776184924.836,124.836,0.33,0.34,0.66,0.67,0.01,0.01,75256.55,1776184922000
1776184925.237,125.237,0.33,0.34,0.66,0.67,0.01,0.01,75257.01,1776184923000
1776184925.573,125.573,0.33,0.34,0.66,0.67,0.01,0.01,75257.01,1776184924000
1776184925.967,125.967,0.33,0.34,0.66,0.67,0.01,0.01,75257.01,1776184924000
1776184926.476,126.476,0.33,0.34,0.66,0.67,0.01,0.01,75257.01,1776184925000
1776184926.816,126.816,0.33,0.34,0.66,0.67,0.01,0.01,75257.01,1776184925000
1776184927.169,127.169,0.33,0.34,0.66,0.67,0.01,0.01,75257.01,1776184926000
1776184928.251,128.251,0.31,0.33,0.67,0.68,0.02,0.01,75257.01,1776184926000
1776184928.585,128.585,0.32,0.33,0.67,0.68,0.01,0.01,75257.01,1776184927000
1776184929.298,129.298,0.32,0.33,0.67,0.68,0.01,0.01,75257.01,1776184928000
1776184929.655,129.655,0.32,0.33,0.67,0.68,0.01,0.01,75257.01,1776184928000
1776184930.001,130.001,0.32,0.33,0.67,0.68,0.01,0.01,75257.01,1776184928000
1776184930.339,130.339,0.39,0.43,0.58,0.61,0.04,0.03,75257.01,1776184928000
1776184930.709,130.709,0.43,0.46,0.54,0.57,0.03,0.03,75257.01,1776184928000
1776184931.103,131.103,0.47,0.48,0.52,0.6,0.01,0.08,75257.46,1776184929000
1776184931.444,131.444,0.47,0.48,0.52,0.53,0.01,0.01,75257.46,1776184929000
1776184931.78,131.78,0.47,0.48,0.52,0.53,0.01,0.01,75266.9,1776184930000
1776184932.123,132.123,0.47,0.48,0.52,0.53,0.01,0.01,75267.52,1776184931000
1776184932.459,132.459,0.47,0.48,0.52,0.53,0.01,0.01,75267.52,1776184931000
1776184932.857,132.857,0.47,0.48,0.52,0.53,0.01,0.01,75267.52,1776184931000
1776184933.398,133.398,0.47,0.48,0.51,0.53,0.01,0.02,75267.52,1776184931000
1776184933.736,133.736,0.47,0.48,0.52,0.53,0.01,0.01,75267.54,1776184932000
1776184934.13,134.13,0.47,0.48,0.52,0.53,0.01,0.01,75267.64,1776184933000
1776184934.541,134.541,0.47,0.48,0.52,0.53,0.01,0.01,75267.64,1776184933000
1776184934.998,134.998,0.47,0.48,0.52,0.53,0.01,0.01,75267.64,1776184933000
1776184935.35,135.35,0.47,0.49,0.52,0.53,0.02,0.01,75267.64,1776184933000
1776184935.809,135.809,0.48,0.49,0.51,0.52,0.01,0.01,75267.81,1776184934000
1776184936.173,136.173,0.48,0.49,0.51,0.52,0.01,0.01,75267.85,1776184935000
1776184936.544,136.544,0.48,0.49,0.51,0.52,0.01,0.01,75267.85,1776184935000
1776184937.026,137.026,0.43,0.48,0.52,0.53,0.05,0.01,75267.85,1776184935000
1776184937.428,137.428,0.44,0.45,0.52,0.58,0.01,0.06,75267.85,1776184935000
1776184937.775,137.775,0.42,0.43,0.57,0.58,0.01,0.01,75268.2,1776184936000
1776184938.153,138.153,0.4,0.43,0.57,0.6,0.03,0.03,75268.2,1776184936000
1776184938.492,138.492,0.38,0.39,0.59,0.63,0.01,0.04,75268.19,1776184937000
1776184938.829,138.829,0.38,0.39,0.61,0.62,0.01,0.01,75268.19,1776184937000
1776184939.341,139.341,0.37,0.38,0.61,0.62,0.01,0.01,75267.25,1776184938000
1776184939.676,139.676,0.37,0.38,0.62,0.63,0.01,0.01,75267.25,1776184938000
1776184940.16,140.16,0.41,0.42,0.58,0.61,0.01,0.03,75267.25,1776184938000
1776184940.669,140.669,0.42,0.46,0.53,0.57,0.04,0.04,75264.69,1776184939000
1776184941.29,141.29,0.45,0.46,0.54,0.55,0.01,0.01,75264.69,1776184939000
1776184941.683,141.683,0.47,0.48,0.52,0.53,0.01,0.01,75266.02,1776184940000
1776184942.168,142.168,0.47,0.48,0.52,0.53,0.01,0.01,75266.02,1776184940000
1776184942.94,142.94,0.47,0.48,0.52,0.53,0.01,0.01,75268.09,1776184941000
1776184943.366,143.366,0.47,0.48,0.52,0.53,0.01,0.01,75268.09,1776184941000
1776184943.824,143.824,0.47,0.48,0.52,0.53,0.01,0.01,75270.02,1776184942000
1776184944.193,144.193,0.46,0.47,0.52,0.54,0.01,0.02,75270.02,1776184942000
1776184944.593,144.593,0.46,0.47,0.53,0.54,0.01,0.01,75269.45,1776184943000
1776184944.941,144.941,0.45,0.46,0.53,0.55,0.01,0.02,75269.45,1776184943000
1776184945.31,145.31,0.45,0.47,0.54,0.55,0.02,0.01,75268.17,1776184944000
1776184945.78,145.78,0.46,0.47,0.53,0.55,0.01,0.02,75268.17,1776184944000
1776184946.4,146.4,0.46,0.47,0.53,0.54,0.01,0.01,75269.55,1776184945000
1776184946.912,146.912,0.45,0.47,0.53,0.54,0.02,0.01,75269.55,1776184945000
1776184947.362,147.362,0.45,0.46,0.54,0.55,0.01,0.01,75269.52,1776184946000
1776184947.74,147.74,0.45,0.46,0.54,0.55,0.01,0.01,75269.52,1776184946000
1776184948.417,148.417,0.45,0.46,0.54,0.55,0.01,0.01,75269.52,1776184946000
1776184948.884,148.884,0.41,0.46,0.54,0.55,0.05,0.01,75269.52,1776184946000
1776184949.217,149.217,0.41,0.42,0.58,0.59,0.01,0.01,75267.8,1776184947000
1776184949.64,149.64,0.41,0.42,0.58,0.59,0.01,0.01,75269.47,1776184948000
1776184950.031,150.031,0.41,0.44,0.58,0.59,0.03,0.01,75269.47,1776184948000
1776184950.958,150.958,0.43,0.44,0.56,0.57,0.01,0.01,75267.58,1776184949000
1776184951.314,151.314,0.43,0.44,0.56,0.57,0.01,0.01,75269.23,1776184950000
1776184951.684,151.684,0.43,0.44,0.56,0.57,0.01,0.01,75269.23,1776184950000
1776184952.226,152.226,0.43,0.44,0.56,0.57,0.01,0.01,75269.23,1776184950000
1776184952.559,152.559,0.43,0.44,0.56,0.57,0.01,0.01,75269.23,1776184950000
1776184953.056,153.056,0.44,0.46,0.56,0.57,0.02,0.01,75267.52,1776184951000
1776184953.44,153.44,0.46,0.47,0.54,0.55,0.01,0.01,75267.52,1776184952000
1776184953.813,153.813,0.46,0.47,0.53,0.54,0.01,0.01,75267.52,1776184952000
1776184954.264,154.264,0.47,0.48,0.52,0.53,0.01,0.01,75269.23,1776184953000
1776184954.649,154.649,0.47,0.48,0.52,0.53,0.01,0.01,75269.23,1776184953000
1776184955.534,155.534,0.47,0.48,0.52,0.53,0.01,0.01,75269.23,1776184953000
1776184956.232,156.232,0.46,0.48,0.52,0.53,0.02,0.01,75268.81,1776184954000
1776184956.568,156.568,0.47,0.48,0.52,0.53,0.01,0.01,75267.52,1776184955000
1776184956.937,156.937,0.47,0.48,0.52,0.53,0.01,0.01,75267.52,1776184955000
1776184957.375,157.375,0.47,0.48,0.52,0.53,0.01,0.01,75267.52,1776184956000
1776184958.159,158.159,0.44,0.48,0.52,0.53,0.04,0.01,75267.52,1776184956000
1776184958.667,158.667,0.44,0.46,0.52,0.56,0.02,0.04,75267.52,1776184956000
1776184959.125,159.125,0.43,0.45,0.55,0.56,0.02,0.01,75267.52,1776184956000
1776184959.542,159.542,0.43,0.44,0.56,0.57,0.01,0.01,75269.23,1776184958000
1776184959.925,159.925,0.43,0.44,0.56,0.57,0.01,0.01,75269.23,1776184958000
1776184960.371,160.371,0.43,0.44,0.56,0.57,0.01,0.01,75269.23,1776184958000
1776184960.727,160.727,0.43,0.44,0.56,0.57,0.01,0.01,75269.23,1776184959000
1776184961.092,161.092,0.43,0.44,0.56,0.57,0.01,0.01,75269.23,1776184960000
1776184961.463,161.463,0.43,0.44,0.56,0.57,0.01,0.01,75269.23,1776184960000
1776184961.802,161.802,0.43,0.44,0.56,0.57,0.01,0.01,75269.23,1776184960000
1776184962.376,162.376,0.43,0.44,0.56,0.57,0.01,0.01,75269.23,1776184961000
1776184962.744,162.744,0.43,0.44,0.56,0.57,0.01,0.01,75269.23,1776184961000
1776184963.156,163.156,0.43,0.44,0.56,0.57,0.01,0.01,75267.52,1776184962000
1776184964.257,164.257,0.43,0.44,0.56,0.57,0.01,0.01,75269.22,1776184963000
1776184965.19,165.19,0.43,0.45,0.56,0.57,0.02,0.01,75269.22,1776184963000
1776184966.301,166.301,0.44,0.46,0.55,0.57,0.02,0.02,75270.01,1776184964000
1776184966.641,166.641,0.44,0.45,0.54,0.56,0.01,0.02,75270.01,1776184965000
1776184966.983,166.983,0.44,0.45,0.55,0.56,0.01,0.01,75270.01,1776184966000
1776184967.708,167.708,0.44,0.45,0.55,0.56,0.01,0.01,75270.01,1776184966000
1776184968.142,168.142,0.43,0.44,0.55,0.57,0.01,0.02,75270.05,1776184967000
1776184968.499,168.499,0.42,0.44,0.56,0.58,0.02,0.02,75270.05,1776184967000
1776184969.167,169.167,0.42,0.43,0.57,0.58,0.01,0.01,75267.95,1776184968000
1776184969.635,169.635,0.42,0.43,0.57,0.58,0.01,0.01,75267.95,1776184968000
1776184970.071,170.071,0.42,0.43,0.57,0.58,0.01,0.01,75267.95,1776184968000
1776184970.551,170.551,0.42,0.43,0.57,0.58,0.01,0.01,75267.95,1776184969000
1776184970.922,170.922,0.42,0.43,0.57,0.58,0.01,0.01,75267.95,1776184970000
1776184972.065,172.065,0.42,0.43,0.57,0.58,0.01,0.01,75267.52,1776184971000
1776184973.208,173.208,0.42,0.43,0.57,0.58,0.01,0.01,75267.15,1776184972000
1776184973.582,173.582,0.42,0.43,0.57,0.58,0.01,0.01,75267.15,1776184972000
1776184974.15,174.15,0.39,0.42,0.58,0.61,0.03,0.03,75267.15,1776184972000
1776184974.517,174.517,0.39,0.4,0.58,0.61,0.01,0.03,75266.47,1776184973000
1776184974.853,174.853,0.39,0.42,0.58,0.6,0.03,0.02,75266.47,1776184974000
1776184975.252,175.252,0.39,0.41,0.58,0.6,0.02,0.02,75266.47,1776184974000
1776184975.631,175.631,0.41,0.42,0.58,0.59,0.01,0.01,75266.47,1776184974000
1776184976.088,176.088,0.39,0.41,0.59,0.61,0.02,0.02,75266.54,1776184975000
1776184977.145,177.145,0.4,0.41,0.59,0.6,0.01,0.01,75266.54,1776184976000
1776184978.213,178.213,0.4,0.41,0.59,0.6,0.01,0.01,75266.54,1776184977000
1776184978.694,178.694,0.4,0.41,0.59,0.6,0.01,0.01,75266.54,1776184977000
1776184979.041,179.041,0.4,0.41,0.59,0.62,0.01,0.03,75266.54,1776184977000
1776184979.628,179.628,0.39,0.4,0.59,0.61,0.01,0.02,75264.62,1776184978000
1776184979.994,179.994,0.39,0.4,0.6,0.61,0.01,0.01,75264.62,1776184978000
1776184980.397,180.397,0.39,0.4,0.6,0.61,0.01,0.01,75265.1,1776184979000
1776184980.816,180.816,0.39,0.4,0.6,0.61,0.01,0.01,75265.1,1776184979000
1776184981.344,181.344,0.39,0.4,0.6,0.61,0.01,0.01,75265.1,1776184979000
1776184981.702,181.702,0.4,0.41,0.59,0.6,0.01,0.01,75265.88,1776184980000
1776184982.041,182.041,0.4,0.41,0.59,0.6,0.01,0.01,75265.1,1776184981000
1776184982.862,182.862,0.4,0.41,0.59,0.6,0.01,0.01,75265.1,1776184981000
1776184983.968,183.968,0.41,0.42,0.59,0.6,0.01,0.01,75267.52,1776184982000
1776184984.316,184.316,0.41,0.42,0.58,0.59,0.01,0.01,75270.04,1776184983000
1776184984.808,184.808,0.41,0.42,0.58,0.59,0.01,0.01,75270.04,1776184983000
1776184985.237,185.237,0.41,0.42,0.58,0.59,0.01,0.01,75269.75,1776184984000
1776184986.195,186.195,0.42,0.43,0.57,0.58,0.01,0.01,75269.02,1776184985000
1776184987.255,187.255,0.42,0.43,0.57,0.58,0.01,0.01,75269.02,1776184985000
1776184987.627,187.627,0.42,0.43,0.57,0.58,0.01,0.01,75269.02,1776184986000
1776184988.288,188.288,0.42,0.43,0.57,0.58,0.01,0.01,75268.73,1776184987000
1776184988.874,188.874,0.42,0.43,0.57,0.58,0.01,0.01,75268.73,1776184987000
1776184989.724,189.724,0.42,0.43,0.57,0.58,0.01,0.01,75268.42,1776184988000
1776184990.423,190.423,0.42,0.43,0.57,0.58,0.01,0.01,75268.42,1776184989000
1776184991.065,191.065,0.42,0.43,0.57,0.58,0.01,0.01,75268.42,1776184989000
1776184991.403,191.403,0.42,0.43,0.57,0.58,0.01,0.01,75268.42,1776184989000
1776184991.875,191.875,0.42,0.43,0.57,0.58,0.01,0.01,75268.42,1776184990000
1776184992.248,192.248,0.42,0.43,0.57,0.58,0.01,0.01,75268.42,1776184991000
1776184992.858,192.858,0.42,0.43,0.57,0.58,0.01,0.01,75268.42,1776184991000
1776184993.346,193.346,0.42,0.43,0.57,0.58,0.01,0.01,75268.42,1776184992000
1776184993.771,193.771,0.42,0.43,0.57,0.58,0.01,0.01,75268.42,1776184992000
1776184994.259,194.259,0.42,0.43,0.57,0.58,0.01,0.01,75268.42,1776184993000
1776184994.837,194.837,0.42,0.43,0.57,0.58,0.01,0.01,75268.42,1776184993000
1776184995.306,195.306,0.42,0.43,0.57,0.58,0.01,0.01,75268.42,1776184994000
1776184996.502,196.502,0.42,0.43,0.57,0.58,0.01,0.01,75268.42,1776184995000
1776184996.967,196.967,0.42,0.43,0.57,0.58,0.01,0.01,75270.54,1776184996000
1776184998.433,198.433,0.42,0.44,0.57,0.58,0.02,0.01,75270.54,1776184996000
1776184998.767,198.767,0.47,0.5,0.5,0.53,0.03,0.03,75270.54,1776184996000
1776184999.115,199.115,0.44,0.51,0.49,0.56,0.07,0.07,75289.5,1776184997000
1776184999.45,199.45,0.43,0.44,0.52,0.57,0.01,0.05,75285.17,1776184998000
1776184999.81,199.81,0.47,0.5,0.48,0.55,0.03,0.07,75285.17,1776184998000
1776185000.293,200.293,0.51,0.52,0.48,0.51,0.01,0.03,75285.17,1776184998000
1776185000.781,200.781,0.51,0.52,0.48,0.49,0.01,0.01,75279.33,1776184999000
1776185001.593,201.593,0.48,0.52,0.46,0.52,0.04,0.06,75277.4,1776185000000
1776185002.038,202.038,0.51,0.52,0.48,0.52,0.01,0.04,75277.4,1776185000000
1776185002.487,202.487,0.47,0.52,0.48,0.49,0.05,0.01,75277.39,1776185001000
1776185002.881,202.881,0.51,0.52,0.48,0.53,0.01,0.05,75277.39,1776185001000
1776185003.481,203.481,0.51,0.52,0.48,0.49,0.01,0.01,75278.94,1776185002000
1776185003.817,203.817,0.54,0.55,0.45,0.46,0.01,0.01,75278.94,1776185002000
1776185004.219,204.219,0.56,0.57,0.43,0.44,0.01,0.01,75288.02,1776185003000
1776185004.583,204.583,0.54,0.55,0.45,0.46,0.01,0.01,75288.02,1776185003000
1776185004.917,204.917,0.54,0.55,0.45,0.46,0.01,0.01,75288.02,1776185003000
1776185005.259,205.259,0.52,0.55,0.45,0.46,0.03,0.01,75288.02,1776185003000
1776185005.603,205.603,0.54,0.55,0.45,0.46,0.01,0.01,75295.57,1776185004000
1776185005.97,205.97,0.54,0.55,0.45,0.46,0.01,0.01,75295.57,1776185004000
1776185006.963,206.963,0.54,0.55,0.45,0.46,0.01,0.01,75296.19,1776185005000
1776185007.337,207.337,0.54,0.55,0.45,0.46,0.01,0.01,75296.19,1776185005000
1776185007.849,207.849,0.54,0.55,0.45,0.46,0.01,0.01,75291.51,1776185006000
1776185008.248,208.248,0.54,0.55,0.45,0.46,0.01,0.01,75291.51,1776185007000
1776185008.665,208.665,0.54,0.56,0.44,0.46,0.02,0.02,75291.51,1776185007000
1776185009.001,209.001,0.55,0.56,0.44,0.45,0.01,0.01,75291.51,1776185007000
1776185009.397,209.397,0.55,0.56,0.44,0.45,0.01,0.01,75291.51,1776185007000
1776185009.753,209.753,0.55,0.56,0.43,0.45,0.01,0.02,75291.52,1776185008000
1776185010.099,210.099,0.55,0.56,0.44,0.45,0.01,0.01,75291.52,1776185008000
1776185010.689,210.689,0.55,0.56,0.44,0.45,0.01,0.01,75291.52,1776185009000
1776185011.066,211.066,0.56,0.57,0.43,0.44,0.01,0.01,75291.52,1776185009000
1776185011.424,211.424,0.56,0.57,0.43,0.44,0.01,0.01,75291.52,1776185009000
1776185012.013,212.013,0.56,0.57,0.43,0.44,0.01,0.01,75289.94,1776185010000
1776185012.493,212.493,0.56,0.57,0.43,0.44,0.01,0.01,75289.94,1776185011000
1776185013.262,213.262,0.56,0.57,0.43,0.44,0.01,0.01,75289.94,1776185011000
1776185014.075,214.075,0.56,0.57,0.43,0.44,0.01,0.01,75296.3,1776185013000
1776185014.61,214.61,0.56,0.57,0.43,0.44,0.01,0.01,75296.3,1776185013000
1776185015.395,215.395,0.56,0.58,0.42,0.44,0.02,0.02,75295.88,1776185014000
1776185015.755,215.755,0.56,0.58,0.42,0.44,0.02,0.02,75295.88,1776185014000
1776185016.367,216.367,0.57,0.62,0.38,0.43,0.05,0.05,75295.88,1776185015000
1776185016.703,216.703,0.57,0.65,0.35,0.44,0.08,0.09,75295.88,1776185015000
1776185017.042,217.042,0.62,0.65,0.35,0.38,0.03,0.03,75295.88,1776185015000
1776185017.384,217.384,0.62,0.63,0.37,0.42,0.01,0.05,75295.88,1776185015000
1776185017.79,217.79,0.65,0.66,0.31,0.35,0.01,0.04,75296.79,1776185016000
1776185018.166,218.166,0.66,0.68,0.32,0.34,0.02,0.02,75296.79,1776185017000
1776185018.521,218.521,0.68,0.71,0.29,0.32,0.03,0.03,75296.79,1776185017000
1776185018.869,218.869,0.69,0.72,0.28,0.31,0.03,0.03,75296.79,1776185017000
1776185019.265,219.265,0.7,0.71,0.29,0.3,0.01,0.01,75296.79,1776185017000
1776185019.929,219.929,0.7,0.71,0.29,0.3,0.01,0.01,75304.58,1776185018000
1776185020.279,220.279,0.7,0.74,0.26,0.3,0.04,0.04,75304.59,1776185019000
1776185020.621,220.621,0.7,0.71,0.29,0.3,0.01,0.01,75304.59,1776185019000
1776185020.958,220.958,0.72,0.74,0.26,0.28,0.02,0.02,75304.59,1776185019000
1776185021.344,221.344,0.73,0.74,0.26,0.27,0.01,0.01,75307.39,1776185020000
1776185021.679,221.679,0.73,0.74,0.26,0.27,0.01,0.01,75307.39,1776185020000
1776185022.025,222.025,0.74,0.77,0.25,0.26,0.03,0.01,75313.58,1776185021000
1776185022.372,222.372,0.75,0.76,0.23,0.25,0.01,0.02,75313.58,1776185021000
1776185022.743,222.743,0.75,0.77,0.23,0.25,0.02,0.02,75313.58,1776185021000
1776185023.089,223.089,0.76,0.79,0.22,0.24,0.03,0.02,75313.58,1776185022000
1776185023.437,223.437,0.77,0.78,0.22,0.23,0.01,0.01,75313.58,1776185022000
1776185023.802,223.802,0.78,0.79,0.22,0.23,0.01,0.01,75313.58,1776185022000
1776185024.143,224.143,0.78,0.79,0.21,0.22,0.01,0.01,75313.58,1776185023000
1776185024.522,224.522,0.79,0.8,0.2,0.21,0.01,0.01,75313.58,1776185023000
1776185024.87,224.87,0.8,0.81,0.19,0.2,0.01,0.01,75313.58,1776185023000
1776185025.214,225.214,0.8,0.81,0.19,0.2,0.01,0.01,75313.76,1776185024000
1776185025.564,225.564,0.8,0.81,0.19,0.2,0.01,0.01,75313.76,1776185024000
1776185025.916,225.916,0.8,0.81,0.19,0.2,0.01,0.01,75313.76,1776185024000
1776185026.264,226.264,0.8,0.81,0.19,0.2,0.01,0.01,75313.76,1776185025000
1776185026.6,226.6,0.78,0.8,0.2,0.22,0.02,0.02,75313.76,1776185025000
1776185026.951,226.951,0.79,0.8,0.2,0.21,0.01,0.01,75313.76,1776185025000
1776185027.332,227.332,0.78,0.79,0.21,0.22,0.01,0.01,75313.96,1776185026000
1776185027.67,227.67,0.76,0.77,0.23,0.24,0.01,0.01,75313.96,1776185026000
1776185028.129,228.129,0.76,0.77,0.23,0.24,0.01,0.01,75308.71,1776185027000
1776185028.476,228.476,0.76,0.77,0.23,0.24,0.01,0.01,75308.71,1776185027000
1776185028.861,228.861,0.76,0.77,0.23,0.24,0.01,0.01,75308.71,1776185027000
1776185029.202,229.202,0.76,0.77,0.23,0.24,0.01,0.01,75304.49,1776185028000
1776185029.557,229.557,0.76,0.77,0.23,0.24,0.01,0.01,75304.49,1776185028000
1776185029.901,229.901,0.76,0.77,0.23,0.24,0.01,0.01,75304.49,1776185028000
1776185030.312,230.312,0.76,0.77,0.23,0.24,0.01,0.01,75304.15,1776185029000
1776185030.675,230.675,0.74,0.75,0.25,0.26,0.01,0.01,75304.15,1776185029000
1776185031.128,231.128,0.74,0.75,0.25,0.26,0.01,0.01,75304.15,1776185029000
1776185031.48,231.48,0.74,0.75,0.25,0.26,0.01,0.01,75304.15,1776185030000
1776185031.913,231.913,0.74,0.75,0.25,0.26,0.01,0.01,75304.15,1776185030000
1776185032.265,232.265,0.74,0.75,0.25,0.26,0.01,0.01,75304.15,1776185031000
1776185032.704,232.704,0.74,0.75,0.25,0.26,0.01,0.01,75304.15,1776185031000
1776185033.076,233.076,0.74,0.75,0.25,0.26,0.01,0.01,75304.15,1776185031000
1776185033.433,233.433,0.74,0.75,0.25,0.26,0.01,0.01,75305.28,1776185032000
1776185034.001,234.001,0.74,0.75,0.25,0.26,0.01,0.01,75305.28,1776185032000
1776185034.346,234.346,0.75,0.76,0.23,0.26,0.01,0.03,75305.28,1776185032000
1776185034.697,234.697,0.75,0.76,0.23,0.25,0.01,0.02,75306.1,1776185033000
1776185035.031,235.031,0.75,0.76,0.24,0.25,0.01,0.01,75305.61,1776185034000
1776185035.371,235.371,0.74,0.76,0.24,0.26,0.02,0.02,75305.61,1776185034000
1776185035.704,235.704,0.74,0.77,0.25,0.26,0.03,0.01,75305.61,1776185034000
1776185036.139,236.139,0.75,0.76,0.24,0.25,0.01,0.01,75305.61,1776185034000
1776185036.474,236.474,0.72,0.73,0.27,0.28,0.01,0.01,75306.95,1776185035000
1776185036.813,236.813,0.72,0.73,0.27,0.28,0.01,0.01,75306.95,1776185035000
1776185037.16,237.16,0.72,0.73,0.27,0.28,0.01,0.01,75305.05,1776185036000
1776185037.585,237.585,0.72,0.73,0.27,0.28,0.01,0.01,75305.05,1776185036000
1776185038.296,238.296,0.71,0.73,0.27,0.28,0.02,0.01,75305.05,1776185036000
1776185038.664,238.664,0.71,0.72,0.27,0.28,0.01,0.01,75297.74,1776185037000
1776185039.075,239.075,0.72,0.73,0.27,0.28,0.01,0.01,75296.27,1776185038000
1776185039.689,239.689,0.72,0.73,0.27,0.28,0.01,0.01,75296.27,1776185038000
1776185040.039,240.039,0.67,0.68,0.32,0.33,0.01,0.01,75296.27,1776185039000
1776185040.447,240.447,0.67,0.68,0.32,0.33,0.01,0.01,75296.27,1776185039000
1776185040.799,240.799,0.67,0.68,0.32,0.33,0.01,0.01,75296.27,1776185039000
1776185041.153,241.153,0.67,0.68,0.32,0.33,0.01,0.01,75294.46,1776185040000
1776185041.492,241.492,0.67,0.68,0.32,0.33,0.01,0.01,75294.46,1776185040000
1776185041.897,241.897,0.66,0.67,0.33,0.34,0.01,0.01,75294.46,1776185040000
1776185042.36,242.36,0.66,0.67,0.33,0.34,0.01,0.01,75292.33,1776185041000
1776185042.715,242.715,0.64,0.65,0.35,0.36,0.01,0.01,75292.33,1776185041000
1776185043.265,243.265,0.64,0.67,0.33,0.36,0.03,0.03,75294.05,1776185042000
1776185043.6,243.6,0.65,0.66,0.34,0.35,0.01,0.01,75294.05,1776185042000
1776185044.013,244.013,0.65,0.66,0.34,0.35,0.01,0.01,75294.05,1776185042000
1776185044.438,244.438,0.65,0.66,0.34,0.35,0.01,0.01,75292.08,1776185043000
1776185044.916,244.916,0.65,0.66,0.34,0.35,0.01,0.01,75292.08,1776185043000
1776185045.294,245.294,0.65,0.66,0.34,0.35,0.01,0.01,75293.67,1776185044000
1776185045.629,245.629,0.65,0.66,0.34,0.35,0.01,0.01,75293.67,1776185044000
1776185045.981,245.981,0.63,0.66,0.34,0.35,0.03,0.01,75293.67,1776185044000
1776185046.328,246.328,0.65,0.66,0.34,0.35,0.01,0.01,75293.72,1776185045000
1776185046.731,246.731,0.7,0.71,0.29,0.3,0.01,0.01,75293.72,1776185045000
1776185047.15,247.15,0.7,0.71,0.29,0.3,0.01,0.01,75293.72,1776185045000
1776185047.501,247.501,0.7,0.71,0.29,0.3,0.01,0.01,75293.72,1776185046000
1776185047.856,247.856,0.69,0.71,0.29,0.3,0.02,0.01,75293.72,1776185046000
1776185048.26,248.26,0.69,0.7,0.3,0.31,0.01,0.01,75293.72,1776185046000
1776185048.922,248.922,0.69,0.7,0.3,0.31,0.01,0.01,75295.25,1776185047000
1776185049.397,249.397,0.69,0.7,0.3,0.31,0.01,0.01,75297.67,1776185048000
1776185050.092,250.092,0.69,0.7,0.3,0.31,0.01,0.01,75297.67,1776185049000
1776185050.481,250.481,0.69,0.72,0.3,0.31,0.03,0.01,75297.67,1776185049000
1776185050.98,250.98,0.69,0.7,0.3,0.31,0.01,0.01,75297.67,1776185049000
1776185051.499,251.499,0.69,0.7,0.3,0.31,0.01,0.01,75297.67,1776185050000
1776185051.909,251.909,0.69,0.72,0.3,0.31,0.03,0.01,75297.67,1776185050000
1776185052.593,252.593,0.71,0.72,0.28,0.29,0.01,0.01,75297.67,1776185051000
1776185052.926,252.926,0.68,0.72,0.28,0.29,0.04,0.01,75297.67,1776185052000
1776185053.594,253.594,0.64,0.65,0.3,0.31,0.01,0.01,75297.67,1776185052000
1776185053.93,253.93,0.64,0.65,0.36,0.37,0.01,0.01,75297.67,1776185052000
1776185054.263,254.263,0.64,0.65,0.35,0.36,0.01,0.01,75297.67,1776185053000
1776185054.6,254.6,0.64,0.65,0.35,0.36,0.01,0.01,75297.67,1776185053000
1776185054.94,254.94,0.64,0.65,0.35,0.36,0.01,0.01,75297.67,1776185053000
1776185055.306,255.306,0.64,0.65,0.35,0.36,0.01,0.01,75297.67,1776185054000
1776185055.644,255.644,0.59,0.6,0.4,0.41,0.01,0.01,75297.67,1776185054000
1776185055.983,255.983,0.61,0.62,0.38,0.39,0.01,0.01,75297.67,1776185054000
1776185056.551,256.551,0.62,0.63,0.37,0.38,0.01,0.01,75295.72,1776185055000
1776185056.897,256.897,0.63,0.64,0.37,0.38,0.01,0.01,75295.72,1776185055000
1776185057.902,257.902,0.63,0.64,0.36,0.37,0.01,0.01,75295.45,1776185056000
1776185058.277,258.277,0.63,0.64,0.36,0.37,0.01,0.01,75295.45,1776185057000
1776185058.692,258.692,0.63,0.64,0.36,0.37,0.01,0.01,75295.45,1776185057000
1776185059.104,259.104,0.63,0.64,0.36,0.37,0.01,0.01,75295.45,1776185057000
1776185059.574,259.574,0.63,0.64,0.36,0.37,0.01,0.01,75295.72,1776185058000
1776185059.928,259.928,0.63,0.64,0.34,0.37,0.01,0.03,75295.72,1776185058000
1776185060.326,260.326,0.63,0.64,0.36,0.37,0.01,0.01,75295.72,1776185059000
1776185060.692,260.692,0.65,0.66,0.35,0.36,0.01,0.01,75295.72,1776185059000
1776185061.134,261.134,0.65,0.66,0.34,0.35,0.01,0.01,75295.39,1776185060000
1776185061.992,261.992,0.65,0.66,0.34,0.35,0.01,0.01,75295.44,1776185061000
1776185062.42,262.42,0.65,0.66,0.34,0.35,0.01,0.01,75295.44,1776185061000
1776185062.754,262.754,0.65,0.66,0.34,0.35,0.01,0.01,75295.44,1776185061000
1776185063.167,263.167,0.57,0.59,0.42,0.44,0.02,0.02,75295.44,1776185062000
1776185063.502,263.502,0.56,0.57,0.43,0.44,0.01,0.01,75295.44,1776185062000
1776185063.871,263.871,0.53,0.56,0.45,0.46,0.03,0.01,75295.44,1776185062000
1776185064.264,264.264,0.52,0.53,0.47,0.48,0.01,0.01,75287.6,1776185063000
1776185064.601,264.601,0.52,0.53,0.47,0.48,0.01,0.01,75287.6,1776185063000
1776185064.936,264.936,0.5,0.52,0.47,0.49,0.02,0.02,75287.6,1776185063000
1776185065.318,265.318,0.52,0.54,0.47,0.48,0.02,0.01,75283.62,1776185064000
1776185065.676,265.676,0.53,0.54,0.46,0.48,0.01,0.02,75283.62,1776185064000
1776185066.04,266.04,0.51,0.52,0.47,0.49,0.01,0.02,75283.62,1776185064000
1776185066.416,266.416,0.52,0.53,0.46,0.48,0.01,0.02,75281.77,1776185065000
1776185066.834,266.834,0.5,0.51,0.49,0.5,0.01,0.01,75281.77,1776185065000
1776185067.169,267.169,0.5,0.53,0.47,0.5,0.03,0.03,75279.17,1776185066000
1776185067.538,267.538,0.49,0.5,0.48,0.5,0.01,0.02,75279.17,1776185066000
1776185067.877,267.877,0.49,0.5,0.5,0.51,0.01,0.01,75279.17,1776185066000
1776185068.262,268.262,0.49,0.5,0.5,0.51,0.01,0.01,75279.17,1776185066000
1776185068.734,268.734,0.49,0.5,0.5,0.51,0.01,0.01,75279.17,1776185067000
1776185069.217,269.217,0.49,0.5,0.5,0.51,0.01,0.01,75279.17,1776185067000
1776185069.612,269.612,0.48,0.49,0.51,0.52,0.01,0.01,75279.17,1776185068000
1776185070.286,270.286,0.48,0.49,0.51,0.52,0.01,0.01,75279.17,1776185069000
1776185070.637,270.637,0.48,0.49,0.51,0.52,0.01,0.01,75279.17,1776185069000
1776185071.085,271.085,0.48,0.49,0.51,0.52,0.01,0.01,75278.1,1776185070000
1776185071.501,271.501,0.48,0.49,0.51,0.52,0.01,0.01,75278.1,1776185070000
1776185071.963,271.963,0.48,0.49,0.51,0.52,0.01,0.01,75278.1,1776185071000
1776185072.691,272.691,0.48,0.49,0.51,0.52,0.01,0.01,75278.1,1776185071000
1776185073.323,273.323,0.47,0.48,0.51,0.53,0.01,0.02,75278.1,1776185072000
1776185073.783,273.783,0.46,0.47,0.52,0.53,0.01,0.01,75278.1,1776185072000
1776185074.163,274.163,0.46,0.47,0.53,0.54,0.01,0.01,75278.1,1776185073000
1776185074.6,274.6,0.46,0.47,0.53,0.54,0.01,0.01,75278.1,1776185073000
1776185075.01,275.01,0.45,0.46,0.54,0.55,0.01,0.01,75278.1,1776185073000
1776185075.412,275.412,0.45,0.46,0.54,0.55,0.01,0.01,75278.1,1776185073000
1776185075.753,275.753,0.49,0.51,0.53,0.54,0.02,0.01,75278.1,1776185074000
1776185076.284,276.284,0.49,0.51,0.49,0.5,0.02,0.01,75278.1,1776185075000
1776185076.631,276.631,0.51,0.52,0.48,0.49,0.01,0.01,75278.1,1776185075000
1776185077.123,277.123,0.5,0.52,0.48,0.49,0.02,0.01,75278.1,1776185075000
1776185077.687,277.687,0.51,0.52,0.48,0.49,0.01,0.01,75275.94,1776185076000
1776185078.065,278.065,0.49,0.52,0.48,0.49,0.03,0.01,75275.94,1776185076000
1776185078.411,278.411,0.49,0.52,0.48,0.49,0.03,0.01,75278.09,1776185077000
1776185078.859,278.859,0.49,0.5,0.5,0.51,0.01,0.01,75278.09,1776185077000
1776185079.257,279.257,0.49,0.5,0.5,0.51,0.01,0.01,75278.09,1776185078000
1776185079.632,279.632,0.5,0.51,0.5,0.51,0.01,0.01,75278.09,1776185078000
1776185079.969,279.969,0.5,0.51,0.49,0.5,0.01,0.01,75278.09,1776185078000
1776185080.367,280.367,0.5,0.51,0.49,0.5,0.01,0.01,75276.27,1776185079000
1776185080.822,280.822,0.54,0.55,0.44,0.5,0.01,0.06,75276.27,1776185079000
1776185081.291,281.291,0.52,0.53,0.47,0.49,0.01,0.02,75276.27,1776185080000
1776185081.721,281.721,0.51,0.53,0.47,0.48,0.02,0.01,75276.27,1776185080000
1776185082.387,282.387,0.5,0.52,0.47,0.49,0.02,0.02,75278.08,1776185081000
1776185082.828,282.828,0.5,0.51,0.49,0.5,0.01,0.01,75278.08,1776185081000
1776185083.215,283.215,0.5,0.51,0.49,0.5,0.01,0.01,75278.08,1776185081000
1776185083.568,283.568,0.49,0.5,0.5,0.51,0.01,0.01,75278.08,1776185081000
1776185083.917,283.917,0.49,0.5,0.5,0.51,0.01,0.01,75278.06,1776185082000
1776185084.285,284.285,0.34,0.41,0.59,0.65,0.07,0.06,75278.06,1776185082000
1776185084.633,284.633,0.34,0.37,0.63,0.66,0.03,0.03,75278.06,1776185083000
1776185084.968,284.968,0.36,0.37,0.63,0.66,0.01,0.03,75277.85,1776185084000
1776185085.437,285.437,0.35,0.36,0.64,0.65,0.01,0.01,75277.85,1776185084000
1776185086.035,286.035,0.34,0.35,0.65,0.66,0.01,0.01,75277.85,1776185084000
1776185086.487,286.487,0.33,0.34,0.65,0.67,0.01,0.02,75274.03,1776185085000
1776185086.873,286.873,0.31,0.34,0.66,0.67,0.03,0.01,75274.03,1776185085000
1776185087.351,287.351,0.3,0.31,0.68,0.7,0.01,0.02,75274.03,1776185085000
1776185087.714,287.714,0.3,0.31,0.69,0.7,0.01,0.01,75274.7,1776185086000
1776185088.053,288.053,0.28,0.5,0.7,0.72,0.22,0.02,75274.7,1776185086000
1776185088.411,288.411,0.28,0.29,0.71,0.72,0.01,0.01,75274.7,1776185087000
1776185088.857,288.857,0.27,0.28,0.72,0.73,0.01,0.01,75274.7,1776185087000
1776185089.236,289.236,0.27,0.28,0.72,0.73,0.01,0.01,75274.7,1776185087000
1776185089.572,289.572,0.26,0.28,0.72,0.74,0.02,0.02,75274.7,1776185088000
1776185090.319,290.319,0.26,0.27,0.73,0.74,0.01,0.01,75274.7,1776185089000
1776185090.689,290.689,0.26,0.27,0.73,0.74,0.01,0.01,75274.7,1776185089000
1776185091.043,291.043,0.26,0.27,0.73,0.74,0.01,0.01,75274.7,1776185089000
1776185091.444,291.444,0.26,0.27,0.73,0.74,0.01,0.01,75274.7,1776185089000
1776185091.968,291.968,0.26,0.27,0.72,0.74,0.01,0.02,75274.7,1776185090000
1776185092.417,292.417,0.25,0.27,0.73,0.74,0.02,0.01,75274.7,1776185091000
1776185092.816,292.816,0.22,0.23,0.75,0.78,0.01,0.03,75274.7,1776185091000
1776185093.327,293.327,0.22,0.23,0.77,0.78,0.01,0.01,75274.7,1776185091000
1776185093.732,293.732,0.22,0.23,0.77,0.78,0.01,0.01,75271.56,1776185092000
1776185094.215,294.215,0.21,0.22,0.78,0.79,0.01,0.01,75271.56,1776185092000
1776185094.551,294.551,0.21,0.22,0.78,0.79,0.01,0.01,75271.56,1776185093000
1776185094.896,294.896,0.21,0.22,0.78,0.79,0.01,0.01,75271.56,1776185093000
1776185095.254,295.254,0.21,0.22,0.78,0.79,0.01,0.01,75274.7,1776185094000
1776185095.651,295.651,0.2,0.22,0.78,0.79,0.02,0.01,75274.7,1776185094000
1776185096.001,296.001,0.2,0.21,0.79,0.8,0.01,0.01,75274.7,1776185094000
1776185096.382,296.382,0.19,0.2,0.8,0.81,0.01,0.01,75274.7,1776185094000
1776185096.724,296.724,0.11,0.18,0.82,0.89,0.07,0.07,75274.7,1776185095000
1776185097.064,297.064,0.11,0.12,0.88,0.89,0.01,0.01,75274.7,1776185095000
1776185097.398,297.398,0.05,0.06,0.94,0.95,0.01,0.01,75274.7,1776185096000
1776185097.76,297.76,0.03,0.04,0.96,0.97,0.01,0.01,75274.7,1776185096000
1776185098.096,298.096,0.03,0.04,0.96,0.97,0.01,0.01,75274.7,1776185096000
1776185098.431,298.431,0.02,0.03,0.97,0.98,0.01,0.01,75274.7,1776185096000
1776185098.766,298.766,0.02,0.03,0.97,0.98,0.01,0.01,75267.17,1776185097000
1776185099.128,299.128,0.01,0.01,0.99,0.99,0.0,0.0,75257.1,1776185098000
1776185099.482,299.482,0.01,0.01,0.99,0.99,0.0,0.0,75257.1,1776185098000
1776185099.85,299.85,0.01,0.01,0.99,0.99,0.0,0.0,75257.1,1776185098000
1776185100.365,300.365,0.01,0.01,0.99,0.99,0.0,0.0,75254.43,1776185099000
1776185100.949,300.949,0.01,0.01,0.99,0.99,0.0,0.0,75254.43,1776185099000

# RESULT,winner=Down,slug=btc-updown-5m-1776184800,ticks=675
