timestamp,elapsed_sec,up_bid,up_ask,down_bid,down_ask,up_spread,down_spread,btc_price,btc_oracle_ts
1775992200.549,0.549,0.58,0.59,0.41,0.42,0.01,0.01,71461.6,1775992199000
1775992201.013,1.013,0.58,0.59,0.4,0.42,0.01,0.02,71461.6,1775992199000
1775992201.359,1.359,0.57,0.6,0.4,0.42,0.03,0.02,71461.6,1775992199000
1775992201.74,1.74,0.57,0.58,0.42,0.43,0.01,0.01,71461.6,1775992200000
1775992202.099,2.099,0.54,0.56,0.44,0.45,0.02,0.01,71461.6,1775992200000
1775992202.437,2.437,0.54,0.55,0.45,0.46,0.01,0.01,71461.6,1775992200000
1775992202.778,2.778,0.54,0.55,0.45,0.46,0.01,0.01,71461.6,1775992200000
1775992203.152,3.152,0.54,0.55,0.45,0.46,0.01,0.01,71461.58,1775992201000
1775992203.488,3.488,0.54,0.55,0.45,0.46,0.01,0.01,71461.58,1775992202000
1775992203.828,3.828,0.54,0.55,0.45,0.46,0.01,0.01,71461.58,1775992202000
1775992204.221,4.221,0.54,0.55,0.45,0.46,0.01,0.01,71461.58,1775992202000
1775992204.67,4.67,0.53,0.54,0.46,0.47,0.01,0.01,71462.31,1775992203000
1775992205.165,5.165,0.53,0.54,0.46,0.47,0.01,0.01,71462.31,1775992203000
1775992205.513,5.513,0.53,0.54,0.46,0.47,0.01,0.01,71462.34,1775992204000
1775992205.923,5.923,0.53,0.54,0.46,0.47,0.01,0.01,71462.34,1775992204000
1775992206.311,6.311,0.55,0.56,0.44,0.45,0.01,0.01,71462.34,1775992204000
1775992206.649,6.649,0.55,0.56,0.44,0.45,0.01,0.01,71462.32,1775992205000
1775992207.044,7.044,0.55,0.56,0.44,0.45,0.01,0.01,71462.32,1775992205000
1775992207.416,7.416,0.53,0.54,0.44,0.48,0.01,0.04,71462.32,1775992206000
1775992207.782,7.782,0.52,0.53,0.46,0.48,0.01,0.02,71462.32,1775992206000
1775992208.197,8.197,0.51,0.52,0.48,0.49,0.01,0.01,71462.32,1775992206000
1775992208.55,8.55,0.51,0.52,0.48,0.49,0.01,0.01,71462.26,1775992207000
1775992209.109,9.109,0.51,0.52,0.48,0.49,0.01,0.01,71462.26,1775992207000
1775992209.583,9.583,0.51,0.52,0.48,0.49,0.01,0.01,71462.22,1775992208000
1775992209.928,9.928,0.51,0.52,0.48,0.49,0.01,0.01,71462.22,1775992208000
1775992210.279,10.279,0.51,0.52,0.48,0.49,0.01,0.01,71461.94,1775992209000
1775992210.617,10.617,0.51,0.52,0.48,0.49,0.01,0.01,71461.94,1775992209000
1775992211.225,11.225,0.52,0.53,0.47,0.48,0.01,0.01,71461.94,1775992209000
1775992211.66,11.66,0.52,0.53,0.47,0.48,0.01,0.01,71461.94,1775992210000
1775992212.136,12.136,0.52,0.53,0.47,0.48,0.01,0.01,71461.94,1775992210000
1775992213.109,13.109,0.52,0.53,0.47,0.48,0.01,0.01,71461.94,1775992211000
1775992213.543,13.543,0.52,0.53,0.47,0.48,0.01,0.01,71462.11,1775992212000
1775992214.104,14.104,0.52,0.53,0.47,0.48,0.01,0.01,71462.13,1775992213000
1775992214.648,14.648,0.52,0.53,0.47,0.48,0.01,0.01,71462.13,1775992213000
1775992215.193,15.193,0.52,0.53,0.47,0.48,0.01,0.01,71462.13,1775992213000
1775992215.765,15.765,0.52,0.53,0.47,0.48,0.01,0.01,71462.14,1775992214000
1775992216.266,16.266,0.52,0.53,0.47,0.48,0.01,0.01,71462.1,1775992215000
1775992216.831,16.831,0.52,0.53,0.47,0.48,0.01,0.01,71462.1,1775992215000
1775992217.24,17.24,0.52,0.53,0.47,0.48,0.01,0.01,71462.14,1775992216000
1775992217.998,17.998,0.52,0.53,0.47,0.48,0.01,0.01,71462.14,1775992216000
1775992218.392,18.392,0.52,0.53,0.47,0.48,0.01,0.01,71462.79,1775992217000
1775992218.988,18.988,0.52,0.53,0.47,0.48,0.01,0.01,71462.79,1775992217000
1775992219.437,19.437,0.52,0.53,0.47,0.48,0.01,0.01,71461.89,1775992218000
1775992219.775,19.775,0.5,0.51,0.49,0.51,0.01,0.02,71461.89,1775992218000
1775992220.117,20.117,0.48,0.5,0.5,0.52,0.02,0.02,71461.89,1775992218000
1775992220.461,20.461,0.48,0.49,0.51,0.53,0.01,0.02,71461.89,1775992219000
1775992220.867,20.867,0.47,0.48,0.52,0.53,0.01,0.01,71461.89,1775992219000
1775992221.323,21.323,0.47,0.48,0.52,0.53,0.01,0.01,71457.74,1775992220000
1775992221.674,21.674,0.47,0.48,0.52,0.53,0.01,0.01,71457.74,1775992220000
1775992222.017,22.017,0.46,0.47,0.53,0.54,0.01,0.01,71457.74,1775992220000
1775992222.387,22.387,0.46,0.47,0.53,0.54,0.01,0.01,71455.11,1775992221000
1775992222.741,22.741,0.46,0.47,0.53,0.54,0.01,0.01,71455.11,1775992221000
1775992223.227,23.227,0.45,0.47,0.53,0.54,0.02,0.01,71455.11,1775992221000
1775992223.619,23.619,0.46,0.47,0.53,0.54,0.01,0.01,71453.95,1775992222000
1775992224.121,24.121,0.46,0.47,0.53,0.54,0.01,0.01,71455.26,1775992223000
1775992224.626,24.626,0.47,0.48,0.53,0.54,0.01,0.01,71455.26,1775992223000
1775992225.118,25.118,0.45,0.48,0.52,0.53,0.03,0.01,71455.26,1775992223000
1775992225.479,25.479,0.45,0.46,0.54,0.55,0.01,0.01,71455.74,1775992224000
1775992225.967,25.967,0.45,0.46,0.54,0.55,0.01,0.01,71455.74,1775992224000
1775992226.361,26.361,0.44,0.45,0.55,0.56,0.01,0.01,71455.8,1775992225000
1775992226.839,26.839,0.44,0.45,0.55,0.56,0.01,0.01,71455.8,1775992225000
1775992227.219,27.219,0.44,0.45,0.55,0.56,0.01,0.01,71455.26,1775992226000
1775992227.574,27.574,0.44,0.45,0.55,0.57,0.01,0.02,71455.26,1775992226000
1775992227.979,27.979,0.43,0.45,0.55,0.56,0.02,0.01,71455.26,1775992226000
1775992228.481,28.481,0.44,0.45,0.56,0.57,0.01,0.01,71455.28,1775992227000
1775992229.204,29.204,0.44,0.45,0.55,0.56,0.01,0.01,71455.16,1775992228000
1775992229.573,29.573,0.44,0.45,0.55,0.56,0.01,0.01,71455.16,1775992228000
1775992229.946,29.946,0.44,0.45,0.55,0.56,0.01,0.01,71455.16,1775992228000
1775992230.284,30.284,0.44,0.45,0.55,0.56,0.01,0.01,71455.16,1775992229000
1775992230.68,30.68,0.44,0.45,0.54,0.56,0.01,0.02,71455.16,1775992229000
1775992231.016,31.016,0.49,0.52,0.48,0.51,0.03,0.03,71455.16,1775992229000
1775992231.394,31.394,0.55,0.61,0.41,0.45,0.06,0.04,71455.16,1775992230000
1775992231.814,31.814,0.58,0.59,0.4,0.42,0.01,0.02,71455.16,1775992230000
1775992232.204,32.204,0.58,0.59,0.41,0.42,0.01,0.01,71455.16,1775992230000
1775992232.551,32.551,0.58,0.59,0.41,0.42,0.01,0.01,71455.16,1775992231000
1775992232.887,32.887,0.58,0.59,0.41,0.42,0.01,0.01,71455.16,1775992231000
1775992233.28,33.28,0.58,0.59,0.41,0.42,0.01,0.01,71464.69,1775992232000
1775992233.745,33.745,0.58,0.59,0.41,0.42,0.01,0.01,71464.69,1775992232000
1775992234.115,34.115,0.58,0.59,0.41,0.42,0.01,0.01,71464.69,1775992232000
1775992234.468,34.468,0.58,0.59,0.41,0.42,0.01,0.01,71467.15,1775992233000
1775992234.803,34.803,0.58,0.59,0.41,0.42,0.01,0.01,71467.15,1775992233000
1775992235.174,35.174,0.58,0.59,0.41,0.42,0.01,0.01,71467.15,1775992233000
1775992235.529,35.529,0.59,0.6,0.33,0.41,0.01,0.08,71466.73,1775992234000
1775992235.867,35.867,0.6,0.61,0.39,0.41,0.01,0.02,71466.73,1775992234000
1775992236.225,36.225,0.6,0.61,0.39,0.4,0.01,0.01,71466.73,1775992234000
1775992236.639,36.639,0.6,0.61,0.39,0.4,0.01,0.01,71466.73,1775992235000
1775992236.983,36.983,0.6,0.61,0.39,0.4,0.01,0.01,71466.73,1775992235000
1775992237.329,37.329,0.6,0.61,0.39,0.4,0.01,0.01,71466.75,1775992236000
1775992237.798,37.798,0.6,0.61,0.39,0.4,0.01,0.01,71466.75,1775992236000
1775992238.155,38.155,0.6,0.61,0.39,0.4,0.01,0.01,71466.75,1775992236000
1775992238.563,38.563,0.6,0.61,0.39,0.4,0.01,0.01,71467.03,1775992237000
1775992238.918,38.918,0.6,0.61,0.39,0.4,0.01,0.01,71467.03,1775992237000
1775992239.255,39.255,0.61,0.62,0.38,0.39,0.01,0.01,71467.03,1775992237000
1775992239.606,39.606,0.61,0.62,0.38,0.39,0.01,0.01,71467.06,1775992238000
1775992239.96,39.96,0.6,0.61,0.39,0.4,0.01,0.01,71467.06,1775992238000
1775992240.296,40.296,0.6,0.61,0.39,0.4,0.01,0.01,71467.06,1775992239000
1775992240.879,40.879,0.61,0.62,0.38,0.4,0.01,0.02,71467.06,1775992239000
1775992241.318,41.318,0.61,0.62,0.38,0.39,0.01,0.01,71467.06,1775992240000
1775992241.796,41.796,0.61,0.62,0.38,0.39,0.01,0.01,71467.06,1775992240000
1775992242.16,42.16,0.61,0.62,0.38,0.39,0.01,0.01,71467.06,1775992240000
1775992242.55,42.55,0.6,0.62,0.38,0.39,0.02,0.01,71466.32,1775992241000
1775992242.976,42.976,0.6,0.61,0.39,0.4,0.01,0.01,71466.32,1775992241000
1775992243.504,43.504,0.59,0.6,0.4,0.41,0.01,0.01,71466.27,1775992242000
1775992244.045,44.045,0.59,0.6,0.4,0.41,0.01,0.01,71466.27,1775992242000
1775992244.714,44.714,0.61,0.62,0.33,0.41,0.01,0.08,71466.13,1775992243000
1775992245.205,45.205,0.62,0.63,0.37,0.38,0.01,0.01,71466.1,1775992244000
1775992245.612,45.612,0.62,0.63,0.37,0.38,0.01,0.01,71466.1,1775992244000
1775992246.144,46.144,0.62,0.63,0.37,0.38,0.01,0.01,71466.12,1775992245000
1775992246.513,46.513,0.63,0.64,0.33,0.38,0.01,0.05,71466.12,1775992245000
1775992246.886,46.886,0.62,0.64,0.36,0.38,0.02,0.02,71466.12,1775992245000
1775992247.245,47.245,0.62,0.64,0.36,0.38,0.02,0.02,71466.12,1775992246000
1775992247.629,47.629,0.62,0.64,0.36,0.37,0.02,0.01,71466.12,1775992246000
1775992248.014,48.014,0.62,0.63,0.36,0.37,0.01,0.01,71466.12,1775992246000
1775992248.375,48.375,0.62,0.63,0.37,0.38,0.01,0.01,71466.12,1775992246000
1775992248.853,48.853,0.61,0.69,0.38,0.39,0.08,0.01,71466.11,1775992247000
1775992249.19,49.19,0.64,0.66,0.34,0.36,0.02,0.02,71466.11,1775992248000
1775992249.618,49.618,0.62,0.64,0.36,0.37,0.02,0.01,71466.11,1775992248000
1775992249.994,49.994,0.61,0.63,0.37,0.4,0.02,0.03,71466.11,1775992248000
1775992250.37,50.37,0.61,0.62,0.38,0.39,0.01,0.01,71466.14,1775992249000
1775992250.812,50.812,0.61,0.62,0.38,0.39,0.01,0.01,71466.14,1775992249000
1775992251.196,51.196,0.61,0.62,0.38,0.39,0.01,0.01,71466.14,1775992249000
1775992251.542,51.542,0.61,0.62,0.38,0.39,0.01,0.01,71466.13,1775992250000
1775992252.28,52.28,0.61,0.62,0.38,0.39,0.01,0.01,71466.13,1775992250000
1775992252.721,52.721,0.62,0.63,0.37,0.38,0.01,0.01,71466.13,1775992251000
1775992253.158,53.158,0.61,0.62,0.37,0.42,0.01,0.05,71466.13,1775992251000
1775992253.637,53.637,0.58,0.59,0.41,0.42,0.01,0.01,71466.13,1775992252000
1775992253.988,53.988,0.58,0.59,0.41,0.42,0.01,0.01,71466.13,1775992252000
1775992254.397,54.397,0.57,0.59,0.41,0.42,0.02,0.01,71466.13,1775992252000
1775992254.751,54.751,0.57,0.58,0.42,0.43,0.01,0.01,71466.13,1775992253000
1775992255.114,55.114,0.57,0.58,0.42,0.43,0.01,0.01,71466.13,1775992253000
1775992255.663,55.663,0.59,0.6,0.36,0.41,0.01,0.05,71466.26,1775992254000
1775992255.997,55.997,0.59,0.6,0.4,0.41,0.01,0.01,71466.26,1775992254000
1775992256.347,56.347,0.6,0.61,0.39,0.41,0.01,0.02,71466.17,1775992255000
1775992256.818,56.818,0.6,0.61,0.39,0.4,0.01,0.01,71466.17,1775992255000
1775992257.176,57.176,0.6,0.61,0.39,0.4,0.01,0.01,71466.17,1775992255000
1775992257.861,57.861,0.6,0.61,0.39,0.41,0.01,0.02,71466.05,1775992256000
1775992258.203,58.203,0.59,0.61,0.39,0.41,0.02,0.02,71466.05,1775992256000
1775992258.634,58.634,0.59,0.6,0.4,0.41,0.01,0.01,71466.05,1775992257000
1775992258.983,58.983,0.59,0.6,0.4,0.41,0.01,0.01,71466.05,1775992258000
1775992259.352,59.352,0.59,0.6,0.4,0.41,0.01,0.01,71466.05,1775992258000
1775992259.843,59.843,0.61,0.62,0.37,0.41,0.01,0.04,71466.05,1775992258000
1775992260.27,60.27,0.61,0.62,0.38,0.39,0.01,0.01,71466.09,1775992259000
1775992260.791,60.791,0.61,0.62,0.38,0.39,0.01,0.01,71466.09,1775992259000
1775992261.17,61.17,0.61,0.62,0.38,0.39,0.01,0.01,71466.13,1775992260000
1775992261.505,61.505,0.64,0.65,0.35,0.36,0.01,0.01,71466.13,1775992260000
1775992261.859,61.859,0.68,0.69,0.31,0.32,0.01,0.01,71466.13,1775992260000
1775992262.214,62.214,0.68,0.69,0.31,0.32,0.01,0.01,71466.09,1775992261000
1775992262.62,62.62,0.68,0.69,0.3,0.32,0.01,0.02,71466.09,1775992261000
1775992262.971,62.971,0.68,0.69,0.31,0.32,0.01,0.01,71466.09,1775992261000
1775992263.307,63.307,0.67,0.68,0.32,0.33,0.01,0.01,71467.9,1775992262000
1775992263.654,63.654,0.67,0.68,0.32,0.33,0.01,0.01,71467.9,1775992262000
1775992264.257,64.257,0.67,0.68,0.32,0.33,0.01,0.01,71467.9,1775992262000
1775992264.603,64.603,0.67,0.68,0.32,0.33,0.01,0.01,71472.25,1775992263000
1775992265.016,65.016,0.67,0.68,0.32,0.33,0.01,0.01,71472.25,1775992263000
1775992265.463,65.463,0.67,0.68,0.32,0.33,0.01,0.01,71472.25,1775992263000
1775992265.911,65.911,0.67,0.68,0.32,0.33,0.01,0.01,71474.68,1775992264000
1775992266.341,66.341,0.66,0.67,0.33,0.34,0.01,0.01,71474.43,1775992265000
1775992266.679,66.679,0.67,0.68,0.32,0.33,0.01,0.01,71474.43,1775992265000
1775992267.017,67.017,0.66,0.67,0.32,0.33,0.01,0.01,71474.43,1775992265000
1775992267.406,67.406,0.66,0.67,0.33,0.34,0.01,0.01,71474.43,1775992266000
1775992267.743,67.743,0.59,0.6,0.39,0.4,0.01,0.01,71474.43,1775992266000
1775992268.159,68.159,0.59,0.6,0.4,0.41,0.01,0.01,71474.43,1775992266000
1775992268.523,68.523,0.59,0.6,0.4,0.41,0.01,0.01,71474.44,1775992267000
1775992269.166,69.166,0.59,0.6,0.4,0.41,0.01,0.01,71471.97,1775992268000
1775992269.507,69.507,0.59,0.6,0.4,0.41,0.01,0.01,71471.97,1775992268000
1775992269.871,69.871,0.59,0.6,0.4,0.41,0.01,0.01,71471.97,1775992268000
1775992270.242,70.242,0.59,0.6,0.4,0.41,0.01,0.01,71471.97,1775992268000
1775992270.596,70.596,0.59,0.6,0.4,0.41,0.01,0.01,71471.97,1775992268000
1775992270.998,70.998,0.59,0.6,0.4,0.41,0.01,0.01,71469.94,1775992269000
1775992271.476,71.476,0.59,0.6,0.4,0.41,0.01,0.01,71469.75,1775992270000
1775992272.282,72.282,0.59,0.6,0.4,0.41,0.01,0.01,71469.75,1775992270000
1775992272.924,72.924,0.59,0.6,0.4,0.41,0.01,0.01,71469.9,1775992272000
1775992273.939,73.939,0.59,0.6,0.4,0.41,0.01,0.01,71469.6,1775992273000
1775992274.292,74.292,0.59,0.6,0.4,0.41,0.01,0.01,71469.6,1775992273000
1775992275.136,75.136,0.59,0.6,0.4,0.41,0.01,0.01,71469.6,1775992273000
1775992275.514,75.514,0.59,0.6,0.4,0.41,0.01,0.01,71470.62,1775992274000
1775992275.926,75.926,0.59,0.61,0.4,0.41,0.02,0.01,71470.62,1775992274000
1775992276.394,76.394,0.59,0.61,0.39,0.41,0.02,0.02,71469.59,1775992275000
1775992276.825,76.825,0.6,0.61,0.39,0.4,0.01,0.01,71469.24,1775992276000
1775992277.301,77.301,0.6,0.61,0.39,0.4,0.01,0.01,71469.24,1775992276000
1775992277.654,77.654,0.6,0.61,0.39,0.4,0.01,0.01,71469.24,1775992276000
1775992278.081,78.081,0.6,0.61,0.39,0.4,0.01,0.01,71469.09,1775992277000
1775992278.45,78.45,0.6,0.61,0.39,0.4,0.01,0.01,71469.09,1775992277000
1775992278.851,78.851,0.58,0.59,0.4,0.42,0.01,0.02,71469.09,1775992277000
1775992279.327,79.327,0.58,0.59,0.41,0.42,0.01,0.01,71470.08,1775992278000
1775992280.025,80.025,0.58,0.59,0.41,0.42,0.01,0.01,71470.08,1775992278000
1775992280.419,80.419,0.58,0.59,0.41,0.42,0.01,0.01,71469.29,1775992279000
1775992280.813,80.813,0.57,0.58,0.42,0.43,0.01,0.01,71469.29,1775992279000
1775992281.254,81.254,0.57,0.58,0.42,0.43,0.01,0.01,71469.33,1775992280000
1775992281.592,81.592,0.57,0.58,0.42,0.43,0.01,0.01,71469.33,1775992280000
1775992282.34,82.34,0.57,0.58,0.42,0.43,0.01,0.01,71468.46,1775992281000
1775992282.77,82.77,0.57,0.58,0.42,0.43,0.01,0.01,71468.46,1775992281000
1775992283.145,83.145,0.57,0.58,0.42,0.43,0.01,0.01,71469.2,1775992282000
1775992283.524,83.524,0.57,0.58,0.41,0.43,0.01,0.02,71469.2,1775992282000
1775992284.101,84.101,0.57,0.58,0.42,0.43,0.01,0.01,71469.56,1775992283000
1775992284.453,84.453,0.57,0.58,0.42,0.43,0.01,0.01,71469.56,1775992283000
1775992285.292,85.292,0.57,0.58,0.42,0.43,0.01,0.01,71469.09,1775992284000
1775992286.265,86.265,0.57,0.58,0.42,0.43,0.01,0.01,71469.05,1775992285000
1775992286.676,86.676,0.56,0.57,0.42,0.45,0.01,0.03,71469.05,1775992285000
1775992287.045,87.045,0.56,0.57,0.43,0.44,0.01,0.01,71469.05,1775992285000
1775992287.388,87.388,0.56,0.57,0.43,0.44,0.01,0.01,71469.05,1775992286000
1775992287.801,87.801,0.56,0.57,0.43,0.44,0.01,0.01,71469.05,1775992286000
1775992289.109,89.109,0.56,0.57,0.43,0.44,0.01,0.01,71469.05,1775992287000
1775992289.447,89.447,0.56,0.57,0.43,0.44,0.01,0.01,71469.16,1775992288000
1775992289.792,89.792,0.56,0.57,0.43,0.44,0.01,0.01,71469.16,1775992288000
1775992290.195,90.195,0.56,0.57,0.43,0.44,0.01,0.01,71469.07,1775992289000
1775992290.534,90.534,0.56,0.57,0.43,0.44,0.01,0.01,71469.07,1775992289000
1775992290.961,90.961,0.55,0.56,0.43,0.45,0.01,0.02,71469.07,1775992289000
1775992291.429,91.429,0.55,0.56,0.44,0.45,0.01,0.01,71469.05,1775992290000
1775992291.771,91.771,0.55,0.56,0.44,0.45,0.01,0.01,71469.05,1775992290000
1775992292.219,92.219,0.55,0.57,0.43,0.45,0.02,0.02,71468.9,1775992291000
1775992292.671,92.671,0.56,0.57,0.43,0.44,0.01,0.01,71468.9,1775992291000
1775992293.126,93.126,0.56,0.58,0.42,0.44,0.02,0.02,71468.89,1775992292000
1775992293.468,93.468,0.57,0.58,0.42,0.43,0.01,0.01,71468.89,1775992292000
1775992293.803,93.803,0.57,0.58,0.42,0.43,0.01,0.01,71468.89,1775992292000
1775992294.171,94.171,0.57,0.58,0.42,0.43,0.01,0.01,71468.89,1775992293000
1775992294.567,94.567,0.57,0.58,0.42,0.43,0.01,0.01,71468.89,1775992293000
1775992295.243,95.243,0.57,0.58,0.42,0.43,0.01,0.01,71468.94,1775992294000
1775992295.585,95.585,0.57,0.58,0.42,0.43,0.01,0.01,71468.94,1775992294000
1775992295.952,95.952,0.57,0.58,0.42,0.43,0.01,0.01,71468.94,1775992294000
1775992296.324,96.324,0.57,0.58,0.42,0.43,0.01,0.01,71468.94,1775992295000
1775992297.16,97.16,0.57,0.58,0.42,0.43,0.01,0.01,71468.93,1775992296000
1775992297.696,97.696,0.57,0.58,0.42,0.43,0.01,0.01,71468.93,1775992296000
1775992298.351,98.351,0.57,0.58,0.42,0.43,0.01,0.01,71468.93,1775992296000
1775992298.83,98.83,0.57,0.58,0.42,0.43,0.01,0.01,71468.93,1775992297000
1775992299.385,99.385,0.57,0.59,0.42,0.43,0.02,0.01,71468.93,1775992297000
1775992299.931,99.931,0.58,0.59,0.42,0.43,0.01,0.01,71468.98,1775992298000
1775992300.27,100.27,0.61,0.63,0.38,0.39,0.02,0.01,71468.98,1775992298000
1775992300.628,100.628,0.62,0.63,0.37,0.39,0.01,0.02,71468.98,1775992298000
1775992300.984,100.984,0.59,0.63,0.37,0.41,0.04,0.04,71469.01,1775992299000
1775992301.325,101.325,0.62,0.63,0.37,0.38,0.01,0.01,71469.01,1775992299000
1775992301.671,101.671,0.62,0.63,0.37,0.38,0.01,0.01,71469.01,1775992299000
1775992302.012,102.012,0.62,0.63,0.37,0.38,0.01,0.01,71469.01,1775992300000
1775992302.347,102.347,0.68,0.69,0.31,0.32,0.01,0.01,71469.01,1775992300000
1775992302.685,102.685,0.68,0.69,0.31,0.32,0.01,0.01,71469.01,1775992300000
1775992303.025,103.025,0.68,0.69,0.31,0.32,0.01,0.01,71469.25,1775992301000
1775992303.363,103.363,0.65,0.68,0.32,0.33,0.03,0.01,71469.25,1775992301000
1775992303.699,103.699,0.65,0.66,0.34,0.35,0.01,0.01,71470.91,1775992302000
1775992304.082,104.082,0.65,0.66,0.34,0.36,0.01,0.02,71470.91,1775992302000
1775992304.454,104.454,0.65,0.66,0.34,0.35,0.01,0.01,71471.4,1775992303000
1775992304.79,104.79,0.65,0.66,0.34,0.35,0.01,0.01,71471.4,1775992303000
1775992305.177,105.177,0.64,0.65,0.34,0.35,0.01,0.01,71471.4,1775992303000
1775992305.656,105.656,0.64,0.65,0.35,0.36,0.01,0.01,71471.4,1775992303000
1775992306.161,106.161,0.64,0.65,0.34,0.36,0.01,0.02,71471.66,1775992304000
1775992306.652,106.652,0.64,0.66,0.34,0.35,0.02,0.01,71471.66,1775992304000
1775992306.992,106.992,0.65,0.66,0.34,0.35,0.01,0.01,71473.81,1775992305000
1775992307.349,107.349,0.66,0.67,0.24,0.35,0.01,0.11,71473.81,1775992305000
1775992307.686,107.686,0.67,0.68,0.32,0.33,0.01,0.01,71471.73,1775992306000
1775992308.248,108.248,0.67,0.68,0.32,0.33,0.01,0.01,71471.73,1775992306000
1775992308.618,108.618,0.67,0.68,0.32,0.33,0.01,0.01,71468.09,1775992307000
1775992308.972,108.972,0.67,0.68,0.32,0.33,0.01,0.01,71468.09,1775992307000
1775992309.337,109.337,0.66,0.67,0.33,0.34,0.01,0.01,71469.71,1775992308000
1775992309.676,109.676,0.66,0.68,0.32,0.34,0.02,0.02,71469.71,1775992308000
1775992310.06,110.06,0.67,0.69,0.32,0.33,0.02,0.01,71469.71,1775992308000
1775992310.579,110.579,0.66,0.69,0.31,0.34,0.03,0.03,71471.72,1775992309000
1775992310.962,110.962,0.69,0.7,0.3,0.32,0.01,0.02,71471.72,1775992309000
1775992311.297,111.297,0.69,0.7,0.3,0.31,0.01,0.01,71471.72,1775992309000
1775992311.699,111.699,0.69,0.7,0.29,0.31,0.01,0.02,71471.71,1775992310000
1775992312.077,112.077,0.69,0.7,0.3,0.31,0.01,0.01,71471.71,1775992310000
1775992312.548,112.548,0.69,0.7,0.3,0.31,0.01,0.01,71471.71,1775992311000
1775992312.962,112.962,0.68,0.69,0.29,0.31,0.01,0.02,71471.71,1775992311000
1775992313.609,113.609,0.68,0.69,0.31,0.32,0.01,0.01,71471.09,1775992312000
1775992313.945,113.945,0.62,0.66,0.34,0.37,0.04,0.03,71471.09,1775992312000
1775992314.28,114.28,0.6,0.61,0.39,0.4,0.01,0.01,71471.09,1775992312000
1775992314.653,114.653,0.6,0.61,0.39,0.4,0.01,0.01,71471.09,1775992313000
1775992315.102,115.102,0.59,0.6,0.4,0.41,0.01,0.01,71471.09,1775992313000
1775992315.487,115.487,0.59,0.6,0.4,0.41,0.01,0.01,71471.72,1775992314000
1775992315.873,115.873,0.59,0.6,0.4,0.41,0.01,0.01,71471.72,1775992314000
1775992316.413,116.413,0.59,0.62,0.38,0.41,0.03,0.03,71466.26,1775992315000
1775992316.916,116.916,0.58,0.59,0.4,0.41,0.01,0.01,71466.26,1775992315000
1775992317.253,117.253,0.58,0.59,0.41,0.42,0.01,0.01,71466.26,1775992315000
1775992317.591,117.591,0.58,0.59,0.41,0.42,0.01,0.01,71467.45,1775992316000
1775992318.743,118.743,0.58,0.59,0.41,0.42,0.01,0.01,71467.45,1775992316000
1775992319.297,119.297,0.58,0.59,0.41,0.42,0.01,0.01,71466.08,1775992317000
1775992319.779,119.779,0.58,0.59,0.41,0.42,0.01,0.01,71466.26,1775992318000
1775992320.113,120.113,0.58,0.6,0.4,0.42,0.02,0.02,71466.25,1775992319000
1775992320.697,120.697,0.59,0.6,0.4,0.41,0.01,0.01,71466.25,1775992319000
1775992321.243,121.243,0.59,0.6,0.4,0.41,0.01,0.01,71466.25,1775992320000
1775992321.644,121.644,0.59,0.6,0.4,0.41,0.01,0.01,71466.25,1775992320000
1775992322.065,122.065,0.58,0.6,0.4,0.41,0.02,0.01,71466.25,1775992320000
1775992322.581,122.581,0.58,0.59,0.41,0.42,0.01,0.01,71467.79,1775992321000
1775992323.139,123.139,0.58,0.59,0.41,0.42,0.01,0.01,71467.79,1775992322000
1775992323.477,123.477,0.57,0.58,0.42,0.43,0.01,0.01,71467.79,1775992322000
1775992324.095,124.095,0.57,0.58,0.42,0.43,0.01,0.01,71468.18,1775992323000
1775992324.662,124.662,0.57,0.58,0.42,0.43,0.01,0.01,71468.18,1775992323000
1775992325.202,125.202,0.57,0.58,0.42,0.43,0.01,0.01,71467.76,1775992324000
1775992325.637,125.637,0.57,0.58,0.42,0.43,0.01,0.01,71467.76,1775992324000
1775992326.143,126.143,0.57,0.58,0.42,0.43,0.01,0.01,71467.76,1775992324000
1775992326.759,126.759,0.57,0.58,0.42,0.43,0.01,0.01,71467.72,1775992325000
1775992327.414,127.414,0.57,0.58,0.42,0.43,0.01,0.01,71467.32,1775992326000
1775992327.898,127.898,0.57,0.58,0.42,0.43,0.01,0.01,71467.32,1775992326000
1775992328.363,128.363,0.57,0.58,0.42,0.43,0.01,0.01,71467.19,1775992327000
1775992328.807,128.807,0.57,0.58,0.42,0.43,0.01,0.01,71467.19,1775992327000
1775992329.279,129.279,0.58,0.59,0.41,0.42,0.01,0.01,71467.05,1775992328000
1775992329.711,129.711,0.58,0.59,0.41,0.42,0.01,0.01,71467.05,1775992328000
1775992330.092,130.092,0.58,0.59,0.41,0.42,0.01,0.01,71467.05,1775992328000
1775992330.582,130.582,0.58,0.59,0.41,0.42,0.01,0.01,71467.04,1775992329000
1775992330.943,130.943,0.58,0.6,0.41,0.42,0.02,0.01,71467.04,1775992329000
1775992331.285,131.285,0.59,0.6,0.4,0.42,0.01,0.02,71467.04,1775992330000
1775992331.707,131.707,0.59,0.6,0.4,0.41,0.01,0.01,71467.04,1775992330000
1775992332.047,132.047,0.59,0.6,0.4,0.41,0.01,0.01,71467.04,1775992330000
1775992332.391,132.391,0.59,0.6,0.4,0.41,0.01,0.01,71467.57,1775992331000
1775992333.184,133.184,0.59,0.61,0.4,0.41,0.02,0.01,71467.57,1775992331000
1775992333.645,133.645,0.59,0.6,0.4,0.41,0.01,0.01,71467.57,1775992331000
1775992334.084,134.084,0.6,0.61,0.39,0.4,0.01,0.01,71463.99,1775992332000
1775992334.517,134.517,0.6,0.61,0.38,0.4,0.01,0.02,71467.56,1775992333000
1775992334.995,134.995,0.57,0.6,0.42,0.43,0.03,0.01,71467.56,1775992333000
1775992335.332,135.332,0.58,0.59,0.41,0.42,0.01,0.01,71467.56,1775992334000
1775992335.677,135.677,0.56,0.58,0.42,0.43,0.02,0.01,71467.56,1775992334000
1775992336.01,136.01,0.55,0.56,0.44,0.45,0.01,0.01,71467.56,1775992334000
1775992336.47,136.47,0.53,0.54,0.45,0.47,0.01,0.02,71467.59,1775992335000
1775992336.824,136.824,0.53,0.54,0.46,0.47,0.01,0.01,71467.59,1775992335000
1775992337.158,137.158,0.57,0.69,0.31,0.43,0.12,0.12,71467.59,1775992335000
1775992337.496,137.496,0.71,0.72,0.28,0.29,0.01,0.01,71467.42,1775992336000
1775992337.833,137.833,0.72,0.73,0.27,0.28,0.01,0.01,71467.42,1775992336000
1775992338.171,138.171,0.7,0.71,0.29,0.31,0.01,0.02,71467.42,1775992337000
1775992338.58,138.58,0.68,0.69,0.31,0.32,0.01,0.01,71467.42,1775992337000
1775992338.984,138.984,0.68,0.69,0.31,0.32,0.01,0.01,71467.42,1775992337000
1775992339.324,139.324,0.68,0.69,0.31,0.32,0.01,0.01,71469.03,1775992338000
1775992339.718,139.718,0.68,0.69,0.31,0.32,0.01,0.01,71469.03,1775992338000
1775992340.148,140.148,0.68,0.69,0.31,0.32,0.01,0.01,71477.41,1775992339000
1775992340.513,140.513,0.67,0.68,0.31,0.33,0.01,0.02,71477.41,1775992339000
1775992340.899,140.899,0.6,0.68,0.32,0.33,0.08,0.01,71477.41,1775992339000
1775992341.235,141.235,0.62,0.63,0.37,0.38,0.01,0.01,71478.85,1775992340000
1775992341.579,141.579,0.61,0.63,0.37,0.38,0.02,0.01,71478.85,1775992340000
1775992341.922,141.922,0.61,0.62,0.38,0.39,0.01,0.01,71478.85,1775992340000
1775992342.256,142.256,0.61,0.62,0.38,0.39,0.01,0.01,71478.85,1775992340000
1775992342.594,142.594,0.6,0.61,0.39,0.4,0.01,0.01,71479.46,1775992341000
1775992342.946,142.946,0.59,0.61,0.39,0.4,0.02,0.01,71479.46,1775992341000
1775992343.345,143.345,0.6,0.61,0.39,0.4,0.01,0.01,71479.46,1775992341000
1775992343.804,143.804,0.59,0.6,0.37,0.41,0.01,0.04,71477.7,1775992342000
1775992344.2,144.2,0.59,0.63,0.4,0.41,0.04,0.01,71477.7,1775992342000
1775992344.666,144.666,0.63,0.64,0.36,0.37,0.01,0.01,71475.27,1775992343000
1775992345.035,145.035,0.63,0.64,0.36,0.37,0.01,0.01,71475.27,1775992343000
1775992345.369,145.369,0.63,0.64,0.36,0.37,0.01,0.01,71475.27,1775992343000
1775992345.702,145.702,0.63,0.64,0.36,0.37,0.01,0.01,71473.77,1775992344000
1775992346.358,146.358,0.62,0.63,0.37,0.38,0.01,0.01,71473.77,1775992344000
1775992346.698,146.698,0.62,0.63,0.37,0.38,0.01,0.01,71474.52,1775992345000
1775992347.129,147.129,0.62,0.63,0.37,0.38,0.01,0.01,71474.52,1775992345000
1775992347.589,147.589,0.63,0.64,0.36,0.38,0.01,0.02,71476.95,1775992346000
1775992347.929,147.929,0.63,0.64,0.36,0.37,0.01,0.01,71476.95,1775992346000
1775992348.398,148.398,0.63,0.64,0.36,0.37,0.01,0.01,71476.02,1775992347000
1775992348.911,148.911,0.63,0.64,0.36,0.37,0.01,0.01,71476.02,1775992347000
1775992349.276,149.276,0.63,0.64,0.36,0.37,0.01,0.01,71475.5,1775992348000
1775992349.633,149.633,0.66,0.67,0.33,0.37,0.01,0.04,71475.5,1775992348000
1775992349.986,149.986,0.66,0.67,0.33,0.34,0.01,0.01,71475.5,1775992348000
1775992350.497,150.497,0.67,0.68,0.33,0.34,0.01,0.01,71476.49,1775992349000
1775992350.93,150.93,0.7,0.71,0.29,0.33,0.01,0.04,71476.49,1775992349000
1775992351.272,151.272,0.7,0.71,0.29,0.3,0.01,0.01,71476.63,1775992350000
1775992351.623,151.623,0.71,0.72,0.29,0.3,0.01,0.01,71476.63,1775992350000
1775992352.056,152.056,0.71,0.72,0.28,0.29,0.01,0.01,71476.63,1775992350000
1775992352.486,152.486,0.71,0.72,0.28,0.29,0.01,0.01,71478.56,1775992351000
1775992352.852,152.852,0.71,0.72,0.28,0.29,0.01,0.01,71478.56,1775992351000
1775992353.25,153.25,0.72,0.76,0.24,0.28,0.04,0.04,71479.18,1775992352000
1775992353.709,153.709,0.75,0.77,0.24,0.25,0.02,0.01,71479.18,1775992352000
1775992354.047,154.047,0.76,0.77,0.23,0.24,0.01,0.01,71479.18,1775992352000
1775992354.451,154.451,0.76,0.77,0.23,0.24,0.01,0.01,71479.7,1775992353000
1775992354.852,154.852,0.76,0.77,0.23,0.24,0.01,0.01,71479.7,1775992353000
1775992355.229,155.229,0.77,0.78,0.22,0.23,0.01,0.01,71481.75,1775992354000
1775992355.848,155.848,0.77,0.78,0.22,0.23,0.01,0.01,71481.75,1775992354000
1775992356.255,156.255,0.77,0.78,0.22,0.23,0.01,0.01,71483.85,1775992355000
1775992356.699,156.699,0.77,0.78,0.22,0.23,0.01,0.01,71483.85,1775992355000
1775992357.183,157.183,0.77,0.78,0.22,0.23,0.01,0.01,71483.82,1775992356000
1775992357.556,157.556,0.78,0.79,0.21,0.23,0.01,0.02,71483.82,1775992356000
1775992357.929,157.929,0.78,0.79,0.21,0.22,0.01,0.01,71483.82,1775992357000
1775992358.263,158.263,0.78,0.79,0.21,0.22,0.01,0.01,71483.82,1775992357000
1775992358.631,158.631,0.77,0.78,0.21,0.23,0.01,0.02,71483.82,1775992357000
1775992358.991,158.991,0.78,0.79,0.22,0.23,0.01,0.01,71483.84,1775992358000
1775992359.385,159.385,0.82,0.83,0.16,0.18,0.01,0.02,71483.84,1775992358000
1775992359.739,159.739,0.83,0.84,0.16,0.17,0.01,0.01,71483.84,1775992358000
1775992360.085,160.085,0.83,0.84,0.16,0.17,0.01,0.01,71483.84,1775992358000
1775992360.428,160.428,0.82,0.83,0.17,0.18,0.01,0.01,71483.84,1775992358000
1775992360.765,160.765,0.82,0.83,0.17,0.18,0.01,0.01,71483.88,1775992359000
1775992361.269,161.269,0.83,0.84,0.16,0.18,0.01,0.02,71484.03,1775992360000
1775992361.936,161.936,0.83,0.84,0.16,0.17,0.01,0.01,71484.03,1775992360000
1775992362.307,162.307,0.83,0.84,0.16,0.17,0.01,0.01,71488.57,1775992361000
1775992362.811,162.811,0.83,0.84,0.16,0.17,0.01,0.01,71488.57,1775992361000
1775992363.145,163.145,0.83,0.84,0.16,0.17,0.01,0.01,71488.74,1775992362000
1775992363.851,163.851,0.83,0.84,0.16,0.17,0.01,0.01,71488.51,1775992363000
1775992364.259,164.259,0.83,0.84,0.16,0.18,0.01,0.02,71488.51,1775992363000
1775992364.846,164.846,0.83,0.84,0.16,0.17,0.01,0.01,71488.51,1775992363000
1775992365.275,165.275,0.83,0.84,0.16,0.17,0.01,0.01,71490.45,1775992364000
1775992365.822,165.822,0.83,0.84,0.16,0.17,0.01,0.01,71490.45,1775992364000
1775992366.166,166.166,0.83,0.84,0.16,0.17,0.01,0.01,71490.87,1775992365000
1775992366.586,166.586,0.85,0.86,0.14,0.15,0.01,0.01,71490.87,1775992365000
1775992367.005,167.005,0.85,0.86,0.14,0.15,0.01,0.01,71491.08,1775992366000
1775992367.404,167.404,0.85,0.86,0.14,0.15,0.01,0.01,71491.08,1775992366000
1775992367.932,167.932,0.85,0.86,0.14,0.15,0.01,0.01,71491.08,1775992366000
1775992368.272,168.272,0.84,0.86,0.14,0.15,0.02,0.01,71491.57,1775992367000
1775992368.611,168.611,0.85,0.86,0.13,0.15,0.01,0.02,71491.57,1775992367000
1775992369.086,169.086,0.85,0.86,0.14,0.15,0.01,0.01,71493.34,1775992368000
1775992369.485,169.485,0.85,0.87,0.14,0.15,0.02,0.01,71493.34,1775992368000
1775992369.826,169.826,0.86,0.89,0.11,0.14,0.03,0.03,71493.34,1775992368000
1775992370.265,170.265,0.87,0.88,0.11,0.14,0.01,0.03,71493.36,1775992369000
1775992370.663,170.663,0.87,0.88,0.12,0.13,0.01,0.01,71493.36,1775992369000
1775992371.005,171.005,0.86,0.87,0.13,0.14,0.01,0.01,71493.53,1775992370000
1775992371.71,171.71,0.87,0.88,0.12,0.15,0.01,0.03,71493.53,1775992370000
1775992372.083,172.083,0.87,0.88,0.12,0.13,0.01,0.01,71494.36,1775992371000
1775992372.464,172.464,0.87,0.88,0.12,0.13,0.01,0.01,71494.36,1775992371000
1775992372.817,172.817,0.89,0.9,0.1,0.11,0.01,0.01,71494.36,1775992371000
1775992373.151,173.151,0.89,0.9,0.1,0.11,0.01,0.01,71494.36,1775992372000
1775992373.523,173.523,0.89,0.9,0.1,0.12,0.01,0.02,71494.36,1775992372000
1775992373.864,173.864,0.9,0.91,0.09,0.1,0.01,0.01,71494.36,1775992372000
1775992374.226,174.226,0.9,0.91,0.09,0.1,0.01,0.01,71494.36,1775992372000
1775992374.642,174.642,0.9,0.91,0.09,0.1,0.01,0.01,71494.36,1775992372000
1775992374.987,174.987,0.91,0.92,0.08,0.09,0.01,0.01,71494.51,1775992373000
1775992375.331,175.331,0.9,0.92,0.08,0.1,0.02,0.02,71494.51,1775992373000
1775992375.676,175.676,0.9,0.92,0.08,0.1,0.02,0.02,71498.33,1775992374000
1775992376.08,176.08,0.91,0.92,0.08,0.1,0.01,0.02,71498.33,1775992374000
1775992376.423,176.423,0.92,0.93,0.07,0.08,0.01,0.01,71498.33,1775992374000
1775992376.774,176.774,0.9,0.93,0.07,0.1,0.03,0.03,71498.39,1775992375000
1775992377.154,177.154,0.9,0.91,0.09,0.1,0.01,0.01,71498.39,1775992375000
1775992377.546,177.546,0.9,0.91,0.1,0.11,0.01,0.01,71499.03,1775992376000
1775992378.183,178.183,0.89,0.9,0.1,0.11,0.01,0.01,71499.03,1775992376000
1775992378.662,178.662,0.89,0.9,0.1,0.11,0.01,0.01,71499.03,1775992377000
1775992378.996,178.996,0.89,0.9,0.1,0.11,0.01,0.01,71499.03,1775992377000
1775992379.398,179.398,0.88,0.91,0.09,0.11,0.03,0.02,71499.03,1775992377000
1775992379.902,179.902,0.9,0.91,0.09,0.1,0.01,0.01,71499.2,1775992378000
1775992380.241,180.241,0.89,0.9,0.1,0.11,0.01,0.01,71499.2,1775992378000
1775992380.593,180.593,0.89,0.9,0.1,0.11,0.01,0.01,71499.2,1775992378000
1775992381.067,181.067,0.89,0.9,0.1,0.11,0.01,0.01,71499.01,1775992380000
1775992381.607,181.607,0.89,0.9,0.1,0.11,0.01,0.01,71499.01,1775992380000
1775992382.172,182.172,0.89,0.9,0.1,0.11,0.01,0.01,71499.01,1775992380000
1775992382.553,182.553,0.89,0.9,0.1,0.11,0.01,0.01,71499.2,1775992381000
1775992383.08,183.08,0.91,0.92,0.08,0.09,0.01,0.01,71499.2,1775992381000
1775992383.859,183.859,0.91,0.92,0.08,0.09,0.01,0.01,71499.5,1775992382000
1775992384.279,184.279,0.91,0.92,0.08,0.09,0.01,0.01,71499.5,1775992382000
1775992384.659,184.659,0.91,0.92,0.07,0.09,0.01,0.02,71499.5,1775992383000
1775992385.042,185.042,0.91,0.92,0.08,0.09,0.01,0.01,71499.5,1775992383000
1775992385.382,185.382,0.91,0.92,0.08,0.09,0.01,0.01,71499.72,1775992384000
1775992385.788,185.788,0.89,0.92,0.08,0.09,0.03,0.01,71499.72,1775992384000
1775992386.146,186.146,0.9,0.91,0.09,0.1,0.01,0.01,71499.72,1775992385000
1775992386.525,186.525,0.89,0.92,0.1,0.11,0.03,0.01,71499.72,1775992385000
1775992387.309,187.309,0.9,0.91,0.09,0.1,0.01,0.01,71499.72,1775992385000
1775992387.644,187.644,0.89,0.91,0.09,0.1,0.02,0.01,71500.27,1775992386000
1775992388.114,188.114,0.9,0.91,0.09,0.11,0.01,0.02,71500.27,1775992387000
1775992388.473,188.473,0.9,0.91,0.08,0.1,0.01,0.02,71500.27,1775992387000
1775992388.844,188.844,0.9,0.92,0.08,0.1,0.02,0.02,71500.27,1775992387000
1775992389.262,189.262,0.9,0.91,0.08,0.1,0.01,0.02,71500.27,1775992387000
1775992389.602,189.602,0.91,0.92,0.08,0.1,0.01,0.02,71500.41,1775992388000
1775992389.935,189.935,0.9,0.92,0.09,0.1,0.02,0.01,71500.41,1775992388000
1775992390.316,190.316,0.9,0.92,0.08,0.09,0.02,0.01,71500.41,1775992389000
1775992390.657,190.657,0.91,0.92,0.08,0.09,0.01,0.01,71500.41,1775992389000
1775992391.019,191.019,0.91,0.92,0.08,0.1,0.01,0.02,71500.41,1775992389000
1775992391.387,191.387,0.91,0.92,0.08,0.09,0.01,0.01,71500.69,1775992390000
1775992391.929,191.929,0.91,0.92,0.07,0.1,0.01,0.03,71500.69,1775992390000
1775992392.671,192.671,0.91,0.93,0.08,0.09,0.02,0.01,71500.69,1775992391000
1775992393.015,193.015,0.92,0.93,0.07,0.1,0.01,0.03,71500.69,1775992391000
1775992393.38,193.38,0.9,0.91,0.09,0.1,0.01,0.01,71500.84,1775992392000
1775992393.767,193.767,0.91,0.92,0.08,0.1,0.01,0.02,71500.84,1775992392000
1775992394.327,194.327,0.91,0.93,0.07,0.09,0.02,0.02,71500.55,1775992393000
1775992394.953,194.953,0.91,0.92,0.08,0.09,0.01,0.01,71500.55,1775992394000
1775992395.297,195.297,0.92,0.93,0.07,0.08,0.01,0.01,71500.55,1775992394000
1775992395.772,195.772,0.92,0.93,0.07,0.08,0.01,0.01,71500.55,1775992394000
1775992396.123,196.123,0.92,0.93,0.07,0.08,0.01,0.01,71500.55,1775992394000
1775992396.489,196.489,0.92,0.93,0.07,0.08,0.01,0.01,71500.61,1775992395000
1775992396.852,196.852,0.92,0.93,0.07,0.08,0.01,0.01,71500.61,1775992395000
1775992397.323,197.323,0.92,0.93,0.07,0.08,0.01,0.01,71500.75,1775992396000
1775992397.878,197.878,0.92,0.93,0.07,0.08,0.01,0.01,71500.75,1775992396000
1775992398.235,198.235,0.92,0.93,0.07,0.08,0.01,0.01,71500.78,1775992397000
1775992398.905,198.905,0.92,0.93,0.07,0.08,0.01,0.01,71500.78,1775992397000
1775992399.401,199.401,0.92,0.93,0.07,0.08,0.01,0.01,71500.76,1775992398000
1775992399.953,199.953,0.92,0.93,0.07,0.08,0.01,0.01,71500.78,1775992399000
1775992400.737,200.737,0.92,0.93,0.07,0.08,0.01,0.01,71500.78,1775992399000
1775992401.236,201.236,0.92,0.93,0.07,0.08,0.01,0.01,71500.81,1775992400000
1775992402.007,202.007,0.92,0.93,0.07,0.08,0.01,0.01,71500.81,1775992401000
1775992402.369,202.369,0.92,0.93,0.07,0.08,0.01,0.01,71500.81,1775992401000
1775992403.034,203.034,0.92,0.93,0.07,0.08,0.01,0.01,71500.81,1775992401000
1775992403.477,203.477,0.92,0.93,0.07,0.08,0.01,0.01,71506.78,1775992402000
1775992404.004,204.004,0.92,0.93,0.07,0.08,0.01,0.01,71506.78,1775992402000
1775992404.376,204.376,0.92,0.95,0.07,0.08,0.03,0.01,71500.9,1775992403000
1775992404.802,204.802,0.94,0.95,0.05,0.06,0.01,0.01,71500.9,1775992403000
1775992405.152,205.152,0.94,0.95,0.05,0.06,0.01,0.01,71501.05,1775992404000
1775992405.562,205.562,0.94,0.95,0.05,0.06,0.01,0.01,71501.05,1775992404000
1775992405.929,205.929,0.94,0.95,0.05,0.06,0.01,0.01,71501.05,1775992404000
1775992406.274,206.274,0.94,0.95,0.05,0.06,0.01,0.01,71502.95,1775992405000
1775992406.682,206.682,0.94,0.95,0.05,0.06,0.01,0.01,71502.95,1775992405000
1775992407.129,207.129,0.95,0.96,0.04,0.05,0.01,0.01,71506.33,1775992406000
1775992407.712,207.712,0.95,0.96,0.04,0.05,0.01,0.01,71506.33,1775992406000
1775992408.121,208.121,0.95,0.96,0.04,0.05,0.01,0.01,71506.33,1775992406000
1775992408.519,208.519,0.95,0.96,0.04,0.05,0.01,0.01,71509.87,1775992407000
1775992408.96,208.96,0.95,0.96,0.04,0.05,0.01,0.01,71509.87,1775992407000
1775992409.453,209.453,0.96,0.97,0.03,0.04,0.01,0.01,71513.0,1775992408000
1775992409.788,209.788,0.96,0.97,0.03,0.04,0.01,0.01,71513.0,1775992408000
1775992410.194,210.194,0.96,0.97,0.03,0.04,0.01,0.01,71512.8,1775992409000
1775992410.563,210.563,0.96,0.97,0.03,0.04,0.01,0.01,71512.8,1775992409000
1775992410.918,210.918,0.96,0.97,0.03,0.04,0.01,0.01,71512.8,1775992409000
1775992411.278,211.278,0.96,0.97,0.03,0.04,0.01,0.01,71513.38,1775992410000
1775992411.68,211.68,0.96,0.97,0.03,0.04,0.01,0.01,71513.38,1775992410000
1775992412.366,212.366,0.96,0.97,0.03,0.04,0.01,0.01,71513.38,1775992410000
1775992412.703,212.703,0.96,0.97,0.03,0.04,0.01,0.01,71514.36,1775992411000
1775992413.103,213.103,0.96,0.97,0.03,0.04,0.01,0.01,71514.36,1775992411000
1775992414.095,214.095,0.96,0.97,0.03,0.04,0.01,0.01,71518.0,1775992412000
1775992414.484,214.484,0.96,0.97,0.03,0.04,0.01,0.01,71518.83,1775992413000
1775992414.817,214.817,0.96,0.97,0.03,0.04,0.01,0.01,71518.83,1775992413000
1775992415.155,215.155,0.97,0.98,0.02,0.03,0.01,0.01,71518.83,1775992413000
1775992415.509,215.509,0.97,0.98,0.02,0.03,0.01,0.01,71521.82,1775992414000
1775992415.931,215.931,0.96,0.97,0.02,0.04,0.01,0.02,71521.82,1775992414000
1775992416.288,216.288,0.97,0.98,0.02,0.03,0.01,0.01,71521.82,1775992414000
1775992416.768,216.768,0.97,0.98,0.02,0.03,0.01,0.01,71521.33,1775992415000
1775992417.275,217.275,0.97,0.98,0.02,0.03,0.01,0.01,71521.4,1775992416000
1775992417.724,217.724,0.97,0.98,0.02,0.03,0.01,0.01,71521.4,1775992416000
1775992418.095,218.095,0.97,0.98,0.02,0.03,0.01,0.01,71521.4,1775992416000
1775992418.441,218.441,0.97,0.98,0.02,0.03,0.01,0.01,71521.09,1775992417000
1775992418.895,218.895,0.97,0.98,0.02,0.03,0.01,0.01,71521.09,1775992417000
1775992419.269,219.269,0.97,0.98,0.02,0.03,0.01,0.01,71521.9,1775992418000
1775992419.634,219.634,0.97,0.98,0.02,0.03,0.01,0.01,71521.9,1775992418000
1775992420.008,220.008,0.97,0.98,0.02,0.03,0.01,0.01,71521.9,1775992418000
1775992420.369,220.369,0.97,0.98,0.02,0.03,0.01,0.01,71521.85,1775992419000
1775992420.789,220.789,0.97,0.98,0.02,0.03,0.01,0.01,71521.85,1775992419000
1775992421.247,221.247,0.98,0.99,0.01,0.03,0.01,0.02,71521.9,1775992420000
1775992421.585,221.585,0.98,0.99,0.01,0.02,0.01,0.01,71521.9,1775992420000
1775992421.988,221.988,0.98,0.99,0.01,0.02,0.01,0.01,71521.9,1775992420000
1775992422.322,222.322,0.98,0.99,0.01,0.02,0.01,0.01,71521.88,1775992421000
1775992422.977,222.977,0.98,0.99,0.01,0.02,0.01,0.01,71521.88,1775992421000
1775992423.333,223.333,0.98,0.99,0.01,0.02,0.01,0.01,71522.05,1775992422000
1775992423.909,223.909,0.97,0.99,0.01,0.02,0.02,0.01,71522.05,1775992422000
1775992424.419,224.419,0.97,0.99,0.01,0.03,0.02,0.02,71522.12,1775992423000
1775992424.777,224.777,0.97,0.98,0.02,0.03,0.01,0.01,71522.12,1775992423000
1775992425.129,225.129,0.98,0.99,0.02,0.03,0.01,0.01,71522.12,1775992423000
1775992425.612,225.612,0.98,0.99,0.01,0.02,0.01,0.01,71524.56,1775992424000
1775992425.976,225.976,0.98,0.99,0.01,0.02,0.01,0.01,71524.56,1775992424000
1775992426.318,226.318,0.98,0.99,0.01,0.02,0.01,0.01,71522.22,1775992425000
1775992426.654,226.654,0.98,0.99,0.01,0.02,0.01,0.01,71522.22,1775992425000
1775992427.207,227.207,0.98,0.99,0.01,0.02,0.01,0.01,71522.1,1775992426000
1775992427.599,227.599,0.98,0.99,0.01,0.02,0.01,0.01,71522.1,1775992426000
1775992427.998,227.998,0.98,0.99,0.01,0.02,0.01,0.01,71522.1,1775992426000
1775992428.359,228.359,0.98,0.99,0.01,0.02,0.01,0.01,71522.38,1775992427000
1775992428.786,228.786,0.97,0.99,0.01,0.02,0.02,0.01,71522.38,1775992427000
1775992429.204,229.204,0.98,0.99,0.01,0.02,0.01,0.01,71522.36,1775992428000
1775992430.198,230.198,0.97,0.99,0.01,0.03,0.02,0.02,71522.4,1775992429000
1775992430.685,230.685,0.97,0.98,0.01,0.03,0.01,0.02,71522.4,1775992429000
1775992431.325,231.325,0.97,0.98,0.02,0.03,0.01,0.01,71522.49,1775992430000
1775992431.739,231.739,0.98,0.99,0.02,0.03,0.01,0.01,71522.49,1775992430000
1775992432.099,232.099,0.98,0.99,0.01,0.02,0.01,0.01,71522.49,1775992430000
1775992432.55,232.55,0.98,0.99,0.01,0.02,0.01,0.01,71522.37,1775992431000
1775992432.994,232.994,0.98,0.99,0.01,0.02,0.01,0.01,71522.37,1775992431000
1775992433.353,233.353,0.98,0.99,0.01,0.02,0.01,0.01,71522.37,1775992431000
1775992433.718,233.718,0.98,0.99,0.01,0.02,0.01,0.01,71522.37,1775992432000
1775992434.124,234.124,0.98,0.99,0.01,0.02,0.01,0.01,71530.64,1775992433000
1775992434.49,234.49,0.98,0.99,0.01,0.02,0.01,0.01,71530.64,1775992433000
1775992434.964,234.964,0.98,0.99,0.01,0.02,0.01,0.01,71530.64,1775992433000
1775992435.368,235.368,0.99,0.99,0.01,0.01,0.0,0.0,71538.31,1775992434000
1775992436.012,236.012,0.99,0.99,0.01,0.01,0.0,0.0,71538.31,1775992434000
1775992436.508,236.508,0.99,0.99,0.01,0.01,0.0,0.0,71539.24,1775992435000
1775992436.856,236.856,0.99,0.99,0.01,0.01,0.0,0.0,71539.24,1775992435000
1775992437.431,237.431,0.99,0.99,0.01,0.01,0.0,0.0,71539.3,1775992436000
1775992437.876,237.876,0.99,0.99,0.01,0.01,0.0,0.0,71539.3,1775992436000
1775992438.52,238.52,0.99,0.99,0.01,0.01,0.0,0.0,71541.19,1775992437000
1775992439.085,239.085,0.99,0.99,0.01,0.01,0.0,0.0,71541.19,1775992437000
1775992439.534,239.534,0.99,0.99,0.01,0.01,0.0,0.0,71552.0,1775992438000
1775992440.204,240.204,0.99,0.99,0.01,0.01,0.0,0.0,71552.0,1775992438000
1775992441.011,241.011,0.99,0.99,0.01,0.01,0.0,0.0,71564.13,1775992439000
1775992441.651,241.651,0.99,0.99,0.01,0.01,0.0,0.0,71564.13,1775992439000
1775992442.325,242.325,0.99,0.99,0.01,0.01,0.0,0.0,71561.7,1775992441000
1775992443.74,243.74,0.99,0.99,0.01,0.01,0.0,0.0,71554.85,1775992442000
1775992444.288,244.288,0.99,0.99,0.01,0.01,0.0,0.0,71545.75,1775992443000
1775992445.228,245.228,0.99,0.99,0.01,0.01,0.0,0.0,71545.75,1775992443000
1775992445.565,245.565,0.99,0.99,0.01,0.01,0.0,0.0,71547.89,1775992444000
1775992446.18,246.18,0.99,0.99,0.01,0.01,0.0,0.0,71547.78,1775992445000
1775992447.388,247.388,0.99,0.99,0.01,0.01,0.0,0.0,71547.78,1775992445000
1775992448.065,248.065,0.99,0.99,0.01,0.01,0.0,0.0,71548.55,1775992446000
1775992448.65,248.65,0.99,0.99,0.01,0.01,0.0,0.0,71547.65,1775992447000
1775992449.103,249.103,0.99,0.99,0.01,0.01,0.0,0.0,71548.72,1775992448000
1775992449.46,249.46,0.99,0.99,0.01,0.01,0.0,0.0,71548.72,1775992448000
1775992450.203,250.203,0.99,0.99,0.01,0.01,0.0,0.0,71549.63,1775992449000
1775992450.896,250.896,0.99,0.99,0.01,0.01,0.0,0.0,71549.63,1775992449000
1775992452.457,252.457,0.99,0.99,0.01,0.01,0.0,0.0,71562.05,1775992451000
1775992453.226,253.226,0.99,0.99,0.01,0.01,0.0,0.0,71559.49,1775992452000
1775992453.815,253.815,0.99,0.99,0.01,0.01,0.0,0.0,71557.23,1775992453000
1775992454.797,254.797,0.99,0.99,0.01,0.01,0.0,0.0,71559.25,1775992454000
1775992456.232,256.232,0.99,0.99,0.01,0.01,0.0,0.0,71559.25,1775992454000
1775992457.214,257.214,0.99,0.99,0.01,0.01,0.0,0.0,71558.71,1775992456000
1775992458.265,258.265,0.99,0.99,0.01,0.01,0.0,0.0,71558.71,1775992456000
1775992459.198,259.198,0.99,0.99,0.01,0.01,0.0,0.0,71558.27,1775992458000
1775992460.261,260.261,0.99,0.99,0.01,0.01,0.0,0.0,71556.58,1775992459000
1775992461.116,261.116,0.99,0.99,0.01,0.01,0.0,0.0,71556.58,1775992459000
1775992461.765,261.765,0.99,0.99,0.01,0.01,0.0,0.0,71554.6,1775992460000
1775992462.263,262.263,0.99,0.99,0.01,0.01,0.0,0.0,71553.62,1775992461000
1775992463.322,263.322,0.99,0.99,0.01,0.01,0.0,0.0,71554.79,1775992462000
1775992464.237,264.237,0.99,0.99,0.01,0.01,0.0,0.0,71554,1775992463000
1775992465.024,265.024,0.99,0.99,0.01,0.01,0.0,0.0,71554,1775992463000
1775992465.606,265.606,0.99,0.99,0.01,0.01,0.0,0.0,71554.07,1775992464000
1775992466.153,266.153,0.99,0.99,0.01,0.01,0.0,0.0,71554.07,1775992464000
1775992466.884,266.884,0.99,0.99,0.01,0.01,0.0,0.0,71553.56,1775992465000
1775992468.255,268.255,0.99,0.99,0.01,0.01,0.0,0.0,71553.47,1775992466000
1775992469.053,269.053,0.99,0.99,0.01,0.01,0.0,0.0,71547.93,1775992467000
1775992469.766,269.766,0.99,0.99,0.01,0.01,0.0,0.0,71545.56,1775992468000
1775992470.378,270.378,0.99,0.99,0.01,0.01,0.0,0.0,71545.54,1775992469000
1775992471.029,271.029,0.99,0.99,0.01,0.01,0.0,0.0,71545.54,1775992469000
1775992472.253,272.253,0.99,0.99,0.01,0.01,0.0,0.0,71546.55,1775992471000
1775992472.849,272.849,0.99,0.99,0.01,0.01,0.0,0.0,71546.23,1775992472000
1775992473.881,273.881,0.99,0.99,0.01,0.01,0.0,0.0,71546.06,1775992473000
1775992475.336,275.336,0.99,0.99,0.01,0.01,0.0,0.0,71544.48,1775992474000
1775992476.252,276.252,0.99,0.99,0.01,0.01,0.0,0.0,71544.48,1775992475000
1775992477.076,277.076,0.99,0.99,0.01,0.01,0.0,0.0,71544.48,1775992475000
1775992478.062,278.062,0.99,0.99,0.01,0.01,0.0,0.0,71544.23,1775992477000
1775992479.254,279.254,0.99,0.99,0.01,0.01,0.0,0.0,71544.11,1775992478000
1775992480.329,280.329,0.99,0.99,0.01,0.01,0.0,0.0,71544.12,1775992479000
1775992481.07,281.07,0.99,0.99,0.01,0.01,0.0,0.0,71544.12,1775992480000
1775992481.591,281.591,0.99,0.99,0.01,0.01,0.0,0.0,71544.12,1775992480000
1775992482.079,282.079,0.99,0.99,0.01,0.01,0.0,0.0,71543.96,1775992481000
1775992483.127,283.127,0.99,0.99,0.01,0.01,0.0,0.0,71543.98,1775992482000
1775992484.272,284.272,0.99,0.99,0.01,0.01,0.0,0.0,71543.95,1775992483000
1775992485.274,285.274,0.99,0.99,0.01,0.01,0.0,0.0,71544.27,1775992484000
1775992486.084,286.084,0.99,0.99,0.01,0.01,0.0,0.0,71544.27,1775992484000
1775992487.037,287.037,0.99,0.99,0.01,0.01,0.0,0.0,71544.54,1775992486000
1775992488.079,288.079,0.99,0.99,0.01,0.01,0.0,0.0,71543.73,1775992487000
1775992489.165,289.165,0.99,0.99,0.01,0.01,0.0,0.0,71543.55,1775992488000
1775992490.913,290.913,0.99,0.99,0.01,0.01,0.0,0.0,71543.32,1775992489000
1775992491.733,291.733,0.99,0.99,0.01,0.01,0.0,0.0,71543.32,1775992490000
1775992492.434,292.434,0.99,0.99,0.01,0.01,0.0,0.0,71544.03,1775992491000
1775992493.084,293.084,0.99,0.99,0.01,0.01,0.0,0.0,71544.11,1775992492000
1775992494.474,294.474,0.99,0.99,0.01,0.01,0.0,0.0,71544.09,1775992493000
1775992495.181,295.181,0.99,0.99,0.01,0.01,0.0,0.0,71543.56,1775992494000
1775992496.532,296.532,0.99,0.99,0.01,0.01,0.0,0.0,71543.56,1775992495000
1775992497.091,297.091,0.99,0.99,0.01,0.01,0.0,0.0,71544.85,1775992496000
1775992497.519,297.519,0.99,0.99,0.01,0.01,0.0,0.0,71544.85,1775992496000
1775992498.394,298.394,0.99,0.99,0.01,0.01,0.0,0.0,71543.31,1775992497000
1775992499.393,299.393,0.99,0.99,0.01,0.01,0.0,0.0,71541.59,1775992498000
1775992500.062,300.062,0.99,0.99,0.01,0.01,0.0,0.0,71538.93,1775992499000

# RESULT,winner=Up,slug=btc-updown-5m-1775992200,ticks=621
