timestamp,elapsed_sec,up_bid,up_ask,down_bid,down_ask,up_spread,down_spread,btc_price,btc_oracle_ts
1777310400.512,0.512,0.5,0.51,0.49,0.5,0.01,0.01,76673.18,1777310399000
1777310400.968,0.968,0.5,0.51,0.48,0.5,0.01,0.02,76673.18,1777310399000
1777310401.471,1.471,0.5,0.51,0.49,0.5,0.01,0.01,76674.77,1777310400000
1777310402.192,2.192,0.5,0.51,0.49,0.5,0.01,0.01,76674.77,1777310400000
1777310402.609,2.609,0.5,0.51,0.49,0.5,0.01,0.01,76674.77,1777310400000
1777310402.96,2.96,0.5,0.51,0.49,0.5,0.01,0.01,76675.14,1777310401000
1777310403.345,3.345,0.5,0.51,0.49,0.5,0.01,0.01,76673.73,1777310402000
1777310403.903,3.903,0.5,0.51,0.49,0.5,0.01,0.01,76673.73,1777310402000
1777310404.565,4.565,0.51,0.52,0.48,0.5,0.01,0.02,76673.73,1777310402000
1777310405.081,5.081,0.51,0.52,0.48,0.49,0.01,0.01,76673.31,1777310403000
1777310405.447,5.447,0.55,0.58,0.44,0.45,0.03,0.01,76673.33,1777310404000
1777310405.815,5.815,0.56,0.57,0.43,0.44,0.01,0.01,76673.33,1777310404000
1777310406.236,6.236,0.56,0.57,0.43,0.44,0.01,0.01,76673.33,1777310404000
1777310406.576,6.576,0.56,0.57,0.43,0.44,0.01,0.01,76674.94,1777310405000
1777310406.912,6.912,0.56,0.57,0.43,0.44,0.01,0.01,76674.94,1777310405000
1777310407.293,7.293,0.52,0.54,0.46,0.48,0.02,0.02,76674.94,1777310405000
1777310408.068,8.068,0.51,0.52,0.48,0.49,0.01,0.01,76679.69,1777310406000
1777310408.575,8.575,0.51,0.52,0.48,0.49,0.01,0.01,76679.77,1777310407000
1777310408.928,8.928,0.5,0.51,0.49,0.5,0.01,0.01,76679.77,1777310407000
1777310409.378,9.378,0.5,0.51,0.49,0.5,0.01,0.01,76678.98,1777310408000
1777310409.856,9.856,0.48,0.49,0.5,0.52,0.01,0.02,76678.98,1777310408000
1777310410.29,10.29,0.48,0.49,0.51,0.52,0.01,0.01,76674.6,1777310409000
1777310410.97,10.97,0.48,0.49,0.51,0.52,0.01,0.01,76674.6,1777310409000
1777310411.907,11.907,0.48,0.49,0.51,0.52,0.01,0.01,76674.6,1777310410000
1777310412.419,12.419,0.47,0.48,0.52,0.54,0.01,0.02,76674.27,1777310411000
1777310412.838,12.838,0.47,0.48,0.52,0.53,0.01,0.01,76674.27,1777310411000
1777310413.376,13.376,0.47,0.48,0.52,0.53,0.01,0.01,76674.27,1777310412000
1777310413.9,13.9,0.47,0.48,0.52,0.53,0.01,0.01,76674.27,1777310412000
1777310414.349,14.349,0.47,0.48,0.52,0.53,0.01,0.01,76673.86,1777310413000
1777310415.064,15.064,0.47,0.48,0.52,0.53,0.01,0.01,76673.43,1777310414000
1777310415.835,15.835,0.47,0.48,0.52,0.53,0.01,0.01,76673.43,1777310414000
1777310417.272,17.272,0.47,0.48,0.52,0.53,0.01,0.01,76672.05,1777310416000
1777310417.623,17.623,0.47,0.48,0.52,0.53,0.01,0.01,76672.05,1777310416000
1777310418.383,18.383,0.47,0.48,0.52,0.53,0.01,0.01,76672.09,1777310417000
1777310418.885,18.885,0.46,0.48,0.52,0.53,0.02,0.01,76672.09,1777310417000
1777310419.221,19.221,0.41,0.43,0.57,0.59,0.02,0.02,76672.09,1777310417000
1777310419.768,19.768,0.4,0.44,0.56,0.6,0.04,0.04,76663.47,1777310418000
1777310420.102,20.102,0.4,0.41,0.58,0.6,0.01,0.02,76663.47,1777310418000
1777310420.479,20.479,0.39,0.4,0.59,0.61,0.01,0.02,76661.38,1777310419000
1777310420.828,20.828,0.39,0.4,0.6,0.61,0.01,0.01,76661.38,1777310419000
1777310421.204,21.204,0.38,0.4,0.6,0.62,0.02,0.02,76661.38,1777310419000
1777310421.538,21.538,0.38,0.39,0.61,0.62,0.01,0.01,76661.38,1777310420000
1777310421.938,21.938,0.38,0.39,0.61,0.62,0.01,0.01,76661.38,1777310420000
1777310422.412,22.412,0.37,0.38,0.61,0.63,0.01,0.02,76661.38,1777310420000
1777310422.982,22.982,0.37,0.38,0.62,0.63,0.01,0.01,76660.97,1777310421000
1777310423.338,23.338,0.37,0.38,0.62,0.63,0.01,0.01,76659.86,1777310422000
1777310423.708,23.708,0.37,0.38,0.62,0.63,0.01,0.01,76659.86,1777310422000
1777310424.299,24.299,0.37,0.38,0.62,0.63,0.01,0.01,76658.67,1777310423000
1777310425.029,25.029,0.36,0.38,0.62,0.63,0.02,0.01,76658.67,1777310423000
1777310425.725,25.725,0.36,0.37,0.62,0.64,0.01,0.02,76657.9,1777310424000
1777310426.338,26.338,0.36,0.37,0.63,0.64,0.01,0.01,76657.61,1777310425000
1777310427.006,27.006,0.36,0.37,0.63,0.64,0.01,0.01,76657.66,1777310426000
1777310427.413,27.413,0.36,0.37,0.63,0.64,0.01,0.01,76657.66,1777310426000
1777310427.796,27.796,0.36,0.37,0.63,0.64,0.01,0.01,76657.66,1777310426000
1777310428.173,28.173,0.36,0.37,0.63,0.64,0.01,0.01,76657.66,1777310427000
1777310428.772,28.772,0.36,0.37,0.63,0.64,0.01,0.01,76657.66,1777310427000
1777310429.13,29.13,0.36,0.37,0.63,0.64,0.01,0.01,76657.66,1777310427000
1777310429.567,29.567,0.37,0.39,0.62,0.64,0.02,0.02,76657.66,1777310427000
1777310429.92,29.92,0.38,0.39,0.61,0.62,0.01,0.01,76657.17,1777310428000
1777310430.395,30.395,0.38,0.39,0.61,0.62,0.01,0.01,76657.17,1777310428000
1777310430.764,30.764,0.38,0.39,0.61,0.62,0.01,0.01,76657.12,1777310429000
1777310431.103,31.103,0.38,0.39,0.61,0.62,0.01,0.01,76657.12,1777310429000
1777310431.722,31.722,0.38,0.39,0.61,0.62,0.01,0.01,76657.12,1777310430000
1777310432.134,32.134,0.38,0.39,0.61,0.62,0.01,0.01,76657.12,1777310430000
1777310432.566,32.566,0.38,0.39,0.61,0.62,0.01,0.01,76657.24,1777310431000
1777310433.436,33.436,0.38,0.39,0.61,0.62,0.01,0.01,76657.33,1777310432000
1777310434.008,34.008,0.38,0.39,0.61,0.62,0.01,0.01,76657.33,1777310432000
1777310434.35,34.35,0.38,0.39,0.61,0.62,0.01,0.01,76657.33,1777310433000
1777310434.724,34.724,0.38,0.39,0.61,0.62,0.01,0.01,76657.33,1777310433000
1777310435.378,35.378,0.38,0.39,0.61,0.62,0.01,0.01,76657.61,1777310434000
1777310435.864,35.864,0.38,0.39,0.61,0.62,0.01,0.01,76657.61,1777310434000
1777310436.25,36.25,0.38,0.39,0.61,0.62,0.01,0.01,76657.61,1777310434000
1777310436.614,36.614,0.35,0.36,0.64,0.65,0.01,0.01,76657.61,1777310434000
1777310437.012,37.012,0.35,0.36,0.64,0.65,0.01,0.01,76657.21,1777310435000
1777310437.369,37.369,0.33,0.34,0.66,0.67,0.01,0.01,76657.21,1777310435000
1777310437.718,37.718,0.32,0.34,0.66,0.67,0.02,0.01,76656.17,1777310436000
1777310438.084,38.084,0.32,0.33,0.67,0.68,0.01,0.01,76656.17,1777310436000
1777310438.543,38.543,0.3,0.31,0.68,0.7,0.01,0.02,76656.17,1777310436000
1777310438.884,38.884,0.3,0.31,0.69,0.7,0.01,0.01,76650.92,1777310437000
1777310439.249,39.249,0.3,0.31,0.69,0.7,0.01,0.01,76650.92,1777310437000
1777310440.0,40.0,0.3,0.31,0.69,0.7,0.01,0.01,76647.32,1777310438000
1777310440.396,40.396,0.3,0.31,0.69,0.7,0.01,0.01,76647.32,1777310438000
1777310440.772,40.772,0.3,0.31,0.69,0.7,0.01,0.01,76647.32,1777310438000
1777310441.525,41.525,0.3,0.31,0.69,0.7,0.01,0.01,76641.28,1777310440000
1777310441.86,41.86,0.3,0.32,0.68,0.7,0.02,0.02,76641.28,1777310440000
1777310442.296,42.296,0.3,0.31,0.69,0.7,0.01,0.01,76641.28,1777310441000
1777310442.666,42.666,0.3,0.31,0.69,0.7,0.01,0.01,76641.28,1777310441000
1777310443.179,43.179,0.3,0.31,0.69,0.7,0.01,0.01,76639.69,1777310442000
1777310443.52,43.52,0.26,0.27,0.73,0.75,0.01,0.02,76639.69,1777310442000
1777310443.889,43.889,0.26,0.27,0.73,0.74,0.01,0.01,76639.69,1777310442000
1777310444.247,44.247,0.26,0.27,0.73,0.74,0.01,0.01,76639.69,1777310442000
1777310444.677,44.677,0.26,0.27,0.73,0.74,0.01,0.01,76642.13,1777310443000
1777310445.014,45.014,0.26,0.27,0.73,0.74,0.01,0.01,76642.13,1777310443000
1777310445.35,45.35,0.26,0.27,0.73,0.74,0.01,0.01,76637.89,1777310444000
1777310445.703,45.703,0.26,0.27,0.73,0.74,0.01,0.01,76637.89,1777310444000
1777310446.179,46.179,0.26,0.27,0.73,0.74,0.01,0.01,76637.89,1777310444000
1777310446.539,46.539,0.26,0.27,0.73,0.74,0.01,0.01,76637.89,1777310444000
1777310446.948,46.948,0.26,0.27,0.73,0.74,0.01,0.01,76637.89,1777310444000
1777310447.299,47.299,0.26,0.27,0.73,0.74,0.01,0.01,76635.06,1777310445000
1777310447.687,47.687,0.26,0.27,0.73,0.74,0.01,0.01,76635.25,1777310446000
1777310448.192,48.192,0.26,0.27,0.73,0.74,0.01,0.01,76633.23,1777310447000
1777310448.684,48.684,0.26,0.27,0.73,0.74,0.01,0.01,76633.23,1777310447000
1777310449.51,49.51,0.26,0.27,0.73,0.74,0.01,0.01,76633.23,1777310447000
1777310450.006,50.006,0.26,0.27,0.73,0.74,0.01,0.01,76633.23,1777310447000
1777310450.499,50.499,0.26,0.27,0.73,0.74,0.01,0.01,76633.23,1777310448000
1777310450.869,50.869,0.26,0.27,0.73,0.74,0.01,0.01,76633.23,1777310449000
1777310451.215,51.215,0.25,0.26,0.74,0.75,0.01,0.01,76633.23,1777310450000
1777310451.582,51.582,0.25,0.26,0.74,0.75,0.01,0.01,76633.23,1777310450000
1777310451.996,51.996,0.25,0.26,0.74,0.75,0.01,0.01,76633.23,1777310450000
1777310452.41,52.41,0.25,0.26,0.74,0.75,0.01,0.01,76633.23,1777310450000
1777310452.832,52.832,0.25,0.26,0.74,0.75,0.01,0.01,76631.49,1777310451000
1777310453.282,53.282,0.25,0.26,0.74,0.75,0.01,0.01,76631.49,1777310452000
1777310453.644,53.644,0.25,0.26,0.74,0.75,0.01,0.01,76631.49,1777310452000
1777310453.993,53.993,0.26,0.27,0.73,0.75,0.01,0.02,76631.49,1777310452000
1777310454.427,54.427,0.26,0.27,0.73,0.74,0.01,0.01,76631.49,1777310453000
1777310455.046,55.046,0.27,0.28,0.72,0.73,0.01,0.01,76631.49,1777310453000
1777310455.448,55.448,0.27,0.28,0.72,0.73,0.01,0.01,76631.48,1777310454000
1777310455.996,55.996,0.27,0.28,0.72,0.73,0.01,0.01,76631.48,1777310454000
1777310456.329,56.329,0.27,0.28,0.72,0.73,0.01,0.01,76631.48,1777310455000
1777310456.825,56.825,0.27,0.28,0.72,0.73,0.01,0.01,76631.48,1777310455000
1777310457.482,57.482,0.27,0.29,0.71,0.73,0.02,0.02,76631.48,1777310456000
1777310457.926,57.926,0.28,0.29,0.71,0.72,0.01,0.01,76631.48,1777310457000
1777310458.455,58.455,0.28,0.29,0.71,0.72,0.01,0.01,76631.48,1777310457000
1777310458.877,58.877,0.28,0.29,0.71,0.72,0.01,0.01,76631.48,1777310457000
1777310459.589,59.589,0.28,0.29,0.7,0.72,0.01,0.02,76631.14,1777310458000
1777310459.922,59.922,0.27,0.28,0.72,0.73,0.01,0.01,76631.14,1777310458000
1777310460.305,60.305,0.27,0.28,0.72,0.73,0.01,0.01,76631.14,1777310459000
1777310460.655,60.655,0.27,0.28,0.72,0.73,0.01,0.01,76631.14,1777310459000
1777310461.115,61.115,0.27,0.28,0.72,0.73,0.01,0.01,76631.14,1777310459000
1777310461.468,61.468,0.27,0.29,0.72,0.73,0.02,0.01,76631.14,1777310460000
1777310461.802,61.802,0.33,0.34,0.66,0.67,0.01,0.01,76631.14,1777310460000
1777310462.332,62.332,0.33,0.34,0.66,0.67,0.01,0.01,76631.14,1777310460000
1777310462.727,62.727,0.35,0.36,0.64,0.65,0.01,0.01,76633.0,1777310461000
1777310463.137,63.137,0.35,0.36,0.64,0.65,0.01,0.01,76633.0,1777310461000
1777310463.478,63.478,0.35,0.36,0.64,0.65,0.01,0.01,76640.1,1777310462000
1777310464.154,64.154,0.35,0.36,0.64,0.65,0.01,0.01,76640.1,1777310462000
1777310464.572,64.572,0.35,0.36,0.64,0.65,0.01,0.01,76641.54,1777310463000
1777310465.064,65.064,0.35,0.36,0.64,0.65,0.01,0.01,76641.54,1777310464000
1777310465.572,65.572,0.35,0.36,0.64,0.65,0.01,0.01,76641.54,1777310464000
1777310466.043,66.043,0.35,0.36,0.64,0.65,0.01,0.01,76641.54,1777310464000
1777310466.877,66.877,0.35,0.36,0.64,0.65,0.01,0.01,76641.52,1777310465000
1777310467.234,67.234,0.35,0.36,0.64,0.65,0.01,0.01,76641.52,1777310465000
1777310467.721,67.721,0.35,0.36,0.64,0.65,0.01,0.01,76641.56,1777310466000
1777310468.075,68.075,0.35,0.36,0.64,0.65,0.01,0.01,76641.56,1777310466000
1777310468.411,68.411,0.36,0.37,0.62,0.65,0.01,0.03,76641.56,1777310467000
1777310468.801,68.801,0.36,0.39,0.63,0.64,0.03,0.01,76641.56,1777310467000
1777310469.148,69.148,0.36,0.38,0.62,0.64,0.02,0.02,76641.56,1777310467000
1777310469.579,69.579,0.37,0.38,0.62,0.63,0.01,0.01,76643.07,1777310468000
1777310469.934,69.934,0.37,0.38,0.62,0.63,0.01,0.01,76643.07,1777310468000
1777310470.997,70.997,0.37,0.38,0.62,0.63,0.01,0.01,76642.96,1777310469000
1777310471.34,71.34,0.41,0.43,0.57,0.59,0.02,0.02,76642.93,1777310470000
1777310471.684,71.684,0.41,0.42,0.58,0.59,0.01,0.01,76642.93,1777310470000
1777310472.072,72.072,0.42,0.43,0.57,0.59,0.01,0.02,76642.93,1777310470000
1777310472.46,72.46,0.42,0.43,0.57,0.58,0.01,0.01,76646.15,1777310471000
1777310472.883,72.883,0.43,0.44,0.56,0.58,0.01,0.02,76646.15,1777310471000
1777310473.307,73.307,0.43,0.44,0.56,0.57,0.01,0.01,76646.15,1777310471000
1777310473.803,73.803,0.43,0.44,0.56,0.57,0.01,0.01,76651.12,1777310472000
1777310474.203,74.203,0.43,0.44,0.56,0.57,0.01,0.01,76651.38,1777310473000
1777310474.878,74.878,0.43,0.44,0.56,0.57,0.01,0.01,76651.38,1777310473000
1777310475.304,75.304,0.43,0.44,0.56,0.57,0.01,0.01,76651.7,1777310474000
1777310475.795,75.795,0.43,0.44,0.56,0.57,0.01,0.01,76651.7,1777310474000
1777310476.208,76.208,0.43,0.44,0.56,0.57,0.01,0.01,76651.7,1777310474000
1777310476.549,76.549,0.42,0.44,0.56,0.58,0.02,0.02,76652.4,1777310475000
1777310476.975,76.975,0.36,0.37,0.63,0.64,0.01,0.01,76652.4,1777310475000
1777310477.418,77.418,0.36,0.37,0.63,0.64,0.01,0.01,76652.42,1777310476000
1777310477.755,77.755,0.33,0.34,0.66,0.67,0.01,0.01,76652.42,1777310476000
1777310478.109,78.109,0.33,0.37,0.66,0.67,0.04,0.01,76649.91,1777310477000
1777310478.472,78.472,0.35,0.36,0.63,0.65,0.01,0.02,76649.91,1777310477000
1777310479.01,79.01,0.35,0.36,0.64,0.65,0.01,0.01,76649.91,1777310477000
1777310479.359,79.359,0.35,0.36,0.64,0.65,0.01,0.01,76646.1,1777310478000
1777310479.942,79.942,0.36,0.37,0.57,0.65,0.01,0.08,76646.1,1777310478000
1777310480.359,80.359,0.39,0.4,0.6,0.62,0.01,0.02,76646.26,1777310479000
1777310480.698,80.698,0.39,0.4,0.6,0.61,0.01,0.01,76646.26,1777310479000
1777310481.181,81.181,0.39,0.4,0.6,0.61,0.01,0.01,76646.26,1777310479000
1777310481.586,81.586,0.39,0.4,0.6,0.61,0.01,0.01,76647.21,1777310480000
1777310482.209,82.209,0.39,0.4,0.6,0.61,0.01,0.01,76647.91,1777310481000
1777310483.023,83.023,0.39,0.4,0.6,0.61,0.01,0.01,76647.91,1777310481000
1777310483.827,83.827,0.39,0.42,0.6,0.61,0.03,0.01,76648.44,1777310482000
1777310484.224,84.224,0.42,0.45,0.55,0.58,0.03,0.03,76648.44,1777310482000
1777310484.563,84.563,0.43,0.44,0.56,0.57,0.01,0.01,76649.03,1777310483000
1777310485.014,85.014,0.44,0.45,0.55,0.56,0.01,0.01,76649.03,1777310483000
1777310485.42,85.42,0.44,0.45,0.55,0.56,0.01,0.01,76654.46,1777310484000
1777310485.889,85.889,0.43,0.45,0.55,0.56,0.02,0.01,76654.46,1777310484000
1777310486.261,86.261,0.43,0.44,0.56,0.57,0.01,0.01,76656.69,1777310485000
1777310486.872,86.872,0.42,0.44,0.56,0.57,0.02,0.01,76656.69,1777310485000
1777310487.324,87.324,0.41,0.42,0.58,0.59,0.01,0.01,76657.25,1777310486000
1777310487.694,87.694,0.41,0.42,0.58,0.59,0.01,0.01,76657.25,1777310486000
1777310488.379,88.379,0.39,0.41,0.59,0.6,0.02,0.01,76657.25,1777310486000
1777310488.734,88.734,0.38,0.4,0.6,0.62,0.02,0.02,76656.94,1777310487000
1777310489.34,89.34,0.37,0.39,0.61,0.63,0.02,0.02,76654.43,1777310488000
1777310489.847,89.847,0.37,0.38,0.62,0.63,0.01,0.01,76654.43,1777310488000
1777310490.333,90.333,0.37,0.38,0.62,0.63,0.01,0.01,76653.92,1777310489000
1777310490.764,90.764,0.37,0.38,0.62,0.63,0.01,0.01,76653.92,1777310489000
1777310491.398,91.398,0.37,0.38,0.62,0.63,0.01,0.01,76650.65,1777310490000
1777310491.732,91.732,0.32,0.36,0.63,0.68,0.04,0.05,76650.65,1777310490000
1777310492.255,92.255,0.34,0.35,0.65,0.66,0.01,0.01,76650.65,1777310490000
1777310492.707,92.707,0.34,0.35,0.65,0.66,0.01,0.01,76650.65,1777310490000
1777310493.074,93.074,0.32,0.33,0.66,0.68,0.01,0.02,76648.45,1777310491000
1777310493.411,93.411,0.32,0.33,0.67,0.68,0.01,0.01,76648.45,1777310491000
1777310493.897,93.897,0.31,0.33,0.67,0.69,0.02,0.02,76648.3,1777310492000
1777310494.286,94.286,0.31,0.32,0.68,0.69,0.01,0.01,76648.3,1777310492000
1777310494.626,94.626,0.3,0.32,0.68,0.69,0.02,0.01,76648.25,1777310493000
1777310495.003,95.003,0.3,0.31,0.69,0.7,0.01,0.01,76648.25,1777310493000
1777310495.457,95.457,0.3,0.31,0.69,0.7,0.01,0.01,76648.25,1777310493000
1777310495.842,95.842,0.3,0.31,0.69,0.7,0.01,0.01,76648.25,1777310493000
1777310496.215,96.215,0.3,0.31,0.69,0.7,0.01,0.01,76645.14,1777310494000
1777310496.584,96.584,0.3,0.31,0.69,0.7,0.01,0.01,76642.13,1777310495000
1777310497.098,97.098,0.3,0.31,0.69,0.7,0.01,0.01,76642.13,1777310495000
1777310497.575,97.575,0.3,0.31,0.69,0.7,0.01,0.01,76642.3,1777310496000
1777310497.961,97.961,0.3,0.31,0.69,0.7,0.01,0.01,76642.3,1777310496000
1777310498.412,98.412,0.3,0.31,0.69,0.7,0.01,0.01,76642.3,1777310496000
1777310498.8,98.8,0.29,0.3,0.7,0.71,0.01,0.01,76642.13,1777310497000
1777310499.368,99.368,0.29,0.3,0.7,0.71,0.01,0.01,76642.15,1777310498000
1777310499.746,99.746,0.29,0.3,0.7,0.71,0.01,0.01,76642.15,1777310498000
1777310500.25,100.25,0.29,0.3,0.7,0.71,0.01,0.01,76642.16,1777310499000
1777310500.978,100.978,0.29,0.3,0.7,0.71,0.01,0.01,76642.16,1777310499000
1777310501.657,101.657,0.29,0.3,0.7,0.71,0.01,0.01,76642.13,1777310500000
1777310502.055,102.055,0.29,0.3,0.7,0.71,0.01,0.01,76642.13,1777310500000
1777310502.66,102.66,0.29,0.3,0.7,0.71,0.01,0.01,76642.02,1777310501000
1777310503.552,103.552,0.29,0.3,0.7,0.71,0.01,0.01,76641.66,1777310502000
1777310503.959,103.959,0.28,0.29,0.71,0.72,0.01,0.01,76641.66,1777310502000
1777310504.359,104.359,0.28,0.29,0.71,0.72,0.01,0.01,76641.66,1777310503000
1777310504.788,104.788,0.29,0.3,0.7,0.72,0.01,0.02,76641.66,1777310503000
1777310505.144,105.144,0.29,0.3,0.7,0.71,0.01,0.01,76641.66,1777310503000
1777310505.509,105.509,0.29,0.3,0.7,0.71,0.01,0.01,76641.27,1777310504000
1777310505.991,105.991,0.29,0.3,0.7,0.71,0.01,0.01,76641.27,1777310504000
1777310506.816,106.816,0.29,0.3,0.7,0.71,0.01,0.01,76641.27,1777310505000
1777310507.215,107.215,0.29,0.3,0.7,0.71,0.01,0.01,76641.27,1777310505000
1777310507.559,107.559,0.29,0.3,0.7,0.71,0.01,0.01,76642.07,1777310506000
1777310508.171,108.171,0.29,0.3,0.7,0.71,0.01,0.01,76642.07,1777310507000
1777310508.848,108.848,0.28,0.29,0.71,0.72,0.01,0.01,76642.07,1777310507000
1777310509.727,109.727,0.28,0.29,0.71,0.72,0.01,0.01,76642.0,1777310508000
1777310510.119,110.119,0.28,0.29,0.71,0.72,0.01,0.01,76642.0,1777310508000
1777310510.455,110.455,0.28,0.29,0.71,0.72,0.01,0.01,76642.0,1777310508000
1777310510.852,110.852,0.28,0.29,0.71,0.72,0.01,0.01,76642.0,1777310508000
1777310511.198,111.198,0.28,0.29,0.71,0.72,0.01,0.01,76641.64,1777310510000
1777310511.689,111.689,0.27,0.28,0.71,0.73,0.01,0.02,76641.64,1777310510000
1777310512.237,112.237,0.27,0.28,0.72,0.73,0.01,0.01,76641.64,1777310510000
1777310512.732,112.732,0.27,0.28,0.72,0.73,0.01,0.01,76641.67,1777310511000
1777310513.803,113.803,0.27,0.28,0.72,0.73,0.01,0.01,76641.22,1777310512000
1777310514.166,114.166,0.28,0.29,0.71,0.72,0.01,0.01,76641.22,1777310512000
1777310514.521,114.521,0.28,0.29,0.71,0.72,0.01,0.01,76641.22,1777310512000
1777310515.197,115.197,0.28,0.29,0.71,0.72,0.01,0.01,76641.71,1777310514000
1777310515.708,115.708,0.28,0.29,0.71,0.72,0.01,0.01,76641.71,1777310514000
1777310516.227,116.227,0.28,0.29,0.71,0.72,0.01,0.01,76641.71,1777310514000
1777310516.636,116.636,0.28,0.29,0.71,0.72,0.01,0.01,76641.74,1777310515000
1777310516.977,116.977,0.28,0.29,0.71,0.72,0.01,0.01,76641.74,1777310515000
1777310517.422,117.422,0.28,0.29,0.71,0.72,0.01,0.01,76641.87,1777310516000
1777310518.075,118.075,0.29,0.3,0.71,0.72,0.01,0.01,76641.87,1777310516000
1777310518.458,118.458,0.36,0.37,0.63,0.65,0.01,0.02,76641.87,1777310516000
1777310518.808,118.808,0.37,0.38,0.62,0.64,0.01,0.02,76641.87,1777310517000
1777310519.401,119.401,0.37,0.38,0.62,0.63,0.01,0.01,76641.87,1777310518000
1777310519.793,119.793,0.37,0.39,0.61,0.63,0.02,0.02,76641.87,1777310518000
1777310520.217,120.217,0.39,0.4,0.6,0.61,0.01,0.01,76645.26,1777310519000
1777310520.55,120.55,0.39,0.4,0.6,0.61,0.01,0.01,76645.26,1777310519000
1777310520.895,120.895,0.39,0.4,0.6,0.61,0.01,0.01,76645.26,1777310519000
1777310521.238,121.238,0.39,0.4,0.6,0.61,0.01,0.01,76645.26,1777310519000
1777310521.609,121.609,0.35,0.38,0.62,0.63,0.03,0.01,76654.03,1777310520000
1777310521.957,121.957,0.33,0.34,0.63,0.67,0.01,0.04,76654.03,1777310520000
1777310522.738,122.738,0.33,0.34,0.66,0.67,0.01,0.01,76654.03,1777310521000
1777310523.182,123.182,0.33,0.34,0.66,0.67,0.01,0.01,76654.03,1777310521000
1777310523.616,123.616,0.33,0.34,0.66,0.67,0.01,0.01,76653.16,1777310522000
1777310523.949,123.949,0.33,0.34,0.66,0.67,0.01,0.01,76653.16,1777310522000
1777310524.296,124.296,0.32,0.33,0.67,0.68,0.01,0.01,76651.8,1777310523000
1777310524.638,124.638,0.31,0.33,0.67,0.68,0.02,0.01,76651.8,1777310523000
1777310525.0,125.0,0.31,0.32,0.68,0.69,0.01,0.01,76651.8,1777310523000
1777310525.359,125.359,0.31,0.32,0.68,0.69,0.01,0.01,76651.8,1777310523000
1777310525.775,125.775,0.31,0.32,0.68,0.7,0.01,0.02,76651.8,1777310523000
1777310526.157,126.157,0.3,0.31,0.69,0.7,0.01,0.01,76650.34,1777310524000
1777310526.495,126.495,0.29,0.31,0.69,0.71,0.02,0.02,76650.34,1777310524000
1777310526.911,126.911,0.29,0.3,0.7,0.71,0.01,0.01,76650.34,1777310525000
1777310527.245,127.245,0.3,0.31,0.69,0.7,0.01,0.01,76650.64,1777310526000
1777310527.905,127.905,0.3,0.31,0.69,0.7,0.01,0.01,76650.64,1777310526000
1777310528.593,128.593,0.3,0.31,0.69,0.7,0.01,0.01,76650.64,1777310526000
1777310529.082,129.082,0.31,0.32,0.68,0.7,0.01,0.02,76650.59,1777310527000
1777310529.516,129.516,0.31,0.32,0.68,0.69,0.01,0.01,76650.59,1777310528000
1777310529.954,129.954,0.31,0.32,0.68,0.69,0.01,0.01,76650.59,1777310528000
1777310530.415,130.415,0.31,0.32,0.68,0.69,0.01,0.01,76650.59,1777310528000
1777310530.766,130.766,0.31,0.32,0.68,0.69,0.01,0.01,76650.53,1777310529000
1777310531.251,131.251,0.31,0.33,0.68,0.69,0.02,0.01,76650.53,1777310529000
1777310531.619,131.619,0.39,0.42,0.58,0.61,0.03,0.03,76650.57,1777310530000
1777310532.182,132.182,0.39,0.42,0.58,0.61,0.03,0.03,76650.57,1777310530000
1777310532.537,132.537,0.39,0.42,0.58,0.61,0.03,0.03,76650.57,1777310531000
1777310532.904,132.904,0.41,0.42,0.58,0.59,0.01,0.01,76650.57,1777310531000
1777310533.238,133.238,0.41,0.42,0.58,0.59,0.01,0.01,76664.72,1777310532000
1777310533.616,133.616,0.44,0.48,0.52,0.59,0.04,0.07,76664.72,1777310532000
1777310533.982,133.982,0.46,0.47,0.53,0.54,0.01,0.01,76664.72,1777310532000
1777310534.322,134.322,0.5,0.51,0.49,0.54,0.01,0.05,76668.96,1777310533000
1777310534.658,134.658,0.5,0.51,0.49,0.5,0.01,0.01,76668.96,1777310533000
1777310535.075,135.075,0.5,0.51,0.49,0.5,0.01,0.01,76668.96,1777310533000
1777310535.412,135.412,0.5,0.51,0.49,0.5,0.01,0.01,76670.98,1777310534000
1777310535.746,135.746,0.5,0.51,0.49,0.5,0.01,0.01,76670.98,1777310534000
1777310536.211,136.211,0.51,0.52,0.48,0.49,0.01,0.01,76673.02,1777310535000
1777310536.556,136.556,0.51,0.52,0.48,0.49,0.01,0.01,76673.02,1777310535000
1777310536.985,136.985,0.51,0.52,0.48,0.49,0.01,0.01,76673.02,1777310535000
1777310537.443,137.443,0.5,0.51,0.49,0.5,0.01,0.01,76674.58,1777310536000
1777310537.888,137.888,0.5,0.51,0.49,0.5,0.01,0.01,76674.58,1777310536000
1777310538.375,138.375,0.5,0.51,0.49,0.5,0.01,0.01,76675.68,1777310537000
1777310539.005,139.005,0.5,0.51,0.49,0.5,0.01,0.01,76675.68,1777310537000
1777310539.344,139.344,0.51,0.52,0.48,0.49,0.01,0.01,76675.42,1777310538000
1777310539.823,139.823,0.51,0.52,0.48,0.49,0.01,0.01,76675.42,1777310538000
1777310540.189,140.189,0.51,0.52,0.48,0.49,0.01,0.01,76675.34,1777310539000
1777310541.251,141.251,0.51,0.52,0.48,0.49,0.01,0.01,76675.34,1777310539000
1777310541.644,141.644,0.51,0.52,0.48,0.49,0.01,0.01,76675.34,1777310539000
1777310542.152,142.152,0.51,0.52,0.48,0.49,0.01,0.01,76675.71,1777310540000
1777310542.519,142.519,0.51,0.54,0.46,0.49,0.03,0.03,76675.71,1777310540000
1777310542.985,142.985,0.52,0.53,0.47,0.48,0.01,0.01,76675.7,1777310541000
1777310543.32,143.32,0.52,0.53,0.47,0.48,0.01,0.01,76675.06,1777310542000
1777310543.677,143.677,0.5,0.54,0.47,0.48,0.04,0.01,76675.06,1777310542000
1777310544.074,144.074,0.5,0.54,0.46,0.5,0.04,0.04,76675.06,1777310543000
1777310545.12,145.12,0.51,0.52,0.48,0.49,0.01,0.01,76675.06,1777310543000
1777310545.504,145.504,0.51,0.52,0.48,0.49,0.01,0.01,76676.26,1777310544000
1777310545.958,145.958,0.51,0.52,0.48,0.49,0.01,0.01,76676.26,1777310544000
1777310546.33,146.33,0.51,0.52,0.48,0.49,0.01,0.01,76676.26,1777310545000
1777310546.777,146.777,0.51,0.52,0.48,0.49,0.01,0.01,76676.26,1777310545000
1777310547.186,147.186,0.52,0.53,0.47,0.48,0.01,0.01,76676.37,1777310546000
1777310547.557,147.557,0.52,0.53,0.47,0.48,0.01,0.01,76676.37,1777310546000
1777310548.348,148.348,0.52,0.53,0.47,0.48,0.01,0.01,76676.37,1777310546000
1777310548.937,148.937,0.52,0.53,0.47,0.48,0.01,0.01,76676.37,1777310547000
1777310549.397,149.397,0.52,0.53,0.47,0.48,0.01,0.01,76676.39,1777310548000
1777310549.732,149.732,0.52,0.53,0.47,0.48,0.01,0.01,76676.39,1777310548000
1777310550.066,150.066,0.58,0.59,0.41,0.44,0.01,0.03,76676.39,1777310548000
1777310550.403,150.403,0.58,0.59,0.41,0.42,0.01,0.01,76676.39,1777310549000
1777310550.775,150.775,0.58,0.59,0.41,0.42,0.01,0.01,76676.39,1777310549000
1777310551.111,151.111,0.58,0.59,0.41,0.42,0.01,0.01,76676.39,1777310549000
1777310551.458,151.458,0.58,0.59,0.41,0.42,0.01,0.01,76676.39,1777310549000
1777310551.842,151.842,0.54,0.55,0.43,0.46,0.01,0.03,76680.51,1777310550000
1777310552.2,152.2,0.5,0.51,0.49,0.5,0.01,0.01,76680.51,1777310550000
1777310552.602,152.602,0.5,0.51,0.49,0.5,0.01,0.01,76681.46,1777310551000
1777310553.164,153.164,0.5,0.51,0.49,0.51,0.01,0.02,76681.46,1777310551000
1777310553.521,153.521,0.54,0.61,0.39,0.46,0.07,0.07,76683.41,1777310552000
1777310553.854,153.854,0.53,0.54,0.46,0.47,0.01,0.01,76683.41,1777310552000
1777310554.253,154.253,0.53,0.54,0.46,0.47,0.01,0.01,76679.2,1777310553000
1777310554.612,154.612,0.5,0.51,0.49,0.5,0.01,0.01,76679.2,1777310553000
1777310554.947,154.947,0.5,0.51,0.49,0.5,0.01,0.01,76679.2,1777310553000
1777310555.386,155.386,0.5,0.51,0.49,0.5,0.01,0.01,76680.46,1777310554000
1777310555.76,155.76,0.5,0.51,0.49,0.5,0.01,0.01,76680.46,1777310554000
1777310556.114,156.114,0.49,0.51,0.49,0.51,0.02,0.02,76680.46,1777310554000
1777310556.497,156.497,0.48,0.51,0.49,0.52,0.03,0.03,76681.31,1777310555000
1777310556.895,156.895,0.45,0.46,0.54,0.55,0.01,0.01,76677.12,1777310556000
1777310557.262,157.262,0.44,0.47,0.53,0.55,0.03,0.02,76677.12,1777310556000
1777310557.598,157.598,0.44,0.5,0.52,0.56,0.06,0.04,76677.12,1777310556000
1777310558.005,158.005,0.44,0.45,0.53,0.56,0.01,0.03,76677.12,1777310556000
1777310558.362,158.362,0.44,0.45,0.55,0.56,0.01,0.01,76677.12,1777310556000
1777310558.761,158.761,0.44,0.45,0.55,0.56,0.01,0.01,76670.87,1777310557000
1777310559.182,159.182,0.44,0.45,0.55,0.56,0.01,0.01,76670.69,1777310558000
1777310559.521,159.521,0.44,0.45,0.55,0.56,0.01,0.01,76670.69,1777310558000
1777310559.902,159.902,0.43,0.44,0.56,0.57,0.01,0.01,76670.69,1777310558000
1777310560.329,160.329,0.43,0.44,0.56,0.57,0.01,0.01,76670.67,1777310559000
1777310560.779,160.779,0.53,0.54,0.46,0.47,0.01,0.01,76670.67,1777310559000
1777310561.115,161.115,0.53,0.56,0.44,0.47,0.03,0.03,76670.67,1777310559000
1777310561.526,161.526,0.55,0.56,0.44,0.45,0.01,0.01,76670.27,1777310560000
1777310561.873,161.873,0.55,0.56,0.44,0.45,0.01,0.01,76670.27,1777310560000
1777310562.252,162.252,0.55,0.56,0.44,0.45,0.01,0.01,76670.27,1777310560000
1777310562.894,162.894,0.55,0.56,0.44,0.45,0.01,0.01,76674.49,1777310561000
1777310563.333,163.333,0.54,0.55,0.45,0.46,0.01,0.01,76674.49,1777310561000
1777310563.738,163.738,0.5,0.52,0.47,0.5,0.02,0.03,76678.76,1777310562000
1777310564.361,164.361,0.5,0.51,0.48,0.51,0.01,0.03,76678.99,1777310563000
1777310564.772,164.772,0.5,0.51,0.49,0.5,0.01,0.01,76678.99,1777310563000
1777310565.838,165.838,0.5,0.51,0.49,0.5,0.01,0.01,76678.11,1777310564000
1777310566.263,166.263,0.5,0.51,0.49,0.5,0.01,0.01,76677.17,1777310565000
1777310566.643,166.643,0.5,0.51,0.49,0.5,0.01,0.01,76677.17,1777310565000
1777310567.083,167.083,0.49,0.5,0.5,0.51,0.01,0.01,76677.17,1777310565000
1777310567.427,167.427,0.49,0.5,0.5,0.51,0.01,0.01,76677.17,1777310565000
1777310567.781,167.781,0.49,0.5,0.5,0.51,0.01,0.01,76677.18,1777310566000
1777310568.278,168.278,0.5,0.51,0.5,0.51,0.01,0.01,76677.18,1777310566000
1777310568.855,168.855,0.51,0.52,0.48,0.49,0.01,0.01,76677.17,1777310567000
1777310569.245,169.245,0.55,0.56,0.44,0.45,0.01,0.01,76677.17,1777310567000
1777310569.582,169.582,0.56,0.57,0.43,0.44,0.01,0.01,76677.17,1777310568000
1777310570.045,170.045,0.58,0.6,0.41,0.44,0.02,0.03,76677.17,1777310568000
1777310570.385,170.385,0.63,0.64,0.36,0.37,0.01,0.01,76677.17,1777310568000
1777310570.725,170.725,0.63,0.64,0.36,0.39,0.01,0.03,76677.74,1777310569000
1777310571.091,171.091,0.63,0.64,0.36,0.37,0.01,0.01,76677.74,1777310569000
1777310571.428,171.428,0.63,0.64,0.36,0.37,0.01,0.01,76678.74,1777310570000
1777310571.946,171.946,0.63,0.64,0.36,0.37,0.01,0.01,76678.74,1777310570000
1777310572.28,172.28,0.62,0.63,0.37,0.38,0.01,0.01,76678.74,1777310570000
1777310572.738,172.738,0.61,0.62,0.37,0.39,0.01,0.02,76684.18,1777310571000
1777310573.153,173.153,0.61,0.62,0.38,0.39,0.01,0.01,76684.29,1777310572000
1777310573.49,173.49,0.61,0.62,0.38,0.39,0.01,0.01,76684.29,1777310572000
1777310573.933,173.933,0.61,0.62,0.38,0.39,0.01,0.01,76684.29,1777310572000
1777310574.286,174.286,0.59,0.62,0.38,0.41,0.03,0.03,76684.29,1777310572000
1777310574.649,174.649,0.59,0.6,0.4,0.41,0.01,0.01,76683.86,1777310573000
1777310575.424,175.424,0.59,0.6,0.4,0.41,0.01,0.01,76683.86,1777310573000
1777310575.977,175.977,0.59,0.6,0.4,0.41,0.01,0.01,76683.79,1777310574000
1777310576.461,176.461,0.59,0.6,0.4,0.41,0.01,0.01,76683.53,1777310575000
1777310576.823,176.823,0.58,0.59,0.41,0.42,0.01,0.01,76683.53,1777310575000
1777310577.202,177.202,0.58,0.59,0.41,0.42,0.01,0.01,76683.51,1777310576000
1777310577.662,177.662,0.58,0.64,0.36,0.42,0.06,0.06,76683.51,1777310576000
1777310578.352,178.352,0.59,0.6,0.4,0.41,0.01,0.01,76683.51,1777310576000
1777310578.691,178.691,0.59,0.6,0.4,0.41,0.01,0.01,76683.82,1777310577000
1777310579.084,179.084,0.59,0.6,0.4,0.41,0.01,0.01,76683.82,1777310578000
1777310579.438,179.438,0.53,0.56,0.41,0.45,0.03,0.04,76683.82,1777310578000
1777310579.877,179.877,0.54,0.56,0.44,0.46,0.02,0.02,76683.82,1777310578000
1777310580.731,180.731,0.53,0.54,0.44,0.47,0.01,0.03,76683.26,1777310579000
1777310581.126,181.126,0.52,0.54,0.46,0.47,0.02,0.01,76683.26,1777310579000
1777310581.465,181.465,0.53,0.54,0.46,0.47,0.01,0.01,76680.65,1777310580000
1777310581.974,181.974,0.53,0.54,0.46,0.47,0.01,0.01,76680.65,1777310580000
1777310582.652,182.652,0.53,0.54,0.46,0.47,0.01,0.01,76679.62,1777310581000
1777310583.207,183.207,0.53,0.54,0.46,0.47,0.01,0.01,76679.62,1777310581000
1777310583.632,183.632,0.52,0.54,0.46,0.47,0.02,0.01,76679.78,1777310582000
1777310583.987,183.987,0.53,0.54,0.46,0.48,0.01,0.02,76679.78,1777310582000
1777310584.391,184.391,0.53,0.57,0.43,0.47,0.04,0.04,76680.02,1777310583000
1777310584.76,184.76,0.53,0.57,0.46,0.47,0.04,0.01,76680.02,1777310583000
1777310585.197,185.197,0.56,0.59,0.41,0.45,0.03,0.04,76680.02,1777310583000
1777310585.603,185.603,0.56,0.59,0.41,0.44,0.03,0.03,76680.66,1777310584000
1777310585.963,185.963,0.55,0.56,0.44,0.48,0.01,0.04,76680.66,1777310584000
1777310586.348,186.348,0.51,0.54,0.45,0.47,0.03,0.02,76679.88,1777310585000
1777310586.7,186.7,0.48,0.51,0.49,0.5,0.03,0.01,76679.88,1777310585000
1777310587.035,187.035,0.49,0.5,0.5,0.51,0.01,0.01,76679.88,1777310585000
1777310587.391,187.391,0.44,0.48,0.51,0.54,0.04,0.03,76679.88,1777310585000
1777310587.783,187.783,0.44,0.45,0.55,0.56,0.01,0.01,76679.88,1777310585000
1777310588.172,188.172,0.44,0.45,0.55,0.56,0.01,0.01,76674.69,1777310587000
1777310588.585,188.585,0.44,0.45,0.55,0.56,0.01,0.01,76674.69,1777310587000
1777310589.356,189.356,0.44,0.45,0.55,0.56,0.01,0.01,76674.69,1777310587000
1777310589.695,189.695,0.44,0.45,0.55,0.56,0.01,0.01,76674.69,1777310587000
1777310590.323,190.323,0.43,0.45,0.55,0.57,0.02,0.02,76669.33,1777310589000
1777310590.871,190.871,0.44,0.45,0.55,0.56,0.01,0.01,76669.33,1777310589000
1777310591.225,191.225,0.43,0.45,0.55,0.56,0.02,0.01,76669.33,1777310589000
1777310591.597,191.597,0.44,0.45,0.55,0.57,0.01,0.02,76670.75,1777310590000
1777310591.951,191.951,0.44,0.48,0.52,0.56,0.04,0.04,76670.75,1777310590000
1777310592.299,192.299,0.44,0.5,0.47,0.53,0.06,0.06,76672.24,1777310591000
1777310592.654,192.654,0.49,0.62,0.38,0.45,0.13,0.07,76672.24,1777310591000
1777310592.988,192.988,0.49,0.56,0.44,0.51,0.07,0.07,76672.24,1777310591000
1777310593.466,193.466,0.54,0.55,0.45,0.46,0.01,0.01,76678.28,1777310592000
1777310593.838,193.838,0.54,0.55,0.45,0.46,0.01,0.01,76678.28,1777310592000
1777310594.519,194.519,0.54,0.55,0.45,0.46,0.01,0.01,76678.72,1777310593000
1777310595.081,195.081,0.55,0.56,0.45,0.46,0.01,0.01,76678.72,1777310593000
1777310595.422,195.422,0.66,0.68,0.32,0.39,0.02,0.07,76678.72,1777310594000
1777310595.756,195.756,0.73,0.85,0.15,0.27,0.12,0.12,76678.72,1777310594000
1777310596.369,196.369,0.83,0.91,0.09,0.2,0.08,0.11,76678.72,1777310594000
1777310596.805,196.805,0.8,0.9,0.1,0.2,0.1,0.1,76678.72,1777310594000
1777310597.273,197.273,0.83,0.93,0.1,0.17,0.1,0.07,76682.37,1777310595000
1777310597.818,197.818,0.83,0.93,0.1,0.17,0.1,0.07,76737.06,1777310596000
1777310598.152,198.152,0.84,0.93,0.07,0.16,0.09,0.09,76737.06,1777310596000
1777310598.572,198.572,0.84,0.91,0.09,0.16,0.07,0.07,76743.8,1777310597000
1777310598.919,198.919,0.84,0.91,0.09,0.16,0.07,0.07,76743.8,1777310597000
1777310599.351,199.351,0.84,0.91,0.09,0.16,0.07,0.07,76743.8,1777310597000
1777310599.717,199.717,0.86,0.91,0.09,0.14,0.05,0.05,76739.89,1777310598000
1777310600.085,200.085,0.86,0.93,0.07,0.14,0.07,0.07,76739.89,1777310598000
1777310600.434,200.434,0.8,0.94,0.06,0.07,0.14,0.01,76734.35,1777310599000
1777310600.798,200.798,0.8,0.85,0.15,0.2,0.05,0.05,76734.35,1777310599000
1777310601.188,201.188,0.86,0.95,0.05,0.18,0.09,0.13,76734.35,1777310599000
1777310601.527,201.527,0.91,0.95,0.05,0.09,0.04,0.04,76739.48,1777310600000
1777310601.869,201.869,0.87,0.95,0.05,0.13,0.08,0.08,76739.48,1777310600000
1777310602.233,202.233,0.91,0.95,0.05,0.09,0.04,0.04,76739.48,1777310600000
1777310602.693,202.693,0.93,0.96,0.04,0.06,0.03,0.02,76739.48,1777310600000
1777310603.027,203.027,0.85,0.93,0.07,0.09,0.08,0.02,76747.88,1777310601000
1777310603.367,203.367,0.92,0.93,0.07,0.08,0.01,0.01,76747.88,1777310601000
1777310603.704,203.704,0.93,0.94,0.05,0.08,0.01,0.03,76747.88,1777310601000
1777310604.037,204.037,0.92,0.94,0.06,0.08,0.02,0.02,76747.88,1777310601000
1777310604.417,204.417,0.92,0.93,0.07,0.08,0.01,0.01,76745.56,1777310602000
1777310604.797,204.797,0.92,0.94,0.07,0.08,0.02,0.01,76745.56,1777310602000
1777310605.133,205.133,0.91,0.93,0.07,0.09,0.02,0.02,76745.56,1777310602000
1777310605.642,205.642,0.92,0.93,0.07,0.08,0.01,0.01,76745.44,1777310604000
1777310606.178,206.178,0.88,0.93,0.07,0.08,0.05,0.01,76745.44,1777310604000
1777310606.951,206.951,0.88,0.93,0.07,0.12,0.05,0.05,76745.44,1777310604000
1777310607.308,207.308,0.88,0.93,0.07,0.12,0.05,0.05,76744.7,1777310605000
1777310607.707,207.707,0.89,0.93,0.07,0.12,0.04,0.05,76744.7,1777310606000
1777310608.04,208.04,0.92,0.93,0.07,0.08,0.01,0.01,76744.7,1777310606000
1777310608.409,208.409,0.92,0.93,0.07,0.08,0.01,0.01,76744.7,1777310606000
1777310608.789,208.789,0.93,0.97,0.04,0.07,0.04,0.03,76744.7,1777310606000
1777310609.248,209.248,0.88,0.9,0.03,0.15,0.02,0.12,76744.8,1777310607000
1777310609.678,209.678,0.85,0.86,0.13,0.15,0.01,0.02,76744.8,1777310607000
1777310610.09,210.09,0.82,0.83,0.17,0.18,0.01,0.01,76747.48,1777310608000
1777310610.431,210.431,0.7,0.78,0.22,0.3,0.08,0.08,76747.48,1777310608000
1777310610.784,210.784,0.73,0.81,0.24,0.27,0.08,0.03,76747.5,1777310609000
1777310611.132,211.132,0.75,0.78,0.22,0.25,0.03,0.03,76747.5,1777310609000
1777310611.476,211.476,0.74,0.82,0.19,0.26,0.08,0.07,76733.17,1777310610000
1777310611.824,211.824,0.79,0.81,0.19,0.21,0.02,0.02,76733.17,1777310610000
1777310612.178,212.178,0.75,0.82,0.18,0.25,0.07,0.07,76733.17,1777310610000
1777310612.536,212.536,0.81,0.86,0.14,0.17,0.05,0.03,76733.17,1777310610000
1777310612.906,212.906,0.78,0.82,0.18,0.19,0.04,0.01,76718.83,1777310611000
1777310613.254,213.254,0.81,0.82,0.18,0.19,0.01,0.01,76718.83,1777310611000
1777310613.603,213.603,0.78,0.8,0.2,0.22,0.02,0.02,76720.18,1777310612000
1777310613.959,213.959,0.7,0.79,0.21,0.24,0.09,0.03,76720.18,1777310612000
1777310614.551,214.551,0.74,0.78,0.23,0.26,0.04,0.03,76719.02,1777310613000
1777310614.916,214.916,0.74,0.75,0.25,0.26,0.01,0.01,76719.02,1777310613000
1777310615.257,215.257,0.74,0.75,0.25,0.26,0.01,0.01,76711.01,1777310614000
1777310615.812,215.812,0.75,0.79,0.21,0.26,0.04,0.05,76711.01,1777310614000
1777310616.325,216.325,0.75,0.77,0.19,0.25,0.02,0.06,76711.01,1777310614000
1777310616.682,216.682,0.75,0.81,0.19,0.25,0.06,0.06,76711.39,1777310615000
1777310617.032,217.032,0.76,0.92,0.08,0.24,0.16,0.16,76711.64,1777310616000
1777310617.439,217.439,0.75,0.77,0.08,0.25,0.02,0.17,76711.64,1777310616000
1777310617.907,217.907,0.75,0.76,0.22,0.25,0.01,0.03,76711.64,1777310616000
1777310618.243,218.243,0.76,0.9,0.2,0.24,0.14,0.04,76711.64,1777310616000
1777310618.584,218.584,0.79,0.8,0.2,0.22,0.01,0.02,76712.18,1777310617000
1777310618.943,218.943,0.8,0.81,0.15,0.21,0.01,0.06,76712.18,1777310617000
1777310619.337,219.337,0.81,0.82,0.18,0.19,0.01,0.01,76712.34,1777310618000
1777310619.706,219.706,0.81,0.82,0.17,0.19,0.01,0.02,76712.34,1777310618000
1777310620.182,220.182,0.79,0.8,0.15,0.21,0.01,0.06,76712.34,1777310618000
1777310620.551,220.551,0.79,0.8,0.2,0.21,0.01,0.01,76711.4,1777310619000
1777310620.889,220.889,0.76,0.78,0.2,0.22,0.02,0.02,76711.4,1777310619000
1777310621.233,221.233,0.77,0.78,0.22,0.23,0.01,0.01,76710.87,1777310620000
1777310621.602,221.602,0.77,0.78,0.22,0.23,0.01,0.01,76710.87,1777310620000
1777310621.969,221.969,0.77,0.78,0.22,0.23,0.01,0.01,76708.19,1777310621000
1777310622.32,222.32,0.77,0.78,0.22,0.23,0.01,0.01,76708.19,1777310621000
1777310622.691,222.691,0.79,0.8,0.2,0.22,0.01,0.02,76708.19,1777310621000
1777310623.141,223.141,0.79,0.8,0.2,0.21,0.01,0.01,76705.54,1777310622000
1777310624.057,224.057,0.79,0.8,0.2,0.21,0.01,0.01,76706.2,1777310623000
1777310624.944,224.944,0.79,0.81,0.2,0.21,0.02,0.01,76706.2,1777310623000
1777310625.34,225.34,0.85,0.86,0.14,0.15,0.01,0.01,76709.11,1777310624000
1777310625.714,225.714,0.86,0.88,0.11,0.14,0.02,0.03,76709.11,1777310624000
1777310626.059,226.059,0.87,0.88,0.12,0.13,0.01,0.01,76709.11,1777310624000
1777310626.417,226.417,0.87,0.88,0.12,0.13,0.01,0.01,76713.43,1777310625000
1777310626.79,226.79,0.87,0.88,0.12,0.13,0.01,0.01,76713.43,1777310625000
1777310627.13,227.13,0.87,0.88,0.12,0.13,0.01,0.01,76713.43,1777310625000
1777310627.476,227.476,0.87,0.88,0.12,0.13,0.01,0.01,76716.69,1777310626000
1777310627.87,227.87,0.87,0.88,0.12,0.15,0.01,0.03,76716.69,1777310626000
1777310628.302,228.302,0.85,0.86,0.12,0.15,0.01,0.03,76716.69,1777310626000
1777310628.819,228.819,0.85,0.86,0.14,0.15,0.01,0.01,76718.67,1777310627000
1777310629.225,229.225,0.85,0.86,0.14,0.15,0.01,0.01,76718.67,1777310627000
1777310629.567,229.567,0.88,0.89,0.11,0.13,0.01,0.02,76718.67,1777310627000
1777310629.907,229.907,0.89,0.9,0.11,0.13,0.01,0.02,76718.72,1777310628000
1777310630.269,230.269,0.91,0.92,0.08,0.09,0.01,0.01,76718.72,1777310629000
1777310630.678,230.678,0.91,0.92,0.08,0.09,0.01,0.01,76718.72,1777310629000
1777310631.102,231.102,0.91,0.92,0.08,0.09,0.01,0.01,76719.68,1777310630000
1777310631.706,231.706,0.91,0.92,0.08,0.09,0.01,0.01,76719.68,1777310630000
1777310632.07,232.07,0.91,0.92,0.08,0.09,0.01,0.01,76719.68,1777310630000
1777310632.79,232.79,0.91,0.92,0.08,0.09,0.01,0.01,76722.81,1777310631000
1777310633.166,233.166,0.91,0.92,0.08,0.09,0.01,0.01,76722.81,1777310631000
1777310633.513,233.513,0.91,0.92,0.08,0.09,0.01,0.01,76725.7,1777310632000
1777310633.861,233.861,0.91,0.92,0.08,0.09,0.01,0.01,76725.7,1777310632000
1777310634.216,234.216,0.93,0.94,0.06,0.07,0.01,0.01,76725.7,1777310632000
1777310634.621,234.621,0.91,0.92,0.05,0.09,0.01,0.04,76738.98,1777310633000
1777310634.977,234.977,0.93,0.94,0.04,0.08,0.01,0.04,76746.07,1777310634000
1777310635.324,235.324,0.95,0.96,0.04,0.05,0.01,0.01,76746.07,1777310634000
1777310635.734,235.734,0.95,0.96,0.04,0.05,0.01,0.01,76746.07,1777310634000
1777310636.136,236.136,0.95,0.96,0.04,0.05,0.01,0.01,76750.5,1777310635000
1777310636.648,236.648,0.95,0.96,0.04,0.05,0.01,0.01,76750.5,1777310635000
1777310637.013,237.013,0.95,0.96,0.04,0.05,0.01,0.01,76750.5,1777310635000
1777310637.4,237.4,0.95,0.96,0.04,0.05,0.01,0.01,76749.86,1777310636000
1777310637.797,237.797,0.95,0.96,0.04,0.05,0.01,0.01,76749.86,1777310636000
1777310638.152,238.152,0.95,0.96,0.04,0.05,0.01,0.01,76749.86,1777310636000
1777310638.588,238.588,0.95,0.97,0.04,0.05,0.02,0.01,76749.92,1777310637000
1777310638.939,238.939,0.96,0.97,0.03,0.04,0.01,0.01,76749.92,1777310637000
1777310639.496,239.496,0.96,0.97,0.03,0.04,0.01,0.01,76749.92,1777310638000
1777310639.855,239.855,0.96,0.97,0.03,0.04,0.01,0.01,76749.92,1777310638000
1777310640.295,240.295,0.96,0.97,0.03,0.04,0.01,0.01,76749.84,1777310639000
1777310641.176,241.176,0.96,0.97,0.03,0.04,0.01,0.01,76749.84,1777310639000
1777310641.51,241.51,0.96,0.97,0.03,0.04,0.01,0.01,76750.46,1777310640000
1777310642.016,242.016,0.96,0.98,0.02,0.04,0.02,0.02,76750.46,1777310640000
1777310642.362,242.362,0.97,0.98,0.02,0.03,0.01,0.01,76750.46,1777310640000
1777310642.808,242.808,0.97,0.98,0.02,0.03,0.01,0.01,76750.76,1777310641000
1777310643.168,243.168,0.97,0.98,0.02,0.03,0.01,0.01,76751.59,1777310642000
1777310643.677,243.677,0.97,0.98,0.02,0.03,0.01,0.01,76751.59,1777310642000
1777310644.122,244.122,0.97,0.98,0.02,0.03,0.01,0.01,76751.59,1777310642000
1777310644.47,244.47,0.97,0.98,0.02,0.03,0.01,0.01,76756.56,1777310643000
1777310644.848,244.848,0.97,0.98,0.02,0.03,0.01,0.01,76756.56,1777310643000
1777310645.204,245.204,0.97,0.98,0.02,0.03,0.01,0.01,76756.56,1777310643000
1777310645.582,245.582,0.97,0.98,0.02,0.03,0.01,0.01,76762.05,1777310644000
1777310645.967,245.967,0.97,0.98,0.02,0.03,0.01,0.01,76762.05,1777310644000
1777310646.311,246.311,0.97,0.98,0.02,0.03,0.01,0.01,76762.34,1777310645000
1777310646.671,246.671,0.98,0.99,0.01,0.02,0.01,0.01,76762.34,1777310645000
1777310647.071,247.071,0.98,0.99,0.01,0.02,0.01,0.01,76762.34,1777310645000
1777310647.462,247.462,0.98,0.99,0.01,0.02,0.01,0.01,76763.21,1777310646000
1777310647.874,247.874,0.98,0.99,0.01,0.02,0.01,0.01,76763.21,1777310646000
1777310648.445,248.445,0.98,0.99,0.01,0.02,0.01,0.01,76763.21,1777310646000
1777310648.785,248.785,0.98,0.99,0.01,0.02,0.01,0.01,76767.9,1777310647000
1777310649.175,249.175,0.98,0.99,0.01,0.02,0.01,0.01,76771.63,1777310648000
1777310649.739,249.739,0.98,0.99,0.01,0.02,0.01,0.01,76771.63,1777310648000
1777310650.156,250.156,0.98,0.99,0.01,0.02,0.01,0.01,76772.02,1777310649000
1777310650.535,250.535,0.98,0.99,0.01,0.02,0.01,0.01,76772.02,1777310649000
1777310650.96,250.96,0.98,0.99,0.01,0.02,0.01,0.01,76772.02,1777310649000
1777310651.331,251.331,0.98,0.99,0.01,0.02,0.01,0.01,76771.12,1777310650000
1777310651.699,251.699,0.99,0.99,0.01,0.01,0.0,0.0,76771.12,1777310650000
1777310652.039,252.039,0.99,0.99,0.01,0.01,0.0,0.0,76771.12,1777310650000
1777310652.49,252.49,0.99,0.99,0.01,0.01,0.0,0.0,76766.13,1777310651000
1777310653.105,253.105,0.99,0.99,0.01,0.01,0.0,0.0,76766.13,1777310651000
1777310653.554,253.554,0.99,0.99,0.01,0.01,0.0,0.0,76766.76,1777310652000
1777310654.225,254.225,0.99,0.99,0.01,0.01,0.0,0.0,76766.76,1777310652000
1777310655.077,255.077,0.99,0.99,0.01,0.01,0.0,0.0,76766.67,1777310653000
1777310655.443,255.443,0.99,0.99,0.01,0.01,0.0,0.0,76766.48,1777310654000
1777310656.191,256.191,0.99,0.99,0.01,0.01,0.0,0.0,76766.48,1777310654000
1777310656.568,256.568,0.99,0.99,0.01,0.01,0.0,0.0,76766.38,1777310655000
1777310656.913,256.913,0.99,0.99,0.01,0.01,0.0,0.0,76766.38,1777310655000
1777310657.348,257.348,0.99,0.99,0.01,0.01,0.0,0.0,76766.38,1777310655000
1777310657.842,257.842,0.99,0.99,0.01,0.01,0.0,0.0,76783.33,1777310656000
1777310658.257,258.257,0.99,0.99,0.01,0.01,0.0,0.0,76787.06,1777310657000
1777310658.996,258.996,0.99,0.99,0.01,0.01,0.0,0.0,76787.33,1777310658000
1777310659.543,259.543,0.99,0.99,0.01,0.01,0.0,0.0,76787.33,1777310658000
1777310659.925,259.925,0.99,0.99,0.01,0.01,0.0,0.0,76788.98,1777310659000
1777310660.54,260.54,0.99,0.99,0.01,0.01,0.0,0.0,76788.98,1777310659000
1777310660.953,260.953,0.99,0.99,0.01,0.01,0.0,0.0,76791.01,1777310660000
1777310662.088,262.088,0.99,0.99,0.01,0.01,0.0,0.0,76789.94,1777310661000
1777310662.614,262.614,0.99,0.99,0.01,0.01,0.0,0.0,76789.94,1777310661000
1777310663.181,263.181,0.99,0.99,0.01,0.01,0.0,0.0,76797.63,1777310662000
1777310664.901,264.901,0.99,0.99,0.01,0.01,0.0,0.0,76807.04,1777310663000
1777310665.75,265.75,0.99,0.99,0.01,0.01,0.0,0.0,76807.06,1777310664000
1777310666.236,266.236,0.99,0.99,0.01,0.01,0.0,0.0,76807.06,1777310664000
1777310666.573,266.573,0.99,0.99,0.01,0.01,0.0,0.0,76807.19,1777310665000
1777310667.321,267.321,0.99,0.99,0.01,0.01,0.0,0.0,76807.96,1777310666000
1777310668.519,268.519,0.99,0.99,0.01,0.01,0.0,0.0,76810.36,1777310667000
1777310669.344,269.344,0.99,0.99,0.01,0.01,0.0,0.0,76810.36,1777310667000
1777310670.066,270.066,0.99,0.99,0.01,0.01,0.0,0.0,76804.06,1777310669000
1777310670.735,270.735,0.99,0.99,0.01,0.01,0.0,0.0,76804.06,1777310669000
1777310671.21,271.21,0.99,0.99,0.01,0.01,0.0,0.0,76804.06,1777310669000
1777310672.217,272.217,0.99,0.99,0.01,0.01,0.0,0.0,76800.45,1777310671000
1777310673.243,273.243,0.99,0.99,0.01,0.01,0.0,0.0,76800.45,1777310671000
1777310673.657,273.657,0.99,0.99,0.01,0.01,0.0,0.0,76799.92,1777310672000
1777310674.3,274.3,0.99,0.99,0.01,0.01,0.0,0.0,76800.36,1777310673000
1777310675.202,275.202,0.99,0.99,0.01,0.01,0.0,0.0,76800.36,1777310673000
1777310675.875,275.875,0.99,0.99,0.01,0.01,0.0,0.0,76796.66,1777310674000
1777310676.486,276.486,0.99,0.99,0.01,0.01,0.0,0.0,76796.08,1777310675000
1777310677.241,277.241,0.99,0.99,0.01,0.01,0.0,0.0,76795.4,1777310676000
1777310678.546,278.546,0.99,0.99,0.01,0.01,0.0,0.0,76789.93,1777310677000
1777310679.316,279.316,0.99,0.99,0.01,0.01,0.0,0.0,76789.26,1777310678000
1777310680.222,280.222,0.99,0.99,0.01,0.01,0.0,0.0,76788.76,1777310679000
1777310681.076,281.076,0.99,0.99,0.01,0.01,0.0,0.0,76788.76,1777310679000
1777310681.45,281.45,0.99,0.99,0.01,0.01,0.0,0.0,76785.66,1777310680000
1777310682.252,282.252,0.99,0.99,0.01,0.01,0.0,0.0,76784.41,1777310681000
1777310683.218,283.218,0.99,0.99,0.01,0.01,0.0,0.0,76784.41,1777310681000
1777310683.568,283.568,0.98,0.99,0.01,0.02,0.01,0.01,76783.05,1777310682000
1777310683.981,283.981,0.99,0.99,0.01,0.01,0.0,0.0,76783.05,1777310682000
1777310684.474,284.474,0.98,0.99,0.01,0.01,0.01,0.0,76782.48,1777310683000
1777310684.872,284.872,0.99,0.99,0.01,0.01,0.0,0.0,76782.48,1777310683000
1777310685.239,285.239,0.94,0.95,0.01,0.12,0.01,0.11,76782.48,1777310683000
1777310685.604,285.604,0.99,0.99,0.01,0.01,0.0,0.0,76782.34,1777310684000
1777310685.954,285.954,0.97,0.99,0.03,0.04,0.02,0.01,76782.34,1777310684000
1777310686.298,286.298,0.97,0.98,0.02,0.03,0.01,0.01,76782.4,1777310685000
1777310687.044,287.044,0.99,0.99,0.01,0.01,0.0,0.0,76782.4,1777310685000
1777310687.487,287.487,0.98,0.99,0.01,0.02,0.01,0.01,76782.35,1777310686000
1777310687.822,287.822,0.98,0.99,0.01,0.02,0.01,0.01,76782.35,1777310686000
1777310688.158,288.158,0.98,0.99,0.01,0.03,0.01,0.02,76782.35,1777310686000
1777310688.498,288.498,0.97,0.99,0.01,0.02,0.02,0.01,76782.35,1777310686000
1777310688.897,288.897,0.98,0.99,0.01,0.02,0.01,0.01,76782.12,1777310687000
1777310689.264,289.264,0.98,0.99,0.02,0.03,0.01,0.01,76782.12,1777310687000
1777310689.795,289.795,0.99,0.99,0.01,0.01,0.0,0.0,76782.3,1777310688000
1777310690.343,290.343,0.99,0.99,0.01,0.01,0.0,0.0,76782.3,1777310689000
1777310690.697,290.697,0.99,0.99,0.01,0.01,0.0,0.0,76782.3,1777310689000
1777310691.193,291.193,0.99,0.99,0.01,0.01,0.0,0.0,76782.3,1777310689000
1777310691.643,291.643,0.99,0.99,0.01,0.01,0.0,0.0,76782.3,1777310689000
1777310692.009,292.009,0.99,0.99,0.01,0.01,0.0,0.0,76782.39,1777310690000
1777310692.358,292.358,0.99,0.99,0.01,0.01,0.0,0.0,76782.39,1777310690000
1777310692.698,292.698,0.99,0.99,0.01,0.01,0.0,0.0,76782.46,1777310691000
1777310693.034,293.034,0.99,0.99,0.01,0.01,0.0,0.0,76782.46,1777310691000
1777310693.375,293.375,0.99,0.99,0.01,0.01,0.0,0.0,76782.56,1777310692000
1777310693.774,293.774,0.99,0.99,0.01,0.01,0.0,0.0,76782.56,1777310692000
1777310694.116,294.116,0.99,0.99,0.01,0.01,0.0,0.0,76782.56,1777310692000
1777310694.455,294.455,0.99,0.99,0.01,0.01,0.0,0.0,76782.56,1777310692000
1777310694.799,294.799,0.99,0.99,0.01,0.01,0.0,0.0,76780.73,1777310693000
1777310695.162,295.162,0.99,0.99,0.01,0.01,0.0,0.0,76780.73,1777310693000
1777310695.516,295.516,0.99,0.99,0.01,0.01,0.0,0.0,76776.36,1777310694000
1777310695.878,295.878,0.99,0.99,0.01,0.01,0.0,0.0,76776.36,1777310694000
1777310696.222,296.222,0.99,0.99,0.01,0.01,0.0,0.0,76776.36,1777310694000
1777310696.558,296.558,0.99,0.99,0.01,0.01,0.0,0.0,76776.36,1777310694000
1777310696.915,296.915,0.99,0.99,0.01,0.01,0.0,0.0,76775.88,1777310695000
1777310697.266,297.266,0.99,0.99,0.01,0.01,0.0,0.0,76775.88,1777310695000
1777310697.651,297.651,0.99,0.99,0.01,0.01,0.0,0.0,76775.88,1777310695000
1777310698.074,298.074,0.99,0.99,0.01,0.01,0.0,0.0,76775.93,1777310696000
1777310698.422,298.422,0.99,0.99,0.01,0.01,0.0,0.0,76775.42,1777310697000
1777310698.826,298.826,0.99,0.99,0.01,0.01,0.0,0.0,76775.42,1777310697000
1777310699.181,299.181,0.99,0.99,0.01,0.01,0.0,0.0,76774.6,1777310698000
1777310699.56,299.56,0.99,0.99,0.01,0.01,0.0,0.0,76774.6,1777310698000
1777310699.913,299.913,0.99,0.99,0.01,0.01,0.0,0.0,76774.58,1777310699000
1777310700.259,300.259,0.99,0.99,0.01,0.01,0.0,0.0,76774.58,1777310699000
1777310700.678,300.678,0.99,0.99,0.01,0.01,0.0,0.0,76774.58,1777310699000
1777310701.97,301.97,0.99,0.99,0.01,0.01,0.0,0.0,76774.69,1777310701000
1777310702.861,302.861,0.99,0.99,0.01,0.01,0.0,0.0,76774.29,1777310702000

# RESULT,winner=Up,slug=btc-updown-5m-1777310400,ticks=658
