timestamp,elapsed_sec,up_bid,up_ask,down_bid,down_ask,up_spread,down_spread,btc_price,btc_oracle_ts
1776078900.617,0.617,0.48,0.49,0.51,0.52,0.01,0.01,70878.61,1776078899000
1776078901.321,1.321,0.48,0.49,0.51,0.52,0.01,0.01,70878.61,1776078899000
1776078901.77,1.77,0.48,0.49,0.51,0.52,0.01,0.01,70877.06,1776078900000
1776078902.123,2.123,0.48,0.49,0.51,0.52,0.01,0.01,70877.06,1776078900000
1776078902.562,2.562,0.46,0.47,0.53,0.54,0.01,0.01,70877.25,1776078901000
1776078902.986,2.986,0.46,0.47,0.53,0.54,0.01,0.01,70877.25,1776078901000
1776078903.336,3.336,0.46,0.47,0.53,0.54,0.01,0.01,70878.6,1776078902000
1776078903.814,3.814,0.46,0.47,0.53,0.54,0.01,0.01,70878.6,1776078902000
1776078904.331,4.331,0.46,0.47,0.53,0.54,0.01,0.01,70878.6,1776078902000
1776078904.718,4.718,0.46,0.47,0.53,0.54,0.01,0.01,70878.59,1776078903000
1776078905.186,5.186,0.46,0.47,0.53,0.54,0.01,0.01,70878.59,1776078903000
1776078905.525,5.525,0.46,0.47,0.53,0.54,0.01,0.01,70878.59,1776078904000
1776078906.003,6.003,0.46,0.47,0.53,0.54,0.01,0.01,70878.59,1776078904000
1776078906.383,6.383,0.46,0.47,0.53,0.54,0.01,0.01,70878.59,1776078904000
1776078906.717,6.717,0.48,0.5,0.5,0.52,0.02,0.02,70878.59,1776078905000
1776078907.092,7.092,0.53,0.54,0.46,0.47,0.01,0.01,70878.59,1776078905000
1776078907.476,7.476,0.53,0.54,0.46,0.47,0.01,0.01,70878.27,1776078906000
1776078907.828,7.828,0.53,0.54,0.46,0.47,0.01,0.01,70878.27,1776078906000
1776078908.349,8.349,0.53,0.54,0.46,0.47,0.01,0.01,70878.27,1776078906000
1776078908.865,8.865,0.53,0.54,0.46,0.47,0.01,0.01,70878.27,1776078906000
1776078909.239,9.239,0.53,0.54,0.46,0.47,0.01,0.01,70878.27,1776078906000
1776078909.608,9.608,0.53,0.54,0.46,0.47,0.01,0.01,70882.12,1776078908000
1776078909.98,9.98,0.53,0.54,0.46,0.47,0.01,0.01,70882.12,1776078908000
1776078910.387,10.387,0.54,0.55,0.45,0.47,0.01,0.02,70882.17,1776078909000
1776078910.898,10.898,0.54,0.55,0.45,0.46,0.01,0.01,70882.17,1776078909000
1776078911.265,11.265,0.54,0.55,0.45,0.46,0.01,0.01,70882.18,1776078910000
1776078911.881,11.881,0.54,0.55,0.45,0.46,0.01,0.01,70882.18,1776078910000
1776078912.245,12.245,0.54,0.55,0.45,0.46,0.01,0.01,70882.18,1776078910000
1776078912.662,12.662,0.54,0.55,0.45,0.46,0.01,0.01,70882.18,1776078910000
1776078913.042,13.042,0.54,0.56,0.45,0.46,0.02,0.01,70882.23,1776078911000
1776078913.425,13.425,0.55,0.56,0.44,0.46,0.01,0.02,70882.23,1776078911000
1776078913.91,13.91,0.55,0.56,0.44,0.45,0.01,0.01,70882.17,1776078912000
1776078914.251,14.251,0.55,0.56,0.44,0.45,0.01,0.01,70882.17,1776078913000
1776078914.695,14.695,0.56,0.57,0.43,0.44,0.01,0.01,70882.17,1776078913000
1776078915.118,15.118,0.56,0.57,0.43,0.44,0.01,0.01,70882.17,1776078913000
1776078915.471,15.471,0.56,0.57,0.43,0.44,0.01,0.01,70882.52,1776078914000
1776078915.92,15.92,0.57,0.58,0.42,0.43,0.01,0.01,70882.49,1776078915000
1776078916.598,16.598,0.57,0.58,0.42,0.43,0.01,0.01,70882.49,1776078915000
1776078916.957,16.957,0.58,0.59,0.41,0.42,0.01,0.01,70882.49,1776078915000
1776078917.298,17.298,0.58,0.59,0.41,0.42,0.01,0.01,70882.49,1776078916000
1776078917.684,17.684,0.58,0.59,0.41,0.42,0.01,0.01,70882.49,1776078916000
1776078918.046,18.046,0.58,0.59,0.41,0.42,0.01,0.01,70882.49,1776078916000
1776078918.485,18.485,0.58,0.59,0.41,0.42,0.01,0.01,70886.2,1776078917000
1776078918.826,18.826,0.58,0.59,0.41,0.42,0.01,0.01,70886.2,1776078917000
1776078919.285,19.285,0.58,0.59,0.41,0.42,0.01,0.01,70882.78,1776078918000
1776078919.643,19.643,0.58,0.59,0.41,0.42,0.01,0.01,70882.78,1776078918000
1776078920.047,20.047,0.58,0.59,0.41,0.42,0.01,0.01,70882.78,1776078918000
1776078920.397,20.397,0.58,0.59,0.41,0.42,0.01,0.01,70883.12,1776078919000
1776078920.826,20.826,0.58,0.59,0.41,0.42,0.01,0.01,70883.12,1776078919000
1776078921.294,21.294,0.58,0.59,0.41,0.42,0.01,0.01,70883.19,1776078920000
1776078921.749,21.749,0.56,0.58,0.42,0.43,0.02,0.01,70883.19,1776078920000
1776078922.253,22.253,0.56,0.57,0.43,0.44,0.01,0.01,70883.19,1776078920000
1776078922.909,22.909,0.55,0.56,0.43,0.44,0.01,0.01,70883.19,1776078921000
1776078923.248,23.248,0.55,0.56,0.44,0.45,0.01,0.01,70883.09,1776078922000
1776078923.583,23.583,0.55,0.56,0.44,0.45,0.01,0.01,70883.09,1776078922000
1776078924.019,24.019,0.58,0.59,0.41,0.42,0.01,0.01,70883.09,1776078922000
1776078924.589,24.589,0.58,0.59,0.41,0.42,0.01,0.01,70883.01,1776078923000
1776078924.974,24.974,0.58,0.59,0.41,0.42,0.01,0.01,70883.01,1776078923000
1776078925.493,25.493,0.58,0.59,0.41,0.42,0.01,0.01,70883.01,1776078923000
1776078925.858,25.858,0.58,0.59,0.41,0.42,0.01,0.01,70883.01,1776078923000
1776078926.33,26.33,0.58,0.59,0.41,0.42,0.01,0.01,70885.56,1776078925000
1776078926.676,26.676,0.58,0.59,0.41,0.42,0.01,0.01,70885.56,1776078925000
1776078927.124,27.124,0.58,0.59,0.41,0.42,0.01,0.01,70885.6,1776078926000
1776078927.496,27.496,0.58,0.6,0.41,0.42,0.02,0.01,70885.6,1776078926000
1776078927.971,27.971,0.59,0.6,0.4,0.41,0.01,0.01,70885.6,1776078926000
1776078928.307,28.307,0.58,0.59,0.41,0.42,0.01,0.01,70885.6,1776078927000
1776078928.74,28.74,0.59,0.6,0.4,0.41,0.01,0.01,70885.6,1776078927000
1776078929.137,29.137,0.59,0.6,0.4,0.41,0.01,0.01,70885.6,1776078927000
1776078929.548,29.548,0.59,0.6,0.4,0.41,0.01,0.01,70885.61,1776078928000
1776078929.939,29.939,0.59,0.6,0.4,0.41,0.01,0.01,70885.61,1776078928000
1776078930.451,30.451,0.59,0.6,0.4,0.41,0.01,0.01,70885.81,1776078929000
1776078930.813,30.813,0.59,0.6,0.4,0.41,0.01,0.01,70885.81,1776078929000
1776078931.371,31.371,0.59,0.6,0.4,0.41,0.01,0.01,70885.81,1776078929000
1776078931.758,31.758,0.59,0.6,0.4,0.41,0.01,0.01,70885.81,1776078930000
1776078932.106,32.106,0.59,0.6,0.4,0.41,0.01,0.01,70885.81,1776078931000
1776078932.445,32.445,0.6,0.61,0.39,0.4,0.01,0.01,70885.81,1776078931000
1776078932.781,32.781,0.6,0.63,0.37,0.4,0.03,0.03,70885.81,1776078931000
1776078933.135,33.135,0.62,0.64,0.37,0.38,0.02,0.01,70885.81,1776078931000
1776078933.57,33.57,0.63,0.65,0.36,0.37,0.02,0.01,70889.52,1776078932000
1776078933.907,33.907,0.63,0.64,0.36,0.37,0.01,0.01,70889.52,1776078932000
1776078934.242,34.242,0.63,0.64,0.36,0.37,0.01,0.01,70885.87,1776078933000
1776078934.775,34.775,0.64,0.65,0.36,0.37,0.01,0.01,70885.87,1776078933000
1776078935.241,35.241,0.64,0.65,0.35,0.36,0.01,0.01,70889.74,1776078934000
1776078935.692,35.692,0.64,0.65,0.35,0.36,0.01,0.01,70889.74,1776078934000
1776078936.047,36.047,0.64,0.65,0.35,0.36,0.01,0.01,70889.74,1776078934000
1776078936.567,36.567,0.64,0.65,0.35,0.36,0.01,0.01,70892.49,1776078935000
1776078936.927,36.927,0.64,0.65,0.35,0.36,0.01,0.01,70892.49,1776078935000
1776078937.291,37.291,0.64,0.65,0.35,0.36,0.01,0.01,70892.57,1776078936000
1776078937.835,37.835,0.64,0.65,0.35,0.36,0.01,0.01,70892.57,1776078936000
1776078938.265,38.265,0.64,0.65,0.35,0.36,0.01,0.01,70892.57,1776078936000
1776078938.709,38.709,0.64,0.65,0.35,0.36,0.01,0.01,70893.42,1776078937000
1776078939.105,39.105,0.64,0.65,0.35,0.36,0.01,0.01,70893.42,1776078937000
1776078939.81,39.81,0.64,0.65,0.35,0.36,0.01,0.01,70893.42,1776078938000
1776078940.246,40.246,0.62,0.64,0.35,0.37,0.02,0.02,70893.42,1776078938000
1776078940.699,40.699,0.61,0.62,0.38,0.39,0.01,0.01,70893.42,1776078938000
1776078941.042,41.042,0.55,0.57,0.43,0.45,0.02,0.02,70893.6,1776078939000
1776078941.393,41.393,0.55,0.56,0.44,0.45,0.01,0.01,70893.6,1776078939000
1776078941.894,41.894,0.55,0.56,0.44,0.45,0.01,0.01,70893.69,1776078940000
1776078942.23,42.23,0.55,0.56,0.44,0.45,0.01,0.01,70890.73,1776078941000
1776078942.588,42.588,0.55,0.56,0.44,0.45,0.01,0.01,70890.73,1776078941000
1776078942.96,42.96,0.55,0.56,0.44,0.45,0.01,0.01,70890.73,1776078941000
1776078943.319,43.319,0.55,0.56,0.44,0.45,0.01,0.01,70886.7,1776078942000
1776078943.711,43.711,0.56,0.57,0.43,0.45,0.01,0.02,70886.7,1776078942000
1776078944.094,44.094,0.56,0.57,0.43,0.44,0.01,0.01,70886.7,1776078942000
1776078944.444,44.444,0.56,0.57,0.43,0.44,0.01,0.01,70886.65,1776078943000
1776078944.988,44.988,0.56,0.57,0.43,0.44,0.01,0.01,70886.65,1776078943000
1776078945.464,45.464,0.56,0.57,0.43,0.44,0.01,0.01,70887.48,1776078944000
1776078946.227,46.227,0.55,0.56,0.44,0.45,0.01,0.01,70887.48,1776078944000
1776078946.727,46.727,0.55,0.56,0.44,0.45,0.01,0.01,70887.52,1776078945000
1776078947.195,47.195,0.55,0.56,0.44,0.45,0.01,0.01,70887.52,1776078945000
1776078947.568,47.568,0.55,0.57,0.44,0.45,0.02,0.01,70887.6,1776078946000
1776078947.926,47.926,0.56,0.57,0.43,0.44,0.01,0.01,70888.37,1776078947000
1776078948.288,48.288,0.56,0.57,0.43,0.44,0.01,0.01,70888.37,1776078947000
1776078948.641,48.641,0.56,0.57,0.43,0.44,0.01,0.01,70888.37,1776078947000
1776078949.02,49.02,0.55,0.57,0.43,0.44,0.02,0.01,70888.37,1776078947000
1776078949.427,49.427,0.56,0.57,0.42,0.45,0.01,0.03,70888.38,1776078948000
1776078949.845,49.845,0.57,0.58,0.43,0.44,0.01,0.01,70888.38,1776078948000
1776078950.28,50.28,0.57,0.58,0.42,0.43,0.01,0.01,70888.38,1776078949000
1776078950.772,50.772,0.57,0.58,0.43,0.44,0.01,0.01,70888.38,1776078949000
1776078951.187,51.187,0.57,0.58,0.42,0.43,0.01,0.01,70888.38,1776078950000
1776078951.607,51.607,0.57,0.58,0.42,0.43,0.01,0.01,70888.38,1776078950000
1776078952.004,52.004,0.57,0.58,0.42,0.43,0.01,0.01,70888.38,1776078950000
1776078952.586,52.586,0.56,0.57,0.42,0.44,0.01,0.02,70888.41,1776078951000
1776078952.954,52.954,0.56,0.57,0.43,0.44,0.01,0.01,70888.41,1776078951000
1776078953.335,53.335,0.53,0.54,0.46,0.47,0.01,0.01,70888.68,1776078952000
1776078953.802,53.802,0.52,0.53,0.47,0.48,0.01,0.01,70888.68,1776078952000
1776078954.241,54.241,0.52,0.53,0.47,0.48,0.01,0.01,70888.68,1776078952000
1776078954.732,54.732,0.52,0.53,0.47,0.48,0.01,0.01,70888.68,1776078952000
1776078955.336,55.336,0.52,0.53,0.47,0.48,0.01,0.01,70884.35,1776078954000
1776078955.826,55.826,0.52,0.53,0.47,0.48,0.01,0.01,70884.35,1776078954000
1776078956.184,56.184,0.52,0.53,0.47,0.48,0.01,0.01,70884.35,1776078955000
1776078956.599,56.599,0.52,0.53,0.47,0.48,0.01,0.01,70884.35,1776078955000
1776078956.95,56.95,0.52,0.53,0.47,0.48,0.01,0.01,70885.4,1776078956000
1776078957.286,57.286,0.52,0.53,0.47,0.48,0.01,0.01,70885.4,1776078956000
1776078957.622,57.622,0.51,0.52,0.48,0.49,0.01,0.01,70885.4,1776078956000
1776078958.039,58.039,0.51,0.52,0.48,0.49,0.01,0.01,70885.4,1776078956000
1776078958.577,58.577,0.51,0.52,0.48,0.49,0.01,0.01,70885.65,1776078957000
1776078958.912,58.912,0.51,0.52,0.48,0.49,0.01,0.01,70885.65,1776078957000
1776078959.296,59.296,0.51,0.52,0.48,0.49,0.01,0.01,70886.19,1776078958000
1776078960.254,60.254,0.51,0.52,0.48,0.49,0.01,0.01,70886.19,1776078958000
1776078960.596,60.596,0.51,0.52,0.48,0.49,0.01,0.01,70883.93,1776078959000
1776078960.997,60.997,0.51,0.52,0.48,0.49,0.01,0.01,70883.93,1776078959000
1776078961.341,61.341,0.48,0.5,0.49,0.52,0.02,0.03,70883.93,1776078959000
1776078961.683,61.683,0.45,0.47,0.52,0.54,0.02,0.02,70884.61,1776078960000
1776078962.064,62.064,0.37,0.43,0.57,0.62,0.06,0.05,70884.12,1776078961000
1776078962.427,62.427,0.4,0.41,0.59,0.62,0.01,0.03,70884.12,1776078961000
1776078962.76,62.76,0.37,0.38,0.62,0.63,0.01,0.01,70884.12,1776078961000
1776078963.118,63.118,0.37,0.38,0.62,0.63,0.01,0.01,70880.73,1776078962000
1776078963.454,63.454,0.37,0.38,0.62,0.63,0.01,0.01,70880.73,1776078962000
1776078963.932,63.932,0.37,0.38,0.62,0.63,0.01,0.01,70874.17,1776078963000
1776078964.296,64.296,0.37,0.38,0.62,0.63,0.01,0.01,70874.17,1776078963000
1776078964.662,64.662,0.37,0.38,0.62,0.63,0.01,0.01,70874.17,1776078963000
1776078965.027,65.027,0.37,0.38,0.62,0.63,0.01,0.01,70873.57,1776078964000
1776078965.535,65.535,0.37,0.38,0.62,0.63,0.01,0.01,70873.57,1776078964000
1776078965.899,65.899,0.36,0.37,0.63,0.64,0.01,0.01,70873.57,1776078964000
1776078966.236,66.236,0.36,0.37,0.63,0.64,0.01,0.01,70874.53,1776078965000
1776078966.686,66.686,0.36,0.37,0.63,0.64,0.01,0.01,70874.53,1776078965000
1776078967.039,67.039,0.36,0.37,0.63,0.64,0.01,0.01,70873.94,1776078966000
1776078967.482,67.482,0.37,0.38,0.62,0.63,0.01,0.01,70873.94,1776078966000
1776078967.9,67.9,0.37,0.38,0.62,0.63,0.01,0.01,70873.94,1776078966000
1776078968.341,68.341,0.37,0.38,0.62,0.63,0.01,0.01,70873.3,1776078967000
1776078968.783,68.783,0.37,0.38,0.62,0.63,0.01,0.01,70873.3,1776078967000
1776078969.123,69.123,0.37,0.38,0.62,0.63,0.01,0.01,70873.3,1776078967000
1776078969.548,69.548,0.38,0.39,0.61,0.62,0.01,0.01,70873.3,1776078967000
1776078969.885,69.885,0.38,0.39,0.61,0.62,0.01,0.01,70873.3,1776078967000
1776078970.337,70.337,0.36,0.37,0.62,0.63,0.01,0.01,70873.3,1776078967000
1776078970.749,70.749,0.34,0.35,0.65,0.66,0.01,0.01,70873.3,1776078967000
1776078971.121,71.121,0.34,0.35,0.65,0.66,0.01,0.01,70873.3,1776078967000
1776078971.505,71.505,0.34,0.35,0.65,0.66,0.01,0.01,70873.3,1776078967000
1776078971.931,71.931,0.34,0.35,0.65,0.66,0.01,0.01,70873.3,1776078967000
1776078972.271,72.271,0.34,0.35,0.65,0.66,0.01,0.01,70873.3,1776078967000
1776078972.639,72.639,0.34,0.35,0.65,0.66,0.01,0.01,70873.3,1776078967000
1776078973.031,73.031,0.34,0.35,0.65,0.66,0.01,0.01,70873.3,1776078967000
1776078973.374,73.374,0.32,0.33,0.67,0.68,0.01,0.01,70873.3,1776078967000
1776078974.109,74.109,0.32,0.33,0.67,0.68,0.01,0.01,70873.3,1776078967000
1776078974.768,74.768,0.32,0.34,0.67,0.68,0.02,0.01,70873.3,1776078967000
1776078975.116,75.116,0.33,0.34,0.66,0.67,0.01,0.01,70873.3,1776078967000
1776078975.516,75.516,0.33,0.34,0.66,0.67,0.01,0.01,70873.3,1776078967000
1776078975.983,75.983,0.34,0.35,0.65,0.67,0.01,0.02,70873.3,1776078967000
1776078976.687,76.687,0.34,0.35,0.65,0.66,0.01,0.01,70867.83,1776078975000
1776078977.078,77.078,0.35,0.36,0.64,0.65,0.01,0.01,70870.27,1776078976000
1776078977.458,77.458,0.35,0.36,0.64,0.65,0.01,0.01,70870.27,1776078976000
1776078978.064,78.064,0.35,0.36,0.64,0.65,0.01,0.01,70870.77,1776078977000
1776078978.427,78.427,0.35,0.36,0.64,0.65,0.01,0.01,70870.77,1776078977000
1776078978.879,78.879,0.36,0.37,0.63,0.64,0.01,0.01,70870.77,1776078977000
1776078979.314,79.314,0.36,0.37,0.63,0.64,0.01,0.01,70870.21,1776078978000
1776078979.717,79.717,0.36,0.37,0.63,0.64,0.01,0.01,70870.21,1776078978000
1776078980.103,80.103,0.36,0.37,0.63,0.64,0.01,0.01,70870.21,1776078978000
1776078980.529,80.529,0.36,0.37,0.63,0.64,0.01,0.01,70870.12,1776078979000
1776078981.014,81.014,0.36,0.37,0.63,0.64,0.01,0.01,70869.96,1776078980000
1776078981.382,81.382,0.36,0.37,0.63,0.64,0.01,0.01,70869.96,1776078980000
1776078982.064,82.064,0.36,0.37,0.63,0.64,0.01,0.01,70869.96,1776078980000
1776078982.83,82.83,0.36,0.37,0.63,0.64,0.01,0.01,70870.75,1776078981000
1776078983.281,83.281,0.36,0.37,0.63,0.64,0.01,0.01,70871.03,1776078982000
1776078983.629,83.629,0.36,0.39,0.63,0.64,0.03,0.01,70871.03,1776078982000
1776078983.981,83.981,0.36,0.37,0.63,0.64,0.01,0.01,70871.03,1776078982000
1776078984.328,84.328,0.36,0.37,0.63,0.64,0.01,0.01,70871.27,1776078983000
1776078984.675,84.675,0.36,0.37,0.63,0.64,0.01,0.01,70871.27,1776078983000
1776078985.12,85.12,0.35,0.36,0.64,0.65,0.01,0.01,70871.0,1776078984000
1776078985.644,85.644,0.35,0.36,0.64,0.65,0.01,0.01,70871.0,1776078984000
1776078986.213,86.213,0.35,0.36,0.64,0.65,0.01,0.01,70871.16,1776078985000
1776078986.675,86.675,0.36,0.37,0.64,0.65,0.01,0.01,70871.16,1776078985000
1776078987.139,87.139,0.36,0.37,0.63,0.64,0.01,0.01,70871.16,1776078986000
1776078987.608,87.608,0.36,0.37,0.63,0.64,0.01,0.01,70871.16,1776078986000
1776078988.087,88.087,0.36,0.37,0.63,0.64,0.01,0.01,70871.16,1776078986000
1776078988.427,88.427,0.36,0.37,0.63,0.64,0.01,0.01,70871.16,1776078987000
1776078988.874,88.874,0.36,0.37,0.63,0.64,0.01,0.01,70871.16,1776078987000
1776078989.388,89.388,0.36,0.37,0.63,0.64,0.01,0.01,70871.18,1776078988000
1776078989.832,89.832,0.36,0.37,0.63,0.64,0.01,0.01,70871.18,1776078988000
1776078990.166,90.166,0.36,0.37,0.63,0.64,0.01,0.01,70871.18,1776078989000
1776078990.653,90.653,0.36,0.37,0.63,0.64,0.01,0.01,70871.18,1776078989000
1776078990.997,90.997,0.37,0.38,0.62,0.64,0.01,0.02,70871.18,1776078989000
1776078991.335,91.335,0.37,0.38,0.62,0.63,0.01,0.01,70871.09,1776078990000
1776078991.754,91.754,0.37,0.38,0.62,0.63,0.01,0.01,70871.09,1776078990000
1776078992.198,92.198,0.37,0.38,0.62,0.63,0.01,0.01,70871.09,1776078990000
1776078992.547,92.547,0.37,0.4,0.62,0.63,0.03,0.01,70871.09,1776078990000
1776078993.106,93.106,0.36,0.38,0.6,0.63,0.02,0.03,70871.09,1776078990000
1776078993.449,93.449,0.35,0.36,0.64,0.65,0.01,0.01,70871.17,1776078992000
1776078993.847,93.847,0.3,0.32,0.68,0.69,0.02,0.01,70871.17,1776078992000
1776078994.183,94.183,0.3,0.31,0.69,0.7,0.01,0.01,70871.17,1776078992000
1776078994.622,94.622,0.27,0.28,0.72,0.73,0.01,0.01,70871.17,1776078992000
1776078995.128,95.128,0.27,0.28,0.72,0.73,0.01,0.01,70869.03,1776078993000
1776078995.495,95.495,0.27,0.28,0.72,0.73,0.01,0.01,70862.74,1776078994000
1776078995.882,95.882,0.26,0.27,0.73,0.74,0.01,0.01,70862.74,1776078994000
1776078996.405,96.405,0.26,0.27,0.73,0.74,0.01,0.01,70856.51,1776078995000
1776078996.846,96.846,0.26,0.27,0.73,0.74,0.01,0.01,70856.51,1776078995000
1776078997.215,97.215,0.25,0.26,0.73,0.74,0.01,0.01,70856.5,1776078996000
1776078997.638,97.638,0.25,0.26,0.74,0.75,0.01,0.01,70856.5,1776078996000
1776078997.978,97.978,0.25,0.26,0.74,0.75,0.01,0.01,70856.51,1776078997000
1776078998.317,98.317,0.25,0.26,0.74,0.75,0.01,0.01,70856.51,1776078997000
1776078998.788,98.788,0.25,0.26,0.74,0.75,0.01,0.01,70856.51,1776078997000
1776078999.183,99.183,0.25,0.26,0.74,0.75,0.01,0.01,70856.51,1776078998000
1776078999.611,99.611,0.25,0.26,0.74,0.75,0.01,0.01,70856.51,1776078998000
1776078999.982,99.982,0.25,0.26,0.74,0.75,0.01,0.01,70856.51,1776078998000
1776079000.326,100.326,0.24,0.25,0.75,0.76,0.01,0.01,70856.52,1776078999000
1776079000.737,100.737,0.23,0.24,0.76,0.77,0.01,0.01,70856.52,1776078999000
1776079001.281,101.281,0.23,0.24,0.76,0.77,0.01,0.01,70856.52,1776078999000
1776079001.746,101.746,0.23,0.24,0.76,0.77,0.01,0.01,70856.51,1776079000000
1776079002.126,102.126,0.23,0.24,0.76,0.77,0.01,0.01,70856.51,1776079000000
1776079002.621,102.621,0.23,0.24,0.76,0.77,0.01,0.01,70856.51,1776079001000
1776079003.053,103.053,0.23,0.24,0.76,0.77,0.01,0.01,70856.51,1776079001000
1776079003.534,103.534,0.23,0.24,0.76,0.77,0.01,0.01,70856.52,1776079002000
1776079003.922,103.922,0.23,0.24,0.76,0.77,0.01,0.01,70856.52,1776079002000
1776079004.417,104.417,0.23,0.24,0.76,0.77,0.01,0.01,70857.71,1776079003000
1776079004.939,104.939,0.23,0.24,0.76,0.77,0.01,0.01,70857.71,1776079003000
1776079005.327,105.327,0.23,0.24,0.76,0.77,0.01,0.01,70857.79,1776079004000
1776079005.703,105.703,0.23,0.24,0.76,0.77,0.01,0.01,70857.79,1776079004000
1776079006.132,106.132,0.23,0.24,0.76,0.77,0.01,0.01,70856.53,1776079005000
1776079006.546,106.546,0.23,0.24,0.76,0.77,0.01,0.01,70856.53,1776079005000
1776079007.043,107.043,0.23,0.24,0.76,0.77,0.01,0.01,70856.53,1776079005000
1776079007.4,107.4,0.23,0.24,0.76,0.77,0.01,0.01,70856.53,1776079005000
1776079008.194,108.194,0.23,0.24,0.76,0.77,0.01,0.01,70856.47,1776079006000
1776079008.558,108.558,0.23,0.24,0.76,0.77,0.01,0.01,70856.47,1776079007000
1776079008.925,108.925,0.24,0.25,0.75,0.77,0.01,0.02,70856.47,1776079007000
1776079009.393,109.393,0.24,0.25,0.75,0.76,0.01,0.01,70855.85,1776079008000
1776079009.735,109.735,0.24,0.25,0.75,0.76,0.01,0.01,70855.85,1776079008000
1776079010.355,110.355,0.23,0.24,0.76,0.77,0.01,0.01,70855.85,1776079008000
1776079010.716,110.716,0.25,0.26,0.75,0.77,0.01,0.02,70855.85,1776079008000
1776079011.087,111.087,0.28,0.29,0.71,0.72,0.01,0.01,70856.47,1776079009000
1776079011.569,111.569,0.28,0.29,0.71,0.72,0.01,0.01,70856.47,1776079010000
1776079011.911,111.911,0.29,0.3,0.7,0.71,0.01,0.01,70856.47,1776079010000
1776079012.291,112.291,0.29,0.3,0.7,0.71,0.01,0.01,70856.47,1776079011000
1776079012.816,112.816,0.29,0.3,0.7,0.71,0.01,0.01,70856.47,1776079011000
1776079013.292,113.292,0.29,0.3,0.7,0.71,0.01,0.01,70858.86,1776079012000
1776079013.672,113.672,0.3,0.31,0.7,0.71,0.01,0.01,70858.86,1776079012000
1776079014.237,114.237,0.3,0.31,0.69,0.7,0.01,0.01,70858.86,1776079012000
1776079014.603,114.603,0.3,0.31,0.69,0.7,0.01,0.01,70860.18,1776079013000
1776079015.078,115.078,0.3,0.31,0.69,0.7,0.01,0.01,70860.18,1776079014000
1776079015.746,115.746,0.3,0.31,0.69,0.7,0.01,0.01,70860.18,1776079014000
1776079016.144,116.144,0.3,0.31,0.69,0.7,0.01,0.01,70860.18,1776079014000
1776079016.501,116.501,0.3,0.31,0.69,0.7,0.01,0.01,70860.07,1776079015000
1776079017.02,117.02,0.3,0.31,0.69,0.7,0.01,0.01,70860.33,1776079016000
1776079017.596,117.596,0.3,0.31,0.69,0.7,0.01,0.01,70860.33,1776079016000
1776079018.109,118.109,0.3,0.31,0.69,0.7,0.01,0.01,70860.33,1776079016000
1776079018.574,118.574,0.3,0.31,0.69,0.7,0.01,0.01,70860.38,1776079017000
1776079018.925,118.925,0.3,0.31,0.69,0.7,0.01,0.01,70860.38,1776079017000
1776079019.436,119.436,0.3,0.31,0.69,0.7,0.01,0.01,70860.38,1776079017000
1776079019.77,119.77,0.31,0.32,0.68,0.69,0.01,0.01,70860.65,1776079018000
1776079020.176,120.176,0.31,0.32,0.68,0.69,0.01,0.01,70860.76,1776079019000
1776079020.544,120.544,0.31,0.32,0.68,0.69,0.01,0.01,70860.76,1776079019000
1776079020.982,120.982,0.3,0.31,0.69,0.7,0.01,0.01,70860.76,1776079019000
1776079021.355,121.355,0.3,0.32,0.69,0.7,0.02,0.01,70860.76,1776079019000
1776079021.723,121.723,0.35,0.37,0.63,0.65,0.02,0.02,70860.76,1776079020000
1776079022.099,122.099,0.38,0.39,0.61,0.62,0.01,0.01,70860.76,1776079020000
1776079022.447,122.447,0.38,0.39,0.61,0.62,0.01,0.01,70860.76,1776079020000
1776079022.815,122.815,0.38,0.39,0.61,0.62,0.01,0.01,70860.78,1776079021000
1776079023.282,123.282,0.39,0.4,0.6,0.62,0.01,0.02,70860.78,1776079021000
1776079023.643,123.643,0.4,0.41,0.59,0.6,0.01,0.01,70861.21,1776079022000
1776079023.985,123.985,0.4,0.41,0.59,0.6,0.01,0.01,70861.21,1776079022000
1776079024.662,124.662,0.4,0.41,0.59,0.6,0.01,0.01,70861.21,1776079022000
1776079024.996,124.996,0.4,0.41,0.59,0.6,0.01,0.01,70865.68,1776079023000
1776079025.332,125.332,0.4,0.41,0.59,0.6,0.01,0.01,70865.68,1776079023000
1776079025.747,125.747,0.4,0.41,0.59,0.6,0.01,0.01,70867.28,1776079024000
1776079026.194,126.194,0.4,0.41,0.59,0.6,0.01,0.01,70868.22,1776079025000
1776079026.539,126.539,0.4,0.41,0.59,0.6,0.01,0.01,70868.22,1776079025000
1776079026.908,126.908,0.4,0.41,0.59,0.6,0.01,0.01,70868.22,1776079025000
1776079027.256,127.256,0.42,0.43,0.57,0.58,0.01,0.01,70868.25,1776079026000
1776079027.589,127.589,0.42,0.43,0.57,0.58,0.01,0.01,70868.25,1776079026000
1776079028.082,128.082,0.42,0.43,0.57,0.58,0.01,0.01,70868.25,1776079026000
1776079028.423,128.423,0.41,0.43,0.57,0.58,0.02,0.01,70868.25,1776079026000
1776079028.917,128.917,0.41,0.42,0.58,0.59,0.01,0.01,70868.41,1776079028000
1776079029.259,129.259,0.41,0.42,0.58,0.59,0.01,0.01,70868.41,1776079028000
1776079029.605,129.605,0.43,0.44,0.56,0.57,0.01,0.01,70868.41,1776079028000
1776079029.975,129.975,0.43,0.44,0.56,0.57,0.01,0.01,70868.41,1776079028000
1776079030.421,130.421,0.43,0.44,0.56,0.57,0.01,0.01,70868.41,1776079029000
1776079030.897,130.897,0.44,0.45,0.55,0.56,0.01,0.01,70868.41,1776079029000
1776079031.312,131.312,0.44,0.45,0.55,0.56,0.01,0.01,70868.61,1776079030000
1776079031.654,131.654,0.44,0.46,0.54,0.55,0.02,0.01,70868.61,1776079030000
1776079032.069,132.069,0.42,0.43,0.57,0.58,0.01,0.01,70868.61,1776079030000
1776079032.461,132.461,0.41,0.42,0.58,0.59,0.01,0.01,70868.61,1776079030000
1776079032.992,132.992,0.39,0.4,0.59,0.6,0.01,0.01,70869.56,1776079031000
1776079033.354,133.354,0.38,0.39,0.61,0.62,0.01,0.01,70868.48,1776079032000
1776079033.776,133.776,0.38,0.39,0.61,0.62,0.01,0.01,70868.48,1776079032000
1776079034.233,134.233,0.38,0.39,0.61,0.62,0.01,0.01,70866.56,1776079033000
1776079034.622,134.622,0.37,0.38,0.62,0.63,0.01,0.01,70866.56,1776079033000
1776079035.114,135.114,0.37,0.38,0.62,0.63,0.01,0.01,70866.56,1776079033000
1776079035.471,135.471,0.36,0.37,0.62,0.64,0.01,0.02,70866.45,1776079034000
1776079035.917,135.917,0.36,0.37,0.63,0.64,0.01,0.01,70866.45,1776079034000
1776079036.269,136.269,0.36,0.37,0.63,0.64,0.01,0.01,70866.45,1776079035000
1776079036.697,136.697,0.36,0.37,0.63,0.64,0.01,0.01,70866.45,1776079035000
1776079037.103,137.103,0.35,0.36,0.64,0.66,0.01,0.02,70866.45,1776079035000
1776079037.898,137.898,0.35,0.36,0.64,0.65,0.01,0.01,70866.45,1776079036000
1776079038.285,138.285,0.35,0.36,0.64,0.65,0.01,0.01,70866.87,1776079037000
1776079038.824,138.824,0.35,0.36,0.64,0.65,0.01,0.01,70866.87,1776079037000
1776079039.377,139.377,0.35,0.36,0.64,0.65,0.01,0.01,70866.87,1776079037000
1776079039.748,139.748,0.35,0.36,0.64,0.65,0.01,0.01,70866.87,1776079037000
1776079040.11,140.11,0.35,0.36,0.64,0.65,0.01,0.01,70866.87,1776079038000
1776079040.515,140.515,0.36,0.38,0.62,0.64,0.02,0.02,70866.44,1776079039000
1776079040.895,140.895,0.37,0.38,0.62,0.63,0.01,0.01,70866.44,1776079039000
1776079041.529,141.529,0.37,0.38,0.62,0.63,0.01,0.01,70867.72,1776079040000
1776079041.862,141.862,0.37,0.38,0.62,0.63,0.01,0.01,70867.72,1776079040000
1776079042.2,142.2,0.37,0.38,0.62,0.63,0.01,0.01,70867.72,1776079040000
1776079042.579,142.579,0.37,0.38,0.62,0.63,0.01,0.01,70867.76,1776079041000
1776079042.969,142.969,0.37,0.38,0.62,0.63,0.01,0.01,70868.49,1776079042000
1776079043.306,143.306,0.37,0.38,0.62,0.63,0.01,0.01,70868.49,1776079042000
1776079043.768,143.768,0.37,0.38,0.62,0.63,0.01,0.01,70868.49,1776079042000
1776079044.217,144.217,0.37,0.38,0.62,0.63,0.01,0.01,70868.43,1776079043000
1776079044.66,144.66,0.37,0.38,0.62,0.63,0.01,0.01,70868.43,1776079043000
1776079045.17,145.17,0.37,0.38,0.62,0.63,0.01,0.01,70868.43,1776079043000
1776079045.595,145.595,0.36,0.38,0.62,0.63,0.02,0.01,70868.52,1776079044000
1776079046.129,146.129,0.36,0.37,0.62,0.64,0.01,0.02,70868.52,1776079044000
1776079046.513,146.513,0.36,0.37,0.63,0.64,0.01,0.01,70868.52,1776079044000
1776079046.846,146.846,0.36,0.37,0.63,0.64,0.01,0.01,70868.52,1776079045000
1776079047.671,147.671,0.36,0.37,0.63,0.64,0.01,0.01,70868.52,1776079046000
1776079048.202,148.202,0.36,0.37,0.63,0.64,0.01,0.01,70868.52,1776079046000
1776079048.56,148.56,0.37,0.38,0.62,0.63,0.01,0.01,70868.02,1776079047000
1776079048.933,148.933,0.37,0.38,0.62,0.63,0.01,0.01,70868.02,1776079047000
1776079049.426,149.426,0.37,0.38,0.62,0.63,0.01,0.01,70868.02,1776079048000
1776079050.035,150.035,0.38,0.39,0.61,0.62,0.01,0.01,70868.07,1776079049000
1776079050.729,150.729,0.38,0.39,0.61,0.62,0.01,0.01,70868.07,1776079049000
1776079051.105,151.105,0.38,0.39,0.61,0.62,0.01,0.01,70868.07,1776079049000
1776079051.841,151.841,0.37,0.38,0.61,0.63,0.01,0.02,70868.07,1776079050000
1776079052.176,152.176,0.37,0.38,0.62,0.63,0.01,0.01,70868.13,1776079051000
1776079052.578,152.578,0.37,0.38,0.62,0.63,0.01,0.01,70868.13,1776079051000
1776079053.172,153.172,0.37,0.38,0.62,0.63,0.01,0.01,70868.13,1776079051000
1776079053.891,153.891,0.37,0.38,0.62,0.63,0.01,0.01,70868.07,1776079052000
1776079054.24,154.24,0.37,0.38,0.62,0.63,0.01,0.01,70868.07,1776079053000
1776079054.935,154.935,0.37,0.38,0.62,0.63,0.01,0.01,70868.07,1776079053000
1776079055.285,155.285,0.37,0.38,0.62,0.63,0.01,0.01,70868.07,1776079053000
1776079055.677,155.677,0.35,0.37,0.62,0.63,0.02,0.01,70868.07,1776079053000
1776079056.165,156.165,0.35,0.36,0.64,0.66,0.01,0.02,70868.07,1776079053000
1776079056.574,156.574,0.35,0.36,0.64,0.65,0.01,0.01,70868.07,1776079053000
1776079057.069,157.069,0.37,0.38,0.63,0.64,0.01,0.01,70868.07,1776079054000
1776079057.476,157.476,0.37,0.38,0.62,0.63,0.01,0.01,70867.84,1776079056000
1776079058.18,158.18,0.37,0.38,0.62,0.63,0.01,0.01,70867.84,1776079056000
1776079058.629,158.629,0.37,0.38,0.62,0.63,0.01,0.01,70867.64,1776079057000
1776079059.159,159.159,0.37,0.38,0.62,0.63,0.01,0.01,70867.64,1776079058000
1776079059.947,159.947,0.37,0.38,0.62,0.63,0.01,0.01,70867.64,1776079058000
1776079060.282,160.282,0.37,0.38,0.62,0.63,0.01,0.01,70868.02,1776079059000
1776079061.016,161.016,0.37,0.38,0.62,0.63,0.01,0.01,70868.02,1776079059000
1776079061.462,161.462,0.37,0.38,0.62,0.63,0.01,0.01,70868.04,1776079060000
1776079061.813,161.813,0.37,0.38,0.62,0.63,0.01,0.01,70868.04,1776079060000
1776079062.195,162.195,0.37,0.38,0.62,0.63,0.01,0.01,70868.04,1776079061000
1776079062.573,162.573,0.37,0.38,0.62,0.63,0.01,0.01,70868.04,1776079061000
1776079063.199,163.199,0.37,0.38,0.62,0.63,0.01,0.01,70868.04,1776079061000
1776079064.378,164.378,0.37,0.38,0.62,0.63,0.01,0.01,70866.66,1776079062000
1776079064.964,164.964,0.37,0.38,0.62,0.63,0.01,0.01,70868.1,1776079064000
1776079065.361,165.361,0.37,0.38,0.62,0.63,0.01,0.01,70868.1,1776079064000
1776079065.836,165.836,0.37,0.38,0.62,0.63,0.01,0.01,70868.1,1776079064000
1776079066.414,166.414,0.37,0.38,0.62,0.63,0.01,0.01,70868.57,1776079065000
1776079066.778,166.778,0.36,0.37,0.63,0.64,0.01,0.01,70868.57,1776079065000
1776079067.197,167.197,0.35,0.37,0.63,0.64,0.02,0.01,70868.57,1776079065000
1776079067.666,167.666,0.34,0.35,0.65,0.66,0.01,0.01,70868.57,1776079066000
1776079068.057,168.057,0.34,0.35,0.65,0.66,0.01,0.01,70868.57,1776079067000
1776079068.452,168.452,0.34,0.35,0.65,0.66,0.01,0.01,70868.57,1776079067000
1776079068.844,168.844,0.34,0.35,0.65,0.66,0.01,0.01,70868.57,1776079067000
1776079069.191,169.191,0.34,0.35,0.65,0.66,0.01,0.01,70868.03,1776079068000
1776079069.723,169.723,0.34,0.35,0.65,0.66,0.01,0.01,70868.03,1776079068000
1776079070.28,170.28,0.34,0.35,0.65,0.66,0.01,0.01,70867.98,1776079069000
1776079070.746,170.746,0.34,0.35,0.65,0.66,0.01,0.01,70867.98,1776079069000
1776079071.516,171.516,0.34,0.35,0.65,0.66,0.01,0.01,70867.98,1776079069000
1776079072.395,172.395,0.34,0.35,0.65,0.66,0.01,0.01,70868.05,1776079070000
1776079072.733,172.733,0.34,0.35,0.65,0.66,0.01,0.01,70868.05,1776079071000
1776079073.314,173.314,0.34,0.35,0.65,0.66,0.01,0.01,70868.05,1776079071000
1776079073.796,173.796,0.36,0.37,0.63,0.65,0.01,0.02,70868.0,1776079072000
1776079074.465,174.465,0.36,0.37,0.63,0.64,0.01,0.01,70868.0,1776079072000
1776079074.89,174.89,0.36,0.37,0.63,0.64,0.01,0.01,70868.0,1776079073000
1776079075.539,175.539,0.36,0.37,0.63,0.64,0.01,0.01,70868.37,1776079074000
1776079076.215,176.215,0.36,0.37,0.63,0.64,0.01,0.01,70870.54,1776079075000
1776079076.623,176.623,0.36,0.37,0.63,0.64,0.01,0.01,70870.54,1776079075000
1776079077.056,177.056,0.36,0.37,0.63,0.64,0.01,0.01,70870.54,1776079075000
1776079077.459,177.459,0.36,0.38,0.62,0.63,0.02,0.01,70870.54,1776079075000
1776079077.904,177.904,0.36,0.37,0.62,0.64,0.01,0.02,70868.66,1776079076000
1776079078.546,178.546,0.36,0.37,0.63,0.64,0.01,0.01,70868.66,1776079076000
1776079078.928,178.928,0.36,0.37,0.63,0.64,0.01,0.01,70868.68,1776079077000
1776079079.284,179.284,0.35,0.36,0.64,0.65,0.01,0.01,70868.64,1776079078000
1776079079.635,179.635,0.35,0.37,0.64,0.65,0.02,0.01,70868.64,1776079078000
1776079080.0,180.0,0.37,0.38,0.62,0.63,0.01,0.01,70868.64,1776079078000
1776079080.477,180.477,0.39,0.41,0.6,0.61,0.02,0.01,70868.64,1776079078000
1776079080.917,180.917,0.4,0.41,0.59,0.6,0.01,0.01,70868.68,1776079079000
1776079081.324,181.324,0.41,0.42,0.58,0.59,0.01,0.01,70868.74,1776079080000
1776079081.673,181.673,0.41,0.42,0.58,0.59,0.01,0.01,70868.74,1776079080000
1776079082.442,182.442,0.41,0.42,0.58,0.59,0.01,0.01,70869.74,1776079081000
1776079082.891,182.891,0.41,0.42,0.58,0.59,0.01,0.01,70869.74,1776079081000
1776079083.611,183.611,0.41,0.42,0.58,0.59,0.01,0.01,70869.76,1776079082000
1776079084.213,184.213,0.41,0.42,0.58,0.59,0.01,0.01,70869.76,1776079082000
1776079084.619,184.619,0.41,0.42,0.58,0.59,0.01,0.01,70869.77,1776079083000
1776079084.985,184.985,0.41,0.42,0.58,0.59,0.01,0.01,70869.77,1776079083000
1776079085.535,185.535,0.41,0.42,0.58,0.59,0.01,0.01,70870.01,1776079084000
1776079086.115,186.115,0.41,0.42,0.58,0.59,0.01,0.01,70870.01,1776079084000
1776079086.464,186.464,0.41,0.42,0.58,0.59,0.01,0.01,70870.01,1776079084000
1776079086.948,186.948,0.41,0.42,0.58,0.59,0.01,0.01,70870.05,1776079085000
1776079087.823,187.823,0.4,0.41,0.59,0.6,0.01,0.01,70870.05,1776079086000
1776079088.304,188.304,0.42,0.43,0.56,0.58,0.01,0.02,70870.05,1776079086000
1776079089.158,189.158,0.42,0.43,0.57,0.58,0.01,0.01,70870.06,1776079088000
1776079089.505,189.505,0.42,0.43,0.57,0.58,0.01,0.01,70870.06,1776079088000
1776079089.862,189.862,0.42,0.44,0.57,0.58,0.02,0.01,70870.06,1776079088000
1776079090.22,190.22,0.48,0.49,0.51,0.52,0.01,0.01,70870.06,1776079088000
1776079090.562,190.562,0.5,0.51,0.49,0.51,0.01,0.02,70870.06,1776079088000
1776079090.972,190.972,0.51,0.52,0.48,0.49,0.01,0.01,70870.06,1776079088000
1776079091.32,191.32,0.52,0.53,0.47,0.48,0.01,0.01,70871.11,1776079089000
1776079091.683,191.683,0.52,0.53,0.47,0.48,0.01,0.01,70871.11,1776079089000
1776079092.04,192.04,0.52,0.53,0.47,0.48,0.01,0.01,70871.11,1776079089000
1776079092.384,192.384,0.52,0.53,0.47,0.48,0.01,0.01,70871.11,1776079090000
1776079092.724,192.724,0.52,0.53,0.47,0.48,0.01,0.01,70871.11,1776079090000
1776079093.057,193.057,0.53,0.55,0.46,0.47,0.02,0.01,70875.82,1776079091000
1776079093.405,193.405,0.54,0.55,0.45,0.46,0.01,0.01,70877.03,1776079092000
1776079093.821,193.821,0.54,0.55,0.45,0.46,0.01,0.01,70877.03,1776079092000
1776079094.161,194.161,0.55,0.56,0.44,0.46,0.01,0.02,70877.03,1776079092000
1776079094.591,194.591,0.55,0.56,0.44,0.45,0.01,0.01,70877.03,1776079093000
1776079094.954,194.954,0.55,0.56,0.44,0.45,0.01,0.01,70877.03,1776079093000
1776079095.457,195.457,0.55,0.56,0.44,0.45,0.01,0.01,70877.03,1776079094000
1776079096.032,196.032,0.55,0.56,0.44,0.45,0.01,0.01,70877.03,1776079094000
1776079096.44,196.44,0.55,0.56,0.44,0.45,0.01,0.01,70878.75,1776079095000
1776079096.775,196.775,0.55,0.56,0.44,0.45,0.01,0.01,70878.75,1776079095000
1776079097.132,197.132,0.55,0.56,0.44,0.45,0.01,0.01,70878.75,1776079095000
1776079097.53,197.53,0.55,0.56,0.44,0.45,0.01,0.01,70878.74,1776079096000
1776079098.021,198.021,0.55,0.57,0.43,0.45,0.02,0.02,70878.74,1776079096000
1776079098.372,198.372,0.55,0.56,0.44,0.45,0.01,0.01,70878.75,1776079097000
1776079098.772,198.772,0.55,0.56,0.44,0.45,0.01,0.01,70878.75,1776079097000
1776079099.276,199.276,0.55,0.56,0.44,0.45,0.01,0.01,70878.75,1776079097000
1776079099.643,199.643,0.55,0.56,0.44,0.45,0.01,0.01,70878.75,1776079098000
1776079100.027,200.027,0.55,0.56,0.44,0.45,0.01,0.01,70878.75,1776079098000
1776079100.507,200.507,0.56,0.57,0.43,0.44,0.01,0.01,70878.69,1776079099000
1776079100.857,200.857,0.5,0.51,0.47,0.48,0.01,0.01,70878.69,1776079099000
1776079101.215,201.215,0.39,0.42,0.57,0.6,0.03,0.03,70878.69,1776079100000
1776079101.586,201.586,0.41,0.42,0.58,0.59,0.01,0.01,70878.69,1776079100000
1776079102.232,202.232,0.33,0.36,0.63,0.65,0.03,0.02,70878.69,1776079100000
1776079102.666,202.666,0.32,0.33,0.65,0.66,0.01,0.01,70874.05,1776079101000
1776079103.016,203.016,0.32,0.33,0.67,0.68,0.01,0.01,70874.05,1776079101000
1776079103.376,203.376,0.32,0.33,0.67,0.68,0.01,0.01,70874.05,1776079101000
1776079103.733,203.733,0.32,0.33,0.67,0.68,0.01,0.01,70870.15,1776079102000
1776079104.157,204.157,0.32,0.33,0.67,0.68,0.01,0.01,70870.15,1776079102000
1776079104.508,204.508,0.31,0.32,0.68,0.69,0.01,0.01,70868.1,1776079103000
1776079104.844,204.844,0.31,0.32,0.68,0.69,0.01,0.01,70868.1,1776079103000
1776079105.18,205.18,0.31,0.32,0.68,0.69,0.01,0.01,70868.1,1776079103000
1776079105.532,205.532,0.31,0.32,0.68,0.69,0.01,0.01,70868.28,1776079104000
1776079105.952,205.952,0.3,0.31,0.68,0.69,0.01,0.01,70868.28,1776079104000
1776079106.32,206.32,0.3,0.31,0.69,0.7,0.01,0.01,70868.02,1776079105000
1776079106.761,206.761,0.3,0.31,0.69,0.7,0.01,0.01,70868.02,1776079105000
1776079107.113,207.113,0.29,0.3,0.69,0.71,0.01,0.02,70868.02,1776079105000
1776079107.476,207.476,0.28,0.29,0.7,0.72,0.01,0.02,70868.02,1776079105000
1776079107.82,207.82,0.26,0.27,0.73,0.74,0.01,0.01,70866.6,1776079106000
1776079108.199,208.199,0.23,0.25,0.75,0.76,0.02,0.01,70866.6,1776079106000
1776079108.591,208.591,0.23,0.24,0.76,0.77,0.01,0.01,70867.29,1776079107000
1776079108.959,208.959,0.22,0.23,0.76,0.77,0.01,0.01,70867.29,1776079107000
1776079109.325,209.325,0.22,0.23,0.77,0.78,0.01,0.01,70866.25,1776079108000
1776079109.671,209.671,0.22,0.23,0.77,0.78,0.01,0.01,70866.25,1776079108000
1776079110.049,210.049,0.21,0.22,0.78,0.79,0.01,0.01,70866.25,1776079108000
1776079110.385,210.385,0.21,0.22,0.78,0.79,0.01,0.01,70866.25,1776079108000
1776079110.719,210.719,0.2,0.21,0.79,0.8,0.01,0.01,70860.3,1776079109000
1776079111.213,211.213,0.2,0.21,0.79,0.8,0.01,0.01,70860.3,1776079109000
1776079111.599,211.599,0.2,0.21,0.79,0.8,0.01,0.01,70859.45,1776079110000
1776079111.952,211.952,0.2,0.21,0.79,0.8,0.01,0.01,70859.45,1776079110000
1776079112.347,212.347,0.2,0.21,0.79,0.8,0.01,0.01,70860.23,1776079111000
1776079112.746,212.746,0.2,0.21,0.79,0.8,0.01,0.01,70860.23,1776079111000
1776079113.141,213.141,0.2,0.21,0.79,0.8,0.01,0.01,70859.02,1776079112000
1776079113.529,213.529,0.2,0.21,0.79,0.8,0.01,0.01,70859.02,1776079112000
1776079113.889,213.889,0.2,0.21,0.79,0.8,0.01,0.01,70859.02,1776079112000
1776079114.327,214.327,0.2,0.21,0.79,0.8,0.01,0.01,70858.52,1776079113000
1776079114.709,214.709,0.2,0.21,0.79,0.8,0.01,0.01,70858.52,1776079113000
1776079115.175,215.175,0.2,0.21,0.79,0.8,0.01,0.01,70859.04,1776079114000
1776079115.515,215.515,0.19,0.2,0.8,0.81,0.01,0.01,70859.04,1776079114000
1776079115.863,215.863,0.19,0.2,0.8,0.81,0.01,0.01,70859.04,1776079114000
1776079116.464,216.464,0.19,0.2,0.8,0.81,0.01,0.01,70860.32,1776079115000
1776079116.948,216.948,0.19,0.2,0.8,0.81,0.01,0.01,70858.15,1776079116000
1776079117.39,217.39,0.18,0.19,0.8,0.82,0.01,0.02,70858.15,1776079116000
1776079117.726,217.726,0.18,0.19,0.81,0.82,0.01,0.01,70858.15,1776079116000
1776079118.268,218.268,0.18,0.19,0.81,0.82,0.01,0.01,70857.39,1776079117000
1776079118.717,218.717,0.18,0.19,0.81,0.82,0.01,0.01,70857.39,1776079117000
1776079119.05,219.05,0.18,0.19,0.81,0.82,0.01,0.01,70857.39,1776079117000
1776079119.386,219.386,0.18,0.19,0.81,0.82,0.01,0.01,70859.13,1776079118000
1776079119.733,219.733,0.17,0.18,0.82,0.83,0.01,0.01,70859.13,1776079118000
1776079120.079,220.079,0.17,0.18,0.82,0.83,0.01,0.01,70859.31,1776079119000
1776079120.417,220.417,0.16,0.18,0.82,0.83,0.02,0.01,70859.31,1776079119000
1776079120.758,220.758,0.15,0.17,0.83,0.85,0.02,0.02,70859.31,1776079119000
1776079121.17,221.17,0.15,0.16,0.84,0.85,0.01,0.01,70859.81,1776079120000
1776079121.595,221.595,0.16,0.17,0.83,0.84,0.01,0.01,70859.81,1776079120000
1776079121.963,221.963,0.15,0.16,0.84,0.85,0.01,0.01,70859.81,1776079120000
1776079122.53,222.53,0.15,0.16,0.84,0.85,0.01,0.01,70859.09,1776079121000
1776079122.989,222.989,0.15,0.16,0.84,0.85,0.01,0.01,70859.09,1776079121000
1776079123.44,223.44,0.15,0.16,0.84,0.85,0.01,0.01,70858.31,1776079122000
1776079123.775,223.775,0.15,0.16,0.84,0.85,0.01,0.01,70858.31,1776079122000
1776079124.108,224.108,0.16,0.17,0.83,0.84,0.01,0.01,70858.31,1776079122000
1776079124.587,224.587,0.16,0.17,0.83,0.84,0.01,0.01,70859.15,1776079123000
1776079125.121,225.121,0.15,0.16,0.83,0.85,0.01,0.02,70859.15,1776079123000
1776079125.467,225.467,0.15,0.16,0.84,0.85,0.01,0.01,70858.77,1776079124000
1776079125.928,225.928,0.15,0.16,0.84,0.85,0.01,0.01,70858.77,1776079124000
1776079126.783,226.783,0.14,0.15,0.84,0.86,0.01,0.02,70859.15,1776079125000
1776079127.133,227.133,0.14,0.15,0.85,0.86,0.01,0.01,70858.92,1776079126000
1776079127.722,227.722,0.13,0.15,0.85,0.86,0.02,0.01,70858.92,1776079126000
1776079128.169,228.169,0.13,0.14,0.86,0.87,0.01,0.01,70858.92,1776079126000
1776079128.606,228.606,0.13,0.14,0.84,0.87,0.01,0.03,70859.21,1776079127000
1776079128.945,228.945,0.13,0.14,0.86,0.87,0.01,0.01,70859.21,1776079127000
1776079129.278,229.278,0.14,0.15,0.85,0.86,0.01,0.01,70860.75,1776079128000
1776079129.663,229.663,0.14,0.15,0.85,0.86,0.01,0.01,70860.75,1776079128000
1776079130.066,230.066,0.15,0.16,0.84,0.85,0.01,0.01,70860.75,1776079129000
1776079130.423,230.423,0.14,0.15,0.84,0.86,0.01,0.02,70860.75,1776079129000
1776079130.856,230.856,0.14,0.15,0.85,0.86,0.01,0.01,70860.75,1776079129000
1776079131.229,231.229,0.14,0.15,0.85,0.86,0.01,0.01,70861.31,1776079130000
1776079131.788,231.788,0.14,0.15,0.85,0.86,0.01,0.01,70861.31,1776079130000
1776079132.177,232.177,0.14,0.15,0.85,0.86,0.01,0.01,70861.57,1776079131000
1776079132.907,232.907,0.14,0.15,0.85,0.86,0.01,0.01,70861.57,1776079131000
1776079133.377,233.377,0.14,0.15,0.85,0.86,0.01,0.01,70861.62,1776079132000
1776079133.818,233.818,0.14,0.15,0.85,0.86,0.01,0.01,70861.62,1776079132000
1776079134.415,234.415,0.14,0.15,0.85,0.86,0.01,0.01,70861.62,1776079132000
1776079134.833,234.833,0.14,0.15,0.85,0.86,0.01,0.01,70861.58,1776079133000
1776079135.578,235.578,0.14,0.15,0.85,0.86,0.01,0.01,70861.58,1776079134000
1776079135.923,235.923,0.13,0.15,0.86,0.87,0.02,0.01,70861.58,1776079134000
1776079136.29,236.29,0.14,0.16,0.85,0.86,0.02,0.01,70861.3,1776079135000
1776079136.787,236.787,0.15,0.16,0.84,0.85,0.01,0.01,70861.3,1776079135000
1776079137.183,237.183,0.15,0.16,0.84,0.85,0.01,0.01,70861.28,1776079136000
1776079137.641,237.641,0.16,0.17,0.83,0.84,0.01,0.01,70861.28,1776079136000
1776079137.982,237.982,0.16,0.17,0.83,0.84,0.01,0.01,70861.28,1776079136000
1776079138.528,238.528,0.16,0.17,0.83,0.84,0.01,0.01,70861.28,1776079136000
1776079138.975,238.975,0.16,0.17,0.83,0.84,0.01,0.01,70861.79,1776079137000
1776079139.345,239.345,0.16,0.17,0.83,0.84,0.01,0.01,70861.77,1776079138000
1776079139.719,239.719,0.15,0.16,0.84,0.85,0.01,0.01,70861.77,1776079138000
1776079140.267,240.267,0.14,0.15,0.85,0.86,0.01,0.01,70861.77,1776079138000
1776079140.633,240.633,0.15,0.16,0.84,0.85,0.01,0.01,70861.77,1776079139000
1776079141.001,241.001,0.16,0.17,0.83,0.85,0.01,0.02,70861.77,1776079139000
1776079141.455,241.455,0.16,0.17,0.83,0.84,0.01,0.01,70861.8,1776079140000
1776079141.8,241.8,0.16,0.17,0.83,0.84,0.01,0.01,70861.8,1776079140000
1776079142.186,242.186,0.16,0.17,0.83,0.84,0.01,0.01,70861.8,1776079140000
1776079142.556,242.556,0.16,0.18,0.83,0.84,0.02,0.01,70861.73,1776079141000
1776079143.295,243.295,0.17,0.18,0.82,0.84,0.01,0.02,70861.73,1776079141000
1776079143.668,243.668,0.17,0.18,0.82,0.83,0.01,0.01,70861.84,1776079142000
1776079144.13,244.13,0.17,0.18,0.82,0.83,0.01,0.01,70861.84,1776079143000
1776079144.471,244.471,0.16,0.18,0.82,0.83,0.02,0.01,70861.84,1776079143000
1776079144.864,244.864,0.16,0.17,0.83,0.84,0.01,0.01,70861.84,1776079143000
1776079145.46,245.46,0.15,0.16,0.83,0.84,0.01,0.01,70861.84,1776079143000
1776079145.865,245.865,0.15,0.16,0.84,0.85,0.01,0.01,70862.06,1776079144000
1776079146.225,246.225,0.15,0.16,0.84,0.85,0.01,0.01,70862.06,1776079144000
1776079146.673,246.673,0.15,0.16,0.84,0.85,0.01,0.01,70862.06,1776079145000
1776079147.051,247.051,0.15,0.16,0.84,0.85,0.01,0.01,70862.06,1776079145000
1776079147.396,247.396,0.15,0.17,0.84,0.85,0.02,0.01,70863.03,1776079146000
1776079148.07,248.07,0.16,0.17,0.83,0.84,0.01,0.01,70863.03,1776079146000
1776079148.517,248.517,0.17,0.18,0.82,0.83,0.01,0.01,70863.03,1776079147000
1776079148.902,248.902,0.08,0.17,0.82,0.83,0.09,0.01,70863.03,1776079147000
1776079149.263,249.263,0.16,0.17,0.83,0.84,0.01,0.01,70863.03,1776079147000
1776079149.62,249.62,0.13,0.16,0.84,0.87,0.03,0.03,70862.05,1776079148000
1776079149.964,249.964,0.12,0.13,0.87,0.88,0.01,0.01,70862.05,1776079148000
1776079150.323,250.323,0.11,0.12,0.88,0.89,0.01,0.01,70862.05,1776079149000
1776079150.696,250.696,0.11,0.12,0.88,0.89,0.01,0.01,70862.05,1776079149000
1776079151.042,251.042,0.11,0.12,0.87,0.89,0.01,0.02,70862.05,1776079149000
1776079151.401,251.401,0.11,0.12,0.88,0.89,0.01,0.01,70862.9,1776079150000
1776079151.764,251.764,0.11,0.12,0.88,0.89,0.01,0.01,70862.9,1776079150000
1776079152.134,252.134,0.12,0.13,0.87,0.89,0.01,0.02,70862.9,1776079150000
1776079152.545,252.545,0.12,0.13,0.87,0.88,0.01,0.01,70862.72,1776079151000
1776079152.9,252.9,0.11,0.12,0.88,0.89,0.01,0.01,70862.72,1776079151000
1776079153.247,253.247,0.11,0.13,0.87,0.89,0.02,0.02,70862.72,1776079152000
1776079153.887,253.887,0.11,0.12,0.88,0.89,0.01,0.01,70862.72,1776079152000
1776079154.5,254.5,0.13,0.14,0.85,0.89,0.01,0.04,70862.14,1776079153000
1776079154.838,254.838,0.13,0.14,0.86,0.87,0.01,0.01,70862.14,1776079153000
1776079155.174,255.174,0.13,0.14,0.86,0.87,0.01,0.01,70863.57,1776079154000
1776079155.561,255.561,0.12,0.13,0.87,0.88,0.01,0.01,70863.57,1776079154000
1776079155.903,255.903,0.11,0.12,0.88,0.89,0.01,0.01,70863.57,1776079154000
1776079156.329,256.329,0.11,0.12,0.88,0.89,0.01,0.01,70862.24,1776079155000
1776079156.675,256.675,0.11,0.12,0.88,0.89,0.01,0.01,70862.24,1776079155000
1776079157.026,257.026,0.11,0.12,0.88,0.89,0.01,0.01,70863.42,1776079156000
1776079157.487,257.487,0.11,0.12,0.88,0.89,0.01,0.01,70863.42,1776079156000
1776079158.021,258.021,0.1,0.11,0.89,0.9,0.01,0.01,70863.42,1776079156000
1776079158.383,258.383,0.1,0.11,0.89,0.9,0.01,0.01,70863.42,1776079156000
1776079158.717,258.717,0.1,0.11,0.89,0.9,0.01,0.01,70862.19,1776079157000
1776079159.064,259.064,0.1,0.11,0.89,0.9,0.01,0.01,70862.19,1776079157000
1776079159.443,259.443,0.09,0.11,0.89,0.9,0.02,0.01,70862.19,1776079158000
1776079159.863,259.863,0.09,0.1,0.9,0.91,0.01,0.01,70862.19,1776079158000
1776079160.475,260.475,0.09,0.1,0.9,0.91,0.01,0.01,70862.19,1776079158000
1776079160.814,260.814,0.08,0.1,0.9,0.92,0.02,0.02,70862.24,1776079159000
1776079161.188,261.188,0.08,0.09,0.91,0.92,0.01,0.01,70862.11,1776079160000
1776079161.626,261.626,0.06,0.08,0.92,0.93,0.02,0.01,70862.11,1776079160000
1776079161.998,261.998,0.06,0.07,0.93,0.94,0.01,0.01,70862.11,1776079160000
1776079162.398,262.398,0.06,0.07,0.93,0.94,0.01,0.01,70862.11,1776079160000
1776079162.872,262.872,0.06,0.07,0.93,0.94,0.01,0.01,70863.02,1776079161000
1776079163.233,263.233,0.06,0.07,0.93,0.94,0.01,0.01,70862.22,1776079162000
1776079163.6,263.6,0.06,0.07,0.93,0.94,0.01,0.01,70862.22,1776079162000
1776079163.943,263.943,0.06,0.07,0.93,0.94,0.01,0.01,70862.22,1776079162000
1776079164.315,264.315,0.07,0.08,0.93,0.94,0.01,0.01,70862.22,1776079162000
1776079164.805,264.805,0.07,0.08,0.91,0.93,0.01,0.02,70863.0,1776079163000
1776079165.238,265.238,0.07,0.08,0.92,0.93,0.01,0.01,70863.0,1776079163000
1776079165.774,265.774,0.07,0.08,0.92,0.93,0.01,0.01,70862.17,1776079164000
1776079166.263,266.263,0.07,0.08,0.92,0.93,0.01,0.01,70862.17,1776079164000
1776079166.624,266.624,0.07,0.08,0.92,0.93,0.01,0.01,70862.17,1776079164000
1776079166.985,266.985,0.07,0.08,0.92,0.93,0.01,0.01,70862.16,1776079165000
1776079167.583,267.583,0.07,0.08,0.92,0.93,0.01,0.01,70862.16,1776079165000
1776079167.926,267.926,0.07,0.08,0.92,0.93,0.01,0.01,70862.16,1776079166000
1776079168.283,268.283,0.06,0.07,0.93,0.94,0.01,0.01,70862.16,1776079166000
1776079168.792,268.792,0.06,0.07,0.93,0.94,0.01,0.01,70862.16,1776079167000
1776079169.134,269.134,0.06,0.07,0.93,0.94,0.01,0.01,70862.16,1776079168000
1776079169.586,269.586,0.06,0.07,0.93,0.94,0.01,0.01,70862.16,1776079168000
1776079169.953,269.953,0.06,0.07,0.93,0.94,0.01,0.01,70862.16,1776079168000
1776079170.42,270.42,0.05,0.06,0.93,0.95,0.01,0.02,70862.05,1776079169000
1776079170.868,270.868,0.05,0.06,0.94,0.95,0.01,0.01,70862.05,1776079169000
1776079171.299,271.299,0.05,0.06,0.94,0.95,0.01,0.01,70862.05,1776079170000
1776079171.814,271.814,0.05,0.06,0.94,0.95,0.01,0.01,70862.05,1776079170000
1776079172.196,272.196,0.03,0.1,0.9,0.91,0.07,0.01,70862.05,1776079170000
1776079172.549,272.549,0.08,0.09,0.91,0.92,0.01,0.01,70862.12,1776079171000
1776079172.894,272.894,0.05,0.08,0.92,0.95,0.03,0.03,70862.12,1776079171000
1776079173.234,273.234,0.09,0.1,0.9,0.91,0.01,0.01,70862.12,1776079171000
1776079173.578,273.578,0.09,0.1,0.9,0.95,0.01,0.05,70862.12,1776079172000
1776079173.912,273.912,0.08,0.11,0.9,0.93,0.03,0.03,70862.12,1776079172000
1776079174.287,274.287,0.13,0.17,0.86,0.87,0.04,0.01,70862.12,1776079172000
1776079174.626,274.626,0.17,0.18,0.82,0.83,0.01,0.01,70863.94,1776079173000
1776079174.978,274.978,0.15,0.16,0.84,0.85,0.01,0.01,70865.14,1776079174000
1776079175.313,275.313,0.14,0.15,0.85,0.86,0.01,0.01,70865.14,1776079174000
1776079175.699,275.699,0.15,0.16,0.84,0.85,0.01,0.01,70865.14,1776079174000
1776079176.114,276.114,0.15,0.16,0.84,0.85,0.01,0.01,70865.31,1776079175000
1776079176.582,276.582,0.13,0.14,0.85,0.86,0.01,0.01,70865.31,1776079175000
1776079176.915,276.915,0.13,0.14,0.86,0.87,0.01,0.01,70865.31,1776079175000
1776079177.305,277.305,0.13,0.14,0.86,0.87,0.01,0.01,70867.63,1776079176000
1776079177.734,277.734,0.12,0.13,0.87,0.88,0.01,0.01,70867.63,1776079176000
1776079178.22,278.22,0.13,0.14,0.87,0.88,0.01,0.01,70868.0,1776079177000
1776079178.766,278.766,0.13,0.14,0.86,0.87,0.01,0.01,70868.0,1776079177000
1776079179.298,279.298,0.11,0.12,0.87,0.88,0.01,0.01,70868.0,1776079178000
1776079180.231,280.231,0.1,0.11,0.88,0.9,0.01,0.02,70868.0,1776079178000
1776079180.638,280.638,0.1,0.11,0.89,0.9,0.01,0.01,70867.45,1776079179000
1776079181.144,281.144,0.09,0.1,0.9,0.91,0.01,0.01,70867.45,1776079179000
1776079181.589,281.589,0.09,0.1,0.9,0.91,0.01,0.01,70868.01,1776079180000
1776079182.047,282.047,0.09,0.1,0.9,0.91,0.01,0.01,70868.01,1776079180000
1776079182.383,282.383,0.09,0.1,0.9,0.91,0.01,0.01,70866.29,1776079181000
1776079182.885,282.885,0.09,0.1,0.9,0.91,0.01,0.01,70866.29,1776079181000
1776079183.341,283.341,0.09,0.1,0.9,0.91,0.01,0.01,70866.29,1776079181000
1776079183.698,283.698,0.06,0.07,0.91,0.94,0.01,0.03,70868.53,1776079182000
1776079184.043,284.043,0.06,0.07,0.93,0.94,0.01,0.01,70868.53,1776079183000
1776079184.581,284.581,0.06,0.07,0.93,0.94,0.01,0.01,70868.53,1776079183000
1776079184.992,284.992,0.06,0.07,0.93,0.94,0.01,0.01,70868.53,1776079183000
1776079185.671,285.671,0.06,0.1,0.93,0.94,0.04,0.01,70868.55,1776079184000
1776079186.16,286.16,0.08,0.09,0.91,0.92,0.01,0.01,70868.55,1776079184000
1776079186.559,286.559,0.06,0.07,0.93,0.94,0.01,0.01,70868.54,1776079185000
1776079186.948,286.948,0.06,0.07,0.93,0.94,0.01,0.01,70868.54,1776079185000
1776079187.322,287.322,0.06,0.07,0.93,0.94,0.01,0.01,70868.54,1776079186000
1776079187.694,287.694,0.05,0.06,0.94,0.95,0.01,0.01,70868.54,1776079186000
1776079188.163,288.163,0.06,0.07,0.93,0.94,0.01,0.01,70868.55,1776079187000
1776079188.693,288.693,0.06,0.07,0.93,0.94,0.01,0.01,70868.55,1776079187000
1776079189.43,289.43,0.06,0.07,0.93,0.94,0.01,0.01,70868.55,1776079188000
1776079189.965,289.965,0.05,0.07,0.93,0.95,0.02,0.02,70868.54,1776079189000
1776079190.817,290.817,0.06,0.07,0.93,0.95,0.01,0.02,70868.54,1776079189000
1776079191.376,291.376,0.05,0.06,0.94,0.95,0.01,0.01,70868.64,1776079190000
1776079191.792,291.792,0.05,0.06,0.94,0.95,0.01,0.01,70868.64,1776079190000
1776079192.195,292.195,0.05,0.06,0.94,0.95,0.01,0.01,70868.64,1776079191000
1776079192.641,292.641,0.05,0.06,0.94,0.95,0.01,0.01,70868.64,1776079191000
1776079193.012,293.012,0.05,0.06,0.94,0.95,0.01,0.01,70868.64,1776079191000
1776079193.349,293.349,0.05,0.06,0.94,0.95,0.01,0.01,70868.66,1776079192000
1776079193.718,293.718,0.05,0.06,0.94,0.95,0.01,0.01,70868.66,1776079192000
1776079194.052,294.052,0.05,0.06,0.94,0.95,0.01,0.01,70868.66,1776079192000
1776079194.53,294.53,0.03,0.04,0.96,0.98,0.01,0.02,70868.62,1776079193000
1776079194.895,294.895,0.02,0.03,0.97,0.98,0.01,0.01,70868.62,1776079193000
1776079195.278,295.278,0.02,0.03,0.97,0.98,0.01,0.01,70868.62,1776079193000
1776079195.677,295.677,0.02,0.03,0.97,0.98,0.01,0.01,70868.62,1776079193000
1776079196.039,296.039,0.02,0.03,0.97,0.98,0.01,0.01,70867.33,1776079194000
1776079196.382,296.382,0.02,0.03,0.97,0.98,0.01,0.01,70867.33,1776079195000
1776079196.76,296.76,0.01,0.02,0.97,0.99,0.01,0.02,70867.33,1776079195000
1776079197.104,297.104,0.01,0.02,0.98,0.99,0.01,0.01,70867.33,1776079195000
1776079197.453,297.453,0.01,0.02,0.98,0.99,0.01,0.01,70868.55,1776079196000
1776079197.789,297.789,0.01,0.02,0.98,0.99,0.01,0.01,70868.55,1776079196000
1776079198.123,298.123,0.01,0.02,0.98,0.99,0.01,0.01,70868.55,1776079196000
1776079198.694,298.694,0.01,0.01,0.99,0.99,0.0,0.0,70867.26,1776079197000
1776079199.273,299.273,0.01,0.01,0.99,0.99,0.0,0.0,70868.5,1776079198000
1776079199.705,299.705,0.01,0.01,0.99,0.99,0.0,0.0,70868.5,1776079198000
1776079200.155,300.155,0.01,0.01,0.99,0.99,0.0,0.0,70868.5,1776079198000
1776079200.843,300.843,0.01,0.01,0.99,0.99,0.0,0.0,70868.3,1776079199000
1776079201.267,301.267,0.01,0.01,0.99,0.99,0.0,0.0,70868.45,1776079200000
1776079202.209,302.209,0.01,0.01,0.99,0.99,0.0,0.0,70868.48,1776079201000

# RESULT,winner=Down,slug=btc-updown-5m-1776078900,ticks=693
