timestamp,elapsed_sec,up_bid,up_ask,down_bid,down_ask,up_spread,down_spread,btc_price,btc_oracle_ts
1776796500.52,0.52,0.51,0.52,0.48,0.49,0.01,0.01,75589.09,1776796499000
1776796500.893,0.893,0.51,0.53,0.47,0.49,0.02,0.02,75590.33,1776796500000
1776796501.339,1.339,0.52,0.53,0.47,0.49,0.01,0.02,75590.33,1776796500000
1776796501.735,1.735,0.51,0.52,0.48,0.49,0.01,0.01,75590.33,1776796500000
1776796502.195,2.195,0.51,0.52,0.48,0.49,0.01,0.01,75591.88,1776796501000
1776796502.605,2.605,0.51,0.52,0.48,0.49,0.01,0.01,75591.88,1776796501000
1776796502.965,2.965,0.51,0.52,0.48,0.49,0.01,0.01,75591.88,1776796501000
1776796503.477,3.477,0.51,0.52,0.48,0.49,0.01,0.01,75589.49,1776796502000
1776796503.829,3.829,0.51,0.52,0.48,0.49,0.01,0.01,75589.49,1776796502000
1776796504.17,4.17,0.45,0.51,0.49,0.55,0.06,0.06,75589.49,1776796502000
1776796504.549,4.549,0.45,0.46,0.54,0.55,0.01,0.01,75588.04,1776796503000
1776796504.932,4.932,0.45,0.46,0.54,0.55,0.01,0.01,75588.04,1776796503000
1776796505.266,5.266,0.45,0.46,0.54,0.55,0.01,0.01,75583.83,1776796504000
1776796505.611,5.611,0.42,0.46,0.54,0.57,0.04,0.03,75583.83,1776796504000
1776796505.945,5.945,0.44,0.45,0.55,0.56,0.01,0.01,75583.83,1776796504000
1776796506.289,6.289,0.44,0.45,0.55,0.56,0.01,0.01,75579.9,1776796505000
1776796506.89,6.89,0.42,0.43,0.57,0.58,0.01,0.01,75579.9,1776796505000
1776796507.35,7.35,0.42,0.43,0.57,0.58,0.01,0.01,75579.9,1776796505000
1776796507.746,7.746,0.42,0.43,0.57,0.58,0.01,0.01,75579.9,1776796505000
1776796508.155,8.155,0.42,0.43,0.57,0.58,0.01,0.01,75575.3,1776796507000
1776796508.663,8.663,0.42,0.43,0.57,0.58,0.01,0.01,75575.3,1776796507000
1776796509.013,9.013,0.41,0.42,0.58,0.59,0.01,0.01,75575.3,1776796507000
1776796509.715,9.715,0.41,0.42,0.58,0.59,0.01,0.01,75575.3,1776796507000
1776796510.377,10.377,0.41,0.42,0.58,0.59,0.01,0.01,75575.3,1776796507000
1776796510.753,10.753,0.41,0.42,0.57,0.59,0.01,0.02,75572.76,1776796509000
1776796511.104,11.104,0.43,0.47,0.56,0.57,0.04,0.01,75572.76,1776796509000
1776796511.704,11.704,0.44,0.45,0.53,0.57,0.01,0.04,75572.93,1776796510000
1776796512.308,12.308,0.44,0.45,0.55,0.56,0.01,0.01,75572.93,1776796510000
1776796512.711,12.711,0.44,0.45,0.55,0.56,0.01,0.01,75579.42,1776796511000
1776796513.051,13.051,0.44,0.45,0.55,0.56,0.01,0.01,75579.42,1776796511000
1776796513.485,13.485,0.44,0.45,0.55,0.56,0.01,0.01,75579.42,1776796511000
1776796513.873,13.873,0.42,0.44,0.55,0.56,0.02,0.01,75579.49,1776796512000
1776796514.539,14.539,0.42,0.43,0.57,0.58,0.01,0.01,75579.49,1776796513000
1776796514.926,14.926,0.41,0.42,0.58,0.59,0.01,0.01,75579.49,1776796513000
1776796515.358,15.358,0.41,0.42,0.58,0.59,0.01,0.01,75579.49,1776796513000
1776796515.749,15.749,0.41,0.42,0.58,0.59,0.01,0.01,75579.49,1776796513000
1776796516.154,16.154,0.41,0.42,0.58,0.59,0.01,0.01,75574.11,1776796514000
1776796516.491,16.491,0.41,0.42,0.58,0.59,0.01,0.01,75574.11,1776796514000
1776796516.955,16.955,0.41,0.42,0.58,0.59,0.01,0.01,75571.78,1776796515000
1776796517.407,17.407,0.42,0.43,0.57,0.59,0.01,0.02,75571.78,1776796515000
1776796517.968,17.968,0.42,0.43,0.57,0.58,0.01,0.01,75572.09,1776796516000
1776796518.359,18.359,0.42,0.43,0.57,0.58,0.01,0.01,75572.49,1776796517000
1776796518.799,18.799,0.42,0.45,0.57,0.58,0.03,0.01,75572.49,1776796517000
1776796519.178,19.178,0.47,0.48,0.52,0.53,0.01,0.01,75574.53,1776796518000
1776796519.819,19.819,0.47,0.48,0.53,0.54,0.01,0.01,75574.53,1776796518000
1776796520.189,20.189,0.47,0.48,0.52,0.53,0.01,0.01,75574.53,1776796518000
1776796520.781,20.781,0.47,0.48,0.52,0.53,0.01,0.01,75583.05,1776796519000
1776796521.169,21.169,0.47,0.48,0.52,0.53,0.01,0.01,75584.2,1776796520000
1776796521.652,21.652,0.47,0.48,0.52,0.53,0.01,0.01,75584.2,1776796520000
1776796522.144,22.144,0.47,0.48,0.52,0.53,0.01,0.01,75584.2,1776796520000
1776796522.487,22.487,0.47,0.48,0.52,0.53,0.01,0.01,75584.2,1776796521000
1776796522.896,22.896,0.47,0.48,0.52,0.53,0.01,0.01,75584.2,1776796521000
1776796523.231,23.231,0.49,0.5,0.5,0.51,0.01,0.01,75583.61,1776796522000
1776796523.62,23.62,0.49,0.5,0.5,0.51,0.01,0.01,75583.61,1776796522000
1776796523.954,23.954,0.5,0.52,0.48,0.5,0.02,0.02,75583.61,1776796522000
1776796524.402,24.402,0.51,0.52,0.48,0.49,0.01,0.01,75583.61,1776796522000
1776796525.398,25.398,0.52,0.53,0.47,0.48,0.01,0.01,75585.54,1776796524000
1776796525.765,25.765,0.53,0.55,0.45,0.47,0.02,0.02,75585.54,1776796524000
1776796526.104,26.104,0.53,0.55,0.45,0.47,0.02,0.02,75585.54,1776796524000
1776796526.678,26.678,0.53,0.55,0.45,0.47,0.02,0.02,75592.69,1776796525000
1776796527.272,27.272,0.54,0.55,0.45,0.47,0.01,0.02,75592.69,1776796525000
1776796527.787,27.787,0.54,0.55,0.45,0.46,0.01,0.01,75595.66,1776796526000
1776796528.152,28.152,0.54,0.55,0.45,0.46,0.01,0.01,75595.66,1776796526000
1776796528.543,28.543,0.55,0.56,0.44,0.46,0.01,0.02,75595.66,1776796526000
1776796528.982,28.982,0.55,0.56,0.44,0.45,0.01,0.01,75595.66,1776796526000
1776796529.46,29.46,0.55,0.56,0.44,0.45,0.01,0.01,75598.4,1776796528000
1776796530.06,30.06,0.55,0.56,0.44,0.45,0.01,0.01,75598.4,1776796528000
1776796530.413,30.413,0.55,0.56,0.44,0.45,0.01,0.01,75598.4,1776796528000
1776796530.748,30.748,0.54,0.56,0.44,0.45,0.02,0.01,75599.18,1776796529000
1776796531.118,31.118,0.55,0.56,0.44,0.46,0.01,0.02,75596.99,1776796530000
1776796531.463,31.463,0.5,0.52,0.48,0.51,0.02,0.03,75596.99,1776796530000
1776796531.8,31.8,0.51,0.52,0.48,0.49,0.01,0.01,75596.99,1776796530000
1776796532.154,32.154,0.5,0.51,0.49,0.5,0.01,0.01,75596.99,1776796530000
1776796532.507,32.507,0.49,0.51,0.49,0.5,0.02,0.01,75595.33,1776796531000
1776796533.265,33.265,0.48,0.5,0.5,0.51,0.02,0.01,75595.33,1776796531000
1776796533.71,33.71,0.49,0.5,0.5,0.52,0.01,0.02,75589.61,1776796532000
1776796534.225,34.225,0.49,0.5,0.5,0.51,0.01,0.01,75589.61,1776796532000
1776796534.558,34.558,0.47,0.5,0.5,0.53,0.03,0.03,75587.81,1776796533000
1776796534.921,34.921,0.43,0.45,0.55,0.57,0.02,0.02,75583.23,1776796534000
1776796535.96,35.96,0.43,0.45,0.55,0.57,0.02,0.02,75583.23,1776796534000
1776796536.323,36.323,0.44,0.45,0.55,0.57,0.01,0.02,75574.9,1776796535000
1776796536.889,36.889,0.44,0.45,0.55,0.56,0.01,0.01,75574.9,1776796535000
1776796537.27,37.27,0.43,0.45,0.55,0.57,0.02,0.02,75574.9,1776796535000
1776796537.643,37.643,0.42,0.45,0.55,0.57,0.03,0.02,75572.36,1776796536000
1776796538.367,38.367,0.42,0.44,0.55,0.58,0.02,0.03,75572.36,1776796536000
1776796538.721,38.721,0.41,0.44,0.56,0.59,0.03,0.03,75570.25,1776796537000
1776796539.094,39.094,0.4,0.44,0.56,0.59,0.04,0.03,75565.83,1776796538000
1776796539.445,39.445,0.4,0.45,0.56,0.6,0.05,0.04,75565.83,1776796538000
1776796539.785,39.785,0.4,0.43,0.57,0.6,0.03,0.03,75565.83,1776796538000
1776796540.151,40.151,0.36,0.37,0.63,0.64,0.01,0.01,75561.05,1776796539000
1776796540.643,40.643,0.36,0.37,0.61,0.65,0.01,0.04,75561.05,1776796539000
1776796540.991,40.991,0.35,0.37,0.63,0.64,0.02,0.01,75561.05,1776796539000
1776796541.345,41.345,0.35,0.36,0.64,0.65,0.01,0.01,75558.66,1776796540000
1776796541.928,41.928,0.35,0.36,0.64,0.66,0.01,0.02,75558.66,1776796540000
1776796542.431,42.431,0.35,0.36,0.64,0.65,0.01,0.01,75557.28,1776796541000
1776796543.105,43.105,0.34,0.36,0.64,0.66,0.02,0.02,75558.38,1776796542000
1776796544.198,44.198,0.34,0.36,0.64,0.66,0.02,0.02,75557.94,1776796543000
1776796545.17,45.17,0.35,0.36,0.64,0.66,0.01,0.02,75557.94,1776796543000
1776796545.57,45.57,0.35,0.36,0.64,0.65,0.01,0.01,75562.12,1776796544000
1776796545.946,45.946,0.35,0.36,0.64,0.65,0.01,0.01,75562.12,1776796544000
1776796546.311,46.311,0.35,0.36,0.64,0.65,0.01,0.01,75562.12,1776796544000
1776796546.667,46.667,0.35,0.36,0.64,0.65,0.01,0.01,75568.77,1776796545000
1776796547.056,47.056,0.35,0.36,0.64,0.65,0.01,0.01,75568.77,1776796545000
1776796547.398,47.398,0.35,0.36,0.64,0.65,0.01,0.01,75570.24,1776796546000
1776796547.736,47.736,0.35,0.36,0.64,0.65,0.01,0.01,75570.24,1776796546000
1776796548.078,48.078,0.35,0.36,0.63,0.65,0.01,0.02,75570.24,1776796546000
1776796548.448,48.448,0.35,0.37,0.63,0.65,0.02,0.02,75570.66,1776796547000
1776796548.81,48.81,0.35,0.37,0.63,0.65,0.02,0.02,75570.66,1776796547000
1776796549.181,49.181,0.35,0.38,0.58,0.65,0.03,0.07,75570.66,1776796547000
1776796549.59,49.59,0.38,0.43,0.57,0.63,0.05,0.06,75570.53,1776796548000
1776796549.925,49.925,0.38,0.42,0.61,0.62,0.04,0.01,75570.53,1776796548000
1776796550.276,50.276,0.38,0.41,0.58,0.62,0.03,0.04,75570.59,1776796549000
1776796550.638,50.638,0.4,0.42,0.59,0.6,0.02,0.01,75570.59,1776796549000
1776796551.102,51.102,0.4,0.41,0.59,0.6,0.01,0.01,75570.59,1776796549000
1776796551.671,51.671,0.4,0.43,0.57,0.6,0.03,0.03,75570.61,1776796550000
1776796552.434,52.434,0.41,0.42,0.58,0.59,0.01,0.01,75572.2,1776796551000
1776796553.254,53.254,0.41,0.42,0.58,0.59,0.01,0.01,75572.2,1776796551000
1776796553.822,53.822,0.41,0.42,0.58,0.59,0.01,0.01,75579.16,1776796552000
1776796554.177,54.177,0.41,0.43,0.57,0.59,0.02,0.02,75579.16,1776796553000
1776796555.057,55.057,0.41,0.42,0.57,0.59,0.01,0.02,75579.16,1776796553000
1776796555.505,55.505,0.41,0.42,0.58,0.59,0.01,0.01,75578.14,1776796554000
1776796556.03,56.03,0.41,0.42,0.57,0.59,0.01,0.02,75578.14,1776796554000
1776796556.393,56.393,0.41,0.44,0.57,0.59,0.03,0.02,75576.88,1776796555000
1776796556.731,56.731,0.41,0.42,0.58,0.59,0.01,0.01,75576.88,1776796555000
1776796557.231,57.231,0.42,0.43,0.56,0.58,0.01,0.02,75576.88,1776796555000
1776796557.588,57.588,0.41,0.43,0.57,0.59,0.02,0.02,75575.58,1776796556000
1776796557.942,57.942,0.41,0.44,0.56,0.59,0.03,0.03,75576.41,1776796557000
1776796558.588,58.588,0.41,0.42,0.58,0.59,0.01,0.01,75576.41,1776796557000
1776796559.317,59.317,0.41,0.42,0.58,0.59,0.01,0.01,75576.41,1776796557000
1776796559.685,59.685,0.4,0.42,0.58,0.61,0.02,0.03,75575.42,1776796558000
1776796560.031,60.031,0.4,0.41,0.59,0.6,0.01,0.01,75575.42,1776796558000
1776796560.605,60.605,0.4,0.41,0.59,0.6,0.01,0.01,75575.24,1776796559000
1776796560.974,60.974,0.39,0.4,0.6,0.61,0.01,0.01,75575.24,1776796559000
1776796561.366,61.366,0.38,0.4,0.6,0.62,0.02,0.02,75575.24,1776796559000
1776796561.741,61.741,0.37,0.39,0.61,0.63,0.02,0.02,75569.03,1776796560000
1776796562.118,62.118,0.38,0.39,0.61,0.62,0.01,0.01,75568.41,1776796561000
1776796563.459,63.459,0.38,0.39,0.61,0.62,0.01,0.01,75568.46,1776796562000
1776796564.058,64.058,0.38,0.39,0.61,0.62,0.01,0.01,75569.45,1776796563000
1776796565.68,65.68,0.38,0.39,0.61,0.62,0.01,0.01,75572.09,1776796564000
1776796566.148,66.148,0.38,0.39,0.61,0.62,0.01,0.01,75572.09,1776796564000
1776796566.54,66.54,0.38,0.39,0.61,0.62,0.01,0.01,75570.22,1776796565000
1776796566.909,66.909,0.39,0.41,0.59,0.61,0.02,0.02,75570.22,1776796565000
1776796567.283,67.283,0.39,0.41,0.59,0.61,0.02,0.02,75572.07,1776796566000
1776796567.636,67.636,0.39,0.41,0.59,0.61,0.02,0.02,75572.07,1776796566000
1776796567.978,67.978,0.4,0.41,0.59,0.6,0.01,0.01,75572.07,1776796566000
1776796568.428,68.428,0.4,0.41,0.59,0.6,0.01,0.01,75572.07,1776796566000
1776796568.808,68.808,0.4,0.41,0.59,0.6,0.01,0.01,75572.5,1776796567000
1776796569.274,69.274,0.4,0.41,0.59,0.6,0.01,0.01,75572.5,1776796568000
1776796569.73,69.73,0.39,0.4,0.6,0.61,0.01,0.01,75572.5,1776796568000
1776796570.346,70.346,0.39,0.4,0.6,0.61,0.01,0.01,75572.5,1776796568000
1776796570.765,70.765,0.38,0.4,0.6,0.61,0.02,0.01,75571.64,1776796569000
1776796571.156,71.156,0.37,0.39,0.61,0.63,0.02,0.02,75568.25,1776796570000
1776796571.529,71.529,0.38,0.39,0.61,0.62,0.01,0.01,75568.25,1776796570000
1776796572.003,72.003,0.37,0.39,0.61,0.63,0.02,0.02,75568.25,1776796570000
1776796572.399,72.399,0.37,0.39,0.61,0.63,0.02,0.02,75566.96,1776796571000
1776796573.059,73.059,0.37,0.39,0.61,0.63,0.02,0.02,75566.96,1776796572000
1776796574.446,74.446,0.37,0.39,0.61,0.63,0.02,0.02,75566.73,1776796573000
1776796574.939,74.939,0.37,0.38,0.62,0.63,0.01,0.01,75566.73,1776796573000
1776796575.306,75.306,0.37,0.38,0.62,0.63,0.01,0.01,75565.11,1776796574000
1776796575.812,75.812,0.37,0.38,0.62,0.63,0.01,0.01,75565.11,1776796574000
1776796576.184,76.184,0.37,0.38,0.62,0.63,0.01,0.01,75565.11,1776796574000
1776796576.985,76.985,0.37,0.38,0.62,0.63,0.01,0.01,75565.11,1776796574000
1776796577.353,77.353,0.36,0.38,0.62,0.64,0.02,0.02,75555.69,1776796575000
1776796577.773,77.773,0.34,0.36,0.64,0.66,0.02,0.02,75551.08,1776796576000
1776796578.18,78.18,0.32,0.34,0.66,0.68,0.02,0.02,75551.08,1776796576000
1776796578.517,78.517,0.27,0.31,0.69,0.72,0.04,0.03,75546.86,1776796577000
1776796578.853,78.853,0.28,0.36,0.64,0.72,0.08,0.08,75546.86,1776796577000
1776796579.188,79.188,0.24,0.29,0.71,0.76,0.05,0.05,75546.86,1776796577000
1776796579.552,79.552,0.25,0.27,0.73,0.74,0.02,0.01,75542.43,1776796578000
1776796579.911,79.911,0.26,0.27,0.73,0.74,0.01,0.01,75542.43,1776796578000
1776796580.271,80.271,0.26,0.27,0.73,0.74,0.01,0.01,75542.43,1776796578000
1776796580.744,80.744,0.26,0.27,0.73,0.74,0.01,0.01,75538.3,1776796579000
1776796581.226,81.226,0.26,0.27,0.73,0.74,0.01,0.01,75536.72,1776796580000
1776796581.898,81.898,0.26,0.27,0.73,0.74,0.01,0.01,75536.72,1776796580000
1776796582.478,82.478,0.26,0.27,0.73,0.74,0.01,0.01,75537.69,1776796581000
1776796583.152,83.152,0.26,0.27,0.73,0.74,0.01,0.01,75537.69,1776796581000
1776796584.371,84.371,0.26,0.27,0.73,0.74,0.01,0.01,75541.42,1776796583000
1776796584.756,84.756,0.26,0.27,0.73,0.74,0.01,0.01,75541.42,1776796583000
1776796585.118,85.118,0.26,0.28,0.72,0.74,0.02,0.02,75541.42,1776796583000
1776796585.493,85.493,0.26,0.29,0.73,0.74,0.03,0.01,75541.42,1776796583000
1776796585.889,85.889,0.26,0.27,0.73,0.74,0.01,0.01,75543.41,1776796584000
1776796586.363,86.363,0.29,0.3,0.67,0.71,0.01,0.04,75543.41,1776796585000
1776796586.709,86.709,0.3,0.31,0.69,0.7,0.01,0.01,75543.41,1776796585000
1776796587.094,87.094,0.3,0.31,0.69,0.7,0.01,0.01,75545.64,1776796586000
1776796587.491,87.491,0.3,0.31,0.69,0.7,0.01,0.01,75545.64,1776796586000
1776796587.844,87.844,0.29,0.31,0.69,0.71,0.02,0.02,75545.64,1776796586000
1776796588.19,88.19,0.3,0.31,0.69,0.7,0.01,0.01,75548.32,1776796587000
1776796588.607,88.607,0.3,0.31,0.69,0.7,0.01,0.01,75548.32,1776796587000
1776796589.158,89.158,0.3,0.31,0.69,0.7,0.01,0.01,75548.32,1776796587000
1776796589.525,89.525,0.3,0.31,0.69,0.7,0.01,0.01,75542.53,1776796588000
1776796590.007,90.007,0.3,0.31,0.69,0.7,0.01,0.01,75542.53,1776796588000
1776796590.445,90.445,0.3,0.31,0.69,0.7,0.01,0.01,75542.53,1776796588000
1776796590.795,90.795,0.3,0.31,0.69,0.7,0.01,0.01,75545.26,1776796589000
1776796591.165,91.165,0.3,0.31,0.69,0.7,0.01,0.01,75545.26,1776796589000
1776796591.64,91.64,0.3,0.31,0.69,0.7,0.01,0.01,75546.24,1776796590000
1776796592.004,92.004,0.3,0.31,0.69,0.7,0.01,0.01,75546.24,1776796590000
1776796592.785,92.785,0.3,0.31,0.69,0.7,0.01,0.01,75544.41,1776796591000
1776796593.17,93.17,0.3,0.31,0.69,0.7,0.01,0.01,75545.98,1776796592000
1776796593.508,93.508,0.3,0.31,0.69,0.7,0.01,0.01,75545.98,1776796592000
1776796593.929,93.929,0.3,0.31,0.69,0.7,0.01,0.01,75545.98,1776796592000
1776796594.273,94.273,0.3,0.31,0.69,0.7,0.01,0.01,75549.13,1776796593000
1776796594.673,94.673,0.3,0.31,0.69,0.7,0.01,0.01,75549.13,1776796593000
1776796595.007,95.007,0.3,0.31,0.69,0.7,0.01,0.01,75549.13,1776796593000
1776796595.402,95.402,0.29,0.3,0.69,0.71,0.01,0.02,75550.87,1776796594000
1776796595.913,95.913,0.29,0.3,0.7,0.71,0.01,0.01,75550.87,1776796594000
1776796596.361,96.361,0.29,0.3,0.7,0.71,0.01,0.01,75550.48,1776796595000
1776796596.734,96.734,0.29,0.3,0.7,0.71,0.01,0.01,75550.48,1776796595000
1776796597.09,97.09,0.29,0.3,0.7,0.71,0.01,0.01,75549.36,1776796596000
1776796597.52,97.52,0.29,0.3,0.7,0.71,0.01,0.01,75549.36,1776796596000
1776796598.08,98.08,0.29,0.3,0.7,0.71,0.01,0.01,75546.96,1776796597000
1776796598.434,98.434,0.29,0.3,0.7,0.71,0.01,0.01,75546.96,1776796597000
1776796598.775,98.775,0.29,0.3,0.7,0.71,0.01,0.01,75546.96,1776796597000
1776796599.115,99.115,0.29,0.3,0.7,0.71,0.01,0.01,75543.62,1776796598000
1776796599.52,99.52,0.29,0.3,0.7,0.71,0.01,0.01,75543.62,1776796598000
1776796599.949,99.949,0.29,0.3,0.7,0.71,0.01,0.01,75543.62,1776796598000
1776796600.285,100.285,0.29,0.3,0.7,0.71,0.01,0.01,75547.41,1776796599000
1776796600.697,100.697,0.29,0.3,0.7,0.71,0.01,0.01,75547.41,1776796599000
1776796601.054,101.054,0.29,0.3,0.7,0.71,0.01,0.01,75547.41,1776796599000
1776796601.493,101.493,0.29,0.3,0.7,0.71,0.01,0.01,75546.28,1776796600000
1776796602.091,102.091,0.29,0.3,0.7,0.71,0.01,0.01,75545.95,1776796601000
1776796602.498,102.498,0.29,0.3,0.7,0.71,0.01,0.01,75545.95,1776796601000
1776796603.134,103.134,0.29,0.3,0.7,0.71,0.01,0.01,75546.08,1776796602000
1776796603.489,103.489,0.28,0.29,0.71,0.72,0.01,0.01,75546.08,1776796602000
1776796603.87,103.87,0.28,0.29,0.71,0.72,0.01,0.01,75546.08,1776796602000
1776796604.276,104.276,0.27,0.29,0.71,0.72,0.02,0.01,75546.08,1776796602000
1776796604.637,104.637,0.27,0.28,0.72,0.73,0.01,0.01,75546.08,1776796602000
1776796604.975,104.975,0.27,0.28,0.72,0.73,0.01,0.01,75547.83,1776796603000
1776796605.38,105.38,0.27,0.28,0.72,0.73,0.01,0.01,75545.2,1776796604000
1776796605.793,105.793,0.27,0.28,0.72,0.73,0.01,0.01,75545.2,1776796604000
1776796606.142,106.142,0.27,0.28,0.72,0.73,0.01,0.01,75544.32,1776796605000
1776796606.485,106.485,0.24,0.25,0.75,0.76,0.01,0.01,75544.32,1776796605000
1776796606.84,106.84,0.24,0.25,0.75,0.76,0.01,0.01,75544.32,1776796605000
1776796607.497,107.497,0.24,0.25,0.75,0.76,0.01,0.01,75542.03,1776796606000
1776796607.904,107.904,0.22,0.25,0.75,0.78,0.03,0.03,75542.03,1776796606000
1776796608.278,108.278,0.22,0.23,0.77,0.79,0.01,0.02,75536.39,1776796607000
1776796608.651,108.651,0.2,0.22,0.78,0.82,0.02,0.04,75536.39,1776796607000
1776796608.991,108.991,0.19,0.21,0.79,0.81,0.02,0.02,75536.39,1776796607000
1776796609.829,109.829,0.19,0.2,0.79,0.81,0.01,0.02,75528.2,1776796608000
1776796610.246,110.246,0.19,0.2,0.8,0.81,0.01,0.01,75528.2,1776796608000
1776796610.594,110.594,0.19,0.2,0.8,0.81,0.01,0.01,75524.79,1776796609000
1776796611.055,111.055,0.19,0.2,0.8,0.81,0.01,0.01,75524.79,1776796609000
1776796611.442,111.442,0.19,0.2,0.8,0.81,0.01,0.01,75524.79,1776796609000
1776796611.866,111.866,0.19,0.2,0.8,0.81,0.01,0.01,75529.14,1776796610000
1776796612.325,112.325,0.19,0.2,0.8,0.81,0.01,0.01,75529.14,1776796610000
1776796612.798,112.798,0.19,0.2,0.8,0.81,0.01,0.01,75529.14,1776796610000
1776796613.208,113.208,0.19,0.23,0.8,0.81,0.04,0.01,75529.14,1776796610000
1776796613.567,113.567,0.21,0.22,0.78,0.79,0.01,0.01,75529.14,1776796610000
1776796613.904,113.904,0.19,0.2,0.78,0.81,0.01,0.03,75529.14,1776796610000
1776796614.332,114.332,0.19,0.2,0.8,0.81,0.01,0.01,75529.14,1776796610000
1776796614.674,114.674,0.19,0.2,0.8,0.81,0.01,0.01,75529.14,1776796610000
1776796615.031,115.031,0.19,0.2,0.8,0.81,0.01,0.01,75529.14,1776796610000
1776796615.528,115.528,0.19,0.2,0.8,0.81,0.01,0.01,75529.14,1776796610000
1776796615.979,115.979,0.19,0.2,0.8,0.81,0.01,0.01,75529.14,1776796610000
1776796616.399,116.399,0.17,0.18,0.82,0.83,0.01,0.01,75529.14,1776796610000
1776796616.843,116.843,0.17,0.18,0.82,0.83,0.01,0.01,75529.14,1776796610000
1776796617.178,117.178,0.17,0.18,0.82,0.83,0.01,0.01,75529.14,1776796610000
1776796617.579,117.579,0.17,0.18,0.82,0.83,0.01,0.01,75529.14,1776796610000
1776796617.964,117.964,0.17,0.18,0.82,0.83,0.01,0.01,75529.14,1776796610000
1776796618.579,118.579,0.17,0.18,0.82,0.83,0.01,0.01,75529.14,1776796610000
1776796618.928,118.928,0.17,0.18,0.82,0.83,0.01,0.01,75529.14,1776796610000
1776796619.624,119.624,0.17,0.18,0.82,0.83,0.01,0.01,75521.56,1776796618000
1776796620.086,120.086,0.17,0.18,0.82,0.83,0.01,0.01,75521.56,1776796618000
1776796620.424,120.424,0.17,0.18,0.82,0.83,0.01,0.01,75521.76,1776796619000
1776796620.762,120.762,0.17,0.18,0.82,0.83,0.01,0.01,75521.76,1776796619000
1776796621.151,121.151,0.17,0.18,0.82,0.83,0.01,0.01,75521.76,1776796619000
1776796621.531,121.531,0.17,0.18,0.82,0.83,0.01,0.01,75521.76,1776796619000
1776796621.962,121.962,0.17,0.18,0.82,0.83,0.01,0.01,75522.12,1776796620000
1776796622.446,122.446,0.17,0.18,0.82,0.83,0.01,0.01,75522.65,1776796621000
1776796622.81,122.81,0.17,0.18,0.82,0.83,0.01,0.01,75522.65,1776796621000
1776796623.184,123.184,0.17,0.18,0.82,0.83,0.01,0.01,75522.65,1776796621000
1776796623.53,123.53,0.18,0.19,0.81,0.82,0.01,0.01,75522.93,1776796622000
1776796623.888,123.888,0.18,0.19,0.81,0.82,0.01,0.01,75522.93,1776796622000
1776796624.23,124.23,0.18,0.19,0.81,0.82,0.01,0.01,75522.93,1776796622000
1776796624.566,124.566,0.18,0.19,0.81,0.82,0.01,0.01,75525.47,1776796623000
1776796624.953,124.953,0.18,0.19,0.81,0.82,0.01,0.01,75525.47,1776796623000
1776796625.615,125.615,0.18,0.19,0.81,0.82,0.01,0.01,75523.64,1776796624000
1776796625.95,125.95,0.18,0.19,0.81,0.82,0.01,0.01,75523.64,1776796624000
1776796626.676,126.676,0.18,0.19,0.81,0.82,0.01,0.01,75523.17,1776796625000
1776796627.015,127.015,0.18,0.19,0.81,0.82,0.01,0.01,75523.17,1776796625000
1776796627.434,127.434,0.18,0.19,0.81,0.82,0.01,0.01,75526.48,1776796626000
1776796627.954,127.954,0.18,0.19,0.81,0.82,0.01,0.01,75526.48,1776796627000
1776796628.365,128.365,0.22,0.23,0.76,0.78,0.01,0.02,75526.48,1776796627000
1776796628.763,128.763,0.25,0.28,0.72,0.75,0.03,0.03,75526.48,1776796627000
1776796629.123,129.123,0.25,0.26,0.71,0.75,0.01,0.04,75526.48,1776796627000
1776796629.474,129.474,0.25,0.27,0.73,0.75,0.02,0.02,75524.78,1776796628000
1776796629.843,129.843,0.25,0.26,0.74,0.75,0.01,0.01,75524.78,1776796628000
1776796630.23,130.23,0.22,0.24,0.76,0.78,0.02,0.02,75524.78,1776796628000
1776796630.637,130.637,0.22,0.23,0.77,0.78,0.01,0.01,75538.84,1776796629000
1776796630.992,130.992,0.22,0.23,0.77,0.78,0.01,0.01,75542.16,1776796630000
1776796631.358,131.358,0.21,0.22,0.78,0.79,0.01,0.01,75542.16,1776796630000
1776796631.865,131.865,0.2,0.22,0.78,0.79,0.02,0.01,75542.16,1776796630000
1776796632.234,132.234,0.21,0.22,0.78,0.79,0.01,0.01,75542.16,1776796630000
1776796632.627,132.627,0.21,0.22,0.78,0.79,0.01,0.01,75535.45,1776796631000
1776796633.247,133.247,0.21,0.22,0.78,0.79,0.01,0.01,75535.45,1776796631000
1776796633.686,133.686,0.21,0.22,0.78,0.79,0.01,0.01,75533.4,1776796632000
1776796634.289,134.289,0.21,0.22,0.78,0.79,0.01,0.01,75533.4,1776796632000
1776796634.625,134.625,0.16,0.19,0.8,0.84,0.03,0.04,75533.4,1776796632000
1776796635.076,135.076,0.17,0.18,0.82,0.83,0.01,0.01,75536.45,1776796633000
1776796635.484,135.484,0.17,0.18,0.82,0.83,0.01,0.01,75537.81,1776796634000
1776796635.983,135.983,0.17,0.18,0.82,0.83,0.01,0.01,75537.81,1776796634000
1776796636.334,136.334,0.17,0.19,0.82,0.83,0.02,0.01,75533.47,1776796635000
1776796636.771,136.771,0.17,0.18,0.82,0.83,0.01,0.01,75533.47,1776796635000
1776796637.127,137.127,0.16,0.17,0.83,0.84,0.01,0.01,75523.47,1776796636000
1776796637.635,137.635,0.16,0.17,0.83,0.84,0.01,0.01,75523.47,1776796636000
1776796638.052,138.052,0.16,0.17,0.83,0.84,0.01,0.01,75523.47,1776796636000
1776796638.413,138.413,0.16,0.17,0.83,0.84,0.01,0.01,75523.47,1776796636000
1776796638.966,138.966,0.16,0.17,0.83,0.84,0.01,0.01,75522.33,1776796637000
1776796639.42,139.42,0.16,0.17,0.83,0.84,0.01,0.01,75522.33,1776796637000
1776796640.028,140.028,0.16,0.17,0.83,0.84,0.01,0.01,75524.45,1776796638000
1776796640.365,140.365,0.15,0.16,0.83,0.85,0.01,0.02,75524.45,1776796638000
1776796640.75,140.75,0.15,0.16,0.84,0.85,0.01,0.01,75524.98,1776796639000
1776796641.622,141.622,0.15,0.16,0.84,0.85,0.01,0.01,75524.98,1776796639000
1776796641.97,141.97,0.15,0.16,0.84,0.85,0.01,0.01,75524.76,1776796640000
1776796642.454,142.454,0.14,0.15,0.84,0.85,0.01,0.01,75524.76,1776796640000
1776796642.856,142.856,0.13,0.14,0.86,0.87,0.01,0.01,75524.76,1776796640000
1776796643.311,143.311,0.13,0.14,0.86,0.87,0.01,0.01,75521.94,1776796641000
1776796643.767,143.767,0.12,0.13,0.87,0.88,0.01,0.01,75521.35,1776796642000
1776796644.326,144.326,0.12,0.13,0.87,0.88,0.01,0.01,75521.35,1776796642000
1776796644.664,144.664,0.11,0.12,0.88,0.89,0.01,0.01,75518.72,1776796643000
1776796645.018,145.018,0.11,0.12,0.88,0.89,0.01,0.01,75518.72,1776796643000
1776796645.388,145.388,0.11,0.12,0.88,0.89,0.01,0.01,75515.8,1776796644000
1776796645.792,145.792,0.11,0.12,0.88,0.89,0.01,0.01,75515.8,1776796644000
1776796646.147,146.147,0.11,0.12,0.88,0.89,0.01,0.01,75515.8,1776796644000
1776796646.54,146.54,0.1,0.11,0.89,0.9,0.01,0.01,75515.8,1776796644000
1776796646.879,146.879,0.09,0.11,0.89,0.9,0.02,0.01,75512.84,1776796645000
1776796647.235,147.235,0.09,0.1,0.9,0.91,0.01,0.01,75512.84,1776796645000
1776796647.605,147.605,0.09,0.1,0.9,0.91,0.01,0.01,75512.84,1776796646000
1776796647.991,147.991,0.08,0.09,0.91,0.92,0.01,0.01,75512.84,1776796646000
1776796648.363,148.363,0.08,0.09,0.91,0.92,0.01,0.01,75506.16,1776796647000
1776796648.71,148.71,0.08,0.09,0.91,0.92,0.01,0.01,75506.16,1776796647000
1776796649.083,149.083,0.09,0.1,0.9,0.91,0.01,0.01,75505.12,1776796648000
1776796649.514,149.514,0.11,0.12,0.88,0.9,0.01,0.02,75505.12,1776796648000
1776796649.851,149.851,0.11,0.12,0.88,0.89,0.01,0.01,75505.12,1776796648000
1776796650.192,150.192,0.11,0.12,0.88,0.89,0.01,0.01,75505.12,1776796648000
1776796650.593,150.593,0.11,0.12,0.88,0.89,0.01,0.01,75505.12,1776796648000
1776796650.957,150.957,0.11,0.12,0.88,0.89,0.01,0.01,75505.12,1776796648000
1776796651.338,151.338,0.11,0.12,0.88,0.89,0.01,0.01,75509.21,1776796650000
1776796651.742,151.742,0.11,0.12,0.88,0.89,0.01,0.01,75509.21,1776796650000
1776796652.212,152.212,0.11,0.12,0.88,0.89,0.01,0.01,75509.21,1776796650000
1776796652.69,152.69,0.11,0.12,0.88,0.89,0.01,0.01,75511.51,1776796651000
1776796653.176,153.176,0.11,0.12,0.88,0.89,0.01,0.01,75511.51,1776796651000
1776796653.617,153.617,0.11,0.12,0.88,0.89,0.01,0.01,75512.74,1776796652000
1776796653.996,153.996,0.11,0.12,0.88,0.89,0.01,0.01,75512.74,1776796652000
1776796654.682,154.682,0.11,0.12,0.88,0.89,0.01,0.01,75515.15,1776796653000
1776796655.54,155.54,0.11,0.12,0.86,0.89,0.01,0.03,75515.15,1776796654000
1776796655.919,155.919,0.1,0.11,0.89,0.9,0.01,0.01,75515.15,1776796654000
1776796656.259,156.259,0.09,0.1,0.9,0.91,0.01,0.01,75514.83,1776796655000
1776796656.649,156.649,0.09,0.1,0.9,0.91,0.01,0.01,75514.83,1776796655000
1776796657.024,157.024,0.08,0.09,0.91,0.92,0.01,0.01,75514.83,1776796655000
1776796657.404,157.404,0.07,0.08,0.92,0.93,0.01,0.01,75514.34,1776796656000
1776796657.756,157.756,0.07,0.08,0.92,0.93,0.01,0.01,75514.34,1776796656000
1776796658.189,158.189,0.07,0.08,0.92,0.93,0.01,0.01,75506.88,1776796657000
1776796658.583,158.583,0.07,0.08,0.92,0.93,0.01,0.01,75506.88,1776796657000
1776796659.113,159.113,0.07,0.08,0.92,0.93,0.01,0.01,75506.88,1776796657000
1776796659.6,159.6,0.06,0.07,0.93,0.94,0.01,0.01,75499.34,1776796658000
1776796660.085,160.085,0.05,0.07,0.93,0.95,0.02,0.02,75499.34,1776796658000
1776796660.481,160.481,0.06,0.07,0.93,0.94,0.01,0.01,75496.35,1776796659000
1776796660.823,160.823,0.05,0.07,0.93,0.95,0.02,0.02,75496.35,1776796659000
1776796661.182,161.182,0.05,0.06,0.94,0.95,0.01,0.01,75496.35,1776796659000
1776796661.718,161.718,0.05,0.06,0.94,0.95,0.01,0.01,75485.8,1776796660000
1776796662.144,162.144,0.05,0.06,0.94,0.95,0.01,0.01,75485.73,1776796661000
1776796662.73,162.73,0.05,0.06,0.94,0.95,0.01,0.01,75485.73,1776796661000
1776796663.107,163.107,0.05,0.06,0.94,0.95,0.01,0.01,75485.73,1776796661000
1776796663.443,163.443,0.05,0.06,0.94,0.95,0.01,0.01,75483.01,1776796662000
1776796663.936,163.936,0.05,0.06,0.94,0.95,0.01,0.01,75483.01,1776796662000
1776796664.342,164.342,0.05,0.06,0.94,0.95,0.01,0.01,75483.01,1776796662000
1776796664.799,164.799,0.07,0.08,0.92,0.93,0.01,0.01,75482.5,1776796663000
1776796665.186,165.186,0.07,0.08,0.92,0.93,0.01,0.01,75482.5,1776796663000
1776796665.577,165.577,0.07,0.08,0.92,0.93,0.01,0.01,75485.51,1776796664000
1776796665.987,165.987,0.07,0.08,0.92,0.93,0.01,0.01,75488.03,1776796665000
1776796666.544,166.544,0.07,0.08,0.92,0.93,0.01,0.01,75488.03,1776796665000
1776796666.889,166.889,0.07,0.08,0.92,0.93,0.01,0.01,75488.03,1776796665000
1776796667.251,167.251,0.07,0.08,0.92,0.93,0.01,0.01,75491.52,1776796666000
1776796667.92,167.92,0.08,0.09,0.91,0.92,0.01,0.01,75491.52,1776796666000
1776796668.296,168.296,0.08,0.09,0.91,0.92,0.01,0.01,75491.52,1776796666000
1776796668.638,168.638,0.08,0.09,0.91,0.92,0.01,0.01,75492.81,1776796667000
1776796669.083,169.083,0.08,0.09,0.91,0.92,0.01,0.01,75492.81,1776796667000
1776796669.824,169.824,0.08,0.09,0.91,0.92,0.01,0.01,75496.36,1776796668000
1776796670.216,170.216,0.08,0.09,0.91,0.92,0.01,0.01,75496.36,1776796668000
1776796670.724,170.724,0.08,0.09,0.91,0.92,0.01,0.01,75497.5,1776796669000
1776796671.172,171.172,0.08,0.09,0.91,0.92,0.01,0.01,75497.82,1776796670000
1776796671.509,171.509,0.08,0.09,0.91,0.92,0.01,0.01,75497.82,1776796670000
1776796671.859,171.859,0.08,0.09,0.91,0.92,0.01,0.01,75497.82,1776796670000
1776796672.204,172.204,0.08,0.09,0.91,0.92,0.01,0.01,75497.82,1776796670000
1776796672.541,172.541,0.08,0.09,0.91,0.92,0.01,0.01,75497.88,1776796671000
1776796673.035,173.035,0.08,0.09,0.91,0.92,0.01,0.01,75497.88,1776796671000
1776796673.469,173.469,0.08,0.09,0.91,0.92,0.01,0.01,75497.88,1776796671000
1776796673.822,173.822,0.08,0.09,0.91,0.92,0.01,0.01,75497.71,1776796672000
1776796674.164,174.164,0.08,0.09,0.91,0.92,0.01,0.01,75497.71,1776796672000
1776796674.786,174.786,0.08,0.09,0.91,0.92,0.01,0.01,75497.65,1776796673000
1776796675.148,175.148,0.08,0.09,0.91,0.92,0.01,0.01,75497.65,1776796673000
1776796675.543,175.543,0.08,0.09,0.91,0.92,0.01,0.01,75497.84,1776796674000
1776796675.882,175.882,0.08,0.09,0.91,0.92,0.01,0.01,75497.84,1776796674000
1776796676.225,176.225,0.08,0.09,0.91,0.92,0.01,0.01,75497.84,1776796674000
1776796676.619,176.619,0.08,0.09,0.91,0.92,0.01,0.01,75498.79,1776796675000
1776796676.957,176.957,0.08,0.09,0.91,0.92,0.01,0.01,75498.79,1776796675000
1776796677.968,177.968,0.08,0.09,0.91,0.92,0.01,0.01,75503.05,1776796676000
1776796678.445,178.445,0.08,0.09,0.91,0.92,0.01,0.01,75506.68,1776796677000
1776796678.977,178.977,0.08,0.1,0.91,0.92,0.02,0.01,75506.68,1776796677000
1776796679.375,179.375,0.09,0.1,0.9,0.92,0.01,0.02,75506.83,1776796678000
1776796679.806,179.806,0.09,0.1,0.9,0.91,0.01,0.01,75506.83,1776796678000
1776796680.176,180.176,0.09,0.1,0.9,0.91,0.01,0.01,75506.83,1776796678000
1776796680.568,180.568,0.08,0.1,0.9,0.91,0.02,0.01,75506.83,1776796678000
1776796680.939,180.939,0.08,0.09,0.91,0.92,0.01,0.01,75506.83,1776796679000
1776796681.359,181.359,0.08,0.09,0.91,0.92,0.01,0.01,75506.83,1776796679000
1776796681.903,181.903,0.07,0.08,0.92,0.93,0.01,0.01,75506.83,1776796679000
1776796682.392,182.392,0.07,0.08,0.92,0.93,0.01,0.01,75507.49,1776796680000
1776796682.743,182.743,0.06,0.07,0.93,0.94,0.01,0.01,75507.47,1776796681000
1776796683.112,183.112,0.06,0.07,0.93,0.94,0.01,0.01,75507.47,1776796681000
1776796683.473,183.473,0.07,0.08,0.92,0.93,0.01,0.01,75507.01,1776796682000
1776796683.924,183.924,0.07,0.08,0.92,0.93,0.01,0.01,75507.01,1776796682000
1776796684.266,184.266,0.07,0.08,0.92,0.93,0.01,0.01,75504.25,1776796683000
1776796684.826,184.826,0.07,0.08,0.92,0.93,0.01,0.01,75504.25,1776796683000
1776796685.199,185.199,0.07,0.08,0.92,0.93,0.01,0.01,75504.25,1776796683000
1776796685.591,185.591,0.07,0.1,0.92,0.93,0.03,0.01,75504.25,1776796683000
1776796686.347,186.347,0.09,0.1,0.9,0.91,0.01,0.01,75504.62,1776796684000
1776796686.9,186.9,0.09,0.1,0.9,0.91,0.01,0.01,75506.95,1776796685000
1776796687.249,187.249,0.09,0.1,0.9,0.91,0.01,0.01,75506.95,1776796685000
1776796687.836,187.836,0.09,0.1,0.9,0.91,0.01,0.01,75509.57,1776796686000
1776796688.181,188.181,0.08,0.09,0.9,0.92,0.01,0.02,75509.57,1776796686000
1776796688.541,188.541,0.08,0.09,0.91,0.92,0.01,0.01,75509.51,1776796687000
1776796688.954,188.954,0.08,0.09,0.91,0.92,0.01,0.01,75509.51,1776796687000
1776796689.415,189.415,0.08,0.09,0.91,0.92,0.01,0.01,75509.83,1776796688000
1776796689.757,189.757,0.08,0.09,0.91,0.92,0.01,0.01,75509.83,1776796688000
1776796690.481,190.481,0.08,0.09,0.91,0.92,0.01,0.01,75509.83,1776796688000
1776796690.821,190.821,0.08,0.09,0.91,0.92,0.01,0.01,75508.84,1776796689000
1776796691.308,191.308,0.08,0.09,0.91,0.92,0.01,0.01,75508.84,1776796689000
1776796691.748,191.748,0.08,0.09,0.91,0.92,0.01,0.01,75509.11,1776796690000
1776796692.295,192.295,0.08,0.09,0.91,0.92,0.01,0.01,75509.11,1776796690000
1776796692.744,192.744,0.08,0.09,0.91,0.92,0.01,0.01,75509.12,1776796691000
1776796693.205,193.205,0.08,0.09,0.91,0.92,0.01,0.01,75509.12,1776796691000
1776796693.837,193.837,0.07,0.08,0.91,0.92,0.01,0.01,75509.22,1776796692000
1776796694.553,194.553,0.07,0.08,0.92,0.93,0.01,0.01,75509.22,1776796692000
1776796694.947,194.947,0.07,0.08,0.92,0.93,0.01,0.01,75509.62,1776796693000
1776796695.339,195.339,0.07,0.08,0.92,0.93,0.01,0.01,75509.62,1776796693000
1776796695.717,195.717,0.07,0.08,0.92,0.93,0.01,0.01,75509.39,1776796694000
1776796696.064,196.064,0.07,0.08,0.92,0.93,0.01,0.01,75509.39,1776796694000
1776796696.455,196.455,0.07,0.08,0.92,0.93,0.01,0.01,75509.17,1776796695000
1776796696.836,196.836,0.07,0.09,0.92,0.93,0.02,0.01,75509.17,1776796695000
1776796697.301,197.301,0.12,0.13,0.87,0.88,0.01,0.01,75509.17,1776796695000
1776796697.806,197.806,0.13,0.14,0.87,0.88,0.01,0.01,75509.17,1776796695000
1776796698.253,198.253,0.13,0.15,0.86,0.87,0.02,0.01,75509.33,1776796696000
1776796698.659,198.659,0.13,0.14,0.86,0.87,0.01,0.01,75516.71,1776796697000
1776796699.009,199.009,0.13,0.14,0.86,0.87,0.01,0.01,75516.71,1776796697000
1776796699.411,199.411,0.13,0.14,0.86,0.87,0.01,0.01,75526.68,1776796698000
1776796699.791,199.791,0.13,0.14,0.86,0.87,0.01,0.01,75526.68,1776796698000
1776796700.189,200.189,0.13,0.14,0.86,0.87,0.01,0.01,75526.68,1776796698000
1776796700.556,200.556,0.13,0.14,0.86,0.87,0.01,0.01,75526.68,1776796698000
1776796701.021,201.021,0.13,0.14,0.86,0.87,0.01,0.01,75526.68,1776796698000
1776796701.462,201.462,0.13,0.14,0.86,0.87,0.01,0.01,75531.87,1776796699000
1776796701.929,201.929,0.13,0.14,0.86,0.87,0.01,0.01,75531.87,1776796699000
1776796702.264,202.264,0.12,0.14,0.86,0.87,0.02,0.01,75531.87,1776796699000
1776796702.695,202.695,0.13,0.14,0.86,0.87,0.01,0.01,75531.82,1776796700000
1776796703.053,203.053,0.13,0.14,0.86,0.87,0.01,0.01,75531.82,1776796700000
1776796703.422,203.422,0.13,0.14,0.86,0.87,0.01,0.01,75531.82,1776796700000
1776796703.83,203.83,0.13,0.14,0.86,0.87,0.01,0.01,75532.99,1776796702000
1776796704.218,204.218,0.13,0.14,0.86,0.87,0.01,0.01,75532.99,1776796702000
1776796704.64,204.64,0.13,0.14,0.86,0.87,0.01,0.01,75532.25,1776796703000
1776796704.981,204.981,0.11,0.12,0.88,0.89,0.01,0.01,75532.25,1776796703000
1776796705.364,205.364,0.11,0.12,0.88,0.89,0.01,0.01,75532.25,1776796703000
1776796705.71,205.71,0.1,0.11,0.89,0.9,0.01,0.01,75532.25,1776796704000
1776796706.252,206.252,0.09,0.11,0.89,0.9,0.02,0.01,75532.25,1776796704000
1776796706.634,206.634,0.07,0.08,0.92,0.93,0.01,0.01,75532.24,1776796705000
1776796707.064,207.064,0.07,0.08,0.92,0.93,0.01,0.01,75532.24,1776796705000
1776796707.584,207.584,0.07,0.08,0.92,0.93,0.01,0.01,75532.24,1776796705000
1776796708.078,208.078,0.07,0.08,0.92,0.93,0.01,0.01,75531.47,1776796706000
1776796708.466,208.466,0.07,0.08,0.92,0.93,0.01,0.01,75517.35,1776796707000
1776796708.809,208.809,0.07,0.08,0.92,0.93,0.01,0.01,75517.35,1776796707000
1776796709.18,209.18,0.09,0.1,0.9,0.91,0.01,0.01,75517.35,1776796707000
1776796709.534,209.534,0.09,0.1,0.9,0.91,0.01,0.01,75517.35,1776796707000
1776796709.894,209.894,0.09,0.11,0.9,0.91,0.02,0.01,75520.4,1776796708000
1776796710.293,210.293,0.1,0.11,0.89,0.9,0.01,0.01,75523.93,1776796709000
1776796710.747,210.747,0.09,0.1,0.9,0.91,0.01,0.01,75523.93,1776796709000
1776796711.383,211.383,0.08,0.09,0.91,0.92,0.01,0.01,75523.93,1776796709000
1776796712.026,212.026,0.07,0.08,0.92,0.93,0.01,0.01,75527.82,1776796710000
1776796712.41,212.41,0.07,0.08,0.92,0.93,0.01,0.01,75527.57,1776796711000
1776796712.761,212.761,0.07,0.08,0.92,0.93,0.01,0.01,75527.57,1776796711000
1776796713.792,213.792,0.07,0.08,0.92,0.93,0.01,0.01,75526.24,1776796712000
1776796714.443,214.443,0.07,0.08,0.92,0.93,0.01,0.01,75526.24,1776796712000
1776796714.78,214.78,0.07,0.08,0.92,0.93,0.01,0.01,75526.17,1776796713000
1776796715.436,215.436,0.07,0.08,0.92,0.93,0.01,0.01,75526.17,1776796714000
1776796715.828,215.828,0.07,0.08,0.92,0.93,0.01,0.01,75526.17,1776796714000
1776796716.428,216.428,0.07,0.08,0.92,0.93,0.01,0.01,75524.93,1776796715000
1776796716.854,216.854,0.07,0.08,0.92,0.93,0.01,0.01,75524.93,1776796715000
1776796717.374,217.374,0.08,0.09,0.91,0.92,0.01,0.01,75524.93,1776796716000
1776796717.96,217.96,0.08,0.09,0.91,0.92,0.01,0.01,75524.93,1776796716000
1776796718.327,218.327,0.08,0.09,0.91,0.92,0.01,0.01,75524.93,1776796717000
1776796718.772,218.772,0.08,0.09,0.91,0.92,0.01,0.01,75524.93,1776796717000
1776796719.234,219.234,0.08,0.09,0.91,0.92,0.01,0.01,75524.93,1776796717000
1776796719.7,219.7,0.08,0.09,0.91,0.92,0.01,0.01,75524.93,1776796717000
1776796720.283,220.283,0.08,0.09,0.91,0.92,0.01,0.01,75528.12,1776796718000
1776796720.649,220.649,0.08,0.09,0.91,0.92,0.01,0.01,75528.07,1776796719000
1776796721.016,221.016,0.08,0.09,0.91,0.92,0.01,0.01,75528.07,1776796719000
1776796721.529,221.529,0.08,0.09,0.91,0.92,0.01,0.01,75528.07,1776796719000
1776796721.864,221.864,0.08,0.09,0.91,0.92,0.01,0.01,75528.32,1776796720000
1776796722.386,222.386,0.08,0.09,0.91,0.92,0.01,0.01,75528.33,1776796721000
1776796722.953,222.953,0.08,0.09,0.91,0.92,0.01,0.01,75528.1,1776796722000
1776796723.43,223.43,0.08,0.09,0.91,0.92,0.01,0.01,75528.1,1776796722000
1776796724.062,224.062,0.08,0.09,0.91,0.92,0.01,0.01,75525.87,1776796723000
1776796724.615,224.615,0.08,0.09,0.91,0.92,0.01,0.01,75525.87,1776796723000
1776796724.965,224.965,0.09,0.1,0.9,0.91,0.01,0.01,75525.87,1776796723000
1776796725.421,225.421,0.09,0.1,0.9,0.91,0.01,0.01,75529.34,1776796724000
1776796725.816,225.816,0.09,0.1,0.9,0.91,0.01,0.01,75529.34,1776796724000
1776796726.203,226.203,0.09,0.1,0.9,0.91,0.01,0.01,75530.23,1776796725000
1776796726.717,226.717,0.09,0.1,0.9,0.91,0.01,0.01,75530.23,1776796725000
1776796727.245,227.245,0.09,0.1,0.9,0.91,0.01,0.01,75534.14,1776796726000
1776796727.7,227.7,0.09,0.1,0.9,0.91,0.01,0.01,75534.14,1776796726000
1776796728.139,228.139,0.09,0.1,0.9,0.91,0.01,0.01,75534.14,1776796726000
1776796728.719,228.719,0.08,0.09,0.9,0.91,0.01,0.01,75534.4,1776796727000
1776796729.073,229.073,0.08,0.09,0.91,0.92,0.01,0.01,75534.4,1776796727000
1776796729.76,229.76,0.08,0.09,0.91,0.92,0.01,0.01,75534.4,1776796728000
1776796730.324,230.324,0.08,0.09,0.91,0.92,0.01,0.01,75532.33,1776796729000
1776796730.978,230.978,0.08,0.09,0.91,0.92,0.01,0.01,75532.26,1776796730000
1776796731.332,231.332,0.08,0.09,0.91,0.92,0.01,0.01,75532.26,1776796730000
1776796732.019,232.019,0.08,0.09,0.91,0.92,0.01,0.01,75532.26,1776796730000
1776796732.366,232.366,0.07,0.09,0.91,0.92,0.02,0.01,75529.66,1776796731000
1776796733.418,233.418,0.07,0.08,0.92,0.93,0.01,0.01,75529.66,1776796731000
1776796734.137,234.137,0.07,0.08,0.92,0.93,0.01,0.01,75531.79,1776796733000
1776796734.479,234.479,0.07,0.08,0.92,0.93,0.01,0.01,75531.79,1776796733000
1776796734.829,234.829,0.07,0.08,0.92,0.93,0.01,0.01,75531.79,1776796733000
1776796735.654,235.654,0.07,0.08,0.92,0.93,0.01,0.01,75531.79,1776796733000
1776796736.133,236.133,0.05,0.06,0.93,0.94,0.01,0.01,75531.79,1776796733000
1776796736.478,236.478,0.05,0.06,0.94,0.95,0.01,0.01,75532.06,1776796735000
1776796736.844,236.844,0.05,0.06,0.94,0.95,0.01,0.01,75532.06,1776796735000
1776796737.542,237.542,0.07,0.08,0.93,0.94,0.01,0.01,75532.06,1776796735000
1776796737.885,237.885,0.13,0.15,0.86,0.87,0.02,0.01,75531.41,1776796736000
1776796738.281,238.281,0.15,0.17,0.83,0.85,0.02,0.02,75531.21,1776796737000
1776796738.625,238.625,0.17,0.19,0.81,0.83,0.02,0.02,75531.21,1776796737000
1776796739.023,239.023,0.19,0.2,0.8,0.81,0.01,0.01,75531.21,1776796737000
1776796739.367,239.367,0.18,0.19,0.81,0.82,0.01,0.01,75531.21,1776796737000
1776796739.762,239.762,0.17,0.18,0.82,0.83,0.01,0.01,75531.21,1776796737000
1776796740.186,240.186,0.17,0.18,0.82,0.83,0.01,0.01,75552.8,1776796739000
1776796740.549,240.549,0.16,0.18,0.82,0.83,0.02,0.01,75552.8,1776796739000
1776796741.016,241.016,0.15,0.17,0.82,0.85,0.02,0.03,75552.8,1776796739000
1776796741.442,241.442,0.15,0.16,0.84,0.85,0.01,0.01,75552.8,1776796740000
1776796741.801,241.801,0.15,0.16,0.84,0.85,0.01,0.01,75552.8,1776796740000
1776796742.248,242.248,0.2,0.21,0.82,0.83,0.01,0.01,75552.8,1776796740000
1776796742.587,242.587,0.2,0.21,0.79,0.8,0.01,0.01,75552.81,1776796741000
1776796743.007,243.007,0.2,0.21,0.79,0.8,0.01,0.01,75552.81,1776796741000
1776796743.373,243.373,0.2,0.21,0.79,0.8,0.01,0.01,75552.8,1776796742000
1776796743.861,243.861,0.2,0.21,0.79,0.8,0.01,0.01,75552.8,1776796742000
1776796744.317,244.317,0.19,0.21,0.79,0.81,0.02,0.02,75556.77,1776796743000
1776796744.902,244.902,0.19,0.2,0.8,0.81,0.01,0.01,75556.77,1776796743000
1776796745.249,245.249,0.19,0.2,0.8,0.81,0.01,0.01,75556.77,1776796743000
1776796745.586,245.586,0.19,0.2,0.8,0.81,0.01,0.01,75556.77,1776796743000
1776796746.139,246.139,0.18,0.19,0.81,0.82,0.01,0.01,75558.45,1776796744000
1776796746.598,246.598,0.18,0.19,0.81,0.82,0.01,0.01,75558.19,1776796745000
1776796746.956,246.956,0.18,0.19,0.81,0.82,0.01,0.01,75558.19,1776796745000
1776796747.355,247.355,0.16,0.17,0.81,0.82,0.01,0.01,75558.19,1776796746000
1776796747.714,247.714,0.15,0.16,0.83,0.84,0.01,0.01,75558.19,1776796746000
1776796748.048,248.048,0.11,0.13,0.87,0.88,0.02,0.01,75558.19,1776796746000
1776796748.386,248.386,0.1,0.11,0.88,0.9,0.01,0.02,75558.21,1776796747000
1776796748.719,248.719,0.1,0.11,0.89,0.9,0.01,0.01,75558.21,1776796747000
1776796749.095,249.095,0.09,0.1,0.9,0.91,0.01,0.01,75558.22,1776796748000
1776796749.489,249.489,0.09,0.1,0.9,0.91,0.01,0.01,75558.22,1776796748000
1776796749.823,249.823,0.07,0.08,0.92,0.93,0.01,0.01,75558.22,1776796748000
1776796750.223,250.223,0.07,0.08,0.92,0.93,0.01,0.01,75558.22,1776796748000
1776796750.583,250.583,0.07,0.08,0.92,0.93,0.01,0.01,75537.39,1776796749000
1776796750.949,250.949,0.06,0.07,0.93,0.94,0.01,0.01,75535.58,1776796750000
1776796751.528,251.528,0.05,0.06,0.93,0.94,0.01,0.01,75535.58,1776796750000
1776796752.029,252.029,0.05,0.06,0.94,0.95,0.01,0.01,75535.58,1776796750000
1776796752.655,252.655,0.05,0.06,0.94,0.95,0.01,0.01,75533.95,1776796751000
1776796753.208,253.208,0.05,0.06,0.94,0.95,0.01,0.01,75533.95,1776796751000
1776796753.755,253.755,0.05,0.06,0.94,0.95,0.01,0.01,75537.48,1776796752000
1776796754.114,254.114,0.05,0.06,0.94,0.95,0.01,0.01,75537.48,1776796752000
1776796754.597,254.597,0.05,0.06,0.94,0.95,0.01,0.01,75531.03,1776796753000
1776796754.933,254.933,0.05,0.06,0.94,0.95,0.01,0.01,75531.03,1776796754000
1776796755.33,255.33,0.05,0.06,0.94,0.95,0.01,0.01,75531.03,1776796754000
1776796755.68,255.68,0.04,0.05,0.95,0.96,0.01,0.01,75531.03,1776796754000
1776796756.026,256.026,0.04,0.05,0.95,0.96,0.01,0.01,75531.03,1776796754000
1776796756.457,256.457,0.05,0.06,0.95,0.96,0.01,0.01,75530.32,1776796755000
1776796756.833,256.833,0.05,0.06,0.94,0.95,0.01,0.01,75530.32,1776796755000
1776796757.177,257.177,0.05,0.06,0.94,0.95,0.01,0.01,75530.32,1776796755000
1776796757.744,257.744,0.05,0.06,0.94,0.95,0.01,0.01,75529.09,1776796756000
1776796758.116,258.116,0.05,0.07,0.94,0.95,0.02,0.01,75529.09,1776796756000
1776796758.468,258.468,0.05,0.06,0.94,0.95,0.01,0.01,75529.09,1776796756000
1776796758.819,258.819,0.05,0.06,0.94,0.95,0.01,0.01,75534.62,1776796757000
1776796759.295,259.295,0.04,0.05,0.95,0.96,0.01,0.01,75535.05,1776796758000
1776796759.633,259.633,0.04,0.05,0.95,0.96,0.01,0.01,75535.05,1776796758000
1776796760.132,260.132,0.04,0.05,0.95,0.96,0.01,0.01,75535.05,1776796758000
1776796760.492,260.492,0.04,0.05,0.95,0.96,0.01,0.01,75532.52,1776796759000
1776796760.832,260.832,0.03,0.04,0.96,0.97,0.01,0.01,75532.52,1776796759000
1776796761.265,261.265,0.03,0.04,0.96,0.97,0.01,0.01,75532.52,1776796759000
1776796761.629,261.629,0.03,0.04,0.96,0.97,0.01,0.01,75527.02,1776796760000
1776796762.071,262.071,0.03,0.04,0.96,0.97,0.01,0.01,75527.02,1776796760000
1776796762.453,262.453,0.03,0.04,0.96,0.97,0.01,0.01,75527.02,1776796760000
1776796762.864,262.864,0.03,0.04,0.96,0.97,0.01,0.01,75527.17,1776796761000
1776796763.365,263.365,0.03,0.04,0.96,0.97,0.01,0.01,75527.17,1776796762000
1776796764.207,264.207,0.03,0.04,0.96,0.97,0.01,0.01,75527.17,1776796762000
1776796764.558,264.558,0.03,0.04,0.96,0.97,0.01,0.01,75529.79,1776796763000
1776796764.905,264.905,0.03,0.04,0.96,0.97,0.01,0.01,75532.02,1776796764000
1776796765.596,265.596,0.03,0.04,0.96,0.97,0.01,0.01,75532.02,1776796764000
1776796766.093,266.093,0.03,0.04,0.96,0.97,0.01,0.01,75532.02,1776796764000
1776796766.598,266.598,0.03,0.04,0.96,0.97,0.01,0.01,75532.95,1776796765000
1776796767.152,267.152,0.03,0.04,0.96,0.97,0.01,0.01,75532.95,1776796765000
1776796767.539,267.539,0.02,0.03,0.97,0.98,0.01,0.01,75532.74,1776796766000
1776796767.933,267.933,0.02,0.03,0.97,0.98,0.01,0.01,75532.74,1776796766000
1776796768.28,268.28,0.02,0.03,0.97,0.98,0.01,0.01,75532.74,1776796767000
1776796768.633,268.633,0.02,0.03,0.97,0.98,0.01,0.01,75532.74,1776796767000
1776796768.976,268.976,0.02,0.03,0.97,0.98,0.01,0.01,75532.74,1776796767000
1776796769.379,269.379,0.02,0.03,0.97,0.98,0.01,0.01,75532.04,1776796768000
1776796769.781,269.781,0.01,0.02,0.98,0.99,0.01,0.01,75532.04,1776796768000
1776796770.203,270.203,0.01,0.02,0.98,0.99,0.01,0.01,75532.04,1776796768000
1776796770.541,270.541,0.01,0.02,0.98,0.99,0.01,0.01,75529.94,1776796769000
1776796770.889,270.889,0.01,0.02,0.98,0.99,0.01,0.01,75529.94,1776796769000
1776796771.235,271.235,0.01,0.02,0.98,0.99,0.01,0.01,75529.94,1776796769000
1776796771.636,271.636,0.01,0.02,0.98,0.99,0.01,0.01,75527.53,1776796770000
1776796771.976,271.976,0.01,0.02,0.98,0.99,0.01,0.01,75527.53,1776796770000
1776796772.333,272.333,0.01,0.02,0.98,0.99,0.01,0.01,75526.17,1776796771000
1776796772.693,272.693,0.01,0.02,0.98,0.99,0.01,0.01,75526.17,1776796771000
1776796773.03,273.03,0.01,0.02,0.98,0.99,0.01,0.01,75527.01,1776796772000
1776796773.439,273.439,0.01,0.02,0.98,0.99,0.01,0.01,75527.01,1776796772000
1776796773.826,273.826,0.01,0.02,0.98,0.99,0.01,0.01,75527.01,1776796772000
1776796774.216,274.216,0.01,0.01,0.99,0.99,0.0,0.0,75525.49,1776796773000
1776796774.553,274.553,0.01,0.01,0.99,0.99,0.0,0.0,75525.49,1776796773000
1776796774.897,274.897,0.01,0.01,0.99,0.99,0.0,0.0,75525.49,1776796773000
1776796775.449,275.449,0.01,0.01,0.99,0.99,0.0,0.0,75526.0,1776796774000
1776796775.899,275.899,0.01,0.01,0.99,0.99,0.0,0.0,75526.0,1776796774000
1776796776.342,276.342,0.01,0.01,0.99,0.99,0.0,0.0,75526.76,1776796775000
1776796776.964,276.964,0.01,0.01,0.99,0.99,0.0,0.0,75526.76,1776796775000
1776796777.388,277.388,0.01,0.01,0.99,0.99,0.0,0.0,75526.76,1776796775000
1776796777.786,277.786,0.01,0.01,0.99,0.99,0.0,0.0,75530.15,1776796776000
1776796778.509,278.509,0.01,0.01,0.99,0.99,0.0,0.0,75529.91,1776796777000
1776796779.004,279.004,0.01,0.01,0.99,0.99,0.0,0.0,75530.18,1776796778000
1776796779.404,279.404,0.01,0.01,0.99,0.99,0.0,0.0,75530.18,1776796778000
1776796780.029,280.029,0.01,0.01,0.99,0.99,0.0,0.0,75530.18,1776796778000
1776796781.066,281.066,0.01,0.01,0.99,0.99,0.0,0.0,75529.67,1776796779000
1776796781.42,281.42,0.01,0.01,0.99,0.99,0.0,0.0,75529.67,1776796780000
1776796782.089,282.089,0.01,0.01,0.99,0.99,0.0,0.0,75529.27,1776796781000
1776796783.197,283.197,0.01,0.01,0.99,0.99,0.0,0.0,75527.11,1776796782000
1776796784.225,284.225,0.01,0.01,0.99,0.99,0.0,0.0,75528.4,1776796783000
1776796785.358,285.358,0.01,0.01,0.99,0.99,0.0,0.0,75528.63,1776796784000
1776796785.714,285.714,0.01,0.01,0.99,0.99,0.0,0.0,75528.63,1776796784000
1776796786.373,286.373,0.01,0.01,0.99,0.99,0.0,0.0,75526.93,1776796785000
1776796786.917,286.917,0.01,0.01,0.99,0.99,0.0,0.0,75526.93,1776796786000
1776796787.64,287.64,0.01,0.01,0.99,0.99,0.0,0.0,75526.93,1776796786000
1776796788.01,288.01,0.01,0.01,0.99,0.99,0.0,0.0,75526.93,1776796787000
1776796788.992,288.992,0.01,0.01,0.99,0.99,0.0,0.0,75526.93,1776796787000
1776796789.338,289.338,0.01,0.01,0.99,0.99,0.0,0.0,75526.94,1776796788000
1776796790.294,290.294,0.01,0.01,0.99,0.99,0.0,0.0,75530.62,1776796789000
1776796791.014,291.014,0.01,0.01,0.99,0.99,0.0,0.0,75530.62,1776796789000
1776796791.943,291.943,0.01,0.01,0.99,0.99,0.0,0.0,75532.78,1776796790000
1776796793.155,293.155,0.01,0.01,0.99,0.99,0.0,0.0,75532.96,1776796792000
1776796793.652,293.652,0.01,0.01,0.99,0.99,0.0,0.0,75532.96,1776796792000
1776796793.986,293.986,0.01,0.01,0.99,0.99,0.0,0.0,75532.96,1776796792000
1776796795.229,295.229,0.01,0.01,0.99,0.99,0.0,0.0,75532.96,1776796793000
1776796795.924,295.924,0.01,0.01,0.99,0.99,0.0,0.0,75532.96,1776796793000
1776796796.546,296.546,0.01,0.01,0.99,0.99,0.0,0.0,75532.83,1776796794000
1776796797.029,297.029,0.01,0.01,0.99,0.99,0.0,0.0,75532.83,1776796795000
1776796797.616,297.616,0.01,0.01,0.99,0.99,0.0,0.0,75533.01,1776796796000
1776796798.379,298.379,0.01,0.01,0.99,0.99,0.0,0.0,75533.01,1776796796000
1776796798.724,298.724,0.01,0.01,0.99,0.99,0.0,0.0,75539.28,1776796797000
1776796799.679,299.679,0.01,0.01,0.99,0.99,0.0,0.0,75543.67,1776796798000
1776796800.183,300.183,0.01,0.01,0.99,0.99,0.0,0.0,75543.67,1776796798000
1776796800.992,300.992,0.01,0.01,0.99,0.99,0.0,0.0,75548.22,1776796799000

# RESULT,winner=Down,slug=btc-updown-5m-1776796500,ticks=655
