timestamp,elapsed_sec,up_bid,up_ask,down_bid,down_ask,up_spread,down_spread,btc_price,btc_oracle_ts
1777135800.739,0.739,0.51,0.52,0.48,0.49,0.01,0.01,77415.84,1777135799000
1777135801.435,1.435,0.51,0.52,0.48,0.49,0.01,0.01,77415.83,1777135800000
1777135801.854,1.854,0.51,0.52,0.48,0.49,0.01,0.01,77415.83,1777135800000
1777135802.246,2.246,0.51,0.52,0.48,0.49,0.01,0.01,77415.78,1777135801000
1777135802.857,2.857,0.51,0.52,0.48,0.49,0.01,0.01,77415.78,1777135801000
1777135803.248,3.248,0.53,0.54,0.46,0.49,0.01,0.03,77415.78,1777135801000
1777135803.633,3.633,0.52,0.53,0.46,0.48,0.01,0.02,77415.75,1777135802000
1777135804.07,4.07,0.51,0.52,0.48,0.49,0.01,0.01,77415.75,1777135802000
1777135804.458,4.458,0.51,0.52,0.48,0.49,0.01,0.01,77415.75,1777135803000
1777135804.884,4.884,0.51,0.52,0.48,0.49,0.01,0.01,77415.75,1777135803000
1777135805.267,5.267,0.51,0.52,0.48,0.49,0.01,0.01,77415.75,1777135804000
1777135806.016,6.016,0.51,0.52,0.48,0.49,0.01,0.01,77415.75,1777135804000
1777135806.47,6.47,0.5,0.52,0.48,0.49,0.02,0.01,77415.76,1777135805000
1777135806.86,6.86,0.5,0.51,0.49,0.5,0.01,0.01,77415.76,1777135805000
1777135807.368,7.368,0.5,0.51,0.49,0.5,0.01,0.01,77413.62,1777135806000
1777135807.875,7.875,0.5,0.51,0.49,0.5,0.01,0.01,77413.62,1777135806000
1777135808.257,8.257,0.5,0.51,0.49,0.5,0.01,0.01,77415.76,1777135807000
1777135809.266,9.266,0.5,0.51,0.49,0.5,0.01,0.01,77415.76,1777135807000
1777135809.631,9.631,0.5,0.51,0.49,0.5,0.01,0.01,77415.76,1777135807000
1777135809.969,9.969,0.5,0.51,0.49,0.5,0.01,0.01,77415.76,1777135808000
1777135810.468,10.468,0.5,0.51,0.49,0.5,0.01,0.01,77415.76,1777135809000
1777135811.257,11.257,0.5,0.51,0.49,0.5,0.01,0.01,77415.76,1777135810000
1777135812.129,12.129,0.5,0.51,0.49,0.5,0.01,0.01,77415.76,1777135810000
1777135812.592,12.592,0.5,0.51,0.49,0.5,0.01,0.01,77415.78,1777135811000
1777135813.394,13.394,0.5,0.51,0.49,0.5,0.01,0.01,77415.78,1777135812000
1777135813.818,13.818,0.5,0.51,0.49,0.5,0.01,0.01,77415.78,1777135813000
1777135814.546,14.546,0.5,0.51,0.49,0.5,0.01,0.01,77415.78,1777135813000
1777135814.998,14.998,0.5,0.51,0.49,0.5,0.01,0.01,77415.77,1777135814000
1777135815.466,15.466,0.5,0.51,0.49,0.5,0.01,0.01,77415.77,1777135814000
1777135815.942,15.942,0.5,0.51,0.49,0.5,0.01,0.01,77415.77,1777135814000
1777135816.447,16.447,0.5,0.51,0.49,0.5,0.01,0.01,77413.01,1777135815000
1777135816.826,16.826,0.5,0.51,0.49,0.5,0.01,0.01,77413.01,1777135815000
1777135817.234,17.234,0.5,0.51,0.49,0.5,0.01,0.01,77413.01,1777135815000
1777135817.568,17.568,0.5,0.51,0.49,0.5,0.01,0.01,77415.79,1777135816000
1777135818.214,18.214,0.5,0.51,0.49,0.5,0.01,0.01,77415.79,1777135816000
1777135818.753,18.753,0.5,0.51,0.49,0.5,0.01,0.01,77415.8,1777135817000
1777135819.144,19.144,0.5,0.51,0.49,0.5,0.01,0.01,77415.8,1777135817000
1777135819.578,19.578,0.49,0.51,0.49,0.5,0.02,0.01,77415.81,1777135818000
1777135820.008,20.008,0.49,0.5,0.5,0.51,0.01,0.01,77415.81,1777135818000
1777135820.922,20.922,0.49,0.5,0.5,0.51,0.01,0.01,77415.72,1777135819000
1777135821.39,21.39,0.49,0.5,0.5,0.51,0.01,0.01,77415.75,1777135820000
1777135821.805,21.805,0.49,0.5,0.5,0.51,0.01,0.01,77415.75,1777135820000
1777135822.445,22.445,0.49,0.5,0.5,0.51,0.01,0.01,77415.73,1777135821000
1777135823.855,23.855,0.49,0.5,0.5,0.51,0.01,0.01,77415.75,1777135822000
1777135824.299,24.299,0.49,0.5,0.5,0.51,0.01,0.01,77415.69,1777135823000
1777135825.179,25.179,0.49,0.5,0.5,0.51,0.01,0.01,77415.69,1777135823000
1777135825.657,25.657,0.49,0.5,0.5,0.51,0.01,0.01,77415.74,1777135824000
1777135826.729,26.729,0.49,0.5,0.5,0.51,0.01,0.01,77415.76,1777135825000
1777135827.124,27.124,0.49,0.5,0.5,0.51,0.01,0.01,77415.76,1777135826000
1777135828.123,28.123,0.49,0.5,0.5,0.51,0.01,0.01,77415.76,1777135826000
1777135829.402,29.402,0.49,0.5,0.5,0.51,0.01,0.01,77415.76,1777135828000
1777135829.911,29.911,0.49,0.5,0.5,0.51,0.01,0.01,77415.76,1777135828000
1777135830.329,30.329,0.49,0.51,0.5,0.51,0.02,0.01,77415.76,1777135829000
1777135830.663,30.663,0.5,0.51,0.49,0.5,0.01,0.01,77415.76,1777135829000
1777135830.998,30.998,0.5,0.51,0.49,0.5,0.01,0.01,77415.76,1777135829000
1777135831.546,31.546,0.5,0.51,0.49,0.5,0.01,0.01,77415.77,1777135830000
1777135832.145,32.145,0.5,0.51,0.49,0.5,0.01,0.01,77415.77,1777135830000
1777135832.591,32.591,0.5,0.51,0.49,0.5,0.01,0.01,77415.85,1777135831000
1777135832.956,32.956,0.5,0.51,0.49,0.5,0.01,0.01,77415.91,1777135832000
1777135833.407,33.407,0.5,0.51,0.49,0.5,0.01,0.01,77415.91,1777135832000
1777135833.778,33.778,0.5,0.51,0.49,0.5,0.01,0.01,77415.91,1777135832000
1777135834.836,34.836,0.5,0.51,0.49,0.5,0.01,0.01,77415.97,1777135833000
1777135835.396,35.396,0.5,0.51,0.49,0.5,0.01,0.01,77415.97,1777135834000
1777135836.13,36.13,0.5,0.51,0.49,0.5,0.01,0.01,77415.9,1777135835000
1777135836.702,36.702,0.5,0.51,0.49,0.5,0.01,0.01,77415.9,1777135835000
1777135837.247,37.247,0.5,0.52,0.48,0.5,0.02,0.02,77415.9,1777135836000
1777135837.84,37.84,0.51,0.52,0.48,0.5,0.01,0.02,77415.9,1777135836000
1777135838.327,38.327,0.51,0.52,0.48,0.49,0.01,0.01,77415.9,1777135836000
1777135838.851,38.851,0.51,0.52,0.48,0.49,0.01,0.01,77414.25,1777135837000
1777135840.021,40.021,0.51,0.52,0.48,0.49,0.01,0.01,77415.9,1777135838000
1777135840.446,40.446,0.51,0.52,0.48,0.49,0.01,0.01,77413.78,1777135839000
1777135840.823,40.823,0.51,0.53,0.48,0.49,0.02,0.01,77413.78,1777135839000
1777135841.243,41.243,0.52,0.53,0.47,0.48,0.01,0.01,77414.22,1777135840000
1777135841.813,41.813,0.52,0.53,0.47,0.48,0.01,0.01,77414.22,1777135840000
1777135842.445,42.445,0.52,0.53,0.47,0.48,0.01,0.01,77415.92,1777135841000
1777135842.861,42.861,0.52,0.53,0.47,0.48,0.01,0.01,77415.92,1777135841000
1777135843.455,43.455,0.52,0.53,0.47,0.48,0.01,0.01,77415.92,1777135841000
1777135843.835,43.835,0.58,0.59,0.4,0.43,0.01,0.03,77415.93,1777135842000
1777135844.214,44.214,0.59,0.6,0.4,0.42,0.01,0.02,77415.24,1777135843000
1777135844.578,44.578,0.59,0.6,0.4,0.41,0.01,0.01,77415.24,1777135843000
1777135844.971,44.971,0.59,0.6,0.4,0.41,0.01,0.01,77415.24,1777135843000
1777135845.339,45.339,0.59,0.6,0.4,0.41,0.01,0.01,77415.93,1777135844000
1777135845.7,45.7,0.59,0.6,0.4,0.41,0.01,0.01,77415.93,1777135844000
1777135846.183,46.183,0.59,0.6,0.4,0.41,0.01,0.01,77415.93,1777135844000
1777135846.798,46.798,0.6,0.61,0.39,0.41,0.01,0.02,77418.41,1777135845000
1777135847.197,47.197,0.6,0.61,0.39,0.4,0.01,0.01,77418.41,1777135845000
1777135847.579,47.579,0.6,0.61,0.39,0.4,0.01,0.01,77418.84,1777135846000
1777135847.986,47.986,0.6,0.61,0.39,0.4,0.01,0.01,77418.84,1777135846000
1777135848.356,48.356,0.59,0.6,0.4,0.41,0.01,0.01,77418.86,1777135847000
1777135848.69,48.69,0.57,0.58,0.4,0.44,0.01,0.04,77418.86,1777135847000
1777135849.292,49.292,0.52,0.56,0.44,0.45,0.04,0.01,77418.86,1777135847000
1777135849.745,49.745,0.53,0.54,0.46,0.47,0.01,0.01,77419.75,1777135848000
1777135850.12,50.12,0.53,0.54,0.46,0.47,0.01,0.01,77419.79,1777135849000
1777135850.655,50.655,0.53,0.54,0.46,0.47,0.01,0.01,77419.79,1777135849000
1777135851.138,51.138,0.53,0.54,0.46,0.47,0.01,0.01,77419.94,1777135850000
1777135851.545,51.545,0.53,0.54,0.46,0.47,0.01,0.01,77419.94,1777135850000
1777135852.205,52.205,0.53,0.54,0.46,0.47,0.01,0.01,77420.05,1777135851000
1777135852.74,52.74,0.53,0.54,0.46,0.47,0.01,0.01,77420.05,1777135851000
1777135853.625,53.625,0.53,0.54,0.46,0.47,0.01,0.01,77420.05,1777135851000
1777135854.114,54.114,0.54,0.55,0.45,0.47,0.01,0.02,77420.05,1777135851000
1777135854.541,54.541,0.54,0.55,0.45,0.46,0.01,0.01,77420.02,1777135852000
1777135854.986,54.986,0.54,0.55,0.45,0.46,0.01,0.01,77420.02,1777135853000
1777135855.374,55.374,0.54,0.55,0.45,0.46,0.01,0.01,77420.03,1777135854000
1777135855.933,55.933,0.54,0.55,0.45,0.46,0.01,0.01,77420.03,1777135854000
1777135856.283,56.283,0.54,0.55,0.45,0.46,0.01,0.01,77420.07,1777135855000
1777135856.826,56.826,0.55,0.56,0.44,0.46,0.01,0.02,77420.07,1777135855000
1777135857.177,57.177,0.55,0.56,0.44,0.45,0.01,0.01,77420.07,1777135855000
1777135857.585,57.585,0.55,0.56,0.44,0.45,0.01,0.01,77420.07,1777135855000
1777135858.021,58.021,0.55,0.56,0.44,0.45,0.01,0.01,77420.09,1777135856000
1777135858.65,58.65,0.55,0.56,0.44,0.45,0.01,0.01,77420.1,1777135857000
1777135859.109,59.109,0.55,0.56,0.44,0.45,0.01,0.01,77420.1,1777135857000
1777135859.844,59.844,0.55,0.56,0.44,0.45,0.01,0.01,77420.24,1777135858000
1777135860.366,60.366,0.55,0.56,0.44,0.45,0.01,0.01,77420.24,1777135858000
1777135860.739,60.739,0.55,0.56,0.44,0.45,0.01,0.01,77420.38,1777135859000
1777135861.132,61.132,0.55,0.56,0.44,0.45,0.01,0.01,77420.57,1777135860000
1777135861.478,61.478,0.55,0.56,0.44,0.45,0.01,0.01,77420.57,1777135860000
1777135862.023,62.023,0.55,0.56,0.44,0.45,0.01,0.01,77420.57,1777135860000
1777135863.123,63.123,0.55,0.56,0.44,0.45,0.01,0.01,77420.87,1777135862000
1777135864.056,64.056,0.55,0.56,0.44,0.45,0.01,0.01,77420.87,1777135862000
1777135864.523,64.523,0.55,0.56,0.44,0.45,0.01,0.01,77420.87,1777135863000
1777135865.133,65.133,0.54,0.55,0.44,0.46,0.01,0.02,77420.87,1777135863000
1777135865.481,65.481,0.54,0.55,0.45,0.46,0.01,0.01,77420.87,1777135864000
1777135865.903,65.903,0.54,0.55,0.45,0.46,0.01,0.01,77420.87,1777135864000
1777135866.256,66.256,0.51,0.53,0.46,0.49,0.02,0.03,77420.77,1777135865000
1777135866.618,66.618,0.51,0.52,0.48,0.49,0.01,0.01,77420.77,1777135865000
1777135867.038,67.038,0.51,0.52,0.48,0.49,0.01,0.01,77420.77,1777135865000
1777135867.491,67.491,0.51,0.52,0.48,0.49,0.01,0.01,77420.79,1777135866000
1777135867.839,67.839,0.51,0.52,0.48,0.49,0.01,0.01,77420.79,1777135866000
1777135868.412,68.412,0.51,0.52,0.48,0.49,0.01,0.01,77420.79,1777135866000
1777135868.907,68.907,0.51,0.52,0.48,0.49,0.01,0.01,77420.79,1777135866000
1777135869.453,69.453,0.51,0.52,0.48,0.49,0.01,0.01,77419.98,1777135868000
1777135869.899,69.899,0.5,0.51,0.49,0.5,0.01,0.01,77420.5,1777135869000
1777135870.311,70.311,0.5,0.51,0.49,0.5,0.01,0.01,77420.5,1777135869000
1777135870.75,70.75,0.5,0.51,0.49,0.5,0.01,0.01,77420.5,1777135869000
1777135871.238,71.238,0.5,0.51,0.49,0.5,0.01,0.01,77420.53,1777135870000
1777135871.935,71.935,0.5,0.51,0.49,0.5,0.01,0.01,77420.53,1777135870000
1777135872.475,72.475,0.5,0.51,0.49,0.5,0.01,0.01,77420.55,1777135871000
1777135873.155,73.155,0.5,0.51,0.49,0.5,0.01,0.01,77420.6,1777135872000
1777135873.833,73.833,0.5,0.51,0.49,0.5,0.01,0.01,77420.6,1777135872000
1777135874.296,74.296,0.5,0.51,0.49,0.5,0.01,0.01,77420.61,1777135873000
1777135874.765,74.765,0.51,0.52,0.48,0.49,0.01,0.01,77420.61,1777135873000
1777135875.162,75.162,0.51,0.52,0.48,0.49,0.01,0.01,77418.56,1777135874000
1777135875.603,75.603,0.51,0.52,0.48,0.49,0.01,0.01,77418.56,1777135874000
1777135876.016,76.016,0.51,0.52,0.48,0.49,0.01,0.01,77418.56,1777135874000
1777135876.937,76.937,0.51,0.55,0.48,0.49,0.04,0.01,77420.64,1777135875000
1777135877.37,77.37,0.53,0.54,0.46,0.47,0.01,0.01,77420.69,1777135876000
1777135878.211,78.211,0.53,0.55,0.45,0.47,0.02,0.02,77420.7,1777135877000
1777135878.606,78.606,0.54,0.55,0.45,0.46,0.01,0.01,77420.7,1777135877000
1777135879.108,79.108,0.54,0.55,0.45,0.46,0.01,0.01,77420.7,1777135877000
1777135879.544,79.544,0.55,0.56,0.45,0.46,0.01,0.01,77420.7,1777135878000
1777135880.043,80.043,0.55,0.56,0.44,0.45,0.01,0.01,77420.7,1777135878000
1777135880.402,80.402,0.55,0.56,0.44,0.45,0.01,0.01,77420.72,1777135879000
1777135880.782,80.782,0.55,0.56,0.44,0.45,0.01,0.01,77420.72,1777135879000
1777135881.132,81.132,0.55,0.56,0.44,0.45,0.01,0.01,77420.65,1777135880000
1777135881.723,81.723,0.54,0.55,0.44,0.46,0.01,0.02,77420.65,1777135880000
1777135882.43,82.43,0.54,0.55,0.45,0.46,0.01,0.01,77420.72,1777135881000
1777135883.005,83.005,0.54,0.55,0.45,0.46,0.01,0.01,77420.72,1777135881000
1777135883.708,83.708,0.54,0.55,0.45,0.46,0.01,0.01,77420.72,1777135882000
1777135884.362,84.362,0.55,0.56,0.44,0.46,0.01,0.02,77420.73,1777135883000
1777135885.125,85.125,0.55,0.56,0.44,0.45,0.01,0.01,77420.73,1777135883000
1777135886.548,86.548,0.55,0.56,0.44,0.45,0.01,0.01,77420.74,1777135884000
1777135886.914,86.914,0.55,0.56,0.44,0.45,0.01,0.01,77420.75,1777135885000
1777135887.47,87.47,0.55,0.56,0.44,0.45,0.01,0.01,77419.62,1777135886000
1777135888.217,88.217,0.55,0.56,0.44,0.45,0.01,0.01,77419.62,1777135887000
1777135889.276,89.276,0.55,0.56,0.44,0.45,0.01,0.01,77420.66,1777135888000
1777135889.659,89.659,0.55,0.56,0.44,0.45,0.01,0.01,77420.66,1777135888000
1777135890.145,90.145,0.55,0.56,0.44,0.45,0.01,0.01,77420.66,1777135888000
1777135890.617,90.617,0.55,0.56,0.44,0.45,0.01,0.01,77420.65,1777135889000
1777135891.124,91.124,0.55,0.56,0.44,0.45,0.01,0.01,77420.65,1777135889000
1777135891.522,91.522,0.55,0.56,0.44,0.45,0.01,0.01,77420.61,1777135890000
1777135891.859,91.859,0.55,0.56,0.44,0.45,0.01,0.01,77420.61,1777135890000
1777135892.562,92.562,0.55,0.56,0.44,0.45,0.01,0.01,77420.61,1777135891000
1777135893.103,93.103,0.55,0.56,0.44,0.45,0.01,0.01,77420.61,1777135892000
1777135893.967,93.967,0.55,0.56,0.44,0.45,0.01,0.01,77420.61,1777135892000
1777135894.316,94.316,0.55,0.56,0.44,0.45,0.01,0.01,77420.61,1777135892000
1777135895.047,95.047,0.55,0.56,0.44,0.45,0.01,0.01,77420.53,1777135894000
1777135896.17,96.17,0.55,0.56,0.44,0.45,0.01,0.01,77420.53,1777135895000
1777135896.91,96.91,0.53,0.56,0.44,0.45,0.03,0.01,77420.53,1777135895000
1777135897.276,97.276,0.53,0.56,0.44,0.47,0.03,0.03,77420.56,1777135896000
1777135897.803,97.803,0.53,0.56,0.44,0.47,0.03,0.03,77420.56,1777135896000
1777135898.166,98.166,0.55,0.56,0.44,0.47,0.01,0.03,77420.56,1777135896000
1777135898.69,98.69,0.55,0.56,0.44,0.45,0.01,0.01,77420.56,1777135897000
1777135899.48,99.48,0.55,0.56,0.44,0.45,0.01,0.01,77420.57,1777135898000
1777135899.944,99.944,0.55,0.56,0.44,0.45,0.01,0.01,77420.57,1777135899000
1777135900.766,100.766,0.54,0.56,0.44,0.45,0.02,0.01,77420.57,1777135899000
1777135901.131,101.131,0.54,0.55,0.44,0.46,0.01,0.02,77420.68,1777135900000
1777135901.922,101.922,0.54,0.55,0.45,0.46,0.01,0.01,77420.68,1777135900000
1777135902.563,102.563,0.54,0.55,0.45,0.46,0.01,0.01,77420.71,1777135901000
1777135903.054,103.054,0.54,0.55,0.45,0.46,0.01,0.01,77420.7,1777135902000
1777135903.598,103.598,0.54,0.55,0.45,0.46,0.01,0.01,77420.7,1777135902000
1777135904.165,104.165,0.54,0.55,0.45,0.46,0.01,0.01,77420.7,1777135903000
1777135905.277,105.277,0.54,0.55,0.45,0.46,0.01,0.01,77420.69,1777135904000
1777135905.621,105.621,0.62,0.66,0.32,0.4,0.04,0.08,77420.69,1777135904000
1777135905.987,105.987,0.61,0.63,0.37,0.41,0.02,0.04,77420.69,1777135904000
1777135906.392,106.392,0.59,0.6,0.4,0.41,0.01,0.01,77420.69,1777135905000
1777135906.869,106.869,0.59,0.6,0.4,0.41,0.01,0.01,77420.69,1777135905000
1777135907.447,107.447,0.59,0.6,0.4,0.41,0.01,0.01,77420.7,1777135906000
1777135907.971,107.971,0.59,0.6,0.4,0.41,0.01,0.01,77420.7,1777135906000
1777135908.37,108.37,0.58,0.59,0.41,0.42,0.01,0.01,77424.88,1777135907000
1777135908.722,108.722,0.58,0.59,0.41,0.42,0.01,0.01,77424.88,1777135907000
1777135909.12,109.12,0.58,0.59,0.41,0.42,0.01,0.01,77428.82,1777135908000
1777135909.607,109.607,0.58,0.59,0.41,0.42,0.01,0.01,77428.82,1777135908000
1777135910.103,110.103,0.58,0.59,0.41,0.42,0.01,0.01,77428.82,1777135908000
1777135910.531,110.531,0.58,0.59,0.41,0.42,0.01,0.01,77428.87,1777135909000
1777135910.95,110.95,0.58,0.59,0.41,0.42,0.01,0.01,77428.87,1777135909000
1777135911.329,111.329,0.58,0.59,0.41,0.42,0.01,0.01,77428.87,1777135909000
1777135911.799,111.799,0.56,0.57,0.43,0.44,0.01,0.01,77428.92,1777135910000
1777135912.178,112.178,0.56,0.57,0.43,0.44,0.01,0.01,77428.92,1777135910000
1777135912.787,112.787,0.56,0.57,0.43,0.44,0.01,0.01,77428.92,1777135911000
1777135913.2,113.2,0.56,0.57,0.43,0.44,0.01,0.01,77428.92,1777135911000
1777135913.58,113.58,0.56,0.57,0.43,0.44,0.01,0.01,77424.19,1777135912000
1777135913.997,113.997,0.56,0.57,0.43,0.44,0.01,0.01,77424.19,1777135912000
1777135914.372,114.372,0.56,0.57,0.43,0.44,0.01,0.01,77423.4,1777135913000
1777135914.929,114.929,0.56,0.57,0.43,0.44,0.01,0.01,77423.4,1777135913000
1777135915.375,115.375,0.56,0.57,0.43,0.44,0.01,0.01,77423.25,1777135914000
1777135916.166,116.166,0.56,0.57,0.43,0.44,0.01,0.01,77423.25,1777135914000
1777135916.528,116.528,0.56,0.57,0.43,0.44,0.01,0.01,77423.27,1777135915000
1777135916.884,116.884,0.56,0.57,0.43,0.44,0.01,0.01,77423.27,1777135915000
1777135917.283,117.283,0.56,0.57,0.43,0.44,0.01,0.01,77423.27,1777135915000
1777135917.676,117.676,0.56,0.57,0.43,0.44,0.01,0.01,77424.37,1777135916000
1777135918.049,118.049,0.56,0.58,0.43,0.44,0.02,0.01,77424.37,1777135916000
1777135918.466,118.466,0.56,0.57,0.43,0.45,0.01,0.02,77424.37,1777135916000
1777135919.003,119.003,0.56,0.57,0.43,0.44,0.01,0.01,77424.33,1777135917000
1777135919.364,119.364,0.56,0.57,0.43,0.44,0.01,0.01,77424.33,1777135918000
1777135920.254,120.254,0.56,0.57,0.43,0.44,0.01,0.01,77424.36,1777135919000
1777135920.668,120.668,0.56,0.57,0.43,0.44,0.01,0.01,77424.36,1777135919000
1777135921.051,121.051,0.56,0.57,0.43,0.44,0.01,0.01,77424.36,1777135919000
1777135921.439,121.439,0.52,0.53,0.47,0.48,0.01,0.01,77424.54,1777135920000
1777135921.783,121.783,0.51,0.52,0.48,0.49,0.01,0.01,77424.54,1777135920000
1777135922.121,122.121,0.51,0.52,0.48,0.49,0.01,0.01,77424.54,1777135920000
1777135922.514,122.514,0.51,0.52,0.48,0.49,0.01,0.01,77424.54,1777135920000
1777135922.847,122.847,0.51,0.52,0.48,0.49,0.01,0.01,77423.61,1777135921000
1777135923.456,123.456,0.52,0.53,0.47,0.49,0.01,0.02,77424.16,1777135922000
1777135924.16,124.16,0.52,0.53,0.47,0.48,0.01,0.01,77424.16,1777135922000
1777135924.574,124.574,0.52,0.55,0.45,0.48,0.03,0.03,77422.08,1777135923000
1777135925.116,125.116,0.53,0.54,0.45,0.47,0.01,0.02,77422.08,1777135923000
1777135925.936,125.936,0.53,0.54,0.46,0.47,0.01,0.01,77423.86,1777135924000
1777135926.387,126.387,0.53,0.54,0.46,0.47,0.01,0.01,77423.86,1777135924000
1777135926.736,126.736,0.53,0.54,0.46,0.47,0.01,0.01,77423.86,1777135924000
1777135927.143,127.143,0.53,0.55,0.46,0.47,0.02,0.01,77422.31,1777135925000
1777135927.492,127.492,0.53,0.55,0.45,0.46,0.02,0.01,77422.3,1777135926000
1777135927.893,127.893,0.53,0.54,0.46,0.48,0.01,0.02,77422.3,1777135926000
1777135928.261,128.261,0.53,0.54,0.46,0.47,0.01,0.01,77422.3,1777135926000
1777135928.731,128.731,0.53,0.54,0.46,0.47,0.01,0.01,77422.3,1777135927000
1777135929.121,129.121,0.53,0.54,0.46,0.47,0.01,0.01,77422.3,1777135927000
1777135929.89,129.89,0.53,0.54,0.46,0.47,0.01,0.01,77419.17,1777135928000
1777135930.441,130.441,0.53,0.54,0.46,0.47,0.01,0.01,77419.65,1777135929000
1777135930.825,130.825,0.54,0.55,0.45,0.46,0.01,0.01,77419.65,1777135929000
1777135931.355,131.355,0.54,0.55,0.45,0.46,0.01,0.01,77418.85,1777135930000
1777135932.328,132.328,0.53,0.55,0.45,0.46,0.02,0.01,77418.85,1777135930000
1777135932.795,132.795,0.53,0.54,0.45,0.47,0.01,0.02,77419.84,1777135931000
1777135933.576,133.576,0.53,0.54,0.46,0.47,0.01,0.01,77419.84,1777135932000
1777135934.234,134.234,0.51,0.54,0.46,0.47,0.03,0.01,77419.84,1777135932000
1777135934.575,134.575,0.51,0.52,0.48,0.49,0.01,0.01,77422.73,1777135933000
1777135934.99,134.99,0.51,0.52,0.48,0.49,0.01,0.01,77422.73,1777135933000
1777135935.508,135.508,0.51,0.52,0.48,0.49,0.01,0.01,77422.73,1777135934000
1777135936.158,136.158,0.51,0.52,0.48,0.49,0.01,0.01,77422.73,1777135934000
1777135937.345,137.345,0.51,0.52,0.48,0.49,0.01,0.01,77421.53,1777135936000
1777135938.31,138.31,0.51,0.54,0.48,0.49,0.03,0.01,77421.53,1777135936000
1777135938.973,138.973,0.54,0.55,0.45,0.46,0.01,0.01,77421.53,1777135937000
1777135940.236,140.236,0.54,0.55,0.45,0.46,0.01,0.01,77421.53,1777135939000
1777135940.827,140.827,0.54,0.55,0.45,0.46,0.01,0.01,77421.53,1777135939000
1777135941.277,141.277,0.54,0.55,0.45,0.46,0.01,0.01,77421.53,1777135939000
1777135941.652,141.652,0.54,0.55,0.45,0.46,0.01,0.01,77421.54,1777135940000
1777135942.299,142.299,0.54,0.55,0.45,0.46,0.01,0.01,77421.54,1777135940000
1777135943.008,143.008,0.53,0.54,0.45,0.47,0.01,0.02,77421.54,1777135941000
1777135944.033,144.033,0.53,0.54,0.46,0.47,0.01,0.01,77421.54,1777135942000
1777135944.39,144.39,0.53,0.54,0.46,0.47,0.01,0.01,77421.54,1777135943000
1777135944.945,144.945,0.53,0.54,0.46,0.47,0.01,0.01,77421.54,1777135944000
1777135945.312,145.312,0.53,0.54,0.46,0.47,0.01,0.01,77421.54,1777135944000
1777135946.351,146.351,0.53,0.54,0.46,0.47,0.01,0.01,77421.54,1777135945000
1777135946.726,146.726,0.53,0.54,0.46,0.47,0.01,0.01,77421.54,1777135945000
1777135947.816,147.816,0.53,0.54,0.46,0.47,0.01,0.01,77421.54,1777135946000
1777135948.295,148.295,0.53,0.54,0.46,0.47,0.01,0.01,77421.54,1777135946000
1777135949.138,149.138,0.53,0.54,0.46,0.47,0.01,0.01,77421.54,1777135948000
1777135949.507,149.507,0.53,0.54,0.46,0.47,0.01,0.01,77421.54,1777135948000
1777135950.105,150.105,0.53,0.54,0.46,0.47,0.01,0.01,77421.54,1777135948000
1777135950.571,150.571,0.53,0.54,0.46,0.47,0.01,0.01,77421.54,1777135949000
1777135951.028,151.028,0.54,0.55,0.45,0.46,0.01,0.01,77421.54,1777135949000
1777135951.425,151.425,0.54,0.55,0.45,0.46,0.01,0.01,77421.54,1777135950000
1777135951.966,151.966,0.5,0.51,0.45,0.5,0.01,0.05,77421.54,1777135950000
1777135952.446,152.446,0.5,0.51,0.49,0.5,0.01,0.01,77421.54,1777135950000
1777135952.991,152.991,0.51,0.52,0.48,0.5,0.01,0.02,77421.54,1777135951000
1777135953.407,153.407,0.51,0.52,0.48,0.49,0.01,0.01,77421.54,1777135952000
1777135953.925,153.925,0.51,0.53,0.48,0.49,0.02,0.01,77421.54,1777135952000
1777135954.432,154.432,0.52,0.53,0.47,0.48,0.01,0.01,77421.54,1777135952000
1777135954.774,154.774,0.52,0.53,0.47,0.48,0.01,0.01,77421.54,1777135952000
1777135955.257,155.257,0.52,0.53,0.47,0.48,0.01,0.01,77421.54,1777135953000
1777135955.806,155.806,0.53,0.54,0.46,0.48,0.01,0.02,77421.55,1777135954000
1777135956.366,156.366,0.53,0.54,0.46,0.47,0.01,0.01,77421.55,1777135955000
1777135957.114,157.114,0.53,0.54,0.46,0.47,0.01,0.01,77421.55,1777135955000
1777135957.565,157.565,0.53,0.54,0.46,0.47,0.01,0.01,77421.55,1777135955000
1777135958.227,158.227,0.53,0.54,0.46,0.47,0.01,0.01,77417.82,1777135957000
1777135959.049,159.049,0.53,0.54,0.46,0.47,0.01,0.01,77417.82,1777135957000
1777135959.657,159.657,0.53,0.54,0.46,0.47,0.01,0.01,77421.56,1777135958000
1777135960.787,160.787,0.53,0.54,0.46,0.47,0.01,0.01,77421.51,1777135959000
1777135961.165,161.165,0.54,0.55,0.44,0.48,0.01,0.04,77421.51,1777135959000
1777135961.539,161.539,0.54,0.55,0.45,0.46,0.01,0.01,77421.51,1777135960000
1777135961.954,161.954,0.55,0.56,0.44,0.45,0.01,0.01,77421.51,1777135960000
1777135962.848,162.848,0.55,0.56,0.44,0.45,0.01,0.01,77421.52,1777135961000
1777135963.255,163.255,0.54,0.55,0.44,0.46,0.01,0.02,77421.52,1777135961000
1777135964.067,164.067,0.54,0.55,0.45,0.46,0.01,0.01,77421.51,1777135963000
1777135964.591,164.591,0.54,0.55,0.45,0.46,0.01,0.01,77421.51,1777135963000
1777135965.001,165.001,0.54,0.56,0.45,0.46,0.02,0.01,77421.51,1777135963000
1777135965.431,165.431,0.55,0.56,0.44,0.45,0.01,0.01,77421.51,1777135964000
1777135965.928,165.928,0.55,0.56,0.44,0.45,0.01,0.01,77421.51,1777135964000
1777135966.613,166.613,0.55,0.56,0.44,0.45,0.01,0.01,77421.51,1777135965000
1777135967.124,167.124,0.55,0.56,0.44,0.45,0.01,0.01,77421.51,1777135965000
1777135967.686,167.686,0.55,0.56,0.44,0.45,0.01,0.01,77421.51,1777135966000
1777135968.059,168.059,0.55,0.56,0.44,0.45,0.01,0.01,77421.51,1777135967000
1777135969.069,169.069,0.55,0.56,0.44,0.45,0.01,0.01,77421.51,1777135967000
1777135969.424,169.424,0.55,0.56,0.44,0.45,0.01,0.01,77421.51,1777135967000
1777135970.102,170.102,0.55,0.56,0.44,0.45,0.01,0.01,77421.52,1777135969000
1777135970.733,170.733,0.55,0.56,0.44,0.45,0.01,0.01,77421.52,1777135969000
1777135971.114,171.114,0.54,0.56,0.44,0.45,0.02,0.01,77421.52,1777135969000
1777135971.463,171.463,0.53,0.55,0.45,0.47,0.02,0.02,77421.52,1777135970000
1777135972.023,172.023,0.53,0.54,0.46,0.47,0.01,0.01,77421.52,1777135970000
1777135972.607,172.607,0.53,0.54,0.46,0.47,0.01,0.01,77421.52,1777135971000
1777135972.962,172.962,0.5,0.52,0.46,0.5,0.02,0.04,77421.52,1777135971000
1777135973.465,173.465,0.5,0.51,0.49,0.5,0.01,0.01,77421.52,1777135971000
1777135973.956,173.956,0.5,0.51,0.49,0.5,0.01,0.01,77421.51,1777135972000
1777135974.341,174.341,0.5,0.51,0.49,0.5,0.01,0.01,77421.27,1777135973000
1777135974.815,174.815,0.51,0.52,0.49,0.5,0.01,0.01,77421.27,1777135973000
1777135975.415,175.415,0.51,0.52,0.48,0.49,0.01,0.01,77421.09,1777135974000
1777135976.024,176.024,0.51,0.52,0.48,0.49,0.01,0.01,77421.09,1777135974000
1777135976.429,176.429,0.49,0.5,0.5,0.51,0.01,0.01,77421.19,1777135975000
1777135976.899,176.899,0.49,0.5,0.5,0.51,0.01,0.01,77421.19,1777135975000
1777135977.307,177.307,0.49,0.5,0.5,0.51,0.01,0.01,77421.19,1777135975000
1777135977.645,177.645,0.49,0.5,0.5,0.51,0.01,0.01,77421.19,1777135975000
1777135978.027,178.027,0.49,0.5,0.5,0.51,0.01,0.01,77421.06,1777135977000
1777135978.368,178.368,0.49,0.5,0.5,0.51,0.01,0.01,77421.06,1777135977000
1777135978.722,178.722,0.49,0.5,0.5,0.51,0.01,0.01,77421.06,1777135977000
1777135979.057,179.057,0.49,0.5,0.5,0.51,0.01,0.01,77421.06,1777135977000
1777135979.467,179.467,0.49,0.5,0.5,0.51,0.01,0.01,77419.46,1777135978000
1777135979.803,179.803,0.49,0.5,0.5,0.51,0.01,0.01,77419.46,1777135978000
1777135980.172,180.172,0.49,0.5,0.5,0.51,0.01,0.01,77419.46,1777135978000
1777135980.607,180.607,0.49,0.5,0.5,0.51,0.01,0.01,77419.22,1777135979000
1777135981.008,181.008,0.49,0.51,0.5,0.51,0.02,0.01,77419.22,1777135979000
1777135981.353,181.353,0.49,0.5,0.5,0.51,0.01,0.01,77419.2,1777135980000
1777135981.942,181.942,0.49,0.51,0.5,0.51,0.02,0.01,77419.2,1777135980000
1777135982.375,182.375,0.5,0.51,0.49,0.5,0.01,0.01,77419.36,1777135981000
1777135982.715,182.715,0.5,0.51,0.49,0.5,0.01,0.01,77419.36,1777135981000
1777135983.078,183.078,0.51,0.53,0.47,0.49,0.02,0.02,77419.36,1777135981000
1777135983.432,183.432,0.52,0.53,0.47,0.49,0.01,0.02,77419.59,1777135982000
1777135983.821,183.821,0.53,0.54,0.46,0.47,0.01,0.01,77419.59,1777135982000
1777135984.546,184.546,0.53,0.54,0.46,0.47,0.01,0.01,77419.61,1777135983000
1777135985.025,185.025,0.53,0.54,0.46,0.47,0.01,0.01,77420.94,1777135984000
1777135985.536,185.536,0.54,0.55,0.45,0.46,0.01,0.01,77420.94,1777135984000
1777135985.906,185.906,0.54,0.55,0.45,0.46,0.01,0.01,77420.94,1777135984000
1777135986.432,186.432,0.55,0.56,0.45,0.46,0.01,0.01,77420.92,1777135985000
1777135986.848,186.848,0.55,0.56,0.44,0.45,0.01,0.01,77420.92,1777135985000
1777135987.283,187.283,0.55,0.56,0.44,0.45,0.01,0.01,77420.59,1777135986000
1777135987.73,187.73,0.55,0.56,0.44,0.45,0.01,0.01,77420.59,1777135986000
1777135988.403,188.403,0.55,0.56,0.44,0.45,0.01,0.01,77422.07,1777135987000
1777135988.738,188.738,0.55,0.56,0.44,0.45,0.01,0.01,77422.07,1777135987000
1777135989.265,189.265,0.55,0.56,0.44,0.45,0.01,0.01,77422.07,1777135987000
1777135989.809,189.809,0.55,0.56,0.44,0.45,0.01,0.01,77422.08,1777135988000
1777135990.216,190.216,0.55,0.56,0.44,0.45,0.01,0.01,77422.04,1777135989000
1777135990.608,190.608,0.55,0.56,0.44,0.56,0.01,0.12,77422.04,1777135989000
1777135990.95,190.95,0.55,0.56,0.44,0.45,0.01,0.01,77421.37,1777135990000
1777135991.963,191.963,0.55,0.56,0.44,0.45,0.01,0.01,77421.37,1777135990000
1777135993.152,193.152,0.55,0.56,0.44,0.45,0.01,0.01,77421.36,1777135992000
1777135993.935,193.935,0.55,0.56,0.44,0.45,0.01,0.01,77421.36,1777135992000
1777135994.409,194.409,0.55,0.56,0.44,0.45,0.01,0.01,77421.29,1777135993000
1777135994.756,194.756,0.55,0.56,0.44,0.45,0.01,0.01,77421.29,1777135993000
1777135995.161,195.161,0.56,0.57,0.43,0.45,0.01,0.02,77421.29,1777135993000
1777135995.514,195.514,0.56,0.57,0.43,0.44,0.01,0.01,77420.95,1777135994000
1777135996.225,196.225,0.56,0.57,0.43,0.44,0.01,0.01,77420.95,1777135994000
1777135996.952,196.952,0.54,0.55,0.43,0.44,0.01,0.01,77420.51,1777135995000
1777135997.364,197.364,0.54,0.55,0.45,0.46,0.01,0.01,77420.51,1777135995000
1777135997.822,197.822,0.54,0.55,0.45,0.46,0.01,0.01,77421.37,1777135996000
1777135998.228,198.228,0.54,0.55,0.45,0.46,0.01,0.01,77421.37,1777135996000
1777135998.684,198.684,0.49,0.55,0.45,0.46,0.06,0.01,77421.64,1777135997000
1777135999.039,199.039,0.48,0.49,0.5,0.52,0.01,0.02,77421.64,1777135997000
1777135999.848,199.848,0.48,0.49,0.51,0.52,0.01,0.01,77419.48,1777135998000
1777136000.366,200.366,0.48,0.49,0.51,0.52,0.01,0.01,77419.48,1777135999000
1777136000.9,200.9,0.48,0.49,0.51,0.52,0.01,0.01,77419.12,1777136000000
1777136001.372,201.372,0.48,0.49,0.51,0.52,0.01,0.01,77419.12,1777136000000
1777136001.895,201.895,0.48,0.49,0.51,0.52,0.01,0.01,77418.38,1777136001000
1777136002.518,202.518,0.47,0.48,0.52,0.53,0.01,0.01,77418.38,1777136001000
1777136002.915,202.915,0.47,0.48,0.52,0.53,0.01,0.01,77415.45,1777136002000
1777136003.357,203.357,0.47,0.48,0.52,0.53,0.01,0.01,77415.45,1777136002000
1777136003.711,203.711,0.47,0.48,0.52,0.53,0.01,0.01,77415.45,1777136002000
1777136004.28,204.28,0.49,0.5,0.52,0.54,0.01,0.02,77414.51,1777136003000
1777136004.616,204.616,0.4,0.42,0.58,0.59,0.02,0.01,77414.51,1777136003000
1777136005.045,205.045,0.4,0.41,0.58,0.6,0.01,0.02,77414.51,1777136003000
1777136005.393,205.393,0.4,0.41,0.59,0.6,0.01,0.01,77414.51,1777136003000
1777136005.945,205.945,0.4,0.41,0.59,0.6,0.01,0.01,77414.52,1777136005000
1777136006.28,206.28,0.4,0.41,0.59,0.6,0.01,0.01,77414.52,1777136005000
1777136006.616,206.616,0.4,0.41,0.59,0.6,0.01,0.01,77414.52,1777136005000
1777136007.035,207.035,0.4,0.41,0.59,0.6,0.01,0.01,77414.52,1777136005000
1777136007.413,207.413,0.4,0.41,0.59,0.6,0.01,0.01,77413.86,1777136006000
1777136007.918,207.918,0.4,0.41,0.59,0.6,0.01,0.01,77413.86,1777136006000
1777136008.264,208.264,0.4,0.41,0.59,0.6,0.01,0.01,77414.53,1777136007000
1777136008.664,208.664,0.4,0.41,0.59,0.6,0.01,0.01,77414.53,1777136007000
1777136009.278,209.278,0.4,0.41,0.59,0.6,0.01,0.01,77414.53,1777136007000
1777136009.627,209.627,0.4,0.41,0.59,0.6,0.01,0.01,77414.53,1777136008000
1777136010.302,210.302,0.4,0.41,0.59,0.6,0.01,0.01,77414.53,1777136008000
1777136010.638,210.638,0.4,0.41,0.59,0.6,0.01,0.01,77414.5,1777136009000
1777136010.982,210.982,0.4,0.41,0.59,0.6,0.01,0.01,77414.5,1777136009000
1777136011.34,211.34,0.4,0.41,0.59,0.6,0.01,0.01,77414.49,1777136010000
1777136011.703,211.703,0.36,0.41,0.59,0.64,0.05,0.05,77414.49,1777136010000
1777136012.111,212.111,0.36,0.4,0.6,0.64,0.04,0.04,77412.17,1777136011000
1777136012.456,212.456,0.37,0.39,0.61,0.63,0.02,0.02,77412.17,1777136011000
1777136012.789,212.789,0.37,0.38,0.62,0.63,0.01,0.01,77412.17,1777136011000
1777136013.167,213.167,0.37,0.38,0.62,0.63,0.01,0.01,77412.17,1777136011000
1777136013.576,213.576,0.37,0.38,0.62,0.63,0.01,0.01,77412.16,1777136012000
1777136013.964,213.964,0.37,0.38,0.62,0.63,0.01,0.01,77412.16,1777136012000
1777136014.39,214.39,0.37,0.38,0.62,0.63,0.01,0.01,77412.16,1777136012000
1777136014.737,214.737,0.27,0.36,0.63,0.72,0.09,0.09,77412.14,1777136013000
1777136015.091,215.091,0.29,0.32,0.68,0.71,0.03,0.03,77412.14,1777136014000
1777136015.504,215.504,0.3,0.31,0.69,0.7,0.01,0.01,77412.14,1777136014000
1777136015.861,215.861,0.3,0.31,0.69,0.7,0.01,0.01,77412.14,1777136014000
1777136016.225,216.225,0.3,0.31,0.69,0.7,0.01,0.01,77411.09,1777136015000
1777136016.609,216.609,0.3,0.31,0.69,0.7,0.01,0.01,77411.09,1777136015000
1777136016.965,216.965,0.31,0.32,0.68,0.69,0.01,0.01,77411.09,1777136015000
1777136017.329,217.329,0.31,0.32,0.68,0.69,0.01,0.01,77411.77,1777136016000
1777136017.693,217.693,0.32,0.34,0.66,0.68,0.02,0.02,77411.77,1777136016000
1777136018.201,218.201,0.33,0.34,0.66,0.67,0.01,0.01,77411.77,1777136016000
1777136018.568,218.568,0.33,0.34,0.66,0.67,0.01,0.01,77411.77,1777136017000
1777136018.942,218.942,0.33,0.34,0.66,0.67,0.01,0.01,77411.77,1777136017000
1777136019.736,219.736,0.33,0.34,0.66,0.67,0.01,0.01,77411.77,1777136017000
1777136020.454,220.454,0.33,0.34,0.66,0.67,0.01,0.01,77410.24,1777136018000
1777136020.814,220.814,0.33,0.34,0.66,0.67,0.01,0.01,77410.26,1777136019000
1777136021.4,221.4,0.31,0.34,0.66,0.69,0.03,0.03,77410.08,1777136020000
1777136021.739,221.739,0.31,0.32,0.67,0.69,0.01,0.02,77410.08,1777136020000
1777136022.108,222.108,0.26,0.28,0.69,0.73,0.02,0.04,77410.03,1777136021000
1777136022.486,222.486,0.25,0.27,0.73,0.74,0.02,0.01,77410.03,1777136021000
1777136022.961,222.961,0.24,0.25,0.75,0.76,0.01,0.01,77410.03,1777136021000
1777136023.317,223.317,0.24,0.25,0.75,0.76,0.01,0.01,77410.03,1777136021000
1777136023.682,223.682,0.24,0.25,0.75,0.76,0.01,0.01,77410.03,1777136021000
1777136024.022,224.022,0.24,0.25,0.75,0.76,0.01,0.01,77409.95,1777136022000
1777136024.391,224.391,0.24,0.25,0.75,0.76,0.01,0.01,77409.95,1777136023000
1777136024.815,224.815,0.23,0.24,0.76,0.77,0.01,0.01,77409.95,1777136023000
1777136025.161,225.161,0.23,0.24,0.76,0.77,0.01,0.01,77409.95,1777136023000
1777136025.522,225.522,0.23,0.24,0.76,0.77,0.01,0.01,77409.56,1777136024000
1777136025.897,225.897,0.23,0.24,0.76,0.77,0.01,0.01,77409.56,1777136024000
1777136026.257,226.257,0.24,0.25,0.75,0.76,0.01,0.01,77409.54,1777136025000
1777136027.261,227.261,0.23,0.24,0.76,0.77,0.01,0.01,77409.54,1777136025000
1777136027.603,227.603,0.23,0.24,0.76,0.77,0.01,0.01,77409.15,1777136026000
1777136027.941,227.941,0.23,0.24,0.76,0.77,0.01,0.01,77409.15,1777136026000
1777136028.319,228.319,0.23,0.24,0.76,0.77,0.01,0.01,77409.15,1777136026000
1777136028.665,228.665,0.27,0.28,0.72,0.73,0.01,0.01,77409.05,1777136027000
1777136029.151,229.151,0.28,0.29,0.72,0.73,0.01,0.01,77409.05,1777136027000
1777136029.484,229.484,0.28,0.29,0.71,0.72,0.01,0.01,77408.01,1777136028000
1777136030.097,230.097,0.27,0.28,0.71,0.73,0.01,0.02,77408.01,1777136028000
1777136030.45,230.45,0.28,0.29,0.71,0.72,0.01,0.01,77408.01,1777136028000
1777136031.067,231.067,0.3,0.31,0.69,0.7,0.01,0.01,77409.74,1777136029000
1777136031.445,231.445,0.29,0.3,0.7,0.71,0.01,0.01,77408.06,1777136030000
1777136031.952,231.952,0.28,0.29,0.71,0.72,0.01,0.01,77408.06,1777136030000
1777136032.291,232.291,0.28,0.29,0.71,0.72,0.01,0.01,77408.06,1777136030000
1777136033.142,233.142,0.28,0.29,0.71,0.72,0.01,0.01,77408.03,1777136031000
1777136033.494,233.494,0.28,0.29,0.71,0.72,0.01,0.01,77407.98,1777136032000
1777136033.879,233.879,0.29,0.3,0.7,0.71,0.01,0.01,77407.98,1777136032000
1777136034.244,234.244,0.29,0.3,0.7,0.71,0.01,0.01,77407.98,1777136032000
1777136034.981,234.981,0.28,0.29,0.7,0.71,0.01,0.01,77407.98,1777136033000
1777136035.315,235.315,0.27,0.28,0.72,0.73,0.01,0.01,77407.99,1777136034000
1777136035.752,235.752,0.28,0.29,0.71,0.72,0.01,0.01,77407.99,1777136034000
1777136036.108,236.108,0.28,0.29,0.71,0.72,0.01,0.01,77408.23,1777136035000
1777136036.54,236.54,0.27,0.28,0.71,0.74,0.01,0.03,77408.23,1777136035000
1777136036.904,236.904,0.27,0.28,0.72,0.73,0.01,0.01,77408.23,1777136035000
1777136037.264,237.264,0.27,0.28,0.72,0.73,0.01,0.01,77408.24,1777136036000
1777136038.096,238.096,0.27,0.28,0.72,0.73,0.01,0.01,77408.24,1777136036000
1777136038.515,238.515,0.28,0.29,0.72,0.73,0.01,0.01,77409.77,1777136037000
1777136039.053,239.053,0.28,0.29,0.71,0.72,0.01,0.01,77409.77,1777136037000
1777136039.625,239.625,0.28,0.29,0.71,0.72,0.01,0.01,77408.24,1777136038000
1777136039.975,239.975,0.27,0.28,0.72,0.73,0.01,0.01,77408.24,1777136038000
1777136040.424,240.424,0.27,0.28,0.72,0.73,0.01,0.01,77408.4,1777136039000
1777136040.759,240.759,0.28,0.29,0.71,0.73,0.01,0.02,77408.4,1777136039000
1777136041.145,241.145,0.29,0.3,0.7,0.71,0.01,0.01,77408.4,1777136039000
1777136041.748,241.748,0.29,0.3,0.7,0.71,0.01,0.01,77408.39,1777136040000
1777136042.116,242.116,0.3,0.31,0.69,0.71,0.01,0.02,77408.39,1777136040000
1777136042.731,242.731,0.3,0.31,0.69,0.7,0.01,0.01,77408.44,1777136041000
1777136043.426,243.426,0.3,0.31,0.69,0.7,0.01,0.01,77409.78,1777136042000
1777136043.85,243.85,0.3,0.31,0.69,0.7,0.01,0.01,77409.78,1777136042000
1777136044.287,244.287,0.27,0.28,0.69,0.72,0.01,0.03,77409.78,1777136043000
1777136045.024,245.024,0.27,0.29,0.71,0.73,0.02,0.02,77408.36,1777136044000
1777136045.662,245.662,0.28,0.29,0.71,0.72,0.01,0.01,77408.36,1777136044000
1777136046.022,246.022,0.28,0.29,0.71,0.72,0.01,0.01,77408.33,1777136045000
1777136046.398,246.398,0.28,0.3,0.71,0.72,0.02,0.01,77408.33,1777136045000
1777136046.911,246.911,0.29,0.3,0.7,0.71,0.01,0.01,77408.33,1777136045000
1777136047.82,247.82,0.28,0.29,0.7,0.72,0.01,0.02,77408.38,1777136046000
1777136048.163,248.163,0.35,0.36,0.69,0.71,0.01,0.02,77408.37,1777136047000
1777136048.502,248.502,0.57,0.58,0.42,0.43,0.01,0.01,77408.37,1777136047000
1777136048.863,248.863,0.59,0.6,0.4,0.41,0.01,0.01,77408.37,1777136047000
1777136049.334,249.334,0.63,0.64,0.36,0.37,0.01,0.01,77408.37,1777136047000
1777136049.699,249.699,0.66,0.67,0.33,0.35,0.01,0.02,77408.37,1777136047000
1777136050.038,250.038,0.66,0.67,0.33,0.34,0.01,0.01,77409.47,1777136048000
1777136050.479,250.479,0.66,0.67,0.33,0.34,0.01,0.01,77412.24,1777136049000
1777136050.998,250.998,0.66,0.67,0.33,0.34,0.01,0.01,77412.24,1777136049000
1777136051.353,251.353,0.66,0.67,0.33,0.34,0.01,0.01,77416.26,1777136050000
1777136051.71,251.71,0.66,0.67,0.33,0.34,0.01,0.01,77416.26,1777136050000
1777136052.076,252.076,0.66,0.67,0.33,0.34,0.01,0.01,77416.42,1777136051000
1777136052.814,252.814,0.66,0.67,0.33,0.34,0.01,0.01,77416.42,1777136051000
1777136053.164,253.164,0.67,0.68,0.32,0.33,0.01,0.01,77419.61,1777136052000
1777136053.52,253.52,0.67,0.68,0.32,0.33,0.01,0.01,77419.61,1777136052000
1777136053.863,253.863,0.67,0.68,0.32,0.33,0.01,0.01,77419.61,1777136052000
1777136054.223,254.223,0.67,0.68,0.32,0.33,0.01,0.01,77419.71,1777136053000
1777136054.608,254.608,0.67,0.68,0.32,0.33,0.01,0.01,77419.71,1777136053000
1777136054.992,254.992,0.67,0.68,0.32,0.33,0.01,0.01,77419.71,1777136053000
1777136055.359,255.359,0.67,0.68,0.32,0.33,0.01,0.01,77419.71,1777136053000
1777136055.744,255.744,0.67,0.7,0.3,0.33,0.03,0.03,77420.52,1777136054000
1777136056.078,256.078,0.66,0.67,0.33,0.34,0.01,0.01,77420.52,1777136054000
1777136056.628,256.628,0.66,0.67,0.33,0.34,0.01,0.01,77420.52,1777136055000
1777136057.012,257.012,0.66,0.67,0.33,0.34,0.01,0.01,77420.52,1777136055000
1777136057.458,257.458,0.66,0.67,0.33,0.34,0.01,0.01,77420.5,1777136056000
1777136057.792,257.792,0.66,0.67,0.33,0.34,0.01,0.01,77420.5,1777136056000
1777136058.133,258.133,0.66,0.67,0.33,0.34,0.01,0.01,77420.5,1777136057000
1777136058.52,258.52,0.66,0.67,0.33,0.34,0.01,0.01,77420.5,1777136057000
1777136058.91,258.91,0.66,0.67,0.33,0.34,0.01,0.01,77420.5,1777136057000
1777136059.248,259.248,0.66,0.67,0.33,0.34,0.01,0.01,77420.47,1777136058000
1777136059.586,259.586,0.66,0.67,0.33,0.34,0.01,0.01,77420.47,1777136058000
1777136060.266,260.266,0.66,0.67,0.33,0.34,0.01,0.01,77420.47,1777136059000
1777136060.835,260.835,0.66,0.67,0.33,0.34,0.01,0.01,77420.47,1777136059000
1777136061.355,261.355,0.66,0.67,0.33,0.34,0.01,0.01,77420.47,1777136059000
1777136062.141,262.141,0.66,0.67,0.33,0.34,0.01,0.01,77420.49,1777136060000
1777136062.589,262.589,0.66,0.67,0.33,0.34,0.01,0.01,77420.49,1777136061000
1777136062.996,262.996,0.66,0.67,0.33,0.34,0.01,0.01,77420.49,1777136061000
1777136063.392,263.392,0.66,0.67,0.33,0.34,0.01,0.01,77420.49,1777136062000
1777136063.747,263.747,0.69,0.7,0.3,0.31,0.01,0.01,77420.49,1777136062000
1777136064.12,264.12,0.69,0.7,0.3,0.31,0.01,0.01,77420.49,1777136062000
1777136064.731,264.731,0.69,0.7,0.3,0.31,0.01,0.01,77420.54,1777136063000
1777136065.134,265.134,0.69,0.7,0.3,0.31,0.01,0.01,77420.55,1777136064000
1777136065.515,265.515,0.69,0.7,0.3,0.31,0.01,0.01,77420.55,1777136064000
1777136065.94,265.94,0.69,0.72,0.3,0.31,0.03,0.01,77420.55,1777136064000
1777136066.307,266.307,0.71,0.72,0.28,0.29,0.01,0.01,77420.57,1777136065000
1777136066.87,266.87,0.71,0.72,0.28,0.29,0.01,0.01,77420.57,1777136065000
1777136067.204,267.204,0.72,0.73,0.27,0.28,0.01,0.01,77420.57,1777136065000
1777136067.665,267.665,0.73,0.74,0.26,0.27,0.01,0.01,77420.67,1777136066000
1777136068.069,268.069,0.73,0.74,0.26,0.27,0.01,0.01,77420.67,1777136066000
1777136068.613,268.613,0.73,0.74,0.26,0.27,0.01,0.01,77420.68,1777136067000
1777136069.15,269.15,0.73,0.74,0.26,0.27,0.01,0.01,77420.68,1777136067000
1777136069.916,269.916,0.73,0.74,0.26,0.27,0.01,0.01,77420.68,1777136068000
1777136070.332,270.332,0.72,0.73,0.27,0.28,0.01,0.01,77420.68,1777136068000
1777136070.749,270.749,0.72,0.74,0.27,0.28,0.02,0.01,77420.69,1777136069000
1777136071.171,271.171,0.73,0.74,0.26,0.27,0.01,0.01,77420.69,1777136069000
1777136071.803,271.803,0.73,0.74,0.26,0.27,0.01,0.01,77420.68,1777136070000
1777136072.177,272.177,0.73,0.74,0.26,0.27,0.01,0.01,77420.68,1777136070000
1777136072.573,272.573,0.74,0.75,0.25,0.26,0.01,0.01,77420.67,1777136071000
1777136072.94,272.94,0.73,0.74,0.26,0.27,0.01,0.01,77420.67,1777136071000
1777136073.429,273.429,0.73,0.74,0.26,0.27,0.01,0.01,77420.67,1777136072000
1777136073.831,273.831,0.74,0.75,0.26,0.27,0.01,0.01,77420.67,1777136072000
1777136074.187,274.187,0.74,0.75,0.25,0.26,0.01,0.01,77420.67,1777136072000
1777136074.89,274.89,0.73,0.74,0.25,0.26,0.01,0.01,77420.6,1777136073000
1777136075.245,275.245,0.73,0.74,0.26,0.27,0.01,0.01,77420.6,1777136073000
1777136075.617,275.617,0.73,0.74,0.26,0.27,0.01,0.01,77420.67,1777136074000
1777136076.011,276.011,0.75,0.76,0.24,0.27,0.01,0.03,77420.67,1777136074000
1777136076.44,276.44,0.75,0.76,0.24,0.25,0.01,0.01,77420.63,1777136075000
1777136076.775,276.775,0.75,0.76,0.23,0.25,0.01,0.02,77420.63,1777136075000
1777136077.112,277.112,0.75,0.76,0.24,0.25,0.01,0.01,77420.63,1777136076000
1777136077.524,277.524,0.75,0.76,0.24,0.25,0.01,0.01,77420.63,1777136076000
1777136078.026,278.026,0.75,0.76,0.23,0.25,0.01,0.02,77420.63,1777136076000
1777136078.474,278.474,0.75,0.76,0.24,0.25,0.01,0.01,77420.63,1777136076000
1777136079.176,279.176,0.75,0.76,0.24,0.25,0.01,0.01,77420.63,1777136077000
1777136079.519,279.519,0.74,0.75,0.24,0.26,0.01,0.02,77420.63,1777136077000
1777136080.011,280.011,0.74,0.75,0.25,0.26,0.01,0.01,77420.64,1777136078000
1777136080.542,280.542,0.74,0.75,0.25,0.26,0.01,0.01,77420.64,1777136078000
1777136081.184,281.184,0.65,0.75,0.25,0.26,0.1,0.01,77420.7,1777136079000
1777136081.593,281.593,0.67,0.68,0.32,0.33,0.01,0.01,77420.7,1777136080000
1777136082.097,282.097,0.67,0.68,0.32,0.33,0.01,0.01,77420.7,1777136080000
1777136082.436,282.436,0.55,0.57,0.43,0.54,0.02,0.11,77420.7,1777136080000
1777136082.773,282.773,0.52,0.53,0.47,0.48,0.01,0.01,77420.69,1777136081000
1777136083.176,283.176,0.52,0.53,0.47,0.48,0.01,0.01,77420.69,1777136081000
1777136083.624,283.624,0.52,0.53,0.47,0.48,0.01,0.01,77420.7,1777136082000
1777136084.055,284.055,0.52,0.53,0.47,0.48,0.01,0.01,77420.7,1777136082000
1777136084.471,284.471,0.52,0.53,0.47,0.48,0.01,0.01,77420.7,1777136082000
1777136084.812,284.812,0.52,0.53,0.47,0.48,0.01,0.01,77418.91,1777136083000
1777136085.402,285.402,0.52,0.53,0.47,0.48,0.01,0.01,77418.91,1777136083000
1777136085.808,285.808,0.52,0.53,0.47,0.48,0.01,0.01,77418.91,1777136083000
1777136086.161,286.161,0.52,0.53,0.47,0.48,0.01,0.01,77418.88,1777136084000
1777136086.538,286.538,0.52,0.53,0.47,0.48,0.01,0.01,77418.86,1777136085000
1777136087.235,287.235,0.53,0.54,0.46,0.48,0.01,0.02,77418.86,1777136085000
1777136087.793,287.793,0.53,0.54,0.46,0.47,0.01,0.01,77418.14,1777136086000
1777136088.26,288.26,0.52,0.54,0.46,0.48,0.02,0.02,77418.83,1777136087000
1777136088.899,288.899,0.52,0.53,0.45,0.46,0.01,0.01,77418.83,1777136087000
1777136089.232,289.232,0.17,0.27,0.73,0.8,0.1,0.07,77418.83,1777136087000
1777136089.603,289.603,0.15,0.16,0.82,0.85,0.01,0.03,77418.83,1777136087000
1777136089.938,289.938,0.13,0.17,0.83,0.87,0.04,0.04,77418.83,1777136087000
1777136090.346,290.346,0.1,0.14,0.86,0.9,0.04,0.04,77418.83,1777136088000
1777136090.689,290.689,0.11,0.12,0.88,0.89,0.01,0.01,77418.83,1777136088000
1777136091.046,291.046,0.11,0.12,0.88,0.89,0.01,0.01,77414.83,1777136089000
1777136091.452,291.452,0.11,0.12,0.88,0.89,0.01,0.01,77414.83,1777136089000
1777136091.903,291.903,0.1,0.11,0.88,0.9,0.01,0.02,77411.6,1777136090000
1777136092.256,292.256,0.1,0.11,0.89,0.9,0.01,0.01,77411.6,1777136091000
1777136092.589,292.589,0.09,0.1,0.9,0.91,0.01,0.01,77411.6,1777136091000
1777136092.962,292.962,0.09,0.1,0.9,0.91,0.01,0.01,77411.6,1777136091000
1777136093.304,293.304,0.07,0.1,0.9,0.91,0.03,0.01,77411.6,1777136091000
1777136093.671,293.671,0.11,0.12,0.88,0.89,0.01,0.01,77411.6,1777136091000
1777136094.051,294.051,0.07,0.11,0.88,0.91,0.04,0.03,77410.82,1777136092000
1777136094.39,294.39,0.08,0.09,0.91,0.92,0.01,0.01,77410.82,1777136092000
1777136094.875,294.875,0.07,0.08,0.91,0.94,0.01,0.03,77410.36,1777136093000
1777136095.279,295.279,0.06,0.08,0.92,0.93,0.02,0.01,77410.6,1777136094000
1777136095.649,295.649,0.06,0.08,0.92,0.94,0.02,0.02,77410.6,1777136094000
1777136096.113,296.113,0.06,0.07,0.93,0.94,0.01,0.01,77410.6,1777136094000
1777136096.483,296.483,0.05,0.07,0.93,0.95,0.02,0.02,77410.6,1777136094000
1777136096.851,296.851,0.03,0.05,0.95,0.96,0.02,0.01,77410.36,1777136095000
1777136097.185,297.185,0.03,0.05,0.95,0.97,0.02,0.02,77410.38,1777136096000
1777136097.558,297.558,0.03,0.04,0.96,0.97,0.01,0.01,77410.38,1777136096000
1777136097.907,297.907,0.03,0.04,0.96,0.97,0.01,0.01,77410.38,1777136096000
1777136098.252,298.252,0.02,0.04,0.96,0.98,0.02,0.02,77410.38,1777136096000
1777136098.591,298.591,0.02,0.03,0.97,0.98,0.01,0.01,77410.38,1777136096000
1777136098.954,298.954,0.02,0.03,0.97,0.98,0.01,0.01,77410.23,1777136097000
1777136099.294,299.294,0.01,0.02,0.98,0.99,0.01,0.01,77410.23,1777136097000
1777136099.8,299.8,0.01,0.01,0.99,0.99,0.0,0.0,77410.2,1777136098000
1777136100.181,300.181,0.01,0.01,0.99,0.99,0.0,0.0,77410.2,1777136098000
1777136100.678,300.678,0.01,0.01,0.99,0.99,0.0,0.0,77410.01,1777136099000
1777136102.094,302.094,0.01,0.01,0.99,0.99,0.0,0.0,77409.63,1777136101000

# RESULT,winner=Down,slug=btc-updown-5m-1777135800,ticks=607
