timestamp,elapsed_sec,up_bid,up_ask,down_bid,down_ask,up_spread,down_spread,btc_price,btc_oracle_ts
1776042300.681,0.681,0.49,0.5,0.5,0.51,0.01,0.01,71180.22,1776042299000
1776042301.491,1.491,0.49,0.5,0.5,0.51,0.01,0.01,71180.22,1776042300000
1776042301.874,1.874,0.49,0.5,0.5,0.51,0.01,0.01,71180.22,1776042300000
1776042302.215,2.215,0.49,0.5,0.5,0.51,0.01,0.01,71180.22,1776042300000
1776042302.555,2.555,0.49,0.5,0.5,0.51,0.01,0.01,71180.22,1776042300000
1776042302.923,2.923,0.49,0.5,0.5,0.51,0.01,0.01,71180.22,1776042300000
1776042303.308,3.308,0.49,0.5,0.5,0.51,0.01,0.01,71180.31,1776042301000
1776042303.644,3.644,0.53,0.55,0.45,0.47,0.02,0.02,71180.31,1776042301000
1776042304.132,4.132,0.56,0.57,0.43,0.44,0.01,0.01,71180.31,1776042301000
1776042304.506,4.506,0.56,0.57,0.43,0.44,0.01,0.01,71180.49,1776042302000
1776042304.932,4.932,0.56,0.57,0.43,0.44,0.01,0.01,71180.49,1776042302000
1776042305.265,5.265,0.54,0.55,0.43,0.44,0.01,0.01,71184.02,1776042304000
1776042305.662,5.662,0.54,0.55,0.45,0.46,0.01,0.01,71184.02,1776042304000
1776042306.049,6.049,0.5,0.51,0.48,0.5,0.01,0.02,71184.02,1776042304000
1776042306.42,6.42,0.5,0.51,0.49,0.5,0.01,0.01,71184.02,1776042304000
1776042306.757,6.757,0.5,0.51,0.49,0.5,0.01,0.01,71184.02,1776042304000
1776042307.139,7.139,0.5,0.51,0.49,0.5,0.01,0.01,71184.02,1776042304000
1776042307.513,7.513,0.5,0.51,0.49,0.5,0.01,0.01,71184.02,1776042304000
1776042307.871,7.871,0.5,0.51,0.49,0.5,0.01,0.01,71184.02,1776042304000
1776042308.36,8.36,0.49,0.5,0.49,0.5,0.01,0.01,71188.75,1776042306000
1776042308.77,8.77,0.49,0.5,0.5,0.51,0.01,0.01,71188.75,1776042306000
1776042309.157,9.157,0.49,0.5,0.5,0.51,0.01,0.01,71185.92,1776042307000
1776042309.506,9.506,0.49,0.5,0.5,0.51,0.01,0.01,71185.92,1776042307000
1776042309.977,9.977,0.49,0.5,0.5,0.51,0.01,0.01,71184.18,1776042308000
1776042310.329,10.329,0.49,0.5,0.5,0.51,0.01,0.01,71184.14,1776042309000
1776042310.839,10.839,0.49,0.5,0.5,0.51,0.01,0.01,71184.14,1776042309000
1776042311.301,11.301,0.5,0.51,0.48,0.51,0.01,0.03,71184.14,1776042309000
1776042311.852,11.852,0.5,0.51,0.49,0.5,0.01,0.01,71183.93,1776042310000
1776042312.513,12.513,0.5,0.51,0.49,0.5,0.01,0.01,71183.93,1776042311000
1776042312.917,12.917,0.5,0.51,0.49,0.5,0.01,0.01,71183.93,1776042311000
1776042313.327,13.327,0.5,0.51,0.49,0.5,0.01,0.01,71183.9,1776042312000
1776042313.677,13.677,0.49,0.51,0.49,0.5,0.02,0.01,71183.9,1776042312000
1776042314.102,14.102,0.49,0.5,0.5,0.51,0.01,0.01,71183.87,1776042313000
1776042314.436,14.436,0.49,0.5,0.5,0.51,0.01,0.01,71183.87,1776042313000
1776042314.86,14.86,0.49,0.5,0.5,0.51,0.01,0.01,71183.87,1776042313000
1776042315.215,15.215,0.46,0.47,0.53,0.55,0.01,0.02,71183.87,1776042313000
1776042315.59,15.59,0.45,0.46,0.54,0.55,0.01,0.01,71183.87,1776042313000
1776042315.931,15.931,0.45,0.46,0.54,0.55,0.01,0.01,71183.72,1776042314000
1776042316.296,16.296,0.45,0.46,0.54,0.55,0.01,0.01,71183.44,1776042315000
1776042316.701,16.701,0.45,0.46,0.54,0.55,0.01,0.01,71183.44,1776042315000
1776042317.059,17.059,0.45,0.46,0.54,0.55,0.01,0.01,71183.44,1776042315000
1776042317.603,17.603,0.45,0.46,0.54,0.55,0.01,0.01,71178.12,1776042316000
1776042317.989,17.989,0.45,0.46,0.54,0.55,0.01,0.01,71178.12,1776042316000
1776042318.418,18.418,0.45,0.46,0.54,0.55,0.01,0.01,71178.12,1776042316000
1776042319.201,19.201,0.45,0.46,0.54,0.55,0.01,0.01,71175.22,1776042317000
1776042320.229,20.229,0.45,0.46,0.54,0.55,0.01,0.01,71175.17,1776042319000
1776042320.593,20.593,0.45,0.46,0.54,0.55,0.01,0.01,71175.17,1776042319000
1776042320.971,20.971,0.46,0.47,0.53,0.54,0.01,0.01,71175.17,1776042319000
1776042321.598,21.598,0.47,0.48,0.53,0.54,0.01,0.01,71175.17,1776042319000
1776042322.669,22.669,0.47,0.48,0.52,0.53,0.01,0.01,71174.75,1776042321000
1776042323.262,23.262,0.47,0.48,0.52,0.53,0.01,0.01,71174.75,1776042322000
1776042323.708,23.708,0.47,0.48,0.52,0.54,0.01,0.02,71174.75,1776042322000
1776042324.762,24.762,0.46,0.47,0.52,0.54,0.01,0.02,71174.75,1776042322000
1776042325.166,25.166,0.46,0.47,0.53,0.54,0.01,0.01,71174.67,1776042323000
1776042325.502,25.502,0.46,0.47,0.53,0.54,0.01,0.01,71174.85,1776042324000
1776042325.841,25.841,0.45,0.46,0.53,0.55,0.01,0.02,71174.85,1776042324000
1776042326.177,26.177,0.45,0.46,0.54,0.55,0.01,0.01,71174.85,1776042324000
1776042326.77,26.77,0.44,0.45,0.55,0.56,0.01,0.01,71175.33,1776042325000
1776042327.221,27.221,0.44,0.45,0.55,0.56,0.01,0.01,71175.33,1776042325000
1776042327.587,27.587,0.43,0.44,0.56,0.57,0.01,0.01,71175.5,1776042326000
1776042328.014,28.014,0.42,0.44,0.56,0.57,0.02,0.01,71175.5,1776042326000
1776042328.4,28.4,0.41,0.43,0.57,0.58,0.02,0.01,71175.18,1776042327000
1776042328.889,28.889,0.41,0.42,0.57,0.59,0.01,0.02,71175.18,1776042327000
1776042329.71,29.71,0.41,0.42,0.58,0.59,0.01,0.01,71172.92,1776042328000
1776042330.194,30.194,0.4,0.42,0.58,0.59,0.02,0.01,71172.92,1776042328000
1776042330.591,30.591,0.4,0.41,0.58,0.6,0.01,0.02,71171.54,1776042329000
1776042331.246,31.246,0.4,0.41,0.59,0.6,0.01,0.01,71171.54,1776042329000
1776042331.625,31.625,0.4,0.41,0.59,0.6,0.01,0.01,71171.28,1776042330000
1776042332.377,32.377,0.4,0.41,0.59,0.6,0.01,0.01,71172.2,1776042331000
1776042332.936,32.936,0.4,0.41,0.59,0.6,0.01,0.01,71172.2,1776042331000
1776042333.325,33.325,0.4,0.41,0.59,0.6,0.01,0.01,71171.62,1776042332000
1776042334.135,34.135,0.4,0.41,0.59,0.6,0.01,0.01,71171.62,1776042332000
1776042334.614,34.614,0.4,0.41,0.59,0.6,0.01,0.01,71171.29,1776042333000
1776042335.218,35.218,0.4,0.42,0.59,0.6,0.02,0.01,71171.29,1776042333000
1776042335.618,35.618,0.4,0.42,0.58,0.6,0.02,0.02,71172.05,1776042334000
1776042336.015,36.015,0.4,0.41,0.58,0.6,0.01,0.02,71172.05,1776042334000
1776042336.443,36.443,0.4,0.41,0.59,0.6,0.01,0.01,71172.05,1776042335000
1776042336.901,36.901,0.4,0.41,0.59,0.6,0.01,0.01,71172.05,1776042335000
1776042337.277,37.277,0.4,0.41,0.59,0.6,0.01,0.01,71171.61,1776042336000
1776042337.659,37.659,0.41,0.42,0.59,0.6,0.01,0.01,71171.61,1776042336000
1776042338.026,38.026,0.41,0.42,0.58,0.59,0.01,0.01,71171.61,1776042336000
1776042338.734,38.734,0.41,0.42,0.58,0.59,0.01,0.01,71171.49,1776042337000
1776042339.273,39.273,0.41,0.42,0.58,0.59,0.01,0.01,71171.64,1776042338000
1776042339.645,39.645,0.4,0.41,0.59,0.6,0.01,0.01,71171.64,1776042338000
1776042340.293,40.293,0.4,0.43,0.58,0.6,0.03,0.02,71171.64,1776042338000
1776042340.739,40.739,0.4,0.42,0.57,0.6,0.02,0.03,71171.64,1776042339000
1776042341.077,41.077,0.37,0.38,0.61,0.63,0.01,0.02,71171.64,1776042340000
1776042341.443,41.443,0.34,0.35,0.63,0.67,0.01,0.04,71171.64,1776042340000
1776042341.792,41.792,0.34,0.35,0.65,0.66,0.01,0.01,71171.64,1776042340000
1776042342.141,42.141,0.33,0.34,0.66,0.67,0.01,0.01,71171.64,1776042340000
1776042342.482,42.482,0.33,0.34,0.66,0.67,0.01,0.01,71171.12,1776042341000
1776042342.913,42.913,0.33,0.34,0.66,0.67,0.01,0.01,71171.12,1776042341000
1776042343.25,43.25,0.32,0.34,0.66,0.67,0.02,0.01,71171.12,1776042341000
1776042343.585,43.585,0.33,0.34,0.66,0.67,0.01,0.01,71161.04,1776042342000
1776042343.919,43.919,0.3,0.31,0.69,0.7,0.01,0.01,71161.04,1776042342000
1776042344.257,44.257,0.29,0.3,0.7,0.71,0.01,0.01,71161.04,1776042342000
1776042344.648,44.648,0.29,0.3,0.7,0.71,0.01,0.01,71157.77,1776042343000
1776042345.11,45.11,0.29,0.3,0.7,0.71,0.01,0.01,71157.77,1776042343000
1776042345.479,45.479,0.29,0.3,0.7,0.71,0.01,0.01,71153.73,1776042344000
1776042345.857,45.857,0.29,0.34,0.7,0.71,0.05,0.01,71153.73,1776042344000
1776042346.346,46.346,0.3,0.31,0.69,0.7,0.01,0.01,71153.73,1776042344000
1776042346.801,46.801,0.32,0.33,0.67,0.68,0.01,0.01,71148.99,1776042345000
1776042347.145,47.145,0.32,0.33,0.67,0.68,0.01,0.01,71148.2,1776042346000
1776042347.492,47.492,0.32,0.33,0.67,0.68,0.01,0.01,71148.2,1776042346000
1776042347.849,47.849,0.32,0.33,0.67,0.68,0.01,0.01,71148.2,1776042346000
1776042348.203,48.203,0.32,0.33,0.67,0.68,0.01,0.01,71148.06,1776042347000
1776042348.7,48.7,0.32,0.34,0.67,0.68,0.02,0.01,71148.06,1776042347000
1776042349.114,49.114,0.33,0.34,0.66,0.67,0.01,0.01,71148.43,1776042348000
1776042349.532,49.532,0.31,0.32,0.68,0.69,0.01,0.01,71148.43,1776042348000
1776042349.872,49.872,0.31,0.32,0.68,0.69,0.01,0.01,71148.43,1776042348000
1776042350.254,50.254,0.32,0.33,0.67,0.68,0.01,0.01,71148.92,1776042349000
1776042350.588,50.588,0.32,0.33,0.67,0.68,0.01,0.01,71148.92,1776042349000
1776042350.937,50.937,0.32,0.33,0.67,0.68,0.01,0.01,71148.92,1776042349000
1776042351.286,51.286,0.32,0.33,0.67,0.68,0.01,0.01,71148.92,1776042350000
1776042351.642,51.642,0.31,0.33,0.67,0.69,0.02,0.02,71148.92,1776042350000
1776042352.112,52.112,0.32,0.33,0.67,0.68,0.01,0.01,71148.92,1776042351000
1776042352.457,52.457,0.31,0.32,0.68,0.69,0.01,0.01,71148.92,1776042351000
1776042353.194,53.194,0.31,0.34,0.66,0.69,0.03,0.03,71148.82,1776042352000
1776042353.55,53.55,0.33,0.34,0.66,0.67,0.01,0.01,71148.82,1776042352000
1776042353.972,53.972,0.33,0.34,0.66,0.67,0.01,0.01,71148.82,1776042352000
1776042354.309,54.309,0.32,0.33,0.67,0.68,0.01,0.01,71148.82,1776042353000
1776042354.683,54.683,0.32,0.33,0.67,0.68,0.01,0.01,71148.82,1776042353000
1776042355.254,55.254,0.31,0.33,0.68,0.69,0.02,0.01,71148.82,1776042353000
1776042355.597,55.597,0.32,0.34,0.66,0.67,0.02,0.01,71148.82,1776042353000
1776042356.012,56.012,0.32,0.33,0.67,0.68,0.01,0.01,71148.82,1776042353000
1776042356.461,56.461,0.32,0.33,0.67,0.68,0.01,0.01,71148.61,1776042354000
1776042356.933,56.933,0.32,0.33,0.67,0.68,0.01,0.01,71148.61,1776042354000
1776042357.286,57.286,0.31,0.32,0.67,0.69,0.01,0.02,71148.61,1776042355000
1776042357.645,57.645,0.31,0.32,0.68,0.69,0.01,0.01,71148.61,1776042355000
1776042358.016,58.016,0.31,0.32,0.68,0.69,0.01,0.01,71148.43,1776042356000
1776042358.364,58.364,0.3,0.31,0.68,0.7,0.01,0.02,71148.43,1776042356000
1776042358.762,58.762,0.3,0.31,0.69,0.7,0.01,0.01,71148.43,1776042356000
1776042359.099,59.099,0.3,0.31,0.69,0.7,0.01,0.01,71148.64,1776042357000
1776042359.539,59.539,0.3,0.31,0.69,0.7,0.01,0.01,71148.64,1776042357000
1776042360.106,60.106,0.31,0.32,0.68,0.7,0.01,0.02,71148.64,1776042358000
1776042360.45,60.45,0.31,0.32,0.68,0.69,0.01,0.01,71148.64,1776042359000
1776042360.794,60.794,0.3,0.31,0.68,0.69,0.01,0.01,71148.64,1776042359000
1776042361.137,61.137,0.29,0.31,0.69,0.7,0.02,0.01,71148.64,1776042359000
1776042361.511,61.511,0.29,0.3,0.7,0.71,0.01,0.01,71148.4,1776042360000
1776042361.917,61.917,0.26,0.27,0.73,0.74,0.01,0.01,71148.4,1776042360000
1776042362.27,62.27,0.25,0.26,0.73,0.75,0.01,0.02,71148.4,1776042360000
1776042362.72,62.72,0.25,0.26,0.74,0.75,0.01,0.01,71147.98,1776042361000
1776042363.102,63.102,0.24,0.25,0.75,0.76,0.01,0.01,71147.98,1776042361000
1776042363.453,63.453,0.23,0.24,0.76,0.77,0.01,0.01,71147.98,1776042361000
1776042363.794,63.794,0.23,0.24,0.76,0.77,0.01,0.01,71147.52,1776042362000
1776042364.144,64.144,0.21,0.23,0.77,0.79,0.02,0.02,71147.52,1776042362000
1776042364.501,64.501,0.2,0.21,0.79,0.8,0.01,0.01,71142.58,1776042363000
1776042364.835,64.835,0.2,0.21,0.79,0.8,0.01,0.01,71142.58,1776042363000
1776042365.186,65.186,0.2,0.21,0.79,0.8,0.01,0.01,71141.14,1776042364000
1776042365.581,65.581,0.18,0.2,0.8,0.81,0.02,0.01,71141.14,1776042364000
1776042365.935,65.935,0.18,0.19,0.81,0.82,0.01,0.01,71141.14,1776042364000
1776042366.278,66.278,0.18,0.19,0.81,0.82,0.01,0.01,71141.14,1776042364000
1776042366.658,66.658,0.18,0.19,0.81,0.82,0.01,0.01,71135.73,1776042365000
1776042367.027,67.027,0.18,0.19,0.81,0.82,0.01,0.01,71135.73,1776042365000
1776042367.433,67.433,0.18,0.19,0.81,0.82,0.01,0.01,71135.73,1776042365000
1776042367.863,67.863,0.18,0.19,0.81,0.82,0.01,0.01,71134.19,1776042366000
1776042368.272,68.272,0.18,0.19,0.81,0.82,0.01,0.01,71134.19,1776042366000
1776042368.803,68.803,0.18,0.19,0.81,0.82,0.01,0.01,71134.19,1776042366000
1776042369.223,69.223,0.2,0.21,0.81,0.9,0.01,0.09,71128.24,1776042367000
1776042369.577,69.577,0.2,0.21,0.79,0.8,0.01,0.01,71128.22,1776042368000
1776042369.91,69.91,0.2,0.21,0.79,0.8,0.01,0.01,71128.22,1776042368000
1776042370.245,70.245,0.21,0.22,0.78,0.79,0.01,0.01,71128.22,1776042368000
1776042370.72,70.72,0.21,0.22,0.78,0.79,0.01,0.01,71128.15,1776042369000
1776042371.056,71.056,0.22,0.23,0.77,0.78,0.01,0.01,71128.15,1776042369000
1776042371.432,71.432,0.22,0.23,0.77,0.78,0.01,0.01,71128.15,1776042369000
1776042371.842,71.842,0.23,0.24,0.76,0.77,0.01,0.01,71128.1,1776042370000
1776042372.177,72.177,0.23,0.24,0.76,0.77,0.01,0.01,71128.1,1776042370000
1776042372.641,72.641,0.23,0.24,0.76,0.77,0.01,0.01,71128.03,1776042371000
1776042372.982,72.982,0.28,0.29,0.71,0.74,0.01,0.03,71128.03,1776042371000
1776042373.368,73.368,0.3,0.31,0.69,0.7,0.01,0.01,71128.03,1776042371000
1776042373.751,73.751,0.3,0.31,0.69,0.7,0.01,0.01,71127.23,1776042372000
1776042374.194,74.194,0.3,0.31,0.69,0.7,0.01,0.01,71127.23,1776042372000
1776042374.597,74.597,0.29,0.31,0.69,0.7,0.02,0.01,71127.23,1776042372000
1776042374.954,74.954,0.29,0.3,0.69,0.71,0.01,0.02,71127.23,1776042372000
1776042375.301,75.301,0.27,0.3,0.7,0.71,0.03,0.01,71127.23,1776042372000
1776042375.762,75.762,0.27,0.28,0.72,0.73,0.01,0.01,71133.99,1776042373000
1776042376.102,76.102,0.27,0.28,0.72,0.73,0.01,0.01,71133.99,1776042373000
1776042376.527,76.527,0.26,0.27,0.73,0.74,0.01,0.01,71137.4,1776042375000
1776042376.903,76.903,0.27,0.28,0.72,0.73,0.01,0.01,71137.4,1776042375000
1776042377.24,77.24,0.27,0.28,0.72,0.73,0.01,0.01,71137.4,1776042375000
1776042377.596,77.596,0.29,0.3,0.7,0.73,0.01,0.03,71137.36,1776042376000
1776042377.982,77.982,0.31,0.32,0.68,0.69,0.01,0.01,71137.36,1776042376000
1776042378.426,78.426,0.31,0.32,0.68,0.69,0.01,0.01,71137.73,1776042377000
1776042378.893,78.893,0.31,0.32,0.68,0.69,0.01,0.01,71137.73,1776042377000
1776042379.291,79.291,0.31,0.32,0.68,0.69,0.01,0.01,71137.73,1776042377000
1776042379.725,79.725,0.32,0.33,0.46,0.69,0.01,0.23,71138.1,1776042378000
1776042380.083,80.083,0.32,0.33,0.67,0.78,0.01,0.11,71138.1,1776042378000
1776042380.468,80.468,0.32,0.33,0.67,0.68,0.01,0.01,71138.1,1776042378000
1776042380.905,80.905,0.34,0.35,0.65,0.66,0.01,0.01,71141.27,1776042379000
1776042381.245,81.245,0.34,0.35,0.65,0.66,0.01,0.01,71141.43,1776042380000
1776042381.623,81.623,0.34,0.35,0.65,0.66,0.01,0.01,71141.43,1776042380000
1776042381.995,81.995,0.33,0.34,0.66,0.67,0.01,0.01,71141.43,1776042380000
1776042382.341,82.341,0.34,0.35,0.65,0.66,0.01,0.01,71142.48,1776042381000
1776042382.925,82.925,0.29,0.3,0.65,0.79,0.01,0.14,71142.48,1776042381000
1776042383.274,83.274,0.33,0.34,0.66,0.67,0.01,0.01,71142.48,1776042381000
1776042383.618,83.618,0.33,0.34,0.66,0.67,0.01,0.01,71142.63,1776042382000
1776042384.077,84.077,0.33,0.34,0.66,0.67,0.01,0.01,71142.63,1776042382000
1776042384.529,84.529,0.32,0.33,0.66,0.68,0.01,0.02,71142.64,1776042383000
1776042384.948,84.948,0.32,0.33,0.67,0.68,0.01,0.01,71142.63,1776042384000
1776042385.291,85.291,0.32,0.34,0.67,0.69,0.02,0.02,71142.63,1776042384000
1776042385.774,85.774,0.33,0.34,0.66,0.67,0.01,0.01,71142.63,1776042384000
1776042386.116,86.116,0.33,0.34,0.66,0.67,0.01,0.01,71142.61,1776042385000
1776042386.571,86.571,0.31,0.33,0.67,0.68,0.02,0.01,71142.61,1776042385000
1776042387.33,87.33,0.33,0.34,0.68,0.69,0.01,0.01,71142.48,1776042386000
1776042387.818,87.818,0.33,0.34,0.66,0.67,0.01,0.01,71142.48,1776042386000
1776042388.278,88.278,0.33,0.34,0.66,0.67,0.01,0.01,71142.63,1776042387000
1776042388.622,88.622,0.32,0.33,0.66,0.68,0.01,0.02,71142.63,1776042387000
1776042389.029,89.029,0.32,0.33,0.67,0.68,0.01,0.01,71142.63,1776042388000
1776042389.419,89.419,0.32,0.33,0.65,0.68,0.01,0.03,71142.63,1776042388000
1776042389.788,89.788,0.32,0.33,0.67,0.68,0.01,0.01,71142.63,1776042388000
1776042390.236,90.236,0.32,0.34,0.67,0.68,0.02,0.01,71142.63,1776042388000
1776042390.575,90.575,0.33,0.43,0.59,0.67,0.1,0.08,71142.63,1776042388000
1776042390.909,90.909,0.4,0.42,0.58,0.6,0.02,0.02,71141.82,1776042389000
1776042391.277,91.277,0.39,0.4,0.6,0.61,0.01,0.01,71142,1776042390000
1776042391.68,91.68,0.41,0.42,0.58,0.59,0.01,0.01,71142,1776042390000
1776042392.026,92.026,0.42,0.43,0.57,0.58,0.01,0.01,71142,1776042391000
1776042392.377,92.377,0.41,0.42,0.57,0.59,0.01,0.02,71142,1776042391000
1776042392.72,92.72,0.37,0.39,0.61,0.63,0.02,0.02,71142,1776042391000
1776042393.068,93.068,0.36,0.38,0.62,0.64,0.02,0.02,71142,1776042391000
1776042393.403,93.403,0.35,0.36,0.64,0.65,0.01,0.01,71142.25,1776042392000
1776042393.815,93.815,0.33,0.37,0.66,0.69,0.04,0.03,71142.25,1776042392000
1776042394.152,94.152,0.35,0.36,0.64,0.65,0.01,0.01,71142.25,1776042392000
1776042394.495,94.495,0.37,0.38,0.62,0.63,0.01,0.01,71142.35,1776042393000
1776042394.998,94.998,0.36,0.37,0.62,0.64,0.01,0.02,71142.35,1776042393000
1776042395.387,95.387,0.34,0.36,0.63,0.64,0.02,0.01,71141.28,1776042394000
1776042395.8,95.8,0.31,0.32,0.68,0.69,0.01,0.01,71141.28,1776042394000
1776042396.238,96.238,0.27,0.28,0.72,0.73,0.01,0.01,71141.28,1776042394000
1776042396.661,96.661,0.24,0.25,0.75,0.76,0.01,0.01,71140.12,1776042395000
1776042397.054,97.054,0.24,0.25,0.75,0.76,0.01,0.01,71140.12,1776042395000
1776042397.404,97.404,0.23,0.24,0.76,0.77,0.01,0.01,71139.88,1776042396000
1776042397.797,97.797,0.24,0.27,0.7,0.76,0.03,0.06,71139.88,1776042396000
1776042398.341,98.341,0.32,0.34,0.66,0.68,0.02,0.02,71137.68,1776042397000
1776042398.787,98.787,0.33,0.34,0.66,0.67,0.01,0.01,71137.68,1776042397000
1776042399.124,99.124,0.33,0.34,0.66,0.67,0.01,0.01,71137.68,1776042397000
1776042399.502,99.502,0.33,0.34,0.66,0.67,0.01,0.01,71133.79,1776042398000
1776042399.894,99.894,0.33,0.35,0.66,0.67,0.02,0.01,71133.79,1776042398000
1776042400.228,100.228,0.34,0.35,0.65,0.66,0.01,0.01,71138.75,1776042399000
1776042400.77,100.77,0.37,0.38,0.56,0.63,0.01,0.07,71138.75,1776042399000
1776042401.159,101.159,0.36,0.37,0.63,0.64,0.01,0.01,71138.75,1776042399000
1776042401.941,101.941,0.28,0.29,0.69,0.72,0.01,0.03,71140.28,1776042400000
1776042402.666,102.666,0.28,0.29,0.71,0.72,0.01,0.01,71140.25,1776042401000
1776042403.104,103.104,0.3,0.31,0.69,0.7,0.01,0.01,71140.25,1776042401000
1776042403.514,103.514,0.34,0.35,0.64,0.66,0.01,0.02,71140.25,1776042401000
1776042403.969,103.969,0.35,0.36,0.64,0.65,0.01,0.01,71139.5,1776042402000
1776042404.409,104.409,0.35,0.36,0.64,0.65,0.01,0.01,71139.5,1776042402000
1776042405.031,105.031,0.41,0.42,0.58,0.65,0.01,0.07,71138.86,1776042403000
1776042405.389,105.389,0.41,0.42,0.58,0.59,0.01,0.01,71139.48,1776042404000
1776042405.732,105.732,0.41,0.42,0.58,0.59,0.01,0.01,71139.48,1776042404000
1776042406.106,106.106,0.41,0.42,0.58,0.59,0.01,0.01,71140.45,1776042405000
1776042406.491,106.491,0.42,0.43,0.57,0.58,0.01,0.01,71140.45,1776042405000
1776042406.955,106.955,0.42,0.43,0.57,0.58,0.01,0.01,71140.59,1776042406000
1776042407.442,107.442,0.42,0.43,0.57,0.58,0.01,0.01,71140.59,1776042406000
1776042407.781,107.781,0.41,0.42,0.58,0.59,0.01,0.01,71140.59,1776042406000
1776042408.181,108.181,0.41,0.42,0.58,0.59,0.01,0.01,71140.59,1776042406000
1776042408.721,108.721,0.41,0.42,0.58,0.59,0.01,0.01,71140.52,1776042407000
1776042409.083,109.083,0.41,0.42,0.58,0.59,0.01,0.01,71140.52,1776042407000
1776042409.554,109.554,0.4,0.41,0.59,0.6,0.01,0.01,71140.57,1776042408000
1776042410.027,110.027,0.4,0.41,0.59,0.6,0.01,0.01,71140.92,1776042409000
1776042410.424,110.424,0.38,0.4,0.61,0.62,0.02,0.01,71140.92,1776042409000
1776042410.887,110.887,0.39,0.4,0.6,0.61,0.01,0.01,71140.84,1776042410000
1776042411.286,111.286,0.38,0.4,0.6,0.61,0.02,0.01,71140.84,1776042410000
1776042411.732,111.732,0.38,0.39,0.6,0.62,0.01,0.02,71140.84,1776042410000
1776042412.07,112.07,0.38,0.39,0.61,0.62,0.01,0.01,71140.94,1776042411000
1776042412.906,112.906,0.38,0.39,0.61,0.62,0.01,0.01,71140.94,1776042412000
1776042413.265,113.265,0.38,0.4,0.61,0.62,0.02,0.01,71140.94,1776042412000
1776042413.865,113.865,0.39,0.4,0.6,0.61,0.01,0.01,71140.91,1776042413000
1776042414.484,114.484,0.38,0.39,0.6,0.61,0.01,0.01,71140.91,1776042413000
1776042414.863,114.863,0.38,0.39,0.61,0.62,0.01,0.01,71140.59,1776042414000
1776042415.234,115.234,0.38,0.39,0.61,0.62,0.01,0.01,71140.59,1776042414000
1776042415.702,115.702,0.38,0.39,0.61,0.62,0.01,0.01,71140.59,1776042414000
1776042416.15,116.15,0.31,0.32,0.61,0.69,0.01,0.08,71140.59,1776042415000
1776042416.559,116.559,0.31,0.32,0.68,0.69,0.01,0.01,71140.59,1776042415000
1776042416.972,116.972,0.3,0.32,0.68,0.69,0.02,0.01,71140.61,1776042416000
1776042417.406,117.406,0.31,0.32,0.68,0.69,0.01,0.01,71140.61,1776042416000
1776042417.917,117.917,0.31,0.32,0.68,0.69,0.01,0.01,71140.61,1776042416000
1776042418.275,118.275,0.3,0.31,0.69,0.7,0.01,0.01,71139.07,1776042417000
1776042418.663,118.663,0.28,0.29,0.71,0.72,0.01,0.01,71139.07,1776042417000
1776042419.03,119.03,0.28,0.29,0.71,0.72,0.01,0.01,71139.07,1776042417000
1776042419.518,119.518,0.28,0.29,0.71,0.72,0.01,0.01,71137.08,1776042418000
1776042419.944,119.944,0.28,0.29,0.71,0.72,0.01,0.01,71137.08,1776042418000
1776042420.284,120.284,0.28,0.29,0.71,0.72,0.01,0.01,71137.08,1776042418000
1776042420.661,120.661,0.28,0.29,0.71,0.72,0.01,0.01,71137.08,1776042418000
1776042421.127,121.127,0.28,0.29,0.71,0.72,0.01,0.01,71137.09,1776042419000
1776042421.505,121.505,0.28,0.29,0.71,0.72,0.01,0.01,71137.41,1776042420000
1776042421.931,121.931,0.28,0.29,0.71,0.72,0.01,0.01,71137.41,1776042420000
1776042422.305,122.305,0.39,0.41,0.57,0.61,0.02,0.04,71136.97,1776042421000
1776042422.643,122.643,0.4,0.41,0.59,0.6,0.01,0.01,71136.97,1776042421000
1776042423.016,123.016,0.35,0.37,0.63,0.64,0.02,0.01,71136.97,1776042421000
1776042423.388,123.388,0.36,0.37,0.63,0.64,0.01,0.01,71137.18,1776042422000
1776042423.779,123.779,0.35,0.36,0.64,0.65,0.01,0.01,71137.18,1776042422000
1776042424.116,124.116,0.37,0.38,0.62,0.63,0.01,0.01,71137.18,1776042422000
1776042424.493,124.493,0.37,0.38,0.62,0.63,0.01,0.01,71148.75,1776042423000
1776042424.865,124.865,0.35,0.36,0.64,0.65,0.01,0.01,71148.75,1776042423000
1776042425.237,125.237,0.36,0.38,0.63,0.64,0.02,0.01,71148.75,1776042423000
1776042425.58,125.58,0.36,0.37,0.63,0.64,0.01,0.01,71149.55,1776042424000
1776042425.951,125.951,0.36,0.37,0.63,0.64,0.01,0.01,71149.55,1776042424000
1776042426.314,126.314,0.36,0.37,0.63,0.64,0.01,0.01,71150.14,1776042425000
1776042426.789,126.789,0.36,0.37,0.63,0.64,0.01,0.01,71150.14,1776042425000
1776042427.137,127.137,0.35,0.36,0.63,0.66,0.01,0.03,71150.14,1776042425000
1776042427.568,127.568,0.35,0.37,0.64,0.65,0.02,0.01,71150.24,1776042426000
1776042427.978,127.978,0.36,0.37,0.63,0.64,0.01,0.01,71150.57,1776042427000
1776042428.313,128.313,0.36,0.37,0.63,0.64,0.01,0.01,71150.57,1776042427000
1776042428.728,128.728,0.37,0.38,0.62,0.63,0.01,0.01,71150.57,1776042427000
1776042429.066,129.066,0.38,0.4,0.61,0.63,0.02,0.02,71150.43,1776042428000
1776042429.626,129.626,0.37,0.4,0.6,0.61,0.03,0.01,71150.43,1776042428000
1776042429.96,129.96,0.32,0.33,0.67,0.68,0.01,0.01,71150.53,1776042429000
1776042430.346,130.346,0.32,0.33,0.67,0.68,0.01,0.01,71150.53,1776042429000
1776042430.789,130.789,0.32,0.33,0.67,0.68,0.01,0.01,71150.53,1776042429000
1776042431.164,131.164,0.32,0.33,0.67,0.68,0.01,0.01,71152.64,1776042430000
1776042431.664,131.664,0.32,0.33,0.67,0.68,0.01,0.01,71152.64,1776042430000
1776042432.016,132.016,0.32,0.33,0.67,0.68,0.01,0.01,71149.91,1776042431000
1776042432.35,132.35,0.32,0.33,0.67,0.68,0.01,0.01,71149.91,1776042431000
1776042432.71,132.71,0.33,0.34,0.63,0.68,0.01,0.05,71149.91,1776042431000
1776042433.062,133.062,0.33,0.34,0.66,0.67,0.01,0.01,71149.58,1776042432000
1776042433.413,133.413,0.33,0.34,0.66,0.67,0.01,0.01,71149.58,1776042432000
1776042433.905,133.905,0.33,0.34,0.66,0.67,0.01,0.01,71149.58,1776042432000
1776042434.954,134.954,0.33,0.34,0.66,0.67,0.01,0.01,71149.8,1776042434000
1776042435.576,135.576,0.33,0.34,0.66,0.67,0.01,0.01,71149.8,1776042434000
1776042435.939,135.939,0.33,0.34,0.66,0.68,0.01,0.02,71149.8,1776042434000
1776042436.292,136.292,0.33,0.34,0.66,0.67,0.01,0.01,71149.8,1776042435000
1776042436.773,136.773,0.3,0.31,0.67,0.7,0.01,0.03,71149.8,1776042435000
1776042437.131,137.131,0.3,0.31,0.69,0.7,0.01,0.01,71149.8,1776042435000
1776042437.476,137.476,0.3,0.31,0.69,0.7,0.01,0.01,71149.19,1776042436000
1776042437.831,137.831,0.3,0.31,0.69,0.7,0.01,0.01,71149.19,1776042436000
1776042438.166,138.166,0.3,0.31,0.69,0.7,0.01,0.01,71149.19,1776042437000
1776042438.502,138.502,0.31,0.32,0.68,0.69,0.01,0.01,71149.19,1776042437000
1776042438.862,138.862,0.3,0.31,0.69,0.7,0.01,0.01,71149.19,1776042437000
1776042439.205,139.205,0.31,0.32,0.68,0.69,0.01,0.01,71144.13,1776042438000
1776042439.552,139.552,0.31,0.32,0.68,0.69,0.01,0.01,71144.13,1776042438000
1776042439.893,139.893,0.32,0.33,0.67,0.68,0.01,0.01,71144.13,1776042438000
1776042440.253,140.253,0.32,0.33,0.67,0.68,0.01,0.01,71140.68,1776042439000
1776042440.586,140.586,0.32,0.33,0.67,0.68,0.01,0.01,71140.68,1776042439000
1776042440.947,140.947,0.33,0.35,0.66,0.67,0.02,0.01,71140.68,1776042439000
1776042441.353,141.353,0.33,0.34,0.65,0.67,0.01,0.02,71140.68,1776042439000
1776042441.707,141.707,0.33,0.35,0.65,0.67,0.02,0.02,71139.21,1776042440000
1776042442.062,142.062,0.33,0.34,0.66,0.67,0.01,0.01,71139.21,1776042440000
1776042442.551,142.551,0.33,0.34,0.66,0.67,0.01,0.01,71138.42,1776042441000
1776042442.911,142.911,0.34,0.35,0.65,0.66,0.01,0.01,71138.42,1776042441000
1776042443.307,143.307,0.34,0.35,0.65,0.66,0.01,0.01,71138.42,1776042441000
1776042443.648,143.648,0.34,0.35,0.65,0.66,0.01,0.01,71135.55,1776042442000
1776042443.982,143.982,0.35,0.36,0.64,0.66,0.01,0.02,71136.98,1776042443000
1776042444.383,144.383,0.39,0.4,0.6,0.63,0.01,0.03,71136.98,1776042443000
1776042444.754,144.754,0.42,0.43,0.57,0.58,0.01,0.01,71136.98,1776042443000
1776042445.202,145.202,0.42,0.43,0.57,0.58,0.01,0.01,71138.04,1776042444000
1776042445.549,145.549,0.42,0.43,0.57,0.58,0.01,0.01,71138.04,1776042444000
1776042445.956,145.956,0.42,0.43,0.57,0.58,0.01,0.01,71138.04,1776042444000
1776042446.328,146.328,0.42,0.43,0.57,0.58,0.01,0.01,71143.61,1776042445000
1776042446.688,146.688,0.42,0.43,0.57,0.58,0.01,0.01,71143.61,1776042445000
1776042447.262,147.262,0.42,0.43,0.57,0.58,0.01,0.01,71143.61,1776042445000
1776042447.652,147.652,0.39,0.4,0.59,0.61,0.01,0.02,71145.55,1776042446000
1776042448.007,148.007,0.37,0.38,0.62,0.63,0.01,0.01,71145.55,1776042446000
1776042448.366,148.366,0.32,0.33,0.67,0.68,0.01,0.01,71145.55,1776042446000
1776042448.705,148.705,0.32,0.33,0.67,0.68,0.01,0.01,71145.52,1776042447000
1776042449.05,149.05,0.32,0.33,0.67,0.68,0.01,0.01,71145.52,1776042447000
1776042449.47,149.47,0.32,0.33,0.67,0.68,0.01,0.01,71144.73,1776042448000
1776042449.833,149.833,0.3,0.31,0.68,0.69,0.01,0.01,71144.73,1776042448000
1776042450.473,150.473,0.3,0.31,0.69,0.7,0.01,0.01,71141.56,1776042449000
1776042450.99,150.99,0.3,0.31,0.69,0.7,0.01,0.01,71141.56,1776042449000
1776042451.353,151.353,0.34,0.35,0.65,0.66,0.01,0.01,71138.84,1776042450000
1776042451.743,151.743,0.34,0.35,0.65,0.66,0.01,0.01,71138.84,1776042450000
1776042452.144,152.144,0.34,0.35,0.65,0.66,0.01,0.01,71137.55,1776042451000
1776042452.933,152.933,0.35,0.36,0.64,0.66,0.01,0.02,71137.55,1776042451000
1776042453.48,153.48,0.35,0.36,0.64,0.65,0.01,0.01,71136.86,1776042452000
1776042453.924,153.924,0.36,0.37,0.63,0.64,0.01,0.01,71136.86,1776042452000
1776042454.269,154.269,0.36,0.37,0.63,0.64,0.01,0.01,71136.86,1776042452000
1776042454.906,154.906,0.36,0.37,0.63,0.64,0.01,0.01,71136.81,1776042453000
1776042455.312,155.312,0.36,0.37,0.63,0.64,0.01,0.01,71137.05,1776042454000
1776042455.993,155.993,0.36,0.37,0.63,0.64,0.01,0.01,71137.05,1776042454000
1776042456.405,156.405,0.36,0.37,0.63,0.64,0.01,0.01,71137.38,1776042455000
1776042456.763,156.763,0.36,0.37,0.63,0.64,0.01,0.01,71137.38,1776042455000
1776042457.663,157.663,0.36,0.39,0.63,0.64,0.03,0.01,71136.69,1776042456000
1776042458.007,158.007,0.38,0.39,0.61,0.62,0.01,0.01,71137.97,1776042457000
1776042458.927,158.927,0.39,0.4,0.6,0.62,0.01,0.02,71137.97,1776042457000
1776042459.361,159.361,0.39,0.4,0.6,0.61,0.01,0.01,71138.55,1776042458000
1776042459.849,159.849,0.39,0.4,0.6,0.61,0.01,0.01,71138.55,1776042458000
1776042460.246,160.246,0.39,0.4,0.6,0.61,0.01,0.01,71138.55,1776042458000
1776042460.641,160.641,0.38,0.39,0.61,0.62,0.01,0.01,71144.37,1776042459000
1776042461.003,161.003,0.38,0.39,0.61,0.62,0.01,0.01,71144.25,1776042460000
1776042461.363,161.363,0.38,0.4,0.61,0.62,0.02,0.01,71144.25,1776042460000
1776042461.73,161.73,0.4,0.41,0.59,0.62,0.01,0.03,71144.25,1776042460000
1776042462.146,162.146,0.52,0.53,0.45,0.48,0.01,0.03,71144.25,1776042460000
1776042462.58,162.58,0.52,0.53,0.47,0.48,0.01,0.01,71144.25,1776042460000
1776042462.961,162.961,0.52,0.53,0.47,0.48,0.01,0.01,71144.25,1776042460000
1776042463.385,163.385,0.51,0.52,0.48,0.49,0.01,0.01,71144.25,1776042460000
1776042463.742,163.742,0.51,0.52,0.48,0.49,0.01,0.01,71144.25,1776042460000
1776042464.139,164.139,0.51,0.52,0.48,0.49,0.01,0.01,71154.15,1776042463000
1776042464.509,164.509,0.49,0.5,0.5,0.51,0.01,0.01,71154.15,1776042463000
1776042464.871,164.871,0.49,0.5,0.5,0.51,0.01,0.01,71154.15,1776042463000
1776042465.271,165.271,0.49,0.5,0.5,0.51,0.01,0.01,71154.15,1776042463000
1776042465.669,165.669,0.48,0.49,0.51,0.52,0.01,0.01,71155.25,1776042464000
1776042466.068,166.068,0.48,0.49,0.51,0.52,0.01,0.01,71155.25,1776042464000
1776042466.487,166.487,0.48,0.49,0.51,0.52,0.01,0.01,71155.25,1776042464000
1776042467.035,167.035,0.48,0.49,0.51,0.52,0.01,0.01,71155.25,1776042464000
1776042467.446,167.446,0.47,0.48,0.52,0.53,0.01,0.01,71155.16,1776042466000
1776042467.816,167.816,0.47,0.48,0.52,0.53,0.01,0.01,71155.16,1776042466000
1776042468.231,168.231,0.47,0.48,0.52,0.53,0.01,0.01,71154.5,1776042467000
1776042468.567,168.567,0.47,0.48,0.52,0.53,0.01,0.01,71154.5,1776042467000
1776042469.031,169.031,0.46,0.47,0.53,0.54,0.01,0.01,71154.5,1776042467000
1776042469.39,169.39,0.46,0.47,0.53,0.54,0.01,0.01,71153.69,1776042468000
1776042469.812,169.812,0.46,0.47,0.53,0.54,0.01,0.01,71153.69,1776042468000
1776042470.267,170.267,0.46,0.47,0.53,0.54,0.01,0.01,71153.67,1776042469000
1776042470.611,170.611,0.45,0.46,0.53,0.55,0.01,0.02,71153.67,1776042469000
1776042471.046,171.046,0.42,0.43,0.56,0.57,0.01,0.01,71153.67,1776042469000
1776042471.386,171.386,0.42,0.43,0.57,0.58,0.01,0.01,71153.7,1776042470000
1776042471.745,171.745,0.41,0.43,0.57,0.58,0.02,0.01,71153.7,1776042470000
1776042472.133,172.133,0.41,0.42,0.58,0.59,0.01,0.01,71152.93,1776042471000
1776042472.563,172.563,0.41,0.42,0.58,0.59,0.01,0.01,71152.93,1776042471000
1776042473.078,173.078,0.41,0.42,0.58,0.59,0.01,0.01,71152.93,1776042471000
1776042473.472,173.472,0.41,0.42,0.58,0.59,0.01,0.01,71152.93,1776042471000
1776042473.82,173.82,0.41,0.42,0.58,0.59,0.01,0.01,71151.51,1776042472000
1776042474.629,174.629,0.41,0.42,0.58,0.59,0.01,0.01,71151.73,1776042473000
1776042475.324,175.324,0.4,0.42,0.58,0.6,0.02,0.02,71151.73,1776042473000
1776042475.715,175.715,0.4,0.41,0.59,0.6,0.01,0.01,71151.68,1776042474000
1776042476.057,176.057,0.4,0.41,0.59,0.6,0.01,0.01,71151.68,1776042474000
1776042476.432,176.432,0.4,0.41,0.59,0.6,0.01,0.01,71151.68,1776042474000
1776042477.068,177.068,0.4,0.41,0.59,0.6,0.01,0.01,71148.8,1776042475000
1776042477.426,177.426,0.39,0.41,0.59,0.6,0.02,0.01,71148.29,1776042476000
1776042477.94,177.94,0.39,0.4,0.6,0.61,0.01,0.01,71148.29,1776042476000
1776042478.273,178.273,0.39,0.4,0.6,0.61,0.01,0.01,71148.29,1776042476000
1776042478.668,178.668,0.39,0.4,0.6,0.61,0.01,0.01,71148.29,1776042476000
1776042479.239,179.239,0.39,0.4,0.6,0.61,0.01,0.01,71148.33,1776042478000
1776042480.066,180.066,0.39,0.4,0.6,0.61,0.01,0.01,71148.33,1776042478000
1776042480.596,180.596,0.39,0.4,0.6,0.61,0.01,0.01,71148.46,1776042479000
1776042480.939,180.939,0.37,0.38,0.62,0.63,0.01,0.01,71148.46,1776042479000
1776042481.537,181.537,0.37,0.38,0.62,0.63,0.01,0.01,71149.7,1776042480000
1776042482.291,182.291,0.37,0.38,0.62,0.63,0.01,0.01,71149.7,1776042480000
1776042482.879,182.879,0.37,0.38,0.62,0.63,0.01,0.01,71149.7,1776042480000
1776042483.28,183.28,0.37,0.38,0.62,0.63,0.01,0.01,71149.36,1776042481000
1776042483.623,183.623,0.37,0.38,0.62,0.63,0.01,0.01,71149.36,1776042481000
1776042484.378,184.378,0.37,0.39,0.62,0.63,0.02,0.01,71148.91,1776042482000
1776042484.742,184.742,0.44,0.45,0.55,0.56,0.01,0.01,71148.74,1776042483000
1776042485.107,185.107,0.44,0.45,0.55,0.56,0.01,0.01,71148.74,1776042483000
1776042485.591,185.591,0.44,0.45,0.55,0.56,0.01,0.01,71149.3,1776042484000
1776042485.98,185.98,0.45,0.46,0.54,0.55,0.01,0.01,71149.3,1776042484000
1776042486.751,186.751,0.45,0.46,0.54,0.55,0.01,0.01,71149.3,1776042484000
1776042487.25,187.25,0.46,0.47,0.53,0.54,0.01,0.01,71154.89,1776042485000
1776042487.803,187.803,0.46,0.47,0.53,0.54,0.01,0.01,71155.2,1776042486000
1776042488.175,188.175,0.46,0.47,0.53,0.54,0.01,0.01,71155.2,1776042486000
1776042488.508,188.508,0.46,0.47,0.53,0.54,0.01,0.01,71155.37,1776042487000
1776042488.967,188.967,0.46,0.47,0.53,0.54,0.01,0.01,71155.37,1776042487000
1776042489.536,189.536,0.46,0.47,0.53,0.54,0.01,0.01,71155.37,1776042488000
1776042490.001,190.001,0.46,0.47,0.53,0.54,0.01,0.01,71155.37,1776042488000
1776042490.342,190.342,0.46,0.47,0.53,0.54,0.01,0.01,71155.37,1776042488000
1776042490.68,190.68,0.46,0.47,0.53,0.54,0.01,0.01,71155.37,1776042489000
1776042491.254,191.254,0.46,0.47,0.53,0.54,0.01,0.01,71155.37,1776042489000
1776042491.965,191.965,0.46,0.47,0.53,0.54,0.01,0.01,71155.41,1776042490000
1776042492.315,192.315,0.46,0.47,0.53,0.54,0.01,0.01,71155.41,1776042490000
1776042492.782,192.782,0.46,0.47,0.53,0.54,0.01,0.01,71155.68,1776042491000
1776042493.199,193.199,0.46,0.47,0.53,0.54,0.01,0.01,71155.68,1776042491000
1776042493.967,193.967,0.46,0.47,0.53,0.54,0.01,0.01,71155.75,1776042492000
1776042494.458,194.458,0.46,0.47,0.53,0.54,0.01,0.01,71155.49,1776042493000
1776042495.036,195.036,0.46,0.47,0.53,0.54,0.01,0.01,71155.49,1776042493000
1776042495.744,195.744,0.46,0.47,0.53,0.54,0.01,0.01,71155.5,1776042494000
1776042496.125,196.125,0.47,0.48,0.52,0.53,0.01,0.01,71155.5,1776042494000
1776042496.505,196.505,0.47,0.48,0.52,0.53,0.01,0.01,71155.5,1776042494000
1776042497.5,197.5,0.47,0.48,0.52,0.53,0.01,0.01,71155.58,1776042496000
1776042498.058,198.058,0.47,0.48,0.52,0.53,0.01,0.01,71156.03,1776042497000
1776042499.176,199.176,0.47,0.48,0.52,0.53,0.01,0.01,71156.08,1776042498000
1776042500.059,200.059,0.47,0.48,0.52,0.53,0.01,0.01,71156.08,1776042498000
1776042500.497,200.497,0.47,0.48,0.52,0.53,0.01,0.01,71156.11,1776042499000
1776042500.836,200.836,0.47,0.48,0.52,0.53,0.01,0.01,71156.11,1776042499000
1776042501.21,201.21,0.47,0.48,0.52,0.53,0.01,0.01,71156.11,1776042499000
1776042501.713,201.713,0.47,0.48,0.52,0.53,0.01,0.01,71156.11,1776042500000
1776042502.102,202.102,0.44,0.45,0.52,0.53,0.01,0.01,71156.11,1776042500000
1776042502.467,202.467,0.44,0.45,0.55,0.56,0.01,0.01,71156.11,1776042500000
1776042502.856,202.856,0.44,0.45,0.55,0.56,0.01,0.01,71156.48,1776042501000
1776042503.207,203.207,0.44,0.45,0.55,0.56,0.01,0.01,71157.17,1776042502000
1776042503.568,203.568,0.42,0.43,0.57,0.58,0.01,0.01,71157.17,1776042502000
1776042503.916,203.916,0.42,0.43,0.57,0.58,0.01,0.01,71157.17,1776042502000
1776042504.421,204.421,0.41,0.43,0.57,0.58,0.02,0.01,71157.46,1776042503000
1776042504.846,204.846,0.41,0.42,0.57,0.59,0.01,0.02,71157.46,1776042503000
1776042505.196,205.196,0.4,0.41,0.59,0.6,0.01,0.01,71157.46,1776042503000
1776042505.548,205.548,0.39,0.4,0.59,0.61,0.01,0.02,71157.5,1776042504000
1776042506.094,206.094,0.39,0.4,0.6,0.62,0.01,0.02,71157.5,1776042504000
1776042506.443,206.443,0.39,0.4,0.6,0.61,0.01,0.01,71157.46,1776042505000
1776042507.024,207.024,0.39,0.4,0.6,0.61,0.01,0.01,71157.46,1776042505000
1776042507.37,207.37,0.39,0.41,0.6,0.61,0.02,0.01,71157.46,1776042505000
1776042507.95,207.95,0.41,0.43,0.58,0.59,0.02,0.01,71157.32,1776042506000
1776042508.646,208.646,0.41,0.42,0.58,0.59,0.01,0.01,71157.31,1776042507000
1776042509.017,209.017,0.38,0.39,0.61,0.62,0.01,0.01,71157.31,1776042507000
1776042509.376,209.376,0.38,0.39,0.61,0.62,0.01,0.01,71158.21,1776042508000
1776042509.826,209.826,0.38,0.39,0.61,0.62,0.01,0.01,71158.21,1776042508000
1776042510.183,210.183,0.36,0.37,0.63,0.64,0.01,0.01,71158.78,1776042509000
1776042510.536,210.536,0.36,0.37,0.63,0.64,0.01,0.01,71158.78,1776042509000
1776042510.962,210.962,0.36,0.37,0.63,0.64,0.01,0.01,71158.78,1776042509000
1776042511.298,211.298,0.32,0.35,0.64,0.66,0.03,0.02,71158.21,1776042510000
1776042511.666,211.666,0.24,0.31,0.69,0.77,0.07,0.08,71158.21,1776042510000
1776042512.009,212.009,0.21,0.24,0.75,0.81,0.03,0.06,71158.21,1776042510000
1776042512.345,212.345,0.2,0.21,0.79,0.8,0.01,0.01,71155.43,1776042511000
1776042512.688,212.688,0.2,0.21,0.79,0.8,0.01,0.01,71155.43,1776042511000
1776042513.034,213.034,0.2,0.21,0.79,0.8,0.01,0.01,71155.43,1776042511000
1776042513.466,213.466,0.19,0.21,0.79,0.8,0.02,0.01,71155.43,1776042511000
1776042513.905,213.905,0.19,0.2,0.8,0.81,0.01,0.01,71148.64,1776042512000
1776042514.261,214.261,0.19,0.2,0.8,0.81,0.01,0.01,71143.12,1776042513000
1776042514.636,214.636,0.19,0.2,0.8,0.81,0.01,0.01,71143.12,1776042513000
1776042514.979,214.979,0.19,0.2,0.8,0.81,0.01,0.01,71143.12,1776042513000
1776042515.363,215.363,0.18,0.2,0.8,0.81,0.02,0.01,71137.29,1776042514000
1776042515.869,215.869,0.18,0.19,0.81,0.82,0.01,0.01,71137.29,1776042514000
1776042516.393,216.393,0.18,0.19,0.81,0.82,0.01,0.01,71137.15,1776042515000
1776042516.733,216.733,0.18,0.19,0.81,0.82,0.01,0.01,71137.15,1776042515000
1776042517.089,217.089,0.17,0.18,0.81,0.83,0.01,0.02,71137.01,1776042516000
1776042517.434,217.434,0.17,0.18,0.82,0.83,0.01,0.01,71137.01,1776042516000
1776042517.792,217.792,0.16,0.17,0.83,0.84,0.01,0.01,71137.01,1776042516000
1776042518.138,218.138,0.16,0.17,0.83,0.84,0.01,0.01,71137.01,1776042516000
1776042518.511,218.511,0.16,0.17,0.83,0.84,0.01,0.01,71135.75,1776042517000
1776042518.902,218.902,0.18,0.19,0.81,0.84,0.01,0.03,71135.75,1776042517000
1776042519.291,219.291,0.18,0.19,0.81,0.82,0.01,0.01,71135.75,1776042517000
1776042519.682,219.682,0.18,0.19,0.81,0.82,0.01,0.01,71135.03,1776042518000
1776042520.033,220.033,0.17,0.18,0.82,0.83,0.01,0.01,71134.83,1776042519000
1776042520.548,220.548,0.16,0.17,0.83,0.84,0.01,0.01,71134.83,1776042519000
1776042521.086,221.086,0.16,0.17,0.83,0.84,0.01,0.01,71134.83,1776042519000
1776042521.472,221.472,0.14,0.17,0.83,0.84,0.03,0.01,71134.83,1776042520000
1776042521.842,221.842,0.13,0.14,0.85,0.87,0.01,0.02,71134.83,1776042520000
1776042522.217,222.217,0.12,0.13,0.86,0.88,0.01,0.02,71134.83,1776042520000
1776042522.563,222.563,0.12,0.13,0.87,0.88,0.01,0.01,71134.83,1776042520000
1776042522.924,222.924,0.12,0.13,0.87,0.89,0.01,0.02,71133.43,1776042521000
1776042523.272,223.272,0.11,0.12,0.88,0.89,0.01,0.01,71133.43,1776042522000
1776042523.621,223.621,0.11,0.12,0.88,0.89,0.01,0.01,71133.43,1776042522000
1776042523.955,223.955,0.11,0.12,0.88,0.89,0.01,0.01,71133.43,1776042522000
1776042524.389,224.389,0.1,0.11,0.88,0.9,0.01,0.02,71133.43,1776042522000
1776042524.843,224.843,0.11,0.12,0.88,0.89,0.01,0.01,71128.46,1776042523000
1776042525.19,225.19,0.11,0.12,0.88,0.89,0.01,0.01,71128.46,1776042524000
1776042525.572,225.572,0.12,0.13,0.87,0.88,0.01,0.01,71128.46,1776042524000
1776042525.971,225.971,0.12,0.13,0.87,0.88,0.01,0.01,71128.46,1776042524000
1776042526.668,226.668,0.12,0.13,0.87,0.88,0.01,0.01,71129.14,1776042525000
1776042527.054,227.054,0.15,0.16,0.84,0.85,0.01,0.01,71129.14,1776042525000
1776042527.39,227.39,0.15,0.16,0.84,0.85,0.01,0.01,71129.14,1776042525000
1776042527.745,227.745,0.15,0.16,0.84,0.85,0.01,0.01,71129.58,1776042526000
1776042528.082,228.082,0.16,0.17,0.83,0.84,0.01,0.01,71129.58,1776042526000
1776042528.49,228.49,0.17,0.18,0.82,0.83,0.01,0.01,71129.58,1776042526000
1776042528.863,228.863,0.19,0.2,0.8,0.81,0.01,0.01,71129.51,1776042527000
1776042529.223,229.223,0.2,0.22,0.79,0.81,0.02,0.02,71129.51,1776042527000
1776042529.583,229.583,0.24,0.25,0.75,0.76,0.01,0.01,71125.1,1776042528000
1776042529.922,229.922,0.24,0.25,0.75,0.76,0.01,0.01,71125.1,1776042528000
1776042530.298,230.298,0.24,0.25,0.75,0.76,0.01,0.01,71124.47,1776042529000
1776042530.633,230.633,0.23,0.25,0.75,0.76,0.02,0.01,71124.47,1776042529000
1776042531.044,231.044,0.23,0.24,0.76,0.77,0.01,0.01,71124.47,1776042529000
1776042531.4,231.4,0.22,0.23,0.77,0.78,0.01,0.01,71124.47,1776042529000
1776042531.773,231.773,0.2,0.21,0.77,0.79,0.01,0.02,71130.73,1776042530000
1776042532.184,232.184,0.2,0.21,0.79,0.8,0.01,0.01,71130.73,1776042530000
1776042532.555,232.555,0.19,0.2,0.8,0.81,0.01,0.01,71130.73,1776042530000
1776042532.912,232.912,0.19,0.2,0.8,0.81,0.01,0.01,71132.34,1776042531000
1776042533.392,233.392,0.19,0.2,0.8,0.81,0.01,0.01,71132.69,1776042532000
1776042533.735,233.735,0.17,0.18,0.82,0.83,0.01,0.01,71132.69,1776042532000
1776042534.16,234.16,0.12,0.13,0.87,0.88,0.01,0.01,71132.64,1776042533000
1776042534.616,234.616,0.11,0.12,0.88,0.89,0.01,0.01,71132.64,1776042533000
1776042534.979,234.979,0.12,0.13,0.87,0.88,0.01,0.01,71132.64,1776042533000
1776042535.527,235.527,0.12,0.13,0.87,0.88,0.01,0.01,71127.57,1776042534000
1776042535.865,235.865,0.11,0.12,0.88,0.89,0.01,0.01,71127.57,1776042534000
1776042536.258,236.258,0.11,0.12,0.88,0.89,0.01,0.01,71127.57,1776042534000
1776042536.614,236.614,0.12,0.13,0.87,0.88,0.01,0.01,71122.46,1776042535000
1776042537.014,237.014,0.11,0.13,0.88,0.89,0.02,0.01,71122.46,1776042535000
1776042537.362,237.362,0.12,0.13,0.87,0.88,0.01,0.01,71122.46,1776042535000
1776042537.747,237.747,0.12,0.13,0.87,0.88,0.01,0.01,71122.46,1776042535000
1776042538.152,238.152,0.1,0.11,0.89,0.9,0.01,0.01,71118.7,1776042537000
1776042538.564,238.564,0.11,0.12,0.89,0.9,0.01,0.01,71118.7,1776042537000
1776042538.898,238.898,0.11,0.12,0.88,0.89,0.01,0.01,71118.7,1776042537000
1776042539.281,239.281,0.11,0.12,0.88,0.89,0.01,0.01,71118.15,1776042538000
1776042539.644,239.644,0.11,0.12,0.88,0.89,0.01,0.01,71118.15,1776042538000
1776042540.057,240.057,0.1,0.11,0.89,0.9,0.01,0.01,71118.15,1776042538000
1776042540.391,240.391,0.11,0.12,0.88,0.9,0.01,0.02,71118.11,1776042539000
1776042540.751,240.751,0.11,0.12,0.88,0.89,0.01,0.01,71118.11,1776042539000
1776042541.141,241.141,0.1,0.11,0.89,0.9,0.01,0.01,71118.11,1776042539000
1776042541.48,241.48,0.1,0.11,0.89,0.9,0.01,0.01,71118.09,1776042540000
1776042541.824,241.824,0.11,0.12,0.88,0.89,0.01,0.01,71118.09,1776042540000
1776042542.171,242.171,0.1,0.11,0.89,0.9,0.01,0.01,71117.1,1776042541000
1776042542.545,242.545,0.1,0.12,0.88,0.9,0.02,0.02,71117.1,1776042541000
1776042542.965,242.965,0.11,0.12,0.88,0.89,0.01,0.01,71117.1,1776042541000
1776042543.299,243.299,0.11,0.12,0.88,0.89,0.01,0.01,71117.1,1776042541000
1776042543.652,243.652,0.17,0.18,0.82,0.84,0.01,0.02,71116.96,1776042542000
1776042544.066,244.066,0.18,0.19,0.81,0.82,0.01,0.01,71116.96,1776042542000
1776042544.416,244.416,0.18,0.19,0.81,0.82,0.01,0.01,71113.32,1776042543000
1776042544.77,244.77,0.17,0.18,0.81,0.82,0.01,0.01,71113.32,1776042543000
1776042545.161,245.161,0.19,0.2,0.8,0.81,0.01,0.01,71113.32,1776042543000
1776042545.579,245.579,0.21,0.22,0.78,0.79,0.01,0.01,71121.59,1776042544000
1776042546.035,246.035,0.21,0.22,0.78,0.79,0.01,0.01,71121.59,1776042544000
1776042546.395,246.395,0.24,0.25,0.75,0.76,0.01,0.01,71129.04,1776042545000
1776042546.943,246.943,0.24,0.25,0.75,0.76,0.01,0.01,71129.04,1776042545000
1776042547.331,247.331,0.24,0.25,0.75,0.76,0.01,0.01,71129.04,1776042545000
1776042547.737,247.737,0.22,0.24,0.76,0.77,0.02,0.01,71131.31,1776042546000
1776042548.298,248.298,0.21,0.23,0.77,0.78,0.02,0.01,71131.31,1776042546000
1776042548.834,248.834,0.21,0.22,0.78,0.79,0.01,0.01,71134.67,1776042547000
1776042549.195,249.195,0.23,0.24,0.76,0.77,0.01,0.01,71134.67,1776042547000
1776042549.584,249.584,0.23,0.24,0.76,0.77,0.01,0.01,71134.66,1776042548000
1776042550.134,250.134,0.18,0.2,0.76,0.83,0.02,0.07,71134.66,1776042548000
1776042550.632,250.632,0.18,0.19,0.8,0.82,0.01,0.02,71135.33,1776042549000
1776042551.001,251.001,0.18,0.19,0.81,0.82,0.01,0.01,71135.33,1776042549000
1776042551.461,251.461,0.18,0.19,0.81,0.82,0.01,0.01,71135.47,1776042550000
1776042551.835,251.835,0.17,0.18,0.81,0.83,0.01,0.02,71135.47,1776042550000
1776042552.17,252.17,0.17,0.18,0.82,0.83,0.01,0.01,71135.47,1776042550000
1776042552.606,252.606,0.18,0.19,0.81,0.83,0.01,0.02,71135.74,1776042551000
1776042553.025,253.025,0.23,0.24,0.75,0.78,0.01,0.03,71135.74,1776042551000
1776042553.411,253.411,0.24,0.25,0.75,0.76,0.01,0.01,71135.74,1776042552000
1776042553.768,253.768,0.24,0.25,0.75,0.76,0.01,0.01,71135.74,1776042552000
1776042554.315,254.315,0.24,0.25,0.75,0.76,0.01,0.01,71140.56,1776042553000
1776042554.888,254.888,0.24,0.25,0.75,0.76,0.01,0.01,71140.56,1776042553000
1776042555.221,255.221,0.25,0.28,0.72,0.75,0.03,0.03,71141.09,1776042554000
1776042555.583,255.583,0.27,0.28,0.72,0.73,0.01,0.01,71141.09,1776042554000
1776042555.937,255.937,0.27,0.28,0.72,0.73,0.01,0.01,71141.09,1776042554000
1776042556.643,256.643,0.27,0.28,0.72,0.73,0.01,0.01,71144.3,1776042555000
1776042557.014,257.014,0.26,0.27,0.73,0.74,0.01,0.01,71144.3,1776042555000
1776042557.415,257.415,0.26,0.28,0.73,0.74,0.02,0.01,71150.52,1776042556000
1776042558.099,258.099,0.27,0.28,0.72,0.73,0.01,0.01,71150.52,1776042556000
1776042558.582,258.582,0.27,0.28,0.72,0.73,0.01,0.01,71151.31,1776042557000
1776042559.065,259.065,0.27,0.28,0.72,0.73,0.01,0.01,71151.31,1776042557000
1776042559.421,259.421,0.25,0.28,0.72,0.73,0.03,0.01,71151.35,1776042558000
1776042559.841,259.841,0.25,0.26,0.74,0.75,0.01,0.01,71151.35,1776042558000
1776042560.462,260.462,0.25,0.26,0.74,0.75,0.01,0.01,71151.35,1776042559000
1776042560.847,260.847,0.25,0.26,0.74,0.75,0.01,0.01,71151.35,1776042559000
1776042561.3,261.3,0.26,0.27,0.73,0.74,0.01,0.01,71150.39,1776042560000
1776042561.662,261.662,0.26,0.27,0.73,0.74,0.01,0.01,71150.39,1776042560000
1776042562.021,262.021,0.19,0.24,0.76,0.81,0.05,0.05,71149.71,1776042561000
1776042562.4,262.4,0.21,0.22,0.78,0.79,0.01,0.01,71149.71,1776042561000
1776042563.023,263.023,0.21,0.22,0.78,0.79,0.01,0.01,71149.8,1776042562000
1776042563.415,263.415,0.19,0.21,0.8,0.81,0.02,0.01,71149.8,1776042562000
1776042563.868,263.868,0.2,0.24,0.79,0.8,0.04,0.01,71149.8,1776042562000
1776042564.602,264.602,0.23,0.24,0.76,0.78,0.01,0.02,71148.52,1776042563000
1776042565.028,265.028,0.23,0.24,0.76,0.77,0.01,0.01,71147.91,1776042564000
1776042565.454,265.454,0.23,0.24,0.76,0.77,0.01,0.01,71147.91,1776042564000
1776042565.93,265.93,0.23,0.24,0.76,0.77,0.01,0.01,71147.91,1776042564000
1776042566.356,266.356,0.22,0.23,0.69,0.78,0.01,0.09,71147.89,1776042565000
1776042566.755,266.755,0.22,0.23,0.77,0.78,0.01,0.01,71147.89,1776042565000
1776042567.151,267.151,0.2,0.22,0.77,0.8,0.02,0.03,71148.27,1776042566000
1776042567.54,267.54,0.25,0.26,0.74,0.75,0.01,0.01,71148.27,1776042566000
1776042567.876,267.876,0.28,0.31,0.69,0.72,0.03,0.03,71148.0,1776042567000
1776042568.211,268.211,0.29,0.3,0.7,0.71,0.01,0.01,71148.0,1776042567000
1776042568.664,268.664,0.29,0.3,0.7,0.71,0.01,0.01,71148.0,1776042567000
1776042569.033,269.033,0.26,0.27,0.73,0.74,0.01,0.01,71148.0,1776042567000
1776042569.471,269.471,0.26,0.27,0.73,0.74,0.01,0.01,71148.0,1776042567000
1776042569.81,269.81,0.22,0.24,0.76,0.77,0.02,0.01,71147.01,1776042568000
1776042570.149,270.149,0.2,0.21,0.79,0.8,0.01,0.01,71147.0,1776042569000
1776042570.485,270.485,0.25,0.26,0.73,0.75,0.01,0.02,71147.0,1776042569000
1776042570.825,270.825,0.28,0.3,0.69,0.71,0.02,0.02,71147.0,1776042569000
1776042571.159,271.159,0.27,0.29,0.71,0.73,0.02,0.02,71147.0,1776042569000
1776042571.513,271.513,0.27,0.28,0.72,0.73,0.01,0.01,71136.51,1776042570000
1776042571.862,271.862,0.28,0.29,0.71,0.72,0.01,0.01,71136.51,1776042570000
1776042572.205,272.205,0.28,0.29,0.71,0.72,0.01,0.01,71136.51,1776042570000
1776042572.545,272.545,0.3,0.31,0.69,0.7,0.01,0.01,71132.22,1776042571000
1776042572.887,272.887,0.28,0.31,0.69,0.72,0.03,0.03,71132.22,1776042571000
1776042573.238,273.238,0.24,0.25,0.75,0.77,0.01,0.02,71132.22,1776042571000
1776042573.579,273.579,0.22,0.23,0.76,0.78,0.01,0.02,71132.22,1776042571000
1776042573.946,273.946,0.24,0.25,0.75,0.76,0.01,0.01,71132.22,1776042571000
1776042574.341,274.341,0.31,0.32,0.67,0.68,0.01,0.01,71132.22,1776042571000
1776042574.68,274.68,0.32,0.33,0.67,0.68,0.01,0.01,71127.98,1776042572000
1776042575.039,275.039,0.32,0.33,0.67,0.68,0.01,0.01,71127.98,1776042572000
1776042575.4,275.4,0.32,0.33,0.67,0.68,0.01,0.01,71127.98,1776042573000
1776042575.784,275.784,0.32,0.33,0.67,0.7,0.01,0.03,71127.98,1776042573000
1776042576.18,276.18,0.3,0.31,0.69,0.7,0.01,0.01,71127.98,1776042573000
1776042576.524,276.524,0.28,0.29,0.68,0.71,0.01,0.03,71127.98,1776042573000
1776042576.882,276.882,0.31,0.32,0.68,0.69,0.01,0.01,71127.98,1776042573000
1776042577.256,277.256,0.31,0.32,0.68,0.69,0.01,0.01,71127.2,1776042574000
1776042577.628,277.628,0.29,0.3,0.7,0.71,0.01,0.01,71127.19,1776042575000
1776042577.998,277.998,0.31,0.32,0.68,0.69,0.01,0.01,71127.19,1776042575000
1776042578.338,278.338,0.28,0.31,0.7,0.72,0.03,0.02,71127.19,1776042575000
1776042578.691,278.691,0.34,0.35,0.65,0.66,0.01,0.01,71127.19,1776042575000
1776042579.046,279.046,0.34,0.35,0.64,0.66,0.01,0.02,71127.19,1776042575000
1776042579.41,279.41,0.37,0.38,0.62,0.63,0.01,0.01,71126.76,1776042576000
1776042579.78,279.78,0.34,0.37,0.62,0.63,0.03,0.01,71126.76,1776042576000
1776042580.139,280.139,0.36,0.37,0.63,0.64,0.01,0.01,71126.76,1776042577000
1776042580.491,280.491,0.36,0.37,0.63,0.64,0.01,0.01,71126.76,1776042577000
1776042580.883,280.883,0.38,0.39,0.61,0.63,0.01,0.02,71126.76,1776042577000
1776042581.249,281.249,0.39,0.4,0.6,0.62,0.01,0.02,71127.05,1776042578000
1776042581.583,281.583,0.39,0.4,0.6,0.61,0.01,0.01,71127.05,1776042579000
1776042581.945,281.945,0.3,0.31,0.69,0.72,0.01,0.03,71127.05,1776042579000
1776042582.37,282.37,0.11,0.27,0.71,0.91,0.16,0.2,71127.05,1776042579000
1776042582.719,282.719,0.17,0.2,0.79,0.84,0.03,0.05,71127.05,1776042579000
1776042583.066,283.066,0.18,0.19,0.81,0.82,0.01,0.01,71127.05,1776042580000
1776042583.417,283.417,0.18,0.19,0.81,0.82,0.01,0.01,71127.47,1776042581000
1776042583.782,283.782,0.18,0.19,0.81,0.82,0.01,0.01,71127.47,1776042581000
1776042584.139,284.139,0.12,0.22,0.79,0.8,0.1,0.01,71127.47,1776042581000
1776042584.509,284.509,0.16,0.17,0.83,0.84,0.01,0.01,71131.69,1776042583000
1776042585.117,285.117,0.15,0.16,0.83,0.85,0.01,0.02,71131.69,1776042583000
1776042585.5,285.5,0.15,0.16,0.84,0.85,0.01,0.01,71131.69,1776042583000
1776042585.847,285.847,0.15,0.16,0.84,0.85,0.01,0.01,71130.48,1776042584000
1776042586.198,286.198,0.15,0.16,0.84,0.85,0.01,0.01,71130.85,1776042585000
1776042586.533,286.533,0.14,0.16,0.84,0.85,0.02,0.01,71130.85,1776042585000
1776042586.894,286.894,0.09,0.1,0.9,0.91,0.01,0.01,71130.85,1776042585000
1776042587.295,287.295,0.09,0.1,0.9,0.91,0.01,0.01,71130.85,1776042585000
1776042587.633,287.633,0.14,0.15,0.85,0.86,0.01,0.01,71130.49,1776042586000
1776042588.016,288.016,0.12,0.13,0.87,0.88,0.01,0.01,71130.49,1776042586000
1776042588.403,288.403,0.13,0.14,0.86,0.87,0.01,0.01,71129.68,1776042587000
1776042588.746,288.746,0.14,0.15,0.85,0.86,0.01,0.01,71129.68,1776042587000
1776042589.127,289.127,0.11,0.13,0.86,0.87,0.02,0.01,71129.68,1776042587000
1776042589.52,289.52,0.09,0.1,0.89,0.91,0.01,0.02,71129.68,1776042587000
1776042589.9,289.9,0.12,0.13,0.88,0.89,0.01,0.01,71128.92,1776042588000
1776042590.886,290.886,0.13,0.14,0.87,0.88,0.01,0.01,71126.91,1776042589000
1776042591.231,291.231,0.13,0.14,0.86,0.87,0.01,0.01,71126.8,1776042590000
1776042591.611,291.611,0.13,0.14,0.86,0.87,0.01,0.01,71126.8,1776042590000
1776042591.947,291.947,0.1,0.11,0.89,0.9,0.01,0.01,71126.8,1776042590000
1776042592.371,292.371,0.1,0.11,0.89,0.9,0.01,0.01,71126.9,1776042591000
1776042592.738,292.738,0.16,0.18,0.82,0.85,0.02,0.03,71126.9,1776042591000
1776042593.097,293.097,0.16,0.17,0.83,0.84,0.01,0.01,71126.9,1776042591000
1776042593.459,293.459,0.19,0.2,0.8,0.81,0.01,0.01,71127.37,1776042592000
1776042593.837,293.837,0.14,0.15,0.8,0.89,0.01,0.09,71127.37,1776042592000
1776042594.183,294.183,0.19,0.24,0.76,0.81,0.05,0.05,71127.95,1776042593000
1776042594.561,294.561,0.24,0.25,0.75,0.77,0.01,0.02,71127.95,1776042593000
1776042594.903,294.903,0.12,0.13,0.87,0.88,0.01,0.01,71127.95,1776042593000
1776042595.307,295.307,0.11,0.12,0.88,0.89,0.01,0.01,71130.64,1776042594000
1776042595.666,295.666,0.11,0.12,0.88,0.89,0.01,0.01,71130.64,1776042594000
1776042596.081,296.081,0.08,0.09,0.91,0.92,0.01,0.01,71130.64,1776042594000
1776042596.497,296.497,0.08,0.09,0.91,0.92,0.01,0.01,71130.64,1776042594000
1776042596.915,296.915,0.07,0.08,0.92,0.93,0.01,0.01,71130.64,1776042594000
1776042597.272,297.272,0.06,0.07,0.92,0.95,0.01,0.03,71130.64,1776042594000
1776042597.627,297.627,0.02,0.03,0.96,0.97,0.01,0.01,71130.64,1776042594000
1776042598.035,298.035,0.03,0.04,0.96,0.98,0.01,0.02,71130.64,1776042594000
1776042598.377,298.377,0.01,0.02,0.98,0.99,0.01,0.01,71130.64,1776042594000
1776042598.712,298.712,0.01,0.02,0.98,0.99,0.01,0.01,71130.64,1776042594000
1776042599.109,299.109,0.01,0.01,0.99,0.99,0.0,0.0,71130.64,1776042594000
1776042599.499,299.499,0.01,0.01,0.99,0.99,0.0,0.0,71130.64,1776042594000
1776042599.999,299.999,0.01,0.01,0.99,0.99,0.0,0.0,71130.64,1776042594000
1776042600.335,300.335,0.01,0.01,0.99,0.99,0.0,0.0,71130.64,1776042594000
1776042600.798,300.798,0.01,0.01,0.99,0.99,0.0,0.0,71130.64,1776042594000

# RESULT,winner=Down,slug=btc-updown-5m-1776042300,ticks=712
