timestamp,elapsed_sec,up_bid,up_ask,down_bid,down_ask,up_spread,down_spread,btc_price,btc_oracle_ts
1776099300.508,0.508,0.5,0.52,0.48,0.5,0.02,0.02,72116.9,1776099299000
1776099300.855,0.855,0.49,0.5,0.48,0.49,0.01,0.01,72116.9,1776099299000
1776099301.195,1.195,0.49,0.5,0.5,0.51,0.01,0.01,72116.91,1776099300000
1776099301.641,1.641,0.5,0.51,0.49,0.5,0.01,0.01,72116.91,1776099300000
1776099302.172,2.172,0.49,0.5,0.5,0.51,0.01,0.01,72116.91,1776099300000
1776099302.692,2.692,0.5,0.51,0.5,0.51,0.01,0.01,72116.6,1776099301000
1776099303.082,3.082,0.5,0.51,0.49,0.51,0.01,0.02,72116.6,1776099301000
1776099303.475,3.475,0.49,0.5,0.5,0.51,0.01,0.01,72116.6,1776099301000
1776099303.867,3.867,0.49,0.5,0.5,0.51,0.01,0.01,72116.6,1776099301000
1776099304.247,4.247,0.49,0.5,0.5,0.51,0.01,0.01,72115.23,1776099302000
1776099304.644,4.644,0.5,0.51,0.49,0.5,0.01,0.01,72114.78,1776099303000
1776099305.139,5.139,0.5,0.51,0.49,0.5,0.01,0.01,72114.78,1776099303000
1776099305.688,5.688,0.5,0.51,0.49,0.5,0.01,0.01,72114.76,1776099304000
1776099306.131,6.131,0.5,0.51,0.49,0.5,0.01,0.01,72114.76,1776099304000
1776099306.686,6.686,0.5,0.51,0.49,0.5,0.01,0.01,72114.76,1776099304000
1776099307.156,7.156,0.5,0.51,0.49,0.5,0.01,0.01,72114.76,1776099305000
1776099307.499,7.499,0.5,0.51,0.49,0.5,0.01,0.01,72114.79,1776099306000
1776099308.195,8.195,0.5,0.51,0.49,0.5,0.01,0.01,72114.79,1776099306000
1776099308.548,8.548,0.5,0.51,0.49,0.5,0.01,0.01,72114.79,1776099307000
1776099308.911,8.911,0.5,0.51,0.49,0.5,0.01,0.01,72114.79,1776099307000
1776099309.439,9.439,0.5,0.52,0.49,0.5,0.02,0.01,72114.79,1776099307000
1776099309.831,9.831,0.51,0.52,0.48,0.49,0.01,0.01,72114.95,1776099308000
1776099310.226,10.226,0.51,0.52,0.48,0.49,0.01,0.01,72114.95,1776099308000
1776099310.639,10.639,0.51,0.52,0.48,0.49,0.01,0.01,72113.67,1776099309000
1776099310.973,10.973,0.51,0.52,0.48,0.49,0.01,0.01,72113.67,1776099309000
1776099311.534,11.534,0.51,0.52,0.48,0.49,0.01,0.01,72113.67,1776099309000
1776099312.096,12.096,0.51,0.52,0.48,0.49,0.01,0.01,72113.29,1776099310000
1776099312.577,12.577,0.51,0.52,0.48,0.49,0.01,0.01,72113.29,1776099311000
1776099312.952,12.952,0.51,0.52,0.48,0.49,0.01,0.01,72113.29,1776099311000
1776099313.44,13.44,0.51,0.52,0.48,0.49,0.01,0.01,72112.83,1776099312000
1776099314.17,14.17,0.51,0.52,0.48,0.49,0.01,0.01,72112.83,1776099313000
1776099314.521,14.521,0.53,0.54,0.46,0.47,0.01,0.01,72112.83,1776099313000
1776099314.885,14.885,0.54,0.55,0.45,0.46,0.01,0.01,72112.83,1776099313000
1776099315.223,15.223,0.55,0.57,0.43,0.45,0.02,0.02,72112.83,1776099313000
1776099315.619,15.619,0.6,0.61,0.39,0.4,0.01,0.01,72113.34,1776099314000
1776099315.98,15.98,0.6,0.61,0.39,0.4,0.01,0.01,72113.34,1776099314000
1776099316.338,16.338,0.6,0.61,0.39,0.4,0.01,0.01,72116.45,1776099315000
1776099316.754,16.754,0.6,0.61,0.39,0.4,0.01,0.01,72116.45,1776099315000
1776099317.097,17.097,0.6,0.61,0.39,0.4,0.01,0.01,72116.45,1776099315000
1776099317.445,17.445,0.6,0.61,0.39,0.4,0.01,0.01,72134.11,1776099316000
1776099317.809,17.809,0.6,0.61,0.39,0.4,0.01,0.01,72134.11,1776099316000
1776099318.215,18.215,0.6,0.61,0.39,0.4,0.01,0.01,72134.11,1776099316000
1776099318.599,18.599,0.6,0.61,0.39,0.4,0.01,0.01,72134.11,1776099316000
1776099318.937,18.937,0.6,0.61,0.39,0.4,0.01,0.01,72134.49,1776099317000
1776099319.46,19.46,0.59,0.6,0.4,0.41,0.01,0.01,72134.49,1776099317000
1776099319.869,19.869,0.59,0.6,0.4,0.41,0.01,0.01,72137.01,1776099318000
1776099320.267,20.267,0.59,0.6,0.4,0.41,0.01,0.01,72137.09,1776099319000
1776099320.65,20.65,0.59,0.6,0.4,0.41,0.01,0.01,72137.09,1776099319000
1776099321.022,21.022,0.59,0.6,0.4,0.41,0.01,0.01,72137.09,1776099319000
1776099321.388,21.388,0.58,0.6,0.4,0.41,0.02,0.01,72137.09,1776099319000
1776099321.739,21.739,0.58,0.59,0.41,0.42,0.01,0.01,72137.71,1776099320000
1776099322.168,22.168,0.58,0.59,0.41,0.42,0.01,0.01,72137.71,1776099320000
1776099322.568,22.568,0.58,0.59,0.41,0.42,0.01,0.01,72137.29,1776099321000
1776099322.917,22.917,0.58,0.59,0.41,0.42,0.01,0.01,72137.29,1776099321000
1776099323.413,23.413,0.57,0.58,0.42,0.43,0.01,0.01,72137.29,1776099321000
1776099323.763,23.763,0.57,0.58,0.42,0.43,0.01,0.01,72137.29,1776099322000
1776099324.251,24.251,0.57,0.58,0.42,0.43,0.01,0.01,72137.31,1776099323000
1776099324.727,24.727,0.57,0.58,0.42,0.43,0.01,0.01,72137.31,1776099323000
1776099325.22,25.22,0.57,0.58,0.42,0.43,0.01,0.01,72137.31,1776099323000
1776099325.643,25.643,0.57,0.58,0.42,0.43,0.01,0.01,72136.12,1776099324000
1776099326.075,26.075,0.57,0.58,0.42,0.43,0.01,0.01,72136.12,1776099324000
1776099326.526,26.526,0.57,0.58,0.42,0.43,0.01,0.01,72135.78,1776099325000
1776099327.122,27.122,0.57,0.58,0.42,0.43,0.01,0.01,72135.78,1776099325000
1776099327.494,27.494,0.57,0.58,0.42,0.43,0.01,0.01,72136.28,1776099326000
1776099328.002,28.002,0.57,0.58,0.42,0.43,0.01,0.01,72136.07,1776099327000
1776099328.515,28.515,0.57,0.58,0.42,0.43,0.01,0.01,72136.07,1776099327000
1776099328.855,28.855,0.56,0.58,0.42,0.43,0.02,0.01,72136.07,1776099327000
1776099329.194,29.194,0.57,0.58,0.42,0.44,0.01,0.02,72135.93,1776099328000
1776099329.797,29.797,0.56,0.58,0.42,0.43,0.02,0.01,72135.93,1776099328000
1776099330.173,30.173,0.54,0.55,0.45,0.47,0.01,0.02,72135.7,1776099329000
1776099330.507,30.507,0.53,0.54,0.45,0.48,0.01,0.03,72135.7,1776099329000
1776099330.854,30.854,0.53,0.54,0.46,0.47,0.01,0.01,72135.7,1776099329000
1776099331.323,31.323,0.52,0.54,0.46,0.48,0.02,0.02,72135.43,1776099330000
1776099331.706,31.706,0.51,0.52,0.47,0.49,0.01,0.02,72135.43,1776099330000
1776099332.134,32.134,0.51,0.52,0.48,0.49,0.01,0.01,72135.43,1776099330000
1776099332.559,32.559,0.51,0.52,0.48,0.49,0.01,0.01,72135.43,1776099330000
1776099332.939,32.939,0.51,0.52,0.48,0.49,0.01,0.01,72126.13,1776099331000
1776099333.321,33.321,0.51,0.52,0.48,0.5,0.01,0.02,72124.49,1776099332000
1776099333.658,33.658,0.48,0.5,0.51,0.53,0.02,0.02,72124.49,1776099332000
1776099334.052,34.052,0.49,0.5,0.5,0.51,0.01,0.01,72124.49,1776099332000
1776099334.392,34.392,0.49,0.5,0.5,0.51,0.01,0.01,72119.63,1776099333000
1776099334.777,34.777,0.48,0.49,0.5,0.52,0.01,0.02,72119.63,1776099333000
1776099335.127,35.127,0.48,0.49,0.51,0.52,0.01,0.01,72119.63,1776099333000
1776099335.506,35.506,0.48,0.49,0.51,0.52,0.01,0.01,72110.28,1776099334000
1776099335.915,35.915,0.5,0.51,0.49,0.5,0.01,0.01,72110.28,1776099334000
1776099336.355,36.355,0.5,0.51,0.49,0.5,0.01,0.01,72110.28,1776099334000
1776099336.735,36.735,0.5,0.51,0.49,0.5,0.01,0.01,72108.06,1776099335000
1776099337.076,37.076,0.5,0.51,0.49,0.5,0.01,0.01,72108.06,1776099335000
1776099337.455,37.455,0.5,0.51,0.49,0.5,0.01,0.01,72112.89,1776099336000
1776099337.896,37.896,0.5,0.51,0.49,0.5,0.01,0.01,72112.89,1776099336000
1776099338.407,38.407,0.5,0.51,0.49,0.5,0.01,0.01,72114.01,1776099337000
1776099339.166,39.166,0.5,0.51,0.49,0.5,0.01,0.01,72114.63,1776099338000
1776099339.628,39.628,0.5,0.51,0.49,0.5,0.01,0.01,72114.63,1776099338000
1776099340.125,40.125,0.5,0.51,0.49,0.5,0.01,0.01,72114.63,1776099338000
1776099340.471,40.471,0.5,0.51,0.49,0.5,0.01,0.01,72114.86,1776099339000
1776099340.88,40.88,0.5,0.51,0.49,0.5,0.01,0.01,72114.86,1776099339000
1776099341.431,41.431,0.5,0.51,0.49,0.5,0.01,0.01,72113.69,1776099340000
1776099341.837,41.837,0.5,0.51,0.49,0.5,0.01,0.01,72113.69,1776099340000
1776099342.379,42.379,0.49,0.5,0.5,0.51,0.01,0.01,72112.54,1776099341000
1776099342.832,42.832,0.48,0.49,0.5,0.51,0.01,0.01,72112.54,1776099341000
1776099343.189,43.189,0.48,0.49,0.51,0.52,0.01,0.01,72112.54,1776099341000
1776099343.572,43.572,0.48,0.49,0.51,0.52,0.01,0.01,72112.53,1776099342000
1776099343.988,43.988,0.46,0.47,0.53,0.54,0.01,0.01,72112.53,1776099342000
1776099344.329,44.329,0.46,0.47,0.53,0.54,0.01,0.01,72111.07,1776099343000
1776099344.796,44.796,0.45,0.46,0.53,0.55,0.01,0.02,72111.07,1776099343000
1776099345.203,45.203,0.45,0.46,0.54,0.55,0.01,0.01,72111.07,1776099343000
1776099345.628,45.628,0.45,0.46,0.54,0.55,0.01,0.01,72104.99,1776099344000
1776099345.988,45.988,0.45,0.46,0.54,0.55,0.01,0.01,72102.28,1776099345000
1776099346.57,46.57,0.45,0.46,0.54,0.55,0.01,0.01,72102.28,1776099345000
1776099346.919,46.919,0.45,0.46,0.54,0.55,0.01,0.01,72102.28,1776099345000
1776099347.295,47.295,0.45,0.46,0.54,0.55,0.01,0.01,72103.04,1776099346000
1776099347.76,47.76,0.45,0.46,0.54,0.55,0.01,0.01,72103.04,1776099346000
1776099348.182,48.182,0.45,0.46,0.54,0.55,0.01,0.01,72103.04,1776099346000
1776099348.556,48.556,0.45,0.46,0.54,0.55,0.01,0.01,72103.19,1776099347000
1776099349.014,49.014,0.45,0.46,0.54,0.55,0.01,0.01,72103.19,1776099347000
1776099349.415,49.415,0.45,0.46,0.54,0.55,0.01,0.01,72103.19,1776099348000
1776099349.874,49.874,0.45,0.46,0.54,0.55,0.01,0.01,72103.19,1776099348000
1776099350.451,50.451,0.44,0.46,0.54,0.55,0.02,0.01,72103.19,1776099349000
1776099350.934,50.934,0.44,0.45,0.55,0.56,0.01,0.01,72103.19,1776099349000
1776099351.271,51.271,0.44,0.45,0.55,0.56,0.01,0.01,72103.19,1776099349000
1776099351.604,51.604,0.44,0.45,0.55,0.56,0.01,0.01,72101.42,1776099350000
1776099351.941,51.941,0.44,0.45,0.55,0.56,0.01,0.01,72101.03,1776099351000
1776099352.363,52.363,0.44,0.45,0.55,0.56,0.01,0.01,72101.03,1776099351000
1776099352.797,52.797,0.43,0.44,0.55,0.57,0.01,0.02,72101.03,1776099351000
1776099353.199,53.199,0.43,0.44,0.56,0.57,0.01,0.01,72101.04,1776099352000
1776099353.735,53.735,0.43,0.44,0.56,0.57,0.01,0.01,72101.04,1776099352000
1776099354.134,54.134,0.43,0.44,0.56,0.57,0.01,0.01,72101.04,1776099353000
1776099354.547,54.547,0.43,0.44,0.56,0.57,0.01,0.01,72101.04,1776099353000
1776099354.934,54.934,0.43,0.44,0.56,0.57,0.01,0.01,72101.05,1776099354000
1776099355.297,55.297,0.43,0.44,0.56,0.57,0.01,0.01,72101.05,1776099354000
1776099355.733,55.733,0.42,0.44,0.56,0.57,0.02,0.01,72101.05,1776099354000
1776099356.096,56.096,0.42,0.43,0.57,0.58,0.01,0.01,72101.05,1776099354000
1776099356.53,56.53,0.42,0.43,0.57,0.58,0.01,0.01,72101.09,1776099355000
1776099356.881,56.881,0.42,0.43,0.57,0.58,0.01,0.01,72101.09,1776099355000
1776099357.277,57.277,0.42,0.43,0.57,0.58,0.01,0.01,72100.79,1776099356000
1776099357.695,57.695,0.42,0.43,0.57,0.58,0.01,0.01,72100.79,1776099356000
1776099358.191,58.191,0.42,0.43,0.57,0.58,0.01,0.01,72100.79,1776099356000
1776099358.664,58.664,0.42,0.43,0.57,0.58,0.01,0.01,72097.99,1776099357000
1776099359.007,59.007,0.42,0.43,0.57,0.58,0.01,0.01,72097.99,1776099357000
1776099359.485,59.485,0.42,0.43,0.57,0.58,0.01,0.01,72096.32,1776099358000
1776099359.899,59.899,0.42,0.43,0.57,0.58,0.01,0.01,72096.32,1776099358000
1776099360.343,60.343,0.42,0.43,0.57,0.58,0.01,0.01,72096.99,1776099359000
1776099360.701,60.701,0.42,0.43,0.57,0.58,0.01,0.01,72096.99,1776099359000
1776099361.044,61.044,0.42,0.43,0.57,0.58,0.01,0.01,72096.99,1776099359000
1776099361.512,61.512,0.42,0.43,0.57,0.58,0.01,0.01,72097.43,1776099360000
1776099361.859,61.859,0.43,0.44,0.56,0.58,0.01,0.02,72097.43,1776099360000
1776099362.541,62.541,0.43,0.44,0.56,0.57,0.01,0.01,72097.16,1776099361000
1776099362.983,62.983,0.43,0.45,0.56,0.57,0.02,0.01,72097.16,1776099361000
1776099363.455,63.455,0.44,0.45,0.55,0.56,0.01,0.01,72097.13,1776099362000
1776099363.891,63.891,0.45,0.46,0.54,0.56,0.01,0.02,72097.13,1776099362000
1776099364.306,64.306,0.45,0.46,0.54,0.55,0.01,0.01,72097.13,1776099362000
1776099364.667,64.667,0.45,0.46,0.54,0.55,0.01,0.01,72098.49,1776099363000
1776099365.114,65.114,0.46,0.47,0.53,0.54,0.01,0.01,72098.49,1776099363000
1776099365.575,65.575,0.46,0.47,0.53,0.54,0.01,0.01,72098.49,1776099363000
1776099365.974,65.974,0.48,0.49,0.51,0.54,0.01,0.03,72103.14,1776099364000
1776099366.324,66.324,0.48,0.49,0.5,0.52,0.01,0.02,72103.14,1776099364000
1776099366.735,66.735,0.48,0.49,0.51,0.52,0.01,0.01,72103.14,1776099364000
1776099367.175,67.175,0.48,0.49,0.51,0.52,0.01,0.01,72103.15,1776099365000
1776099367.518,67.518,0.47,0.48,0.51,0.52,0.01,0.01,72103.15,1776099365000
1776099367.919,67.919,0.47,0.48,0.52,0.53,0.01,0.01,72108.17,1776099366000
1776099368.279,68.279,0.47,0.48,0.52,0.53,0.01,0.01,72109.47,1776099367000
1776099368.641,68.641,0.47,0.48,0.52,0.53,0.01,0.01,72109.47,1776099367000
1776099369.015,69.015,0.47,0.48,0.52,0.53,0.01,0.01,72109.47,1776099367000
1776099369.576,69.576,0.47,0.48,0.52,0.53,0.01,0.01,72110.83,1776099368000
1776099370.016,70.016,0.47,0.48,0.52,0.53,0.01,0.01,72110.83,1776099368000
1776099370.383,70.383,0.47,0.48,0.52,0.53,0.01,0.01,72110.52,1776099369000
1776099370.808,70.808,0.46,0.48,0.52,0.53,0.02,0.01,72110.52,1776099369000
1776099371.362,71.362,0.46,0.47,0.52,0.54,0.01,0.02,72110.52,1776099369000
1776099371.84,71.84,0.45,0.46,0.54,0.55,0.01,0.01,72110.78,1776099370000
1776099372.191,72.191,0.45,0.46,0.54,0.55,0.01,0.01,72110.78,1776099370000
1776099372.557,72.557,0.45,0.46,0.54,0.55,0.01,0.01,72109.95,1776099371000
1776099372.932,72.932,0.45,0.46,0.54,0.55,0.01,0.01,72109.95,1776099371000
1776099373.304,73.304,0.45,0.46,0.54,0.55,0.01,0.01,72108.6,1776099372000
1776099373.686,73.686,0.45,0.46,0.54,0.55,0.01,0.01,72108.6,1776099372000
1776099374.039,74.039,0.44,0.45,0.55,0.56,0.01,0.01,72108.6,1776099372000
1776099374.624,74.624,0.44,0.45,0.55,0.56,0.01,0.01,72105.65,1776099373000
1776099374.983,74.983,0.44,0.45,0.55,0.56,0.01,0.01,72105.65,1776099373000
1776099375.321,75.321,0.44,0.46,0.54,0.56,0.02,0.02,72105.65,1776099373000
1776099375.657,75.657,0.45,0.48,0.52,0.55,0.03,0.03,72105.65,1776099374000
1776099376.062,76.062,0.47,0.48,0.52,0.53,0.01,0.01,72105.04,1776099375000
1776099376.404,76.404,0.47,0.48,0.52,0.53,0.01,0.01,72105.04,1776099375000
1776099376.846,76.846,0.48,0.49,0.51,0.53,0.01,0.02,72105.04,1776099375000
1776099377.351,77.351,0.48,0.49,0.51,0.52,0.01,0.01,72105.04,1776099375000
1776099377.867,77.867,0.48,0.49,0.51,0.52,0.01,0.01,72107.26,1776099376000
1776099378.325,78.325,0.48,0.49,0.51,0.52,0.01,0.01,72107.26,1776099376000
1776099378.663,78.663,0.49,0.5,0.5,0.51,0.01,0.01,72109.08,1776099377000
1776099379.005,79.005,0.49,0.51,0.49,0.51,0.02,0.02,72109.08,1776099377000
1776099379.344,79.344,0.5,0.51,0.49,0.5,0.01,0.01,72109.08,1776099377000
1776099379.679,79.679,0.5,0.51,0.49,0.5,0.01,0.01,72109.08,1776099377000
1776099380.019,80.019,0.5,0.51,0.49,0.5,0.01,0.01,72109.1,1776099378000
1776099380.358,80.358,0.5,0.51,0.49,0.5,0.01,0.01,72109.1,1776099378000
1776099380.698,80.698,0.5,0.51,0.49,0.5,0.01,0.01,72109.1,1776099378000
1776099381.037,81.037,0.52,0.53,0.47,0.48,0.01,0.01,72114.52,1776099379000
1776099381.381,81.381,0.52,0.53,0.47,0.48,0.01,0.01,72118.42,1776099380000
1776099381.721,81.721,0.52,0.53,0.47,0.48,0.01,0.01,72118.42,1776099380000
1776099382.185,82.185,0.52,0.53,0.47,0.48,0.01,0.01,72118.42,1776099380000
1776099382.656,82.656,0.52,0.53,0.47,0.48,0.01,0.01,72118.42,1776099380000
1776099383.017,83.017,0.52,0.53,0.47,0.48,0.01,0.01,72118.42,1776099380000
1776099383.357,83.357,0.53,0.54,0.46,0.48,0.01,0.02,72118.42,1776099380000
1776099383.727,83.727,0.53,0.54,0.46,0.47,0.01,0.01,72123.05,1776099382000
1776099384.064,84.064,0.53,0.54,0.46,0.47,0.01,0.01,72123.05,1776099382000
1776099384.573,84.573,0.54,0.55,0.46,0.47,0.01,0.01,72123.05,1776099382000
1776099384.918,84.918,0.54,0.57,0.44,0.46,0.03,0.02,72123.05,1776099382000
1776099385.303,85.303,0.57,0.58,0.42,0.43,0.01,0.01,72125.56,1776099383000
1776099385.639,85.639,0.57,0.59,0.41,0.43,0.02,0.02,72125.56,1776099383000
1776099386.001,86.001,0.58,0.59,0.41,0.42,0.01,0.01,72126.38,1776099384000
1776099386.381,86.381,0.58,0.6,0.4,0.42,0.02,0.02,72126.38,1776099384000
1776099386.743,86.743,0.59,0.6,0.4,0.41,0.01,0.01,72126.38,1776099384000
1776099387.083,87.083,0.59,0.6,0.4,0.41,0.01,0.01,72126.38,1776099384000
1776099387.418,87.418,0.59,0.6,0.4,0.41,0.01,0.01,72134.1,1776099385000
1776099387.817,87.817,0.59,0.6,0.4,0.41,0.01,0.01,72134.1,1776099385000
1776099388.152,88.152,0.59,0.6,0.4,0.41,0.01,0.01,72137.41,1776099386000
1776099388.568,88.568,0.58,0.59,0.41,0.42,0.01,0.01,72137.41,1776099386000
1776099388.951,88.951,0.58,0.59,0.41,0.42,0.01,0.01,72137.41,1776099386000
1776099389.327,89.327,0.58,0.59,0.41,0.42,0.01,0.01,72138.02,1776099387000
1776099389.69,89.69,0.58,0.59,0.41,0.42,0.01,0.01,72138.02,1776099387000
1776099390.042,90.042,0.58,0.59,0.41,0.42,0.01,0.01,72139.16,1776099388000
1776099390.409,90.409,0.59,0.6,0.4,0.41,0.01,0.01,72139.16,1776099388000
1776099390.818,90.818,0.59,0.6,0.4,0.41,0.01,0.01,72138.29,1776099389000
1776099391.189,91.189,0.58,0.6,0.4,0.42,0.02,0.02,72138.29,1776099390000
1776099391.535,91.535,0.59,0.6,0.4,0.41,0.01,0.01,72138.29,1776099390000
1776099391.901,91.901,0.59,0.6,0.4,0.41,0.01,0.01,72138.29,1776099390000
1776099392.243,92.243,0.59,0.6,0.4,0.41,0.01,0.01,72138.29,1776099390000
1776099392.633,92.633,0.59,0.6,0.4,0.41,0.01,0.01,72138.29,1776099390000
1776099392.976,92.976,0.59,0.6,0.4,0.41,0.01,0.01,72138.21,1776099391000
1776099393.509,93.509,0.59,0.6,0.4,0.41,0.01,0.01,72138.21,1776099391000
1776099393.853,93.853,0.59,0.6,0.4,0.41,0.01,0.01,72138.21,1776099392000
1776099394.42,94.42,0.59,0.6,0.4,0.41,0.01,0.01,72138.4,1776099393000
1776099394.773,94.773,0.59,0.61,0.4,0.41,0.02,0.01,72138.4,1776099393000
1776099395.296,95.296,0.6,0.61,0.39,0.4,0.01,0.01,72138.4,1776099393000
1776099395.677,95.677,0.6,0.61,0.39,0.4,0.01,0.01,72138.4,1776099393000
1776099396.085,96.085,0.61,0.63,0.37,0.39,0.02,0.02,72138.39,1776099394000
1776099396.428,96.428,0.62,0.63,0.37,0.38,0.01,0.01,72138.66,1776099395000
1776099396.822,96.822,0.62,0.63,0.37,0.38,0.01,0.01,72138.66,1776099395000
1776099397.161,97.161,0.63,0.64,0.36,0.37,0.01,0.01,72142.4,1776099396000
1776099397.499,97.499,0.63,0.64,0.36,0.37,0.01,0.01,72142.4,1776099396000
1776099397.839,97.839,0.63,0.64,0.36,0.37,0.01,0.01,72142.4,1776099396000
1776099398.275,98.275,0.63,0.64,0.36,0.37,0.01,0.01,72142.4,1776099396000
1776099398.701,98.701,0.62,0.63,0.36,0.37,0.01,0.01,72149.39,1776099397000
1776099399.084,99.084,0.62,0.63,0.37,0.38,0.01,0.01,72149.39,1776099397000
1776099399.517,99.517,0.62,0.63,0.37,0.38,0.01,0.01,72149.54,1776099398000
1776099399.888,99.888,0.62,0.63,0.37,0.38,0.01,0.01,72149.54,1776099398000
1776099400.296,100.296,0.62,0.63,0.37,0.38,0.01,0.01,72149.54,1776099398000
1776099400.63,100.63,0.63,0.64,0.36,0.37,0.01,0.01,72149.54,1776099398000
1776099401.149,101.149,0.63,0.64,0.36,0.37,0.01,0.01,72149.46,1776099399000
1776099401.61,101.61,0.63,0.64,0.36,0.37,0.01,0.01,72149.3,1776099400000
1776099402.282,102.282,0.63,0.64,0.36,0.37,0.01,0.01,72148.88,1776099401000
1776099402.653,102.653,0.6,0.62,0.37,0.39,0.02,0.02,72148.88,1776099401000
1776099402.991,102.991,0.61,0.62,0.38,0.39,0.01,0.01,72148.88,1776099401000
1776099403.422,103.422,0.61,0.62,0.38,0.39,0.01,0.01,72148.29,1776099402000
1776099403.917,103.917,0.63,0.64,0.37,0.39,0.01,0.02,72148.29,1776099402000
1776099404.422,104.422,0.63,0.64,0.36,0.37,0.01,0.01,72147.07,1776099403000
1776099404.826,104.826,0.63,0.64,0.36,0.37,0.01,0.01,72147.07,1776099403000
1776099405.243,105.243,0.63,0.64,0.36,0.37,0.01,0.01,72143.88,1776099404000
1776099405.577,105.577,0.63,0.64,0.36,0.37,0.01,0.01,72143.88,1776099404000
1776099405.912,105.912,0.63,0.64,0.36,0.37,0.01,0.01,72143.88,1776099404000
1776099406.305,106.305,0.63,0.65,0.36,0.37,0.02,0.01,72145.94,1776099405000
1776099406.727,106.727,0.64,0.65,0.35,0.36,0.01,0.01,72145.94,1776099405000
1776099407.171,107.171,0.64,0.65,0.35,0.36,0.01,0.01,72148.01,1776099406000
1776099407.516,107.516,0.64,0.65,0.35,0.36,0.01,0.01,72148.01,1776099406000
1776099407.999,107.999,0.64,0.65,0.35,0.36,0.01,0.01,72148.01,1776099406000
1776099408.366,108.366,0.64,0.65,0.35,0.36,0.01,0.01,72148.12,1776099407000
1776099408.757,108.757,0.64,0.65,0.35,0.36,0.01,0.01,72148.12,1776099407000
1776099409.092,109.092,0.64,0.65,0.35,0.36,0.01,0.01,72148.6,1776099408000
1776099409.604,109.604,0.64,0.65,0.35,0.36,0.01,0.01,72148.6,1776099408000
1776099410.023,110.023,0.63,0.64,0.36,0.37,0.01,0.01,72148.6,1776099408000
1776099410.416,110.416,0.63,0.64,0.36,0.37,0.01,0.01,72148.59,1776099409000
1776099410.867,110.867,0.64,0.65,0.35,0.37,0.01,0.02,72148.59,1776099409000
1776099411.36,111.36,0.64,0.65,0.35,0.36,0.01,0.01,72148.59,1776099410000
1776099411.728,111.728,0.64,0.65,0.35,0.36,0.01,0.01,72148.59,1776099410000
1776099412.125,112.125,0.64,0.65,0.35,0.36,0.01,0.01,72148.57,1776099411000
1776099412.57,112.57,0.64,0.66,0.35,0.36,0.02,0.01,72148.57,1776099411000
1776099412.93,112.93,0.65,0.66,0.34,0.36,0.01,0.02,72148.57,1776099411000
1776099413.37,113.37,0.65,0.66,0.34,0.35,0.01,0.01,72148.56,1776099412000
1776099413.896,113.896,0.65,0.66,0.34,0.35,0.01,0.01,72148.56,1776099412000
1776099414.237,114.237,0.65,0.67,0.33,0.35,0.02,0.02,72150.63,1776099413000
1776099414.602,114.602,0.66,0.67,0.33,0.34,0.01,0.01,72150.63,1776099413000
1776099414.962,114.962,0.71,0.73,0.27,0.3,0.02,0.03,72150.63,1776099413000
1776099415.369,115.369,0.72,0.74,0.26,0.28,0.02,0.02,72151.44,1776099414000
1776099415.702,115.702,0.73,0.74,0.26,0.27,0.01,0.01,72151.44,1776099414000
1776099416.085,116.085,0.73,0.74,0.26,0.27,0.01,0.01,72151.44,1776099414000
1776099416.431,116.431,0.73,0.74,0.26,0.27,0.01,0.01,72170.49,1776099415000
1776099416.806,116.806,0.73,0.74,0.26,0.27,0.01,0.01,72170.49,1776099415000
1776099417.164,117.164,0.73,0.74,0.26,0.27,0.01,0.01,72170.49,1776099415000
1776099417.583,117.583,0.73,0.74,0.26,0.27,0.01,0.01,72175.32,1776099416000
1776099418.039,118.039,0.73,0.74,0.26,0.27,0.01,0.01,72175.32,1776099416000
1776099418.377,118.377,0.73,0.75,0.26,0.27,0.02,0.01,72175.53,1776099417000
1776099418.93,118.93,0.74,0.75,0.25,0.26,0.01,0.01,72175.53,1776099417000
1776099419.281,119.281,0.74,0.75,0.25,0.26,0.01,0.01,72175.53,1776099418000
1776099419.674,119.674,0.75,0.76,0.25,0.26,0.01,0.01,72175.53,1776099418000
1776099420.046,120.046,0.75,0.76,0.24,0.25,0.01,0.01,72175.53,1776099418000
1776099420.51,120.51,0.74,0.75,0.25,0.26,0.01,0.01,72175.93,1776099419000
1776099420.876,120.876,0.74,0.75,0.25,0.26,0.01,0.01,72175.93,1776099419000
1776099421.323,121.323,0.74,0.75,0.25,0.26,0.01,0.01,72178.21,1776099420000
1776099421.739,121.739,0.73,0.74,0.26,0.27,0.01,0.01,72178.21,1776099420000
1776099422.143,122.143,0.73,0.74,0.26,0.27,0.01,0.01,72178.21,1776099420000
1776099422.664,122.664,0.72,0.73,0.26,0.28,0.01,0.02,72178.75,1776099421000
1776099423.072,123.072,0.72,0.73,0.27,0.28,0.01,0.01,72178.75,1776099421000
1776099423.709,123.709,0.72,0.73,0.27,0.28,0.01,0.01,72173.45,1776099422000
1776099424.117,124.117,0.72,0.73,0.27,0.28,0.01,0.01,72173.45,1776099422000
1776099424.56,124.56,0.72,0.73,0.27,0.28,0.01,0.01,72169.75,1776099423000
1776099424.945,124.945,0.72,0.73,0.27,0.28,0.01,0.01,72169.75,1776099423000
1776099425.286,125.286,0.72,0.73,0.27,0.28,0.01,0.01,72169.72,1776099424000
1776099425.624,125.624,0.72,0.73,0.27,0.28,0.01,0.01,72169.72,1776099424000
1776099425.957,125.957,0.72,0.73,0.27,0.28,0.01,0.01,72169.23,1776099425000
1776099426.292,126.292,0.72,0.73,0.27,0.28,0.01,0.01,72169.23,1776099425000
1776099426.691,126.691,0.74,0.75,0.25,0.28,0.01,0.03,72169.23,1776099425000
1776099427.026,127.026,0.74,0.75,0.25,0.26,0.01,0.01,72169.23,1776099426000
1776099427.36,127.36,0.74,0.75,0.25,0.26,0.01,0.01,72169.23,1776099426000
1776099427.764,127.764,0.74,0.75,0.25,0.26,0.01,0.01,72169.23,1776099426000
1776099428.13,128.13,0.75,0.76,0.24,0.25,0.01,0.01,72171.67,1776099427000
1776099428.483,128.483,0.75,0.76,0.24,0.25,0.01,0.01,72171.67,1776099427000
1776099428.846,128.846,0.73,0.76,0.24,0.25,0.03,0.01,72171.67,1776099427000
1776099429.239,129.239,0.74,0.75,0.25,0.26,0.01,0.01,72171.67,1776099427000
1776099429.58,129.58,0.74,0.75,0.25,0.26,0.01,0.01,72172.72,1776099428000
1776099429.926,129.926,0.74,0.76,0.25,0.26,0.02,0.01,72172.72,1776099428000
1776099430.292,130.292,0.75,0.77,0.23,0.25,0.02,0.02,72173.56,1776099429000
1776099430.716,130.716,0.76,0.77,0.23,0.24,0.01,0.01,72173.56,1776099429000
1776099431.085,131.085,0.76,0.77,0.23,0.24,0.01,0.01,72173.56,1776099429000
1776099431.479,131.479,0.76,0.77,0.23,0.24,0.01,0.01,72173.61,1776099430000
1776099431.815,131.815,0.76,0.77,0.23,0.24,0.01,0.01,72173.61,1776099430000
1776099432.322,132.322,0.76,0.77,0.23,0.24,0.01,0.01,72173.61,1776099430000
1776099432.657,132.657,0.76,0.77,0.23,0.24,0.01,0.01,72176.3,1776099431000
1776099433.014,133.014,0.75,0.76,0.24,0.25,0.01,0.01,72176.3,1776099431000
1776099433.52,133.52,0.76,0.77,0.23,0.24,0.01,0.01,72179.24,1776099432000
1776099434.02,134.02,0.76,0.77,0.23,0.24,0.01,0.01,72179.24,1776099432000
1776099434.464,134.464,0.76,0.77,0.23,0.24,0.01,0.01,72179.31,1776099433000
1776099434.867,134.867,0.76,0.77,0.23,0.24,0.01,0.01,72179.31,1776099433000
1776099435.245,135.245,0.75,0.76,0.23,0.26,0.01,0.03,72179.31,1776099434000
1776099435.658,135.658,0.75,0.76,0.24,0.25,0.01,0.01,72179.31,1776099434000
1776099436.037,136.037,0.75,0.76,0.24,0.25,0.01,0.01,72179.31,1776099434000
1776099436.399,136.399,0.75,0.76,0.24,0.25,0.01,0.01,72179.31,1776099434000
1776099436.771,136.771,0.74,0.75,0.25,0.26,0.01,0.01,72179.28,1776099435000
1776099437.319,137.319,0.74,0.75,0.25,0.26,0.01,0.01,72179.27,1776099436000
1776099437.742,137.742,0.74,0.75,0.25,0.26,0.01,0.01,72179.27,1776099436000
1776099438.122,138.122,0.73,0.75,0.25,0.26,0.02,0.01,72179.27,1776099436000
1776099438.705,138.705,0.74,0.75,0.25,0.26,0.01,0.01,72179.04,1776099437000
1776099439.135,139.135,0.74,0.75,0.25,0.26,0.01,0.01,72179.04,1776099437000
1776099439.599,139.599,0.74,0.75,0.25,0.26,0.01,0.01,72179.04,1776099438000
1776099440.01,140.01,0.75,0.76,0.24,0.26,0.01,0.02,72179.04,1776099438000
1776099440.346,140.346,0.75,0.76,0.24,0.25,0.01,0.01,72179.04,1776099438000
1776099440.717,140.717,0.75,0.76,0.24,0.25,0.01,0.01,72179.04,1776099439000
1776099441.22,141.22,0.76,0.77,0.23,0.25,0.01,0.02,72179.04,1776099439000
1776099441.58,141.58,0.76,0.77,0.23,0.24,0.01,0.01,72179.04,1776099439000
1776099441.959,141.959,0.76,0.77,0.23,0.24,0.01,0.01,72179.96,1776099440000
1776099442.295,142.295,0.77,0.78,0.22,0.24,0.01,0.02,72179.96,1776099440000
1776099442.731,142.731,0.77,0.78,0.22,0.23,0.01,0.01,72179.96,1776099441000
1776099443.204,143.204,0.77,0.78,0.22,0.23,0.01,0.01,72180.91,1776099442000
1776099443.56,143.56,0.77,0.78,0.22,0.23,0.01,0.01,72180.91,1776099442000
1776099444.108,144.108,0.77,0.78,0.22,0.23,0.01,0.01,72180.91,1776099442000
1776099444.905,144.905,0.78,0.79,0.21,0.23,0.01,0.02,72186.8,1776099443000
1776099445.24,145.24,0.78,0.79,0.21,0.22,0.01,0.01,72186.8,1776099443000
1776099445.577,145.577,0.78,0.79,0.21,0.22,0.01,0.01,72186.59,1776099444000
1776099446.017,146.017,0.78,0.79,0.21,0.22,0.01,0.01,72186.59,1776099444000
1776099446.387,146.387,0.78,0.79,0.21,0.23,0.01,0.02,72186.59,1776099444000
1776099446.786,146.786,0.78,0.79,0.21,0.22,0.01,0.01,72186.54,1776099445000
1776099447.123,147.123,0.78,0.79,0.21,0.22,0.01,0.01,72185.42,1776099446000
1776099447.512,147.512,0.78,0.79,0.21,0.22,0.01,0.01,72185.42,1776099446000
1776099447.876,147.876,0.78,0.79,0.21,0.22,0.01,0.01,72185.42,1776099446000
1776099448.213,148.213,0.78,0.79,0.21,0.22,0.01,0.01,72185.42,1776099447000
1776099448.586,148.586,0.78,0.79,0.21,0.22,0.01,0.01,72185.42,1776099447000
1776099448.923,148.923,0.78,0.79,0.21,0.22,0.01,0.01,72185.42,1776099447000
1776099449.628,149.628,0.78,0.79,0.21,0.22,0.01,0.01,72185.42,1776099447000
1776099450.019,150.019,0.78,0.79,0.21,0.22,0.01,0.01,72185.51,1776099448000
1776099450.386,150.386,0.78,0.79,0.21,0.22,0.01,0.01,72186.15,1776099449000
1776099450.742,150.742,0.78,0.79,0.21,0.22,0.01,0.01,72186.15,1776099449000
1776099451.197,151.197,0.78,0.79,0.21,0.22,0.01,0.01,72186.15,1776099449000
1776099451.628,151.628,0.78,0.79,0.21,0.22,0.01,0.01,72186.16,1776099450000
1776099452.094,152.094,0.78,0.79,0.21,0.22,0.01,0.01,72186.16,1776099451000
1776099452.707,152.707,0.78,0.79,0.21,0.22,0.01,0.01,72186.16,1776099451000
1776099453.119,153.119,0.79,0.8,0.21,0.22,0.01,0.01,72186.16,1776099451000
1776099453.505,153.505,0.79,0.8,0.2,0.21,0.01,0.01,72185.31,1776099452000
1776099453.998,153.998,0.79,0.8,0.2,0.21,0.01,0.01,72185.31,1776099452000
1776099454.428,154.428,0.79,0.8,0.2,0.21,0.01,0.01,72185.31,1776099452000
1776099454.879,154.879,0.8,0.81,0.2,0.21,0.01,0.01,72185.71,1776099453000
1776099455.323,155.323,0.8,0.81,0.19,0.2,0.01,0.01,72185.21,1776099454000
1776099455.668,155.668,0.8,0.81,0.19,0.2,0.01,0.01,72185.21,1776099454000
1776099456.039,156.039,0.8,0.81,0.19,0.2,0.01,0.01,72185.21,1776099454000
1776099456.401,156.401,0.8,0.81,0.19,0.2,0.01,0.01,72186.36,1776099455000
1776099456.91,156.91,0.8,0.81,0.19,0.2,0.01,0.01,72186.36,1776099455000
1776099457.326,157.326,0.8,0.81,0.19,0.2,0.01,0.01,72186.36,1776099456000
1776099457.765,157.765,0.8,0.81,0.19,0.2,0.01,0.01,72186.36,1776099456000
1776099458.181,158.181,0.8,0.81,0.19,0.2,0.01,0.01,72186.36,1776099456000
1776099458.61,158.61,0.81,0.82,0.18,0.19,0.01,0.01,72186.36,1776099456000
1776099459.042,159.042,0.81,0.82,0.18,0.19,0.01,0.01,72186.36,1776099457000
1776099460.197,160.197,0.81,0.82,0.18,0.19,0.01,0.01,72185.99,1776099458000
1776099461.465,161.465,0.81,0.82,0.18,0.19,0.01,0.01,72186.36,1776099459000
1776099462.069,162.069,0.81,0.83,0.17,0.19,0.02,0.02,72186.36,1776099461000
1776099462.497,162.497,0.81,0.83,0.17,0.19,0.02,0.02,72186.36,1776099461000
1776099462.833,162.833,0.81,0.82,0.18,0.19,0.01,0.01,72186.36,1776099461000
1776099463.261,163.261,0.81,0.82,0.18,0.19,0.01,0.01,72186.74,1776099462000
1776099464.012,164.012,0.81,0.83,0.17,0.19,0.02,0.02,72186.79,1776099463000
1776099464.529,164.529,0.81,0.82,0.18,0.19,0.01,0.01,72186.79,1776099463000
1776099464.9,164.9,0.81,0.82,0.18,0.19,0.01,0.01,72186.79,1776099463000
1776099465.293,165.293,0.81,0.82,0.18,0.19,0.01,0.01,72186.79,1776099464000
1776099465.669,165.669,0.8,0.82,0.18,0.19,0.02,0.01,72186.79,1776099464000
1776099466.058,166.058,0.81,0.82,0.18,0.19,0.01,0.01,72186.24,1776099465000
1776099466.474,166.474,0.81,0.82,0.18,0.19,0.01,0.01,72186.24,1776099465000
1776099466.938,166.938,0.81,0.82,0.18,0.19,0.01,0.01,72186.24,1776099465000
1776099467.295,167.295,0.81,0.82,0.18,0.19,0.01,0.01,72185.27,1776099466000
1776099467.707,167.707,0.81,0.82,0.18,0.19,0.01,0.01,72185.27,1776099466000
1776099468.214,168.214,0.8,0.82,0.18,0.2,0.02,0.02,72187.6,1776099467000
1776099469.256,169.256,0.8,0.82,0.18,0.2,0.02,0.02,72184.63,1776099468000
1776099469.723,169.723,0.8,0.81,0.19,0.2,0.01,0.01,72184.63,1776099468000
1776099470.216,170.216,0.8,0.81,0.19,0.22,0.01,0.03,72184.63,1776099468000
1776099470.757,170.757,0.8,0.81,0.19,0.2,0.01,0.01,72184.58,1776099469000
1776099471.323,171.323,0.8,0.81,0.19,0.2,0.01,0.01,72184.58,1776099469000
1776099471.701,171.701,0.8,0.81,0.19,0.2,0.01,0.01,72184.58,1776099470000
1776099472.187,172.187,0.8,0.81,0.19,0.2,0.01,0.01,72184.78,1776099471000
1776099472.63,172.63,0.8,0.81,0.19,0.2,0.01,0.01,72184.78,1776099471000
1776099473.029,173.029,0.8,0.81,0.19,0.2,0.01,0.01,72184.78,1776099471000
1776099473.469,173.469,0.8,0.81,0.19,0.2,0.01,0.01,72184.78,1776099472000
1776099473.976,173.976,0.81,0.82,0.18,0.2,0.01,0.02,72184.78,1776099472000
1776099474.827,174.827,0.81,0.82,0.18,0.19,0.01,0.01,72184.78,1776099473000
1776099475.457,175.457,0.81,0.82,0.18,0.19,0.01,0.01,72184.78,1776099473000
1776099476.095,176.095,0.81,0.82,0.18,0.19,0.01,0.01,72185.99,1776099474000
1776099477.149,177.149,0.81,0.82,0.18,0.19,0.01,0.01,72185.99,1776099475000
1776099477.538,177.538,0.81,0.82,0.18,0.19,0.01,0.01,72186.05,1776099476000
1776099477.97,177.97,0.81,0.83,0.18,0.19,0.02,0.01,72186.05,1776099476000
1776099478.454,178.454,0.81,0.83,0.17,0.19,0.02,0.02,72186.0,1776099477000
1776099478.9,178.9,0.79,0.83,0.17,0.21,0.04,0.04,72186.0,1776099478000
1776099479.665,179.665,0.82,0.83,0.17,0.18,0.01,0.01,72186.0,1776099478000
1776099480.203,180.203,0.82,0.83,0.17,0.18,0.01,0.01,72186.0,1776099479000
1776099480.587,180.587,0.82,0.83,0.17,0.18,0.01,0.01,72186.0,1776099479000
1776099480.936,180.936,0.83,0.84,0.16,0.17,0.01,0.01,72186.0,1776099479000
1776099481.286,181.286,0.83,0.84,0.16,0.17,0.01,0.01,72186.11,1776099480000
1776099481.646,181.646,0.84,0.85,0.15,0.16,0.01,0.01,72186.11,1776099480000
1776099482.069,182.069,0.85,0.86,0.14,0.15,0.01,0.01,72186.11,1776099480000
1776099482.534,182.534,0.86,0.87,0.13,0.15,0.01,0.02,72188.78,1776099481000
1776099482.882,182.882,0.87,0.88,0.12,0.13,0.01,0.01,72189.93,1776099482000
1776099483.225,183.225,0.87,0.88,0.12,0.13,0.01,0.01,72189.93,1776099482000
1776099483.565,183.565,0.87,0.88,0.12,0.13,0.01,0.01,72189.93,1776099482000
1776099484.123,184.123,0.87,0.88,0.12,0.13,0.01,0.01,72201.8,1776099483000
1776099484.463,184.463,0.87,0.88,0.12,0.13,0.01,0.01,72201.8,1776099483000
1776099485.045,185.045,0.88,0.89,0.11,0.12,0.01,0.01,72201.8,1776099483000
1776099486.09,186.09,0.88,0.89,0.11,0.12,0.01,0.01,72203.6,1776099484000
1776099486.537,186.537,0.88,0.89,0.11,0.12,0.01,0.01,72203.54,1776099485000
1776099486.918,186.918,0.88,0.89,0.11,0.12,0.01,0.01,72203.54,1776099485000
1776099487.404,187.404,0.88,0.89,0.11,0.12,0.01,0.01,72203.54,1776099485000
1776099487.793,187.793,0.88,0.89,0.11,0.12,0.01,0.01,72205.39,1776099486000
1776099488.165,188.165,0.88,0.89,0.11,0.12,0.01,0.01,72207.39,1776099487000
1776099488.555,188.555,0.89,0.9,0.1,0.11,0.01,0.01,72207.39,1776099487000
1776099488.97,188.97,0.89,0.9,0.09,0.11,0.01,0.02,72207.39,1776099487000
1776099489.325,189.325,0.91,0.92,0.08,0.09,0.01,0.01,72209.67,1776099488000
1776099489.705,189.705,0.91,0.92,0.08,0.09,0.01,0.01,72209.67,1776099488000
1776099490.061,190.061,0.91,0.92,0.08,0.09,0.01,0.01,72211.95,1776099489000
1776099490.415,190.415,0.91,0.92,0.08,0.09,0.01,0.01,72211.95,1776099489000
1776099490.751,190.751,0.91,0.92,0.08,0.09,0.01,0.01,72211.95,1776099489000
1776099491.253,191.253,0.91,0.93,0.08,0.09,0.02,0.01,72212.25,1776099490000
1776099491.613,191.613,0.92,0.93,0.07,0.08,0.01,0.01,72212.25,1776099490000
1776099491.949,191.949,0.93,0.94,0.06,0.07,0.01,0.01,72212.25,1776099490000
1776099492.391,192.391,0.93,0.94,0.06,0.07,0.01,0.01,72212.35,1776099491000
1776099492.759,192.759,0.95,0.96,0.04,0.05,0.01,0.01,72212.35,1776099491000
1776099493.093,193.093,0.94,0.96,0.04,0.06,0.02,0.02,72213.3,1776099492000
1776099493.494,193.494,0.92,0.93,0.05,0.08,0.01,0.03,72213.3,1776099492000
1776099493.843,193.843,0.92,0.93,0.07,0.08,0.01,0.01,72213.3,1776099492000
1776099494.209,194.209,0.92,0.96,0.07,0.08,0.04,0.01,72214.77,1776099493000
1776099494.545,194.545,0.95,0.96,0.04,0.05,0.01,0.01,72214.77,1776099493000
1776099494.905,194.905,0.94,0.95,0.05,0.06,0.01,0.01,72214.77,1776099493000
1776099495.248,195.248,0.94,0.95,0.05,0.06,0.01,0.01,72214.77,1776099493000
1776099495.612,195.612,0.94,0.95,0.05,0.06,0.01,0.01,72216.77,1776099494000
1776099496.043,196.043,0.94,0.95,0.05,0.06,0.01,0.01,72216.77,1776099494000
1776099496.502,196.502,0.94,0.95,0.05,0.06,0.01,0.01,72213.17,1776099495000
1776099496.864,196.864,0.94,0.95,0.05,0.06,0.01,0.01,72213.17,1776099495000
1776099497.224,197.224,0.93,0.94,0.06,0.07,0.01,0.01,72213.17,1776099496000
1776099497.656,197.656,0.93,0.94,0.06,0.07,0.01,0.01,72213.17,1776099496000
1776099498.111,198.111,0.93,0.94,0.06,0.07,0.01,0.01,72213.17,1776099496000
1776099499.014,199.014,0.93,0.94,0.06,0.07,0.01,0.01,72213.18,1776099497000
1776099499.689,199.689,0.93,0.94,0.06,0.07,0.01,0.01,72213.17,1776099498000
1776099500.03,200.03,0.94,0.95,0.05,0.07,0.01,0.02,72213.17,1776099498000
1776099500.429,200.429,0.94,0.95,0.05,0.06,0.01,0.01,72213.19,1776099499000
1776099500.964,200.964,0.94,0.95,0.05,0.06,0.01,0.01,72213.19,1776099499000
1776099501.323,201.323,0.94,0.95,0.05,0.06,0.01,0.01,72213.19,1776099500000
1776099501.712,201.712,0.94,0.95,0.05,0.06,0.01,0.01,72213.19,1776099500000
1776099502.135,202.135,0.94,0.95,0.05,0.06,0.01,0.01,72213.19,1776099500000
1776099502.51,202.51,0.94,0.95,0.05,0.06,0.01,0.01,72213.2,1776099501000
1776099502.88,202.88,0.94,0.95,0.05,0.06,0.01,0.01,72213.2,1776099501000
1776099503.292,203.292,0.94,0.95,0.05,0.06,0.01,0.01,72213.11,1776099502000
1776099504.17,204.17,0.94,0.95,0.05,0.06,0.01,0.01,72213.23,1776099503000
1776099504.712,204.712,0.94,0.95,0.05,0.06,0.01,0.01,72213.23,1776099503000
1776099505.086,205.086,0.94,0.95,0.05,0.06,0.01,0.01,72213.23,1776099503000
1776099505.735,205.735,0.94,0.95,0.04,0.06,0.01,0.02,72214.12,1776099504000
1776099506.099,206.099,0.94,0.95,0.05,0.07,0.01,0.02,72214.12,1776099504000
1776099506.466,206.466,0.93,0.95,0.05,0.07,0.02,0.02,72214.12,1776099504000
1776099507.13,207.13,0.94,0.95,0.05,0.06,0.01,0.01,72214.02,1776099506000
1776099507.484,207.484,0.94,0.95,0.05,0.06,0.01,0.01,72214.02,1776099506000
1776099508.118,208.118,0.94,0.95,0.05,0.06,0.01,0.01,72213.73,1776099507000
1776099508.624,208.624,0.94,0.95,0.05,0.06,0.01,0.01,72213.73,1776099507000
1776099509.116,209.116,0.94,0.95,0.05,0.06,0.01,0.01,72213.35,1776099508000
1776099509.456,209.456,0.93,0.94,0.05,0.07,0.01,0.02,72213.35,1776099508000
1776099510.026,210.026,0.93,0.94,0.06,0.07,0.01,0.01,72213.35,1776099508000
1776099510.383,210.383,0.93,0.94,0.06,0.07,0.01,0.01,72213.35,1776099509000
1776099510.747,210.747,0.93,0.94,0.06,0.07,0.01,0.01,72213.35,1776099509000
1776099511.089,211.089,0.93,0.94,0.06,0.07,0.01,0.01,72213.48,1776099510000
1776099511.516,211.516,0.93,0.94,0.06,0.07,0.01,0.01,72213.48,1776099510000
1776099511.967,211.967,0.94,0.95,0.05,0.06,0.01,0.01,72213.48,1776099510000
1776099512.355,212.355,0.94,0.95,0.05,0.06,0.01,0.01,72213.48,1776099511000
1776099512.807,212.807,0.94,0.95,0.05,0.06,0.01,0.01,72213.48,1776099511000
1776099513.264,213.264,0.94,0.95,0.05,0.06,0.01,0.01,72213.48,1776099512000
1776099513.603,213.603,0.95,0.96,0.04,0.05,0.01,0.01,72213.48,1776099512000
1776099514.173,214.173,0.95,0.96,0.04,0.05,0.01,0.01,72213.62,1776099513000
1776099514.541,214.541,0.95,0.96,0.04,0.05,0.01,0.01,72213.62,1776099513000
1776099515.079,215.079,0.95,0.96,0.04,0.05,0.01,0.01,72213.62,1776099513000
1776099515.422,215.422,0.95,0.96,0.04,0.05,0.01,0.01,72213.95,1776099514000
1776099515.795,215.795,0.95,0.96,0.04,0.05,0.01,0.01,72213.95,1776099514000
1776099516.132,216.132,0.95,0.96,0.04,0.05,0.01,0.01,72213.95,1776099514000
1776099516.537,216.537,0.95,0.96,0.04,0.05,0.01,0.01,72214.07,1776099515000
1776099517.016,217.016,0.96,0.97,0.03,0.04,0.01,0.01,72214.07,1776099515000
1776099517.837,217.837,0.96,0.97,0.03,0.04,0.01,0.01,72214.38,1776099516000
1776099518.318,218.318,0.96,0.97,0.03,0.04,0.01,0.01,72214.38,1776099516000
1776099518.651,218.651,0.96,0.97,0.03,0.04,0.01,0.01,72219.64,1776099517000
1776099518.991,218.991,0.96,0.97,0.03,0.04,0.01,0.01,72219.64,1776099517000
1776099519.329,219.329,0.96,0.97,0.03,0.04,0.01,0.01,72221.86,1776099518000
1776099519.778,219.778,0.96,0.97,0.03,0.04,0.01,0.01,72221.86,1776099518000
1776099520.212,220.212,0.96,0.97,0.03,0.04,0.01,0.01,72221.86,1776099518000
1776099520.621,220.621,0.96,0.97,0.03,0.04,0.01,0.01,72221.86,1776099518000
1776099520.963,220.963,0.96,0.97,0.03,0.04,0.01,0.01,72222.74,1776099519000
1776099521.324,221.324,0.96,0.97,0.03,0.04,0.01,0.01,72222.47,1776099520000
1776099521.712,221.712,0.95,0.96,0.04,0.05,0.01,0.01,72222.47,1776099520000
1776099522.211,222.211,0.95,0.96,0.04,0.05,0.01,0.01,72222.47,1776099520000
1776099522.619,222.619,0.95,0.97,0.04,0.05,0.02,0.01,72222.47,1776099520000
1776099522.966,222.966,0.96,0.97,0.03,0.04,0.01,0.01,72222.56,1776099521000
1776099523.484,223.484,0.96,0.97,0.03,0.04,0.01,0.01,72222.56,1776099522000
1776099523.981,223.981,0.96,0.97,0.03,0.04,0.01,0.01,72222.56,1776099522000
1776099524.543,224.543,0.96,0.97,0.03,0.04,0.01,0.01,72222.53,1776099523000
1776099525.148,225.148,0.96,0.97,0.03,0.04,0.01,0.01,72222.53,1776099523000
1776099525.573,225.573,0.96,0.97,0.03,0.04,0.01,0.01,72222.52,1776099524000
1776099526.035,226.035,0.96,0.97,0.03,0.04,0.01,0.01,72222.52,1776099524000
1776099526.388,226.388,0.96,0.97,0.03,0.04,0.01,0.01,72222.41,1776099525000
1776099527.056,227.056,0.96,0.97,0.03,0.04,0.01,0.01,72222.41,1776099525000
1776099527.588,227.588,0.94,0.95,0.05,0.06,0.01,0.01,72222.41,1776099525000
1776099527.925,227.925,0.95,0.96,0.04,0.05,0.01,0.01,72222.41,1776099526000
1776099528.286,228.286,0.95,0.97,0.04,0.05,0.02,0.01,72222.41,1776099526000
1776099528.684,228.684,0.96,0.97,0.03,0.04,0.01,0.01,72222.41,1776099527000
1776099529.05,229.05,0.96,0.97,0.03,0.04,0.01,0.01,72222.41,1776099528000
1776099529.572,229.572,0.96,0.97,0.03,0.04,0.01,0.01,72222.41,1776099528000
1776099529.997,229.997,0.96,0.97,0.03,0.04,0.01,0.01,72222.41,1776099528000
1776099530.33,230.33,0.96,0.97,0.03,0.04,0.01,0.01,72222.41,1776099528000
1776099530.687,230.687,0.97,0.98,0.02,0.03,0.01,0.01,72222.57,1776099529000
1776099531.072,231.072,0.97,0.98,0.02,0.03,0.01,0.01,72222.57,1776099529000
1776099531.421,231.421,0.97,0.98,0.02,0.03,0.01,0.01,72222.57,1776099530000
1776099532.035,232.035,0.97,0.98,0.02,0.03,0.01,0.01,72222.57,1776099530000
1776099532.502,232.502,0.97,0.98,0.02,0.03,0.01,0.01,72222.57,1776099530000
1776099533.53,233.53,0.97,0.98,0.02,0.03,0.01,0.01,72222.46,1776099531000
1776099534.173,234.173,0.97,0.98,0.02,0.03,0.01,0.01,72222.46,1776099531000
1776099534.664,234.664,0.96,0.98,0.02,0.03,0.02,0.01,72222.13,1776099532000
1776099535.083,235.083,0.95,0.96,0.04,0.05,0.01,0.01,72222.07,1776099533000
1776099535.492,235.492,0.95,0.97,0.04,0.05,0.02,0.01,72222.07,1776099533000
1776099535.85,235.85,0.96,0.97,0.03,0.04,0.01,0.01,72222.07,1776099534000
1776099536.184,236.184,0.95,0.96,0.04,0.05,0.01,0.01,72222.07,1776099534000
1776099536.549,236.549,0.95,0.96,0.04,0.05,0.01,0.01,72222.01,1776099535000
1776099537.356,237.356,0.95,0.96,0.04,0.05,0.01,0.01,72222.01,1776099535000
1776099537.715,237.715,0.96,0.97,0.03,0.04,0.01,0.01,72214.75,1776099536000
1776099538.225,238.225,0.96,0.97,0.03,0.04,0.01,0.01,72214.75,1776099536000
1776099538.695,238.695,0.96,0.97,0.03,0.04,0.01,0.01,72214.44,1776099537000
1776099539.045,239.045,0.96,0.97,0.03,0.04,0.01,0.01,72214.44,1776099537000
1776099539.459,239.459,0.96,0.97,0.03,0.04,0.01,0.01,72214.44,1776099537000
1776099539.795,239.795,0.97,0.98,0.02,0.04,0.01,0.02,72214.4,1776099538000
1776099540.288,240.288,0.97,0.98,0.02,0.03,0.01,0.01,72214.4,1776099538000
1776099540.7,240.7,0.97,0.98,0.02,0.03,0.01,0.01,72214.4,1776099539000
1776099541.079,241.079,0.96,0.97,0.02,0.04,0.01,0.02,72214.4,1776099539000
1776099541.461,241.461,0.96,0.97,0.03,0.04,0.01,0.01,72214.4,1776099539000
1776099541.803,241.803,0.97,0.98,0.02,0.03,0.01,0.01,72214.3,1776099540000
1776099542.168,242.168,0.97,0.98,0.02,0.03,0.01,0.01,72214.15,1776099541000
1776099542.71,242.71,0.97,0.98,0.02,0.03,0.01,0.01,72214.15,1776099541000
1776099543.17,243.17,0.97,0.98,0.02,0.03,0.01,0.01,72214.15,1776099541000
1776099543.504,243.504,0.97,0.98,0.02,0.03,0.01,0.01,72213.83,1776099542000
1776099543.942,243.942,0.97,0.98,0.02,0.03,0.01,0.01,72213.83,1776099542000
1776099544.29,244.29,0.97,0.98,0.02,0.03,0.01,0.01,72213.9,1776099543000
1776099545.044,245.044,0.97,0.98,0.02,0.03,0.01,0.01,72213.9,1776099543000
1776099545.381,245.381,0.97,0.98,0.02,0.03,0.01,0.01,72213.92,1776099544000
1776099546.038,246.038,0.97,0.98,0.02,0.03,0.01,0.01,72213.92,1776099544000
1776099546.402,246.402,0.97,0.98,0.02,0.03,0.01,0.01,72213.92,1776099544000
1776099546.789,246.789,0.97,0.98,0.02,0.03,0.01,0.01,72213.93,1776099545000
1776099547.247,247.247,0.97,0.98,0.02,0.03,0.01,0.01,72213.93,1776099546000
1776099547.59,247.59,0.97,0.98,0.02,0.03,0.01,0.01,72213.93,1776099546000
1776099548.037,248.037,0.97,0.98,0.02,0.03,0.01,0.01,72213.93,1776099546000
1776099548.621,248.621,0.97,0.98,0.02,0.03,0.01,0.01,72212.99,1776099547000
1776099549.01,249.01,0.97,0.98,0.02,0.03,0.01,0.01,72212.99,1776099547000
1776099549.453,249.453,0.97,0.98,0.02,0.03,0.01,0.01,72212.99,1776099548000
1776099549.818,249.818,0.97,0.98,0.02,0.03,0.01,0.01,72212.99,1776099548000
1776099550.153,250.153,0.97,0.98,0.02,0.03,0.01,0.01,72212.99,1776099548000
1776099550.574,250.574,0.97,0.98,0.02,0.03,0.01,0.01,72212.99,1776099548000
1776099550.918,250.918,0.98,0.99,0.01,0.02,0.01,0.01,72212.99,1776099548000
1776099551.269,251.269,0.98,0.99,0.01,0.02,0.01,0.01,72212.98,1776099549000
1776099551.698,251.698,0.98,0.99,0.01,0.03,0.01,0.02,72212.98,1776099549000
1776099552.069,252.069,0.98,0.99,0.01,0.02,0.01,0.01,72215.81,1776099550000
1776099552.41,252.41,0.98,0.99,0.01,0.02,0.01,0.01,72219.2,1776099551000
1776099552.773,252.773,0.98,0.99,0.01,0.02,0.01,0.01,72219.2,1776099551000
1776099553.299,253.299,0.98,0.99,0.01,0.03,0.01,0.02,72219.2,1776099551000
1776099553.681,253.681,0.98,0.99,0.01,0.02,0.01,0.01,72219.96,1776099552000
1776099554.042,254.042,0.98,0.99,0.01,0.02,0.01,0.01,72219.96,1776099552000
1776099554.389,254.389,0.98,0.99,0.01,0.02,0.01,0.01,72220.73,1776099553000
1776099554.725,254.725,0.98,0.99,0.01,0.02,0.01,0.01,72220.73,1776099553000
1776099555.075,255.075,0.98,0.99,0.01,0.02,0.01,0.01,72221.12,1776099554000
1776099555.433,255.433,0.98,0.99,0.01,0.02,0.01,0.01,72221.12,1776099554000
1776099555.772,255.772,0.98,0.99,0.01,0.02,0.01,0.01,72221.12,1776099554000
1776099556.117,256.117,0.99,0.99,0.01,0.01,0.0,0.0,72221.12,1776099554000
1776099556.472,256.472,0.99,0.99,0.01,0.01,0.0,0.0,72221.19,1776099555000
1776099556.93,256.93,0.99,0.99,0.01,0.01,0.0,0.0,72221.19,1776099555000
1776099557.478,257.478,0.99,0.99,0.01,0.01,0.0,0.0,72223.49,1776099556000
1776099558.028,258.028,0.99,0.99,0.01,0.01,0.0,0.0,72223.49,1776099556000
1776099558.435,258.435,0.99,0.99,0.01,0.01,0.0,0.0,72223.49,1776099557000
1776099559.296,259.296,0.99,0.99,0.01,0.01,0.0,0.0,72222.8,1776099558000
1776099560.051,260.051,0.99,0.99,0.01,0.01,0.0,0.0,72222.79,1776099559000
1776099560.452,260.452,0.99,0.99,0.01,0.01,0.0,0.0,72222.79,1776099559000
1776099561.089,261.089,0.99,0.99,0.01,0.01,0.0,0.0,72222.79,1776099559000
1776099561.437,261.437,0.99,0.99,0.01,0.01,0.0,0.0,72222.79,1776099559000
1776099561.972,261.972,0.99,0.99,0.01,0.01,0.0,0.0,72223.84,1776099560000
1776099562.855,262.855,0.99,0.99,0.01,0.01,0.0,0.0,72223.84,1776099561000
1776099563.496,263.496,0.99,0.99,0.01,0.01,0.0,0.0,72223.79,1776099562000
1776099564.064,264.064,0.99,0.99,0.01,0.01,0.0,0.0,72223.79,1776099563000
1776099564.738,264.738,0.99,0.99,0.01,0.01,0.0,0.0,72223.79,1776099563000
1776099565.351,265.351,0.99,0.99,0.01,0.01,0.0,0.0,72223.62,1776099564000
1776099565.874,265.874,0.99,0.99,0.01,0.01,0.0,0.0,72223.62,1776099565000
1776099566.52,266.52,0.99,0.99,0.01,0.01,0.0,0.0,72223.62,1776099565000
1776099567.135,267.135,0.99,0.99,0.01,0.01,0.0,0.0,72223.62,1776099565000
1776099567.608,267.608,0.99,0.99,0.01,0.01,0.0,0.0,72223.72,1776099566000
1776099567.998,267.998,0.99,0.99,0.01,0.01,0.0,0.0,72223.65,1776099567000
1776099569.1,269.1,0.99,0.99,0.01,0.01,0.0,0.0,72223.2,1776099568000
1776099569.656,269.656,0.99,0.99,0.01,0.01,0.0,0.0,72223.2,1776099568000
1776099570.017,270.017,0.99,0.99,0.01,0.01,0.0,0.0,72222.8,1776099569000
1776099570.568,270.568,0.99,0.99,0.01,0.01,0.0,0.0,72222.8,1776099569000
1776099571.219,271.219,0.99,0.99,0.01,0.01,0.0,0.0,72222.8,1776099570000
1776099572.199,272.199,0.99,0.99,0.01,0.01,0.0,0.0,72222.91,1776099571000
1776099573.106,273.106,0.99,0.99,0.01,0.01,0.0,0.0,72222.91,1776099572000
1776099574.11,274.11,0.99,0.99,0.01,0.01,0.0,0.0,72222.9,1776099573000
1776099575.021,275.021,0.99,0.99,0.01,0.01,0.0,0.0,72222.9,1776099574000
1776099575.485,275.485,0.99,0.99,0.01,0.01,0.0,0.0,72222.9,1776099574000
1776099576.131,276.131,0.99,0.99,0.01,0.01,0.0,0.0,72222.92,1776099575000
1776099577.05,277.05,0.99,0.99,0.01,0.01,0.0,0.0,72222.9,1776099576000
1776099577.73,277.73,0.99,0.99,0.01,0.01,0.0,0.0,72222.9,1776099576000
1776099578.134,278.134,0.99,0.99,0.01,0.01,0.0,0.0,72224.78,1776099577000
1776099578.522,278.522,0.99,0.99,0.01,0.01,0.0,0.0,72224.78,1776099577000
1776099579.065,279.065,0.99,0.99,0.01,0.01,0.0,0.0,72225.66,1776099578000
1776099579.879,279.879,0.99,0.99,0.01,0.01,0.0,0.0,72225.66,1776099578000
1776099580.561,280.561,0.99,0.99,0.01,0.01,0.0,0.0,72225.58,1776099579000
1776099581.051,281.051,0.99,0.99,0.01,0.01,0.0,0.0,72225.58,1776099580000
1776099581.594,281.594,0.99,0.99,0.01,0.01,0.0,0.0,72225.58,1776099580000
1776099582.006,282.006,0.99,0.99,0.01,0.01,0.0,0.0,72225.76,1776099581000
1776099583.053,283.053,0.99,0.99,0.01,0.01,0.0,0.0,72230.09,1776099582000
1776099583.761,283.761,0.99,0.99,0.01,0.01,0.0,0.0,72230.09,1776099582000
1776099585.075,285.075,0.99,0.99,0.01,0.01,0.0,0.0,72257.05,1776099584000
1776099585.5,285.5,0.99,0.99,0.01,0.01,0.0,0.0,72257.05,1776099584000
1776099585.923,285.923,0.99,0.99,0.01,0.01,0.0,0.0,72257.05,1776099584000
1776099586.314,286.314,0.99,0.99,0.01,0.01,0.0,0.0,72259.03,1776099585000
1776099587.453,287.453,0.99,0.99,0.01,0.01,0.0,0.0,72252.11,1776099586000
1776099587.947,287.947,0.99,0.99,0.01,0.01,0.0,0.0,72243.41,1776099587000
1776099589.025,289.025,0.99,0.99,0.01,0.01,0.0,0.0,72239.66,1776099588000
1776099590.813,290.813,0.99,0.99,0.01,0.01,0.0,0.0,72236.9,1776099589000
1776099591.227,291.227,0.99,0.99,0.01,0.01,0.0,0.0,72236.3,1776099590000
1776099592.244,292.244,0.99,0.99,0.01,0.01,0.0,0.0,72236.3,1776099591000
1776099593.303,293.303,0.99,0.99,0.01,0.01,0.0,0.0,72236.3,1776099592000
1776099594.449,294.449,0.99,0.99,0.01,0.01,0.0,0.0,72236.3,1776099593000
1776099595.084,295.084,0.99,0.99,0.01,0.01,0.0,0.0,72236.29,1776099594000
1776099596.597,296.597,0.99,0.99,0.01,0.01,0.0,0.0,72236.06,1776099595000
1776099597.323,297.323,0.99,0.99,0.01,0.01,0.0,0.0,72233.48,1776099596000
1776099598.793,298.793,0.99,0.99,0.01,0.01,0.0,0.0,72233.28,1776099597000
1776099599.378,299.378,0.99,0.99,0.01,0.01,0.0,0.0,72233.86,1776099598000
1776099600.152,300.152,0.99,0.99,0.01,0.01,0.0,0.0,72234.05,1776099599000
1776099601.519,301.519,0.99,0.99,0.01,0.01,0.0,0.0,72234.44,1776099600000
1776099602.311,302.311,0.99,0.99,0.01,0.01,0.0,0.0,72234.41,1776099601000

# RESULT,winner=Up,slug=btc-updown-5m-1776099300,ticks=662
