timestamp,elapsed_sec,up_bid,up_ask,down_bid,down_ask,up_spread,down_spread,btc_price,btc_oracle_ts
1777041600.505,0.505,0.47,0.48,0.51,0.52,0.01,0.01,78007.42,1777041599000
1777041600.908,0.908,0.47,0.48,0.52,0.53,0.01,0.01,78007.42,1777041599000
1777041601.277,1.277,0.47,0.48,0.52,0.53,0.01,0.01,78007.4,1777041600000
1777041601.634,1.634,0.46,0.48,0.52,0.54,0.02,0.02,78007.4,1777041600000
1777041602.031,2.031,0.49,0.51,0.49,0.53,0.02,0.04,78007.4,1777041600000
1777041602.378,2.378,0.51,0.52,0.48,0.49,0.01,0.01,78007.4,1777041600000
1777041602.745,2.745,0.51,0.52,0.48,0.49,0.01,0.01,78008.52,1777041601000
1777041603.088,3.088,0.49,0.51,0.49,0.51,0.02,0.02,78008.52,1777041601000
1777041603.423,3.423,0.49,0.5,0.5,0.52,0.01,0.02,78009.62,1777041602000
1777041603.816,3.816,0.49,0.5,0.5,0.51,0.01,0.01,78009.62,1777041602000
1777041604.188,4.188,0.49,0.5,0.5,0.51,0.01,0.01,78011.39,1777041603000
1777041604.616,4.616,0.49,0.5,0.5,0.52,0.01,0.02,78011.39,1777041603000
1777041605.19,5.19,0.49,0.5,0.5,0.51,0.01,0.01,78011.39,1777041603000
1777041605.524,5.524,0.5,0.51,0.48,0.5,0.01,0.02,78011.39,1777041603000
1777041605.891,5.891,0.5,0.51,0.49,0.5,0.01,0.01,78008.68,1777041604000
1777041606.319,6.319,0.5,0.51,0.49,0.5,0.01,0.01,78008.78,1777041605000
1777041606.674,6.674,0.5,0.51,0.49,0.5,0.01,0.01,78008.78,1777041605000
1777041607.131,7.131,0.5,0.51,0.49,0.5,0.01,0.01,78008.78,1777041605000
1777041607.512,7.512,0.5,0.51,0.49,0.5,0.01,0.01,78012.03,1777041606000
1777041607.943,7.943,0.5,0.51,0.49,0.5,0.01,0.01,78012.03,1777041606000
1777041608.284,8.284,0.51,0.52,0.48,0.49,0.01,0.01,78014.9,1777041607000
1777041608.86,8.86,0.51,0.52,0.48,0.49,0.01,0.01,78014.9,1777041607000
1777041609.472,9.472,0.51,0.52,0.48,0.49,0.01,0.01,78015.09,1777041608000
1777041609.827,9.827,0.51,0.52,0.48,0.49,0.01,0.01,78015.09,1777041608000
1777041610.21,10.21,0.51,0.52,0.48,0.49,0.01,0.01,78015.09,1777041609000
1777041610.544,10.544,0.51,0.52,0.48,0.49,0.01,0.01,78015.09,1777041609000
1777041610.947,10.947,0.5,0.52,0.48,0.5,0.02,0.02,78015.09,1777041609000
1777041611.45,11.45,0.51,0.52,0.48,0.49,0.01,0.01,78013.29,1777041610000
1777041611.822,11.822,0.51,0.52,0.48,0.49,0.01,0.01,78013.29,1777041610000
1777041612.208,12.208,0.51,0.52,0.48,0.49,0.01,0.01,78013.29,1777041610000
1777041612.71,12.71,0.49,0.5,0.48,0.51,0.01,0.03,78012.4,1777041611000
1777041613.157,13.157,0.46,0.47,0.53,0.54,0.01,0.01,78012.4,1777041611000
1777041613.578,13.578,0.46,0.47,0.53,0.54,0.01,0.01,78012.4,1777041611000
1777041613.914,13.914,0.45,0.46,0.54,0.56,0.01,0.02,78012.4,1777041611000
1777041614.268,14.268,0.44,0.45,0.55,0.56,0.01,0.01,78010.72,1777041612000
1777041614.602,14.602,0.44,0.45,0.55,0.56,0.01,0.01,78002.09,1777041613000
1777041615.234,15.234,0.43,0.44,0.56,0.57,0.01,0.01,78002.09,1777041613000
1777041615.62,15.62,0.43,0.44,0.56,0.57,0.01,0.01,77999.75,1777041614000
1777041615.98,15.98,0.43,0.44,0.56,0.57,0.01,0.01,77999.75,1777041614000
1777041616.4,16.4,0.43,0.44,0.56,0.57,0.01,0.01,77999.75,1777041614000
1777041617.043,17.043,0.43,0.44,0.56,0.57,0.01,0.01,77994.55,1777041616000
1777041617.509,17.509,0.43,0.44,0.56,0.57,0.01,0.01,77994.55,1777041616000
1777041617.9,17.9,0.43,0.44,0.56,0.57,0.01,0.01,77994.55,1777041616000
1777041618.246,18.246,0.43,0.44,0.56,0.57,0.01,0.01,77995.94,1777041617000
1777041618.58,18.58,0.43,0.45,0.56,0.57,0.02,0.01,77995.94,1777041617000
1777041618.93,18.93,0.44,0.45,0.55,0.56,0.01,0.01,77995.94,1777041617000
1777041619.375,19.375,0.44,0.45,0.55,0.56,0.01,0.01,77995.15,1777041618000
1777041620.124,20.124,0.44,0.45,0.55,0.56,0.01,0.01,77995.15,1777041618000
1777041620.496,20.496,0.43,0.44,0.55,0.57,0.01,0.02,77996.14,1777041619000
1777041620.925,20.925,0.42,0.43,0.56,0.58,0.01,0.02,77996.14,1777041619000
1777041621.26,21.26,0.42,0.43,0.57,0.58,0.01,0.01,77994.65,1777041620000
1777041622.251,22.251,0.42,0.43,0.57,0.58,0.01,0.01,77992.09,1777041621000
1777041623.286,23.286,0.42,0.43,0.57,0.58,0.01,0.01,77988.73,1777041622000
1777041623.726,23.726,0.42,0.43,0.57,0.58,0.01,0.01,77988.73,1777041622000
1777041624.075,24.075,0.4,0.43,0.57,0.6,0.03,0.03,77988.73,1777041622000
1777041624.448,24.448,0.37,0.39,0.61,0.63,0.02,0.02,77972.27,1777041623000
1777041624.802,24.802,0.37,0.41,0.59,0.63,0.04,0.04,77972.27,1777041623000
1777041625.17,25.17,0.33,0.34,0.66,0.67,0.01,0.01,77967.61,1777041624000
1777041625.523,25.523,0.33,0.34,0.66,0.67,0.01,0.01,77967.61,1777041624000
1777041625.894,25.894,0.29,0.33,0.67,0.68,0.04,0.01,77967.61,1777041624000
1777041626.273,26.273,0.31,0.32,0.68,0.7,0.01,0.02,77957.6,1777041625000
1777041626.629,26.629,0.29,0.3,0.7,0.71,0.01,0.01,77957.6,1777041625000
1777041626.97,26.97,0.29,0.3,0.7,0.71,0.01,0.01,77957.6,1777041625000
1777041627.322,27.322,0.29,0.3,0.7,0.71,0.01,0.01,77957.6,1777041625000
1777041627.741,27.741,0.29,0.3,0.7,0.71,0.01,0.01,77950.12,1777041626000
1777041628.441,28.441,0.28,0.3,0.7,0.72,0.02,0.02,77950.09,1777041627000
1777041629.035,29.035,0.28,0.3,0.7,0.72,0.02,0.02,77949.25,1777041628000
1777041629.471,29.471,0.28,0.29,0.71,0.72,0.01,0.01,77949.25,1777041628000
1777041629.817,29.817,0.28,0.29,0.71,0.72,0.01,0.01,77949.25,1777041628000
1777041630.456,30.456,0.28,0.29,0.71,0.72,0.01,0.01,77948.19,1777041629000
1777041630.801,30.801,0.28,0.29,0.71,0.72,0.01,0.01,77948.19,1777041629000
1777041631.216,31.216,0.28,0.29,0.71,0.72,0.01,0.01,77948.19,1777041629000
1777041631.573,31.573,0.28,0.29,0.71,0.72,0.01,0.01,77947.65,1777041630000
1777041631.936,31.936,0.28,0.29,0.71,0.72,0.01,0.01,77947.65,1777041630000
1777041632.317,32.317,0.28,0.29,0.71,0.72,0.01,0.01,77947.65,1777041630000
1777041632.8,32.8,0.28,0.29,0.71,0.72,0.01,0.01,77949.52,1777041631000
1777041633.219,33.219,0.28,0.29,0.71,0.72,0.01,0.01,77949.52,1777041631000
1777041633.616,33.616,0.28,0.29,0.71,0.72,0.01,0.01,77950.29,1777041632000
1777041634.259,34.259,0.28,0.29,0.71,0.72,0.01,0.01,77951.62,1777041633000
1777041634.727,34.727,0.28,0.29,0.71,0.72,0.01,0.01,77951.62,1777041633000
1777041635.155,35.155,0.28,0.29,0.71,0.72,0.01,0.01,77951.62,1777041633000
1777041635.581,35.581,0.28,0.29,0.71,0.72,0.01,0.01,77951.31,1777041634000
1777041636.35,36.35,0.27,0.28,0.72,0.73,0.01,0.01,77951.31,1777041634000
1777041636.716,36.716,0.28,0.29,0.71,0.72,0.01,0.01,77951.3,1777041635000
1777041637.157,37.157,0.28,0.29,0.71,0.72,0.01,0.01,77951.3,1777041635000
1777041637.829,37.829,0.3,0.31,0.69,0.72,0.01,0.03,77950.89,1777041636000
1777041638.175,38.175,0.3,0.31,0.69,0.7,0.01,0.01,77950.89,1777041636000
1777041638.533,38.533,0.3,0.34,0.67,0.69,0.04,0.02,77950.89,1777041637000
1777041638.933,38.933,0.33,0.34,0.66,0.67,0.01,0.01,77950.89,1777041637000
1777041639.699,39.699,0.35,0.36,0.62,0.65,0.01,0.03,77953.5,1777041638000
1777041640.434,40.434,0.35,0.36,0.64,0.65,0.01,0.01,77962.35,1777041639000
1777041640.768,40.768,0.35,0.36,0.64,0.65,0.01,0.01,77962.35,1777041639000
1777041641.189,41.189,0.35,0.36,0.64,0.65,0.01,0.01,77962.35,1777041639000
1777041641.616,41.616,0.35,0.36,0.64,0.65,0.01,0.01,77969.71,1777041640000
1777041641.994,41.994,0.35,0.36,0.64,0.65,0.01,0.01,77969.71,1777041640000
1777041642.45,42.45,0.35,0.36,0.64,0.65,0.01,0.01,77969.71,1777041640000
1777041642.815,42.815,0.35,0.36,0.64,0.65,0.01,0.01,77969.71,1777041640000
1777041643.194,43.194,0.35,0.36,0.64,0.65,0.01,0.01,77970.64,1777041641000
1777041643.674,43.674,0.35,0.36,0.64,0.65,0.01,0.01,77970.3,1777041642000
1777041644.108,44.108,0.35,0.36,0.64,0.65,0.01,0.01,77970.3,1777041642000
1777041644.524,44.524,0.35,0.36,0.64,0.65,0.01,0.01,77970.23,1777041643000
1777041644.981,44.981,0.35,0.36,0.64,0.65,0.01,0.01,77970.23,1777041643000
1777041645.322,45.322,0.38,0.39,0.61,0.62,0.01,0.01,77970.23,1777041643000
1777041645.776,45.776,0.39,0.4,0.6,0.61,0.01,0.01,77969.08,1777041644000
1777041646.129,46.129,0.39,0.4,0.6,0.61,0.01,0.01,77969.08,1777041644000
1777041646.507,46.507,0.39,0.4,0.6,0.61,0.01,0.01,77969.08,1777041645000
1777041646.958,46.958,0.39,0.4,0.6,0.61,0.01,0.01,77969.08,1777041645000
1777041647.42,47.42,0.39,0.4,0.6,0.61,0.01,0.01,77974.9,1777041646000
1777041648.256,48.256,0.39,0.4,0.6,0.61,0.01,0.01,77976.02,1777041647000
1777041648.597,48.597,0.39,0.4,0.6,0.61,0.01,0.01,77976.02,1777041647000
1777041649.372,49.372,0.39,0.4,0.6,0.61,0.01,0.01,77976.44,1777041648000
1777041650.0,50.0,0.39,0.4,0.6,0.61,0.01,0.01,77976.44,1777041648000
1777041650.441,50.441,0.39,0.41,0.6,0.61,0.02,0.01,77976.91,1777041649000
1777041650.841,50.841,0.4,0.41,0.59,0.6,0.01,0.01,77976.91,1777041649000
1777041651.272,51.272,0.4,0.41,0.58,0.6,0.01,0.02,77978.15,1777041650000
1777041651.76,51.76,0.4,0.41,0.59,0.6,0.01,0.01,77978.15,1777041650000
1777041652.165,52.165,0.41,0.42,0.58,0.59,0.01,0.01,77978.15,1777041650000
1777041652.553,52.553,0.42,0.43,0.57,0.58,0.01,0.01,77983.68,1777041651000
1777041653.302,53.302,0.42,0.43,0.57,0.58,0.01,0.01,77983.68,1777041651000
1777041653.736,53.736,0.47,0.48,0.53,0.57,0.01,0.04,77986.51,1777041652000
1777041654.071,54.071,0.47,0.48,0.52,0.53,0.01,0.01,77986.88,1777041653000
1777041654.489,54.489,0.47,0.48,0.52,0.53,0.01,0.01,77986.88,1777041653000
1777041654.884,54.884,0.47,0.48,0.52,0.53,0.01,0.01,77986.88,1777041653000
1777041655.28,55.28,0.41,0.44,0.56,0.59,0.03,0.03,77992.56,1777041654000
1777041655.683,55.683,0.42,0.43,0.57,0.58,0.01,0.01,77992.56,1777041654000
1777041656.069,56.069,0.41,0.43,0.57,0.58,0.02,0.01,77992.56,1777041654000
1777041656.445,56.445,0.42,0.43,0.57,0.58,0.01,0.01,77991.24,1777041655000
1777041656.958,56.958,0.42,0.43,0.57,0.58,0.01,0.01,77991.24,1777041655000
1777041657.423,57.423,0.42,0.43,0.57,0.58,0.01,0.01,77991.24,1777041655000
1777041657.816,57.816,0.42,0.43,0.57,0.58,0.01,0.01,77985.46,1777041656000
1777041658.268,58.268,0.41,0.43,0.57,0.58,0.02,0.01,77985.46,1777041656000
1777041658.972,58.972,0.41,0.42,0.58,0.59,0.01,0.01,77985.52,1777041658000
1777041659.366,59.366,0.41,0.42,0.58,0.59,0.01,0.01,77985.52,1777041658000
1777041659.706,59.706,0.4,0.42,0.58,0.59,0.02,0.01,77985.52,1777041658000
1777041660.054,60.054,0.4,0.42,0.58,0.6,0.02,0.02,77985.57,1777041659000
1777041660.413,60.413,0.4,0.41,0.58,0.6,0.01,0.02,77985.57,1777041659000
1777041660.829,60.829,0.4,0.41,0.59,0.6,0.01,0.01,77985.57,1777041659000
1777041661.232,61.232,0.4,0.41,0.59,0.6,0.01,0.01,77985.28,1777041660000
1777041661.593,61.593,0.4,0.41,0.59,0.6,0.01,0.01,77985.28,1777041660000
1777041662.352,62.352,0.39,0.41,0.59,0.61,0.02,0.02,77984.66,1777041661000
1777041662.933,62.933,0.39,0.4,0.6,0.61,0.01,0.01,77984.66,1777041661000
1777041663.476,63.476,0.39,0.4,0.6,0.61,0.01,0.01,77983.61,1777041662000
1777041663.81,63.81,0.39,0.4,0.6,0.61,0.01,0.01,77983.61,1777041662000
1777041664.19,64.19,0.39,0.4,0.6,0.61,0.01,0.01,77983.61,1777041662000
1777041665.127,65.127,0.4,0.41,0.59,0.61,0.01,0.02,77982.2,1777041663000
1777041665.487,65.487,0.4,0.41,0.58,0.6,0.01,0.02,77981.86,1777041664000
1777041665.834,65.834,0.4,0.41,0.59,0.6,0.01,0.01,77981.86,1777041664000
1777041666.362,66.362,0.4,0.41,0.59,0.6,0.01,0.01,77981.86,1777041664000
1777041667.024,67.024,0.39,0.4,0.59,0.6,0.01,0.01,77983.02,1777041665000
1777041667.475,67.475,0.38,0.39,0.61,0.62,0.01,0.01,77983.02,1777041665000
1777041668.139,68.139,0.38,0.39,0.61,0.62,0.01,0.01,77981.59,1777041667000
1777041668.572,68.572,0.37,0.39,0.61,0.63,0.02,0.02,77981.59,1777041667000
1777041669.045,69.045,0.38,0.39,0.61,0.62,0.01,0.01,77982.04,1777041668000
1777041669.496,69.496,0.38,0.39,0.61,0.62,0.01,0.01,77982.04,1777041668000
1777041669.929,69.929,0.38,0.39,0.61,0.62,0.01,0.01,77982.04,1777041668000
1777041670.34,70.34,0.38,0.39,0.61,0.62,0.01,0.01,77981.55,1777041669000
1777041671.253,71.253,0.38,0.39,0.61,0.62,0.01,0.01,77981.87,1777041670000
1777041671.964,71.964,0.38,0.4,0.6,0.62,0.02,0.02,77981.98,1777041671000
1777041672.93,72.93,0.38,0.4,0.6,0.61,0.02,0.01,77981.98,1777041671000
1777041673.681,73.681,0.38,0.39,0.6,0.62,0.01,0.02,77983.26,1777041672000
1777041674.169,74.169,0.37,0.39,0.61,0.63,0.02,0.02,77983.26,1777041672000
1777041674.551,74.551,0.37,0.38,0.62,0.63,0.01,0.01,77983.02,1777041673000
1777041674.977,74.977,0.37,0.38,0.62,0.63,0.01,0.01,77983.02,1777041673000
1777041675.341,75.341,0.37,0.38,0.62,0.63,0.01,0.01,77981.53,1777041674000
1777041675.943,75.943,0.37,0.38,0.62,0.63,0.01,0.01,77981.53,1777041674000
1777041676.276,76.276,0.34,0.38,0.62,0.66,0.04,0.04,77981.26,1777041675000
1777041676.717,76.717,0.33,0.34,0.66,0.67,0.01,0.01,77981.26,1777041675000
1777041677.056,77.056,0.32,0.34,0.66,0.68,0.02,0.02,77981.26,1777041675000
1777041677.424,77.424,0.3,0.32,0.68,0.7,0.02,0.02,77980.85,1777041676000
1777041677.783,77.783,0.27,0.28,0.72,0.73,0.01,0.01,77980.85,1777041676000
1777041678.158,78.158,0.26,0.28,0.73,0.74,0.02,0.01,77980.85,1777041676000
1777041678.517,78.517,0.26,0.29,0.73,0.74,0.03,0.01,77969.55,1777041677000
1777041678.969,78.969,0.26,0.27,0.73,0.74,0.01,0.01,77969.55,1777041677000
1777041679.442,79.442,0.26,0.27,0.73,0.74,0.01,0.01,77969.55,1777041677000
1777041679.848,79.848,0.26,0.27,0.73,0.74,0.01,0.01,77952.8,1777041678000
1777041680.375,80.375,0.26,0.27,0.73,0.74,0.01,0.01,77952.55,1777041679000
1777041680.806,80.806,0.26,0.27,0.73,0.74,0.01,0.01,77952.55,1777041679000
1777041681.16,81.16,0.26,0.27,0.73,0.74,0.01,0.01,77952.51,1777041680000
1777041681.867,81.867,0.26,0.27,0.73,0.74,0.01,0.01,77952.51,1777041680000
1777041682.248,82.248,0.24,0.25,0.74,0.76,0.01,0.02,77951.74,1777041681000
1777041682.649,82.649,0.24,0.25,0.75,0.76,0.01,0.01,77951.74,1777041681000
1777041683.102,83.102,0.24,0.25,0.75,0.76,0.01,0.01,77951.74,1777041681000
1777041683.47,83.47,0.24,0.25,0.75,0.76,0.01,0.01,77951.96,1777041682000
1777041683.816,83.816,0.24,0.25,0.75,0.76,0.01,0.01,77951.96,1777041682000
1777041684.223,84.223,0.24,0.25,0.75,0.76,0.01,0.01,77947.87,1777041683000
1777041684.565,84.565,0.24,0.25,0.75,0.76,0.01,0.01,77947.87,1777041683000
1777041684.905,84.905,0.24,0.25,0.75,0.76,0.01,0.01,77947.87,1777041683000
1777041685.243,85.243,0.24,0.25,0.75,0.76,0.01,0.01,77947.87,1777041683000
1777041685.68,85.68,0.25,0.26,0.74,0.75,0.01,0.01,77947.46,1777041684000
1777041686.203,86.203,0.24,0.26,0.74,0.75,0.02,0.01,77947.46,1777041684000
1777041686.573,86.573,0.24,0.25,0.75,0.76,0.01,0.01,77948.16,1777041685000
1777041686.948,86.948,0.24,0.25,0.75,0.76,0.01,0.01,77948.16,1777041685000
1777041687.356,87.356,0.24,0.25,0.75,0.76,0.01,0.01,77948.16,1777041685000
1777041687.926,87.926,0.24,0.25,0.75,0.76,0.01,0.01,77949.36,1777041686000
1777041688.4,88.4,0.24,0.25,0.75,0.76,0.01,0.01,77949.36,1777041686000
1777041688.736,88.736,0.24,0.25,0.75,0.76,0.01,0.01,77948.76,1777041687000
1777041689.503,89.503,0.24,0.25,0.75,0.76,0.01,0.01,77948.76,1777041687000
1777041689.884,89.884,0.24,0.25,0.75,0.76,0.01,0.01,77948.76,1777041687000
1777041690.219,90.219,0.24,0.25,0.75,0.76,0.01,0.01,77948.67,1777041688000
1777041690.556,90.556,0.24,0.25,0.75,0.76,0.01,0.01,77948.67,1777041688000
1777041690.976,90.976,0.24,0.25,0.75,0.76,0.01,0.01,77948.41,1777041689000
1777041691.328,91.328,0.24,0.25,0.75,0.76,0.01,0.01,77948.41,1777041689000
1777041692.019,92.019,0.24,0.25,0.75,0.76,0.01,0.01,77949.17,1777041690000
1777041692.411,92.411,0.23,0.25,0.75,0.76,0.02,0.01,77949.17,1777041690000
1777041692.802,92.802,0.23,0.25,0.75,0.77,0.02,0.02,77949.72,1777041691000
1777041693.216,93.216,0.23,0.24,0.76,0.77,0.01,0.01,77949.72,1777041691000
1777041693.79,93.79,0.23,0.24,0.76,0.77,0.01,0.01,77949.75,1777041692000
1777041694.123,94.123,0.23,0.24,0.76,0.77,0.01,0.01,77949.75,1777041692000
1777041694.557,94.557,0.23,0.24,0.76,0.77,0.01,0.01,77949.96,1777041693000
1777041695.149,95.149,0.23,0.24,0.75,0.77,0.01,0.02,77949.96,1777041693000
1777041695.527,95.527,0.23,0.24,0.76,0.77,0.01,0.01,77948.71,1777041694000
1777041696.142,96.142,0.23,0.24,0.76,0.77,0.01,0.01,77949.13,1777041695000
1777041696.596,96.596,0.23,0.24,0.76,0.77,0.01,0.01,77949.13,1777041695000
1777041697.25,97.25,0.23,0.24,0.76,0.77,0.01,0.01,77949.13,1777041695000
1777041697.592,97.592,0.2,0.22,0.78,0.8,0.02,0.02,77949.88,1777041696000
1777041698.007,98.007,0.19,0.2,0.8,0.81,0.01,0.01,77949.88,1777041696000
1777041698.496,98.496,0.19,0.2,0.8,0.81,0.01,0.01,77950.27,1777041697000
1777041698.838,98.838,0.19,0.2,0.8,0.81,0.01,0.01,77950.27,1777041697000
1777041699.177,99.177,0.19,0.2,0.8,0.81,0.01,0.01,77950.27,1777041697000
1777041699.551,99.551,0.19,0.2,0.8,0.81,0.01,0.01,77938.56,1777041698000
1777041699.923,99.923,0.19,0.2,0.8,0.81,0.01,0.01,77938.56,1777041698000
1777041700.737,100.737,0.19,0.2,0.8,0.81,0.01,0.01,77938.56,1777041698000
1777041701.324,101.324,0.19,0.2,0.8,0.81,0.01,0.01,77938.56,1777041698000
1777041701.737,101.737,0.18,0.2,0.8,0.82,0.02,0.02,77938.56,1777041698000
1777041702.182,102.182,0.19,0.2,0.8,0.81,0.01,0.01,77937.06,1777041699000
1777041702.548,102.548,0.19,0.2,0.8,0.81,0.01,0.01,77935.55,1777041701000
1777041703.231,103.231,0.19,0.2,0.8,0.82,0.01,0.02,77935.55,1777041701000
1777041703.624,103.624,0.19,0.2,0.8,0.81,0.01,0.01,77935.74,1777041702000
1777041704.018,104.018,0.18,0.19,0.8,0.81,0.01,0.01,77935.74,1777041702000
1777041704.404,104.404,0.18,0.19,0.81,0.82,0.01,0.01,77935.42,1777041703000
1777041704.793,104.793,0.18,0.19,0.81,0.82,0.01,0.01,77935.42,1777041703000
1777041705.467,105.467,0.18,0.19,0.81,0.82,0.01,0.01,77935.42,1777041703000
1777041705.958,105.958,0.18,0.19,0.81,0.82,0.01,0.01,77935.52,1777041704000
1777041706.292,106.292,0.18,0.2,0.81,0.82,0.02,0.01,77935.52,1777041704000
1777041706.721,106.721,0.21,0.22,0.78,0.79,0.01,0.01,77935.29,1777041705000
1777041707.067,107.067,0.2,0.22,0.78,0.8,0.02,0.02,77935.29,1777041705000
1777041707.458,107.458,0.19,0.22,0.78,0.81,0.03,0.03,77937.5,1777041706000
1777041707.796,107.796,0.19,0.21,0.79,0.81,0.02,0.02,77937.5,1777041706000
1777041708.3,108.3,0.2,0.21,0.79,0.8,0.01,0.01,77937.5,1777041706000
1777041708.646,108.646,0.19,0.21,0.79,0.8,0.02,0.01,77938.1,1777041707000
1777041709.025,109.025,0.19,0.2,0.8,0.81,0.01,0.01,77937.32,1777041708000
1777041709.977,109.977,0.18,0.2,0.8,0.81,0.02,0.01,77937.32,1777041708000
1777041710.389,110.389,0.18,0.19,0.81,0.82,0.01,0.01,77936.53,1777041709000
1777041710.754,110.754,0.17,0.18,0.81,0.82,0.01,0.01,77936.53,1777041709000
1777041711.154,111.154,0.17,0.18,0.82,0.83,0.01,0.01,77936.53,1777041709000
1777041711.6,111.6,0.17,0.18,0.82,0.83,0.01,0.01,77934.5,1777041710000
1777041712.141,112.141,0.17,0.18,0.82,0.83,0.01,0.01,77934.5,1777041710000
1777041712.511,112.511,0.16,0.17,0.83,0.84,0.01,0.01,77934.5,1777041710000
1777041712.965,112.965,0.16,0.17,0.83,0.84,0.01,0.01,77931.77,1777041711000
1777041713.493,113.493,0.15,0.16,0.84,0.85,0.01,0.01,77931.45,1777041712000
1777041714.019,114.019,0.15,0.16,0.84,0.85,0.01,0.01,77931.45,1777041712000
1777041714.361,114.361,0.15,0.16,0.84,0.85,0.01,0.01,77923.74,1777041713000
1777041714.771,114.771,0.15,0.16,0.84,0.85,0.01,0.01,77923.74,1777041713000
1777041715.206,115.206,0.15,0.16,0.84,0.85,0.01,0.01,77923.74,1777041713000
1777041715.803,115.803,0.15,0.16,0.84,0.85,0.01,0.01,77923.63,1777041714000
1777041716.176,116.176,0.15,0.16,0.84,0.85,0.01,0.01,77923.63,1777041714000
1777041716.569,116.569,0.15,0.16,0.84,0.85,0.01,0.01,77925.74,1777041715000
1777041717.039,117.039,0.15,0.16,0.84,0.85,0.01,0.01,77925.96,1777041716000
1777041717.391,117.391,0.15,0.16,0.84,0.85,0.01,0.01,77925.96,1777041716000
1777041717.736,117.736,0.15,0.16,0.84,0.85,0.01,0.01,77925.96,1777041716000
1777041718.302,118.302,0.16,0.17,0.83,0.84,0.01,0.01,77925.96,1777041716000
1777041718.682,118.682,0.17,0.18,0.82,0.83,0.01,0.01,77925.96,1777041716000
1777041719.067,119.067,0.17,0.18,0.82,0.83,0.01,0.01,77926.03,1777041717000
1777041719.421,119.421,0.17,0.18,0.82,0.83,0.01,0.01,77926.51,1777041718000
1777041719.763,119.763,0.17,0.18,0.82,0.83,0.01,0.01,77926.51,1777041718000
1777041720.134,120.134,0.17,0.18,0.82,0.83,0.01,0.01,77926.51,1777041718000
1777041720.588,120.588,0.17,0.18,0.82,0.83,0.01,0.01,77932.84,1777041719000
1777041720.933,120.933,0.18,0.19,0.81,0.83,0.01,0.02,77932.84,1777041719000
1777041721.339,121.339,0.21,0.22,0.78,0.79,0.01,0.01,77934.72,1777041720000
1777041721.694,121.694,0.21,0.22,0.78,0.79,0.01,0.01,77934.72,1777041720000
1777041722.067,122.067,0.2,0.21,0.79,0.8,0.01,0.01,77934.72,1777041720000
1777041722.431,122.431,0.19,0.2,0.8,0.81,0.01,0.01,77934.64,1777041721000
1777041722.81,122.81,0.19,0.2,0.8,0.81,0.01,0.01,77934.64,1777041721000
1777041723.233,123.233,0.19,0.2,0.8,0.81,0.01,0.01,77934.64,1777041721000
1777041723.67,123.67,0.19,0.2,0.8,0.81,0.01,0.01,77940.9,1777041722000
1777041724.265,124.265,0.17,0.19,0.81,0.83,0.02,0.02,77938.04,1777041723000
1777041724.933,124.933,0.17,0.18,0.82,0.83,0.01,0.01,77938.04,1777041723000
1777041725.281,125.281,0.16,0.18,0.82,0.84,0.02,0.02,77937.78,1777041724000
1777041725.646,125.646,0.16,0.17,0.83,0.84,0.01,0.01,77937.78,1777041724000
1777041726.068,126.068,0.15,0.16,0.84,0.85,0.01,0.01,77937.78,1777041724000
1777041726.449,126.449,0.15,0.16,0.84,0.85,0.01,0.01,77927.97,1777041725000
1777041727.07,127.07,0.14,0.15,0.84,0.86,0.01,0.02,77927.97,1777041725000
1777041727.431,127.431,0.16,0.17,0.83,0.84,0.01,0.01,77924.45,1777041726000
1777041727.767,127.767,0.16,0.19,0.81,0.84,0.03,0.03,77924.45,1777041726000
1777041728.122,128.122,0.19,0.2,0.8,0.82,0.01,0.02,77924.45,1777041726000
1777041728.526,128.526,0.19,0.2,0.8,0.81,0.01,0.01,77925.14,1777041727000
1777041728.943,128.943,0.19,0.2,0.8,0.81,0.01,0.01,77925.14,1777041727000
1777041729.292,129.292,0.2,0.21,0.79,0.8,0.01,0.01,77931.57,1777041728000
1777041729.654,129.654,0.2,0.21,0.79,0.8,0.01,0.01,77931.57,1777041728000
1777041730.262,130.262,0.2,0.21,0.79,0.8,0.01,0.01,77935.19,1777041729000
1777041730.612,130.612,0.2,0.21,0.79,0.8,0.01,0.01,77935.19,1777041729000
1777041731.08,131.08,0.2,0.21,0.79,0.8,0.01,0.01,77935.19,1777041729000
1777041731.519,131.519,0.2,0.21,0.79,0.8,0.01,0.01,77935.19,1777041729000
1777041731.859,131.859,0.2,0.21,0.79,0.8,0.01,0.01,77939.33,1777041730000
1777041732.232,132.232,0.22,0.23,0.77,0.78,0.01,0.01,77939.33,1777041730000
1777041732.608,132.608,0.22,0.23,0.77,0.78,0.01,0.01,77939.02,1777041731000
1777041732.988,132.988,0.22,0.23,0.77,0.78,0.01,0.01,77939.02,1777041731000
1777041733.875,133.875,0.22,0.23,0.77,0.78,0.01,0.01,77943.34,1777041732000
1777041734.27,134.27,0.24,0.26,0.74,0.77,0.02,0.03,77943.34,1777041732000
1777041734.638,134.638,0.25,0.26,0.74,0.75,0.01,0.01,77946.17,1777041733000
1777041735.22,135.22,0.25,0.26,0.74,0.75,0.01,0.01,77946.86,1777041734000
1777041736.218,136.218,0.25,0.26,0.74,0.75,0.01,0.01,77946.86,1777041734000
1777041736.597,136.597,0.28,0.29,0.7,0.72,0.01,0.02,77951.38,1777041735000
1777041736.937,136.937,0.28,0.29,0.71,0.72,0.01,0.01,77951.38,1777041735000
1777041737.276,137.276,0.3,0.32,0.68,0.7,0.02,0.02,77951.38,1777041735000
1777041737.609,137.609,0.31,0.32,0.68,0.69,0.01,0.01,77961.17,1777041736000
1777041737.949,137.949,0.31,0.32,0.68,0.69,0.01,0.01,77961.17,1777041736000
1777041738.343,138.343,0.32,0.33,0.67,0.68,0.01,0.01,77967.81,1777041737000
1777041738.774,138.774,0.32,0.33,0.67,0.68,0.01,0.01,77967.81,1777041737000
1777041739.117,139.117,0.32,0.33,0.67,0.68,0.01,0.01,77967.81,1777041737000
1777041739.528,139.528,0.32,0.33,0.67,0.68,0.01,0.01,77971.51,1777041738000
1777041739.875,139.875,0.32,0.33,0.67,0.68,0.01,0.01,77971.51,1777041738000
1777041740.243,140.243,0.32,0.33,0.67,0.68,0.01,0.01,77971.51,1777041738000
1777041740.655,140.655,0.32,0.33,0.67,0.68,0.01,0.01,77972.23,1777041739000
1777041741.032,141.032,0.32,0.33,0.67,0.68,0.01,0.01,77973.14,1777041740000
1777041741.392,141.392,0.32,0.33,0.67,0.68,0.01,0.01,77973.14,1777041740000
1777041741.794,141.794,0.32,0.33,0.67,0.68,0.01,0.01,77973.14,1777041740000
1777041742.18,142.18,0.32,0.33,0.67,0.68,0.01,0.01,77972.71,1777041741000
1777041742.622,142.622,0.32,0.33,0.67,0.68,0.01,0.01,77972.71,1777041741000
1777041742.96,142.96,0.32,0.33,0.67,0.68,0.01,0.01,77972.71,1777041741000
1777041743.436,143.436,0.32,0.33,0.67,0.68,0.01,0.01,77974.16,1777041742000
1777041743.91,143.91,0.31,0.32,0.68,0.69,0.01,0.01,77974.16,1777041742000
1777041744.402,144.402,0.31,0.32,0.68,0.69,0.01,0.01,77972.76,1777041743000
1777041744.787,144.787,0.31,0.32,0.68,0.69,0.01,0.01,77972.76,1777041743000
1777041745.162,145.162,0.31,0.32,0.68,0.69,0.01,0.01,77972.68,1777041744000
1777041745.504,145.504,0.31,0.32,0.68,0.69,0.01,0.01,77972.68,1777041744000
1777041745.837,145.837,0.31,0.32,0.68,0.69,0.01,0.01,77972.68,1777041744000
1777041746.564,146.564,0.3,0.31,0.68,0.69,0.01,0.01,77972.68,1777041744000
1777041746.962,146.962,0.3,0.31,0.69,0.7,0.01,0.01,77972.68,1777041744000
1777041747.403,147.403,0.3,0.31,0.69,0.7,0.01,0.01,77972.68,1777041744000
1777041747.776,147.776,0.3,0.31,0.69,0.7,0.01,0.01,77973.8,1777041746000
1777041748.168,148.168,0.3,0.31,0.69,0.7,0.01,0.01,77973.43,1777041747000
1777041748.502,148.502,0.3,0.31,0.69,0.7,0.01,0.01,77973.43,1777041747000
1777041748.936,148.936,0.31,0.32,0.68,0.7,0.01,0.02,77973.43,1777041747000
1777041749.297,149.297,0.31,0.32,0.68,0.69,0.01,0.01,77973.43,1777041747000
1777041749.745,149.745,0.31,0.32,0.68,0.69,0.01,0.01,77973.43,1777041747000
1777041750.491,150.491,0.3,0.31,0.68,0.69,0.01,0.01,77973.43,1777041748000
1777041750.831,150.831,0.3,0.31,0.69,0.7,0.01,0.01,77974.48,1777041749000
1777041751.323,151.323,0.31,0.32,0.68,0.7,0.01,0.02,77974.48,1777041749000
1777041751.676,151.676,0.31,0.32,0.68,0.69,0.01,0.01,77974.81,1777041750000
1777041752.14,152.14,0.31,0.32,0.68,0.69,0.01,0.01,77974.81,1777041750000
1777041752.549,152.549,0.31,0.32,0.68,0.69,0.01,0.01,77974.09,1777041751000
1777041753.133,153.133,0.31,0.32,0.68,0.69,0.01,0.01,77974.09,1777041751000
1777041753.5,153.5,0.3,0.31,0.69,0.7,0.01,0.01,77974.09,1777041751000
1777041753.901,153.901,0.3,0.31,0.69,0.7,0.01,0.01,77974.75,1777041752000
1777041754.59,154.59,0.3,0.31,0.69,0.7,0.01,0.01,77974.75,1777041752000
1777041755.135,155.135,0.3,0.31,0.69,0.7,0.01,0.01,77974.6,1777041753000
1777041755.488,155.488,0.31,0.32,0.69,0.7,0.01,0.01,77973.48,1777041754000
1777041755.915,155.915,0.31,0.32,0.68,0.69,0.01,0.01,77973.48,1777041754000
1777041756.254,156.254,0.34,0.35,0.65,0.66,0.01,0.01,77973.45,1777041755000
1777041756.695,156.695,0.34,0.35,0.65,0.66,0.01,0.01,77973.45,1777041755000
1777041757.031,157.031,0.32,0.33,0.66,0.68,0.01,0.02,77973.45,1777041755000
1777041757.452,157.452,0.31,0.33,0.67,0.68,0.02,0.01,77973.45,1777041755000
1777041757.796,157.796,0.31,0.32,0.68,0.69,0.01,0.01,77975.94,1777041756000
1777041758.384,158.384,0.31,0.32,0.68,0.69,0.01,0.01,77975.94,1777041756000
1777041758.896,158.896,0.31,0.32,0.68,0.69,0.01,0.01,77975.94,1777041756000
1777041759.408,159.408,0.31,0.32,0.68,0.69,0.01,0.01,77975.94,1777041756000
1777041759.893,159.893,0.31,0.32,0.68,0.69,0.01,0.01,77975.94,1777041756000
1777041760.229,160.229,0.26,0.29,0.71,0.74,0.03,0.03,77975.94,1777041756000
1777041760.61,160.61,0.24,0.25,0.75,0.76,0.01,0.01,77975.94,1777041756000
1777041761.042,161.042,0.24,0.25,0.75,0.76,0.01,0.01,77975.94,1777041756000
1777041761.412,161.412,0.23,0.24,0.75,0.77,0.01,0.02,77975.94,1777041756000
1777041761.888,161.888,0.23,0.24,0.76,0.77,0.01,0.01,77975.94,1777041756000
1777041762.309,162.309,0.23,0.24,0.76,0.77,0.01,0.01,77975.94,1777041756000
1777041762.707,162.707,0.23,0.24,0.76,0.77,0.01,0.01,77975.94,1777041756000
1777041763.297,163.297,0.23,0.24,0.76,0.77,0.01,0.01,77975.94,1777041756000
1777041763.649,163.649,0.23,0.24,0.76,0.77,0.01,0.01,77975.94,1777041756000
1777041764.312,164.312,0.23,0.24,0.76,0.77,0.01,0.01,77975.94,1777041756000
1777041764.655,164.655,0.23,0.24,0.76,0.77,0.01,0.01,77975.94,1777041756000
1777041765.115,165.115,0.23,0.24,0.76,0.77,0.01,0.01,77975.94,1777041756000
1777041765.536,165.536,0.2,0.21,0.76,0.77,0.01,0.01,77975.94,1777041756000
1777041765.888,165.888,0.2,0.21,0.79,0.8,0.01,0.01,77975.94,1777041756000
1777041766.238,166.238,0.21,0.22,0.78,0.79,0.01,0.01,77965.54,1777041764000
1777041766.645,166.645,0.21,0.22,0.78,0.79,0.01,0.01,77966.01,1777041765000
1777041766.997,166.997,0.21,0.22,0.78,0.79,0.01,0.01,77964.81,1777041766000
1777041767.53,167.53,0.22,0.23,0.78,0.79,0.01,0.01,77964.81,1777041766000
1777041768.109,168.109,0.22,0.23,0.77,0.78,0.01,0.01,77962.92,1777041767000
1777041768.56,168.56,0.23,0.24,0.76,0.77,0.01,0.01,77962.92,1777041767000
1777041769.253,169.253,0.23,0.24,0.76,0.77,0.01,0.01,77962.13,1777041768000
1777041769.614,169.614,0.23,0.24,0.76,0.77,0.01,0.01,77962.13,1777041768000
1777041770.151,170.151,0.24,0.25,0.75,0.77,0.01,0.02,77962.13,1777041768000
1777041770.704,170.704,0.23,0.25,0.75,0.76,0.02,0.01,77963.88,1777041769000
1777041771.309,171.309,0.23,0.24,0.76,0.77,0.01,0.01,77963.88,1777041769000
1777041771.711,171.711,0.22,0.23,0.77,0.78,0.01,0.01,77964.39,1777041770000
1777041772.048,172.048,0.22,0.23,0.77,0.78,0.01,0.01,77964.39,1777041771000
1777041772.618,172.618,0.21,0.22,0.77,0.79,0.01,0.02,77964.39,1777041771000
1777041772.994,172.994,0.21,0.22,0.78,0.79,0.01,0.01,77964.39,1777041771000
1777041773.353,173.353,0.21,0.22,0.78,0.79,0.01,0.01,77963.23,1777041772000
1777041773.799,173.799,0.21,0.22,0.78,0.79,0.01,0.01,77963.23,1777041772000
1777041774.149,174.149,0.21,0.22,0.78,0.79,0.01,0.01,77963.23,1777041772000
1777041774.577,174.577,0.22,0.23,0.77,0.78,0.01,0.01,77963.23,1777041773000
1777041775.173,175.173,0.22,0.23,0.77,0.78,0.01,0.01,77963.23,1777041773000
1777041776.018,176.018,0.22,0.23,0.77,0.78,0.01,0.01,77964.62,1777041774000
1777041776.391,176.391,0.22,0.23,0.77,0.78,0.01,0.01,77965.27,1777041775000
1777041776.835,176.835,0.22,0.23,0.77,0.78,0.01,0.01,77965.27,1777041775000
1777041777.217,177.217,0.22,0.23,0.77,0.78,0.01,0.01,77965.27,1777041775000
1777041777.69,177.69,0.22,0.23,0.77,0.78,0.01,0.01,77965.29,1777041776000
1777041778.16,178.16,0.19,0.2,0.8,0.82,0.01,0.02,77965.29,1777041776000
1777041778.581,178.581,0.19,0.2,0.8,0.81,0.01,0.01,77962.93,1777041777000
1777041778.926,178.926,0.18,0.19,0.81,0.82,0.01,0.01,77962.85,1777041778000
1777041779.305,179.305,0.18,0.19,0.81,0.82,0.01,0.01,77962.85,1777041778000
1777041779.706,179.706,0.18,0.19,0.81,0.82,0.01,0.01,77962.85,1777041778000
1777041780.862,180.862,0.18,0.19,0.81,0.82,0.01,0.01,77958.77,1777041779000
1777041781.427,181.427,0.18,0.19,0.81,0.82,0.01,0.01,77958.77,1777041779000
1777041781.795,181.795,0.17,0.19,0.81,0.83,0.02,0.02,77958.77,1777041780000
1777041782.279,182.279,0.16,0.17,0.83,0.84,0.01,0.01,77958.77,1777041780000
1777041782.629,182.629,0.16,0.17,0.83,0.84,0.01,0.01,77957.85,1777041781000
1777041783.059,183.059,0.16,0.17,0.83,0.84,0.01,0.01,77957.85,1777041781000
1777041783.645,183.645,0.16,0.18,0.83,0.84,0.02,0.01,77957.06,1777041782000
1777041784.004,184.004,0.23,0.26,0.74,0.83,0.03,0.09,77957.06,1777041782000
1777041784.347,184.347,0.25,0.28,0.72,0.75,0.03,0.03,77957.06,1777041782000
1777041784.7,184.7,0.27,0.28,0.72,0.73,0.01,0.01,77957.06,1777041782000
1777041785.145,185.145,0.28,0.29,0.71,0.72,0.01,0.01,77956.14,1777041783000
1777041785.498,185.498,0.28,0.29,0.71,0.72,0.01,0.01,77956.14,1777041783000
1777041786.302,186.302,0.28,0.29,0.71,0.72,0.01,0.01,77963.85,1777041784000
1777041786.679,186.679,0.28,0.29,0.71,0.72,0.01,0.01,77972.7,1777041785000
1777041787.117,187.117,0.27,0.28,0.72,0.74,0.01,0.02,77972.7,1777041785000
1777041787.537,187.537,0.26,0.27,0.73,0.74,0.01,0.01,77972.7,1777041785000
1777041788.011,188.011,0.26,0.27,0.73,0.74,0.01,0.01,77973.9,1777041786000
1777041788.383,188.383,0.26,0.27,0.73,0.74,0.01,0.01,77973.9,1777041786000
1777041788.764,188.764,0.26,0.27,0.73,0.74,0.01,0.01,77973.86,1777041787000
1777041789.184,189.184,0.27,0.31,0.69,0.73,0.04,0.04,77973.99,1777041788000
1777041789.623,189.623,0.29,0.3,0.7,0.71,0.01,0.01,77973.99,1777041788000
1777041790.022,190.022,0.29,0.3,0.7,0.71,0.01,0.01,77973.99,1777041788000
1777041790.494,190.494,0.29,0.3,0.7,0.71,0.01,0.01,77973.99,1777041788000
1777041790.873,190.873,0.3,0.31,0.69,0.7,0.01,0.01,77975.32,1777041789000
1777041791.501,191.501,0.3,0.31,0.69,0.7,0.01,0.01,77976.09,1777041790000
1777041791.961,191.961,0.3,0.31,0.69,0.7,0.01,0.01,77976.09,1777041790000
1777041792.308,192.308,0.3,0.31,0.69,0.7,0.01,0.01,77976.67,1777041791000
1777041792.744,192.744,0.3,0.31,0.69,0.7,0.01,0.01,77976.67,1777041791000
1777041793.244,193.244,0.3,0.31,0.69,0.7,0.01,0.01,77976.67,1777041791000
1777041793.607,193.607,0.3,0.31,0.69,0.7,0.01,0.01,77977.36,1777041792000
1777041793.952,193.952,0.29,0.3,0.69,0.71,0.01,0.02,77977.36,1777041792000
1777041794.325,194.325,0.29,0.33,0.67,0.71,0.04,0.04,77977.45,1777041793000
1777041794.664,194.664,0.31,0.32,0.67,0.69,0.01,0.02,77977.45,1777041793000
1777041795.02,195.02,0.31,0.32,0.68,0.69,0.01,0.01,77977.45,1777041793000
1777041795.359,195.359,0.32,0.34,0.66,0.69,0.02,0.03,77977.45,1777041793000
1777041795.763,195.763,0.33,0.34,0.66,0.67,0.01,0.01,77979.66,1777041794000
1777041796.184,196.184,0.32,0.33,0.66,0.68,0.01,0.02,77979.66,1777041794000
1777041796.59,196.59,0.31,0.32,0.67,0.69,0.01,0.02,77980.27,1777041795000
1777041796.934,196.934,0.31,0.32,0.68,0.69,0.01,0.01,77980.27,1777041795000
1777041797.717,197.717,0.31,0.32,0.68,0.69,0.01,0.01,77981.65,1777041796000
1777041798.125,198.125,0.31,0.32,0.68,0.69,0.01,0.01,77981.65,1777041796000
1777041798.579,198.579,0.37,0.38,0.6,0.67,0.01,0.07,77981.65,1777041796000
1777041799.009,199.009,0.39,0.4,0.6,0.61,0.01,0.01,77981.97,1777041798000
1777041799.432,199.432,0.4,0.41,0.59,0.61,0.01,0.02,77981.97,1777041798000
1777041799.787,199.787,0.41,0.44,0.57,0.59,0.03,0.02,77981.97,1777041798000
1777041800.156,200.156,0.42,0.44,0.56,0.58,0.02,0.02,77987.97,1777041799000
1777041800.538,200.538,0.43,0.44,0.56,0.57,0.01,0.01,77987.97,1777041799000
1777041801.012,201.012,0.43,0.44,0.56,0.57,0.01,0.01,77987.97,1777041799000
1777041801.673,201.673,0.43,0.44,0.56,0.57,0.01,0.01,77992.85,1777041800000
1777041802.012,202.012,0.43,0.44,0.56,0.57,0.01,0.01,77992.85,1777041800000
1777041802.345,202.345,0.43,0.44,0.56,0.57,0.01,0.01,77992.85,1777041800000
1777041802.733,202.733,0.43,0.44,0.56,0.57,0.01,0.01,77996.2,1777041801000
1777041803.23,203.23,0.43,0.44,0.56,0.57,0.01,0.01,77996.2,1777041801000
1777041803.641,203.641,0.42,0.43,0.57,0.58,0.01,0.01,77996.36,1777041802000
1777041804.041,204.041,0.37,0.41,0.59,0.63,0.04,0.04,77996.36,1777041802000
1777041804.587,204.587,0.37,0.38,0.62,0.63,0.01,0.01,77996.36,1777041803000
1777041804.965,204.965,0.37,0.39,0.61,0.63,0.02,0.02,77996.36,1777041803000
1777041805.547,205.547,0.36,0.37,0.61,0.64,0.01,0.03,77995.83,1777041804000
1777041805.913,205.913,0.36,0.37,0.63,0.64,0.01,0.01,77995.83,1777041804000
1777041806.371,206.371,0.36,0.37,0.63,0.64,0.01,0.01,77993.61,1777041805000
1777041806.743,206.743,0.36,0.37,0.63,0.64,0.01,0.01,77993.61,1777041805000
1777041807.186,207.186,0.36,0.37,0.63,0.64,0.01,0.01,77993.61,1777041805000
1777041807.547,207.547,0.36,0.38,0.6,0.64,0.02,0.04,77992.89,1777041806000
1777041807.894,207.894,0.39,0.4,0.6,0.61,0.01,0.01,77992.89,1777041806000
1777041808.228,208.228,0.39,0.4,0.6,0.61,0.01,0.01,77992.89,1777041806000
1777041808.661,208.661,0.39,0.4,0.6,0.61,0.01,0.01,77991.45,1777041807000
1777041809.004,209.004,0.4,0.41,0.59,0.6,0.01,0.01,77991.45,1777041807000
1777041809.384,209.384,0.4,0.41,0.59,0.6,0.01,0.01,77991.56,1777041808000
1777041809.864,209.864,0.42,0.43,0.57,0.58,0.01,0.01,77991.56,1777041808000
1777041810.35,210.35,0.42,0.43,0.57,0.58,0.01,0.01,77992.55,1777041809000
1777041810.714,210.714,0.41,0.42,0.58,0.6,0.01,0.02,77992.55,1777041809000
1777041811.072,211.072,0.39,0.4,0.6,0.61,0.01,0.01,77992.55,1777041809000
1777041811.432,211.432,0.39,0.4,0.6,0.61,0.01,0.01,77992.55,1777041809000
1777041811.853,211.853,0.39,0.4,0.6,0.61,0.01,0.01,77995.44,1777041810000
1777041812.313,212.313,0.39,0.4,0.6,0.61,0.01,0.01,77995.12,1777041811000
1777041812.715,212.715,0.39,0.4,0.6,0.61,0.01,0.01,77995.12,1777041811000
1777041813.061,213.061,0.38,0.39,0.6,0.62,0.01,0.02,77995.12,1777041811000
1777041813.52,213.52,0.38,0.39,0.61,0.62,0.01,0.01,77995.12,1777041811000
1777041813.929,213.929,0.38,0.39,0.61,0.62,0.01,0.01,77993.99,1777041812000
1777041814.287,214.287,0.38,0.39,0.61,0.62,0.01,0.01,77993.99,1777041812000
1777041814.669,214.669,0.38,0.39,0.61,0.62,0.01,0.01,77994.1,1777041813000
1777041815.088,215.088,0.38,0.39,0.61,0.62,0.01,0.01,77994.06,1777041814000
1777041815.789,215.789,0.38,0.39,0.61,0.62,0.01,0.01,77994.06,1777041814000
1777041816.212,216.212,0.38,0.39,0.61,0.62,0.01,0.01,77993.44,1777041815000
1777041817.021,217.021,0.38,0.39,0.61,0.62,0.01,0.01,77993.44,1777041815000
1777041817.402,217.402,0.37,0.38,0.61,0.63,0.01,0.02,77993.44,1777041815000
1777041818.036,218.036,0.36,0.38,0.62,0.64,0.02,0.02,77994.45,1777041817000
1777041818.565,218.565,0.36,0.37,0.63,0.64,0.01,0.01,77994.45,1777041817000
1777041818.917,218.917,0.36,0.37,0.63,0.64,0.01,0.01,77994.45,1777041817000
1777041819.273,219.273,0.36,0.37,0.63,0.64,0.01,0.01,77994.15,1777041818000
1777041819.81,219.81,0.36,0.37,0.63,0.64,0.01,0.01,77994.15,1777041818000
1777041820.285,220.285,0.36,0.37,0.63,0.64,0.01,0.01,77994.15,1777041818000
1777041820.641,220.641,0.36,0.37,0.63,0.64,0.01,0.01,77993.06,1777041819000
1777041821.355,221.355,0.38,0.39,0.61,0.64,0.01,0.03,77993.06,1777041819000
1777041821.776,221.776,0.39,0.4,0.6,0.61,0.01,0.01,77993.4,1777041820000
1777041822.232,222.232,0.39,0.4,0.6,0.61,0.01,0.01,77993.26,1777041821000
1777041822.588,222.588,0.39,0.41,0.59,0.61,0.02,0.02,77993.26,1777041821000
1777041823.118,223.118,0.41,0.42,0.58,0.59,0.01,0.01,77993.94,1777041822000
1777041823.488,223.488,0.43,0.45,0.55,0.58,0.02,0.03,77993.94,1777041822000
1777041823.831,223.831,0.44,0.45,0.55,0.57,0.01,0.02,77993.94,1777041822000
1777041824.166,224.166,0.44,0.45,0.55,0.56,0.01,0.01,77993.94,1777041822000
1777041824.511,224.511,0.44,0.5,0.5,0.56,0.06,0.06,77996.07,1777041823000
1777041824.891,224.891,0.43,0.45,0.55,0.57,0.02,0.02,77996.07,1777041823000
1777041825.235,225.235,0.4,0.45,0.55,0.6,0.05,0.05,77996.07,1777041823000
1777041825.569,225.569,0.39,0.4,0.6,0.61,0.01,0.01,77993.42,1777041824000
1777041825.906,225.906,0.35,0.37,0.63,0.65,0.02,0.02,77993.42,1777041824000
1777041826.243,226.243,0.31,0.37,0.63,0.66,0.06,0.03,77993.42,1777041824000
1777041826.665,226.665,0.32,0.35,0.67,0.68,0.03,0.01,77988.87,1777041825000
1777041827.0,227.0,0.3,0.33,0.67,0.7,0.03,0.03,77988.87,1777041825000
1777041827.334,227.334,0.29,0.33,0.67,0.71,0.04,0.04,77988.84,1777041826000
1777041827.77,227.77,0.29,0.31,0.68,0.71,0.02,0.03,77988.84,1777041826000
1777041828.162,228.162,0.28,0.3,0.7,0.71,0.02,0.01,77988.84,1777041826000
1777041828.626,228.626,0.28,0.29,0.71,0.72,0.01,0.01,77999.47,1777041827000
1777041829.002,229.002,0.28,0.29,0.69,0.72,0.01,0.03,77999.47,1777041827000
1777041829.343,229.343,0.33,0.34,0.66,0.67,0.01,0.01,78000.85,1777041828000
1777041829.734,229.734,0.33,0.39,0.61,0.67,0.06,0.06,78000.85,1777041828000
1777041830.072,230.072,0.39,0.45,0.55,0.61,0.06,0.06,78000.85,1777041828000
1777041830.418,230.418,0.44,0.45,0.55,0.61,0.01,0.06,78001.37,1777041829000
1777041830.778,230.778,0.44,0.45,0.55,0.56,0.01,0.01,78001.37,1777041829000
1777041831.115,231.115,0.39,0.4,0.6,0.61,0.01,0.01,78001.37,1777041829000
1777041831.474,231.474,0.39,0.4,0.58,0.61,0.01,0.03,78001.68,1777041830000
1777041831.885,231.885,0.39,0.4,0.6,0.61,0.01,0.01,78001.68,1777041830000
1777041832.272,232.272,0.42,0.43,0.57,0.61,0.01,0.04,78001.68,1777041830000
1777041832.701,232.701,0.42,0.43,0.57,0.58,0.01,0.01,78001.72,1777041831000
1777041833.06,233.06,0.41,0.43,0.57,0.59,0.02,0.02,78001.72,1777041831000
1777041833.536,233.536,0.42,0.43,0.57,0.58,0.01,0.01,78002.16,1777041832000
1777041833.896,233.896,0.42,0.43,0.57,0.58,0.01,0.01,78002.16,1777041832000
1777041834.296,234.296,0.41,0.43,0.57,0.59,0.02,0.02,78001.87,1777041833000
1777041834.644,234.644,0.42,0.43,0.57,0.58,0.01,0.01,78001.87,1777041833000
1777041835.144,235.144,0.42,0.43,0.57,0.58,0.01,0.01,78001.87,1777041833000
1777041836.016,236.016,0.42,0.43,0.57,0.58,0.01,0.01,78003.0,1777041834000
1777041836.419,236.419,0.42,0.43,0.57,0.58,0.01,0.01,78007.78,1777041835000
1777041836.758,236.758,0.42,0.43,0.57,0.58,0.01,0.01,78007.78,1777041835000
1777041837.13,237.13,0.43,0.44,0.56,0.58,0.01,0.02,78007.78,1777041835000
1777041837.494,237.494,0.43,0.44,0.55,0.57,0.01,0.02,78020.98,1777041836000
1777041837.856,237.856,0.44,0.45,0.55,0.57,0.01,0.02,78020.98,1777041836000
1777041838.2,238.2,0.44,0.45,0.55,0.56,0.01,0.01,78021.78,1777041837000
1777041838.644,238.644,0.44,0.45,0.55,0.56,0.01,0.01,78021.78,1777041837000
1777041838.996,238.996,0.44,0.45,0.55,0.56,0.01,0.01,78021.89,1777041838000
1777041839.366,239.366,0.44,0.46,0.55,0.56,0.02,0.01,78021.89,1777041838000
1777041839.712,239.712,0.47,0.48,0.52,0.53,0.01,0.01,78021.89,1777041838000
1777041840.085,240.085,0.47,0.48,0.52,0.53,0.01,0.01,78016.39,1777041839000
1777041840.524,240.524,0.48,0.49,0.51,0.52,0.01,0.01,78016.39,1777041839000
1777041840.875,240.875,0.48,0.53,0.47,0.52,0.05,0.05,78016.39,1777041839000
1777041841.321,241.321,0.51,0.52,0.48,0.49,0.01,0.01,78016.39,1777041839000
1777041841.655,241.655,0.51,0.52,0.48,0.49,0.01,0.01,78016.39,1777041839000
1777041841.988,241.988,0.53,0.67,0.33,0.47,0.14,0.14,78013.56,1777041840000
1777041842.326,242.326,0.67,0.69,0.31,0.33,0.02,0.02,78013.56,1777041840000
1777041842.664,242.664,0.65,0.68,0.32,0.35,0.03,0.03,78013.56,1777041840000
1777041842.999,242.999,0.65,0.66,0.32,0.35,0.01,0.03,78011.46,1777041841000
1777041843.338,243.338,0.65,0.66,0.34,0.35,0.01,0.01,78011.46,1777041841000
1777041843.672,243.672,0.59,0.65,0.35,0.41,0.06,0.06,78003.96,1777041842000
1777041844.007,244.007,0.57,0.58,0.42,0.43,0.01,0.01,78003.96,1777041842000
1777041844.341,244.341,0.57,0.58,0.42,0.43,0.01,0.01,78003.96,1777041843000
1777041844.813,244.813,0.56,0.57,0.43,0.44,0.01,0.01,78003.96,1777041843000
1777041845.159,245.159,0.56,0.57,0.43,0.44,0.01,0.01,78003.96,1777041843000
1777041845.493,245.493,0.54,0.56,0.44,0.46,0.02,0.02,78003.96,1777041843000
1777041845.882,245.882,0.52,0.53,0.45,0.48,0.01,0.03,78011.88,1777041844000
1777041846.218,246.218,0.45,0.51,0.49,0.55,0.06,0.06,78011.88,1777041844000
1777041846.56,246.56,0.42,0.43,0.56,0.58,0.01,0.02,78011.88,1777041844000
1777041846.899,246.899,0.38,0.4,0.6,0.62,0.02,0.02,78014.96,1777041845000
1777041847.24,247.24,0.5,0.51,0.47,0.5,0.01,0.03,78014.96,1777041845000
1777041847.589,247.589,0.55,0.56,0.44,0.45,0.01,0.01,78019.49,1777041846000
1777041847.967,247.967,0.54,0.55,0.45,0.46,0.01,0.01,78019.49,1777041846000
1777041848.309,248.309,0.65,0.68,0.34,0.35,0.03,0.01,78020.9,1777041847000
1777041848.666,248.666,0.66,0.67,0.33,0.34,0.01,0.01,78020.9,1777041847000
1777041849.0,249.0,0.66,0.69,0.33,0.34,0.03,0.01,78020.9,1777041847000
1777041849.372,249.372,0.68,0.69,0.31,0.32,0.01,0.01,78020.9,1777041847000
1777041849.791,249.791,0.68,0.69,0.31,0.32,0.01,0.01,78021.19,1777041848000
1777041850.124,250.124,0.68,0.69,0.31,0.32,0.01,0.01,78021.19,1777041848000
1777041850.458,250.458,0.67,0.68,0.32,0.33,0.01,0.01,78021.22,1777041849000
1777041850.857,250.857,0.66,0.67,0.32,0.34,0.01,0.02,78021.22,1777041849000
1777041851.266,251.266,0.67,0.68,0.32,0.33,0.01,0.01,78021.62,1777041850000
1777041851.673,251.673,0.65,0.66,0.32,0.36,0.01,0.04,78021.62,1777041850000
1777041852.055,252.055,0.65,0.66,0.34,0.35,0.01,0.01,78021.62,1777041850000
1777041852.436,252.436,0.65,0.66,0.34,0.35,0.01,0.01,78021.62,1777041850000
1777041853.328,253.328,0.67,0.68,0.32,0.33,0.01,0.01,78021.96,1777041851000
1777041853.843,253.843,0.67,0.68,0.32,0.33,0.01,0.01,78021.96,1777041852000
1777041854.245,254.245,0.67,0.68,0.32,0.33,0.01,0.01,78021.96,1777041852000
1777041854.616,254.616,0.67,0.7,0.32,0.33,0.03,0.01,78021.96,1777041852000
1777041854.979,254.979,0.69,0.7,0.3,0.31,0.01,0.01,78025.32,1777041853000
1777041855.38,255.38,0.69,0.7,0.3,0.31,0.01,0.01,78025.32,1777041853000
1777041855.719,255.719,0.72,0.73,0.27,0.28,0.01,0.01,78024.82,1777041854000
1777041856.068,256.068,0.74,0.77,0.25,0.26,0.03,0.01,78024.82,1777041854000
1777041856.411,256.411,0.73,0.75,0.25,0.27,0.02,0.02,78025.05,1777041855000
1777041856.765,256.765,0.72,0.73,0.27,0.28,0.01,0.01,78025.05,1777041855000
1777041857.22,257.22,0.72,0.73,0.27,0.28,0.01,0.01,78025.05,1777041855000
1777041857.584,257.584,0.72,0.73,0.27,0.28,0.01,0.01,78026.25,1777041856000
1777041858.002,258.002,0.71,0.72,0.28,0.29,0.01,0.01,78026.25,1777041856000
1777041858.453,258.453,0.71,0.73,0.27,0.29,0.02,0.02,78026.69,1777041857000
1777041858.91,258.91,0.72,0.77,0.27,0.29,0.05,0.02,78026.69,1777041857000
1777041859.243,259.243,0.75,0.86,0.14,0.25,0.11,0.11,78026.69,1777041857000
1777041859.592,259.592,0.73,0.8,0.2,0.23,0.07,0.03,78026.69,1777041857000
1777041859.926,259.926,0.72,0.76,0.24,0.28,0.04,0.04,78027.05,1777041858000
1777041860.267,260.267,0.72,0.77,0.25,0.28,0.05,0.03,78027.05,1777041858000
1777041860.612,260.612,0.7,0.71,0.29,0.3,0.01,0.01,78031.51,1777041859000
1777041861.017,261.017,0.7,0.71,0.29,0.3,0.01,0.01,78031.51,1777041859000
1777041861.358,261.358,0.71,0.72,0.27,0.3,0.01,0.03,78027.74,1777041860000
1777041861.796,261.796,0.68,0.71,0.28,0.3,0.03,0.02,78027.74,1777041860000
1777041862.147,262.147,0.63,0.65,0.36,0.37,0.02,0.01,78026.91,1777041861000
1777041862.558,262.558,0.66,0.68,0.32,0.35,0.02,0.03,78026.91,1777041861000
1777041863.208,263.208,0.67,0.68,0.32,0.33,0.01,0.01,78026.72,1777041862000
1777041863.553,263.553,0.76,0.82,0.23,0.24,0.06,0.01,78026.72,1777041862000
1777041864.0,264.0,0.72,0.8,0.2,0.24,0.08,0.04,78026.72,1777041862000
1777041864.397,264.397,0.78,0.8,0.23,0.24,0.02,0.01,78026.72,1777041862000
1777041864.822,264.822,0.78,0.79,0.21,0.24,0.01,0.03,78024.96,1777041863000
1777041865.162,265.162,0.81,0.82,0.18,0.19,0.01,0.01,78028.45,1777041864000
1777041865.508,265.508,0.81,0.82,0.18,0.19,0.01,0.01,78028.45,1777041864000
1777041865.9,265.9,0.81,0.82,0.18,0.19,0.01,0.01,78028.45,1777041864000
1777041866.393,266.393,0.8,0.81,0.19,0.2,0.01,0.01,78030.68,1777041865000
1777041866.782,266.782,0.8,0.81,0.19,0.2,0.01,0.01,78030.68,1777041865000
1777041867.23,267.23,0.82,0.83,0.17,0.18,0.01,0.01,78033.65,1777041866000
1777041867.643,267.643,0.82,0.83,0.17,0.18,0.01,0.01,78033.65,1777041866000
1777041868.013,268.013,0.82,0.83,0.17,0.18,0.01,0.01,78036.05,1777041867000
1777041868.496,268.496,0.82,0.83,0.17,0.18,0.01,0.01,78036.05,1777041867000
1777041868.831,268.831,0.82,0.83,0.17,0.18,0.01,0.01,78036.05,1777041867000
1777041869.278,269.278,0.82,0.83,0.17,0.18,0.01,0.01,78035.65,1777041868000
1777041869.773,269.773,0.82,0.83,0.17,0.18,0.01,0.01,78035.65,1777041868000
1777041870.107,270.107,0.82,0.83,0.17,0.18,0.01,0.01,78035.82,1777041869000
1777041870.492,270.492,0.73,0.77,0.24,0.27,0.04,0.03,78035.82,1777041869000
1777041870.868,270.868,0.74,0.76,0.25,0.26,0.02,0.01,78035.82,1777041869000
1777041871.208,271.208,0.78,0.79,0.21,0.22,0.01,0.01,78034.78,1777041870000
1777041871.588,271.588,0.78,0.79,0.21,0.22,0.01,0.01,78034.78,1777041870000
1777041871.997,271.997,0.77,0.79,0.21,0.24,0.02,0.03,78030.45,1777041871000
1777041872.386,272.386,0.75,0.76,0.21,0.25,0.01,0.04,78030.45,1777041871000
1777041872.731,272.731,0.69,0.7,0.3,0.31,0.01,0.01,78030.45,1777041871000
1777041873.095,273.095,0.71,0.72,0.28,0.29,0.01,0.01,78030.45,1777041871000
1777041873.43,273.43,0.72,0.73,0.27,0.28,0.01,0.01,78029.02,1777041872000
1777041873.768,273.768,0.72,0.73,0.27,0.28,0.01,0.01,78029.02,1777041872000
1777041874.114,274.114,0.6,0.61,0.39,0.4,0.01,0.01,78029.02,1777041872000
1777041874.448,274.448,0.57,0.58,0.42,0.43,0.01,0.01,78025.5,1777041873000
1777041874.781,274.781,0.5,0.51,0.49,0.5,0.01,0.01,78025.5,1777041873000
1777041875.169,275.169,0.45,0.46,0.54,0.56,0.01,0.02,78025.04,1777041874000
1777041875.508,275.508,0.48,0.5,0.5,0.52,0.02,0.02,78025.04,1777041874000
1777041875.858,275.858,0.49,0.5,0.5,0.51,0.01,0.01,78025.04,1777041874000
1777041876.212,276.212,0.49,0.5,0.5,0.51,0.01,0.01,78016.31,1777041875000
1777041876.622,276.622,0.48,0.49,0.51,0.52,0.01,0.01,78016.31,1777041875000
1777041876.962,276.962,0.43,0.45,0.55,0.57,0.02,0.02,78016.31,1777041875000
1777041877.306,277.306,0.38,0.4,0.6,0.61,0.02,0.01,78016.31,1777041875000
1777041877.667,277.667,0.3,0.31,0.65,0.71,0.01,0.06,78012.64,1777041876000
1777041878.053,278.053,0.31,0.32,0.68,0.69,0.01,0.01,78012.64,1777041876000
1777041878.535,278.535,0.34,0.35,0.65,0.66,0.01,0.01,78010.06,1777041877000
1777041878.999,278.999,0.33,0.35,0.65,0.67,0.02,0.02,78010.06,1777041877000
1777041879.382,279.382,0.34,0.36,0.65,0.66,0.02,0.01,78005.73,1777041878000
1777041879.854,279.854,0.35,0.36,0.64,0.65,0.01,0.01,78005.73,1777041878000
1777041880.309,280.309,0.35,0.36,0.64,0.65,0.01,0.01,78005.73,1777041878000
1777041880.677,280.677,0.39,0.4,0.6,0.61,0.01,0.01,78002.25,1777041879000
1777041881.013,281.013,0.34,0.37,0.6,0.66,0.03,0.06,78002.25,1777041879000
1777041881.593,281.593,0.36,0.37,0.63,0.64,0.01,0.01,78002.14,1777041880000
1777041882.052,282.052,0.36,0.37,0.63,0.64,0.01,0.01,78002.14,1777041880000
1777041882.387,282.387,0.29,0.3,0.7,0.71,0.01,0.01,78003.54,1777041881000
1777041882.732,282.732,0.36,0.37,0.63,0.67,0.01,0.04,78003.54,1777041881000
1777041883.086,283.086,0.39,0.4,0.6,0.61,0.01,0.01,78003.54,1777041881000
1777041883.423,283.423,0.39,0.41,0.6,0.61,0.02,0.01,78003.54,1777041881000
1777041883.771,283.771,0.6,0.69,0.39,0.45,0.09,0.06,78004.04,1777041882000
1777041884.127,284.127,0.68,0.69,0.31,0.37,0.01,0.06,78004.04,1777041882000
1777041884.487,284.487,0.64,0.65,0.34,0.37,0.01,0.03,78003.25,1777041883000
1777041884.944,284.944,0.59,0.6,0.39,0.41,0.01,0.02,78003.25,1777041883000
1777041885.386,285.386,0.59,0.6,0.4,0.41,0.01,0.01,78005.97,1777041884000
1777041885.748,285.748,0.59,0.6,0.4,0.45,0.01,0.05,78005.97,1777041884000
1777041886.169,286.169,0.62,0.63,0.36,0.41,0.01,0.05,78005.97,1777041884000
1777041886.619,286.619,0.71,0.72,0.28,0.29,0.01,0.01,78011.66,1777041885000
1777041886.956,286.956,0.82,0.84,0.16,0.18,0.02,0.02,78011.66,1777041885000
1777041887.327,287.327,0.82,0.84,0.16,0.18,0.02,0.02,78011.66,1777041885000
1777041887.685,287.685,0.8,0.82,0.19,0.2,0.02,0.01,78012.39,1777041886000
1777041888.052,288.052,0.81,0.82,0.18,0.19,0.01,0.01,78012.39,1777041886000
1777041888.392,288.392,0.81,0.82,0.18,0.19,0.01,0.01,78012.39,1777041886000
1777041888.845,288.845,0.85,0.86,0.14,0.15,0.01,0.01,78013.88,1777041887000
1777041889.266,289.266,0.8,0.86,0.14,0.2,0.06,0.06,78015.84,1777041888000
1777041889.63,289.63,0.82,0.83,0.17,0.18,0.01,0.01,78015.84,1777041888000
1777041890.334,290.334,0.82,0.83,0.17,0.18,0.01,0.01,78017.12,1777041889000
1777041890.675,290.675,0.79,0.8,0.2,0.21,0.01,0.01,78017.12,1777041889000
1777041891.014,291.014,0.77,0.79,0.21,0.22,0.02,0.01,78017.12,1777041889000
1777041891.356,291.356,0.78,0.79,0.21,0.22,0.01,0.01,78017.12,1777041889000
1777041891.73,291.73,0.8,0.81,0.19,0.2,0.01,0.01,78017.81,1777041890000
1777041892.087,292.087,0.83,0.84,0.16,0.17,0.01,0.01,78017.81,1777041890000
1777041892.42,292.42,0.85,0.87,0.13,0.17,0.02,0.04,78017.81,1777041890000
1777041892.867,292.867,0.76,0.84,0.16,0.17,0.08,0.01,78017.47,1777041891000
1777041893.202,293.202,0.82,0.83,0.17,0.18,0.01,0.01,78017.39,1777041892000
1777041893.639,293.639,0.83,0.84,0.16,0.18,0.01,0.02,78017.39,1777041892000
1777041894.053,294.053,0.85,0.86,0.14,0.15,0.01,0.01,78017.39,1777041892000
1777041894.486,294.486,0.85,0.86,0.14,0.15,0.01,0.01,78017.39,1777041892000
1777041894.853,294.853,0.85,0.86,0.14,0.15,0.01,0.01,78017.45,1777041893000
1777041895.22,295.22,0.63,0.76,0.24,0.37,0.13,0.13,78017.57,1777041894000
1777041895.555,295.555,0.19,0.2,0.8,0.81,0.01,0.01,78017.57,1777041894000
1777041895.893,295.893,0.24,0.25,0.75,0.77,0.01,0.02,78017.57,1777041894000
1777041896.275,296.275,0.23,0.24,0.76,0.77,0.01,0.01,78017.71,1777041895000
1777041896.625,296.625,0.29,0.3,0.7,0.81,0.01,0.11,78017.71,1777041895000
1777041896.962,296.962,0.27,0.28,0.72,0.73,0.01,0.01,78017.71,1777041895000
1777041897.311,297.311,0.27,0.28,0.72,0.73,0.01,0.01,78014.14,1777041896000
1777041897.668,297.668,0.19,0.2,0.8,0.81,0.01,0.01,78014.14,1777041896000
1777041898.013,298.013,0.25,0.32,0.73,0.75,0.07,0.02,78014.14,1777041896000
1777041898.359,298.359,0.31,0.56,0.68,0.69,0.25,0.01,78014.14,1777041896000
1777041898.697,298.697,0.29,0.31,0.69,0.71,0.02,0.02,78006.28,1777041897000
1777041899.035,299.035,0.3,0.32,0.69,0.7,0.02,0.01,78004.82,1777041898000
1777041899.451,299.451,0.27,0.01,0.99,0.73,-0.26,-0.26,78004.82,1777041898000
1777041899.803,299.803,0.27,0.01,0.99,0.73,-0.26,-0.26,78004.82,1777041898000
1777041900.26,300.26,0.27,0.01,0.99,0.73,-0.26,-0.26,78005.23,1777041899000
1777041900.657,300.657,0.27,0.01,0.99,0.73,-0.26,-0.26,78005.23,1777041899000
1777041901.157,301.157,0.27,0.01,0.99,0.73,-0.26,-0.26,78004.5,1777041900000
1777041902.453,302.453,0.27,0.01,0.99,0.73,-0.26,-0.26,78003.61,1777041901000

# RESULT,winner=Down,slug=btc-updown-5m-1777041600,ticks=703
