timestamp,elapsed_sec,up_bid,up_ask,down_bid,down_ask,up_spread,down_spread,btc_price,btc_oracle_ts
1775980500.569,0.569,0.47,0.48,0.52,0.53,0.01,0.01,71758.52,1775980499000
1775980500.905,0.905,0.47,0.48,0.52,0.53,0.01,0.01,71758.52,1775980499000
1775980501.247,1.247,0.46,0.47,0.53,0.54,0.01,0.01,71758.51,1775980500000
1775980501.626,1.626,0.45,0.46,0.54,0.55,0.01,0.01,71758.51,1775980500000
1775980501.981,1.981,0.45,0.46,0.54,0.55,0.01,0.01,71758.51,1775980500000
1775980502.53,2.53,0.45,0.46,0.54,0.55,0.01,0.01,71758.52,1775980501000
1775980502.99,2.99,0.46,0.47,0.53,0.54,0.01,0.01,71758.52,1775980501000
1775980503.36,3.36,0.46,0.47,0.53,0.54,0.01,0.01,71758.61,1775980502000
1775980503.722,3.722,0.44,0.45,0.54,0.56,0.01,0.02,71758.61,1775980502000
1775980504.107,4.107,0.42,0.44,0.56,0.58,0.02,0.02,71758.61,1775980502000
1775980504.658,4.658,0.42,0.43,0.56,0.58,0.01,0.02,71758.46,1775980503000
1775980505.023,5.023,0.42,0.43,0.57,0.58,0.01,0.01,71758.46,1775980503000
1775980505.379,5.379,0.41,0.43,0.57,0.58,0.02,0.01,71758.46,1775980503000
1775980505.724,5.724,0.42,0.43,0.57,0.58,0.01,0.01,71757.94,1775980504000
1775980506.102,6.102,0.42,0.43,0.57,0.59,0.01,0.02,71757.94,1775980504000
1775980506.547,6.547,0.42,0.43,0.57,0.58,0.01,0.01,71757.03,1775980505000
1775980507.209,7.209,0.42,0.43,0.54,0.58,0.01,0.04,71757.03,1775980505000
1775980507.713,7.713,0.41,0.42,0.58,0.59,0.01,0.01,71757.03,1775980505000
1775980508.103,8.103,0.41,0.44,0.58,0.59,0.03,0.01,71756.33,1775980506000
1775980508.506,8.506,0.37,0.44,0.56,0.63,0.07,0.07,71756.33,1775980507000
1775980508.84,8.84,0.42,0.43,0.57,0.58,0.01,0.01,71756.33,1775980507000
1775980509.222,9.222,0.41,0.42,0.58,0.59,0.01,0.01,71756.26,1775980508000
1775980509.713,9.713,0.39,0.4,0.58,0.6,0.01,0.02,71756.26,1775980508000
1775980510.087,10.087,0.39,0.4,0.6,0.61,0.01,0.01,71756.26,1775980508000
1775980510.448,10.448,0.39,0.4,0.6,0.61,0.01,0.01,71756.26,1775980509000
1775980511.063,11.063,0.39,0.4,0.6,0.61,0.01,0.01,71756.26,1775980509000
1775980511.518,11.518,0.43,0.44,0.56,0.58,0.01,0.02,71756.26,1775980509000
1775980511.96,11.96,0.43,0.44,0.55,0.57,0.01,0.02,71756.47,1775980510000
1775980512.305,12.305,0.43,0.44,0.56,0.57,0.01,0.01,71756.47,1775980511000
1775980512.656,12.656,0.43,0.44,0.56,0.57,0.01,0.01,71756.47,1775980511000
1775980513.016,13.016,0.42,0.46,0.56,0.57,0.04,0.01,71756.47,1775980511000
1775980513.426,13.426,0.44,0.46,0.54,0.56,0.02,0.02,71757.53,1775980512000
1775980513.783,13.783,0.34,0.46,0.54,0.55,0.12,0.01,71757.53,1775980512000
1775980514.25,14.25,0.44,0.45,0.55,0.56,0.01,0.01,71757.65,1775980513000
1775980514.678,14.678,0.43,0.44,0.56,0.57,0.01,0.01,71757.65,1775980513000
1775980515.149,15.149,0.43,0.45,0.56,0.57,0.02,0.01,71757.65,1775980513000
1775980515.525,15.525,0.45,0.46,0.54,0.55,0.01,0.01,71757.71,1775980514000
1775980515.862,15.862,0.44,0.45,0.55,0.56,0.01,0.01,71757.71,1775980514000
1775980516.545,16.545,0.45,0.46,0.55,0.56,0.01,0.01,71757.71,1775980515000
1775980517.111,17.111,0.46,0.47,0.54,0.55,0.01,0.01,71757.71,1775980515000
1775980517.546,17.546,0.4,0.41,0.58,0.67,0.01,0.09,71757.83,1775980516000
1775980517.985,17.985,0.41,0.42,0.58,0.59,0.01,0.01,71757.83,1775980517000
1775980518.456,18.456,0.41,0.42,0.58,0.59,0.01,0.01,71757.83,1775980517000
1775980518.8,18.8,0.41,0.42,0.58,0.59,0.01,0.01,71757.83,1775980517000
1775980519.333,19.333,0.41,0.42,0.58,0.59,0.01,0.01,71757.83,1775980517000
1775980519.693,19.693,0.4,0.41,0.59,0.6,0.01,0.01,71757.86,1775980518000
1775980520.027,20.027,0.41,0.42,0.58,0.59,0.01,0.01,71757.86,1775980519000
1775980520.434,20.434,0.42,0.45,0.57,0.58,0.03,0.01,71757.86,1775980519000
1775980520.896,20.896,0.43,0.44,0.55,0.78,0.01,0.23,71757.86,1775980519000
1775980521.333,21.333,0.43,0.44,0.56,0.57,0.01,0.01,71757.83,1775980520000
1775980521.675,21.675,0.39,0.4,0.6,0.61,0.01,0.01,71757.83,1775980520000
1775980522.246,22.246,0.4,0.41,0.59,0.6,0.01,0.01,71757.83,1775980520000
1775980522.633,22.633,0.4,0.41,0.59,0.6,0.01,0.01,71757.94,1775980521000
1775980523.041,23.041,0.4,0.42,0.59,0.6,0.02,0.01,71757.94,1775980521000
1775980523.459,23.459,0.42,0.44,0.55,0.59,0.02,0.04,71757.98,1775980522000
1775980523.904,23.904,0.43,0.45,0.57,0.58,0.02,0.01,71757.98,1775980522000
1775980524.322,24.322,0.44,0.45,0.55,0.56,0.01,0.01,71757.98,1775980522000
1775980524.669,24.669,0.44,0.45,0.55,0.56,0.01,0.01,71757.98,1775980522000
1775980525.005,25.005,0.43,0.44,0.55,0.57,0.01,0.02,71757.97,1775980523000
1775980525.389,25.389,0.43,0.44,0.56,0.57,0.01,0.01,71757.97,1775980523000
1775980525.819,25.819,0.41,0.43,0.57,0.58,0.02,0.01,71757.93,1775980524000
1775980526.182,26.182,0.41,0.42,0.58,0.59,0.01,0.01,71758.04,1775980525000
1775980526.666,26.666,0.42,0.43,0.57,0.58,0.01,0.01,71758.04,1775980525000
1775980527.024,27.024,0.42,0.43,0.57,0.58,0.01,0.01,71758.04,1775980525000
1775980527.484,27.484,0.42,0.43,0.57,0.58,0.01,0.01,71758.01,1775980526000
1775980527.88,27.88,0.43,0.44,0.56,0.58,0.01,0.02,71758.01,1775980526000
1775980528.365,28.365,0.43,0.45,0.56,0.57,0.02,0.01,71758.01,1775980526000
1775980528.763,28.763,0.44,0.45,0.55,0.56,0.01,0.01,71758.03,1775980527000
1775980529.136,29.136,0.43,0.46,0.55,0.56,0.03,0.01,71758.03,1775980527000
1775980529.492,29.492,0.43,0.44,0.55,0.56,0.01,0.01,71758.03,1775980527000
1775980529.922,29.922,0.41,0.42,0.56,0.58,0.01,0.02,71758.04,1775980528000
1775980530.574,30.574,0.43,0.44,0.58,0.59,0.01,0.01,71758.01,1775980529000
1775980530.924,30.924,0.41,0.42,0.58,0.59,0.01,0.01,71758.01,1775980529000
1775980531.674,31.674,0.41,0.42,0.58,0.59,0.01,0.01,71758.01,1775980529000
1775980532.008,32.008,0.43,0.44,0.56,0.57,0.01,0.01,71758.0,1775980530000
1775980532.444,32.444,0.43,0.45,0.56,0.57,0.02,0.01,71758.0,1775980530000
1775980533.137,33.137,0.44,0.45,0.55,0.56,0.01,0.01,71758.0,1775980531000
1775980533.523,33.523,0.44,0.45,0.55,0.56,0.01,0.01,71758.08,1775980532000
1775980534.077,34.077,0.44,0.45,0.55,0.56,0.01,0.01,71758.08,1775980532000
1775980534.412,34.412,0.44,0.45,0.55,0.56,0.01,0.01,71758.08,1775980532000
1775980535.206,35.206,0.44,0.45,0.55,0.56,0.01,0.01,71758.09,1775980533000
1775980535.689,35.689,0.44,0.45,0.55,0.56,0.01,0.01,71758.09,1775980534000
1775980536.073,36.073,0.44,0.45,0.55,0.56,0.01,0.01,71758.09,1775980534000
1775980536.487,36.487,0.44,0.45,0.55,0.56,0.01,0.01,71758.11,1775980535000
1775980536.941,36.941,0.44,0.45,0.55,0.56,0.01,0.01,71758.11,1775980535000
1775980537.38,37.38,0.44,0.45,0.55,0.56,0.01,0.01,71758.11,1775980535000
1775980537.901,37.901,0.44,0.45,0.55,0.56,0.01,0.01,71758.11,1775980536000
1775980538.415,38.415,0.44,0.45,0.55,0.56,0.01,0.01,71758.16,1775980537000
1775980538.857,38.857,0.44,0.45,0.55,0.56,0.01,0.01,71758.16,1775980537000
1775980539.359,39.359,0.44,0.45,0.55,0.56,0.01,0.01,71758.16,1775980537000
1775980539.9,39.9,0.42,0.43,0.55,0.62,0.01,0.07,71758.17,1775980538000
1775980540.25,40.25,0.43,0.44,0.56,0.57,0.01,0.01,71758.17,1775980539000
1775980540.589,40.589,0.43,0.44,0.56,0.57,0.01,0.01,71758.17,1775980539000
1775980541.125,41.125,0.43,0.44,0.56,0.57,0.01,0.01,71758.17,1775980539000
1775980541.709,41.709,0.44,0.45,0.55,0.57,0.01,0.02,71758.17,1775980539000
1775980542.057,42.057,0.44,0.45,0.55,0.56,0.01,0.01,71758.26,1775980540000
1775980542.418,42.418,0.44,0.45,0.55,0.56,0.01,0.01,71758.27,1775980541000
1775980543.152,43.152,0.44,0.45,0.55,0.56,0.01,0.01,71758.27,1775980541000
1775980543.585,43.585,0.36,0.47,0.53,0.55,0.11,0.02,71758.32,1775980542000
1775980543.936,43.936,0.45,0.46,0.54,0.55,0.01,0.01,71758.32,1775980542000
1775980544.718,44.718,0.45,0.46,0.54,0.55,0.01,0.01,71758.56,1775980543000
1775980545.07,45.07,0.45,0.46,0.54,0.55,0.01,0.01,71758.56,1775980544000
1775980545.427,45.427,0.45,0.46,0.54,0.55,0.01,0.01,71758.56,1775980544000
1775980546.209,46.209,0.45,0.46,0.54,0.55,0.01,0.01,71759.61,1775980545000
1775980546.612,46.612,0.45,0.46,0.54,0.55,0.01,0.01,71759.61,1775980545000
1775980546.992,46.992,0.28,0.45,0.54,0.56,0.17,0.02,71759.61,1775980545000
1775980547.557,47.557,0.43,0.44,0.56,0.58,0.01,0.02,71759.87,1775980546000
1775980548.136,48.136,0.44,0.45,0.55,0.56,0.01,0.01,71759.87,1775980546000
1775980548.61,48.61,0.44,0.45,0.55,0.56,0.01,0.01,71760.31,1775980547000
1775980548.971,48.971,0.39,0.45,0.55,0.56,0.06,0.01,71760.31,1775980547000
1775980549.336,49.336,0.42,0.44,0.56,0.58,0.02,0.02,71760.78,1775980548000
1775980549.736,49.736,0.44,0.45,0.55,0.57,0.01,0.02,71760.78,1775980548000
1775980550.245,50.245,0.44,0.45,0.55,0.56,0.01,0.01,71760.78,1775980549000
1775980550.736,50.736,0.45,0.46,0.54,0.56,0.01,0.02,71760.78,1775980549000
1775980551.14,51.14,0.45,0.46,0.54,0.55,0.01,0.01,71760.78,1775980549000
1775980551.717,51.717,0.45,0.46,0.54,0.55,0.01,0.01,71760.78,1775980550000
1775980552.302,52.302,0.45,0.46,0.54,0.55,0.01,0.01,71760.96,1775980551000
1775980552.722,52.722,0.45,0.46,0.54,0.55,0.01,0.01,71760.96,1775980551000
1775980553.103,53.103,0.45,0.46,0.54,0.55,0.01,0.01,71760.96,1775980551000
1775980553.487,53.487,0.28,0.46,0.54,0.55,0.18,0.01,71760.96,1775980552000
1775980553.82,53.82,0.44,0.45,0.55,0.56,0.01,0.01,71760.96,1775980552000
1775980554.68,54.68,0.44,0.45,0.55,0.56,0.01,0.01,71760.96,1775980553000
1775980555.084,55.084,0.45,0.46,0.54,0.55,0.01,0.01,71760.93,1775980554000
1775980555.739,55.739,0.45,0.46,0.54,0.55,0.01,0.01,71760.93,1775980554000
1775980556.142,56.142,0.45,0.46,0.54,0.55,0.01,0.01,71761.29,1775980555000
1775980556.725,56.725,0.45,0.46,0.54,0.55,0.01,0.01,71761.29,1775980555000
1775980557.168,57.168,0.28,0.46,0.54,0.72,0.18,0.18,71761.31,1775980556000
1775980557.505,57.505,0.43,0.44,0.56,0.57,0.01,0.01,71761.31,1775980556000
1775980557.995,57.995,0.44,0.45,0.55,0.56,0.01,0.01,71761.31,1775980556000
1775980558.349,58.349,0.43,0.45,0.55,0.56,0.02,0.01,71761.31,1775980557000
1775980558.765,58.765,0.43,0.44,0.55,0.57,0.01,0.02,71761.31,1775980557000
1775980559.231,59.231,0.44,0.45,0.55,0.56,0.01,0.01,71761.31,1775980558000
1775980559.75,59.75,0.44,0.45,0.55,0.56,0.01,0.01,71761.31,1775980558000
1775980560.141,60.141,0.44,0.45,0.55,0.56,0.01,0.01,71761.31,1775980559000
1775980560.72,60.72,0.45,0.46,0.54,0.55,0.01,0.01,71761.31,1775980559000
1775980561.139,61.139,0.44,0.46,0.54,0.55,0.02,0.01,71761.32,1775980560000
1775980561.673,61.673,0.44,0.45,0.54,0.56,0.01,0.02,71761.32,1775980560000
1775980562.093,62.093,0.44,0.45,0.55,0.56,0.01,0.01,71761.3,1775980561000
1775980562.769,62.769,0.44,0.45,0.55,0.56,0.01,0.01,71761.3,1775980561000
1775980563.189,63.189,0.44,0.45,0.55,0.56,0.01,0.01,71761.3,1775980562000
1775980563.568,63.568,0.44,0.45,0.56,0.57,0.01,0.01,71761.3,1775980562000
1775980564.072,64.072,0.44,0.45,0.55,0.56,0.01,0.01,71761.32,1775980563000
1775980564.502,64.502,0.45,0.46,0.54,0.55,0.01,0.01,71761.32,1775980563000
1775980565.02,65.02,0.44,0.45,0.55,0.56,0.01,0.01,71761.42,1775980564000
1775980565.498,65.498,0.44,0.45,0.55,0.56,0.01,0.01,71761.42,1775980564000
1775980565.969,65.969,0.44,0.45,0.55,0.56,0.01,0.01,71761.42,1775980565000
1775980566.357,66.357,0.44,0.46,0.55,0.56,0.02,0.01,71761.42,1775980565000
1775980566.746,66.746,0.46,0.47,0.54,0.56,0.01,0.02,71761.42,1775980565000
1775980567.103,67.103,0.45,0.46,0.54,0.55,0.01,0.01,71761.42,1775980566000
1775980567.582,67.582,0.43,0.44,0.55,0.57,0.01,0.02,71761.42,1775980566000
1775980567.981,67.981,0.43,0.44,0.56,0.57,0.01,0.01,71761.42,1775980567000
1775980568.366,68.366,0.43,0.44,0.56,0.57,0.01,0.01,71761.42,1775980567000
1775980568.778,68.778,0.44,0.45,0.55,0.57,0.01,0.02,71761.42,1775980567000
1775980569.414,69.414,0.44,0.45,0.55,0.56,0.01,0.01,71761.42,1775980567000
1775980569.778,69.778,0.44,0.45,0.55,0.56,0.01,0.01,71761.42,1775980568000
1775980570.779,70.779,0.44,0.45,0.55,0.56,0.01,0.01,71761.42,1775980569000
1775980571.381,71.381,0.44,0.45,0.55,0.56,0.01,0.01,71761.46,1775980570000
1775980571.831,71.831,0.44,0.45,0.55,0.57,0.01,0.02,71761.46,1775980570000
1775980572.278,72.278,0.26,0.45,0.55,0.56,0.19,0.01,71761.46,1775980571000
1775980572.792,72.792,0.43,0.44,0.57,0.58,0.01,0.01,71761.46,1775980571000
1775980573.333,73.333,0.43,0.44,0.56,0.57,0.01,0.01,71761.47,1775980572000
1775980573.758,73.758,0.43,0.44,0.56,0.57,0.01,0.01,71761.47,1775980572000
1775980574.232,74.232,0.45,0.46,0.54,0.55,0.01,0.01,71761.47,1775980572000
1775980574.812,74.812,0.45,0.46,0.54,0.55,0.01,0.01,71761.47,1775980573000
1775980575.324,75.324,0.45,0.46,0.54,0.55,0.01,0.01,71761.47,1775980574000
1775980575.707,75.707,0.45,0.46,0.54,0.55,0.01,0.01,71761.47,1775980574000
1775980576.146,76.146,0.45,0.46,0.54,0.55,0.01,0.01,71761.47,1775980575000
1775980576.682,76.682,0.29,0.46,0.54,0.55,0.17,0.01,71761.47,1775980575000
1775980577.018,77.018,0.4,0.41,0.59,0.6,0.01,0.01,71761.47,1775980576000
1775980577.478,77.478,0.42,0.43,0.58,0.6,0.01,0.02,71761.47,1775980576000
1775980577.843,77.843,0.42,0.44,0.56,0.58,0.02,0.02,71761.65,1775980577000
1775980578.184,78.184,0.44,0.45,0.55,0.56,0.01,0.01,71761.65,1775980577000
1775980578.839,78.839,0.44,0.45,0.55,0.56,0.01,0.01,71761.65,1775980577000
1775980579.266,79.266,0.44,0.46,0.54,0.56,0.02,0.02,71761.65,1775980578000
1775980579.609,79.609,0.46,0.48,0.52,0.54,0.02,0.02,71761.65,1775980578000
1775980580.262,80.262,0.48,0.49,0.51,0.52,0.01,0.01,71761.65,1775980579000
1775980580.779,80.779,0.48,0.49,0.51,0.52,0.01,0.01,71761.65,1775980579000
1775980581.371,81.371,0.48,0.49,0.51,0.52,0.01,0.01,71761.65,1775980579000
1775980581.72,81.72,0.48,0.49,0.51,0.52,0.01,0.01,71761.63,1775980580000
1775980582.097,82.097,0.48,0.49,0.51,0.52,0.01,0.01,71761.63,1775980580000
1775980582.451,82.451,0.48,0.49,0.51,0.52,0.01,0.01,71761.7,1775980581000
1775980582.871,82.871,0.46,0.47,0.53,0.54,0.01,0.01,71761.7,1775980581000
1775980583.261,83.261,0.48,0.49,0.51,0.52,0.01,0.01,71761.7,1775980581000
1775980583.664,83.664,0.48,0.49,0.51,0.52,0.01,0.01,71761.72,1775980582000
1775980584.151,84.151,0.48,0.49,0.51,0.52,0.01,0.01,71761.72,1775980583000
1775980584.604,84.604,0.48,0.49,0.51,0.52,0.01,0.01,71761.72,1775980583000
1775980585.095,85.095,0.48,0.49,0.51,0.52,0.01,0.01,71761.72,1775980583000
1775980585.546,85.546,0.48,0.49,0.5,0.52,0.01,0.02,71761.72,1775980584000
1775980586.192,86.192,0.49,0.5,0.5,0.51,0.01,0.01,71761.56,1775980585000
1775980586.68,86.68,0.49,0.5,0.5,0.51,0.01,0.01,71761.56,1775980585000
1775980587.104,87.104,0.48,0.5,0.5,0.51,0.02,0.01,71761.56,1775980585000
1775980587.863,87.863,0.48,0.49,0.51,0.52,0.01,0.01,71761.75,1775980586000
1775980588.202,88.202,0.52,0.54,0.46,0.48,0.02,0.02,71761.75,1775980586000
1775980588.546,88.546,0.52,0.53,0.47,0.48,0.01,0.01,71761.75,1775980586000
1775980588.943,88.943,0.52,0.53,0.47,0.48,0.01,0.01,71761.75,1775980587000
1775980589.312,89.312,0.53,0.54,0.46,0.47,0.01,0.01,71761.7,1775980588000
1775980589.659,89.659,0.53,0.54,0.46,0.47,0.01,0.01,71761.7,1775980588000
1775980590.024,90.024,0.53,0.54,0.46,0.47,0.01,0.01,71761.7,1775980588000
1775980590.402,90.402,0.53,0.54,0.46,0.47,0.01,0.01,71761.7,1775980589000
1775980590.746,90.746,0.54,0.55,0.45,0.46,0.01,0.01,71761.7,1775980589000
1775980591.082,91.082,0.54,0.55,0.45,0.46,0.01,0.01,71761.7,1775980589000
1775980591.417,91.417,0.54,0.55,0.45,0.46,0.01,0.01,71761.7,1775980589000
1775980591.751,91.751,0.55,0.56,0.44,0.45,0.01,0.01,71762.49,1775980590000
1775980592.087,92.087,0.53,0.55,0.45,0.47,0.02,0.02,71762.68,1775980591000
1775980592.426,92.426,0.52,0.53,0.46,0.48,0.01,0.02,71762.68,1775980591000
1775980592.809,92.809,0.51,0.53,0.47,0.48,0.02,0.01,71762.68,1775980591000
1775980593.234,93.234,0.51,0.52,0.48,0.49,0.01,0.01,71762.68,1775980592000
1775980593.768,93.768,0.51,0.52,0.48,0.49,0.01,0.01,71762.68,1775980592000
1775980594.108,94.108,0.51,0.52,0.48,0.49,0.01,0.01,71762.68,1775980592000
1775980594.445,94.445,0.51,0.52,0.48,0.49,0.01,0.01,71762.68,1775980592000
1775980594.785,94.785,0.51,0.52,0.48,0.49,0.01,0.01,71762.55,1775980593000
1775980595.124,95.124,0.51,0.52,0.48,0.49,0.01,0.01,71762.55,1775980594000
1775980595.457,95.457,0.51,0.52,0.48,0.49,0.01,0.01,71762.55,1775980594000
1775980595.804,95.804,0.51,0.52,0.48,0.49,0.01,0.01,71762.55,1775980594000
1775980596.143,96.143,0.51,0.52,0.48,0.49,0.01,0.01,71762.58,1775980595000
1775980596.525,96.525,0.51,0.52,0.48,0.49,0.01,0.01,71762.58,1775980595000
1775980596.863,96.863,0.52,0.53,0.47,0.48,0.01,0.01,71762.58,1775980595000
1775980597.251,97.251,0.52,0.54,0.47,0.48,0.02,0.01,71760.41,1775980596000
1775980597.594,97.594,0.54,0.55,0.46,0.48,0.01,0.02,71760.41,1775980596000
1775980597.937,97.937,0.53,0.54,0.45,0.47,0.01,0.02,71760.41,1775980596000
1775980598.28,98.28,0.53,0.54,0.46,0.47,0.01,0.01,71760.41,1775980596000
1775980598.619,98.619,0.53,0.54,0.46,0.47,0.01,0.01,71760.41,1775980596000
1775980598.953,98.953,0.53,0.54,0.46,0.47,0.01,0.01,71762.46,1775980597000
1775980599.288,99.288,0.53,0.54,0.46,0.47,0.01,0.01,71762.46,1775980598000
1775980600.213,100.213,0.52,0.54,0.46,0.47,0.02,0.01,71762.46,1775980598000
1775980600.616,100.616,0.52,0.53,0.47,0.48,0.01,0.01,71762.46,1775980598000
1775980601.037,101.037,0.52,0.53,0.47,0.48,0.01,0.01,71761.7,1775980599000
1775980601.38,101.38,0.51,0.52,0.48,0.49,0.01,0.01,71761.7,1775980600000
1775980601.924,101.924,0.51,0.57,0.48,0.49,0.06,0.01,71761.7,1775980600000
1775980602.26,102.26,0.53,0.54,0.46,0.47,0.01,0.01,71761.7,1775980600000
1775980602.595,102.595,0.51,0.53,0.47,0.48,0.02,0.01,71761.7,1775980600000
1775980603.065,103.065,0.51,0.66,0.48,0.49,0.15,0.01,71761.43,1775980601000
1775980603.736,103.736,0.53,0.54,0.46,0.47,0.01,0.01,71761.43,1775980602000
1775980604.342,104.342,0.53,0.68,0.46,0.47,0.15,0.01,71761.43,1775980602000
1775980604.684,104.684,0.52,0.53,0.47,0.49,0.01,0.02,71761.6,1775980603000
1775980605.023,105.023,0.52,0.53,0.47,0.48,0.01,0.01,71761.6,1775980603000
1775980605.496,105.496,0.52,0.53,0.47,0.48,0.01,0.01,71760.55,1775980604000
1775980605.849,105.849,0.5,0.52,0.47,0.49,0.02,0.02,71760.55,1775980604000
1775980606.288,106.288,0.5,0.51,0.48,0.5,0.01,0.02,71760.55,1775980604000
1775980606.687,106.687,0.5,0.51,0.49,0.5,0.01,0.01,71761.42,1775980605000
1775980607.063,107.063,0.5,0.51,0.49,0.5,0.01,0.01,71761.1,1775980606000
1775980607.456,107.456,0.53,0.54,0.46,0.47,0.01,0.01,71761.1,1775980606000
1775980607.837,107.837,0.53,0.54,0.46,0.47,0.01,0.01,71761.1,1775980606000
1775980608.193,108.193,0.53,0.54,0.46,0.47,0.01,0.01,71761.07,1775980607000
1775980608.742,108.742,0.54,0.7,0.45,0.46,0.16,0.01,71761.07,1775980607000
1775980609.077,109.077,0.59,0.6,0.4,0.41,0.01,0.01,71761.07,1775980607000
1775980609.619,109.619,0.57,0.58,0.42,0.43,0.01,0.01,71760.92,1775980608000
1775980609.982,109.982,0.57,0.58,0.42,0.43,0.01,0.01,71760.92,1775980608000
1775980610.374,110.374,0.54,0.56,0.44,0.45,0.02,0.01,71760.92,1775980608000
1775980610.87,110.87,0.54,0.55,0.45,0.46,0.01,0.01,71760.92,1775980609000
1775980611.276,111.276,0.55,0.56,0.44,0.45,0.01,0.01,71761.18,1775980610000
1775980611.621,111.621,0.54,0.55,0.45,0.46,0.01,0.01,71761.18,1775980610000
1775980612.086,112.086,0.55,0.56,0.44,0.45,0.01,0.01,71761.18,1775980610000
1775980612.423,112.423,0.54,0.55,0.44,0.45,0.01,0.01,71761.36,1775980611000
1775980612.767,112.767,0.54,0.55,0.45,0.46,0.01,0.01,71761.36,1775980611000
1775980613.143,113.143,0.54,0.56,0.45,0.46,0.02,0.01,71761.36,1775980611000
1775980613.482,113.482,0.55,0.56,0.44,0.45,0.01,0.01,71761.36,1775980611000
1775980613.828,113.828,0.54,0.55,0.44,0.45,0.01,0.01,71761.36,1775980611000
1775980614.225,114.225,0.54,0.56,0.45,0.46,0.02,0.01,71761.45,1775980612000
1775980614.605,114.605,0.54,0.56,0.44,0.46,0.02,0.02,71761.45,1775980613000
1775980615.12,115.12,0.55,0.56,0.44,0.45,0.01,0.01,71761.45,1775980614000
1775980615.501,115.501,0.55,0.56,0.44,0.45,0.01,0.01,71761.45,1775980614000
1775980616.203,116.203,0.55,0.56,0.44,0.45,0.01,0.01,71761.46,1775980615000
1775980616.928,116.928,0.56,0.57,0.29,0.45,0.01,0.16,71761.46,1775980615000
1775980617.378,117.378,0.55,0.57,0.43,0.44,0.02,0.01,71761.46,1775980615000
1775980617.721,117.721,0.53,0.55,0.44,0.46,0.02,0.02,71761.46,1775980615000
1775980618.084,118.084,0.53,0.54,0.46,0.47,0.01,0.01,71761.46,1775980615000
1775980618.898,118.898,0.53,0.54,0.46,0.47,0.01,0.01,71761.39,1775980617000
1775980619.252,119.252,0.53,0.54,0.46,0.47,0.01,0.01,71761.39,1775980617000
1775980619.596,119.596,0.53,0.54,0.46,0.47,0.01,0.01,71761.39,1775980617000
1775980619.946,119.946,0.5,0.53,0.47,0.5,0.03,0.03,71761.37,1775980618000
1775980620.32,120.32,0.46,0.48,0.52,0.54,0.02,0.02,71761.37,1775980618000
1775980620.692,120.692,0.46,0.48,0.52,0.54,0.02,0.02,71761.37,1775980619000
1775980621.056,121.056,0.46,0.47,0.53,0.54,0.01,0.01,71761.37,1775980619000
1775980621.39,121.39,0.47,0.48,0.52,0.53,0.01,0.01,71761.37,1775980620000
1775980621.885,121.885,0.47,0.48,0.52,0.53,0.01,0.01,71761.37,1775980620000
1775980622.276,122.276,0.46,0.47,0.53,0.54,0.01,0.01,71761.37,1775980620000
1775980622.611,122.611,0.47,0.49,0.52,0.53,0.02,0.01,71761.37,1775980620000
1775980622.975,122.975,0.48,0.49,0.51,0.53,0.01,0.02,71758.16,1775980621000
1775980623.324,123.324,0.48,0.49,0.51,0.52,0.01,0.01,71757.99,1775980622000
1775980623.733,123.733,0.47,0.49,0.51,0.52,0.02,0.01,71757.99,1775980622000
1775980624.399,124.399,0.45,0.46,0.53,0.54,0.01,0.01,71757.99,1775980622000
1775980625.086,125.086,0.44,0.45,0.54,0.55,0.01,0.01,71757.99,1775980623000
1775980625.52,125.52,0.44,0.45,0.55,0.56,0.01,0.01,71758.16,1775980624000
1775980626.136,126.136,0.45,0.46,0.54,0.56,0.01,0.02,71758.16,1775980624000
1775980626.651,126.651,0.45,0.46,0.54,0.55,0.01,0.01,71758.16,1775980624000
1775980627.099,127.099,0.45,0.46,0.54,0.55,0.01,0.01,71758.18,1775980625000
1775980627.498,127.498,0.46,0.47,0.53,0.54,0.01,0.01,71757.59,1775980626000
1775980628.027,128.027,0.46,0.47,0.53,0.54,0.01,0.01,71757.59,1775980626000
1775980628.444,128.444,0.46,0.48,0.53,0.54,0.02,0.01,71757.59,1775980626000
1775980628.867,128.867,0.47,0.48,0.52,0.54,0.01,0.02,71757.6,1775980627000
1775980629.216,129.216,0.47,0.48,0.52,0.53,0.01,0.01,71757.6,1775980628000
1775980630.105,130.105,0.48,0.49,0.52,0.53,0.01,0.01,71757.6,1775980628000
1775980630.457,130.457,0.48,0.49,0.51,0.52,0.01,0.01,71757.6,1775980628000
1775980630.978,130.978,0.49,0.5,0.5,0.51,0.01,0.01,71756.67,1775980629000
1775980631.51,131.51,0.49,0.5,0.5,0.51,0.01,0.01,71756.67,1775980629000
1775980631.975,131.975,0.49,0.5,0.5,0.51,0.01,0.01,71757.97,1775980630000
1775980632.308,132.308,0.49,0.5,0.5,0.51,0.01,0.01,71756.61,1775980631000
1775980633.167,133.167,0.49,0.5,0.5,0.51,0.01,0.01,71758.7,1775980632000
1775980633.841,133.841,0.48,0.5,0.5,0.51,0.02,0.01,71758.7,1775980632000
1775980634.194,134.194,0.49,0.5,0.5,0.52,0.01,0.02,71758.7,1775980632000
1775980634.654,134.654,0.49,0.5,0.5,0.51,0.01,0.01,71758.7,1775980632000
1775980635.081,135.081,0.49,0.5,0.5,0.51,0.01,0.01,71758.7,1775980632000
1775980635.527,135.527,0.49,0.5,0.5,0.51,0.01,0.01,71758.66,1775980634000
1775980636.046,136.046,0.49,0.5,0.5,0.51,0.01,0.01,71758.66,1775980634000
1775980636.409,136.409,0.48,0.49,0.51,0.52,0.01,0.01,71758.63,1775980635000
1775980636.892,136.892,0.48,0.5,0.51,0.52,0.02,0.01,71758.63,1775980635000
1775980637.308,137.308,0.48,0.5,0.5,0.52,0.02,0.02,71758.63,1775980636000
1775980637.809,137.809,0.48,0.49,0.5,0.51,0.01,0.01,71758.63,1775980636000
1775980638.18,138.18,0.45,0.49,0.51,0.52,0.04,0.01,71758.63,1775980636000
1775980639.1,139.1,0.47,0.48,0.51,0.55,0.01,0.04,71758.64,1775980637000
1775980639.457,139.457,0.47,0.48,0.52,0.53,0.01,0.01,71758.35,1775980638000
1775980640.015,140.015,0.47,0.48,0.51,0.53,0.01,0.02,71758.35,1775980638000
1775980640.63,140.63,0.46,0.47,0.52,0.54,0.01,0.02,71758.3,1775980639000
1775980641.121,141.121,0.46,0.47,0.53,0.54,0.01,0.01,71758.17,1775980640000
1775980642.122,142.122,0.46,0.47,0.53,0.54,0.01,0.01,71758.15,1775980641000
1775980642.529,142.529,0.45,0.47,0.53,0.54,0.02,0.01,71758.15,1775980641000
1775980643.063,143.063,0.44,0.46,0.54,0.56,0.02,0.02,71758.15,1775980642000
1775980643.625,143.625,0.45,0.46,0.54,0.55,0.01,0.01,71758.15,1775980642000
1775980643.982,143.982,0.45,0.46,0.54,0.55,0.01,0.01,71758.15,1775980642000
1775980645.151,145.151,0.45,0.46,0.52,0.53,0.01,0.01,71758.18,1775980643000
1775980645.493,145.493,0.45,0.46,0.54,0.55,0.01,0.01,71757.54,1775980644000
1775980645.885,145.885,0.45,0.46,0.54,0.55,0.01,0.01,71757.54,1775980645000
1775980646.279,146.279,0.45,0.46,0.54,0.55,0.01,0.01,71757.54,1775980645000
1775980646.658,146.658,0.48,0.49,0.54,0.55,0.01,0.01,71757.54,1775980645000
1775980647.075,147.075,0.48,0.49,0.51,0.52,0.01,0.01,71757.42,1775980646000
1775980647.905,147.905,0.48,0.49,0.51,0.52,0.01,0.01,71757.42,1775980646000
1775980648.277,148.277,0.48,0.49,0.51,0.52,0.01,0.01,71757.42,1775980647000
1775980649.057,149.057,0.48,0.49,0.51,0.52,0.01,0.01,71757.69,1775980648000
1775980649.779,149.779,0.48,0.49,0.51,0.52,0.01,0.01,71757.69,1775980648000
1775980650.134,150.134,0.47,0.48,0.52,0.53,0.01,0.01,71758.04,1775980649000
1775980650.522,150.522,0.46,0.47,0.53,0.54,0.01,0.01,71758.04,1775980649000
1775980650.866,150.866,0.46,0.47,0.53,0.54,0.01,0.01,71758.04,1775980649000
1775980651.201,151.201,0.45,0.46,0.54,0.55,0.01,0.01,71758.04,1775980649000
1775980651.543,151.543,0.43,0.46,0.54,0.57,0.03,0.03,71757.65,1775980650000
1775980651.88,151.88,0.37,0.43,0.57,0.63,0.06,0.06,71757.65,1775980650000
1775980652.217,152.217,0.34,0.36,0.65,0.66,0.02,0.01,71757.65,1775980650000
1775980652.556,152.556,0.34,0.35,0.65,0.66,0.01,0.01,71757.07,1775980651000
1775980652.908,152.908,0.37,0.38,0.64,0.65,0.01,0.01,71757.07,1775980651000
1775980653.276,153.276,0.37,0.38,0.62,0.63,0.01,0.01,71757.07,1775980651000
1775980653.618,153.618,0.37,0.38,0.62,0.63,0.01,0.01,71754.5,1775980652000
1775980654.07,154.07,0.31,0.32,0.65,0.68,0.01,0.03,71754.5,1775980652000
1775980654.413,154.413,0.31,0.32,0.68,0.69,0.01,0.01,71751.17,1775980653000
1775980654.8,154.8,0.32,0.34,0.66,0.67,0.02,0.01,71751.17,1775980653000
1775980655.137,155.137,0.33,0.34,0.66,0.67,0.01,0.01,71751.17,1775980653000
1775980655.474,155.474,0.35,0.42,0.58,0.65,0.07,0.07,71749.55,1775980654000
1775980655.81,155.81,0.37,0.38,0.62,0.63,0.01,0.01,71750.02,1775980655000
1775980656.207,156.207,0.39,0.4,0.6,0.61,0.01,0.01,71750.02,1775980655000
1775980656.569,156.569,0.37,0.38,0.61,0.63,0.01,0.02,71750.02,1775980655000
1775980656.905,156.905,0.39,0.4,0.6,0.61,0.01,0.01,71750.02,1775980655000
1775980657.263,157.263,0.36,0.37,0.61,0.67,0.01,0.06,71750.13,1775980656000
1775980657.605,157.605,0.37,0.4,0.61,0.65,0.03,0.04,71750.13,1775980656000
1775980657.945,157.945,0.35,0.36,0.63,0.64,0.01,0.01,71750.13,1775980656000
1775980658.413,158.413,0.38,0.4,0.63,0.64,0.02,0.01,71750.13,1775980657000
1775980659.137,159.137,0.38,0.4,0.6,0.62,0.02,0.02,71749.76,1775980658000
1775980659.534,159.534,0.37,0.38,0.62,0.63,0.01,0.01,71749.76,1775980658000
1775980659.868,159.868,0.34,0.35,0.65,0.66,0.01,0.01,71749.76,1775980658000
1775980660.726,160.726,0.34,0.35,0.65,0.66,0.01,0.01,71750.58,1775980659000
1775980661.258,161.258,0.34,0.35,0.65,0.66,0.01,0.01,71749.89,1775980660000
1775980661.617,161.617,0.34,0.36,0.65,0.66,0.02,0.01,71749.89,1775980660000
1775980662.101,162.101,0.34,0.35,0.65,0.66,0.01,0.01,71749.89,1775980660000
1775980662.508,162.508,0.35,0.36,0.64,0.65,0.01,0.01,71749.89,1775980660000
1775980662.988,162.988,0.36,0.37,0.63,0.65,0.01,0.02,71749.89,1775980661000
1775980663.333,163.333,0.34,0.35,0.65,0.66,0.01,0.01,71749.79,1775980662000
1775980663.85,163.85,0.34,0.35,0.65,0.66,0.01,0.01,71749.79,1775980662000
1775980664.238,164.238,0.36,0.37,0.63,0.65,0.01,0.02,71749.79,1775980662000
1775980664.598,164.598,0.36,0.37,0.63,0.64,0.01,0.01,71749.68,1775980663000
1775980664.941,164.941,0.31,0.33,0.67,0.69,0.02,0.02,71749.68,1775980663000
1775980665.354,165.354,0.34,0.35,0.65,0.66,0.01,0.01,71749.89,1775980664000
1775980665.806,165.806,0.34,0.35,0.65,0.66,0.01,0.01,71749.89,1775980664000
1775980666.381,166.381,0.36,0.37,0.63,0.64,0.01,0.01,71750.01,1775980665000
1775980666.897,166.897,0.35,0.36,0.63,0.64,0.01,0.01,71750.01,1775980665000
1775980667.271,167.271,0.36,0.37,0.63,0.64,0.01,0.01,71750.38,1775980666000
1775980667.775,167.775,0.37,0.39,0.61,0.64,0.02,0.03,71750.38,1775980666000
1775980668.375,168.375,0.38,0.39,0.61,0.62,0.01,0.01,71749.98,1775980667000
1775980668.712,168.712,0.39,0.41,0.61,0.62,0.02,0.01,71749.98,1775980667000
1775980669.188,169.188,0.4,0.41,0.59,0.6,0.01,0.01,71750.23,1775980668000
1775980669.581,169.581,0.39,0.4,0.59,0.8,0.01,0.21,71750.23,1775980668000
1775980669.914,169.914,0.39,0.4,0.6,0.61,0.01,0.01,71750.23,1775980668000
1775980670.254,170.254,0.39,0.4,0.6,0.61,0.01,0.01,71750.23,1775980668000
1775980670.596,170.596,0.38,0.39,0.61,0.62,0.01,0.01,71750.36,1775980669000
1775980671.055,171.055,0.38,0.4,0.61,0.62,0.02,0.01,71750.36,1775980669000
1775980671.417,171.417,0.38,0.4,0.61,0.62,0.02,0.01,71750.85,1775980670000
1775980671.8,171.8,0.39,0.41,0.59,0.61,0.02,0.02,71750.85,1775980670000
1775980672.213,172.213,0.4,0.41,0.59,0.61,0.01,0.02,71750.85,1775980670000
1775980672.563,172.563,0.4,0.41,0.59,0.6,0.01,0.01,71752.23,1775980671000
1775980673.059,173.059,0.36,0.37,0.61,0.82,0.01,0.21,71752.23,1775980671000
1775980673.422,173.422,0.36,0.37,0.63,0.64,0.01,0.01,71751.04,1775980672000
1775980673.779,173.779,0.32,0.34,0.64,0.69,0.02,0.05,71751.04,1775980672000
1775980674.121,174.121,0.34,0.36,0.64,0.67,0.02,0.03,71751.04,1775980672000
1775980674.524,174.524,0.37,0.38,0.63,0.65,0.01,0.02,71751.04,1775980672000
1775980674.867,174.867,0.4,0.41,0.59,0.62,0.01,0.03,71750.78,1775980673000
1775980675.288,175.288,0.39,0.41,0.6,0.61,0.02,0.01,71750.78,1775980673000
1775980675.831,175.831,0.36,0.4,0.59,0.6,0.04,0.01,71750.92,1775980674000
1775980676.462,176.462,0.36,0.37,0.63,0.64,0.01,0.01,71750.92,1775980674000
1775980677.07,177.07,0.37,0.38,0.62,0.64,0.01,0.02,71750.92,1775980674000
1775980677.68,177.68,0.37,0.38,0.62,0.63,0.01,0.01,71750.91,1775980675000
1775980678.014,178.014,0.36,0.37,0.63,0.64,0.01,0.01,71750.99,1775980676000
1775980678.368,178.368,0.35,0.37,0.63,0.64,0.02,0.01,71750.99,1775980676000
1775980678.852,178.852,0.35,0.37,0.63,0.65,0.02,0.02,71750.84,1775980677000
1775980679.345,179.345,0.26,0.36,0.64,0.65,0.1,0.01,71750.84,1775980677000
1775980679.873,179.873,0.34,0.36,0.65,0.66,0.02,0.01,71751.23,1775980678000
1775980680.288,180.288,0.33,0.34,0.65,0.66,0.01,0.01,71751.23,1775980678000
1775980680.664,180.664,0.34,0.37,0.65,0.66,0.03,0.01,71750.38,1775980679000
1775980681.013,181.013,0.37,0.39,0.62,0.63,0.02,0.01,71750.38,1775980679000
1775980681.414,181.414,0.37,0.38,0.61,0.63,0.01,0.02,71750.38,1775980679000
1775980681.86,181.86,0.36,0.37,0.63,0.64,0.01,0.01,71748.75,1775980680000
1775980682.751,182.751,0.24,0.37,0.63,0.64,0.13,0.01,71748.75,1775980680000
1775980683.658,183.658,0.36,0.37,0.63,0.64,0.01,0.01,71749.02,1775980681000
1775980684.08,184.08,0.36,0.38,0.63,0.64,0.02,0.01,71749.16,1775980682000
1775980684.431,184.431,0.39,0.4,0.6,0.61,0.01,0.01,71749.16,1775980682000
1775980684.808,184.808,0.39,0.4,0.6,0.61,0.01,0.01,71749.19,1775980683000
1775980685.213,185.213,0.39,0.4,0.6,0.61,0.01,0.01,71749.19,1775980683000
1775980685.588,185.588,0.28,0.4,0.6,0.61,0.12,0.01,71749.19,1775980683000
1775980686.138,186.138,0.34,0.35,0.65,0.66,0.01,0.01,71749.19,1775980684000
1775980686.59,186.59,0.31,0.35,0.65,0.69,0.04,0.04,71749.9,1775980685000
1775980686.93,186.93,0.33,0.34,0.66,0.68,0.01,0.02,71749.9,1775980685000
1775980687.277,187.277,0.32,0.34,0.66,0.67,0.02,0.01,71749.9,1775980685000
1775980687.637,187.637,0.32,0.34,0.67,0.68,0.02,0.01,71750.58,1775980686000
1775980688.15,188.15,0.33,0.35,0.65,0.66,0.02,0.01,71750.58,1775980686000
1775980688.535,188.535,0.35,0.36,0.64,0.65,0.01,0.01,71750.58,1775980686000
1775980689.11,189.11,0.35,0.38,0.64,0.65,0.03,0.01,71750.07,1775980687000
1775980689.581,189.581,0.36,0.37,0.63,0.64,0.01,0.01,71750.07,1775980688000
1775980689.932,189.932,0.36,0.37,0.63,0.64,0.01,0.01,71750.07,1775980688000
1775980690.291,190.291,0.36,0.37,0.63,0.64,0.01,0.01,71749.8,1775980689000
1775980690.924,190.924,0.37,0.38,0.62,0.63,0.01,0.01,71749.8,1775980689000
1775980691.277,191.277,0.37,0.38,0.6,0.62,0.01,0.02,71749.8,1775980689000
1775980691.665,191.665,0.37,0.38,0.62,0.63,0.01,0.01,71749.82,1775980690000
1775980692.014,192.014,0.37,0.38,0.62,0.63,0.01,0.01,71749.94,1775980691000
1775980692.65,192.65,0.12,0.37,0.63,0.64,0.25,0.01,71749.94,1775980691000
1775980692.995,192.995,0.32,0.33,0.67,0.69,0.01,0.02,71749.94,1775980691000
1775980693.378,193.378,0.34,0.37,0.63,0.66,0.03,0.03,71749.94,1775980692000
1775980693.803,193.803,0.31,0.38,0.63,0.66,0.07,0.03,71749.94,1775980692000
1775980694.152,194.152,0.35,0.36,0.64,0.65,0.01,0.01,71749.94,1775980692000
1775980694.687,194.687,0.39,0.4,0.6,0.64,0.01,0.04,71749.94,1775980692000
1775980695.186,195.186,0.39,0.4,0.6,0.61,0.01,0.01,71749.94,1775980692000
1775980695.547,195.547,0.36,0.4,0.6,0.61,0.04,0.01,71749.87,1775980694000
1775980696.122,196.122,0.38,0.39,0.61,0.62,0.01,0.01,71749.87,1775980694000
1775980696.687,196.687,0.38,0.39,0.61,0.62,0.01,0.01,71749.87,1775980694000
1775980697.155,197.155,0.38,0.39,0.61,0.62,0.01,0.01,71750.54,1775980695000
1775980697.88,197.88,0.38,0.39,0.61,0.62,0.01,0.01,71750.56,1775980696000
1775980698.424,198.424,0.38,0.39,0.61,0.62,0.01,0.01,71750.56,1775980697000
1775980698.766,198.766,0.38,0.39,0.61,0.62,0.01,0.01,71750.56,1775980697000
1775980699.11,199.11,0.3,0.39,0.61,0.62,0.09,0.01,71750.56,1775980698000
1775980699.487,199.487,0.38,0.39,0.61,0.7,0.01,0.09,71750.56,1775980698000
1775980699.984,199.984,0.38,0.39,0.61,0.62,0.01,0.01,71750.56,1775980698000
1775980700.436,200.436,0.38,0.39,0.61,0.62,0.01,0.01,71750.19,1775980699000
1775980700.776,200.776,0.38,0.39,0.61,0.62,0.01,0.01,71750.19,1775980699000
1775980701.26,201.26,0.38,0.4,0.61,0.62,0.02,0.01,71750.19,1775980699000
1775980701.657,201.657,0.39,0.4,0.6,0.61,0.01,0.01,71750.19,1775980700000
1775980702.124,202.124,0.41,0.42,0.58,0.59,0.01,0.01,71750.19,1775980700000
1775980702.474,202.474,0.26,0.42,0.58,0.59,0.16,0.01,71750.2,1775980701000
1775980702.868,202.868,0.39,0.4,0.6,0.61,0.01,0.01,71750.2,1775980701000
1775980703.22,203.22,0.38,0.39,0.61,0.62,0.01,0.01,71750.33,1775980702000
1775980703.682,203.682,0.41,0.42,0.58,0.6,0.01,0.02,71750.33,1775980702000
1775980704.174,204.174,0.41,0.42,0.58,0.59,0.01,0.01,71750.64,1775980703000
1775980704.67,204.67,0.41,0.42,0.58,0.59,0.01,0.01,71750.64,1775980703000
1775980705.08,205.08,0.41,0.42,0.59,0.6,0.01,0.01,71750.64,1775980703000
1775980705.517,205.517,0.4,0.41,0.58,0.59,0.01,0.01,71751.04,1775980704000
1775980705.88,205.88,0.4,0.41,0.59,0.6,0.01,0.01,71751.51,1775980705000
1775980706.507,206.507,0.42,0.43,0.59,0.6,0.01,0.01,71751.51,1775980705000
1775980706.851,206.851,0.43,0.44,0.56,0.57,0.01,0.01,71751.51,1775980705000
1775980707.19,207.19,0.35,0.36,0.64,0.65,0.01,0.01,71752.07,1775980706000
1775980707.553,207.553,0.38,0.43,0.6,0.63,0.05,0.03,71752.07,1775980706000
1775980707.922,207.922,0.49,0.5,0.52,0.56,0.01,0.04,71752.07,1775980706000
1775980708.261,208.261,0.5,0.51,0.49,0.5,0.01,0.01,71751.94,1775980707000
1775980708.612,208.612,0.46,0.49,0.54,0.55,0.03,0.01,71751.94,1775980707000
1775980708.946,208.946,0.5,0.51,0.5,0.51,0.01,0.01,71751.94,1775980707000
1775980709.335,209.335,0.5,0.51,0.49,0.5,0.01,0.01,71751.64,1775980708000
1775980709.689,209.689,0.5,0.51,0.49,0.5,0.01,0.01,71751.64,1775980708000
1775980710.065,210.065,0.5,0.51,0.49,0.5,0.01,0.01,71751.64,1775980708000
1775980710.411,210.411,0.5,0.51,0.49,0.5,0.01,0.01,71751.36,1775980709000
1775980710.759,210.759,0.5,0.51,0.49,0.5,0.01,0.01,71751.36,1775980709000
1775980711.095,211.095,0.5,0.51,0.49,0.5,0.01,0.01,71751.36,1775980709000
1775980711.464,211.464,0.44,0.45,0.49,0.5,0.01,0.01,71751.36,1775980709000
1775980711.874,211.874,0.48,0.49,0.55,0.57,0.01,0.02,71751.36,1775980710000
1775980712.214,212.214,0.48,0.51,0.51,0.52,0.03,0.01,71751.36,1775980710000
1775980712.578,212.578,0.5,0.52,0.49,0.5,0.02,0.01,71751.36,1775980710000
1775980713.05,213.05,0.5,0.51,0.49,0.5,0.01,0.01,71751.43,1775980711000
1775980713.467,213.467,0.25,0.51,0.49,0.5,0.26,0.01,71751.41,1775980712000
1775980714.267,214.267,0.43,0.44,0.51,0.6,0.01,0.09,71751.41,1775980712000
1775980714.695,214.695,0.43,0.44,0.56,0.57,0.01,0.01,71751.11,1775980713000
1775980715.275,215.275,0.43,0.44,0.56,0.57,0.01,0.01,71750.46,1775980714000
1775980715.627,215.627,0.46,0.47,0.53,0.56,0.01,0.03,71750.46,1775980714000
1775980716.199,216.199,0.44,0.45,0.53,0.54,0.01,0.01,71750.46,1775980714000
1775980716.651,216.651,0.4,0.41,0.55,0.6,0.01,0.05,71750.16,1775980715000
1775980717.033,217.033,0.37,0.38,0.62,0.63,0.01,0.01,71750.16,1775980715000
1775980717.577,217.577,0.41,0.42,0.58,0.6,0.01,0.02,71750.16,1775980715000
1775980718.108,218.108,0.41,0.42,0.58,0.59,0.01,0.01,71750.1,1775980716000
1775980718.536,218.536,0.41,0.42,0.58,0.59,0.01,0.01,71750.17,1775980717000
1775980719.334,219.334,0.42,0.43,0.57,0.58,0.01,0.01,71750.17,1775980717000
1775980719.753,219.753,0.42,0.43,0.57,0.58,0.01,0.01,71750.17,1775980718000
1775980720.103,220.103,0.4,0.41,0.59,0.6,0.01,0.01,71750.17,1775980718000
1775980720.978,220.978,0.4,0.41,0.59,0.6,0.01,0.01,71750.11,1775980719000
1775980721.422,221.422,0.4,0.41,0.59,0.6,0.01,0.01,71749.98,1775980720000
1775980722.009,222.009,0.4,0.42,0.58,0.6,0.02,0.02,71749.98,1775980721000
1775980722.51,222.51,0.41,0.42,0.58,0.59,0.01,0.01,71749.98,1775980721000
1775980723.112,223.112,0.41,0.43,0.58,0.59,0.02,0.01,71749.98,1775980721000
1775980723.498,223.498,0.38,0.39,0.6,0.62,0.01,0.02,71750.45,1775980722000
1775980723.875,223.875,0.38,0.39,0.61,0.62,0.01,0.01,71750.45,1775980722000
1775980724.396,224.396,0.38,0.39,0.6,0.62,0.01,0.02,71750.45,1775980722000
1775980724.839,224.839,0.39,0.42,0.6,0.61,0.03,0.01,71750,1775980723000
1775980725.229,225.229,0.42,0.43,0.57,0.61,0.01,0.04,71750,1775980723000
1775980725.706,225.706,0.4,0.43,0.57,0.58,0.03,0.01,71750.35,1775980724000
1775980726.169,226.169,0.41,0.42,0.58,0.59,0.01,0.01,71750.35,1775980724000
1775980726.627,226.627,0.45,0.46,0.54,0.55,0.01,0.01,71749.31,1775980725000
1775980726.968,226.968,0.39,0.47,0.6,0.62,0.08,0.02,71749.31,1775980725000
1775980727.605,227.605,0.41,0.42,0.58,0.59,0.01,0.01,71750.0,1775980726000
1775980728.004,228.004,0.42,0.43,0.57,0.59,0.01,0.02,71750.0,1775980726000
1775980728.341,228.341,0.53,0.54,0.47,0.49,0.01,0.02,71750.0,1775980726000
1775980728.677,228.677,0.59,0.6,0.4,0.41,0.01,0.01,71750.0,1775980726000
1775980729.01,229.01,0.65,0.67,0.33,0.35,0.02,0.02,71750.38,1775980727000
1775980729.408,229.408,0.66,0.67,0.33,0.34,0.01,0.01,71751.98,1775980728000
1775980729.747,229.747,0.7,0.71,0.3,0.31,0.01,0.01,71751.98,1775980728000
1775980730.171,230.171,0.71,0.72,0.28,0.29,0.01,0.01,71752.14,1775980729000
1775980730.558,230.558,0.71,0.72,0.28,0.31,0.01,0.03,71752.14,1775980729000
1775980730.9,230.9,0.69,0.71,0.29,0.31,0.02,0.02,71752.14,1775980729000
1775980731.239,231.239,0.72,0.73,0.27,0.28,0.01,0.01,71756.05,1775980730000
1775980731.59,231.59,0.69,0.73,0.27,0.28,0.04,0.01,71756.05,1775980730000
1775980731.937,231.937,0.73,0.74,0.26,0.27,0.01,0.01,71756.09,1775980731000
1775980732.434,232.434,0.75,0.76,0.24,0.26,0.01,0.02,71756.09,1775980731000
1775980732.775,232.775,0.73,0.74,0.26,0.27,0.01,0.01,71756.09,1775980731000
1775980733.117,233.117,0.73,0.74,0.26,0.27,0.01,0.01,71756.09,1775980731000
1775980733.479,233.479,0.75,0.76,0.24,0.25,0.01,0.01,71756.85,1775980732000
1775980733.814,233.814,0.75,0.76,0.24,0.25,0.01,0.01,71756.85,1775980732000
1775980734.149,234.149,0.68,0.72,0.27,0.32,0.04,0.05,71756.85,1775980732000
1775980734.496,234.496,0.68,0.7,0.3,0.33,0.02,0.03,71756.86,1775980733000
1775980734.839,234.839,0.69,0.7,0.31,0.32,0.01,0.01,71756.86,1775980733000
1775980735.176,235.176,0.66,0.67,0.32,0.33,0.01,0.01,71756.86,1775980733000
1775980735.712,235.712,0.66,0.67,0.33,0.34,0.01,0.01,71755.29,1775980734000
1775980736.137,236.137,0.64,0.67,0.33,0.36,0.03,0.03,71755.09,1775980735000
1775980736.529,236.529,0.68,0.69,0.31,0.36,0.01,0.05,71755.09,1775980735000
1775980736.868,236.868,0.65,0.69,0.31,0.32,0.04,0.01,71755.09,1775980735000
1775980737.275,237.275,0.68,0.69,0.31,0.32,0.01,0.01,71757.17,1775980736000
1775980737.629,237.629,0.66,0.68,0.31,0.32,0.02,0.01,71757.17,1775980736000
1775980738.182,238.182,0.67,0.68,0.32,0.33,0.01,0.01,71757.09,1775980737000
1775980738.551,238.551,0.5,0.58,0.31,0.35,0.08,0.04,71757.09,1775980737000
1775980738.899,238.899,0.53,0.55,0.46,0.47,0.02,0.01,71757.09,1775980737000
1775980739.232,239.232,0.63,0.64,0.36,0.42,0.01,0.06,71757.05,1775980738000
1775980739.624,239.624,0.62,0.64,0.36,0.37,0.02,0.01,71757.05,1775980738000
1775980740.105,240.105,0.64,0.65,0.35,0.36,0.01,0.01,71757.05,1775980739000
1775980740.474,240.474,0.65,0.66,0.34,0.35,0.01,0.01,71757.05,1775980739000
1775980740.839,240.839,0.67,0.68,0.33,0.34,0.01,0.01,71757.05,1775980739000
1775980741.285,241.285,0.58,0.59,0.41,0.43,0.01,0.02,71757.05,1775980739000
1775980741.678,241.678,0.6,0.61,0.39,0.4,0.01,0.01,71757.06,1775980740000
1775980742.039,242.039,0.66,0.67,0.3,0.36,0.01,0.06,71757.06,1775980741000
1775980742.39,242.39,0.69,0.7,0.3,0.31,0.01,0.01,71757.06,1775980741000
1775980742.735,242.735,0.67,0.68,0.32,0.33,0.01,0.01,71757.06,1775980741000
1775980743.131,243.131,0.65,0.66,0.34,0.35,0.01,0.01,71756.01,1775980742000
1775980743.474,243.474,0.63,0.65,0.36,0.37,0.02,0.01,71756.01,1775980742000
1775980743.827,243.827,0.69,0.7,0.3,0.33,0.01,0.03,71756.01,1775980742000
1775980744.254,244.254,0.7,0.71,0.29,0.3,0.01,0.01,71755.73,1775980743000
1775980744.725,244.725,0.69,0.7,0.3,0.31,0.01,0.01,71755.73,1775980743000
1775980745.139,245.139,0.7,0.71,0.29,0.31,0.01,0.02,71755.02,1775980744000
1775980745.831,245.831,0.7,0.71,0.29,0.3,0.01,0.01,71755.02,1775980744000
1775980746.164,246.164,0.56,0.57,0.42,0.43,0.01,0.01,71755.23,1775980745000
1775980746.51,246.51,0.6,0.61,0.39,0.41,0.01,0.02,71755.23,1775980745000
1775980746.931,246.931,0.66,0.7,0.31,0.37,0.04,0.06,71755.23,1775980745000
1775980747.319,247.319,0.68,0.69,0.29,0.32,0.01,0.03,71755.17,1775980746000
1775980747.669,247.669,0.67,0.68,0.32,0.33,0.01,0.01,71755.17,1775980746000
1775980748.098,248.098,0.67,0.69,0.3,0.31,0.02,0.01,71755.17,1775980746000
1775980748.434,248.434,0.67,0.68,0.32,0.33,0.01,0.01,71753.06,1775980747000
1775980748.781,248.781,0.67,0.68,0.32,0.33,0.01,0.01,71753.06,1775980747000
1775980749.123,249.123,0.74,0.75,0.25,0.26,0.01,0.01,71752.64,1775980748000
1775980749.551,249.551,0.76,0.77,0.25,0.26,0.01,0.01,71752.64,1775980748000
1775980749.921,249.921,0.76,0.77,0.23,0.24,0.01,0.01,71754.01,1775980749000
1775980750.266,250.266,0.76,0.77,0.23,0.24,0.01,0.01,71754.01,1775980749000
1775980750.659,250.659,0.73,0.75,0.23,0.24,0.02,0.01,71754.01,1775980749000
1775980751.007,251.007,0.72,0.73,0.27,0.28,0.01,0.01,71754.01,1775980749000
1775980751.424,251.424,0.71,0.72,0.28,0.29,0.01,0.01,71754.01,1775980750000
1775980751.886,251.886,0.71,0.72,0.26,0.29,0.01,0.03,71754.01,1775980750000
1775980752.347,252.347,0.71,0.72,0.27,0.29,0.01,0.02,71753.36,1775980751000
1775980752.719,252.719,0.71,0.72,0.28,0.29,0.01,0.01,71753.36,1775980751000
1775980753.1,253.1,0.32,0.76,0.23,0.25,0.44,0.02,71753.36,1775980752000
1775980753.515,253.515,0.61,0.62,0.37,0.41,0.01,0.04,71753.36,1775980752000
1775980753.872,253.872,0.65,0.66,0.34,0.35,0.01,0.01,71753.36,1775980752000
1775980754.279,254.279,0.73,0.74,0.26,0.27,0.01,0.01,71753.49,1775980753000
1775980754.628,254.628,0.71,0.72,0.28,0.29,0.01,0.01,71753.49,1775980753000
1775980754.968,254.968,0.7,0.71,0.29,0.3,0.01,0.01,71753.49,1775980753000
1775980755.387,255.387,0.71,0.74,0.26,0.29,0.03,0.03,71754.5,1775980754000
1775980755.877,255.877,0.7,0.72,0.29,0.3,0.02,0.01,71754.5,1775980754000
1775980756.386,256.386,0.7,0.71,0.28,0.3,0.01,0.02,71754.16,1775980755000
1775980756.758,256.758,0.7,0.71,0.29,0.3,0.01,0.01,71754.16,1775980755000
1775980757.147,257.147,0.7,0.71,0.29,0.3,0.01,0.01,71753.96,1775980756000
1775980757.487,257.487,0.7,0.71,0.29,0.3,0.01,0.01,71753.96,1775980756000
1775980757.829,257.829,0.73,0.74,0.26,0.27,0.01,0.01,71753.96,1775980756000
1775980758.212,258.212,0.69,0.7,0.3,0.33,0.01,0.03,71753.96,1775980757000
1775980758.724,258.724,0.67,0.68,0.32,0.33,0.01,0.01,71753.96,1775980757000
1775980759.084,259.084,0.67,0.68,0.32,0.33,0.01,0.01,71753.96,1775980757000
1775980759.591,259.591,0.67,0.68,0.32,0.33,0.01,0.01,71754.11,1775980758000
1775980760.005,260.005,0.66,0.67,0.32,0.34,0.01,0.02,71754.09,1775980759000
1775980760.407,260.407,0.76,0.77,0.23,0.24,0.01,0.01,71754.09,1775980759000
1775980760.791,260.791,0.76,0.77,0.23,0.24,0.01,0.01,71754.09,1775980759000
1775980761.132,261.132,0.6,0.61,0.42,0.48,0.01,0.06,71754.09,1775980759000
1775980761.508,261.508,0.59,0.62,0.36,0.42,0.03,0.06,71754.06,1775980760000
1775980761.92,261.92,0.66,0.67,0.33,0.37,0.01,0.04,71754.06,1775980760000
1775980762.421,262.421,0.66,0.67,0.33,0.34,0.01,0.01,71753.91,1775980761000
1775980762.76,262.76,0.73,0.75,0.25,0.26,0.02,0.01,71753.91,1775980761000
1775980763.299,263.299,0.76,0.77,0.22,0.24,0.01,0.02,71753.91,1775980761000
1775980763.764,263.764,0.76,0.77,0.23,0.24,0.01,0.01,71753.68,1775980762000
1775980764.176,264.176,0.76,0.79,0.21,0.22,0.03,0.01,71753.68,1775980762000
1775980764.912,264.912,0.77,0.78,0.22,0.24,0.01,0.02,71753.68,1775980762000
1775980765.291,265.291,0.76,0.78,0.22,0.23,0.02,0.01,71753.68,1775980763000
1775980765.705,265.705,0.77,0.78,0.22,0.24,0.01,0.02,71754.2,1775980764000
1775980766.057,266.057,0.78,0.79,0.21,0.24,0.01,0.03,71754.2,1775980764000
1775980766.457,266.457,0.77,0.79,0.23,0.24,0.02,0.01,71754.19,1775980765000
1775980766.803,266.803,0.77,0.78,0.22,0.23,0.01,0.01,71754.19,1775980765000
1775980767.146,267.146,0.77,0.79,0.21,0.22,0.02,0.01,71754.19,1775980765000
1775980767.488,267.488,0.72,0.74,0.27,0.28,0.02,0.01,71754.19,1775980766000
1775980767.833,267.833,0.72,0.73,0.27,0.28,0.01,0.01,71754.19,1775980766000
1775980768.168,268.168,0.72,0.75,0.25,0.28,0.03,0.03,71754.26,1775980767000
1775980768.509,268.509,0.76,0.77,0.23,0.24,0.01,0.01,71754.26,1775980767000
1775980768.908,268.908,0.77,0.78,0.2,0.26,0.01,0.06,71754.26,1775980767000
1775980769.367,269.367,0.75,0.76,0.23,0.25,0.01,0.02,71754.26,1775980768000
1775980769.852,269.852,0.75,0.76,0.23,0.24,0.01,0.01,71754.26,1775980768000
1775980770.276,270.276,0.76,0.77,0.23,0.24,0.01,0.01,71754.26,1775980768000
1775980770.666,270.666,0.76,0.77,0.23,0.24,0.01,0.01,71754.31,1775980769000
1775980771.013,271.013,0.73,0.74,0.26,0.27,0.01,0.01,71754.31,1775980769000
1775980771.353,271.353,0.73,0.75,0.25,0.27,0.02,0.02,71754.36,1775980770000
1775980771.716,271.716,0.75,0.76,0.2,0.26,0.01,0.06,71754.36,1775980770000
1775980772.096,272.096,0.67,0.7,0.24,0.82,0.03,0.58,71754.36,1775980770000
1775980772.559,272.559,0.76,0.77,0.23,0.25,0.01,0.02,71754.39,1775980771000
1775980772.901,272.901,0.66,0.67,0.32,0.34,0.01,0.02,71754.39,1775980771000
1775980773.258,273.258,0.75,0.76,0.24,0.25,0.01,0.01,71754.24,1775980772000
1775980773.917,273.917,0.75,0.76,0.21,0.25,0.01,0.04,71754.24,1775980772000
1775980774.466,274.466,0.72,0.73,0.26,0.29,0.01,0.03,71754.24,1775980773000
1775980774.877,274.877,0.72,0.73,0.27,0.28,0.01,0.01,71754.24,1775980773000
1775980775.321,275.321,0.08,0.72,0.24,0.26,0.64,0.02,71754.26,1775980774000
1775980775.697,275.697,0.75,0.79,0.25,0.26,0.04,0.01,71754.26,1775980774000
1775980776.05,276.05,0.71,0.72,0.25,0.26,0.01,0.01,71754.26,1775980774000
1775980776.405,276.405,0.59,0.67,0.28,0.74,0.08,0.46,71754.29,1775980775000
1775980776.757,276.757,0.65,0.68,0.34,0.35,0.03,0.01,71754.29,1775980775000
1775980777.285,277.285,0.68,0.7,0.3,0.32,0.02,0.02,71754.39,1775980776000
1775980777.645,277.645,0.74,0.75,0.28,0.29,0.01,0.01,71754.39,1775980776000
1775980778.254,278.254,0.67,0.68,0.29,0.31,0.01,0.02,71754.39,1775980776000
1775980778.629,278.629,0.67,0.68,0.32,0.33,0.01,0.01,71754.39,1775980777000
1775980778.966,278.966,0.67,0.75,0.32,0.33,0.08,0.01,71754.39,1775980777000
1775980779.483,279.483,0.71,0.72,0.29,0.3,0.01,0.01,71754.38,1775980778000
1775980779.825,279.825,0.19,0.28,0.72,0.81,0.09,0.09,71754.38,1775980778000
1775980780.16,280.16,0.17,0.2,0.82,0.83,0.03,0.01,71754.38,1775980778000
1775980780.531,280.531,0.18,0.19,0.8,0.82,0.01,0.02,71754.35,1775980779000
1775980780.979,280.979,0.16,0.17,0.82,0.84,0.01,0.02,71754.35,1775980779000
1775980781.343,281.343,0.18,0.19,0.81,0.82,0.01,0.01,71751.06,1775980780000
1775980781.729,281.729,0.19,0.2,0.8,0.81,0.01,0.01,71751.06,1775980780000
1775980782.082,282.082,0.19,0.22,0.8,0.81,0.03,0.01,71751.06,1775980780000
1775980782.44,282.44,0.08,0.09,0.89,0.92,0.01,0.03,71751.06,1775980780000
1775980782.806,282.806,0.05,0.06,0.94,0.95,0.01,0.01,71736.63,1775980781000
1775980783.163,283.163,0.06,0.12,0.89,0.92,0.06,0.03,71736.63,1775980781000
1775980783.505,283.505,0.08,0.09,0.88,0.95,0.01,0.07,71734.26,1775980782000
1775980783.868,283.868,0.03,0.06,0.91,0.97,0.03,0.06,71734.26,1775980782000
1775980784.212,284.212,0.15,0.16,0.84,0.85,0.01,0.01,71734.26,1775980782000
1775980784.546,284.546,0.15,0.16,0.84,0.85,0.01,0.01,71730.44,1775980783000
1775980784.94,284.94,0.15,0.16,0.84,0.85,0.01,0.01,71730.44,1775980783000
1775980785.307,285.307,0.15,0.16,0.84,0.85,0.01,0.01,71730.44,1775980783000
1775980785.661,285.661,0.04,0.05,0.93,0.97,0.01,0.04,71722.8,1775980784000
1775980786.018,286.018,0.04,0.05,0.95,0.97,0.01,0.02,71722.8,1775980784000
1775980786.351,286.351,0.05,0.11,0.93,0.95,0.06,0.02,71722.78,1775980785000
1775980786.727,286.727,0.05,0.06,0.92,0.95,0.01,0.03,71722.78,1775980785000
1775980787.067,287.067,0.02,0.11,0.93,0.98,0.09,0.05,71722.78,1775980785000
1775980787.464,287.464,0.01,0.02,0.96,0.99,0.01,0.03,71722.75,1775980786000
1775980787.798,287.798,0.02,0.03,0.97,0.98,0.01,0.01,71722.75,1775980786000
1775980788.24,288.24,0.01,0.02,0.98,0.99,0.01,0.01,71722.75,1775980786000
1775980788.585,288.585,0.01,0.03,0.97,0.99,0.02,0.02,71722.75,1775980786000
1775980789.005,289.005,0.02,0.04,0.97,0.99,0.02,0.02,71720.47,1775980787000
1775980789.358,289.358,0.02,0.03,0.96,0.99,0.01,0.03,71720.47,1775980787000
1775980789.716,289.716,0.02,0.03,0.97,0.98,0.01,0.01,71720.47,1775980787000
1775980790.814,290.814,0.01,0.01,0.99,0.99,0.0,0.0,71708.45,1775980789000
1775980791.148,291.148,0.01,0.01,0.99,0.99,0.0,0.0,71708.45,1775980789000
1775980791.498,291.498,0.01,0.01,0.99,0.99,0.0,0.0,71708.45,1775980789000
1775980791.849,291.849,0.01,0.01,0.99,0.99,0.0,0.0,71708.45,1775980789000
1775980792.183,292.183,0.01,0.01,0.99,0.99,0.0,0.0,71708.45,1775980789000
1775980792.539,292.539,0.01,0.01,0.99,0.99,0.0,0.0,71706.27,1775980790000
1775980792.91,292.91,0.01,0.01,0.99,0.99,0.0,0.0,71706.27,1775980790000
1775980793.265,293.265,0.01,0.01,0.99,0.99,0.0,0.0,71706.09,1775980791000
1775980793.598,293.598,0.01,0.01,0.99,0.99,0.0,0.0,71706.09,1775980791000
1775980793.944,293.944,0.01,0.01,0.99,0.99,0.0,0.0,71701.78,1775980792000
1775980794.317,294.317,0.01,0.01,0.99,0.99,0.0,0.0,71701.78,1775980792000
1775980794.686,294.686,0.01,0.01,0.99,0.99,0.0,0.0,71701.78,1775980792000
1775980795.032,295.032,0.01,0.01,0.99,0.99,0.0,0.0,71696.16,1775980793000
1775980795.39,295.39,0.01,0.01,0.99,0.99,0.0,0.0,71696.16,1775980793000
1775980795.747,295.747,0.01,0.01,0.99,0.99,0.0,0.0,71696.16,1775980793000
1775980796.093,296.093,0.01,0.01,0.99,0.99,0.0,0.0,71696.16,1775980793000
1775980796.452,296.452,0.01,0.01,0.99,0.99,0.0,0.0,71694.08,1775980794000
1775980796.804,296.804,0.01,0.01,0.99,0.99,0.0,0.0,71694.0,1775980795000
1775980797.165,297.165,0.01,0.01,0.99,0.99,0.0,0.0,71694.0,1775980795000
1775980797.548,297.548,0.01,0.01,0.99,0.99,0.0,0.0,71694.0,1775980795000
1775980797.887,297.887,0.01,0.01,0.99,0.99,0.0,0.0,71694.0,1775980795000
1775980798.228,298.228,0.01,0.01,0.99,0.99,0.0,0.0,71694.8,1775980796000
1775980798.572,298.572,0.01,0.01,0.99,0.99,0.0,0.0,71695.6,1775980797000
1775980798.908,298.908,0.01,0.01,0.99,0.99,0.0,0.0,71695.6,1775980797000
1775980799.266,299.266,0.01,0.01,0.99,0.99,0.0,0.0,71695.6,1775980797000
1775980799.605,299.605,0.01,0.01,0.99,0.99,0.0,0.0,71695.6,1775980798000
1775980799.958,299.958,0.01,0.01,0.99,0.99,0.0,0.0,71695.6,1775980798000
1775980800.313,300.313,0.01,0.01,0.99,0.99,0.0,0.0,71696.67,1775980799000
1775980800.663,300.663,0.01,0.01,0.99,0.99,0.0,0.0,71696.67,1775980799000
1775980801.136,301.136,0.01,0.01,0.99,0.99,0.0,0.0,71696.74,1775980800000
1775980802.146,302.146,0.01,0.01,0.99,0.99,0.0,0.0,71696.29,1775980801000

# RESULT,winner=Down,slug=btc-updown-5m-1775980500,ticks=697
