timestamp,elapsed_sec,up_bid,up_ask,down_bid,down_ask,up_spread,down_spread,btc_price,btc_oracle_ts
1776792900.516,0.516,0.5,0.51,0.49,0.5,0.01,0.01,75350.88,1776792894000
1776792901.046,1.046,0.5,0.51,0.49,0.5,0.01,0.01,75350.88,1776792894000
1776792901.425,1.425,0.51,0.52,0.52,0.53,0.01,0.01,75350.88,1776792894000
1776792901.902,1.902,0.51,0.52,0.48,0.49,0.01,0.01,75350.88,1776792894000
1776792902.439,2.439,0.51,0.52,0.48,0.49,0.01,0.01,75348.82,1776792901000
1776792902.879,2.879,0.5,0.52,0.48,0.49,0.02,0.01,75348.82,1776792901000
1776792903.225,3.225,0.48,0.49,0.51,0.52,0.01,0.01,75348.82,1776792901000
1776792903.645,3.645,0.48,0.49,0.51,0.52,0.01,0.01,75348.37,1776792902000
1776792904.32,4.32,0.48,0.49,0.51,0.52,0.01,0.01,75348.38,1776792903000
1776792904.872,4.872,0.48,0.49,0.5,0.52,0.01,0.02,75348.38,1776792903000
1776792905.274,5.274,0.48,0.49,0.51,0.52,0.01,0.01,75343.51,1776792904000
1776792905.715,5.715,0.48,0.49,0.51,0.52,0.01,0.01,75343.51,1776792904000
1776792906.088,6.088,0.48,0.49,0.51,0.52,0.01,0.01,75343.51,1776792904000
1776792906.597,6.597,0.48,0.49,0.51,0.52,0.01,0.01,75343.51,1776792904000
1776792906.943,6.943,0.48,0.49,0.51,0.52,0.01,0.01,75341.63,1776792905000
1776792907.287,7.287,0.48,0.49,0.51,0.52,0.01,0.01,75341.53,1776792906000
1776792907.877,7.877,0.48,0.49,0.51,0.52,0.01,0.01,75341.53,1776792906000
1776792908.335,8.335,0.47,0.49,0.51,0.53,0.02,0.02,75341.52,1776792907000
1776792908.757,8.757,0.47,0.48,0.52,0.53,0.01,0.01,75341.52,1776792907000
1776792909.224,9.224,0.47,0.48,0.52,0.53,0.01,0.01,75341.52,1776792907000
1776792909.598,9.598,0.48,0.49,0.51,0.53,0.01,0.02,75341.52,1776792907000
1776792909.94,9.94,0.51,0.52,0.48,0.49,0.01,0.01,75341.52,1776792908000
1776792910.438,10.438,0.51,0.52,0.48,0.49,0.01,0.01,75341.52,1776792908000
1776792910.78,10.78,0.51,0.52,0.48,0.49,0.01,0.01,75341.52,1776792908000
1776792911.318,11.318,0.54,0.55,0.45,0.46,0.01,0.01,75341.52,1776792908000
1776792911.656,11.656,0.55,0.56,0.43,0.45,0.01,0.02,75341.54,1776792909000
1776792912.085,12.085,0.55,0.56,0.44,0.45,0.01,0.01,75342.01,1776792910000
1776792912.599,12.599,0.56,0.57,0.43,0.44,0.01,0.01,75342.01,1776792910000
1776792912.961,12.961,0.56,0.57,0.43,0.44,0.01,0.01,75357.91,1776792911000
1776792913.382,13.382,0.56,0.57,0.43,0.44,0.01,0.01,75357.91,1776792911000
1776792913.812,13.812,0.56,0.58,0.43,0.44,0.02,0.01,75357.91,1776792911000
1776792914.165,14.165,0.57,0.58,0.42,0.43,0.01,0.01,75357.91,1776792911000
1776792914.648,14.648,0.57,0.58,0.42,0.43,0.01,0.01,75366.25,1776792912000
1776792915.033,15.033,0.58,0.59,0.41,0.43,0.01,0.02,75366.25,1776792912000
1776792915.373,15.373,0.58,0.59,0.41,0.42,0.01,0.01,75366.25,1776792912000
1776792915.733,15.733,0.58,0.59,0.41,0.42,0.01,0.01,75367.12,1776792913000
1776792916.089,16.089,0.58,0.59,0.41,0.42,0.01,0.01,75367.12,1776792913000
1776792916.437,16.437,0.58,0.59,0.41,0.42,0.01,0.01,75367.16,1776792914000
1776792916.797,16.797,0.57,0.58,0.42,0.43,0.01,0.01,75367.16,1776792914000
1776792917.18,17.18,0.56,0.57,0.42,0.43,0.01,0.01,75367.16,1776792914000
1776792917.561,17.561,0.55,0.56,0.44,0.45,0.01,0.01,75367.83,1776792915000
1776792917.912,17.912,0.55,0.56,0.44,0.45,0.01,0.01,75367.83,1776792915000
1776792918.259,18.259,0.55,0.56,0.44,0.45,0.01,0.01,75368.28,1776792916000
1776792918.661,18.661,0.55,0.56,0.44,0.45,0.01,0.01,75368.28,1776792916000
1776792919.016,19.016,0.54,0.55,0.45,0.46,0.01,0.01,75368.28,1776792916000
1776792919.365,19.365,0.54,0.55,0.45,0.46,0.01,0.01,75367.42,1776792917000
1776792919.776,19.776,0.54,0.55,0.45,0.46,0.01,0.01,75367.42,1776792917000
1776792920.235,20.235,0.54,0.55,0.45,0.46,0.01,0.01,75366.93,1776792918000
1776792920.666,20.666,0.54,0.55,0.45,0.46,0.01,0.01,75366.93,1776792918000
1776792921.052,21.052,0.54,0.55,0.45,0.46,0.01,0.01,75366.93,1776792918000
1776792921.392,21.392,0.54,0.55,0.45,0.46,0.01,0.01,75364.42,1776792919000
1776792921.74,21.74,0.54,0.56,0.45,0.46,0.02,0.01,75364.42,1776792919000
1776792922.107,22.107,0.55,0.56,0.44,0.46,0.01,0.02,75364.42,1776792919000
1776792922.54,22.54,0.55,0.56,0.44,0.45,0.01,0.01,75363.75,1776792920000
1776792922.925,22.925,0.55,0.56,0.44,0.45,0.01,0.01,75363.75,1776792920000
1776792923.398,23.398,0.55,0.56,0.44,0.45,0.01,0.01,75363.02,1776792922000
1776792923.775,23.775,0.55,0.56,0.44,0.45,0.01,0.01,75363.02,1776792922000
1776792924.345,24.345,0.55,0.56,0.44,0.45,0.01,0.01,75363.02,1776792922000
1776792924.684,24.684,0.55,0.56,0.44,0.45,0.01,0.01,75363.02,1776792922000
1776792925.028,25.028,0.54,0.55,0.44,0.46,0.01,0.02,75362.85,1776792923000
1776792925.387,25.387,0.54,0.55,0.45,0.46,0.01,0.01,75362.85,1776792923000
1776792925.748,25.748,0.55,0.56,0.44,0.45,0.01,0.01,75362.85,1776792924000
1776792926.551,26.551,0.55,0.56,0.44,0.45,0.01,0.01,75362.85,1776792925000
1776792927.034,27.034,0.55,0.56,0.44,0.45,0.01,0.01,75362.85,1776792925000
1776792927.472,27.472,0.55,0.56,0.44,0.45,0.01,0.01,75362.85,1776792925000
1776792928.006,28.006,0.55,0.56,0.44,0.45,0.01,0.01,75362.83,1776792926000
1776792928.356,28.356,0.55,0.56,0.44,0.45,0.01,0.01,75362.83,1776792926000
1776792928.746,28.746,0.56,0.57,0.43,0.44,0.01,0.01,75362.82,1776792927000
1776792929.098,29.098,0.56,0.57,0.43,0.44,0.01,0.01,75362.82,1776792927000
1776792929.608,29.608,0.55,0.56,0.43,0.45,0.01,0.02,75363.94,1776792928000
1776792929.943,29.943,0.55,0.56,0.44,0.45,0.01,0.01,75363.94,1776792928000
1776792930.585,30.585,0.55,0.56,0.44,0.45,0.01,0.01,75363.94,1776792928000
1776792931.27,31.27,0.55,0.56,0.44,0.45,0.01,0.01,75365.08,1776792929000
1776792931.924,31.924,0.55,0.56,0.44,0.45,0.01,0.01,75366.62,1776792930000
1776792932.317,32.317,0.55,0.56,0.44,0.45,0.01,0.01,75366.84,1776792931000
1776792932.697,32.697,0.55,0.56,0.44,0.45,0.01,0.01,75366.84,1776792931000
1776792933.077,33.077,0.55,0.56,0.44,0.45,0.01,0.01,75366.84,1776792931000
1776792933.481,33.481,0.55,0.56,0.44,0.45,0.01,0.01,75366.84,1776792931000
1776792933.815,33.815,0.55,0.56,0.44,0.45,0.01,0.01,75363.19,1776792932000
1776792934.381,34.381,0.55,0.56,0.44,0.45,0.01,0.01,75363.38,1776792933000
1776792934.715,34.715,0.53,0.54,0.46,0.47,0.01,0.01,75363.38,1776792933000
1776792935.164,35.164,0.51,0.52,0.48,0.49,0.01,0.01,75363.38,1776792933000
1776792935.688,35.688,0.5,0.51,0.48,0.49,0.01,0.01,75363.38,1776792934000
1776792936.028,36.028,0.5,0.51,0.49,0.5,0.01,0.01,75363.38,1776792934000
1776792936.444,36.444,0.5,0.51,0.49,0.5,0.01,0.01,75363.38,1776792934000
1776792936.905,36.905,0.5,0.51,0.49,0.5,0.01,0.01,75358.07,1776792935000
1776792937.252,37.252,0.5,0.51,0.49,0.5,0.01,0.01,75358.07,1776792935000
1776792937.602,37.602,0.5,0.51,0.49,0.5,0.01,0.01,75352.4,1776792936000
1776792938.014,38.014,0.5,0.51,0.49,0.5,0.01,0.01,75352.4,1776792936000
1776792938.451,38.451,0.5,0.51,0.49,0.5,0.01,0.01,75349.88,1776792937000
1776792939.082,39.082,0.48,0.5,0.5,0.51,0.02,0.01,75349.88,1776792937000
1776792939.556,39.556,0.46,0.47,0.53,0.55,0.01,0.02,75349.88,1776792937000
1776792939.895,39.895,0.46,0.47,0.53,0.54,0.01,0.01,75349.88,1776792937000
1776792940.25,40.25,0.45,0.46,0.54,0.55,0.01,0.01,75350.33,1776792938000
1776792940.681,40.681,0.45,0.46,0.54,0.55,0.01,0.01,75349.19,1776792939000
1776792941.115,41.115,0.45,0.46,0.54,0.55,0.01,0.01,75349.19,1776792939000
1776792941.626,41.626,0.45,0.46,0.54,0.55,0.01,0.01,75346.19,1776792940000
1776792942.071,42.071,0.45,0.46,0.54,0.55,0.01,0.01,75346.19,1776792940000
1776792942.416,42.416,0.45,0.46,0.54,0.55,0.01,0.01,75346.19,1776792940000
1776792942.753,42.753,0.41,0.42,0.58,0.59,0.01,0.01,75341.24,1776792941000
1776792943.12,43.12,0.41,0.42,0.58,0.59,0.01,0.01,75341.24,1776792941000
1776792943.458,43.458,0.41,0.42,0.58,0.59,0.01,0.01,75341.24,1776792941000
1776792943.824,43.824,0.41,0.42,0.58,0.59,0.01,0.01,75340.81,1776792942000
1776792944.174,44.174,0.41,0.42,0.58,0.59,0.01,0.01,75340.81,1776792942000
1776792944.518,44.518,0.41,0.42,0.58,0.59,0.01,0.01,75340.81,1776792942000
1776792944.952,44.952,0.41,0.42,0.58,0.59,0.01,0.01,75334.45,1776792943000
1776792945.413,45.413,0.41,0.42,0.58,0.59,0.01,0.01,75331.11,1776792944000
1776792946.012,46.012,0.41,0.42,0.58,0.59,0.01,0.01,75331.11,1776792944000
1776792946.422,46.422,0.4,0.42,0.58,0.59,0.02,0.01,75333.37,1776792945000
1776792946.876,46.876,0.39,0.4,0.6,0.61,0.01,0.01,75333.37,1776792945000
1776792947.281,47.281,0.39,0.4,0.6,0.61,0.01,0.01,75333.37,1776792945000
1776792947.702,47.702,0.39,0.4,0.6,0.61,0.01,0.01,75331.17,1776792946000
1776792948.128,48.128,0.39,0.4,0.6,0.61,0.01,0.01,75331.17,1776792946000
1776792948.542,48.542,0.39,0.4,0.6,0.61,0.01,0.01,75331.35,1776792947000
1776792948.981,48.981,0.39,0.4,0.6,0.61,0.01,0.01,75331.35,1776792947000
1776792949.381,49.381,0.39,0.4,0.6,0.61,0.01,0.01,75331.35,1776792947000
1776792949.73,49.73,0.35,0.36,0.64,0.65,0.01,0.01,75326.82,1776792948000
1776792950.097,50.097,0.35,0.36,0.64,0.65,0.01,0.01,75326.82,1776792948000
1776792950.488,50.488,0.35,0.36,0.64,0.65,0.01,0.01,75324.45,1776792949000
1776792950.852,50.852,0.35,0.36,0.64,0.65,0.01,0.01,75324.45,1776792949000
1776792951.223,51.223,0.36,0.37,0.63,0.65,0.01,0.02,75324.14,1776792950000
1776792951.61,51.61,0.35,0.37,0.63,0.65,0.02,0.02,75324.14,1776792950000
1776792951.972,51.972,0.35,0.36,0.64,0.65,0.01,0.01,75324.14,1776792950000
1776792952.355,52.355,0.35,0.36,0.64,0.65,0.01,0.01,75320.67,1776792951000
1776792952.693,52.693,0.33,0.34,0.66,0.67,0.01,0.01,75320.67,1776792951000
1776792953.029,53.029,0.33,0.34,0.66,0.67,0.01,0.01,75320.67,1776792951000
1776792953.451,53.451,0.33,0.34,0.66,0.67,0.01,0.01,75320.13,1776792952000
1776792953.829,53.829,0.32,0.33,0.67,0.68,0.01,0.01,75320.13,1776792952000
1776792954.237,54.237,0.32,0.33,0.67,0.68,0.01,0.01,75320.13,1776792952000
1776792954.756,54.756,0.32,0.33,0.67,0.68,0.01,0.01,75316.74,1776792953000
1776792955.117,55.117,0.32,0.33,0.67,0.68,0.01,0.01,75316.27,1776792954000
1776792955.462,55.462,0.31,0.32,0.68,0.69,0.01,0.01,75316.27,1776792954000
1776792955.858,55.858,0.31,0.32,0.68,0.69,0.01,0.01,75316.27,1776792954000
1776792956.212,56.212,0.3,0.31,0.69,0.7,0.01,0.01,75309.93,1776792955000
1776792956.558,56.558,0.3,0.31,0.69,0.7,0.01,0.01,75309.93,1776792955000
1776792957.065,57.065,0.3,0.31,0.69,0.7,0.01,0.01,75309.93,1776792955000
1776792957.507,57.507,0.3,0.31,0.69,0.7,0.01,0.01,75308.76,1776792956000
1776792958.013,58.013,0.3,0.31,0.69,0.7,0.01,0.01,75308.76,1776792956000
1776792958.357,58.357,0.3,0.31,0.69,0.7,0.01,0.01,75308.34,1776792957000
1776792958.738,58.738,0.28,0.29,0.71,0.72,0.01,0.01,75308.34,1776792957000
1776792959.153,59.153,0.28,0.29,0.71,0.72,0.01,0.01,75308.34,1776792957000
1776792959.53,59.53,0.29,0.3,0.7,0.71,0.01,0.01,75307.46,1776792958000
1776792959.882,59.882,0.29,0.3,0.7,0.71,0.01,0.01,75307.46,1776792958000
1776792960.32,60.32,0.29,0.3,0.7,0.71,0.01,0.01,75306.51,1776792959000
1776792960.669,60.669,0.29,0.3,0.7,0.71,0.01,0.01,75306.51,1776792959000
1776792961.005,61.005,0.29,0.3,0.7,0.71,0.01,0.01,75306.51,1776792959000
1776792961.35,61.35,0.29,0.3,0.7,0.71,0.01,0.01,75306.51,1776792959000
1776792961.713,61.713,0.28,0.29,0.69,0.72,0.01,0.03,75308.14,1776792960000
1776792962.053,62.053,0.28,0.29,0.71,0.72,0.01,0.01,75308.14,1776792960000
1776792962.458,62.458,0.26,0.27,0.73,0.74,0.01,0.01,75308.14,1776792960000
1776792962.806,62.806,0.21,0.24,0.76,0.79,0.03,0.03,75309.47,1776792961000
1776792963.159,63.159,0.21,0.22,0.78,0.79,0.01,0.01,75308.28,1776792962000
1776792963.694,63.694,0.21,0.22,0.78,0.79,0.01,0.01,75308.28,1776792962000
1776792964.042,64.042,0.21,0.25,0.75,0.79,0.04,0.04,75308.28,1776792962000
1776792964.399,64.399,0.28,0.29,0.71,0.74,0.01,0.03,75305.22,1776792963000
1776792964.751,64.751,0.28,0.29,0.71,0.72,0.01,0.01,75305.22,1776792963000
1776792965.196,65.196,0.28,0.29,0.71,0.72,0.01,0.01,75305.22,1776792963000
1776792965.727,65.727,0.28,0.29,0.71,0.72,0.01,0.01,75294.55,1776792964000
1776792966.141,66.141,0.28,0.29,0.71,0.72,0.01,0.01,75298.27,1776792965000
1776792966.474,66.474,0.28,0.3,0.7,0.72,0.02,0.02,75298.27,1776792965000
1776792966.857,66.857,0.34,0.35,0.65,0.69,0.01,0.04,75298.27,1776792965000
1776792967.206,67.206,0.35,0.36,0.64,0.65,0.01,0.01,75298.03,1776792966000
1776792967.56,67.56,0.35,0.36,0.64,0.65,0.01,0.01,75298.03,1776792966000
1776792967.9,67.9,0.35,0.36,0.64,0.65,0.01,0.01,75298.03,1776792966000
1776792968.282,68.282,0.35,0.36,0.64,0.65,0.01,0.01,75298.03,1776792966000
1776792968.79,68.79,0.35,0.36,0.64,0.65,0.01,0.01,75298.03,1776792966000
1776792969.176,69.176,0.35,0.36,0.64,0.65,0.01,0.01,75311.13,1776792968000
1776792969.516,69.516,0.34,0.35,0.65,0.66,0.01,0.01,75311.13,1776792968000
1776792969.895,69.895,0.33,0.34,0.66,0.67,0.01,0.01,75311.13,1776792968000
1776792970.252,70.252,0.33,0.34,0.66,0.67,0.01,0.01,75313.21,1776792969000
1776792970.62,70.62,0.33,0.34,0.66,0.67,0.01,0.01,75313.21,1776792969000
1776792971.017,71.017,0.33,0.34,0.66,0.67,0.01,0.01,75313.21,1776792969000
1776792971.353,71.353,0.31,0.33,0.67,0.69,0.02,0.02,75312.66,1776792970000
1776792971.88,71.88,0.31,0.32,0.68,0.69,0.01,0.01,75312.66,1776792970000
1776792972.419,72.419,0.31,0.32,0.68,0.69,0.01,0.01,75311.95,1776792971000
1776792972.838,72.838,0.33,0.34,0.66,0.67,0.01,0.01,75311.95,1776792971000
1776792973.172,73.172,0.34,0.35,0.65,0.66,0.01,0.01,75309.75,1776792972000
1776792973.529,73.529,0.35,0.38,0.63,0.65,0.03,0.02,75309.75,1776792972000
1776792973.87,73.87,0.38,0.39,0.61,0.62,0.01,0.01,75309.75,1776792972000
1776792974.307,74.307,0.38,0.39,0.61,0.62,0.01,0.01,75309.75,1776792972000
1776792974.845,74.845,0.38,0.39,0.61,0.62,0.01,0.01,75312.13,1776792973000
1776792975.446,75.446,0.38,0.39,0.61,0.62,0.01,0.01,75316.87,1776792974000
1776792976.042,76.042,0.38,0.39,0.61,0.62,0.01,0.01,75316.87,1776792974000
1776792976.576,76.576,0.38,0.39,0.61,0.62,0.01,0.01,75319.1,1776792975000
1776792976.91,76.91,0.39,0.4,0.6,0.61,0.01,0.01,75319.1,1776792975000
1776792977.273,77.273,0.39,0.4,0.6,0.61,0.01,0.01,75319.1,1776792975000
1776792977.884,77.884,0.4,0.41,0.6,0.61,0.01,0.01,75319.1,1776792976000
1776792978.339,78.339,0.4,0.41,0.59,0.6,0.01,0.01,75325.46,1776792977000
1776792978.695,78.695,0.4,0.41,0.59,0.6,0.01,0.01,75325.46,1776792977000
1776792979.031,79.031,0.4,0.41,0.59,0.6,0.01,0.01,75326.32,1776792978000
1776792979.419,79.419,0.4,0.41,0.59,0.6,0.01,0.01,75326.32,1776792978000
1776792979.895,79.895,0.4,0.41,0.59,0.6,0.01,0.01,75326.32,1776792978000
1776792980.367,80.367,0.4,0.41,0.59,0.6,0.01,0.01,75326.32,1776792978000
1776792980.948,80.948,0.4,0.41,0.59,0.6,0.01,0.01,75328.55,1776792979000
1776792981.399,81.399,0.4,0.41,0.59,0.6,0.01,0.01,75328.55,1776792979000
1776792981.852,81.852,0.39,0.4,0.59,0.61,0.01,0.02,75327.74,1776792980000
1776792982.21,82.21,0.38,0.39,0.61,0.62,0.01,0.01,75327.74,1776792980000
1776792982.646,82.646,0.37,0.38,0.62,0.63,0.01,0.01,75326.15,1776792981000
1776792983.027,83.027,0.37,0.38,0.62,0.63,0.01,0.01,75326.11,1776792982000
1776792983.366,83.366,0.37,0.38,0.62,0.63,0.01,0.01,75326.11,1776792982000
1776792983.813,83.813,0.37,0.38,0.62,0.63,0.01,0.01,75326.11,1776792982000
1776792984.47,84.47,0.37,0.38,0.62,0.63,0.01,0.01,75322.04,1776792983000
1776792984.983,84.983,0.37,0.38,0.62,0.63,0.01,0.01,75322.04,1776792983000
1776792985.727,85.727,0.37,0.38,0.62,0.63,0.01,0.01,75321.48,1776792984000
1776792986.366,86.366,0.37,0.38,0.62,0.63,0.01,0.01,75321.48,1776792984000
1776792986.99,86.99,0.37,0.38,0.62,0.63,0.01,0.01,75323.37,1776792986000
1776792987.9,87.9,0.37,0.4,0.61,0.63,0.03,0.02,75323.37,1776792986000
1776792988.355,88.355,0.39,0.4,0.6,0.63,0.01,0.03,75326.5,1776792987000
1776792988.769,88.769,0.39,0.4,0.6,0.61,0.01,0.01,75326.5,1776792987000
1776792989.239,89.239,0.39,0.4,0.6,0.61,0.01,0.01,75326.5,1776792987000
1776792989.574,89.574,0.39,0.41,0.59,0.61,0.02,0.02,75326.9,1776792988000
1776792989.958,89.958,0.39,0.4,0.6,0.61,0.01,0.01,75326.9,1776792988000
1776792990.294,90.294,0.45,0.5,0.5,0.55,0.05,0.05,75326.9,1776792988000
1776792990.637,90.637,0.5,0.51,0.49,0.5,0.01,0.01,75327.92,1776792989000
1776792991.207,91.207,0.5,0.56,0.44,0.5,0.06,0.06,75327.92,1776792989000
1776792991.574,91.574,0.58,0.6,0.4,0.42,0.02,0.02,75355.67,1776792990000
1776792991.949,91.949,0.59,0.6,0.4,0.42,0.01,0.02,75355.67,1776792990000
1776792992.33,92.33,0.59,0.6,0.4,0.41,0.01,0.01,75355.67,1776792990000
1776792992.668,92.668,0.59,0.6,0.4,0.41,0.01,0.01,75355.67,1776792990000
1776792993.222,93.222,0.59,0.6,0.4,0.41,0.01,0.01,75362.4,1776792991000
1776792993.556,93.556,0.59,0.6,0.4,0.41,0.01,0.01,75364.46,1776792992000
1776792993.986,93.986,0.59,0.6,0.4,0.41,0.01,0.01,75364.46,1776792992000
1776792994.507,94.507,0.59,0.6,0.4,0.41,0.01,0.01,75363.43,1776792993000
1776792994.852,94.852,0.59,0.6,0.4,0.41,0.01,0.01,75363.43,1776792993000
1776792995.188,95.188,0.59,0.6,0.4,0.41,0.01,0.01,75363.43,1776792993000
1776792995.764,95.764,0.59,0.6,0.4,0.41,0.01,0.01,75363.43,1776792993000
1776792996.109,96.109,0.58,0.59,0.41,0.42,0.01,0.01,75363.41,1776792994000
1776792996.459,96.459,0.55,0.56,0.44,0.45,0.01,0.01,75363.41,1776792994000
1776792996.893,96.893,0.55,0.56,0.44,0.45,0.01,0.01,75363.37,1776792995000
1776792997.259,97.259,0.54,0.55,0.45,0.46,0.01,0.01,75363.37,1776792995000
1776792997.764,97.764,0.54,0.55,0.45,0.46,0.01,0.01,75363.37,1776792995000
1776792998.429,98.429,0.54,0.55,0.45,0.46,0.01,0.01,75357.51,1776792997000
1776792998.818,98.818,0.53,0.54,0.45,0.46,0.01,0.01,75357.51,1776792997000
1776792999.371,99.371,0.53,0.54,0.46,0.47,0.01,0.01,75357.51,1776792997000
1776792999.909,99.909,0.53,0.54,0.46,0.47,0.01,0.01,75357.83,1776792998000
1776793000.252,100.252,0.53,0.54,0.46,0.47,0.01,0.01,75357.83,1776792998000
1776793000.746,100.746,0.53,0.54,0.46,0.47,0.01,0.01,75356.9,1776792999000
1776793001.148,101.148,0.53,0.54,0.46,0.47,0.01,0.01,75356.9,1776792999000
1776793001.483,101.483,0.53,0.54,0.46,0.47,0.01,0.01,75356.9,1776792999000
1776793001.822,101.822,0.53,0.54,0.46,0.47,0.01,0.01,75352.76,1776793000000
1776793002.189,102.189,0.49,0.5,0.5,0.51,0.01,0.01,75352.76,1776793000000
1776793002.59,102.59,0.49,0.5,0.5,0.51,0.01,0.01,75352.76,1776793000000
1776793002.931,102.931,0.49,0.5,0.5,0.51,0.01,0.01,75353.41,1776793001000
1776793003.288,103.288,0.48,0.49,0.51,0.52,0.01,0.01,75353.48,1776793002000
1776793003.702,103.702,0.47,0.48,0.51,0.52,0.01,0.01,75353.48,1776793002000
1776793004.221,104.221,0.47,0.48,0.52,0.53,0.01,0.01,75353.48,1776793002000
1776793004.71,104.71,0.47,0.48,0.52,0.53,0.01,0.01,75351.34,1776793003000
1776793005.217,105.217,0.43,0.46,0.54,0.57,0.03,0.03,75351.34,1776793003000
1776793005.577,105.577,0.43,0.44,0.56,0.57,0.01,0.01,75351.34,1776793003000
1776793005.914,105.914,0.43,0.44,0.56,0.57,0.01,0.01,75350.06,1776793004000
1776793006.461,106.461,0.42,0.43,0.56,0.58,0.01,0.02,75347.53,1776793005000
1776793007.0,107.0,0.42,0.43,0.57,0.58,0.01,0.01,75347.53,1776793005000
1776793007.414,107.414,0.41,0.43,0.57,0.58,0.02,0.01,75347.53,1776793005000
1776793007.76,107.76,0.42,0.43,0.57,0.58,0.01,0.01,75347.53,1776793005000
1776793008.273,108.273,0.42,0.43,0.57,0.58,0.01,0.01,75347.53,1776793005000
1776793008.681,108.681,0.45,0.46,0.54,0.55,0.01,0.01,75336.09,1776793007000
1776793009.098,109.098,0.45,0.46,0.54,0.55,0.01,0.01,75335.23,1776793008000
1776793009.63,109.63,0.46,0.47,0.53,0.55,0.01,0.02,75335.23,1776793008000
1776793009.963,109.963,0.49,0.51,0.49,0.51,0.02,0.02,75335.23,1776793008000
1776793010.427,110.427,0.51,0.52,0.48,0.49,0.01,0.01,75341.43,1776793009000
1776793010.8,110.8,0.51,0.52,0.48,0.49,0.01,0.01,75341.43,1776793009000
1776793011.297,111.297,0.51,0.52,0.48,0.49,0.01,0.01,75343.22,1776793010000
1776793011.707,111.707,0.51,0.52,0.48,0.49,0.01,0.01,75343.22,1776793010000
1776793012.072,112.072,0.5,0.51,0.49,0.5,0.01,0.01,75348.85,1776793011000
1776793012.61,112.61,0.47,0.49,0.51,0.53,0.02,0.02,75348.85,1776793011000
1776793012.949,112.949,0.46,0.47,0.53,0.54,0.01,0.01,75348.85,1776793011000
1776793013.319,113.319,0.46,0.47,0.53,0.54,0.01,0.01,75351.71,1776793012000
1776793013.683,113.683,0.46,0.47,0.53,0.54,0.01,0.01,75351.71,1776793012000
1776793014.378,114.378,0.46,0.47,0.53,0.54,0.01,0.01,75345.37,1776793013000
1776793014.714,114.714,0.46,0.47,0.53,0.54,0.01,0.01,75345.37,1776793013000
1776793015.089,115.089,0.46,0.47,0.53,0.54,0.01,0.01,75345.37,1776793013000
1776793015.496,115.496,0.46,0.47,0.53,0.54,0.01,0.01,75342.77,1776793014000
1776793016.018,116.018,0.45,0.46,0.54,0.55,0.01,0.01,75341.69,1776793015000
1776793016.546,116.546,0.45,0.46,0.54,0.55,0.01,0.01,75341.69,1776793015000
1776793016.894,116.894,0.45,0.46,0.54,0.55,0.01,0.01,75341.69,1776793015000
1776793017.519,117.519,0.45,0.46,0.54,0.55,0.01,0.01,75343.52,1776793016000
1776793017.944,117.944,0.45,0.46,0.54,0.55,0.01,0.01,75341.58,1776793017000
1776793018.557,118.557,0.45,0.46,0.54,0.55,0.01,0.01,75341.58,1776793017000
1776793018.914,118.914,0.43,0.45,0.55,0.57,0.02,0.02,75340.41,1776793018000
1776793019.428,119.428,0.43,0.44,0.55,0.57,0.01,0.02,75340.41,1776793018000
1776793019.986,119.986,0.42,0.43,0.57,0.58,0.01,0.01,75340.41,1776793018000
1776793020.334,120.334,0.49,0.51,0.5,0.51,0.02,0.01,75337.49,1776793019000
1776793020.676,120.676,0.5,0.51,0.49,0.5,0.01,0.01,75337.49,1776793019000
1776793021.016,121.016,0.5,0.51,0.49,0.5,0.01,0.01,75337.49,1776793019000
1776793021.388,121.388,0.56,0.57,0.43,0.44,0.01,0.01,75335.14,1776793020000
1776793021.74,121.74,0.56,0.57,0.43,0.44,0.01,0.01,75335.14,1776793020000
1776793022.079,122.079,0.57,0.58,0.42,0.44,0.01,0.02,75347.22,1776793021000
1776793022.445,122.445,0.57,0.58,0.41,0.43,0.01,0.02,75347.22,1776793021000
1776793022.869,122.869,0.58,0.59,0.41,0.42,0.01,0.01,75347.22,1776793021000
1776793023.23,123.23,0.58,0.59,0.41,0.42,0.01,0.01,75356.39,1776793022000
1776793023.732,123.732,0.58,0.59,0.41,0.42,0.01,0.01,75356.39,1776793022000
1776793024.142,124.142,0.58,0.59,0.41,0.42,0.01,0.01,75356.39,1776793022000
1776793024.477,124.477,0.57,0.58,0.42,0.43,0.01,0.01,75356.39,1776793022000
1776793025.007,125.007,0.57,0.58,0.42,0.43,0.01,0.01,75365.27,1776793024000
1776793025.344,125.344,0.57,0.58,0.42,0.43,0.01,0.01,75365.27,1776793024000
1776793025.741,125.741,0.49,0.5,0.5,0.51,0.01,0.01,75365.27,1776793024000
1776793026.149,126.149,0.49,0.5,0.5,0.51,0.01,0.01,75365.27,1776793024000
1776793026.571,126.571,0.49,0.5,0.5,0.51,0.01,0.01,75363.75,1776793025000
1776793026.932,126.932,0.49,0.5,0.5,0.51,0.01,0.01,75363.75,1776793025000
1776793027.501,127.501,0.5,0.52,0.48,0.5,0.02,0.02,75352.74,1776793026000
1776793027.964,127.964,0.51,0.52,0.48,0.49,0.01,0.01,75349.37,1776793027000
1776793028.434,128.434,0.51,0.52,0.48,0.49,0.01,0.01,75349.37,1776793027000
1776793028.889,128.889,0.51,0.52,0.48,0.49,0.01,0.01,75351.22,1776793028000
1776793029.639,129.639,0.51,0.52,0.48,0.49,0.01,0.01,75351.22,1776793028000
1776793030.421,130.421,0.51,0.53,0.47,0.49,0.02,0.02,75354.65,1776793029000
1776793030.986,130.986,0.52,0.53,0.47,0.48,0.01,0.01,75354.65,1776793029000
1776793031.355,131.355,0.51,0.53,0.47,0.48,0.02,0.01,75354.01,1776793030000
1776793031.724,131.724,0.47,0.48,0.49,0.53,0.01,0.04,75354.01,1776793030000
1776793032.064,132.064,0.47,0.48,0.52,0.53,0.01,0.01,75355.45,1776793031000
1776793032.417,132.417,0.47,0.48,0.52,0.53,0.01,0.01,75355.45,1776793031000
1776793032.999,132.999,0.45,0.48,0.52,0.55,0.03,0.03,75355.45,1776793031000
1776793033.483,133.483,0.43,0.44,0.56,0.57,0.01,0.01,75352.68,1776793032000
1776793033.827,133.827,0.43,0.44,0.56,0.57,0.01,0.01,75352.68,1776793032000
1776793034.185,134.185,0.43,0.44,0.56,0.57,0.01,0.01,75352.68,1776793032000
1776793034.766,134.766,0.42,0.43,0.56,0.58,0.01,0.02,75347.48,1776793033000
1776793035.157,135.157,0.42,0.43,0.57,0.58,0.01,0.01,75347.48,1776793033000
1776793035.536,135.536,0.41,0.42,0.58,0.59,0.01,0.01,75337.03,1776793034000
1776793036.123,136.123,0.41,0.42,0.58,0.59,0.01,0.01,75336.26,1776793035000
1776793036.537,136.537,0.41,0.42,0.58,0.59,0.01,0.01,75336.26,1776793035000
1776793036.91,136.91,0.41,0.42,0.58,0.59,0.01,0.01,75336.26,1776793035000
1776793037.286,137.286,0.41,0.42,0.58,0.59,0.01,0.01,75332.24,1776793036000
1776793037.746,137.746,0.41,0.42,0.58,0.59,0.01,0.01,75332.24,1776793036000
1776793038.144,138.144,0.41,0.42,0.58,0.59,0.01,0.01,75332.24,1776793037000
1776793038.48,138.48,0.41,0.43,0.58,0.59,0.02,0.01,75332.24,1776793037000
1776793038.938,138.938,0.45,0.46,0.54,0.55,0.01,0.01,75334.67,1776793038000
1776793039.294,139.294,0.45,0.46,0.54,0.55,0.01,0.01,75334.67,1776793038000
1776793039.796,139.796,0.46,0.47,0.53,0.54,0.01,0.01,75334.67,1776793038000
1776793040.262,140.262,0.46,0.47,0.53,0.54,0.01,0.01,75336.06,1776793039000
1776793040.843,140.843,0.43,0.46,0.54,0.57,0.03,0.03,75336.06,1776793039000
1776793041.28,141.28,0.43,0.44,0.56,0.57,0.01,0.01,75337.2,1776793040000
1776793041.699,141.699,0.46,0.47,0.53,0.55,0.01,0.02,75337.2,1776793040000
1776793042.233,142.233,0.45,0.46,0.53,0.55,0.01,0.02,75337.2,1776793040000
1776793042.605,142.605,0.45,0.46,0.54,0.55,0.01,0.01,75340.1,1776793041000
1776793043.117,143.117,0.45,0.46,0.54,0.55,0.01,0.01,75340.1,1776793041000
1776793043.568,143.568,0.44,0.45,0.54,0.56,0.01,0.02,75339.51,1776793042000
1776793044.054,144.054,0.44,0.45,0.55,0.56,0.01,0.01,75339.51,1776793042000
1776793044.422,144.422,0.44,0.45,0.55,0.56,0.01,0.01,75341.09,1776793043000
1776793044.864,144.864,0.47,0.48,0.52,0.53,0.01,0.01,75341.09,1776793043000
1776793045.35,145.35,0.47,0.48,0.52,0.53,0.01,0.01,75341.09,1776793043000
1776793045.872,145.872,0.45,0.46,0.54,0.55,0.01,0.01,75340.99,1776793044000
1776793046.231,146.231,0.44,0.45,0.54,0.56,0.01,0.02,75341.69,1776793045000
1776793046.71,146.71,0.44,0.45,0.55,0.56,0.01,0.01,75341.69,1776793045000
1776793047.153,147.153,0.44,0.45,0.55,0.56,0.01,0.01,75341.69,1776793045000
1776793047.537,147.537,0.43,0.45,0.55,0.56,0.02,0.01,75341.69,1776793045000
1776793047.926,147.926,0.42,0.43,0.57,0.58,0.01,0.01,75340.09,1776793046000
1776793048.495,148.495,0.42,0.43,0.57,0.58,0.01,0.01,75340.09,1776793046000
1776793048.873,148.873,0.41,0.43,0.57,0.59,0.02,0.02,75340.09,1776793046000
1776793049.892,149.892,0.4,0.43,0.57,0.6,0.03,0.03,75336.6,1776793048000
1776793050.876,150.876,0.41,0.42,0.57,0.6,0.01,0.03,75336.6,1776793048000
1776793051.368,151.368,0.41,0.42,0.58,0.59,0.01,0.01,75336.6,1776793049000
1776793051.705,151.705,0.4,0.41,0.59,0.6,0.01,0.01,75326.21,1776793050000
1776793052.19,152.19,0.36,0.41,0.59,0.64,0.05,0.05,75326.21,1776793050000
1776793053.102,153.102,0.35,0.39,0.61,0.65,0.04,0.04,75320.41,1776793052000
1776793054.485,154.485,0.38,0.39,0.61,0.65,0.01,0.04,75320.41,1776793052000
1776793054.828,154.828,0.38,0.39,0.61,0.62,0.01,0.01,75321.33,1776793053000
1776793055.162,155.162,0.35,0.37,0.63,0.65,0.02,0.02,75321.33,1776793053000
1776793055.506,155.506,0.35,0.36,0.64,0.65,0.01,0.01,75321.08,1776793054000
1776793055.977,155.977,0.34,0.35,0.64,0.66,0.01,0.02,75321.08,1776793054000
1776793056.423,156.423,0.34,0.35,0.65,0.66,0.01,0.01,75321.08,1776793054000
1776793056.829,156.829,0.34,0.35,0.65,0.66,0.01,0.01,75321.08,1776793054000
1776793057.471,157.471,0.34,0.35,0.65,0.66,0.01,0.01,75321.55,1776793056000
1776793057.826,157.826,0.34,0.36,0.64,0.66,0.02,0.02,75321.55,1776793056000
1776793058.202,158.202,0.37,0.38,0.62,0.63,0.01,0.01,75321.41,1776793057000
1776793058.6,158.6,0.37,0.38,0.62,0.63,0.01,0.01,75321.41,1776793057000
1776793058.994,158.994,0.37,0.38,0.62,0.63,0.01,0.01,75321.41,1776793057000
1776793059.389,159.389,0.37,0.38,0.62,0.63,0.01,0.01,75321.41,1776793057000
1776793059.865,159.865,0.37,0.38,0.62,0.63,0.01,0.01,75321.41,1776793057000
1776793060.227,160.227,0.37,0.38,0.62,0.63,0.01,0.01,75327.57,1776793058000
1776793060.882,160.882,0.37,0.38,0.62,0.63,0.01,0.01,75328.3,1776793059000
1776793061.226,161.226,0.37,0.38,0.62,0.63,0.01,0.01,75328.3,1776793059000
1776793061.626,161.626,0.37,0.38,0.62,0.63,0.01,0.01,75329.91,1776793060000
1776793062.014,162.014,0.37,0.38,0.62,0.63,0.01,0.01,75329.91,1776793060000
1776793062.665,162.665,0.37,0.38,0.62,0.63,0.01,0.01,75329.91,1776793060000
1776793063.338,163.338,0.37,0.38,0.62,0.63,0.01,0.01,75330.51,1776793061000
1776793063.813,163.813,0.35,0.36,0.64,0.65,0.01,0.01,75330.33,1776793062000
1776793064.508,164.508,0.33,0.36,0.64,0.65,0.03,0.01,75330.32,1776793063000
1776793064.866,164.866,0.33,0.34,0.66,0.67,0.01,0.01,75330.32,1776793063000
1776793065.373,165.373,0.33,0.34,0.66,0.67,0.01,0.01,75330.32,1776793063000
1776793065.826,165.826,0.33,0.34,0.66,0.67,0.01,0.01,75330.32,1776793063000
1776793066.229,166.229,0.33,0.34,0.66,0.67,0.01,0.01,75325.14,1776793064000
1776793066.665,166.665,0.33,0.34,0.66,0.67,0.01,0.01,75324.25,1776793065000
1776793067.167,167.167,0.33,0.34,0.66,0.67,0.01,0.01,75324.25,1776793065000
1776793067.741,167.741,0.33,0.34,0.66,0.67,0.01,0.01,75321.39,1776793066000
1776793068.177,168.177,0.31,0.32,0.68,0.69,0.01,0.01,75321.39,1776793066000
1776793068.608,168.608,0.31,0.32,0.68,0.69,0.01,0.01,75323.58,1776793067000
1776793069.205,169.205,0.31,0.32,0.68,0.69,0.01,0.01,75323.58,1776793067000
1776793069.623,169.623,0.3,0.31,0.69,0.7,0.01,0.01,75325.7,1776793068000
1776793070.201,170.201,0.3,0.31,0.69,0.7,0.01,0.01,75325.7,1776793068000
1776793070.733,170.733,0.3,0.31,0.69,0.7,0.01,0.01,75318.64,1776793069000
1776793071.206,171.206,0.3,0.33,0.67,0.7,0.03,0.03,75318.64,1776793069000
1776793071.647,171.647,0.35,0.36,0.64,0.65,0.01,0.01,75318.64,1776793069000
1776793072.214,172.214,0.36,0.37,0.63,0.64,0.01,0.01,75319.74,1776793070000
1776793073.17,173.17,0.36,0.37,0.63,0.64,0.01,0.01,75322.52,1776793071000
1776793073.554,173.554,0.36,0.37,0.63,0.64,0.01,0.01,75326.97,1776793072000
1776793073.987,173.987,0.35,0.37,0.63,0.64,0.02,0.01,75326.97,1776793072000
1776793074.551,174.551,0.33,0.35,0.65,0.67,0.02,0.02,75327.43,1776793073000
1776793075.336,175.336,0.33,0.34,0.66,0.67,0.01,0.01,75327.43,1776793073000
1776793075.756,175.756,0.32,0.33,0.66,0.68,0.01,0.02,75324.38,1776793074000
1776793076.175,176.175,0.32,0.33,0.67,0.68,0.01,0.01,75323.56,1776793075000
1776793076.629,176.629,0.32,0.33,0.67,0.68,0.01,0.01,75323.56,1776793075000
1776793077.206,177.206,0.31,0.32,0.68,0.69,0.01,0.01,75323.56,1776793075000
1776793077.76,177.76,0.31,0.32,0.68,0.69,0.01,0.01,75323.27,1776793076000
1776793078.098,178.098,0.31,0.32,0.68,0.69,0.01,0.01,75323.27,1776793076000
1776793078.436,178.436,0.32,0.33,0.67,0.68,0.01,0.01,75323.27,1776793076000
1776793079.031,179.031,0.32,0.33,0.67,0.68,0.01,0.01,75324.08,1776793077000
1776793079.522,179.522,0.32,0.33,0.67,0.68,0.01,0.01,75324.08,1776793078000
1776793080.071,180.071,0.32,0.33,0.67,0.68,0.01,0.01,75324.08,1776793078000
1776793080.47,180.47,0.32,0.33,0.67,0.68,0.01,0.01,75324.91,1776793079000
1776793080.826,180.826,0.32,0.33,0.67,0.68,0.01,0.01,75324.91,1776793079000
1776793081.233,181.233,0.32,0.33,0.67,0.68,0.01,0.01,75325.01,1776793080000
1776793081.652,181.652,0.32,0.33,0.67,0.68,0.01,0.01,75325.01,1776793080000
1776793082.115,182.115,0.32,0.33,0.67,0.68,0.01,0.01,75325.01,1776793080000
1776793082.585,182.585,0.32,0.33,0.67,0.68,0.01,0.01,75325.01,1776793080000
1776793082.932,182.932,0.32,0.33,0.67,0.68,0.01,0.01,75326.04,1776793081000
1776793083.388,183.388,0.31,0.32,0.67,0.69,0.01,0.02,75326.04,1776793081000
1776793084.021,184.021,0.31,0.32,0.68,0.69,0.01,0.01,75325.01,1776793082000
1776793084.393,184.393,0.31,0.32,0.68,0.69,0.01,0.01,75325.01,1776793082000
1776793084.74,184.74,0.31,0.32,0.68,0.69,0.01,0.01,75325.01,1776793082000
1776793085.198,185.198,0.31,0.32,0.68,0.69,0.01,0.01,75325.06,1776793083000
1776793085.949,185.949,0.31,0.32,0.68,0.69,0.01,0.01,75325.96,1776793084000
1776793086.336,186.336,0.31,0.32,0.68,0.69,0.01,0.01,75325.96,1776793084000
1776793086.685,186.685,0.42,0.43,0.54,0.58,0.01,0.04,75323.99,1776793085000
1776793087.036,187.036,0.42,0.43,0.57,0.58,0.01,0.01,75325.92,1776793086000
1776793087.43,187.43,0.42,0.45,0.55,0.58,0.03,0.03,75325.92,1776793086000
1776793087.772,187.772,0.58,0.64,0.36,0.42,0.06,0.06,75325.92,1776793086000
1776793088.225,188.225,0.62,0.65,0.3,0.37,0.03,0.07,75325.92,1776793086000
1776793088.599,188.599,0.64,0.7,0.3,0.36,0.06,0.06,75341.27,1776793087000
1776793088.932,188.932,0.75,0.76,0.24,0.25,0.01,0.01,75341.27,1776793087000
1776793089.397,189.397,0.75,0.8,0.2,0.25,0.05,0.05,75366.9,1776793088000
1776793089.744,189.744,0.77,0.79,0.21,0.23,0.02,0.02,75366.9,1776793088000
1776793090.124,190.124,0.77,0.8,0.2,0.25,0.03,0.05,75366.9,1776793088000
1776793090.778,190.778,0.78,0.79,0.19,0.23,0.01,0.04,75384.7,1776793089000
1776793091.159,191.159,0.78,0.79,0.21,0.22,0.01,0.01,75384.7,1776793089000
1776793091.524,191.524,0.79,0.81,0.19,0.21,0.02,0.02,75384.7,1776793089000
1776793091.951,191.951,0.77,0.8,0.2,0.23,0.03,0.03,75393.15,1776793090000
1776793092.313,192.313,0.78,0.79,0.21,0.22,0.01,0.01,75393.15,1776793090000
1776793092.654,192.654,0.77,0.79,0.21,0.23,0.02,0.02,75395.2,1776793091000
1776793092.988,192.988,0.75,0.76,0.22,0.25,0.01,0.03,75395.2,1776793091000
1776793093.34,193.34,0.74,0.75,0.25,0.27,0.01,0.02,75395.2,1776793091000
1776793093.709,193.709,0.73,0.74,0.26,0.27,0.01,0.01,75395.2,1776793091000
1776793094.069,194.069,0.71,0.72,0.28,0.29,0.01,0.01,75395.2,1776793091000
1776793094.489,194.489,0.71,0.72,0.28,0.29,0.01,0.01,75394.98,1776793092000
1776793094.992,194.992,0.7,0.72,0.28,0.3,0.02,0.02,75394.98,1776793092000
1776793095.342,195.342,0.71,0.72,0.28,0.29,0.01,0.01,75392.19,1776793093000
1776793095.678,195.678,0.69,0.71,0.29,0.31,0.02,0.02,75392.19,1776793093000
1776793096.013,196.013,0.67,0.68,0.32,0.33,0.01,0.01,75388.06,1776793094000
1776793096.404,196.404,0.67,0.68,0.32,0.33,0.01,0.01,75388.06,1776793094000
1776793096.769,196.769,0.69,0.72,0.29,0.33,0.03,0.04,75388.06,1776793094000
1776793097.289,197.289,0.69,0.7,0.3,0.31,0.01,0.01,75388.06,1776793094000
1776793097.704,197.704,0.69,0.7,0.3,0.31,0.01,0.01,75384.01,1776793095000
1776793098.052,198.052,0.69,0.7,0.3,0.31,0.01,0.01,75383.38,1776793096000
1776793098.416,198.416,0.69,0.7,0.3,0.31,0.01,0.01,75383.38,1776793096000
1776793098.829,198.829,0.69,0.7,0.3,0.31,0.01,0.01,75383.38,1776793096000
1776793099.187,199.187,0.69,0.7,0.3,0.31,0.01,0.01,75383.38,1776793096000
1776793099.601,199.601,0.69,0.7,0.3,0.31,0.01,0.01,75378.9,1776793097000
1776793100.0,200.0,0.69,0.7,0.3,0.31,0.01,0.01,75379.44,1776793098000
1776793100.481,200.481,0.69,0.7,0.3,0.31,0.01,0.01,75379.44,1776793098000
1776793100.878,200.878,0.69,0.71,0.29,0.31,0.02,0.02,75379.44,1776793098000
1776793101.245,201.245,0.69,0.72,0.25,0.31,0.03,0.06,75379.44,1776793098000
1776793101.669,201.669,0.7,0.76,0.24,0.3,0.06,0.06,75379.44,1776793098000
1776793102.038,202.038,0.78,0.79,0.21,0.22,0.01,0.01,75388.88,1776793099000
1776793102.39,202.39,0.69,0.77,0.29,0.31,0.08,0.02,75388.88,1776793099000
1776793102.737,202.737,0.73,0.77,0.23,0.27,0.04,0.04,75388.88,1776793099000
1776793103.1,203.1,0.79,0.81,0.19,0.21,0.02,0.02,75388.67,1776793100000
1776793103.44,203.44,0.78,0.8,0.2,0.22,0.02,0.02,75388.66,1776793101000
1776793103.847,203.847,0.79,0.81,0.19,0.21,0.02,0.02,75388.66,1776793101000
1776793104.312,204.312,0.8,0.82,0.18,0.2,0.02,0.02,75391.0,1776793102000
1776793104.728,204.728,0.81,0.82,0.18,0.19,0.01,0.01,75391.0,1776793102000
1776793105.074,205.074,0.81,0.82,0.18,0.19,0.01,0.01,75395.27,1776793104000
1776793105.418,205.418,0.81,0.82,0.18,0.19,0.01,0.01,75395.27,1776793104000
1776793105.904,205.904,0.81,0.82,0.18,0.19,0.01,0.01,75395.27,1776793104000
1776793106.249,206.249,0.81,0.82,0.18,0.19,0.01,0.01,75395.27,1776793104000
1776793106.686,206.686,0.81,0.85,0.16,0.19,0.04,0.03,75396.91,1776793105000
1776793107.064,207.064,0.84,0.85,0.15,0.16,0.01,0.01,75396.76,1776793106000
1776793107.406,207.406,0.84,0.85,0.15,0.16,0.01,0.01,75396.76,1776793106000
1776793107.807,207.807,0.84,0.85,0.15,0.16,0.01,0.01,75396.76,1776793106000
1776793108.262,208.262,0.84,0.85,0.15,0.16,0.01,0.01,75396.86,1776793107000
1776793108.623,208.623,0.84,0.85,0.15,0.16,0.01,0.01,75396.86,1776793107000
1776793109.081,209.081,0.84,0.85,0.15,0.16,0.01,0.01,75399.11,1776793108000
1776793109.423,209.423,0.84,0.85,0.15,0.16,0.01,0.01,75399.11,1776793108000
1776793109.756,209.756,0.81,0.82,0.18,0.19,0.01,0.01,75399.11,1776793108000
1776793110.1,210.1,0.81,0.82,0.18,0.19,0.01,0.01,75399.11,1776793108000
1776793110.572,210.572,0.83,0.84,0.16,0.19,0.01,0.03,75402.22,1776793109000
1776793110.918,210.918,0.89,0.9,0.1,0.11,0.01,0.01,75402.22,1776793109000
1776793111.262,211.262,0.84,0.85,0.15,0.16,0.01,0.01,75402.22,1776793109000
1776793111.604,211.604,0.86,0.87,0.13,0.14,0.01,0.01,75399.68,1776793110000
1776793111.971,211.971,0.86,0.87,0.13,0.14,0.01,0.01,75399.68,1776793110000
1776793112.406,212.406,0.86,0.87,0.13,0.14,0.01,0.01,75395.12,1776793111000
1776793112.83,212.83,0.86,0.87,0.13,0.14,0.01,0.01,75395.12,1776793111000
1776793113.46,213.46,0.86,0.87,0.13,0.14,0.01,0.01,75395.12,1776793111000
1776793113.809,213.809,0.86,0.87,0.13,0.14,0.01,0.01,75395.12,1776793111000
1776793114.155,214.155,0.86,0.87,0.13,0.14,0.01,0.01,75399.08,1776793112000
1776793114.556,214.556,0.86,0.87,0.13,0.14,0.01,0.01,75399.08,1776793112000
1776793114.893,214.893,0.85,0.86,0.14,0.15,0.01,0.01,75399.66,1776793113000
1776793115.292,215.292,0.88,0.89,0.11,0.12,0.01,0.01,75400.42,1776793114000
1776793115.647,215.647,0.89,0.9,0.1,0.11,0.01,0.01,75400.42,1776793114000
1776793115.986,215.986,0.9,0.91,0.09,0.1,0.01,0.01,75400.42,1776793114000
1776793116.45,216.45,0.9,0.91,0.09,0.1,0.01,0.01,75401.05,1776793115000
1776793116.847,216.847,0.91,0.92,0.08,0.09,0.01,0.01,75401.05,1776793115000
1776793117.19,217.19,0.91,0.92,0.08,0.09,0.01,0.01,75403.9,1776793116000
1776793117.735,217.735,0.92,0.94,0.07,0.08,0.02,0.01,75403.9,1776793116000
1776793118.166,218.166,0.93,0.94,0.06,0.07,0.01,0.01,75403.9,1776793116000
1776793118.512,218.512,0.93,0.94,0.06,0.07,0.01,0.01,75403.9,1776793116000
1776793118.877,218.877,0.93,0.94,0.06,0.07,0.01,0.01,75403.9,1776793116000
1776793119.341,219.341,0.94,0.95,0.05,0.06,0.01,0.01,75418.85,1776793117000
1776793119.797,219.797,0.94,0.95,0.05,0.06,0.01,0.01,75423.76,1776793118000
1776793120.33,220.33,0.94,0.96,0.05,0.06,0.02,0.01,75423.77,1776793119000
1776793121.109,221.109,0.94,0.96,0.04,0.06,0.02,0.02,75423.88,1776793120000
1776793121.622,221.622,0.95,0.96,0.04,0.06,0.01,0.02,75423.88,1776793120000
1776793122.066,222.066,0.95,0.96,0.04,0.05,0.01,0.01,75423.88,1776793120000
1776793122.502,222.502,0.95,0.96,0.04,0.05,0.01,0.01,75423.88,1776793121000
1776793123.045,223.045,0.95,0.96,0.04,0.05,0.01,0.01,75423.88,1776793121000
1776793123.4,223.4,0.95,0.96,0.04,0.05,0.01,0.01,75423.77,1776793122000
1776793123.744,223.744,0.95,0.96,0.04,0.05,0.01,0.01,75423.77,1776793122000
1776793124.148,224.148,0.94,0.97,0.04,0.06,0.03,0.02,75423.77,1776793122000
1776793124.53,224.53,0.95,0.96,0.04,0.05,0.01,0.01,75418.59,1776793123000
1776793124.899,224.899,0.94,0.96,0.04,0.06,0.02,0.02,75418.59,1776793123000
1776793125.235,225.235,0.93,0.94,0.06,0.07,0.01,0.01,75418.59,1776793123000
1776793125.575,225.575,0.87,0.89,0.12,0.13,0.02,0.01,75415.04,1776793124000
1776793125.91,225.91,0.87,0.9,0.1,0.13,0.03,0.03,75415.04,1776793124000
1776793126.247,226.247,0.87,0.88,0.12,0.13,0.01,0.01,75415.04,1776793124000
1776793126.601,226.601,0.87,0.88,0.12,0.13,0.01,0.01,75404.37,1776793125000
1776793126.936,226.936,0.88,0.89,0.11,0.12,0.01,0.01,75401.04,1776793126000
1776793127.321,227.321,0.86,0.87,0.11,0.14,0.01,0.03,75401.04,1776793126000
1776793127.707,227.707,0.86,0.87,0.13,0.14,0.01,0.01,75401.04,1776793126000
1776793128.089,228.089,0.8,0.81,0.19,0.22,0.01,0.03,75399.01,1776793127000
1776793128.522,228.522,0.8,0.81,0.19,0.2,0.01,0.01,75399.01,1776793127000
1776793128.973,228.973,0.79,0.8,0.2,0.21,0.01,0.01,75399.01,1776793127000
1776793129.443,229.443,0.8,0.81,0.18,0.2,0.01,0.02,75397.33,1776793128000
1776793129.848,229.848,0.8,0.81,0.19,0.2,0.01,0.01,75397.33,1776793128000
1776793130.188,230.188,0.78,0.8,0.2,0.22,0.02,0.02,75397.33,1776793128000
1776793130.607,230.607,0.75,0.76,0.24,0.25,0.01,0.01,75386.01,1776793129000
1776793131.035,231.035,0.75,0.76,0.24,0.25,0.01,0.01,75386.01,1776793129000
1776793131.435,231.435,0.76,0.77,0.23,0.24,0.01,0.01,75386.01,1776793130000
1776793131.828,231.828,0.76,0.78,0.23,0.24,0.02,0.01,75386.01,1776793130000
1776793132.164,232.164,0.8,0.82,0.22,0.24,0.02,0.02,75386.01,1776793130000
1776793132.702,232.702,0.82,0.83,0.17,0.18,0.01,0.01,75386.01,1776793130000
1776793133.052,233.052,0.82,0.84,0.16,0.18,0.02,0.02,75378.69,1776793131000
1776793133.524,233.524,0.85,0.89,0.11,0.15,0.04,0.04,75378.55,1776793132000
1776793133.916,233.916,0.85,0.86,0.11,0.15,0.01,0.04,75378.55,1776793132000
1776793134.255,234.255,0.85,0.86,0.14,0.15,0.01,0.01,75383.5,1776793133000
1776793134.693,234.693,0.88,0.89,0.11,0.12,0.01,0.01,75383.5,1776793133000
1776793135.1,235.1,0.91,0.93,0.07,0.09,0.02,0.02,75383.5,1776793133000
1776793135.453,235.453,0.93,0.97,0.03,0.06,0.04,0.03,75401.77,1776793134000
1776793135.869,235.869,0.92,0.94,0.06,0.08,0.02,0.02,75401.77,1776793134000
1776793136.202,236.202,0.96,0.98,0.02,0.04,0.02,0.02,75487.03,1776793135000
1776793136.628,236.628,0.99,0.99,0.01,0.01,0.0,0.0,75487.03,1776793135000
1776793137.012,237.012,0.99,0.99,0.01,0.02,0.0,0.01,75487.03,1776793135000
1776793137.407,237.407,0.98,0.99,0.01,0.02,0.01,0.01,75517.09,1776793136000
1776793138.519,238.519,0.99,0.99,0.01,0.02,0.0,0.01,75517.09,1776793136000
1776793138.886,238.886,0.99,0.99,0.01,0.01,0.0,0.0,75555.77,1776793137000
1776793139.456,239.456,0.99,0.99,0.01,0.01,0.0,0.0,75555.77,1776793138000
1776793139.801,239.801,0.99,0.99,0.01,0.01,0.0,0.0,75555.77,1776793138000
1776793140.171,240.171,0.99,0.99,0.01,0.01,0.0,0.0,75555.77,1776793138000
1776793140.574,240.574,0.99,0.99,0.01,0.01,0.0,0.0,75553.97,1776793139000
1776793140.909,240.909,0.99,0.99,0.01,0.01,0.0,0.0,75553.97,1776793139000
1776793141.259,241.259,0.99,0.99,0.01,0.01,0.0,0.0,75553.97,1776793139000
1776793141.669,241.669,0.99,0.99,0.01,0.01,0.0,0.0,75537.44,1776793140000
1776793142.019,242.019,0.99,0.99,0.01,0.01,0.0,0.0,75537.44,1776793140000
1776793142.552,242.552,0.99,0.99,0.01,0.01,0.0,0.0,75537.44,1776793140000
1776793143.826,243.826,0.99,0.99,0.01,0.01,0.0,0.0,75563.26,1776793142000
1776793144.261,244.261,0.99,0.99,0.01,0.01,0.0,0.0,75563.26,1776793142000
1776793144.618,244.618,0.99,0.99,0.01,0.01,0.0,0.0,75563.26,1776793142000
1776793144.954,244.954,0.99,0.99,0.01,0.01,0.0,0.0,75563.26,1776793142000
1776793145.387,245.387,0.99,0.99,0.01,0.01,0.0,0.0,75565.19,1776793143000
1776793145.757,245.757,0.99,0.99,0.01,0.01,0.0,0.0,75565.19,1776793143000
1776793146.187,246.187,0.99,0.99,0.01,0.01,0.0,0.0,75572.55,1776793144000
1776793146.886,246.886,0.99,0.99,0.01,0.01,0.0,0.0,75572.55,1776793144000
1776793147.232,247.232,0.99,0.99,0.01,0.01,0.0,0.0,75659.7,1776793145000
1776793147.623,247.623,0.99,0.99,0.01,0.01,0.0,0.0,75659.7,1776793145000
1776793148.231,248.231,0.99,0.99,0.01,0.01,0.0,0.0,75639.08,1776793146000
1776793148.711,248.711,0.99,0.99,0.01,0.01,0.0,0.0,75639.08,1776793146000
1776793149.232,249.232,0.99,0.99,0.01,0.01,0.0,0.0,75634.67,1776793147000
1776793149.607,249.607,0.99,0.99,0.01,0.01,0.0,0.0,75634.67,1776793147000
1776793150.608,250.608,0.99,0.99,0.01,0.01,0.0,0.0,75615.34,1776793148000
1776793151.021,251.021,0.99,0.99,0.01,0.01,0.0,0.0,75615.34,1776793148000
1776793151.429,251.429,0.99,0.99,0.01,0.01,0.0,0.0,75615.34,1776793148000
1776793151.794,251.794,0.99,0.99,0.01,0.01,0.0,0.0,75615.34,1776793148000
1776793152.177,252.177,0.99,0.99,0.01,0.01,0.0,0.0,75604.35,1776793149000
1776793152.632,252.632,0.99,0.99,0.01,0.01,0.0,0.0,75604.35,1776793149000
1776793153.06,253.06,0.99,0.99,0.01,0.01,0.0,0.0,75607.86,1776793150000
1776793153.809,253.809,0.99,0.99,0.01,0.01,0.0,0.0,75607.86,1776793150000
1776793154.303,254.303,0.99,0.99,0.01,0.01,0.0,0.0,75610.48,1776793151000
1776793154.962,254.962,0.99,0.99,0.01,0.01,0.0,0.0,75569.98,1776793152000
1776793155.703,255.703,0.99,0.99,0.01,0.01,0.0,0.0,75569.98,1776793152000
1776793156.333,256.333,0.99,0.99,0.01,0.01,0.0,0.0,75517.76,1776793153000
1776793156.716,256.716,0.99,0.99,0.01,0.01,0.0,0.0,75517.76,1776793153000
1776793157.428,257.428,0.99,0.99,0.01,0.01,0.0,0.0,75514.91,1776793154000
1776793158.11,258.11,0.99,0.99,0.01,0.01,0.0,0.0,75514.91,1776793154000
1776793158.846,258.846,0.99,0.99,0.01,0.01,0.0,0.0,75515.29,1776793156000
1776793159.32,259.32,0.99,0.99,0.01,0.01,0.0,0.0,75515.29,1776793156000
1776793160.057,260.057,0.99,0.99,0.01,0.01,0.0,0.0,75506.86,1776793157000
1776793160.593,260.593,0.99,0.99,0.01,0.01,0.0,0.0,75506.86,1776793157000
1776793161.174,261.174,0.99,0.99,0.01,0.01,0.0,0.0,75493.26,1776793158000
1776793161.755,261.755,0.99,0.99,0.01,0.01,0.0,0.0,75493.26,1776793158000
1776793162.28,262.28,0.99,0.99,0.01,0.01,0.0,0.0,75493.26,1776793158000
1776793162.698,262.698,0.99,0.99,0.01,0.01,0.0,0.0,75494.01,1776793159000
1776793163.857,263.857,0.99,0.99,0.01,0.01,0.0,0.0,75494.38,1776793161000
1776793164.846,264.846,0.99,0.99,0.01,0.01,0.0,0.0,75487.19,1776793162000
1776793165.773,265.773,0.99,0.99,0.01,0.01,0.0,0.0,75483.77,1776793163000
1776793166.437,266.437,0.99,0.99,0.01,0.01,0.0,0.0,75483.77,1776793163000
1776793166.867,266.867,0.99,0.99,0.01,0.01,0.0,0.0,75485.79,1776793164000
1776793167.591,267.591,0.99,0.99,0.01,0.01,0.0,0.0,75495.6,1776793165000
1776793168.396,268.396,0.99,0.99,0.01,0.01,0.0,0.0,75492.87,1776793166000
1776793169.117,269.117,0.99,0.99,0.01,0.01,0.0,0.0,75489.25,1776793167000
1776793169.737,269.737,0.99,0.99,0.01,0.01,0.0,0.0,75489.25,1776793167000
1776793170.375,270.375,0.99,0.99,0.01,0.01,0.0,0.0,75492.44,1776793169000
1776793170.915,270.915,0.99,0.99,0.01,0.01,0.0,0.0,75490.57,1776793170000
1776793171.341,271.341,0.99,0.99,0.01,0.01,0.0,0.0,75490.57,1776793170000
1776793171.761,271.761,0.99,0.99,0.01,0.01,0.0,0.0,75490.57,1776793170000
1776793173.045,273.045,0.99,0.99,0.01,0.01,0.0,0.0,75499.05,1776793172000
1776793173.969,273.969,0.99,0.99,0.01,0.01,0.0,0.0,75499.05,1776793172000
1776793174.434,274.434,0.99,0.99,0.01,0.01,0.0,0.0,75515.0,1776793173000
1776793175.647,275.647,0.99,0.99,0.01,0.01,0.0,0.0,75527.24,1776793174000
1776793176.064,276.064,0.99,0.99,0.01,0.01,0.0,0.0,75527.59,1776793175000
1776793177.255,277.255,0.99,0.99,0.01,0.01,0.0,0.0,75529.68,1776793176000
1776793178.357,278.357,0.99,0.99,0.01,0.01,0.0,0.0,75520.9,1776793177000
1776793178.971,278.971,0.99,0.99,0.01,0.01,0.0,0.0,75520.9,1776793178000
1776793179.956,279.956,0.99,0.99,0.01,0.01,0.0,0.0,75520.9,1776793178000
1776793180.35,280.35,0.99,0.99,0.01,0.01,0.0,0.0,75526.17,1776793179000
1776793180.947,280.947,0.99,0.99,0.01,0.01,0.0,0.0,75526.31,1776793180000
1776793181.319,281.319,0.99,0.99,0.01,0.01,0.0,0.0,75526.31,1776793180000
1776793182.107,282.107,0.99,0.99,0.01,0.01,0.0,0.0,75526.23,1776793181000
1776793182.486,282.486,0.99,0.99,0.01,0.01,0.0,0.0,75526.23,1776793181000
1776793183.345,283.345,0.99,0.99,0.01,0.01,0.0,0.0,75521.75,1776793182000
1776793183.992,283.992,0.99,0.99,0.01,0.01,0.0,0.0,75521.75,1776793183000
1776793185.016,285.016,0.99,0.99,0.01,0.01,0.0,0.0,75521.75,1776793183000
1776793186.039,286.039,0.99,0.99,0.01,0.01,0.0,0.0,75548.36,1776793184000
1776793187.504,287.504,0.99,0.99,0.01,0.01,0.0,0.0,75558.06,1776793186000
1776793187.942,287.942,0.99,0.99,0.01,0.01,0.0,0.0,75562.22,1776793187000
1776793189.158,289.158,0.99,0.99,0.01,0.01,0.0,0.0,75576.64,1776793188000
1776793189.741,289.741,0.99,0.99,0.01,0.01,0.0,0.0,75576.64,1776793188000
1776793190.472,290.472,0.99,0.99,0.01,0.01,0.0,0.0,75576.64,1776793188000
1776793191.275,291.275,0.99,0.99,0.01,0.01,0.0,0.0,75590.6,1776793190000
1776793192.018,292.018,0.99,0.99,0.01,0.01,0.0,0.0,75590.6,1776793190000
1776793192.584,292.584,0.99,0.99,0.01,0.01,0.0,0.0,75585.71,1776793191000
1776793192.963,292.963,0.99,0.99,0.01,0.01,0.0,0.0,75585.71,1776793191000
1776793193.308,293.308,0.99,0.99,0.01,0.01,0.0,0.0,75590.35,1776793192000
1776793194.352,294.352,0.99,0.99,0.01,0.01,0.0,0.0,75581.13,1776793193000
1776793195.553,295.553,0.99,0.99,0.01,0.01,0.0,0.0,75591.61,1776793194000
1776793196.032,296.032,0.99,0.99,0.01,0.01,0.0,0.0,75593.02,1776793195000
1776793196.991,296.991,0.99,0.99,0.01,0.01,0.0,0.0,75600.58,1776793196000
1776793197.868,297.868,0.99,0.99,0.01,0.01,0.0,0.0,75600.14,1776793197000
1776793198.646,298.646,0.99,0.99,0.01,0.01,0.0,0.0,75600.14,1776793197000
1776793199.786,299.786,0.99,0.99,0.01,0.01,0.0,0.0,75603.97,1776793198000
1776793200.204,300.204,0.99,0.99,0.01,0.01,0.0,0.0,75600.76,1776793199000
1776793200.999,300.999,0.99,0.99,0.01,0.01,0.0,0.0,75604.57,1776793200000
1776793202.021,302.021,0.99,0.99,0.01,0.01,0.0,0.0,75607.84,1776793201000

# RESULT,winner=Up,slug=btc-updown-5m-1776792900,ticks=648
