timestamp,elapsed_sec,up_bid,up_ask,down_bid,down_ask,up_spread,down_spread,btc_price,btc_oracle_ts
1776336600.652,0.652,0.54,0.55,0.45,0.46,0.01,0.01,74283.4,1776336599000
1776336601.105,1.105,0.58,0.59,0.41,0.42,0.01,0.01,74283.4,1776336599000
1776336601.496,1.496,0.58,0.59,0.41,0.42,0.01,0.01,74282.45,1776336600000
1776336601.831,1.831,0.58,0.59,0.41,0.42,0.01,0.01,74282.45,1776336600000
1776336602.171,2.171,0.58,0.59,0.41,0.42,0.01,0.01,74282.45,1776336600000
1776336602.715,2.715,0.58,0.59,0.41,0.42,0.01,0.01,74281.44,1776336601000
1776336603.175,3.175,0.58,0.59,0.41,0.42,0.01,0.01,74281.44,1776336601000
1776336603.555,3.555,0.58,0.59,0.41,0.42,0.01,0.01,74283.16,1776336602000
1776336603.907,3.907,0.58,0.59,0.41,0.42,0.01,0.01,74283.16,1776336602000
1776336604.303,4.303,0.58,0.59,0.41,0.42,0.01,0.01,74282.82,1776336603000
1776336604.654,4.654,0.58,0.59,0.41,0.42,0.01,0.01,74282.82,1776336603000
1776336605.008,5.008,0.58,0.59,0.41,0.42,0.01,0.01,74282.82,1776336603000
1776336605.375,5.375,0.58,0.59,0.41,0.42,0.01,0.01,74283.16,1776336604000
1776336605.716,5.716,0.58,0.59,0.41,0.42,0.01,0.01,74283.16,1776336604000
1776336606.096,6.096,0.58,0.59,0.41,0.42,0.01,0.01,74283.16,1776336604000
1776336606.613,6.613,0.58,0.59,0.41,0.42,0.01,0.01,74284.91,1776336605000
1776336606.967,6.967,0.58,0.59,0.41,0.42,0.01,0.01,74284.73,1776336606000
1776336607.317,7.317,0.58,0.59,0.41,0.42,0.01,0.01,74284.73,1776336606000
1776336607.663,7.663,0.58,0.59,0.41,0.42,0.01,0.01,74284.73,1776336606000
1776336608.179,8.179,0.58,0.59,0.41,0.42,0.01,0.01,74284.73,1776336606000
1776336608.76,8.76,0.58,0.59,0.41,0.42,0.01,0.01,74284.45,1776336607000
1776336609.095,9.095,0.58,0.59,0.41,0.42,0.01,0.01,74284.45,1776336607000
1776336609.489,9.489,0.58,0.59,0.41,0.42,0.01,0.01,74285.21,1776336608000
1776336609.85,9.85,0.58,0.59,0.41,0.42,0.01,0.01,74285.21,1776336608000
1776336610.207,10.207,0.58,0.59,0.41,0.42,0.01,0.01,74286.16,1776336609000
1776336610.54,10.54,0.58,0.59,0.41,0.42,0.01,0.01,74286.16,1776336609000
1776336611.051,11.051,0.58,0.59,0.41,0.42,0.01,0.01,74286.16,1776336609000
1776336611.461,11.461,0.59,0.6,0.4,0.42,0.01,0.02,74285.48,1776336610000
1776336611.849,11.849,0.62,0.63,0.37,0.38,0.01,0.01,74285.48,1776336610000
1776336612.186,12.186,0.62,0.63,0.37,0.38,0.01,0.01,74285.48,1776336610000
1776336612.549,12.549,0.62,0.63,0.37,0.38,0.01,0.01,74285.46,1776336611000
1776336612.909,12.909,0.62,0.63,0.37,0.38,0.01,0.01,74285.46,1776336611000
1776336613.263,13.263,0.63,0.64,0.36,0.37,0.01,0.01,74292.08,1776336612000
1776336613.618,13.618,0.63,0.64,0.36,0.37,0.01,0.01,74292.08,1776336612000
1776336614.014,14.014,0.63,0.65,0.36,0.37,0.02,0.01,74292.08,1776336612000
1776336614.45,14.45,0.64,0.65,0.35,0.36,0.01,0.01,74294.65,1776336613000
1776336614.866,14.866,0.64,0.65,0.35,0.36,0.01,0.01,74294.65,1776336613000
1776336615.259,15.259,0.66,0.7,0.3,0.34,0.04,0.04,74294.91,1776336614000
1776336615.698,15.698,0.7,0.72,0.29,0.3,0.02,0.01,74294.91,1776336614000
1776336616.052,16.052,0.71,0.72,0.28,0.3,0.01,0.02,74294.91,1776336614000
1776336616.387,16.387,0.71,0.72,0.28,0.29,0.01,0.01,74299.54,1776336615000
1776336616.725,16.725,0.71,0.72,0.28,0.29,0.01,0.01,74299.54,1776336615000
1776336617.3,17.3,0.71,0.72,0.28,0.29,0.01,0.01,74299.54,1776336615000
1776336617.648,17.648,0.72,0.73,0.27,0.28,0.01,0.01,74304.74,1776336616000
1776336618.014,18.014,0.73,0.74,0.26,0.28,0.01,0.02,74304.74,1776336616000
1776336618.359,18.359,0.73,0.74,0.26,0.27,0.01,0.01,74309.61,1776336617000
1776336618.848,18.848,0.73,0.74,0.26,0.27,0.01,0.01,74309.61,1776336617000
1776336619.257,19.257,0.73,0.74,0.26,0.27,0.01,0.01,74309.61,1776336617000
1776336619.684,19.684,0.73,0.74,0.26,0.27,0.01,0.01,74308.82,1776336618000
1776336620.171,20.171,0.74,0.75,0.26,0.27,0.01,0.01,74308.58,1776336619000
1776336620.513,20.513,0.74,0.75,0.25,0.26,0.01,0.01,74308.58,1776336619000
1776336620.86,20.86,0.74,0.75,0.25,0.26,0.01,0.01,74310.38,1776336620000
1776336621.207,21.207,0.74,0.76,0.25,0.26,0.02,0.01,74310.38,1776336620000
1776336621.552,21.552,0.75,0.76,0.24,0.25,0.01,0.01,74310.38,1776336620000
1776336622.034,22.034,0.76,0.77,0.23,0.24,0.01,0.01,74310.38,1776336620000
1776336622.435,22.435,0.77,0.78,0.22,0.23,0.01,0.01,74310.38,1776336620000
1776336622.808,22.808,0.77,0.78,0.22,0.23,0.01,0.01,74310.38,1776336620000
1776336623.232,23.232,0.77,0.78,0.22,0.23,0.01,0.01,74315.1,1776336622000
1776336623.606,23.606,0.77,0.78,0.22,0.23,0.01,0.01,74315.1,1776336622000
1776336624.04,24.04,0.77,0.78,0.22,0.23,0.01,0.01,74315.1,1776336622000
1776336624.41,24.41,0.77,0.78,0.22,0.23,0.01,0.01,74314.78,1776336623000
1776336624.773,24.773,0.77,0.78,0.22,0.23,0.01,0.01,74314.78,1776336623000
1776336625.188,25.188,0.77,0.78,0.22,0.23,0.01,0.01,74315.33,1776336624000
1776336625.589,25.589,0.78,0.79,0.21,0.23,0.01,0.02,74315.33,1776336624000
1776336626.077,26.077,0.78,0.79,0.21,0.22,0.01,0.01,74316.36,1776336625000
1776336626.604,26.604,0.78,0.79,0.21,0.22,0.01,0.01,74316.36,1776336625000
1776336627.032,27.032,0.78,0.79,0.21,0.22,0.01,0.01,74316.36,1776336625000
1776336627.442,27.442,0.78,0.79,0.21,0.22,0.01,0.01,74317.07,1776336626000
1776336627.827,27.827,0.78,0.79,0.21,0.22,0.01,0.01,74317.07,1776336626000
1776336628.552,28.552,0.78,0.79,0.21,0.22,0.01,0.01,74317.07,1776336627000
1776336629.19,29.19,0.78,0.79,0.21,0.22,0.01,0.01,74317.07,1776336628000
1776336629.545,29.545,0.78,0.8,0.2,0.22,0.02,0.02,74317.07,1776336628000
1776336629.921,29.921,0.79,0.8,0.2,0.21,0.01,0.01,74317.07,1776336628000
1776336630.266,30.266,0.79,0.8,0.2,0.21,0.01,0.01,74317.07,1776336628000
1776336630.6,30.6,0.79,0.8,0.2,0.21,0.01,0.01,74316.93,1776336629000
1776336630.945,30.945,0.79,0.8,0.2,0.21,0.01,0.01,74316.93,1776336629000
1776336631.391,31.391,0.78,0.79,0.21,0.22,0.01,0.01,74316.93,1776336629000
1776336631.764,31.764,0.78,0.79,0.21,0.22,0.01,0.01,74320.4,1776336630000
1776336632.104,32.104,0.78,0.79,0.21,0.22,0.01,0.01,74320.4,1776336630000
1776336632.538,32.538,0.78,0.79,0.21,0.22,0.01,0.01,74321.19,1776336631000
1776336632.895,32.895,0.78,0.79,0.21,0.22,0.01,0.01,74321.19,1776336631000
1776336633.301,33.301,0.78,0.79,0.21,0.22,0.01,0.01,74321.19,1776336631000
1776336633.741,33.741,0.78,0.79,0.21,0.22,0.01,0.01,74322.03,1776336632000
1776336634.209,34.209,0.81,0.82,0.18,0.19,0.01,0.01,74322.03,1776336632000
1776336634.746,34.746,0.81,0.82,0.18,0.19,0.01,0.01,74322.03,1776336632000
1776336635.176,35.176,0.81,0.82,0.18,0.19,0.01,0.01,74320.57,1776336633000
1776336635.627,35.627,0.76,0.77,0.23,0.24,0.01,0.01,74320.57,1776336634000
1776336635.979,35.979,0.76,0.77,0.23,0.24,0.01,0.01,74322.65,1776336635000
1776336636.348,36.348,0.76,0.77,0.23,0.24,0.01,0.01,74322.65,1776336635000
1776336636.936,36.936,0.76,0.77,0.23,0.24,0.01,0.01,74322.65,1776336635000
1776336637.463,37.463,0.76,0.77,0.23,0.24,0.01,0.01,74321.98,1776336636000
1776336637.908,37.908,0.76,0.77,0.23,0.24,0.01,0.01,74321.98,1776336636000
1776336638.274,38.274,0.75,0.76,0.24,0.26,0.01,0.02,74321.98,1776336636000
1776336638.746,38.746,0.75,0.76,0.24,0.25,0.01,0.01,74321.98,1776336636000
1776336639.141,39.141,0.74,0.76,0.24,0.25,0.02,0.01,74320.37,1776336637000
1776336639.476,39.476,0.72,0.73,0.27,0.3,0.01,0.03,74320.37,1776336637000
1776336639.825,39.825,0.71,0.72,0.28,0.29,0.01,0.01,74320.37,1776336637000
1776336640.252,40.252,0.71,0.72,0.28,0.29,0.01,0.01,74318.73,1776336638000
1776336640.603,40.603,0.7,0.71,0.29,0.3,0.01,0.01,74318.73,1776336638000
1776336641.001,41.001,0.69,0.7,0.29,0.32,0.01,0.03,74316.1,1776336639000
1776336641.364,41.364,0.69,0.7,0.3,0.31,0.01,0.01,74315.42,1776336640000
1776336642.05,42.05,0.69,0.7,0.3,0.31,0.01,0.01,74315.42,1776336640000
1776336642.388,42.388,0.69,0.7,0.3,0.31,0.01,0.01,74313.88,1776336641000
1776336642.83,42.83,0.7,0.71,0.29,0.31,0.01,0.02,74313.88,1776336641000
1776336643.287,43.287,0.71,0.72,0.28,0.29,0.01,0.01,74313.88,1776336641000
1776336643.937,43.937,0.71,0.72,0.28,0.29,0.01,0.01,74308.97,1776336642000
1776336644.441,44.441,0.71,0.72,0.28,0.29,0.01,0.01,74308.86,1776336643000
1776336644.801,44.801,0.71,0.72,0.28,0.29,0.01,0.01,74308.86,1776336643000
1776336645.383,45.383,0.71,0.72,0.28,0.29,0.01,0.01,74308.86,1776336643000
1776336645.754,45.754,0.71,0.72,0.28,0.29,0.01,0.01,74309.62,1776336644000
1776336646.102,46.102,0.71,0.72,0.28,0.29,0.01,0.01,74309.62,1776336644000
1776336646.508,46.508,0.71,0.72,0.28,0.29,0.01,0.01,74309.45,1776336645000
1776336646.841,46.841,0.71,0.72,0.28,0.29,0.01,0.01,74309.45,1776336645000
1776336647.43,47.43,0.71,0.72,0.28,0.29,0.01,0.01,74309.45,1776336645000
1776336647.895,47.895,0.71,0.72,0.28,0.29,0.01,0.01,74309.19,1776336646000
1776336648.503,48.503,0.71,0.72,0.28,0.29,0.01,0.01,74309.15,1776336647000
1776336648.859,48.859,0.71,0.72,0.28,0.29,0.01,0.01,74309.15,1776336647000
1776336649.225,49.225,0.71,0.72,0.28,0.29,0.01,0.01,74309.14,1776336648000
1776336649.56,49.56,0.71,0.72,0.28,0.29,0.01,0.01,74309.14,1776336648000
1776336650.005,50.005,0.71,0.72,0.28,0.29,0.01,0.01,74309.14,1776336648000
1776336650.392,50.392,0.71,0.72,0.28,0.29,0.01,0.01,74309.14,1776336648000
1776336651.042,51.042,0.71,0.72,0.28,0.29,0.01,0.01,74309.28,1776336649000
1776336651.462,51.462,0.71,0.72,0.28,0.29,0.01,0.01,74309.13,1776336650000
1776336651.828,51.828,0.72,0.73,0.27,0.29,0.01,0.02,74309.13,1776336650000
1776336652.182,52.182,0.72,0.73,0.27,0.28,0.01,0.01,74309.13,1776336650000
1776336652.587,52.587,0.72,0.73,0.27,0.28,0.01,0.01,74309.13,1776336650000
1776336652.927,52.927,0.72,0.73,0.27,0.28,0.01,0.01,74309.1,1776336651000
1776336653.261,53.261,0.72,0.73,0.27,0.28,0.01,0.01,74309.1,1776336651000
1776336653.714,53.714,0.72,0.73,0.27,0.28,0.01,0.01,74309.1,1776336651000
1776336654.093,54.093,0.72,0.73,0.27,0.28,0.01,0.01,74309.66,1776336652000
1776336654.434,54.434,0.71,0.72,0.28,0.29,0.01,0.01,74309.19,1776336653000
1776336654.781,54.781,0.71,0.72,0.28,0.29,0.01,0.01,74309.19,1776336653000
1776336655.164,55.164,0.71,0.72,0.28,0.29,0.01,0.01,74309.06,1776336654000
1776336655.502,55.502,0.7,0.71,0.28,0.29,0.01,0.01,74309.06,1776336654000
1776336655.836,55.836,0.7,0.71,0.29,0.3,0.01,0.01,74309.06,1776336654000
1776336656.409,56.409,0.7,0.71,0.29,0.3,0.01,0.01,74309.06,1776336654000
1776336656.916,56.916,0.7,0.71,0.29,0.3,0.01,0.01,74309.11,1776336655000
1776336657.305,57.305,0.7,0.71,0.29,0.3,0.01,0.01,74309.11,1776336655000
1776336657.702,57.702,0.7,0.71,0.29,0.3,0.01,0.01,74309.12,1776336656000
1776336658.126,58.126,0.7,0.71,0.29,0.3,0.01,0.01,74309.17,1776336657000
1776336658.624,58.624,0.73,0.74,0.26,0.3,0.01,0.04,74309.17,1776336657000
1776336659.085,59.085,0.73,0.74,0.26,0.27,0.01,0.01,74309.17,1776336657000
1776336659.482,59.482,0.73,0.74,0.26,0.27,0.01,0.01,74309.17,1776336658000
1776336659.9,59.9,0.73,0.74,0.26,0.27,0.01,0.01,74309.17,1776336658000
1776336660.438,60.438,0.74,0.75,0.25,0.27,0.01,0.02,74309.16,1776336659000
1776336660.853,60.853,0.74,0.75,0.25,0.26,0.01,0.01,74309.16,1776336659000
1776336661.228,61.228,0.74,0.75,0.25,0.26,0.01,0.01,74309.17,1776336660000
1776336661.596,61.596,0.74,0.75,0.25,0.26,0.01,0.01,74309.17,1776336660000
1776336662.117,62.117,0.74,0.75,0.25,0.26,0.01,0.01,74309.17,1776336660000
1776336662.62,62.62,0.74,0.75,0.25,0.26,0.01,0.01,74309.94,1776336661000
1776336663.012,63.012,0.74,0.76,0.25,0.26,0.02,0.01,74309.94,1776336661000
1776336663.346,63.346,0.78,0.8,0.2,0.22,0.02,0.02,74309.18,1776336662000
1776336663.687,63.687,0.79,0.8,0.18,0.22,0.01,0.04,74309.18,1776336662000
1776336664.067,64.067,0.79,0.81,0.19,0.21,0.02,0.02,74309.18,1776336662000
1776336664.531,64.531,0.8,0.81,0.19,0.2,0.01,0.01,74309.17,1776336663000
1776336664.904,64.904,0.8,0.81,0.19,0.2,0.01,0.01,74309.17,1776336663000
1776336665.384,65.384,0.8,0.81,0.19,0.2,0.01,0.01,74315.38,1776336664000
1776336665.76,65.76,0.8,0.81,0.19,0.2,0.01,0.01,74315.38,1776336664000
1776336666.139,66.139,0.8,0.81,0.19,0.2,0.01,0.01,74315.91,1776336665000
1776336666.609,66.609,0.8,0.81,0.19,0.2,0.01,0.01,74315.91,1776336665000
1776336666.944,66.944,0.73,0.76,0.24,0.27,0.03,0.03,74315.91,1776336665000
1776336667.315,67.315,0.73,0.75,0.24,0.27,0.02,0.03,74318.44,1776336666000
1776336667.663,67.663,0.73,0.74,0.26,0.27,0.01,0.01,74318.44,1776336666000
1776336668.009,68.009,0.73,0.74,0.26,0.27,0.01,0.01,74316.65,1776336667000
1776336668.438,68.438,0.73,0.74,0.26,0.27,0.01,0.01,74316.65,1776336667000
1776336668.942,68.942,0.75,0.76,0.24,0.25,0.01,0.01,74316.65,1776336667000
1776336669.299,69.299,0.76,0.78,0.22,0.24,0.02,0.02,74310.54,1776336668000
1776336669.67,69.67,0.77,0.78,0.22,0.23,0.01,0.01,74310.54,1776336668000
1776336670.218,70.218,0.77,0.78,0.22,0.23,0.01,0.01,74310.54,1776336668000
1776336670.659,70.659,0.77,0.78,0.22,0.23,0.01,0.01,74310.54,1776336668000
1776336671.052,71.052,0.77,0.78,0.22,0.23,0.01,0.01,74311.82,1776336669000
1776336671.467,71.467,0.77,0.78,0.22,0.23,0.01,0.01,74312.09,1776336670000
1776336672.341,72.341,0.77,0.78,0.22,0.23,0.01,0.01,74312.09,1776336670000
1776336672.677,72.677,0.77,0.78,0.22,0.23,0.01,0.01,74313.13,1776336671000
1776336673.162,73.162,0.79,0.8,0.2,0.21,0.01,0.01,74313.31,1776336672000
1776336673.806,73.806,0.79,0.8,0.2,0.21,0.01,0.01,74313.31,1776336672000
1776336674.256,74.256,0.79,0.8,0.2,0.21,0.01,0.01,74313.31,1776336672000
1776336674.819,74.819,0.79,0.8,0.2,0.21,0.01,0.01,74313.89,1776336673000
1776336675.227,75.227,0.79,0.8,0.2,0.21,0.01,0.01,74313.89,1776336673000
1776336675.696,75.696,0.79,0.8,0.2,0.21,0.01,0.01,74317.2,1776336674000
1776336676.124,76.124,0.79,0.8,0.2,0.21,0.01,0.01,74316.71,1776336675000
1776336676.477,76.477,0.79,0.8,0.2,0.21,0.01,0.01,74316.71,1776336675000
1776336676.84,76.84,0.79,0.8,0.2,0.21,0.01,0.01,74316.71,1776336675000
1776336677.217,77.217,0.79,0.8,0.2,0.21,0.01,0.01,74316.84,1776336676000
1776336677.572,77.572,0.79,0.8,0.2,0.21,0.01,0.01,74316.84,1776336676000
1776336678.065,78.065,0.79,0.8,0.2,0.21,0.01,0.01,74316.84,1776336676000
1776336678.51,78.51,0.79,0.8,0.2,0.21,0.01,0.01,74316.91,1776336677000
1776336678.916,78.916,0.79,0.8,0.2,0.21,0.01,0.01,74316.91,1776336677000
1776336679.251,79.251,0.79,0.8,0.2,0.21,0.01,0.01,74316.91,1776336677000
1776336679.691,79.691,0.78,0.8,0.2,0.21,0.02,0.01,74316.94,1776336678000
1776336680.166,80.166,0.79,0.8,0.2,0.22,0.01,0.02,74316.94,1776336678000
1776336680.506,80.506,0.79,0.8,0.2,0.21,0.01,0.01,74316.97,1776336679000
1776336680.944,80.944,0.79,0.8,0.2,0.21,0.01,0.01,74316.97,1776336680000
1776336681.332,81.332,0.79,0.8,0.2,0.21,0.01,0.01,74316.97,1776336680000
1776336681.707,81.707,0.8,0.82,0.18,0.2,0.02,0.02,74316.97,1776336680000
1776336682.264,82.264,0.81,0.82,0.18,0.2,0.01,0.02,74316.97,1776336680000
1776336682.725,82.725,0.81,0.82,0.18,0.19,0.01,0.01,74316.99,1776336681000
1776336683.093,83.093,0.81,0.82,0.18,0.19,0.01,0.01,74316.99,1776336681000
1776336683.5,83.5,0.81,0.82,0.18,0.19,0.01,0.01,74320.64,1776336682000
1776336684.031,84.031,0.81,0.82,0.18,0.19,0.01,0.01,74318.34,1776336683000
1776336684.61,84.61,0.81,0.82,0.18,0.19,0.01,0.01,74318.34,1776336683000
1776336684.951,84.951,0.81,0.82,0.18,0.19,0.01,0.01,74318.34,1776336683000
1776336685.285,85.285,0.81,0.82,0.18,0.19,0.01,0.01,74319.16,1776336684000
1776336685.656,85.656,0.81,0.82,0.18,0.19,0.01,0.01,74319.16,1776336684000
1776336686.116,86.116,0.81,0.82,0.18,0.19,0.01,0.01,74319.16,1776336684000
1776336686.454,86.454,0.81,0.82,0.18,0.19,0.01,0.01,74319.28,1776336685000
1776336686.896,86.896,0.82,0.83,0.17,0.18,0.01,0.01,74319.28,1776336685000
1776336687.292,87.292,0.82,0.83,0.17,0.18,0.01,0.01,74319.38,1776336686000
1776336687.984,87.984,0.82,0.83,0.17,0.18,0.01,0.01,74319.38,1776336686000
1776336688.346,88.346,0.82,0.83,0.17,0.18,0.01,0.01,74319.81,1776336687000
1776336688.921,88.921,0.82,0.83,0.17,0.18,0.01,0.01,74319.81,1776336687000
1776336689.349,89.349,0.82,0.83,0.17,0.18,0.01,0.01,74319.81,1776336687000
1776336689.86,89.86,0.82,0.83,0.17,0.18,0.01,0.01,74320.18,1776336688000
1776336690.215,90.215,0.82,0.83,0.17,0.18,0.01,0.01,74320.18,1776336688000
1776336690.579,90.579,0.82,0.83,0.17,0.18,0.01,0.01,74322.15,1776336689000
1776336690.916,90.916,0.82,0.83,0.17,0.18,0.01,0.01,74320.32,1776336690000
1776336691.28,91.28,0.82,0.83,0.17,0.18,0.01,0.01,74320.32,1776336690000
1776336691.695,91.695,0.83,0.84,0.16,0.17,0.01,0.01,74320.32,1776336690000
1776336692.035,92.035,0.84,0.85,0.15,0.16,0.01,0.01,74324.79,1776336691000
1776336692.38,92.38,0.84,0.85,0.15,0.16,0.01,0.01,74324.79,1776336691000
1776336692.877,92.877,0.84,0.85,0.15,0.16,0.01,0.01,74324.79,1776336691000
1776336693.642,93.642,0.84,0.85,0.15,0.16,0.01,0.01,74326.09,1776336692000
1776336694.005,94.005,0.84,0.85,0.15,0.16,0.01,0.01,74327.89,1776336693000
1776336694.442,94.442,0.84,0.85,0.15,0.16,0.01,0.01,74327.89,1776336693000
1776336694.93,94.93,0.84,0.85,0.15,0.16,0.01,0.01,74326.7,1776336694000
1776336695.423,95.423,0.84,0.85,0.15,0.16,0.01,0.01,74326.7,1776336694000
1776336696.045,96.045,0.84,0.85,0.15,0.16,0.01,0.01,74326.7,1776336694000
1776336696.612,96.612,0.84,0.85,0.15,0.16,0.01,0.01,74327.78,1776336695000
1776336696.947,96.947,0.84,0.85,0.15,0.16,0.01,0.01,74327.78,1776336695000
1776336697.292,97.292,0.84,0.85,0.15,0.16,0.01,0.01,74328.16,1776336696000
1776336697.696,97.696,0.84,0.85,0.15,0.16,0.01,0.01,74328.16,1776336696000
1776336698.056,98.056,0.84,0.85,0.15,0.16,0.01,0.01,74328.57,1776336697000
1776336698.412,98.412,0.84,0.85,0.15,0.16,0.01,0.01,74328.57,1776336697000
1776336698.769,98.769,0.84,0.85,0.15,0.16,0.01,0.01,74328.57,1776336697000
1776336699.254,99.254,0.84,0.85,0.15,0.16,0.01,0.01,74328.57,1776336697000
1776336699.624,99.624,0.84,0.85,0.15,0.16,0.01,0.01,74328.57,1776336697000
1776336700.199,100.199,0.84,0.85,0.15,0.16,0.01,0.01,74328.57,1776336697000
1776336700.536,100.536,0.84,0.85,0.15,0.16,0.01,0.01,74329.46,1776336699000
1776336700.893,100.893,0.84,0.85,0.15,0.16,0.01,0.01,74329.46,1776336699000
1776336701.893,101.893,0.84,0.85,0.15,0.16,0.01,0.01,74327.47,1776336700000
1776336702.27,102.27,0.84,0.85,0.15,0.16,0.01,0.01,74328.74,1776336701000
1776336702.919,102.919,0.84,0.85,0.15,0.16,0.01,0.01,74328.74,1776336701000
1776336703.27,103.27,0.84,0.85,0.15,0.16,0.01,0.01,74327.54,1776336702000
1776336703.678,103.678,0.84,0.85,0.15,0.16,0.01,0.01,74327.54,1776336702000
1776336704.094,104.094,0.84,0.86,0.15,0.16,0.02,0.01,74327.54,1776336702000
1776336704.501,104.501,0.85,0.86,0.14,0.15,0.01,0.01,74328.23,1776336703000
1776336704.872,104.872,0.85,0.86,0.14,0.15,0.01,0.01,74328.23,1776336703000
1776336705.343,105.343,0.85,0.86,0.14,0.15,0.01,0.01,74328.23,1776336704000
1776336706.046,106.046,0.85,0.86,0.14,0.15,0.01,0.01,74328.23,1776336704000
1776336706.412,106.412,0.85,0.86,0.14,0.15,0.01,0.01,74328.23,1776336704000
1776336706.845,106.845,0.84,0.86,0.14,0.15,0.02,0.01,74327.7,1776336705000
1776336707.232,107.232,0.84,0.86,0.14,0.15,0.02,0.01,74327.7,1776336705000
1776336707.688,107.688,0.85,0.86,0.14,0.16,0.01,0.02,74327.84,1776336706000
1776336708.047,108.047,0.85,0.86,0.14,0.15,0.01,0.01,74327.84,1776336706000
1776336708.464,108.464,0.85,0.86,0.14,0.15,0.01,0.01,74328.32,1776336707000
1776336708.984,108.984,0.85,0.86,0.14,0.15,0.01,0.01,74328.32,1776336707000
1776336709.401,109.401,0.85,0.86,0.14,0.15,0.01,0.01,74330.01,1776336708000
1776336709.815,109.815,0.85,0.86,0.14,0.15,0.01,0.01,74330.01,1776336708000
1776336710.205,110.205,0.85,0.86,0.14,0.15,0.01,0.01,74330.01,1776336708000
1776336710.563,110.563,0.85,0.86,0.14,0.15,0.01,0.01,74328.34,1776336709000
1776336710.953,110.953,0.78,0.8,0.2,0.22,0.02,0.02,74328.34,1776336709000
1776336711.287,111.287,0.78,0.79,0.21,0.22,0.01,0.01,74330.6,1776336710000
1776336711.633,111.633,0.78,0.79,0.21,0.22,0.01,0.01,74330.6,1776336710000
1776336711.983,111.983,0.78,0.79,0.21,0.22,0.01,0.01,74330.6,1776336710000
1776336712.33,112.33,0.78,0.79,0.21,0.22,0.01,0.01,74330.6,1776336710000
1776336712.758,112.758,0.78,0.79,0.21,0.22,0.01,0.01,74322.35,1776336711000
1776336713.817,113.817,0.78,0.79,0.21,0.22,0.01,0.01,74321.3,1776336712000
1776336714.172,114.172,0.78,0.79,0.21,0.22,0.01,0.01,74321.3,1776336712000
1776336714.663,114.663,0.78,0.79,0.21,0.22,0.01,0.01,74318.1,1776336713000
1776336715.07,115.07,0.78,0.79,0.21,0.22,0.01,0.01,74318.1,1776336713000
1776336715.421,115.421,0.78,0.79,0.21,0.22,0.01,0.01,74317.58,1776336714000
1776336715.803,115.803,0.78,0.79,0.21,0.22,0.01,0.01,74317.58,1776336714000
1776336716.253,116.253,0.78,0.79,0.21,0.22,0.01,0.01,74317.58,1776336714000
1776336716.749,116.749,0.78,0.79,0.21,0.22,0.01,0.01,74317.48,1776336715000
1776336717.343,117.343,0.78,0.79,0.21,0.22,0.01,0.01,74317.45,1776336716000
1776336717.708,117.708,0.78,0.79,0.21,0.22,0.01,0.01,74317.45,1776336716000
1776336718.18,118.18,0.78,0.8,0.2,0.22,0.02,0.02,74317.47,1776336717000
1776336718.562,118.562,0.8,0.81,0.2,0.21,0.01,0.01,74317.47,1776336717000
1776336719.041,119.041,0.8,0.81,0.19,0.2,0.01,0.01,74317.47,1776336718000
1776336719.745,119.745,0.81,0.82,0.18,0.19,0.01,0.01,74317.47,1776336718000
1776336720.258,120.258,0.81,0.82,0.18,0.19,0.01,0.01,74317.47,1776336718000
1776336720.653,120.653,0.81,0.82,0.18,0.19,0.01,0.01,74320.9,1776336719000
1776336721.205,121.205,0.81,0.82,0.18,0.19,0.01,0.01,74320.08,1776336720000
1776336721.598,121.598,0.81,0.82,0.18,0.19,0.01,0.01,74320.08,1776336720000
1776336722.131,122.131,0.81,0.82,0.18,0.19,0.01,0.01,74319.49,1776336721000
1776336722.489,122.489,0.81,0.82,0.18,0.19,0.01,0.01,74319.49,1776336721000
1776336722.839,122.839,0.82,0.83,0.17,0.18,0.01,0.01,74319.49,1776336721000
1776336723.235,123.235,0.82,0.83,0.17,0.18,0.01,0.01,74320.05,1776336722000
1776336723.642,123.642,0.82,0.83,0.17,0.18,0.01,0.01,74320.05,1776336722000
1776336724.0,124.0,0.82,0.83,0.17,0.18,0.01,0.01,74320.05,1776336722000
1776336724.381,124.381,0.82,0.83,0.17,0.18,0.01,0.01,74320.05,1776336722000
1776336725.074,125.074,0.8,0.81,0.17,0.2,0.01,0.03,74320.05,1776336723000
1776336725.683,125.683,0.8,0.81,0.19,0.2,0.01,0.01,74320.04,1776336724000
1776336726.087,126.087,0.8,0.81,0.19,0.2,0.01,0.01,74320.04,1776336724000
1776336726.583,126.583,0.8,0.81,0.19,0.2,0.01,0.01,74320.12,1776336725000
1776336727.108,127.108,0.8,0.81,0.19,0.2,0.01,0.01,74320.12,1776336725000
1776336727.546,127.546,0.8,0.82,0.19,0.2,0.02,0.01,74325.76,1776336726000
1776336728.069,128.069,0.81,0.82,0.18,0.19,0.01,0.01,74322.89,1776336727000
1776336728.403,128.403,0.81,0.82,0.18,0.19,0.01,0.01,74322.89,1776336727000
1776336728.93,128.93,0.81,0.82,0.18,0.19,0.01,0.01,74320.03,1776336728000
1776336729.306,129.306,0.85,0.86,0.14,0.15,0.01,0.01,74320.03,1776336728000
1776336729.648,129.648,0.86,0.87,0.13,0.14,0.01,0.01,74320.03,1776336728000
1776336729.986,129.986,0.85,0.87,0.13,0.15,0.02,0.02,74320.03,1776336728000
1776336730.354,130.354,0.84,0.85,0.15,0.16,0.01,0.01,74319.91,1776336729000
1776336730.713,130.713,0.83,0.84,0.16,0.17,0.01,0.01,74319.91,1776336729000
1776336731.073,131.073,0.83,0.84,0.16,0.17,0.01,0.01,74325.4,1776336730000
1776336731.533,131.533,0.83,0.84,0.16,0.17,0.01,0.01,74325.4,1776336730000
1776336731.867,131.867,0.83,0.84,0.16,0.17,0.01,0.01,74325.4,1776336730000
1776336732.212,132.212,0.83,0.84,0.16,0.17,0.01,0.01,74324.96,1776336731000
1776336732.549,132.549,0.83,0.84,0.16,0.17,0.01,0.01,74324.96,1776336731000
1776336732.908,132.908,0.83,0.84,0.16,0.17,0.01,0.01,74324.96,1776336731000
1776336733.363,133.363,0.81,0.82,0.18,0.19,0.01,0.01,74322.7,1776336732000
1776336733.705,133.705,0.81,0.82,0.18,0.19,0.01,0.01,74322.7,1776336732000
1776336734.12,134.12,0.81,0.82,0.18,0.19,0.01,0.01,74322.7,1776336732000
1776336734.493,134.493,0.81,0.82,0.18,0.19,0.01,0.01,74321.03,1776336733000
1776336734.844,134.844,0.81,0.82,0.18,0.19,0.01,0.01,74321.03,1776336733000
1776336735.22,135.22,0.81,0.82,0.18,0.19,0.01,0.01,74321.03,1776336733000
1776336735.647,135.647,0.83,0.84,0.16,0.17,0.01,0.01,74318.84,1776336734000
1776336736.085,136.085,0.83,0.84,0.16,0.17,0.01,0.01,74318.84,1776336734000
1776336736.5,136.5,0.83,0.84,0.16,0.17,0.01,0.01,74319.23,1776336735000
1776336736.844,136.844,0.83,0.84,0.16,0.17,0.01,0.01,74319.23,1776336735000
1776336737.186,137.186,0.83,0.84,0.16,0.17,0.01,0.01,74319.23,1776336735000
1776336737.52,137.52,0.83,0.84,0.16,0.17,0.01,0.01,74321.61,1776336736000
1776336737.858,137.858,0.83,0.84,0.16,0.17,0.01,0.01,74321.61,1776336737000
1776336738.409,138.409,0.83,0.84,0.16,0.17,0.01,0.01,74321.61,1776336737000
1776336738.876,138.876,0.83,0.84,0.16,0.17,0.01,0.01,74320.56,1776336738000
1776336739.272,139.272,0.83,0.84,0.16,0.17,0.01,0.01,74320.56,1776336738000
1776336739.823,139.823,0.83,0.84,0.16,0.17,0.01,0.01,74320.56,1776336738000
1776336740.233,140.233,0.83,0.84,0.16,0.17,0.01,0.01,74320.55,1776336739000
1776336740.809,140.809,0.83,0.84,0.16,0.17,0.01,0.01,74320.53,1776336740000
1776336741.431,141.431,0.83,0.84,0.16,0.17,0.01,0.01,74320.53,1776336740000
1776336741.946,141.946,0.83,0.84,0.16,0.17,0.01,0.01,74320.34,1776336741000
1776336742.331,142.331,0.83,0.84,0.16,0.17,0.01,0.01,74320.34,1776336741000
1776336742.666,142.666,0.83,0.84,0.16,0.17,0.01,0.01,74320.34,1776336741000
1776336743.042,143.042,0.83,0.84,0.16,0.17,0.01,0.01,74320.34,1776336741000
1776336743.497,143.497,0.83,0.84,0.16,0.17,0.01,0.01,74320.34,1776336741000
1776336743.885,143.885,0.83,0.84,0.16,0.17,0.01,0.01,74321.12,1776336742000
1776336744.225,144.225,0.83,0.84,0.16,0.17,0.01,0.01,74321.59,1776336743000
1776336744.562,144.562,0.83,0.84,0.16,0.17,0.01,0.01,74321.59,1776336743000
1776336745.019,145.019,0.83,0.84,0.16,0.17,0.01,0.01,74321.59,1776336743000
1776336745.369,145.369,0.83,0.84,0.16,0.17,0.01,0.01,74321.71,1776336744000
1776336746.061,146.061,0.83,0.84,0.16,0.17,0.01,0.01,74321.71,1776336744000
1776336746.735,146.735,0.86,0.87,0.14,0.16,0.01,0.02,74322.56,1776336745000
1776336747.072,147.072,0.87,0.89,0.11,0.13,0.02,0.02,74322.56,1776336745000
1776336747.44,147.44,0.89,0.9,0.1,0.11,0.01,0.01,74320.57,1776336746000
1776336747.805,147.805,0.91,0.92,0.08,0.09,0.01,0.01,74320.57,1776336746000
1776336748.177,148.177,0.91,0.92,0.08,0.09,0.01,0.01,74320.57,1776336746000
1776336748.639,148.639,0.91,0.92,0.08,0.09,0.01,0.01,74324.07,1776336747000
1776336749.103,149.103,0.91,0.92,0.08,0.09,0.01,0.01,74324.07,1776336747000
1776336749.51,149.51,0.91,0.92,0.08,0.09,0.01,0.01,74332.53,1776336748000
1776336750.209,150.209,0.91,0.92,0.08,0.09,0.01,0.01,74332.53,1776336748000
1776336750.687,150.687,0.91,0.92,0.08,0.09,0.01,0.01,74330.36,1776336749000
1776336751.173,151.173,0.91,0.92,0.08,0.09,0.01,0.01,74330.36,1776336750000
1776336751.607,151.607,0.91,0.92,0.08,0.09,0.01,0.01,74330.36,1776336750000
1776336751.983,151.983,0.91,0.92,0.08,0.09,0.01,0.01,74330.36,1776336750000
1776336752.385,152.385,0.91,0.92,0.08,0.09,0.01,0.01,74330.47,1776336751000
1776336752.777,152.777,0.91,0.92,0.08,0.09,0.01,0.01,74330.47,1776336751000
1776336753.36,153.36,0.92,0.93,0.07,0.08,0.01,0.01,74330.42,1776336752000
1776336753.727,153.727,0.91,0.92,0.08,0.09,0.01,0.01,74330.42,1776336752000
1776336754.663,154.663,0.91,0.92,0.08,0.09,0.01,0.01,74335.12,1776336753000
1776336755.121,155.121,0.91,0.92,0.08,0.09,0.01,0.01,74335.12,1776336753000
1776336755.541,155.541,0.9,0.91,0.09,0.1,0.01,0.01,74333.89,1776336754000
1776336755.918,155.918,0.9,0.91,0.09,0.1,0.01,0.01,74333.89,1776336754000
1776336756.256,156.256,0.9,0.91,0.09,0.1,0.01,0.01,74333.89,1776336754000
1776336756.63,156.63,0.9,0.91,0.09,0.1,0.01,0.01,74333.14,1776336755000
1776336757.165,157.165,0.9,0.91,0.09,0.1,0.01,0.01,74333.14,1776336755000
1776336757.687,157.687,0.89,0.9,0.1,0.11,0.01,0.01,74333.52,1776336756000
1776336758.024,158.024,0.89,0.9,0.1,0.11,0.01,0.01,74333.52,1776336756000
1776336758.401,158.401,0.89,0.9,0.1,0.11,0.01,0.01,74333.52,1776336756000
1776336758.753,158.753,0.89,0.9,0.1,0.11,0.01,0.01,74333.46,1776336757000
1776336759.12,159.12,0.89,0.9,0.1,0.11,0.01,0.01,74333.46,1776336757000
1776336759.464,159.464,0.89,0.9,0.1,0.11,0.01,0.01,74332.17,1776336758000
1776336759.876,159.876,0.89,0.9,0.1,0.11,0.01,0.01,74332.17,1776336758000
1776336760.564,160.564,0.89,0.9,0.1,0.11,0.01,0.01,74332.17,1776336758000
1776336760.902,160.902,0.89,0.9,0.1,0.11,0.01,0.01,74332.17,1776336758000
1776336761.539,161.539,0.9,0.91,0.1,0.11,0.01,0.01,74330.81,1776336759000
1776336762.079,162.079,0.9,0.91,0.09,0.1,0.01,0.01,74330.56,1776336760000
1776336762.925,162.925,0.92,0.93,0.07,0.08,0.01,0.01,74330.56,1776336761000
1776336763.306,163.306,0.91,0.92,0.08,0.1,0.01,0.02,74330.56,1776336761000
1776336763.839,163.839,0.91,0.92,0.08,0.09,0.01,0.01,74331.93,1776336762000
1776336764.218,164.218,0.91,0.92,0.08,0.09,0.01,0.01,74332.58,1776336763000
1776336765.46,165.46,0.91,0.92,0.08,0.09,0.01,0.01,74332.5,1776336764000
1776336766.202,166.202,0.91,0.92,0.08,0.09,0.01,0.01,74332.5,1776336764000
1776336766.543,166.543,0.9,0.91,0.08,0.09,0.01,0.01,74331.95,1776336765000
1776336767.138,167.138,0.9,0.91,0.09,0.1,0.01,0.01,74331.95,1776336765000
1776336767.841,167.841,0.88,0.9,0.1,0.12,0.02,0.02,74332.23,1776336766000
1776336768.467,168.467,0.88,0.89,0.11,0.12,0.01,0.01,74331.52,1776336767000
1776336768.872,168.872,0.88,0.89,0.11,0.12,0.01,0.01,74331.52,1776336767000
1776336769.363,169.363,0.88,0.9,0.1,0.12,0.02,0.02,74331.01,1776336768000
1776336769.797,169.797,0.88,0.89,0.11,0.12,0.01,0.01,74331.01,1776336768000
1776336770.187,170.187,0.88,0.89,0.11,0.12,0.01,0.01,74329.16,1776336769000
1776336770.598,170.598,0.88,0.89,0.11,0.12,0.01,0.01,74329.16,1776336769000
1776336771.129,171.129,0.88,0.89,0.11,0.12,0.01,0.01,74329.16,1776336769000
1776336771.61,171.61,0.88,0.9,0.1,0.12,0.02,0.02,74329.67,1776336770000
1776336771.976,171.976,0.89,0.9,0.1,0.12,0.01,0.02,74329.67,1776336770000
1776336772.422,172.422,0.9,0.91,0.09,0.11,0.01,0.02,74329.67,1776336770000
1776336773.027,173.027,0.9,0.92,0.09,0.1,0.02,0.01,74328.82,1776336771000
1776336773.947,173.947,0.9,0.92,0.09,0.1,0.02,0.01,74329.35,1776336772000
1776336774.368,174.368,0.91,0.92,0.08,0.09,0.01,0.01,74329.35,1776336772000
1776336774.89,174.89,0.91,0.92,0.08,0.09,0.01,0.01,74328.19,1776336773000
1776336775.242,175.242,0.91,0.92,0.08,0.09,0.01,0.01,74328.19,1776336773000
1776336775.656,175.656,0.91,0.92,0.08,0.09,0.01,0.01,74329.62,1776336774000
1776336776.037,176.037,0.91,0.92,0.08,0.09,0.01,0.01,74329.62,1776336774000
1776336776.566,176.566,0.91,0.92,0.08,0.09,0.01,0.01,74330.63,1776336775000
1776336777.197,177.197,0.91,0.92,0.08,0.09,0.01,0.01,74328.76,1776336776000
1776336777.625,177.625,0.91,0.92,0.08,0.09,0.01,0.01,74328.76,1776336776000
1776336778.264,178.264,0.91,0.92,0.08,0.09,0.01,0.01,74328.76,1776336776000
1776336778.844,178.844,0.91,0.92,0.08,0.09,0.01,0.01,74329.7,1776336777000
1776336779.285,179.285,0.91,0.92,0.08,0.09,0.01,0.01,74329.7,1776336777000
1776336779.626,179.626,0.91,0.92,0.08,0.09,0.01,0.01,74329.56,1776336778000
1776336779.973,179.973,0.91,0.92,0.08,0.09,0.01,0.01,74329.56,1776336778000
1776336780.413,180.413,0.91,0.92,0.08,0.09,0.01,0.01,74330.02,1776336779000
1776336780.824,180.824,0.92,0.93,0.07,0.08,0.01,0.01,74330.02,1776336779000
1776336781.174,181.174,0.91,0.93,0.07,0.09,0.02,0.02,74328.65,1776336780000
1776336781.515,181.515,0.91,0.92,0.08,0.09,0.01,0.01,74328.65,1776336780000
1776336781.861,181.861,0.9,0.91,0.09,0.1,0.01,0.01,74328.65,1776336780000
1776336782.208,182.208,0.9,0.91,0.09,0.1,0.01,0.01,74328.65,1776336780000
1776336782.597,182.597,0.9,0.91,0.09,0.1,0.01,0.01,74328.65,1776336781000
1776336782.938,182.938,0.9,0.91,0.09,0.1,0.01,0.01,74328.65,1776336782000
1776336784.039,184.039,0.9,0.91,0.09,0.1,0.01,0.01,74328.27,1776336783000
1776336784.53,184.53,0.9,0.91,0.09,0.1,0.01,0.01,74328.27,1776336783000
1776336785.138,185.138,0.9,0.91,0.09,0.1,0.01,0.01,74327.29,1776336784000
1776336785.823,185.823,0.9,0.91,0.09,0.1,0.01,0.01,74327.29,1776336784000
1776336786.393,186.393,0.9,0.91,0.09,0.1,0.01,0.01,74328.18,1776336785000
1776336786.952,186.952,0.9,0.91,0.09,0.1,0.01,0.01,74327.58,1776336786000
1776336788.053,188.053,0.9,0.91,0.09,0.1,0.01,0.01,74327.2,1776336787000
1776336788.455,188.455,0.9,0.91,0.09,0.1,0.01,0.01,74327.2,1776336787000
1776336789.149,189.149,0.9,0.91,0.09,0.1,0.01,0.01,74328.58,1776336788000
1776336790.036,190.036,0.9,0.91,0.09,0.1,0.01,0.01,74328.58,1776336788000
1776336790.446,190.446,0.9,0.91,0.09,0.1,0.01,0.01,74326.61,1776336789000
1776336791.287,191.287,0.9,0.91,0.09,0.1,0.01,0.01,74327.13,1776336790000
1776336791.732,191.732,0.9,0.91,0.09,0.1,0.01,0.01,74327.13,1776336790000
1776336792.422,192.422,0.9,0.91,0.09,0.1,0.01,0.01,74329.96,1776336791000
1776336793.262,193.262,0.92,0.93,0.09,0.1,0.01,0.01,74329.96,1776336791000
1776336793.671,193.671,0.92,0.94,0.06,0.08,0.02,0.02,74333.3,1776336792000
1776336794.064,194.064,0.92,0.93,0.06,0.08,0.01,0.02,74333.67,1776336793000
1776336794.58,194.58,0.93,0.94,0.06,0.07,0.01,0.01,74333.67,1776336793000
1776336794.95,194.95,0.93,0.95,0.05,0.07,0.02,0.02,74333.67,1776336793000
1776336795.715,195.715,0.93,0.94,0.06,0.07,0.01,0.01,74333.94,1776336794000
1776336796.073,196.073,0.93,0.95,0.05,0.07,0.02,0.02,74333.94,1776336794000
1776336796.758,196.758,0.94,0.95,0.05,0.07,0.01,0.02,74336.02,1776336795000
1776336797.161,197.161,0.94,0.95,0.05,0.06,0.01,0.01,74336.02,1776336795000
1776336797.513,197.513,0.94,0.95,0.05,0.06,0.01,0.01,74335.55,1776336796000
1776336797.921,197.921,0.94,0.95,0.05,0.06,0.01,0.01,74335.82,1776336797000
1776336799.061,199.061,0.94,0.95,0.05,0.06,0.01,0.01,74336.86,1776336798000
1776336800.094,200.094,0.94,0.95,0.05,0.06,0.01,0.01,74336.86,1776336798000
1776336800.472,200.472,0.94,0.95,0.05,0.06,0.01,0.01,74335.89,1776336799000
1776336801.073,201.073,0.94,0.95,0.05,0.06,0.01,0.01,74335.89,1776336799000
1776336801.433,201.433,0.94,0.95,0.05,0.06,0.01,0.01,74334.84,1776336800000
1776336801.882,201.882,0.94,0.95,0.05,0.06,0.01,0.01,74334.84,1776336800000
1776336802.278,202.278,0.94,0.95,0.05,0.06,0.01,0.01,74334.67,1776336801000
1776336802.801,202.801,0.94,0.95,0.05,0.06,0.01,0.01,74334.67,1776336801000
1776336803.154,203.154,0.94,0.95,0.05,0.06,0.01,0.01,74332.48,1776336802000
1776336803.545,203.545,0.94,0.95,0.05,0.06,0.01,0.01,74332.48,1776336802000
1776336803.952,203.952,0.94,0.95,0.05,0.06,0.01,0.01,74332.48,1776336802000
1776336804.942,204.942,0.93,0.94,0.05,0.07,0.01,0.02,74330.27,1776336803000
1776336805.497,205.497,0.92,0.93,0.07,0.08,0.01,0.01,74330.27,1776336803000
1776336805.901,205.901,0.92,0.93,0.07,0.08,0.01,0.01,74330.27,1776336803000
1776336806.527,206.527,0.92,0.93,0.07,0.08,0.01,0.01,74329.24,1776336805000
1776336806.921,206.921,0.92,0.93,0.07,0.08,0.01,0.01,74329.22,1776336806000
1776336807.433,207.433,0.92,0.93,0.07,0.08,0.01,0.01,74329.22,1776336806000
1776336807.889,207.889,0.92,0.94,0.06,0.08,0.02,0.02,74329.22,1776336806000
1776336808.309,208.309,0.92,0.95,0.05,0.08,0.03,0.03,74327.47,1776336807000
1776336808.733,208.733,0.92,0.93,0.05,0.08,0.01,0.03,74327.47,1776336807000
1776336809.715,209.715,0.93,0.94,0.05,0.08,0.01,0.03,74330.95,1776336808000
1776336810.098,210.098,0.93,0.95,0.04,0.07,0.02,0.03,74330.95,1776336808000
1776336810.487,210.487,0.93,0.96,0.04,0.07,0.03,0.03,74330.15,1776336809000
1776336810.826,210.826,0.94,0.95,0.06,0.07,0.01,0.01,74330.15,1776336809000
1776336811.301,211.301,0.95,0.96,0.04,0.05,0.01,0.01,74331.96,1776336810000
1776336811.688,211.688,0.95,0.96,0.04,0.05,0.01,0.01,74331.96,1776336810000
1776336812.038,212.038,0.95,0.96,0.04,0.05,0.01,0.01,74331.96,1776336810000
1776336812.455,212.455,0.95,0.96,0.04,0.05,0.01,0.01,74331.96,1776336810000
1776336812.799,212.799,0.95,0.96,0.04,0.05,0.01,0.01,74334.33,1776336811000
1776336813.235,213.235,0.95,0.96,0.04,0.05,0.01,0.01,74334.83,1776336812000
1776336813.677,213.677,0.95,0.96,0.04,0.05,0.01,0.01,74334.83,1776336812000
1776336814.227,214.227,0.95,0.96,0.04,0.05,0.01,0.01,74336.64,1776336813000
1776336815.109,215.109,0.95,0.96,0.04,0.05,0.01,0.01,74336.64,1776336813000
1776336815.7,215.7,0.95,0.96,0.04,0.05,0.01,0.01,74333.16,1776336814000
1776336816.153,216.153,0.95,0.96,0.04,0.05,0.01,0.01,74333.16,1776336814000
1776336816.911,216.911,0.95,0.96,0.04,0.05,0.01,0.01,74334.82,1776336815000
1776336817.393,217.393,0.95,0.96,0.04,0.05,0.01,0.01,74333.36,1776336816000
1776336817.952,217.952,0.95,0.96,0.04,0.05,0.01,0.01,74333.36,1776336816000
1776336818.286,218.286,0.95,0.96,0.04,0.05,0.01,0.01,74336.53,1776336817000
1776336818.638,218.638,0.95,0.97,0.04,0.05,0.02,0.01,74336.53,1776336817000
1776336819.124,219.124,0.95,0.97,0.03,0.05,0.02,0.02,74336.53,1776336817000
1776336819.485,219.485,0.96,0.97,0.03,0.05,0.01,0.02,74338.47,1776336818000
1776336820.218,220.218,0.96,0.97,0.03,0.04,0.01,0.01,74338.47,1776336818000
1776336820.554,220.554,0.96,0.97,0.03,0.04,0.01,0.01,74338.47,1776336818000
1776336820.889,220.889,0.96,0.97,0.03,0.04,0.01,0.01,74338.47,1776336818000
1776336821.238,221.238,0.96,0.97,0.03,0.04,0.01,0.01,74347.21,1776336819000
1776336821.575,221.575,0.96,0.97,0.03,0.04,0.01,0.01,74347.94,1776336820000
1776336821.918,221.918,0.96,0.97,0.03,0.04,0.01,0.01,74347.94,1776336820000
1776336822.276,222.276,0.96,0.97,0.03,0.04,0.01,0.01,74348.32,1776336821000
1776336822.668,222.668,0.96,0.98,0.02,0.04,0.02,0.02,74348.32,1776336821000
1776336823.277,223.277,0.97,0.98,0.02,0.04,0.01,0.02,74348.32,1776336821000
1776336823.636,223.636,0.97,0.98,0.02,0.03,0.01,0.01,74348.32,1776336821000
1776336824.002,224.002,0.97,0.98,0.02,0.03,0.01,0.01,74348.82,1776336822000
1776336824.423,224.423,0.97,0.98,0.02,0.03,0.01,0.01,74348.82,1776336822000
1776336824.999,224.999,0.97,0.98,0.02,0.03,0.01,0.01,74351.48,1776336823000
1776336825.355,225.355,0.97,0.98,0.02,0.03,0.01,0.01,74351.48,1776336823000
1776336825.925,225.925,0.97,0.98,0.02,0.03,0.01,0.01,74359.57,1776336824000
1776336826.298,226.298,0.97,0.98,0.02,0.03,0.01,0.01,74359.93,1776336825000
1776336826.66,226.66,0.97,0.98,0.02,0.03,0.01,0.01,74359.93,1776336825000
1776336827.012,227.012,0.97,0.98,0.02,0.03,0.01,0.01,74359.93,1776336825000
1776336827.359,227.359,0.97,0.98,0.02,0.03,0.01,0.01,74359.93,1776336825000
1776336827.717,227.717,0.97,0.98,0.02,0.03,0.01,0.01,74361.11,1776336826000
1776336828.115,228.115,0.97,0.98,0.02,0.03,0.01,0.01,74361.11,1776336826000
1776336828.487,228.487,0.97,0.98,0.02,0.03,0.01,0.01,74361.11,1776336826000
1776336828.824,228.824,0.97,0.98,0.02,0.03,0.01,0.01,74361.19,1776336827000
1776336829.178,229.178,0.97,0.98,0.02,0.03,0.01,0.01,74361.19,1776336827000
1776336829.552,229.552,0.98,0.99,0.01,0.02,0.01,0.01,74368.18,1776336828000
1776336829.996,229.996,0.98,0.99,0.01,0.02,0.01,0.01,74368.18,1776336828000
1776336830.459,230.459,0.98,0.99,0.01,0.02,0.01,0.01,74368.18,1776336828000
1776336830.842,230.842,0.98,0.99,0.01,0.02,0.01,0.01,74368.47,1776336829000
1776336831.379,231.379,0.98,0.99,0.01,0.02,0.01,0.01,74368.47,1776336829000
1776336831.742,231.742,0.98,0.99,0.01,0.02,0.01,0.01,74368.56,1776336830000
1776336832.111,232.111,0.99,0.99,0.01,0.02,0.0,0.01,74368.56,1776336830000
1776336833.043,233.043,0.99,0.99,0.01,0.01,0.0,0.0,74368.58,1776336832000
1776336834.692,234.692,0.99,0.99,0.01,0.01,0.0,0.0,74371.9,1776336833000
1776336835.06,235.06,0.99,0.99,0.01,0.01,0.0,0.0,74371.9,1776336833000
1776336835.501,235.501,0.99,0.99,0.01,0.01,0.0,0.0,74370.7,1776336834000
1776336835.846,235.846,0.99,0.99,0.01,0.01,0.0,0.0,74370.7,1776336834000
1776336836.183,236.183,0.99,0.99,0.01,0.01,0.0,0.0,74365.25,1776336835000
1776336836.727,236.727,0.99,0.99,0.01,0.01,0.0,0.0,74365.25,1776336835000
1776336837.078,237.078,0.99,0.99,0.01,0.01,0.0,0.0,74365.25,1776336835000
1776336837.5,237.5,0.99,0.99,0.01,0.01,0.0,0.0,74365.25,1776336835000
1776336838.708,238.708,0.99,0.99,0.01,0.01,0.0,0.0,74363.2,1776336836000
1776336839.404,239.404,0.99,0.99,0.01,0.01,0.0,0.0,74358.17,1776336838000
1776336839.746,239.746,0.99,0.99,0.01,0.01,0.0,0.0,74358.17,1776336838000
1776336840.343,240.343,0.98,0.99,0.01,0.02,0.01,0.01,74358.25,1776336839000
1776336840.858,240.858,0.99,0.99,0.01,0.01,0.0,0.0,74355.59,1776336840000
1776336841.203,241.203,0.99,0.99,0.01,0.01,0.0,0.0,74355.59,1776336840000
1776336841.562,241.562,0.99,0.99,0.01,0.01,0.0,0.0,74355.59,1776336840000
1776336841.934,241.934,0.99,0.99,0.01,0.01,0.0,0.0,74354.43,1776336841000
1776336842.93,242.93,0.99,0.99,0.01,0.01,0.0,0.0,74353.87,1776336842000
1776336843.569,243.569,0.99,0.99,0.01,0.01,0.0,0.0,74353.87,1776336842000
1776336843.904,243.904,0.99,0.99,0.01,0.01,0.0,0.0,74353.87,1776336842000
1776336844.421,244.421,0.99,0.99,0.01,0.01,0.0,0.0,74353.81,1776336843000
1776336844.935,244.935,0.99,0.99,0.01,0.01,0.0,0.0,74352.91,1776336844000
1776336845.462,245.462,0.99,0.99,0.01,0.01,0.0,0.0,74352.91,1776336844000
1776336846.052,246.052,0.99,0.99,0.01,0.01,0.0,0.0,74352.17,1776336845000
1776336846.415,246.415,0.99,0.99,0.01,0.01,0.0,0.0,74352.17,1776336845000
1776336847.396,247.396,0.99,0.99,0.01,0.01,0.0,0.0,74355.59,1776336846000
1776336848.432,248.432,0.99,0.99,0.01,0.01,0.0,0.0,74351.54,1776336847000
1776336848.952,248.952,0.99,0.99,0.01,0.01,0.0,0.0,74351.54,1776336848000
1776336849.353,249.353,0.99,0.99,0.01,0.01,0.0,0.0,74351.54,1776336848000
1776336849.824,249.824,0.99,0.99,0.01,0.01,0.0,0.0,74351.54,1776336848000
1776336850.839,250.839,0.99,0.99,0.01,0.01,0.0,0.0,74351.54,1776336849000
1776336851.287,251.287,0.99,0.99,0.01,0.01,0.0,0.0,74355.59,1776336850000
1776336851.909,251.909,0.99,0.99,0.01,0.01,0.0,0.0,74355.59,1776336850000
1776336852.412,252.412,0.99,0.99,0.01,0.01,0.0,0.0,74353.2,1776336851000
1776336852.765,252.765,0.99,0.99,0.01,0.01,0.0,0.0,74353.2,1776336851000
1776336853.204,253.204,0.99,0.99,0.01,0.01,0.0,0.0,74353.2,1776336852000
1776336853.601,253.601,0.99,0.99,0.01,0.01,0.0,0.0,74353.2,1776336852000
1776336854.208,254.208,0.99,0.99,0.01,0.01,0.0,0.0,74351.56,1776336853000
1776336854.559,254.559,0.99,0.99,0.01,0.01,0.0,0.0,74351.56,1776336853000
1776336855.115,255.115,0.99,0.99,0.01,0.01,0.0,0.0,74351.56,1776336853000
1776336855.588,255.588,0.99,0.99,0.01,0.01,0.0,0.0,74350.31,1776336854000
1776336856.351,256.351,0.99,0.99,0.01,0.01,0.0,0.0,74348.37,1776336855000
1776336857.398,257.398,0.99,0.99,0.01,0.01,0.0,0.0,74346.96,1776336856000
1776336858.315,258.315,0.99,0.99,0.01,0.01,0.0,0.0,74347.26,1776336857000
1776336859.386,259.386,0.99,0.99,0.01,0.01,0.0,0.0,74348.37,1776336858000
1776336860.517,260.517,0.99,0.99,0.01,0.01,0.0,0.0,74350.21,1776336859000
1776336860.947,260.947,0.99,0.99,0.01,0.01,0.0,0.0,74350.21,1776336859000
1776336862.13,262.13,0.99,0.99,0.01,0.01,0.0,0.0,74348.87,1776336861000
1776336862.746,262.746,0.99,0.99,0.01,0.01,0.0,0.0,74348.87,1776336861000
1776336863.177,263.177,0.99,0.99,0.01,0.01,0.0,0.0,74348.93,1776336862000
1776336864.224,264.224,0.99,0.99,0.01,0.01,0.0,0.0,74348.93,1776336862000
1776336864.596,264.596,0.99,0.99,0.01,0.01,0.0,0.0,74348.93,1776336862000
1776336865.193,265.193,0.99,0.99,0.01,0.01,0.0,0.0,74349.08,1776336864000
1776336865.853,265.853,0.99,0.99,0.01,0.01,0.0,0.0,74349.08,1776336864000
1776336866.279,266.279,0.99,0.99,0.01,0.01,0.0,0.0,74349.0,1776336865000
1776336867.953,267.953,0.99,0.99,0.01,0.01,0.0,0.0,74347.31,1776336866000
1776336868.438,268.438,0.99,0.99,0.01,0.01,0.0,0.0,74347.02,1776336867000
1776336870.039,270.039,0.99,0.99,0.01,0.01,0.0,0.0,74347.08,1776336868000
1776336870.444,270.444,0.99,0.99,0.01,0.01,0.0,0.0,74347.08,1776336868000
1776336871.077,271.077,0.99,0.99,0.01,0.01,0.0,0.0,74349.62,1776336869000
1776336871.596,271.596,0.99,0.99,0.01,0.01,0.0,0.0,74348.41,1776336870000
1776336872.192,272.192,0.99,0.99,0.01,0.01,0.0,0.0,74348.41,1776336870000
1776336872.55,272.55,0.99,0.99,0.01,0.01,0.0,0.0,74348.4,1776336871000
1776336873.934,273.934,0.99,0.99,0.01,0.01,0.0,0.0,74348.37,1776336872000
1776336874.754,274.754,0.99,0.99,0.01,0.01,0.0,0.0,74348.33,1776336873000
1776336875.379,275.379,0.99,0.99,0.01,0.01,0.0,0.0,74348.3,1776336874000
1776336876.1,276.1,0.99,0.99,0.01,0.01,0.0,0.0,74348.3,1776336875000
1776336877.534,277.534,0.99,0.99,0.01,0.01,0.0,0.0,74348.3,1776336875000
1776336878.277,278.277,0.99,0.99,0.01,0.01,0.0,0.0,74348.24,1776336877000
1776336879.728,279.728,0.99,0.99,0.01,0.01,0.0,0.0,74348.26,1776336878000
1776336880.531,280.531,0.99,0.99,0.01,0.01,0.0,0.0,74348.31,1776336879000
1776336881.091,281.091,0.99,0.99,0.01,0.01,0.0,0.0,74348.31,1776336879000
1776336881.461,281.461,0.99,0.99,0.01,0.01,0.0,0.0,74351.26,1776336880000
1776336882.568,282.568,0.99,0.99,0.01,0.01,0.0,0.0,74352.59,1776336881000
1776336883.03,283.03,0.99,0.99,0.01,0.01,0.0,0.0,74352.59,1776336881000
1776336884.572,284.572,0.99,0.99,0.01,0.01,0.0,0.0,74349.45,1776336883000
1776336885.189,285.189,0.99,0.99,0.01,0.01,0.0,0.0,74350.61,1776336884000
1776336885.541,285.541,0.99,0.99,0.01,0.01,0.0,0.0,74350.61,1776336884000
1776336887.148,287.148,0.99,0.99,0.01,0.01,0.0,0.0,74350.68,1776336886000
1776336887.959,287.959,0.99,0.99,0.01,0.01,0.0,0.0,74350.44,1776336887000
1776336888.902,288.902,0.99,0.99,0.01,0.01,0.0,0.0,74349.96,1776336888000
1776336889.868,289.868,0.99,0.99,0.01,0.01,0.0,0.0,74351.53,1776336889000
1776336891.214,291.214,0.99,0.99,0.01,0.01,0.0,0.0,74350.19,1776336890000
1776336892.165,292.165,0.99,0.99,0.01,0.01,0.0,0.0,74353.88,1776336891000
1776336892.984,292.984,0.99,0.99,0.01,0.01,0.0,0.0,74349.81,1776336892000
1776336893.751,293.751,0.99,0.99,0.01,0.01,0.0,0.0,74349.81,1776336892000
1776336894.903,294.903,0.99,0.99,0.01,0.01,0.0,0.0,74349.76,1776336894000
1776336895.883,295.883,0.99,0.99,0.01,0.01,0.0,0.0,74351.82,1776336895000
1776336897.256,297.256,0.99,0.99,0.01,0.01,0.0,0.0,74349.98,1776336896000
1776336897.74,297.74,0.99,0.99,0.01,0.01,0.0,0.0,74349.98,1776336896000
1776336898.081,298.081,0.99,0.99,0.01,0.01,0.0,0.0,74349.98,1776336896000
1776336899.204,299.204,0.99,0.99,0.01,0.01,0.0,0.0,74349.87,1776336898000
1776336899.987,299.987,0.99,0.99,0.01,0.01,0.0,0.0,74349.87,1776336898000
1776336900.383,300.383,0.99,0.99,0.01,0.01,0.0,0.0,74353.33,1776336899000

# RESULT,winner=Up,slug=btc-updown-5m-1776336600,ticks=611
