timestamp,elapsed_sec,up_bid,up_ask,down_bid,down_ask,up_spread,down_spread,btc_price,btc_oracle_ts
1777213200.528,0.528,0.45,0.46,0.5,0.51,0.01,0.01,78025.38,1777213199000
1777213200.882,0.882,0.43,0.46,0.54,0.57,0.03,0.03,78025.38,1777213199000
1777213201.218,1.218,0.45,0.48,0.52,0.55,0.03,0.03,78025.38,1777213199000
1777213201.571,1.571,0.49,0.5,0.52,0.53,0.01,0.01,78025.38,1777213199000
1777213201.955,1.955,0.51,0.52,0.48,0.49,0.01,0.01,78025.38,1777213199000
1777213202.357,2.357,0.5,0.51,0.48,0.5,0.01,0.02,78025.38,1777213199000
1777213202.696,2.696,0.49,0.51,0.49,0.51,0.02,0.02,78025.38,1777213199000
1777213203.041,3.041,0.51,0.55,0.48,0.49,0.04,0.01,78025.38,1777213199000
1777213203.426,3.426,0.51,0.52,0.48,0.49,0.01,0.01,78025.38,1777213199000
1777213203.903,3.903,0.51,0.52,0.48,0.49,0.01,0.01,78025.38,1777213199000
1777213204.363,4.363,0.51,0.53,0.48,0.49,0.02,0.01,78025.38,1777213199000
1777213205.949,5.949,0.55,0.56,0.44,0.45,0.01,0.01,78025.38,1777213199000
1777213206.367,6.367,0.56,0.6,0.42,0.44,0.04,0.02,78025.38,1777213199000
1777213206.731,6.731,0.57,0.63,0.38,0.43,0.06,0.05,78025.38,1777213199000
1777213207.075,7.075,0.57,0.62,0.38,0.43,0.05,0.05,78025.38,1777213199000
1777213207.431,7.431,0.67,0.68,0.32,0.33,0.01,0.01,78025.38,1777213199000
1777213207.764,7.764,0.61,0.69,0.36,0.39,0.08,0.03,78025.38,1777213199000
1777213208.102,8.102,0.61,0.71,0.29,0.39,0.1,0.1,78025.38,1777213199000
1777213208.458,8.458,0.65,0.72,0.26,0.37,0.07,0.11,78048.91,1777213207000
1777213208.793,8.793,0.73,0.75,0.25,0.27,0.02,0.02,78048.91,1777213207000
1777213209.132,9.132,0.74,0.75,0.25,0.26,0.01,0.01,78048.91,1777213207000
1777213209.502,9.502,0.77,0.79,0.21,0.24,0.02,0.03,78058.59,1777213208000
1777213209.835,9.835,0.78,0.79,0.21,0.22,0.01,0.01,78058.59,1777213208000
1777213210.181,10.181,0.78,0.79,0.21,0.22,0.01,0.01,78071.41,1777213209000
1777213210.519,10.519,0.78,0.79,0.21,0.22,0.01,0.01,78071.41,1777213209000
1777213210.863,10.863,0.78,0.79,0.21,0.22,0.01,0.01,78071.41,1777213209000
1777213211.258,11.258,0.79,0.81,0.21,0.22,0.02,0.01,78126.93,1777213210000
1777213211.629,11.629,0.82,0.83,0.17,0.18,0.01,0.01,78126.93,1777213210000
1777213211.98,11.98,0.82,0.83,0.17,0.18,0.01,0.01,78135.87,1777213211000
1777213212.315,12.315,0.82,0.83,0.17,0.18,0.01,0.01,78135.87,1777213211000
1777213212.663,12.663,0.82,0.83,0.17,0.18,0.01,0.01,78135.87,1777213211000
1777213213.042,13.042,0.82,0.83,0.17,0.18,0.01,0.01,78137.47,1777213212000
1777213213.409,13.409,0.82,0.83,0.17,0.18,0.01,0.01,78137.47,1777213212000
1777213213.781,13.781,0.82,0.83,0.17,0.18,0.01,0.01,78137.47,1777213212000
1777213214.177,14.177,0.84,0.86,0.14,0.18,0.02,0.04,78138.23,1777213213000
1777213214.56,14.56,0.84,0.85,0.14,0.16,0.01,0.02,78138.23,1777213213000
1777213214.905,14.905,0.81,0.83,0.17,0.19,0.02,0.02,78142.06,1777213214000
1777213215.314,15.314,0.81,0.83,0.17,0.19,0.02,0.02,78142.06,1777213214000
1777213215.648,15.648,0.72,0.74,0.26,0.28,0.02,0.02,78142.06,1777213214000
1777213215.984,15.984,0.73,0.74,0.26,0.27,0.01,0.01,78142.06,1777213214000
1777213216.368,16.368,0.73,0.74,0.26,0.27,0.01,0.01,78142.06,1777213214000
1777213216.704,16.704,0.73,0.74,0.26,0.27,0.01,0.01,78110.13,1777213215000
1777213217.056,17.056,0.68,0.7,0.3,0.32,0.02,0.02,78110.13,1777213215000
1777213217.408,17.408,0.69,0.7,0.3,0.31,0.01,0.01,78090.28,1777213216000
1777213217.828,17.828,0.76,0.77,0.24,0.27,0.01,0.03,78090.28,1777213216000
1777213218.185,18.185,0.76,0.77,0.23,0.24,0.01,0.01,78090.28,1777213216000
1777213218.55,18.55,0.76,0.77,0.23,0.24,0.01,0.01,78085.8,1777213217000
1777213218.947,18.947,0.76,0.77,0.23,0.24,0.01,0.01,78084.69,1777213218000
1777213219.4,19.4,0.76,0.77,0.23,0.24,0.01,0.01,78084.69,1777213218000
1777213219.796,19.796,0.76,0.78,0.23,0.24,0.02,0.01,78084.69,1777213218000
1777213220.392,20.392,0.77,0.78,0.22,0.23,0.01,0.01,78084.52,1777213219000
1777213221.01,21.01,0.77,0.78,0.22,0.23,0.01,0.01,78084.52,1777213219000
1777213221.489,21.489,0.77,0.78,0.22,0.23,0.01,0.01,78088.97,1777213220000
1777213221.889,21.889,0.77,0.78,0.22,0.23,0.01,0.01,78088.97,1777213220000
1777213222.225,22.225,0.79,0.8,0.2,0.21,0.01,0.01,78088.97,1777213220000
1777213222.577,22.577,0.81,0.82,0.18,0.19,0.01,0.01,78097.91,1777213221000
1777213222.963,22.963,0.83,0.84,0.16,0.17,0.01,0.01,78097.91,1777213221000
1777213223.345,23.345,0.83,0.84,0.16,0.17,0.01,0.01,78097.91,1777213221000
1777213223.743,23.743,0.84,0.85,0.15,0.16,0.01,0.01,78115.46,1777213222000
1777213224.131,24.131,0.85,0.86,0.14,0.15,0.01,0.01,78119.89,1777213223000
1777213224.466,24.466,0.85,0.86,0.14,0.15,0.01,0.01,78119.89,1777213223000
1777213224.849,24.849,0.85,0.86,0.14,0.15,0.01,0.01,78119.89,1777213223000
1777213225.184,25.184,0.82,0.86,0.14,0.18,0.04,0.04,78127.72,1777213224000
1777213225.52,25.52,0.82,0.83,0.17,0.18,0.01,0.01,78127.72,1777213224000
1777213225.936,25.936,0.82,0.83,0.17,0.18,0.01,0.01,78127.72,1777213224000
1777213226.307,26.307,0.81,0.82,0.18,0.19,0.01,0.01,78131.92,1777213225000
1777213226.667,26.667,0.81,0.82,0.18,0.19,0.01,0.01,78131.92,1777213225000
1777213227.0,27.0,0.81,0.84,0.16,0.19,0.03,0.03,78131.92,1777213225000
1777213227.416,27.416,0.84,0.85,0.15,0.16,0.01,0.01,78128.73,1777213226000
1777213227.809,27.809,0.84,0.85,0.15,0.16,0.01,0.01,78128.73,1777213226000
1777213228.159,28.159,0.83,0.85,0.14,0.17,0.02,0.03,78126.62,1777213227000
1777213228.513,28.513,0.84,0.87,0.13,0.16,0.03,0.03,78126.62,1777213227000
1777213228.915,28.915,0.83,0.85,0.15,0.17,0.02,0.02,78131.01,1777213228000
1777213229.264,29.264,0.82,0.84,0.14,0.18,0.02,0.04,78131.01,1777213228000
1777213229.638,29.638,0.77,0.84,0.16,0.23,0.07,0.07,78131.01,1777213228000
1777213230.11,30.11,0.8,0.81,0.16,0.23,0.01,0.07,78131.01,1777213228000
1777213230.507,30.507,0.77,0.78,0.21,0.23,0.01,0.02,78131.01,1777213228000
1777213230.933,30.933,0.78,0.79,0.21,0.22,0.01,0.01,78125.99,1777213229000
1777213231.283,31.283,0.78,0.79,0.21,0.22,0.01,0.01,78125.99,1777213229000
1777213231.657,31.657,0.8,0.81,0.18,0.22,0.01,0.04,78123.9,1777213230000
1777213232.044,32.044,0.8,0.83,0.19,0.2,0.03,0.01,78117.61,1777213231000
1777213232.382,32.382,0.81,0.82,0.18,0.19,0.01,0.01,78117.61,1777213231000
1777213232.802,32.802,0.79,0.82,0.18,0.19,0.03,0.01,78117.61,1777213231000
1777213233.235,33.235,0.79,0.8,0.2,0.21,0.01,0.01,78117.61,1777213231000
1777213233.569,33.569,0.78,0.79,0.21,0.22,0.01,0.01,78117.61,1777213231000
1777213233.922,33.922,0.78,0.79,0.21,0.22,0.01,0.01,78116.6,1777213232000
1777213234.391,34.391,0.8,0.81,0.19,0.2,0.01,0.01,78115.28,1777213233000
1777213234.837,34.837,0.8,0.81,0.19,0.2,0.01,0.01,78115.28,1777213233000
1777213235.249,35.249,0.79,0.81,0.19,0.2,0.02,0.01,78115.28,1777213233000
1777213235.994,35.994,0.8,0.81,0.2,0.22,0.01,0.02,78114.36,1777213234000
1777213236.391,36.391,0.8,0.81,0.19,0.2,0.01,0.01,78111.89,1777213235000
1777213236.763,36.763,0.79,0.81,0.19,0.21,0.02,0.02,78111.89,1777213235000
1777213237.292,37.292,0.79,0.8,0.19,0.21,0.01,0.02,78110.69,1777213236000
1777213237.686,37.686,0.78,0.79,0.21,0.22,0.01,0.01,78110.69,1777213236000
1777213238.071,38.071,0.82,0.83,0.17,0.18,0.01,0.01,78110.69,1777213236000
1777213238.411,38.411,0.82,0.84,0.16,0.18,0.02,0.02,78110.69,1777213236000
1777213238.753,38.753,0.84,0.86,0.15,0.18,0.02,0.03,78109.02,1777213237000
1777213239.141,39.141,0.85,0.86,0.14,0.15,0.01,0.01,78115.4,1777213238000
1777213239.552,39.552,0.85,0.86,0.14,0.15,0.01,0.01,78115.4,1777213238000
1777213239.911,39.911,0.85,0.86,0.14,0.15,0.01,0.01,78115.4,1777213238000
1777213240.251,40.251,0.85,0.86,0.14,0.15,0.01,0.01,78115.4,1777213238000
1777213240.639,40.639,0.86,0.87,0.13,0.14,0.01,0.01,78115.4,1777213238000
1777213241.007,41.007,0.87,0.88,0.12,0.13,0.01,0.01,78122.56,1777213239000
1777213241.466,41.466,0.87,0.88,0.12,0.13,0.01,0.01,78122.56,1777213240000
1777213241.806,41.806,0.86,0.87,0.12,0.14,0.01,0.02,78122.56,1777213240000
1777213242.178,42.178,0.86,0.88,0.13,0.14,0.02,0.01,78122.56,1777213240000
1777213242.536,42.536,0.86,0.87,0.13,0.14,0.01,0.01,78122.56,1777213240000
1777213242.921,42.921,0.86,0.87,0.13,0.14,0.01,0.01,78130.28,1777213241000
1777213243.423,43.423,0.85,0.86,0.14,0.15,0.01,0.01,78131.17,1777213242000
1777213243.82,43.82,0.85,0.86,0.14,0.15,0.01,0.01,78131.17,1777213242000
1777213244.197,44.197,0.85,0.86,0.14,0.15,0.01,0.01,78131.17,1777213242000
1777213244.56,44.56,0.85,0.86,0.14,0.15,0.01,0.01,78131.17,1777213242000
1777213244.937,44.937,0.85,0.86,0.14,0.15,0.01,0.01,78132.65,1777213243000
1777213245.456,45.456,0.86,0.87,0.13,0.14,0.01,0.01,78132.65,1777213243000
1777213245.963,45.963,0.86,0.87,0.13,0.14,0.01,0.01,78130.46,1777213244000
1777213246.31,46.31,0.86,0.87,0.13,0.14,0.01,0.01,78129.03,1777213245000
1777213246.906,46.906,0.86,0.87,0.13,0.14,0.01,0.01,78129.03,1777213245000
1777213247.276,47.276,0.86,0.87,0.13,0.14,0.01,0.01,78129.03,1777213245000
1777213247.663,47.663,0.86,0.87,0.13,0.14,0.01,0.01,78126.56,1777213246000
1777213248.124,48.124,0.85,0.86,0.13,0.14,0.01,0.01,78126.56,1777213246000
1777213248.46,48.46,0.85,0.86,0.14,0.15,0.01,0.01,78126.56,1777213246000
1777213248.903,48.903,0.85,0.86,0.14,0.15,0.01,0.01,78130.33,1777213247000
1777213249.293,49.293,0.84,0.85,0.15,0.16,0.01,0.01,78130.33,1777213248000
1777213249.631,49.631,0.84,0.85,0.15,0.16,0.01,0.01,78130.33,1777213248000
1777213250.065,50.065,0.84,0.86,0.14,0.16,0.02,0.02,78130.33,1777213248000
1777213250.643,50.643,0.85,0.86,0.14,0.15,0.01,0.01,78130.46,1777213249000
1777213251.03,51.03,0.85,0.86,0.14,0.15,0.01,0.01,78130.46,1777213249000
1777213251.44,51.44,0.85,0.86,0.14,0.15,0.01,0.01,78126.98,1777213250000
1777213251.775,51.775,0.85,0.86,0.14,0.15,0.01,0.01,78126.98,1777213250000
1777213252.147,52.147,0.85,0.86,0.14,0.15,0.01,0.01,78126.98,1777213250000
1777213252.613,52.613,0.88,0.89,0.11,0.12,0.01,0.01,78127.48,1777213251000
1777213252.983,52.983,0.88,0.89,0.11,0.12,0.01,0.01,78129.17,1777213252000
1777213253.363,53.363,0.88,0.89,0.11,0.12,0.01,0.01,78129.17,1777213252000
1777213253.917,53.917,0.88,0.89,0.11,0.12,0.01,0.01,78137.02,1777213253000
1777213254.329,54.329,0.88,0.89,0.11,0.12,0.01,0.01,78137.02,1777213253000
1777213254.798,54.798,0.87,0.88,0.12,0.13,0.01,0.01,78137.02,1777213253000
1777213255.231,55.231,0.88,0.89,0.11,0.12,0.01,0.01,78137.88,1777213254000
1777213255.708,55.708,0.88,0.89,0.11,0.12,0.01,0.01,78137.88,1777213254000
1777213256.129,56.129,0.88,0.89,0.11,0.12,0.01,0.01,78138.27,1777213255000
1777213256.83,56.83,0.88,0.89,0.11,0.12,0.01,0.01,78138.27,1777213255000
1777213257.186,57.186,0.89,0.9,0.1,0.12,0.01,0.02,78133.93,1777213256000
1777213257.53,57.53,0.89,0.9,0.1,0.11,0.01,0.01,78133.93,1777213256000
1777213257.875,57.875,0.89,0.9,0.1,0.11,0.01,0.01,78133.93,1777213256000
1777213258.225,58.225,0.91,0.92,0.08,0.09,0.01,0.01,78133.93,1777213256000
1777213258.57,58.57,0.91,0.92,0.08,0.09,0.01,0.01,78134.03,1777213257000
1777213259.003,59.003,0.9,0.92,0.08,0.09,0.02,0.01,78134.03,1777213257000
1777213259.704,59.704,0.91,0.92,0.08,0.1,0.01,0.02,78136.09,1777213258000
1777213260.044,60.044,0.9,0.91,0.09,0.1,0.01,0.01,78136.09,1777213258000
1777213260.448,60.448,0.88,0.89,0.11,0.12,0.01,0.01,78144.26,1777213259000
1777213260.831,60.831,0.89,0.9,0.1,0.11,0.01,0.01,78144.26,1777213259000
1777213261.372,61.372,0.89,0.9,0.1,0.11,0.01,0.01,78144.26,1777213259000
1777213261.843,61.843,0.91,0.93,0.07,0.1,0.02,0.03,78134.63,1777213260000
1777213262.183,62.183,0.91,0.93,0.07,0.09,0.02,0.02,78134.63,1777213260000
1777213262.615,62.615,0.92,0.93,0.07,0.08,0.01,0.01,78134.63,1777213260000
1777213263.289,63.289,0.92,0.93,0.07,0.08,0.01,0.01,78132.03,1777213261000
1777213264.012,64.012,0.92,0.93,0.07,0.08,0.01,0.01,78137.57,1777213262000
1777213264.397,64.397,0.92,0.94,0.06,0.08,0.02,0.02,78145.44,1777213263000
1777213264.733,64.733,0.94,0.95,0.05,0.06,0.01,0.01,78145.44,1777213263000
1777213265.09,65.09,0.94,0.95,0.05,0.06,0.01,0.01,78145.44,1777213263000
1777213265.443,65.443,0.95,0.96,0.04,0.05,0.01,0.01,78148.43,1777213264000
1777213265.794,65.794,0.95,0.96,0.04,0.05,0.01,0.01,78148.43,1777213264000
1777213266.146,66.146,0.95,0.96,0.04,0.05,0.01,0.01,78150.64,1777213265000
1777213266.813,66.813,0.95,0.96,0.04,0.05,0.01,0.01,78150.64,1777213265000
1777213267.313,67.313,0.95,0.96,0.04,0.05,0.01,0.01,78150.64,1777213265000
1777213267.662,67.662,0.95,0.96,0.04,0.05,0.01,0.01,78162.77,1777213266000
1777213268.011,68.011,0.95,0.96,0.04,0.05,0.01,0.01,78162.77,1777213266000
1777213268.346,68.346,0.95,0.96,0.04,0.05,0.01,0.01,78162.77,1777213266000
1777213268.757,68.757,0.95,0.96,0.04,0.05,0.01,0.01,78163.7,1777213267000
1777213269.153,69.153,0.95,0.96,0.04,0.05,0.01,0.01,78163.7,1777213267000
1777213269.585,69.585,0.95,0.96,0.04,0.05,0.01,0.01,78163.8,1777213268000
1777213269.968,69.968,0.95,0.96,0.04,0.05,0.01,0.01,78163.8,1777213268000
1777213270.39,70.39,0.96,0.97,0.03,0.05,0.01,0.02,78163.47,1777213269000
1777213270.818,70.818,0.96,0.97,0.03,0.04,0.01,0.01,78163.47,1777213269000
1777213271.175,71.175,0.96,0.97,0.03,0.04,0.01,0.01,78163.47,1777213269000
1777213271.548,71.548,0.96,0.97,0.03,0.04,0.01,0.01,78162.44,1777213270000
1777213271.96,71.96,0.96,0.97,0.03,0.04,0.01,0.01,78162.44,1777213270000
1777213272.645,72.645,0.96,0.97,0.03,0.04,0.01,0.01,78162.9,1777213271000
1777213273.175,73.175,0.96,0.97,0.03,0.04,0.01,0.01,78162.9,1777213271000
1777213273.68,73.68,0.96,0.97,0.03,0.04,0.01,0.01,78162.9,1777213271000
1777213274.039,74.039,0.96,0.97,0.03,0.04,0.01,0.01,78162.9,1777213271000
1777213274.41,74.41,0.96,0.97,0.03,0.04,0.01,0.01,78162.9,1777213271000
1777213274.805,74.805,0.96,0.97,0.03,0.04,0.01,0.01,78163.68,1777213273000
1777213275.33,75.33,0.95,0.97,0.03,0.04,0.02,0.01,78164.04,1777213274000
1777213275.714,75.714,0.96,0.97,0.03,0.04,0.01,0.01,78164.04,1777213274000
1777213276.114,76.114,0.95,0.96,0.04,0.05,0.01,0.01,78164.04,1777213274000
1777213276.728,76.728,0.95,0.96,0.04,0.05,0.01,0.01,78174.6,1777213275000
1777213277.118,77.118,0.94,0.95,0.04,0.06,0.01,0.02,78174.6,1777213275000
1777213277.477,77.477,0.94,0.95,0.05,0.06,0.01,0.01,78176.65,1777213276000
1777213277.845,77.845,0.94,0.95,0.05,0.06,0.01,0.01,78176.65,1777213276000
1777213278.224,78.224,0.94,0.95,0.05,0.06,0.01,0.01,78176.65,1777213276000
1777213278.618,78.618,0.94,0.95,0.05,0.06,0.01,0.01,78174.62,1777213277000
1777213278.979,78.979,0.94,0.95,0.05,0.06,0.01,0.01,78174.62,1777213277000
1777213279.386,79.386,0.94,0.95,0.05,0.06,0.01,0.01,78165.19,1777213278000
1777213279.961,79.961,0.94,0.95,0.05,0.06,0.01,0.01,78165.19,1777213278000
1777213280.729,80.729,0.94,0.95,0.05,0.06,0.01,0.01,78163.92,1777213279000
1777213281.086,81.086,0.94,0.95,0.05,0.06,0.01,0.01,78163.92,1777213279000
1777213281.9,81.9,0.95,0.96,0.04,0.05,0.01,0.01,78164.97,1777213280000
1777213282.42,82.42,0.95,0.96,0.04,0.05,0.01,0.01,78164.73,1777213281000
1777213282.867,82.867,0.95,0.96,0.04,0.05,0.01,0.01,78164.73,1777213281000
1777213283.208,83.208,0.95,0.96,0.04,0.05,0.01,0.01,78164.73,1777213282000
1777213283.541,83.541,0.95,0.96,0.04,0.05,0.01,0.01,78164.73,1777213282000
1777213283.885,83.885,0.95,0.96,0.04,0.05,0.01,0.01,78164.73,1777213282000
1777213284.243,84.243,0.94,0.95,0.05,0.06,0.01,0.01,78167.47,1777213283000
1777213284.635,84.635,0.94,0.95,0.05,0.06,0.01,0.01,78167.47,1777213283000
1777213285.094,85.094,0.93,0.94,0.06,0.07,0.01,0.01,78178.5,1777213284000
1777213285.611,85.611,0.94,0.95,0.05,0.06,0.01,0.01,78178.5,1777213284000
1777213286.134,86.134,0.93,0.95,0.05,0.06,0.02,0.01,78178.5,1777213284000
1777213286.761,86.761,0.94,0.95,0.05,0.06,0.01,0.01,78164.24,1777213285000
1777213287.194,87.194,0.94,0.96,0.04,0.06,0.02,0.02,78163.55,1777213286000
1777213287.714,87.714,0.95,0.96,0.04,0.05,0.01,0.01,78163.55,1777213286000
1777213288.088,88.088,0.95,0.96,0.04,0.05,0.01,0.01,78163.55,1777213286000
1777213288.483,88.483,0.94,0.95,0.05,0.06,0.01,0.01,78164.79,1777213287000
1777213288.891,88.891,0.94,0.95,0.05,0.06,0.01,0.01,78164.79,1777213287000
1777213289.245,89.245,0.94,0.95,0.05,0.06,0.01,0.01,78164.79,1777213287000
1777213289.749,89.749,0.94,0.95,0.05,0.06,0.01,0.01,78166.03,1777213288000
1777213290.138,90.138,0.94,0.95,0.05,0.06,0.01,0.01,78166.15,1777213289000
1777213290.482,90.482,0.94,0.95,0.05,0.06,0.01,0.01,78166.15,1777213289000
1777213290.845,90.845,0.94,0.95,0.05,0.06,0.01,0.01,78166.15,1777213289000
1777213291.261,91.261,0.94,0.95,0.05,0.06,0.01,0.01,78169.43,1777213290000
1777213291.667,91.667,0.94,0.95,0.05,0.06,0.01,0.01,78169.43,1777213290000
1777213292.063,92.063,0.94,0.95,0.05,0.06,0.01,0.01,78169.43,1777213290000
1777213292.401,92.401,0.94,0.95,0.05,0.06,0.01,0.01,78169.43,1777213290000
1777213292.738,92.738,0.94,0.95,0.05,0.06,0.01,0.01,78169.43,1777213290000
1777213293.488,93.488,0.94,0.95,0.05,0.06,0.01,0.01,78169.16,1777213291000
1777213293.954,93.954,0.94,0.95,0.05,0.06,0.01,0.01,78169.42,1777213292000
1777213294.307,94.307,0.94,0.95,0.05,0.06,0.01,0.01,78169.37,1777213293000
1777213294.693,94.693,0.94,0.95,0.05,0.06,0.01,0.01,78169.37,1777213293000
1777213295.026,95.026,0.94,0.95,0.05,0.06,0.01,0.01,78169.37,1777213293000
1777213295.486,95.486,0.94,0.95,0.05,0.06,0.01,0.01,78165.19,1777213294000
1777213296.067,96.067,0.94,0.95,0.05,0.06,0.01,0.01,78165.19,1777213294000
1777213296.455,96.455,0.94,0.95,0.05,0.06,0.01,0.01,78163.3,1777213295000
1777213296.89,96.89,0.94,0.95,0.05,0.06,0.01,0.01,78163.3,1777213295000
1777213297.227,97.227,0.94,0.95,0.05,0.06,0.01,0.01,78155.64,1777213296000
1777213297.603,97.603,0.94,0.95,0.05,0.06,0.01,0.01,78155.64,1777213296000
1777213297.943,97.943,0.94,0.95,0.05,0.06,0.01,0.01,78155.64,1777213296000
1777213298.455,98.455,0.94,0.95,0.05,0.06,0.01,0.01,78150.66,1777213297000
1777213298.917,98.917,0.94,0.95,0.05,0.06,0.01,0.01,78150.66,1777213297000
1777213299.443,99.443,0.94,0.95,0.05,0.06,0.01,0.01,78149.4,1777213298000
1777213300.174,100.174,0.94,0.95,0.05,0.06,0.01,0.01,78149.4,1777213298000
1777213300.712,100.712,0.94,0.95,0.05,0.06,0.01,0.01,78147.31,1777213299000
1777213301.321,101.321,0.93,0.94,0.06,0.07,0.01,0.01,78147.31,1777213299000
1777213301.705,101.705,0.93,0.94,0.06,0.07,0.01,0.01,78143.83,1777213300000
1777213302.096,102.096,0.93,0.94,0.06,0.07,0.01,0.01,78143.15,1777213301000
1777213302.757,102.757,0.93,0.94,0.06,0.07,0.01,0.01,78143.15,1777213301000
1777213303.227,103.227,0.93,0.94,0.06,0.07,0.01,0.01,78138.99,1777213302000
1777213303.655,103.655,0.92,0.93,0.07,0.08,0.01,0.01,78138.99,1777213302000
1777213304.004,104.004,0.91,0.92,0.08,0.09,0.01,0.01,78138.99,1777213302000
1777213304.369,104.369,0.9,0.91,0.09,0.1,0.01,0.01,78132.69,1777213303000
1777213304.746,104.746,0.9,0.91,0.09,0.1,0.01,0.01,78132.69,1777213303000
1777213305.099,105.099,0.9,0.91,0.09,0.1,0.01,0.01,78132.69,1777213303000
1777213305.439,105.439,0.9,0.91,0.09,0.1,0.01,0.01,78129.8,1777213304000
1777213305.913,105.913,0.9,0.91,0.09,0.1,0.01,0.01,78129.8,1777213304000
1777213306.412,106.412,0.9,0.91,0.09,0.1,0.01,0.01,78125.54,1777213305000
1777213306.788,106.788,0.9,0.91,0.09,0.1,0.01,0.01,78125.54,1777213305000
1777213307.426,107.426,0.9,0.91,0.09,0.1,0.01,0.01,78125.54,1777213305000
1777213307.767,107.767,0.87,0.88,0.12,0.13,0.01,0.01,78117.64,1777213306000
1777213308.196,108.196,0.87,0.88,0.12,0.13,0.01,0.01,78117.59,1777213307000
1777213308.846,108.846,0.87,0.88,0.12,0.13,0.01,0.01,78117.59,1777213307000
1777213309.203,109.203,0.87,0.88,0.12,0.13,0.01,0.01,78117.59,1777213308000
1777213309.54,109.54,0.89,0.9,0.1,0.11,0.01,0.01,78117.59,1777213308000
1777213310.222,110.222,0.89,0.91,0.09,0.11,0.02,0.02,78107.69,1777213309000
1777213310.692,110.692,0.9,0.91,0.09,0.1,0.01,0.01,78107.69,1777213309000
1777213311.259,111.259,0.9,0.91,0.09,0.1,0.01,0.01,78107.69,1777213309000
1777213311.671,111.671,0.9,0.91,0.09,0.1,0.01,0.01,78110.44,1777213310000
1777213312.009,112.009,0.92,0.93,0.07,0.08,0.01,0.01,78110.44,1777213310000
1777213312.378,112.378,0.92,0.93,0.07,0.08,0.01,0.01,78111.75,1777213311000
1777213312.714,112.714,0.93,0.94,0.06,0.07,0.01,0.01,78111.75,1777213311000
1777213313.075,113.075,0.93,0.94,0.06,0.07,0.01,0.01,78111.85,1777213312000
1777213313.451,113.451,0.93,0.94,0.06,0.07,0.01,0.01,78111.85,1777213312000
1777213313.992,113.992,0.94,0.95,0.05,0.07,0.01,0.02,78111.85,1777213312000
1777213314.349,114.349,0.94,0.95,0.05,0.06,0.01,0.01,78126.86,1777213313000
1777213314.73,114.73,0.94,0.95,0.05,0.06,0.01,0.01,78126.86,1777213313000
1777213315.15,115.15,0.94,0.95,0.05,0.06,0.01,0.01,78131.16,1777213314000
1777213315.563,115.563,0.94,0.95,0.05,0.06,0.01,0.01,78131.16,1777213314000
1777213316.272,116.272,0.94,0.95,0.05,0.06,0.01,0.01,78132.18,1777213315000
1777213316.751,116.751,0.94,0.95,0.05,0.06,0.01,0.01,78132.18,1777213315000
1777213317.194,117.194,0.94,0.95,0.05,0.06,0.01,0.01,78132.18,1777213315000
1777213317.551,117.551,0.93,0.95,0.05,0.06,0.02,0.01,78132.32,1777213316000
1777213317.947,117.947,0.94,0.95,0.05,0.06,0.01,0.01,78132.32,1777213316000
1777213318.409,118.409,0.93,0.94,0.05,0.07,0.01,0.02,78132.32,1777213316000
1777213318.843,118.843,0.93,0.94,0.06,0.07,0.01,0.01,78132.2,1777213317000
1777213319.192,119.192,0.92,0.93,0.07,0.08,0.01,0.01,78132.2,1777213318000
1777213319.542,119.542,0.92,0.93,0.07,0.08,0.01,0.01,78132.2,1777213318000
1777213319.903,119.903,0.92,0.93,0.07,0.08,0.01,0.01,78132.2,1777213318000
1777213320.24,120.24,0.92,0.93,0.07,0.08,0.01,0.01,78132.19,1777213319000
1777213320.668,120.668,0.92,0.93,0.07,0.08,0.01,0.01,78132.19,1777213319000
1777213321.041,121.041,0.92,0.93,0.07,0.08,0.01,0.01,78132.19,1777213319000
1777213321.397,121.397,0.92,0.93,0.07,0.08,0.01,0.01,78132.19,1777213319000
1777213321.813,121.813,0.91,0.93,0.07,0.08,0.02,0.01,78128.9,1777213320000
1777213322.198,122.198,0.91,0.92,0.08,0.09,0.01,0.01,78126.57,1777213321000
1777213322.79,122.79,0.91,0.92,0.08,0.09,0.01,0.01,78126.57,1777213321000
1777213323.248,123.248,0.91,0.92,0.08,0.09,0.01,0.01,78123.76,1777213322000
1777213323.663,123.663,0.91,0.92,0.08,0.09,0.01,0.01,78123.76,1777213322000
1777213324.111,124.111,0.91,0.92,0.08,0.09,0.01,0.01,78123.76,1777213322000
1777213324.566,124.566,0.91,0.92,0.08,0.09,0.01,0.01,78123.46,1777213323000
1777213325.276,125.276,0.91,0.92,0.08,0.09,0.01,0.01,78122.86,1777213324000
1777213325.987,125.987,0.91,0.92,0.08,0.09,0.01,0.01,78122.86,1777213324000
1777213326.98,126.98,0.93,0.94,0.06,0.07,0.01,0.01,78122.93,1777213325000
1777213327.491,127.491,0.94,0.95,0.05,0.07,0.01,0.02,78122.95,1777213326000
1777213327.977,127.977,0.94,0.95,0.05,0.06,0.01,0.01,78122.95,1777213326000
1777213328.574,128.574,0.94,0.95,0.05,0.06,0.01,0.01,78124.83,1777213327000
1777213329.249,129.249,0.94,0.95,0.05,0.06,0.01,0.01,78125.29,1777213328000
1777213329.712,129.712,0.94,0.95,0.05,0.06,0.01,0.01,78125.29,1777213328000
1777213330.252,130.252,0.94,0.95,0.05,0.06,0.01,0.01,78125.29,1777213328000
1777213330.632,130.632,0.95,0.96,0.04,0.06,0.01,0.02,78126.81,1777213329000
1777213330.969,130.969,0.95,0.96,0.04,0.05,0.01,0.01,78126.81,1777213329000
1777213331.716,131.716,0.95,0.96,0.04,0.05,0.01,0.01,78126.7,1777213330000
1777213332.077,132.077,0.95,0.96,0.04,0.05,0.01,0.01,78126.7,1777213330000
1777213333.05,133.05,0.95,0.96,0.04,0.05,0.01,0.01,78127.76,1777213331000
1777213333.552,133.552,0.95,0.96,0.04,0.05,0.01,0.01,78131.64,1777213332000
1777213334.554,134.554,0.95,0.96,0.04,0.05,0.01,0.01,78131.64,1777213332000
1777213334.887,134.887,0.95,0.96,0.04,0.05,0.01,0.01,78131.98,1777213333000
1777213335.23,135.23,0.94,0.96,0.04,0.05,0.02,0.01,78131.98,1777213333000
1777213335.62,135.62,0.95,0.96,0.04,0.05,0.01,0.01,78131.56,1777213334000
1777213335.956,135.956,0.92,0.94,0.06,0.07,0.02,0.01,78131.56,1777213334000
1777213336.391,136.391,0.92,0.93,0.07,0.08,0.01,0.01,78131.83,1777213335000
1777213336.77,136.77,0.92,0.93,0.07,0.08,0.01,0.01,78131.83,1777213335000
1777213337.432,137.432,0.91,0.92,0.08,0.09,0.01,0.01,78131.46,1777213336000
1777213338.122,138.122,0.91,0.92,0.08,0.09,0.01,0.01,78129.26,1777213337000
1777213338.625,138.625,0.91,0.92,0.08,0.09,0.01,0.01,78129.26,1777213337000
1777213339.115,139.115,0.91,0.92,0.08,0.09,0.01,0.01,78129.26,1777213337000
1777213339.565,139.565,0.91,0.92,0.08,0.09,0.01,0.01,78121.95,1777213338000
1777213339.997,139.997,0.91,0.92,0.08,0.09,0.01,0.01,78121.95,1777213338000
1777213340.408,140.408,0.91,0.92,0.08,0.09,0.01,0.01,78121.45,1777213339000
1777213340.859,140.859,0.91,0.92,0.08,0.09,0.01,0.01,78121.45,1777213339000
1777213341.363,141.363,0.91,0.92,0.08,0.09,0.01,0.01,78121.45,1777213339000
1777213341.749,141.749,0.91,0.92,0.08,0.09,0.01,0.01,78121.51,1777213340000
1777213342.139,142.139,0.91,0.92,0.08,0.09,0.01,0.01,78121.51,1777213340000
1777213342.887,142.887,0.91,0.92,0.08,0.09,0.01,0.01,78121.52,1777213341000
1777213343.228,143.228,0.91,0.92,0.08,0.09,0.01,0.01,78120.76,1777213342000
1777213343.713,143.713,0.91,0.92,0.08,0.09,0.01,0.01,78120.76,1777213342000
1777213344.271,144.271,0.92,0.93,0.07,0.08,0.01,0.01,78119.32,1777213343000
1777213345.11,145.11,0.92,0.94,0.07,0.08,0.02,0.01,78119.32,1777213343000
1777213345.444,145.444,0.93,0.94,0.06,0.08,0.01,0.02,78118.41,1777213344000
1777213345.996,145.996,0.93,0.94,0.06,0.07,0.01,0.01,78118.41,1777213344000
1777213346.509,146.509,0.93,0.94,0.06,0.07,0.01,0.01,78118.75,1777213345000
1777213347.274,147.274,0.93,0.94,0.06,0.07,0.01,0.01,78118.66,1777213346000
1777213347.762,147.762,0.93,0.94,0.06,0.07,0.01,0.01,78118.66,1777213346000
1777213348.106,148.106,0.93,0.94,0.06,0.07,0.01,0.01,78118.66,1777213346000
1777213348.65,148.65,0.93,0.94,0.06,0.1,0.01,0.04,78117.18,1777213347000
1777213349.178,149.178,0.93,0.94,0.06,0.07,0.01,0.01,78117.18,1777213347000
1777213349.843,149.843,0.93,0.94,0.06,0.07,0.01,0.01,78117.76,1777213348000
1777213350.211,150.211,0.93,0.94,0.06,0.07,0.01,0.01,78117.76,1777213348000
1777213350.546,150.546,0.93,0.94,0.06,0.07,0.01,0.01,78117.92,1777213349000
1777213350.885,150.885,0.94,0.95,0.05,0.06,0.01,0.01,78117.92,1777213349000
1777213351.244,151.244,0.95,0.96,0.04,0.06,0.01,0.02,78117.92,1777213349000
1777213351.577,151.577,0.95,0.96,0.04,0.05,0.01,0.01,78117.73,1777213350000
1777213352.069,152.069,0.95,0.96,0.04,0.05,0.01,0.01,78117.87,1777213351000
1777213352.573,152.573,0.95,0.96,0.04,0.05,0.01,0.01,78117.87,1777213351000
1777213353.177,153.177,0.95,0.96,0.04,0.05,0.01,0.01,78120.33,1777213352000
1777213353.733,153.733,0.95,0.96,0.04,0.05,0.01,0.01,78120.33,1777213352000
1777213354.199,154.199,0.95,0.96,0.04,0.05,0.01,0.01,78120.33,1777213352000
1777213355.031,155.031,0.95,0.96,0.04,0.05,0.01,0.01,78120.92,1777213354000
1777213355.488,155.488,0.95,0.96,0.04,0.05,0.01,0.01,78120.92,1777213354000
1777213355.859,155.859,0.95,0.96,0.04,0.05,0.01,0.01,78120.92,1777213354000
1777213356.573,156.573,0.95,0.96,0.04,0.05,0.01,0.01,78123.7,1777213355000
1777213356.933,156.933,0.95,0.96,0.04,0.05,0.01,0.01,78123.7,1777213355000
1777213357.27,157.27,0.95,0.96,0.04,0.06,0.01,0.02,78125.13,1777213356000
1777213357.681,157.681,0.95,0.96,0.04,0.05,0.01,0.01,78125.13,1777213356000
1777213358.321,158.321,0.95,0.96,0.04,0.05,0.01,0.01,78125.13,1777213356000
1777213359.029,159.029,0.95,0.96,0.04,0.05,0.01,0.01,78124.82,1777213357000
1777213359.643,159.643,0.94,0.95,0.04,0.06,0.01,0.02,78124.97,1777213358000
1777213360.064,160.064,0.93,0.95,0.05,0.07,0.02,0.02,78125.96,1777213359000
1777213360.51,160.51,0.93,0.94,0.05,0.07,0.01,0.02,78125.96,1777213359000
1777213360.966,160.966,0.93,0.94,0.06,0.07,0.01,0.01,78125.96,1777213359000
1777213361.686,161.686,0.93,0.94,0.06,0.07,0.01,0.01,78124.62,1777213360000
1777213362.306,162.306,0.93,0.94,0.06,0.07,0.01,0.01,78121.94,1777213361000
1777213363.496,163.496,0.93,0.94,0.06,0.07,0.01,0.01,78122.72,1777213362000
1777213364.503,164.503,0.93,0.94,0.06,0.07,0.01,0.01,78122.72,1777213362000
1777213365.256,165.256,0.93,0.94,0.06,0.07,0.01,0.01,78122.72,1777213363000
1777213365.616,165.616,0.93,0.94,0.06,0.07,0.01,0.01,78122.72,1777213364000
1777213366.158,166.158,0.93,0.94,0.06,0.07,0.01,0.01,78122.72,1777213365000
1777213366.532,166.532,0.93,0.94,0.06,0.07,0.01,0.01,78122.72,1777213365000
1777213367.007,167.007,0.93,0.94,0.06,0.07,0.01,0.01,78122.72,1777213365000
1777213367.675,167.675,0.93,0.94,0.06,0.07,0.01,0.01,78123.12,1777213366000
1777213368.154,168.154,0.93,0.94,0.06,0.07,0.01,0.01,78123.12,1777213366000
1777213368.786,168.786,0.93,0.94,0.06,0.07,0.01,0.01,78123.07,1777213367000
1777213369.126,169.126,0.93,0.94,0.06,0.07,0.01,0.01,78123.1,1777213368000
1777213369.653,169.653,0.91,0.92,0.06,0.07,0.01,0.01,78123.1,1777213368000
1777213370.112,170.112,0.91,0.92,0.08,0.09,0.01,0.01,78123.1,1777213368000
1777213370.644,170.644,0.91,0.92,0.08,0.09,0.01,0.01,78121.69,1777213369000
1777213371.089,171.089,0.91,0.92,0.08,0.09,0.01,0.01,78118.49,1777213370000
1777213371.449,171.449,0.91,0.92,0.08,0.09,0.01,0.01,78118.49,1777213370000
1777213372.133,172.133,0.91,0.92,0.08,0.09,0.01,0.01,78118.49,1777213370000
1777213372.534,172.534,0.9,0.92,0.08,0.09,0.02,0.01,78118.49,1777213370000
1777213372.887,172.887,0.9,0.91,0.09,0.1,0.01,0.01,78109.87,1777213371000
1777213373.247,173.247,0.9,0.91,0.09,0.1,0.01,0.01,78109.87,1777213371000
1777213373.66,173.66,0.9,0.91,0.09,0.1,0.01,0.01,78109.76,1777213372000
1777213374.178,174.178,0.9,0.91,0.09,0.1,0.01,0.01,78109.41,1777213373000
1777213374.534,174.534,0.9,0.91,0.09,0.1,0.01,0.01,78109.41,1777213373000
1777213374.935,174.935,0.9,0.91,0.09,0.1,0.01,0.01,78109.41,1777213373000
1777213375.348,175.348,0.9,0.91,0.09,0.1,0.01,0.01,78109.41,1777213373000
1777213375.769,175.769,0.9,0.91,0.09,0.1,0.01,0.01,78109.41,1777213373000
1777213376.328,176.328,0.9,0.91,0.09,0.1,0.01,0.01,78105.65,1777213374000
1777213376.834,176.834,0.9,0.91,0.09,0.1,0.01,0.01,78104.88,1777213375000
1777213377.361,177.361,0.88,0.89,0.11,0.12,0.01,0.01,78105.22,1777213376000
1777213377.919,177.919,0.88,0.89,0.11,0.12,0.01,0.01,78105.22,1777213376000
1777213378.26,178.26,0.88,0.89,0.11,0.12,0.01,0.01,78104.75,1777213377000
1777213378.604,178.604,0.88,0.89,0.11,0.12,0.01,0.01,78104.75,1777213377000
1777213379.044,179.044,0.88,0.89,0.11,0.12,0.01,0.01,78104.75,1777213377000
1777213379.386,179.386,0.88,0.89,0.11,0.12,0.01,0.01,78104.75,1777213377000
1777213379.87,179.87,0.88,0.89,0.11,0.12,0.01,0.01,78100.24,1777213378000
1777213380.252,180.252,0.88,0.89,0.11,0.12,0.01,0.01,78100.24,1777213378000
1777213380.599,180.599,0.88,0.89,0.11,0.12,0.01,0.01,78098.51,1777213379000
1777213380.956,180.956,0.88,0.89,0.11,0.12,0.01,0.01,78098.51,1777213379000
1777213381.539,181.539,0.88,0.89,0.11,0.12,0.01,0.01,78098.51,1777213379000
1777213381.88,181.88,0.88,0.89,0.11,0.12,0.01,0.01,78093.73,1777213380000
1777213382.271,182.271,0.88,0.89,0.11,0.12,0.01,0.01,78093.73,1777213380000
1777213382.696,182.696,0.88,0.89,0.11,0.12,0.01,0.01,78093.61,1777213381000
1777213383.155,183.155,0.88,0.91,0.11,0.12,0.03,0.01,78093.61,1777213381000
1777213383.689,183.689,0.9,0.91,0.09,0.12,0.01,0.03,78092.04,1777213382000
1777213384.19,184.19,0.89,0.9,0.1,0.11,0.01,0.01,78092.04,1777213382000
1777213384.577,184.577,0.87,0.9,0.1,0.12,0.03,0.02,78093.88,1777213383000
1777213384.928,184.928,0.91,0.92,0.08,0.09,0.01,0.01,78093.88,1777213383000
1777213385.296,185.296,0.91,0.93,0.07,0.09,0.02,0.02,78093.88,1777213383000
1777213385.647,185.647,0.91,0.93,0.07,0.09,0.02,0.02,78094.52,1777213384000
1777213386.073,186.073,0.92,0.93,0.07,0.09,0.01,0.02,78094.52,1777213384000
1777213386.422,186.422,0.92,0.93,0.07,0.08,0.01,0.01,78096.86,1777213385000
1777213386.925,186.925,0.92,0.93,0.07,0.08,0.01,0.01,78096.86,1777213385000
1777213387.376,187.376,0.92,0.93,0.07,0.08,0.01,0.01,78096.86,1777213386000
1777213387.735,187.735,0.92,0.93,0.07,0.08,0.01,0.01,78096.86,1777213386000
1777213388.074,188.074,0.92,0.93,0.07,0.08,0.01,0.01,78096.86,1777213386000
1777213388.537,188.537,0.92,0.93,0.07,0.08,0.01,0.01,78096.86,1777213387000
1777213389.089,189.089,0.92,0.93,0.07,0.08,0.01,0.01,78096.86,1777213387000
1777213389.432,189.432,0.94,0.96,0.05,0.06,0.02,0.01,78096.9,1777213388000
1777213389.917,189.917,0.96,0.97,0.03,0.04,0.01,0.01,78096.9,1777213388000
1777213390.307,190.307,0.96,0.97,0.03,0.04,0.01,0.01,78096.92,1777213389000
1777213390.83,190.83,0.96,0.97,0.03,0.04,0.01,0.01,78096.92,1777213389000
1777213391.171,191.171,0.96,0.97,0.03,0.04,0.01,0.01,78102.53,1777213390000
1777213391.598,191.598,0.95,0.97,0.03,0.04,0.02,0.01,78102.53,1777213390000
1777213392.045,192.045,0.95,0.96,0.03,0.05,0.01,0.02,78102.53,1777213390000
1777213392.443,192.443,0.95,0.96,0.04,0.05,0.01,0.01,78109.35,1777213391000
1777213393.12,193.12,0.95,0.96,0.04,0.05,0.01,0.01,78109.43,1777213392000
1777213393.542,193.542,0.95,0.96,0.04,0.05,0.01,0.01,78109.43,1777213392000
1777213394.156,194.156,0.95,0.96,0.04,0.05,0.01,0.01,78109.72,1777213393000
1777213394.678,194.678,0.95,0.96,0.04,0.05,0.01,0.01,78109.72,1777213393000
1777213395.088,195.088,0.95,0.96,0.04,0.05,0.01,0.01,78109.72,1777213394000
1777213396.009,196.009,0.95,0.96,0.04,0.06,0.01,0.02,78109.72,1777213394000
1777213396.534,196.534,0.95,0.96,0.04,0.05,0.01,0.01,78109.72,1777213395000
1777213397.278,197.278,0.95,0.96,0.04,0.05,0.01,0.01,78109.72,1777213395000
1777213398.025,198.025,0.95,0.96,0.04,0.05,0.01,0.01,78108.99,1777213397000
1777213398.448,198.448,0.95,0.96,0.04,0.05,0.01,0.01,78108.99,1777213397000
1777213399.056,199.056,0.95,0.96,0.04,0.05,0.01,0.01,78108.99,1777213397000
1777213399.398,199.398,0.95,0.96,0.04,0.05,0.01,0.01,78112.95,1777213398000
1777213399.745,199.745,0.95,0.96,0.04,0.05,0.01,0.01,78112.95,1777213398000
1777213400.247,200.247,0.95,0.96,0.04,0.05,0.01,0.01,78112.95,1777213399000
1777213400.897,200.897,0.95,0.96,0.04,0.05,0.01,0.01,78112.95,1777213399000
1777213401.358,201.358,0.95,0.96,0.04,0.05,0.01,0.01,78112.95,1777213399000
1777213401.709,201.709,0.95,0.96,0.04,0.05,0.01,0.01,78112.95,1777213400000
1777213402.043,202.043,0.95,0.96,0.04,0.05,0.01,0.01,78112.95,1777213401000
1777213402.427,202.427,0.93,0.94,0.06,0.07,0.01,0.01,78112.95,1777213401000
1777213402.912,202.912,0.93,0.94,0.06,0.07,0.01,0.01,78112.95,1777213401000
1777213403.441,203.441,0.93,0.94,0.06,0.07,0.01,0.01,78112.45,1777213402000
1777213404.068,204.068,0.93,0.94,0.06,0.07,0.01,0.01,78112.45,1777213402000
1777213404.564,204.564,0.93,0.94,0.06,0.07,0.01,0.01,78110.06,1777213403000
1777213405.488,205.488,0.93,0.94,0.06,0.07,0.01,0.01,78104.82,1777213404000
1777213406.141,206.141,0.94,0.95,0.05,0.06,0.01,0.01,78104.55,1777213405000
1777213406.775,206.775,0.94,0.95,0.05,0.06,0.01,0.01,78104.55,1777213405000
1777213407.25,207.25,0.94,0.95,0.05,0.06,0.01,0.01,78104.56,1777213406000
1777213407.737,207.737,0.94,0.95,0.05,0.06,0.01,0.01,78104.56,1777213406000
1777213408.488,208.488,0.94,0.95,0.05,0.06,0.01,0.01,78104.56,1777213406000
1777213408.854,208.854,0.94,0.95,0.05,0.06,0.01,0.01,78104.56,1777213407000
1777213409.628,209.628,0.94,0.95,0.05,0.06,0.01,0.01,78104.66,1777213408000
1777213410.056,210.056,0.94,0.95,0.05,0.06,0.01,0.01,78104.66,1777213408000
1777213410.426,210.426,0.94,0.95,0.05,0.06,0.01,0.01,78104.61,1777213409000
1777213410.798,210.798,0.94,0.95,0.05,0.06,0.01,0.01,78104.61,1777213409000
1777213411.162,211.162,0.93,0.94,0.06,0.07,0.01,0.01,78104.61,1777213409000
1777213411.69,211.69,0.93,0.94,0.06,0.07,0.01,0.01,78104.6,1777213410000
1777213412.282,212.282,0.93,0.94,0.06,0.07,0.01,0.01,78104.56,1777213411000
1777213412.965,212.965,0.93,0.94,0.06,0.07,0.01,0.01,78104.56,1777213411000
1777213413.719,213.719,0.93,0.94,0.06,0.07,0.01,0.01,78101.96,1777213412000
1777213414.069,214.069,0.93,0.95,0.05,0.07,0.02,0.02,78101.96,1777213412000
1777213414.736,214.736,0.93,0.95,0.06,0.07,0.02,0.01,78100.83,1777213413000
1777213415.072,215.072,0.93,0.95,0.05,0.07,0.02,0.02,78100.83,1777213413000
1777213415.429,215.429,0.92,0.94,0.06,0.07,0.02,0.01,78101.15,1777213414000
1777213415.832,215.832,0.93,0.94,0.06,0.07,0.01,0.01,78101.15,1777213414000
1777213416.269,216.269,0.92,0.93,0.07,0.08,0.01,0.01,78101.15,1777213414000
1777213416.794,216.794,0.92,0.93,0.07,0.08,0.01,0.01,78101.11,1777213415000
1777213417.149,217.149,0.92,0.93,0.07,0.08,0.01,0.01,78101.01,1777213416000
1777213418.001,218.001,0.91,0.92,0.07,0.08,0.01,0.01,78101.01,1777213416000
1777213418.447,218.447,0.91,0.92,0.08,0.09,0.01,0.01,78100.01,1777213417000
1777213419.22,219.22,0.9,0.91,0.09,0.1,0.01,0.01,78097.97,1777213418000
1777213419.568,219.568,0.9,0.91,0.09,0.1,0.01,0.01,78097.97,1777213418000
1777213419.987,219.987,0.89,0.91,0.09,0.1,0.02,0.01,78097.97,1777213418000
1777213420.978,220.978,0.81,0.9,0.1,0.11,0.09,0.01,78092.77,1777213419000
1777213421.473,221.473,0.89,0.9,0.1,0.11,0.01,0.01,78087.19,1777213420000
1777213422.015,222.015,0.89,0.9,0.1,0.11,0.01,0.01,78087.19,1777213420000
1777213422.724,222.724,0.89,0.9,0.1,0.11,0.01,0.01,78085.71,1777213421000
1777213423.096,223.096,0.88,0.9,0.1,0.11,0.02,0.01,78085.71,1777213421000
1777213423.634,223.634,0.88,0.89,0.11,0.12,0.01,0.01,78086.27,1777213422000
1777213424.236,224.236,0.88,0.89,0.11,0.12,0.01,0.01,78086.27,1777213422000
1777213424.628,224.628,0.88,0.89,0.11,0.12,0.01,0.01,78083.36,1777213423000
1777213424.971,224.971,0.88,0.89,0.11,0.12,0.01,0.01,78083.36,1777213423000
1777213425.36,225.36,0.88,0.89,0.11,0.12,0.01,0.01,78081.59,1777213424000
1777213425.721,225.721,0.88,0.89,0.11,0.12,0.01,0.01,78081.59,1777213424000
1777213426.219,226.219,0.88,0.89,0.11,0.12,0.01,0.01,78080.64,1777213425000
1777213426.565,226.565,0.88,0.89,0.11,0.12,0.01,0.01,78080.64,1777213425000
1777213426.908,226.908,0.88,0.89,0.11,0.12,0.01,0.01,78080.64,1777213425000
1777213427.247,227.247,0.88,0.89,0.11,0.12,0.01,0.01,78078.96,1777213426000
1777213428.013,228.013,0.88,0.89,0.11,0.12,0.01,0.01,78078.96,1777213426000
1777213428.788,228.788,0.88,0.89,0.11,0.12,0.01,0.01,78077.62,1777213427000
1777213429.124,229.124,0.88,0.89,0.11,0.12,0.01,0.01,78077.62,1777213427000
1777213429.488,229.488,0.88,0.89,0.11,0.12,0.01,0.01,78075.14,1777213428000
1777213429.983,229.983,0.88,0.89,0.11,0.12,0.01,0.01,78075.14,1777213428000
1777213430.561,230.561,0.87,0.88,0.11,0.12,0.01,0.01,78075.1,1777213429000
1777213431.243,231.243,0.86,0.88,0.12,0.14,0.02,0.02,78073.41,1777213430000
1777213431.623,231.623,0.86,0.89,0.11,0.14,0.03,0.03,78073.41,1777213430000
1777213432.169,232.169,0.87,0.88,0.12,0.13,0.01,0.01,78071.76,1777213431000
1777213433.229,233.229,0.87,0.88,0.12,0.13,0.01,0.01,78071.6,1777213432000
1777213433.647,233.647,0.87,0.89,0.12,0.13,0.02,0.01,78071.6,1777213432000
1777213434.007,234.007,0.88,0.91,0.09,0.11,0.03,0.02,78071.6,1777213432000
1777213434.345,234.345,0.88,0.91,0.09,0.12,0.03,0.03,78076.92,1777213433000
1777213434.698,234.698,0.9,0.91,0.09,0.1,0.01,0.01,78076.92,1777213433000
1777213435.092,235.092,0.9,0.91,0.09,0.1,0.01,0.01,78076.92,1777213433000
1777213435.822,235.822,0.91,0.92,0.09,0.1,0.01,0.01,78078.5,1777213434000
1777213436.188,236.188,0.9,0.92,0.08,0.1,0.02,0.02,78078.5,1777213435000
1777213436.524,236.524,0.9,0.91,0.09,0.1,0.01,0.01,78078.5,1777213435000
1777213436.873,236.873,0.91,0.92,0.07,0.09,0.01,0.02,78078.5,1777213435000
1777213437.282,237.282,0.9,0.91,0.08,0.09,0.01,0.01,78078.5,1777213436000
1777213437.617,237.617,0.87,0.88,0.12,0.13,0.01,0.01,78078.5,1777213436000
1777213437.998,237.998,0.86,0.87,0.13,0.14,0.01,0.01,78078.5,1777213436000
1777213438.357,238.357,0.86,0.87,0.13,0.14,0.01,0.01,78078.67,1777213437000
1777213438.817,238.817,0.86,0.87,0.13,0.14,0.01,0.01,78078.67,1777213437000
1777213439.164,239.164,0.86,0.87,0.13,0.14,0.01,0.01,78073.11,1777213438000
1777213439.522,239.522,0.86,0.87,0.13,0.14,0.01,0.01,78073.11,1777213438000
1777213439.87,239.87,0.86,0.87,0.13,0.14,0.01,0.01,78073.11,1777213438000
1777213440.304,240.304,0.87,0.88,0.12,0.14,0.01,0.02,78067.88,1777213439000
1777213440.658,240.658,0.87,0.88,0.12,0.13,0.01,0.01,78067.88,1777213439000
1777213441.0,241.0,0.86,0.88,0.12,0.13,0.02,0.01,78067.88,1777213439000
1777213441.616,241.616,0.86,0.87,0.13,0.14,0.01,0.01,78067.83,1777213440000
1777213442.004,242.004,0.87,0.88,0.12,0.13,0.01,0.01,78067.83,1777213440000
1777213442.517,242.517,0.88,0.89,0.11,0.12,0.01,0.01,78067.32,1777213441000
1777213442.854,242.854,0.89,0.91,0.1,0.11,0.02,0.01,78067.32,1777213441000
1777213443.389,243.389,0.94,0.95,0.05,0.07,0.01,0.02,78067.32,1777213442000
1777213443.728,243.728,0.89,0.96,0.04,0.09,0.07,0.05,78067.32,1777213442000
1777213444.089,244.089,0.95,0.96,0.04,0.05,0.01,0.01,78067.32,1777213442000
1777213444.701,244.701,0.96,0.97,0.03,0.05,0.01,0.02,78067.97,1777213443000
1777213445.037,245.037,0.96,0.97,0.03,0.04,0.01,0.01,78067.97,1777213443000
1777213445.402,245.402,0.96,0.97,0.03,0.04,0.01,0.01,78077.86,1777213444000
1777213445.853,245.853,0.97,0.98,0.02,0.04,0.01,0.02,78077.86,1777213444000
1777213446.209,246.209,0.97,0.98,0.02,0.03,0.01,0.01,78078.44,1777213445000
1777213446.579,246.579,0.97,0.98,0.02,0.03,0.01,0.01,78078.44,1777213445000
1777213446.915,246.915,0.97,0.98,0.02,0.03,0.01,0.01,78078.44,1777213445000
1777213447.262,247.262,0.97,0.98,0.02,0.03,0.01,0.01,78081.51,1777213446000
1777213447.701,247.701,0.97,0.98,0.02,0.03,0.01,0.01,78081.51,1777213446000
1777213448.073,248.073,0.97,0.98,0.02,0.03,0.01,0.01,78081.51,1777213446000
1777213448.878,248.878,0.96,0.97,0.02,0.04,0.01,0.02,78086.45,1777213447000
1777213449.228,249.228,0.96,0.98,0.02,0.03,0.02,0.01,78086.78,1777213448000
1777213449.622,249.622,0.96,0.97,0.03,0.04,0.01,0.01,78086.78,1777213448000
1777213450.037,250.037,0.96,0.97,0.03,0.04,0.01,0.01,78086.78,1777213448000
1777213450.385,250.385,0.96,0.97,0.03,0.04,0.01,0.01,78086.78,1777213448000
1777213450.744,250.744,0.93,0.94,0.03,0.07,0.01,0.04,78095.13,1777213449000
1777213451.134,251.134,0.91,0.92,0.08,0.09,0.01,0.01,78095.98,1777213450000
1777213451.484,251.484,0.91,0.92,0.08,0.09,0.01,0.01,78095.98,1777213450000
1777213451.824,251.824,0.91,0.92,0.08,0.09,0.01,0.01,78095.17,1777213451000
1777213452.163,252.163,0.91,0.93,0.07,0.09,0.02,0.02,78095.17,1777213451000
1777213452.583,252.583,0.92,0.93,0.07,0.08,0.01,0.01,78095.17,1777213451000
1777213453.043,253.043,0.91,0.92,0.08,0.09,0.01,0.01,78095.17,1777213451000
1777213453.403,253.403,0.91,0.92,0.08,0.09,0.01,0.01,78089.29,1777213452000
1777213453.817,253.817,0.91,0.92,0.08,0.09,0.01,0.01,78089.29,1777213452000
1777213454.243,254.243,0.88,0.9,0.08,0.09,0.02,0.01,78089.29,1777213452000
1777213454.585,254.585,0.86,0.88,0.13,0.14,0.02,0.01,78086.76,1777213453000
1777213455.034,255.034,0.91,0.92,0.07,0.12,0.01,0.05,78086.76,1777213453000
1777213455.645,255.645,0.92,0.93,0.08,0.09,0.01,0.01,78082.42,1777213454000
1777213456.003,256.003,0.92,0.93,0.07,0.08,0.01,0.01,78082.42,1777213454000
1777213456.382,256.382,0.92,0.93,0.07,0.09,0.01,0.02,78080.86,1777213455000
1777213456.719,256.719,0.92,0.93,0.07,0.08,0.01,0.01,78080.86,1777213455000
1777213457.18,257.18,0.92,0.93,0.07,0.08,0.01,0.01,78075.61,1777213456000
1777213457.637,257.637,0.92,0.93,0.07,0.09,0.01,0.02,78075.61,1777213456000
1777213458.088,258.088,0.92,0.93,0.07,0.08,0.01,0.01,78075.61,1777213456000
1777213458.591,258.591,0.91,0.94,0.07,0.09,0.03,0.02,78075.17,1777213457000
1777213458.985,258.985,0.92,0.93,0.07,0.08,0.01,0.01,78075.17,1777213457000
1777213459.518,259.518,0.92,0.93,0.07,0.08,0.01,0.01,78074.03,1777213458000
1777213460.21,260.21,0.92,0.93,0.07,0.08,0.01,0.01,78074.03,1777213458000
1777213460.593,260.593,0.92,0.93,0.07,0.08,0.01,0.01,78074.0,1777213459000
1777213460.973,260.973,0.94,0.95,0.05,0.06,0.01,0.01,78074.0,1777213459000
1777213461.309,261.309,0.95,0.96,0.04,0.06,0.01,0.02,78074.0,1777213460000
1777213461.692,261.692,0.95,0.96,0.04,0.05,0.01,0.01,78074.0,1777213460000
1777213462.075,262.075,0.95,0.96,0.04,0.05,0.01,0.01,78074.0,1777213460000
1777213462.49,262.49,0.95,0.96,0.04,0.05,0.01,0.01,78074.0,1777213460000
1777213462.856,262.856,0.95,0.96,0.04,0.05,0.01,0.01,78074.0,1777213461000
1777213463.189,263.189,0.96,0.97,0.04,0.05,0.01,0.01,78074.0,1777213461000
1777213463.533,263.533,0.96,0.97,0.03,0.04,0.01,0.01,78074.6,1777213462000
1777213463.944,263.944,0.91,0.97,0.03,0.04,0.06,0.01,78074.6,1777213462000
1777213464.342,264.342,0.94,0.95,0.05,0.06,0.01,0.01,78074.64,1777213463000
1777213465.063,265.063,0.94,0.95,0.05,0.06,0.01,0.01,78074.64,1777213463000
1777213465.4,265.4,0.94,0.95,0.05,0.06,0.01,0.01,78074.64,1777213463000
1777213465.859,265.859,0.93,0.94,0.06,0.07,0.01,0.01,78075.97,1777213464000
1777213466.408,266.408,0.88,0.89,0.1,0.12,0.01,0.02,78074.91,1777213465000
1777213466.902,266.902,0.87,0.88,0.11,0.12,0.01,0.01,78074.91,1777213465000
1777213467.295,267.295,0.87,0.88,0.12,0.13,0.01,0.01,78073.91,1777213466000
1777213467.661,267.661,0.91,0.92,0.08,0.12,0.01,0.04,78073.91,1777213466000
1777213468.011,268.011,0.91,0.92,0.08,0.09,0.01,0.01,78073.91,1777213466000
1777213468.36,268.36,0.91,0.92,0.08,0.09,0.01,0.01,78073.75,1777213467000
1777213468.816,268.816,0.92,0.93,0.07,0.08,0.01,0.01,78073.75,1777213467000
1777213469.165,269.165,0.93,0.94,0.06,0.08,0.01,0.02,78073.75,1777213467000
1777213469.704,269.704,0.93,0.94,0.06,0.07,0.01,0.01,78068.15,1777213468000
1777213470.045,270.045,0.94,0.95,0.06,0.07,0.01,0.01,78068.15,1777213469000
1777213470.399,270.399,0.95,0.96,0.05,0.06,0.01,0.01,78068.15,1777213469000
1777213470.764,270.764,0.95,0.96,0.04,0.05,0.01,0.01,78068.15,1777213469000
1777213471.108,271.108,0.95,0.96,0.04,0.05,0.01,0.01,78068.15,1777213469000
1777213471.658,271.658,0.96,0.97,0.03,0.04,0.01,0.01,78067.45,1777213470000
1777213472.212,272.212,0.96,0.97,0.03,0.04,0.01,0.01,78067.45,1777213470000
1777213472.673,272.673,0.96,0.98,0.02,0.04,0.02,0.02,78068.07,1777213471000
1777213473.055,273.055,0.94,0.97,0.02,0.04,0.03,0.02,78068.07,1777213471000
1777213473.709,273.709,0.95,0.96,0.04,0.05,0.01,0.01,78068.07,1777213472000
1777213474.105,274.105,0.95,0.96,0.03,0.05,0.01,0.02,78068.07,1777213472000
1777213474.529,274.529,0.95,0.96,0.04,0.05,0.01,0.01,78067.87,1777213473000
1777213475.432,275.432,0.95,0.96,0.04,0.05,0.01,0.01,78067.87,1777213473000
1777213475.875,275.875,0.94,0.95,0.05,0.06,0.01,0.01,78068.02,1777213474000
1777213476.208,276.208,0.92,0.95,0.05,0.06,0.03,0.01,78067.46,1777213475000
1777213476.678,276.678,0.93,0.94,0.06,0.07,0.01,0.01,78067.46,1777213475000
1777213477.043,277.043,0.96,0.97,0.03,0.04,0.01,0.01,78067.46,1777213475000
1777213477.457,277.457,0.96,0.98,0.02,0.04,0.02,0.02,78067.5,1777213476000
1777213477.972,277.972,0.97,0.98,0.02,0.04,0.01,0.02,78067.5,1777213476000
1777213478.357,278.357,0.97,0.98,0.02,0.03,0.01,0.01,78068.07,1777213477000
1777213478.723,278.723,0.97,0.98,0.02,0.03,0.01,0.01,78068.07,1777213477000
1777213479.514,279.514,0.97,0.98,0.02,0.03,0.01,0.01,78068.09,1777213478000
1777213479.925,279.925,0.97,0.98,0.02,0.03,0.01,0.01,78068.09,1777213478000
1777213480.335,280.335,0.97,0.98,0.02,0.03,0.01,0.01,78068.09,1777213479000
1777213480.721,280.721,0.97,0.98,0.02,0.03,0.01,0.01,78068.09,1777213479000
1777213481.144,281.144,0.94,0.97,0.03,0.06,0.03,0.03,78068.1,1777213480000
1777213481.607,281.607,0.96,0.97,0.02,0.04,0.01,0.02,78068.1,1777213480000
1777213481.981,281.981,0.97,0.98,0.02,0.03,0.01,0.01,78068.1,1777213480000
1777213482.329,282.329,0.97,0.98,0.02,0.03,0.01,0.01,78068.07,1777213481000
1777213482.684,282.684,0.97,0.98,0.02,0.03,0.01,0.01,78068.07,1777213481000
1777213483.09,283.09,0.96,0.97,0.02,0.04,0.01,0.02,78068.07,1777213481000
1777213483.442,283.442,0.96,0.98,0.03,0.04,0.02,0.01,78067.94,1777213482000
1777213483.826,283.826,0.97,0.98,0.02,0.03,0.01,0.01,78067.94,1777213482000
1777213484.426,284.426,0.96,0.97,0.03,0.04,0.01,0.01,78067.95,1777213483000
1777213484.783,284.783,0.96,0.97,0.03,0.04,0.01,0.01,78067.95,1777213483000
1777213485.53,285.53,0.97,0.98,0.02,0.03,0.01,0.01,78067.88,1777213484000
1777213486.118,286.118,0.91,0.98,0.02,0.09,0.07,0.07,78067.96,1777213485000
1777213486.463,286.463,0.97,0.98,0.02,0.03,0.01,0.01,78067.96,1777213485000
1777213487.017,287.017,0.97,0.98,0.02,0.03,0.01,0.01,78067.96,1777213485000
1777213487.613,287.613,0.97,0.98,0.02,0.03,0.01,0.01,78067.94,1777213486000
1777213487.967,287.967,0.97,0.98,0.02,0.03,0.01,0.01,78067.94,1777213486000
1777213488.327,288.327,0.97,0.98,0.02,0.03,0.01,0.01,78067.94,1777213486000
1777213488.753,288.753,0.97,0.98,0.02,0.03,0.01,0.01,78067.94,1777213486000
1777213489.119,289.119,0.98,0.99,0.01,0.02,0.01,0.01,78067.86,1777213487000
1777213489.472,289.472,0.98,0.99,0.01,0.02,0.01,0.01,78067.86,1777213487000
1777213489.914,289.914,0.98,0.99,0.01,0.02,0.01,0.01,78067.93,1777213488000
1777213490.261,290.261,0.98,0.99,0.01,0.02,0.01,0.01,78067.93,1777213489000
1777213490.738,290.738,0.98,0.99,0.01,0.02,0.01,0.01,78067.93,1777213489000
1777213491.081,291.081,0.98,0.99,0.01,0.02,0.01,0.01,78067.93,1777213489000
1777213491.414,291.414,0.99,0.99,0.01,0.01,0.0,0.0,78067.88,1777213490000
1777213491.824,291.824,0.99,0.99,0.01,0.01,0.0,0.0,78067.88,1777213490000
1777213492.213,292.213,0.99,0.99,0.01,0.01,0.0,0.0,78067.88,1777213490000
1777213492.677,292.677,0.99,0.99,0.01,0.01,0.0,0.0,78067.88,1777213491000
1777213493.11,293.11,0.99,0.99,0.01,0.01,0.0,0.0,78067.88,1777213492000
1777213494.122,294.122,0.99,0.99,0.01,0.01,0.0,0.0,78067.88,1777213492000
1777213494.525,294.525,0.99,0.99,0.01,0.01,0.0,0.0,78068.1,1777213493000
1777213495.017,295.017,0.99,0.99,0.01,0.01,0.0,0.0,78068.1,1777213493000
1777213495.763,295.763,0.99,0.99,0.01,0.01,0.0,0.0,78068.13,1777213494000
1777213496.146,296.146,0.99,0.99,0.01,0.01,0.0,0.0,78068.44,1777213495000
1777213497.236,297.236,0.99,0.99,0.01,0.01,0.0,0.0,78068.44,1777213495000
1777213498.369,298.369,0.99,0.99,0.01,0.01,0.0,0.0,78068.44,1777213497000
1777213499.493,299.493,0.99,0.99,0.01,0.01,0.0,0.0,78068.45,1777213498000
1777213499.928,299.928,0.99,0.99,0.01,0.01,0.0,0.0,78068.45,1777213498000
1777213500.356,300.356,0.99,0.99,0.01,0.01,0.0,0.0,78068.15,1777213499000
1777213500.737,300.737,0.99,0.99,0.01,0.01,0.0,0.0,78068.15,1777213499000

# RESULT,winner=Up,slug=btc-updown-5m-1777213200,ticks=661
