timestamp,elapsed_sec,up_bid,up_ask,down_bid,down_ask,up_spread,down_spread,btc_price,btc_oracle_ts
1777193700.563,0.563,0.53,0.54,0.46,0.48,0.01,0.02,78072.84,1777193699000
1777193701.241,1.241,0.53,0.54,0.46,0.47,0.01,0.01,78072.84,1777193699000
1777193701.92,1.92,0.53,0.54,0.46,0.5,0.01,0.04,78072.84,1777193700000
1777193702.279,2.279,0.5,0.54,0.46,0.47,0.04,0.01,78072.84,1777193700000
1777193702.656,2.656,0.5,0.52,0.48,0.5,0.02,0.02,78072.88,1777193701000
1777193703.152,3.152,0.54,0.55,0.42,0.47,0.01,0.05,78072.88,1777193701000
1777193703.501,3.501,0.54,0.55,0.45,0.46,0.01,0.01,78072.88,1777193702000
1777193703.848,3.848,0.54,0.55,0.45,0.46,0.01,0.01,78072.88,1777193702000
1777193704.213,4.213,0.54,0.55,0.45,0.46,0.01,0.01,78072.88,1777193702000
1777193705.0,5.0,0.54,0.55,0.45,0.46,0.01,0.01,78072.91,1777193703000
1777193705.69,5.69,0.54,0.55,0.45,0.46,0.01,0.01,78073.0,1777193704000
1777193706.105,6.105,0.54,0.55,0.45,0.46,0.01,0.01,78073.0,1777193704000
1777193706.482,6.482,0.54,0.55,0.45,0.46,0.01,0.01,78073.0,1777193704000
1777193706.931,6.931,0.54,0.55,0.45,0.46,0.01,0.01,78072.97,1777193705000
1777193707.37,7.37,0.54,0.55,0.45,0.46,0.01,0.01,78072.97,1777193705000
1777193707.913,7.913,0.54,0.55,0.45,0.46,0.01,0.01,78072.93,1777193707000
1777193708.276,8.276,0.54,0.55,0.45,0.46,0.01,0.01,78072.93,1777193707000
1777193708.633,8.633,0.54,0.55,0.45,0.46,0.01,0.01,78072.93,1777193707000
1777193709.044,9.044,0.54,0.55,0.45,0.46,0.01,0.01,78072.97,1777193708000
1777193709.649,9.649,0.54,0.55,0.45,0.46,0.01,0.01,78072.97,1777193708000
1777193710.016,10.016,0.54,0.55,0.45,0.46,0.01,0.01,78072.97,1777193708000
1777193710.48,10.48,0.54,0.55,0.45,0.46,0.01,0.01,78072.91,1777193709000
1777193711.011,11.011,0.54,0.55,0.45,0.46,0.01,0.01,78072.91,1777193709000
1777193711.447,11.447,0.54,0.55,0.45,0.46,0.01,0.01,78072.91,1777193710000
1777193711.998,11.998,0.54,0.55,0.45,0.46,0.01,0.01,78070.12,1777193711000
1777193712.504,12.504,0.54,0.55,0.45,0.46,0.01,0.01,78070.12,1777193711000
1777193712.922,12.922,0.54,0.55,0.45,0.46,0.01,0.01,78070.12,1777193711000
1777193713.36,13.36,0.54,0.55,0.45,0.46,0.01,0.01,78072.85,1777193712000
1777193713.857,13.857,0.54,0.55,0.45,0.46,0.01,0.01,78072.85,1777193712000
1777193714.224,14.224,0.54,0.55,0.45,0.46,0.01,0.01,78072.85,1777193712000
1777193714.744,14.744,0.54,0.55,0.45,0.46,0.01,0.01,78072.86,1777193713000
1777193715.301,15.301,0.54,0.55,0.45,0.46,0.01,0.01,78072.86,1777193714000
1777193715.961,15.961,0.54,0.55,0.45,0.46,0.01,0.01,78072.86,1777193715000
1777193716.361,16.361,0.54,0.55,0.45,0.46,0.01,0.01,78072.86,1777193715000
1777193716.94,16.94,0.54,0.55,0.45,0.46,0.01,0.01,78072.86,1777193715000
1777193717.451,17.451,0.5,0.51,0.48,0.5,0.01,0.02,78072.86,1777193716000
1777193717.877,17.877,0.5,0.51,0.49,0.5,0.01,0.01,78072.86,1777193716000
1777193718.28,18.28,0.5,0.51,0.49,0.5,0.01,0.01,78072.86,1777193716000
1777193718.692,18.692,0.5,0.51,0.49,0.5,0.01,0.01,78072.81,1777193717000
1777193719.253,19.253,0.5,0.51,0.49,0.5,0.01,0.01,78072.81,1777193717000
1777193720.032,20.032,0.5,0.51,0.49,0.5,0.01,0.01,78070.6,1777193719000
1777193720.372,20.372,0.49,0.53,0.47,0.5,0.04,0.03,78070.6,1777193719000
1777193720.816,20.816,0.49,0.5,0.5,0.51,0.01,0.01,78070.6,1777193719000
1777193721.176,21.176,0.49,0.5,0.5,0.51,0.01,0.01,78070.6,1777193719000
1777193721.579,21.579,0.49,0.5,0.5,0.51,0.01,0.01,78070.6,1777193719000
1777193722.064,22.064,0.49,0.5,0.5,0.51,0.01,0.01,78070.71,1777193720000
1777193722.448,22.448,0.49,0.5,0.5,0.51,0.01,0.01,78068.98,1777193721000
1777193722.895,22.895,0.49,0.5,0.5,0.51,0.01,0.01,78068.98,1777193721000
1777193723.254,23.254,0.49,0.5,0.5,0.51,0.01,0.01,78068.83,1777193722000
1777193723.625,23.625,0.49,0.5,0.5,0.51,0.01,0.01,78068.83,1777193722000
1777193724.185,24.185,0.49,0.5,0.5,0.51,0.01,0.01,78068.86,1777193723000
1777193724.612,24.612,0.49,0.5,0.5,0.51,0.01,0.01,78068.86,1777193723000
1777193725.015,25.015,0.49,0.5,0.5,0.51,0.01,0.01,78068.86,1777193723000
1777193725.488,25.488,0.49,0.5,0.5,0.51,0.01,0.01,78068.89,1777193724000
1777193725.895,25.895,0.49,0.5,0.5,0.51,0.01,0.01,78068.89,1777193724000
1777193726.333,26.333,0.49,0.5,0.5,0.51,0.01,0.01,78069,1777193725000
1777193726.794,26.794,0.49,0.5,0.5,0.51,0.01,0.01,78069,1777193725000
1777193727.777,27.777,0.49,0.5,0.5,0.51,0.01,0.01,78069,1777193726000
1777193728.599,28.599,0.49,0.5,0.5,0.51,0.01,0.01,78069,1777193727000
1777193729.005,29.005,0.49,0.51,0.42,0.51,0.02,0.09,78069,1777193727000
1777193729.362,29.362,0.5,0.51,0.49,0.5,0.01,0.01,78069,1777193728000
1777193730.06,30.06,0.5,0.51,0.49,0.5,0.01,0.01,78068.98,1777193729000
1777193730.4,30.4,0.5,0.51,0.49,0.5,0.01,0.01,78068.98,1777193729000
1777193730.889,30.889,0.5,0.51,0.49,0.5,0.01,0.01,78068.98,1777193729000
1777193731.305,31.305,0.5,0.51,0.49,0.5,0.01,0.01,78068.82,1777193730000
1777193731.667,31.667,0.5,0.51,0.49,0.5,0.01,0.01,78068.82,1777193730000
1777193732.007,32.007,0.5,0.51,0.49,0.5,0.01,0.01,78069,1777193731000
1777193732.573,32.573,0.5,0.51,0.49,0.5,0.01,0.01,78069,1777193731000
1777193732.984,32.984,0.5,0.51,0.49,0.5,0.01,0.01,78069,1777193732000
1777193733.654,33.654,0.5,0.51,0.49,0.5,0.01,0.01,78069,1777193732000
1777193734.061,34.061,0.5,0.51,0.49,0.5,0.01,0.01,78069,1777193732000
1777193734.776,34.776,0.5,0.51,0.49,0.5,0.01,0.01,78069.16,1777193733000
1777193735.16,35.16,0.49,0.5,0.49,0.51,0.01,0.02,78069.16,1777193733000
1777193735.517,35.517,0.49,0.51,0.5,0.51,0.02,0.01,78068.51,1777193734000
1777193736.452,36.452,0.5,0.51,0.49,0.51,0.01,0.02,78068.51,1777193734000
1777193737.052,37.052,0.5,0.51,0.49,0.5,0.01,0.01,78068.84,1777193736000
1777193737.559,37.559,0.5,0.51,0.49,0.5,0.01,0.01,78068.84,1777193736000
1777193737.917,37.917,0.5,0.51,0.49,0.5,0.01,0.01,78068.84,1777193736000
1777193738.435,38.435,0.5,0.51,0.49,0.5,0.01,0.01,78068.87,1777193737000
1777193739.19,39.19,0.5,0.51,0.49,0.5,0.01,0.01,78068.87,1777193737000
1777193739.722,39.722,0.5,0.51,0.49,0.5,0.01,0.01,78068.6,1777193738000
1777193740.348,40.348,0.5,0.51,0.49,0.5,0.01,0.01,78068.6,1777193738000
1777193740.716,40.716,0.5,0.51,0.49,0.5,0.01,0.01,78068.75,1777193739000
1777193741.094,41.094,0.5,0.51,0.49,0.5,0.01,0.01,78068.79,1777193740000
1777193742.232,42.232,0.5,0.51,0.49,0.5,0.01,0.01,78068.66,1777193741000
1777193743.588,43.588,0.5,0.51,0.49,0.5,0.01,0.01,78068.66,1777193741000
1777193744.085,44.085,0.5,0.51,0.49,0.5,0.01,0.01,78068.73,1777193743000
1777193744.461,44.461,0.5,0.51,0.49,0.5,0.01,0.01,78068.73,1777193743000
1777193744.859,44.859,0.49,0.51,0.49,0.51,0.02,0.02,78068.73,1777193743000
1777193745.361,45.361,0.49,0.51,0.49,0.51,0.02,0.02,78068.3,1777193744000
1777193745.976,45.976,0.49,0.5,0.5,0.51,0.01,0.01,78068.3,1777193745000
1777193746.415,46.415,0.49,0.5,0.5,0.51,0.01,0.01,78068.3,1777193745000
1777193747.378,47.378,0.49,0.5,0.5,0.51,0.01,0.01,78068.3,1777193745000
1777193747.956,47.956,0.49,0.5,0.5,0.51,0.01,0.01,78068.48,1777193747000
1777193748.656,48.656,0.49,0.5,0.5,0.51,0.01,0.01,78068.48,1777193747000
1777193749.172,49.172,0.49,0.5,0.5,0.51,0.01,0.01,78068.69,1777193748000
1777193749.788,49.788,0.48,0.5,0.5,0.51,0.02,0.01,78068.69,1777193748000
1777193750.243,50.243,0.48,0.49,0.5,0.52,0.01,0.02,78068.69,1777193748000
1777193750.58,50.58,0.48,0.49,0.51,0.52,0.01,0.01,78067.65,1777193749000
1777193751.221,51.221,0.48,0.49,0.51,0.52,0.01,0.01,78067.65,1777193749000
1777193751.663,51.663,0.48,0.49,0.51,0.52,0.01,0.01,78068.38,1777193750000
1777193752.158,52.158,0.48,0.49,0.51,0.52,0.01,0.01,78067.87,1777193751000
1777193752.647,52.647,0.48,0.49,0.51,0.52,0.01,0.01,78067.87,1777193751000
1777193753.701,53.701,0.48,0.49,0.51,0.52,0.01,0.01,78068.64,1777193752000
1777193754.038,54.038,0.48,0.49,0.51,0.52,0.01,0.01,78068.64,1777193752000
1777193755.136,55.136,0.48,0.49,0.51,0.52,0.01,0.01,78068.18,1777193753000
1777193755.563,55.563,0.48,0.49,0.51,0.52,0.01,0.01,78068.18,1777193753000
1777193756.02,56.02,0.48,0.49,0.51,0.52,0.01,0.01,78068.17,1777193754000
1777193756.473,56.473,0.47,0.49,0.51,0.53,0.02,0.02,78067.85,1777193755000
1777193756.815,56.815,0.47,0.48,0.51,0.53,0.01,0.02,78067.85,1777193755000
1777193757.168,57.168,0.47,0.48,0.52,0.53,0.01,0.01,78067.85,1777193756000
1777193758.138,58.138,0.47,0.48,0.52,0.53,0.01,0.01,78067.85,1777193756000
1777193758.612,58.612,0.47,0.48,0.52,0.53,0.01,0.01,78068.98,1777193757000
1777193758.996,58.996,0.47,0.48,0.52,0.53,0.01,0.01,78068.98,1777193757000
1777193759.334,59.334,0.46,0.48,0.52,0.53,0.02,0.01,78068.98,1777193758000
1777193759.775,59.775,0.46,0.47,0.52,0.54,0.01,0.02,78068.98,1777193758000
1777193760.155,60.155,0.4,0.41,0.59,0.6,0.01,0.01,78069.17,1777193759000
1777193760.503,60.503,0.39,0.41,0.59,0.6,0.02,0.01,78069.17,1777193759000
1777193760.903,60.903,0.4,0.41,0.59,0.6,0.01,0.01,78069.17,1777193759000
1777193761.237,61.237,0.39,0.4,0.6,0.61,0.01,0.01,78069.17,1777193759000
1777193761.605,61.605,0.39,0.4,0.6,0.61,0.01,0.01,78067.25,1777193760000
1777193762.02,62.02,0.39,0.4,0.6,0.61,0.01,0.01,78067.25,1777193760000
1777193762.355,62.355,0.39,0.4,0.6,0.61,0.01,0.01,78066.94,1777193761000
1777193763.075,63.075,0.39,0.4,0.6,0.61,0.01,0.01,78066.94,1777193761000
1777193763.424,63.424,0.39,0.4,0.6,0.61,0.01,0.01,78066.94,1777193761000
1777193763.821,63.821,0.38,0.39,0.61,0.62,0.01,0.01,78061.65,1777193762000
1777193764.175,64.175,0.38,0.39,0.61,0.62,0.01,0.01,78060.94,1777193763000
1777193764.642,64.642,0.38,0.39,0.61,0.62,0.01,0.01,78060.94,1777193763000
1777193764.986,64.986,0.38,0.39,0.61,0.62,0.01,0.01,78060.94,1777193763000
1777193765.703,65.703,0.38,0.39,0.61,0.62,0.01,0.01,78061.31,1777193764000
1777193766.097,66.097,0.38,0.39,0.61,0.62,0.01,0.01,78061.31,1777193764000
1777193766.686,66.686,0.38,0.39,0.61,0.62,0.01,0.01,78061.47,1777193765000
1777193767.201,67.201,0.38,0.39,0.61,0.62,0.01,0.01,78061.47,1777193765000
1777193767.732,67.732,0.38,0.39,0.61,0.62,0.01,0.01,78061.47,1777193765000
1777193768.246,68.246,0.38,0.39,0.61,0.62,0.01,0.01,78061.81,1777193766000
1777193768.592,68.592,0.38,0.39,0.61,0.62,0.01,0.01,78061.81,1777193766000
1777193769.137,69.137,0.38,0.4,0.61,0.62,0.02,0.01,78061.77,1777193767000
1777193769.545,69.545,0.39,0.4,0.6,0.61,0.01,0.01,78061.81,1777193768000
1777193770.155,70.155,0.4,0.41,0.59,0.6,0.01,0.01,78061.81,1777193768000
1777193770.568,70.568,0.4,0.42,0.58,0.6,0.02,0.02,78061.66,1777193769000
1777193771.032,71.032,0.41,0.42,0.58,0.59,0.01,0.01,78061.66,1777193769000
1777193771.495,71.495,0.41,0.42,0.58,0.59,0.01,0.01,78061.73,1777193770000
1777193771.978,71.978,0.41,0.42,0.58,0.59,0.01,0.01,78061.73,1777193770000
1777193772.37,72.37,0.4,0.41,0.59,0.6,0.01,0.01,78061.67,1777193771000
1777193773.076,73.076,0.4,0.41,0.59,0.6,0.01,0.01,78061.67,1777193771000
1777193773.496,73.496,0.4,0.41,0.59,0.6,0.01,0.01,78061.65,1777193772000
1777193773.882,73.882,0.4,0.41,0.59,0.6,0.01,0.01,78061.65,1777193772000
1777193774.236,74.236,0.4,0.41,0.59,0.6,0.01,0.01,78061.85,1777193773000
1777193774.862,74.862,0.4,0.41,0.59,0.6,0.01,0.01,78061.85,1777193773000
1777193775.28,75.28,0.4,0.41,0.59,0.6,0.01,0.01,78061.8,1777193774000
1777193775.642,75.642,0.4,0.41,0.59,0.6,0.01,0.01,78061.8,1777193774000
1777193776.007,76.007,0.4,0.41,0.59,0.6,0.01,0.01,78061.87,1777193775000
1777193776.353,76.353,0.4,0.41,0.59,0.6,0.01,0.01,78061.87,1777193775000
1777193776.862,76.862,0.4,0.41,0.59,0.6,0.01,0.01,78061.87,1777193775000
1777193777.459,77.459,0.4,0.41,0.59,0.6,0.01,0.01,78061.87,1777193776000
1777193777.822,77.822,0.35,0.36,0.64,0.65,0.01,0.01,78061.87,1777193776000
1777193778.156,78.156,0.36,0.37,0.63,0.64,0.01,0.01,78061.59,1777193777000
1777193778.53,78.53,0.35,0.36,0.64,0.65,0.01,0.01,78061.59,1777193777000
1777193778.997,78.997,0.35,0.36,0.64,0.65,0.01,0.01,78061.51,1777193778000
1777193779.764,79.764,0.35,0.36,0.63,0.65,0.01,0.02,78061.51,1777193778000
1777193780.137,80.137,0.35,0.36,0.64,0.65,0.01,0.01,78059.65,1777193779000
1777193780.695,80.695,0.35,0.36,0.64,0.65,0.01,0.01,78059.65,1777193779000
1777193781.117,81.117,0.35,0.36,0.64,0.65,0.01,0.01,78059.65,1777193779000
1777193781.506,81.506,0.35,0.36,0.64,0.65,0.01,0.01,78059.65,1777193779000
1777193781.842,81.842,0.35,0.36,0.64,0.65,0.01,0.01,78059.43,1777193780000
1777193782.18,82.18,0.35,0.37,0.64,0.65,0.02,0.01,78059.32,1777193781000
1777193782.524,82.524,0.35,0.36,0.63,0.65,0.01,0.02,78059.32,1777193781000
1777193783.027,83.027,0.35,0.36,0.64,0.65,0.01,0.01,78059.32,1777193782000
1777193783.434,83.434,0.34,0.35,0.64,0.65,0.01,0.01,78059.32,1777193782000
1777193783.933,83.933,0.34,0.35,0.65,0.66,0.01,0.01,78059.32,1777193782000
1777193784.27,84.27,0.3,0.31,0.68,0.7,0.01,0.02,78059.38,1777193783000
1777193784.625,84.625,0.3,0.31,0.69,0.7,0.01,0.01,78059.38,1777193783000
1777193784.98,84.98,0.3,0.32,0.69,0.7,0.02,0.01,78059.38,1777193783000
1777193785.342,85.342,0.32,0.33,0.67,0.68,0.01,0.01,78059.19,1777193784000
1777193785.802,85.802,0.32,0.33,0.67,0.68,0.01,0.01,78059.19,1777193784000
1777193786.358,86.358,0.32,0.33,0.67,0.68,0.01,0.01,78058.16,1777193785000
1777193786.783,86.783,0.32,0.33,0.67,0.68,0.01,0.01,78058.16,1777193785000
1777193787.116,87.116,0.32,0.33,0.67,0.68,0.01,0.01,78056.03,1777193786000
1777193787.544,87.544,0.31,0.32,0.68,0.69,0.01,0.01,78056.03,1777193786000
1777193787.935,87.935,0.31,0.32,0.68,0.69,0.01,0.01,78056.03,1777193786000
1777193788.59,88.59,0.3,0.31,0.69,0.7,0.01,0.01,78056.17,1777193787000
1777193789.334,89.334,0.3,0.31,0.69,0.7,0.01,0.01,78056.17,1777193787000
1777193789.756,89.756,0.3,0.31,0.69,0.7,0.01,0.01,78056.17,1777193787000
1777193790.095,90.095,0.26,0.27,0.73,0.74,0.01,0.01,78056.1,1777193788000
1777193790.485,90.485,0.25,0.26,0.74,0.75,0.01,0.01,78056.1,1777193788000
1777193790.926,90.926,0.25,0.26,0.74,0.75,0.01,0.01,78056.06,1777193789000
1777193791.279,91.279,0.25,0.26,0.74,0.75,0.01,0.01,78056.06,1777193790000
1777193791.679,91.679,0.25,0.26,0.74,0.75,0.01,0.01,78056.06,1777193790000
1777193792.186,92.186,0.25,0.26,0.74,0.75,0.01,0.01,78056.06,1777193790000
1777193792.529,92.529,0.25,0.26,0.74,0.75,0.01,0.01,78052.76,1777193791000
1777193792.93,92.93,0.25,0.26,0.74,0.75,0.01,0.01,78052.76,1777193791000
1777193793.321,93.321,0.25,0.26,0.74,0.75,0.01,0.01,78053.18,1777193792000
1777193793.659,93.659,0.25,0.26,0.74,0.75,0.01,0.01,78053.18,1777193792000
1777193794.355,94.355,0.25,0.26,0.74,0.75,0.01,0.01,78053.18,1777193792000
1777193794.771,94.771,0.25,0.26,0.74,0.75,0.01,0.01,78052.75,1777193793000
1777193795.192,95.192,0.25,0.26,0.74,0.75,0.01,0.01,78052.75,1777193794000
1777193796.147,96.147,0.25,0.26,0.74,0.75,0.01,0.01,78052.75,1777193794000
1777193796.569,96.569,0.25,0.26,0.74,0.75,0.01,0.01,78052.81,1777193795000
1777193796.952,96.952,0.25,0.26,0.74,0.75,0.01,0.01,78052.81,1777193795000
1777193797.412,97.412,0.25,0.26,0.74,0.75,0.01,0.01,78052.81,1777193795000
1777193797.776,97.776,0.24,0.26,0.74,0.75,0.02,0.01,78052.81,1777193795000
1777193798.435,98.435,0.24,0.25,0.75,0.76,0.01,0.01,78052.63,1777193797000
1777193798.808,98.808,0.24,0.25,0.75,0.76,0.01,0.01,78052.63,1777193797000
1777193799.266,99.266,0.23,0.24,0.76,0.77,0.01,0.01,78052.63,1777193797000
1777193799.687,99.687,0.23,0.24,0.76,0.77,0.01,0.01,78052.63,1777193797000
1777193800.074,100.074,0.23,0.24,0.76,0.77,0.01,0.01,78052.27,1777193798000
1777193800.475,100.475,0.23,0.24,0.76,0.77,0.01,0.01,78052.13,1777193799000
1777193800.899,100.899,0.23,0.24,0.76,0.77,0.01,0.01,78052.13,1777193799000
1777193801.324,101.324,0.23,0.24,0.76,0.77,0.01,0.01,78052.07,1777193800000
1777193801.683,101.683,0.23,0.24,0.76,0.77,0.01,0.01,78052.07,1777193800000
1777193802.257,102.257,0.23,0.24,0.76,0.77,0.01,0.01,78052.07,1777193800000
1777193802.602,102.602,0.23,0.24,0.76,0.77,0.01,0.01,78052.06,1777193801000
1777193803.005,103.005,0.23,0.24,0.76,0.77,0.01,0.01,78052.06,1777193801000
1777193803.373,103.373,0.23,0.24,0.76,0.77,0.01,0.01,78052.06,1777193801000
1777193803.733,103.733,0.23,0.24,0.76,0.77,0.01,0.01,78051.92,1777193802000
1777193804.25,104.25,0.23,0.25,0.76,0.77,0.02,0.01,78051.92,1777193802000
1777193804.723,104.723,0.24,0.25,0.75,0.76,0.01,0.01,78051.91,1777193803000
1777193805.288,105.288,0.23,0.24,0.76,0.77,0.01,0.01,78052,1777193804000
1777193805.633,105.633,0.23,0.24,0.76,0.77,0.01,0.01,78052,1777193804000
1777193806.117,106.117,0.23,0.24,0.76,0.77,0.01,0.01,78052,1777193804000
1777193806.477,106.477,0.23,0.24,0.76,0.77,0.01,0.01,78052,1777193804000
1777193806.88,106.88,0.23,0.24,0.76,0.77,0.01,0.01,78051.68,1777193805000
1777193807.352,107.352,0.23,0.24,0.76,0.77,0.01,0.01,78051.68,1777193805000
1777193807.77,107.77,0.23,0.24,0.76,0.77,0.01,0.01,78051.68,1777193806000
1777193808.143,108.143,0.23,0.24,0.76,0.77,0.01,0.01,78051.68,1777193806000
1777193808.49,108.49,0.28,0.29,0.71,0.77,0.01,0.06,78051.86,1777193807000
1777193808.896,108.896,0.33,0.34,0.66,0.67,0.01,0.01,78051.86,1777193807000
1777193809.258,109.258,0.33,0.34,0.66,0.67,0.01,0.01,78051.86,1777193807000
1777193809.615,109.615,0.33,0.34,0.66,0.67,0.01,0.01,78052.03,1777193808000
1777193809.97,109.97,0.33,0.34,0.66,0.67,0.01,0.01,78052.03,1777193808000
1777193810.362,110.362,0.31,0.33,0.67,0.68,0.02,0.01,78052.03,1777193808000
1777193811.095,111.095,0.31,0.32,0.68,0.69,0.01,0.01,78052.29,1777193809000
1777193811.84,111.84,0.31,0.32,0.68,0.69,0.01,0.01,78055.1,1777193810000
1777193812.271,112.271,0.31,0.32,0.68,0.69,0.01,0.01,78055.11,1777193811000
1777193813.215,113.215,0.31,0.32,0.68,0.69,0.01,0.01,78055.11,1777193811000
1777193813.58,113.58,0.31,0.32,0.68,0.69,0.01,0.01,78055.06,1777193812000
1777193814.002,114.002,0.31,0.32,0.68,0.69,0.01,0.01,78055.06,1777193812000
1777193815.08,115.08,0.31,0.32,0.68,0.69,0.01,0.01,78055.09,1777193814000
1777193815.417,115.417,0.31,0.32,0.68,0.69,0.01,0.01,78055.09,1777193814000
1777193815.755,115.755,0.31,0.32,0.68,0.69,0.01,0.01,78055.09,1777193814000
1777193816.178,116.178,0.3,0.32,0.68,0.69,0.02,0.01,78055.06,1777193815000
1777193816.713,116.713,0.3,0.31,0.69,0.7,0.01,0.01,78055.06,1777193815000
1777193817.111,117.111,0.3,0.31,0.69,0.7,0.01,0.01,78055.05,1777193816000
1777193817.758,117.758,0.3,0.31,0.69,0.7,0.01,0.01,78055.05,1777193816000
1777193818.114,118.114,0.3,0.31,0.69,0.7,0.01,0.01,78055.06,1777193817000
1777193818.494,118.494,0.3,0.31,0.69,0.7,0.01,0.01,78055.06,1777193817000
1777193818.834,118.834,0.29,0.31,0.69,0.7,0.02,0.01,78055.06,1777193817000
1777193819.227,119.227,0.29,0.3,0.69,0.71,0.01,0.02,78055.08,1777193818000
1777193819.756,119.756,0.29,0.3,0.7,0.71,0.01,0.01,78055.08,1777193818000
1777193820.133,120.133,0.29,0.3,0.7,0.71,0.01,0.01,78055.08,1777193819000
1777193820.579,120.579,0.29,0.3,0.7,0.71,0.01,0.01,78055.08,1777193819000
1777193821.122,121.122,0.29,0.31,0.69,0.71,0.02,0.02,78055.08,1777193820000
1777193821.783,121.783,0.3,0.31,0.69,0.71,0.01,0.02,78055.08,1777193820000
1777193822.131,122.131,0.29,0.3,0.69,0.71,0.01,0.02,78055.08,1777193821000
1777193822.882,122.882,0.28,0.3,0.7,0.71,0.02,0.01,78055.08,1777193821000
1777193823.247,123.247,0.28,0.29,0.71,0.72,0.01,0.01,78055.08,1777193822000
1777193823.639,123.639,0.28,0.29,0.71,0.72,0.01,0.01,78055.08,1777193822000
1777193824.162,124.162,0.28,0.29,0.71,0.72,0.01,0.01,78055.05,1777193823000
1777193824.807,124.807,0.28,0.29,0.71,0.72,0.01,0.01,78055.05,1777193823000
1777193825.158,125.158,0.28,0.29,0.71,0.72,0.01,0.01,78055.06,1777193824000
1777193825.82,125.82,0.28,0.29,0.71,0.72,0.01,0.01,78055.06,1777193824000
1777193827.066,127.066,0.28,0.29,0.71,0.72,0.01,0.01,78055.39,1777193826000
1777193827.647,127.647,0.27,0.29,0.71,0.72,0.02,0.01,78055.39,1777193826000
1777193828.041,128.041,0.27,0.28,0.72,0.73,0.01,0.01,78055.39,1777193826000
1777193828.513,128.513,0.27,0.28,0.72,0.73,0.01,0.01,78055.39,1777193827000
1777193828.868,128.868,0.27,0.28,0.72,0.73,0.01,0.01,78055.39,1777193827000
1777193829.31,129.31,0.27,0.28,0.72,0.73,0.01,0.01,78055.39,1777193827000
1777193829.694,129.694,0.27,0.28,0.72,0.73,0.01,0.01,78055.39,1777193827000
1777193830.222,130.222,0.27,0.28,0.72,0.73,0.01,0.01,78055.36,1777193828000
1777193830.582,130.582,0.27,0.28,0.72,0.73,0.01,0.01,78055.34,1777193829000
1777193831.276,131.276,0.27,0.28,0.72,0.73,0.01,0.01,78055.34,1777193829000
1777193831.706,131.706,0.26,0.27,0.72,0.73,0.01,0.01,78055.35,1777193830000
1777193832.223,132.223,0.26,0.27,0.73,0.74,0.01,0.01,78055.38,1777193831000
1777193832.892,132.892,0.26,0.27,0.73,0.74,0.01,0.01,78055.38,1777193831000
1777193833.458,133.458,0.26,0.27,0.73,0.74,0.01,0.01,78055.38,1777193831000
1777193833.801,133.801,0.26,0.27,0.73,0.74,0.01,0.01,78055.4,1777193832000
1777193834.26,134.26,0.26,0.27,0.73,0.74,0.01,0.01,78055.4,1777193832000
1777193835.061,135.061,0.26,0.27,0.73,0.74,0.01,0.01,78055.4,1777193833000
1777193835.4,135.4,0.26,0.27,0.73,0.74,0.01,0.01,78055.4,1777193834000
1777193835.803,135.803,0.26,0.27,0.73,0.74,0.01,0.01,78055.4,1777193834000
1777193836.548,136.548,0.27,0.28,0.72,0.73,0.01,0.01,78055.42,1777193835000
1777193836.957,136.957,0.27,0.28,0.72,0.73,0.01,0.01,78055.42,1777193835000
1777193837.484,137.484,0.26,0.28,0.72,0.73,0.02,0.01,78055.44,1777193836000
1777193838.211,138.211,0.26,0.27,0.72,0.74,0.01,0.02,78055.44,1777193836000
1777193838.658,138.658,0.26,0.27,0.73,0.74,0.01,0.01,78055.41,1777193837000
1777193839.03,139.03,0.21,0.22,0.78,0.79,0.01,0.01,78055.41,1777193837000
1777193839.401,139.401,0.21,0.22,0.78,0.79,0.01,0.01,78055.41,1777193837000
1777193839.922,139.922,0.21,0.22,0.78,0.79,0.01,0.01,78055.41,1777193838000
1777193840.355,140.355,0.21,0.22,0.78,0.79,0.01,0.01,78055.43,1777193839000
1777193841.395,141.395,0.21,0.22,0.78,0.79,0.01,0.01,78054.25,1777193840000
1777193841.835,141.835,0.21,0.22,0.78,0.79,0.01,0.01,78054.25,1777193840000
1777193842.194,142.194,0.21,0.23,0.78,0.79,0.02,0.01,78054.25,1777193841000
1777193842.723,142.723,0.21,0.22,0.78,0.79,0.01,0.01,78054.25,1777193841000
1777193843.387,143.387,0.21,0.22,0.78,0.79,0.01,0.01,78054.25,1777193841000
1777193843.923,143.923,0.21,0.22,0.78,0.79,0.01,0.01,78051.39,1777193842000
1777193844.28,144.28,0.21,0.22,0.78,0.79,0.01,0.01,78053.61,1777193843000
1777193844.697,144.697,0.21,0.22,0.78,0.79,0.01,0.01,78053.61,1777193843000
1777193845.115,145.115,0.2,0.21,0.79,0.8,0.01,0.01,78053.61,1777193843000
1777193845.561,145.561,0.2,0.21,0.79,0.8,0.01,0.01,78053.71,1777193844000
1777193845.966,145.966,0.19,0.2,0.8,0.81,0.01,0.01,78053.71,1777193844000
1777193846.425,146.425,0.19,0.2,0.8,0.81,0.01,0.01,78053.71,1777193844000
1777193846.84,146.84,0.19,0.2,0.8,0.81,0.01,0.01,78053.84,1777193845000
1777193847.248,147.248,0.19,0.2,0.8,0.81,0.01,0.01,78053.84,1777193845000
1777193847.661,147.661,0.19,0.2,0.8,0.81,0.01,0.01,78053.84,1777193845000
1777193848.551,148.551,0.19,0.2,0.8,0.81,0.01,0.01,78053.84,1777193845000
1777193849.011,149.011,0.19,0.2,0.8,0.81,0.01,0.01,78053.84,1777193845000
1777193849.488,149.488,0.19,0.2,0.8,0.81,0.01,0.01,78053.84,1777193845000
1777193850.378,150.378,0.19,0.2,0.8,0.81,0.01,0.01,78053.84,1777193845000
1777193850.848,150.848,0.18,0.19,0.81,0.82,0.01,0.01,78053.84,1777193845000
1777193851.352,151.352,0.18,0.19,0.81,0.82,0.01,0.01,78053.84,1777193845000
1777193852.061,152.061,0.17,0.18,0.81,0.83,0.01,0.02,78053.84,1777193845000
1777193852.434,152.434,0.17,0.18,0.82,0.83,0.01,0.01,78053.84,1777193845000
1777193852.839,152.839,0.17,0.18,0.82,0.83,0.01,0.01,78053.84,1777193845000
1777193853.201,153.201,0.17,0.18,0.82,0.83,0.01,0.01,78053.84,1777193845000
1777193853.56,153.56,0.17,0.18,0.82,0.83,0.01,0.01,78053.84,1777193845000
1777193853.969,153.969,0.17,0.18,0.82,0.83,0.01,0.01,78053.84,1777193845000
1777193854.477,154.477,0.17,0.18,0.82,0.83,0.01,0.01,78053.84,1777193845000
1777193855.315,155.315,0.17,0.18,0.82,0.83,0.01,0.01,78053.84,1777193845000
1777193855.676,155.676,0.17,0.18,0.82,0.83,0.01,0.01,78053.84,1777193845000
1777193856.267,156.267,0.17,0.18,0.82,0.83,0.01,0.01,78051.76,1777193855000
1777193856.804,156.804,0.17,0.18,0.82,0.83,0.01,0.01,78051.76,1777193855000
1777193857.15,157.15,0.17,0.18,0.82,0.83,0.01,0.01,78051.76,1777193855000
1777193857.697,157.697,0.16,0.17,0.82,0.84,0.01,0.02,78051.76,1777193855000
1777193858.276,158.276,0.16,0.17,0.83,0.84,0.01,0.01,78051.65,1777193856000
1777193858.701,158.701,0.16,0.17,0.83,0.84,0.01,0.01,78051.7,1777193857000
1777193859.083,159.083,0.16,0.17,0.83,0.84,0.01,0.01,78051.7,1777193857000
1777193859.493,159.493,0.15,0.16,0.83,0.85,0.01,0.02,78051.62,1777193858000
1777193860.225,160.225,0.15,0.16,0.84,0.85,0.01,0.01,78051.62,1777193858000
1777193860.621,160.621,0.15,0.16,0.84,0.85,0.01,0.01,78051.62,1777193858000
1777193861.149,161.149,0.15,0.16,0.84,0.85,0.01,0.01,78051.37,1777193859000
1777193861.593,161.593,0.15,0.16,0.84,0.85,0.01,0.01,78051.37,1777193860000
1777193862.251,162.251,0.15,0.16,0.84,0.85,0.01,0.01,78050.55,1777193861000
1777193862.631,162.631,0.15,0.16,0.84,0.85,0.01,0.01,78050.55,1777193861000
1777193863.285,163.285,0.15,0.16,0.84,0.85,0.01,0.01,78050.55,1777193861000
1777193864.329,164.329,0.15,0.16,0.84,0.85,0.01,0.01,78050.41,1777193862000
1777193864.682,164.682,0.15,0.16,0.84,0.85,0.01,0.01,78050.38,1777193863000
1777193865.328,165.328,0.15,0.16,0.84,0.85,0.01,0.01,78050.31,1777193864000
1777193865.667,165.667,0.15,0.16,0.84,0.85,0.01,0.01,78050.31,1777193864000
1777193866.091,166.091,0.15,0.16,0.84,0.85,0.01,0.01,78050.31,1777193865000
1777193866.685,166.685,0.15,0.16,0.84,0.85,0.01,0.01,78050.31,1777193865000
1777193867.069,167.069,0.15,0.16,0.84,0.85,0.01,0.01,78050.37,1777193866000
1777193868.076,168.076,0.15,0.16,0.84,0.85,0.01,0.01,78050.37,1777193866000
1777193868.648,168.648,0.15,0.16,0.84,0.85,0.01,0.01,78050.27,1777193867000
1777193869.07,169.07,0.15,0.16,0.84,0.85,0.01,0.01,78050.27,1777193868000
1777193869.563,169.563,0.15,0.16,0.84,0.85,0.01,0.01,78050.27,1777193868000
1777193870.049,170.049,0.15,0.16,0.84,0.85,0.01,0.01,78050.34,1777193869000
1777193870.391,170.391,0.15,0.16,0.84,0.85,0.01,0.01,78050.34,1777193869000
1777193870.82,170.82,0.15,0.16,0.84,0.85,0.01,0.01,78050.34,1777193869000
1777193871.834,171.834,0.15,0.16,0.84,0.85,0.01,0.01,78050.19,1777193870000
1777193872.251,172.251,0.15,0.16,0.84,0.85,0.01,0.01,78050.19,1777193871000
1777193872.774,172.774,0.15,0.16,0.84,0.85,0.01,0.01,78050.19,1777193871000
1777193873.406,173.406,0.15,0.16,0.84,0.85,0.01,0.01,78050.27,1777193872000
1777193873.989,173.989,0.15,0.16,0.84,0.85,0.01,0.01,78050.39,1777193873000
1777193874.495,174.495,0.15,0.16,0.84,0.85,0.01,0.01,78050.39,1777193873000
1777193874.968,174.968,0.15,0.16,0.84,0.85,0.01,0.01,78051.02,1777193874000
1777193875.607,175.607,0.15,0.16,0.84,0.85,0.01,0.01,78051.02,1777193874000
1777193876.012,176.012,0.15,0.16,0.84,0.85,0.01,0.01,78050.66,1777193875000
1777193876.355,176.355,0.15,0.16,0.84,0.85,0.01,0.01,78050.66,1777193875000
1777193876.942,176.942,0.15,0.16,0.84,0.85,0.01,0.01,78050.66,1777193876000
1777193877.891,177.891,0.15,0.16,0.84,0.85,0.01,0.01,78050.66,1777193876000
1777193878.387,178.387,0.14,0.16,0.84,0.85,0.02,0.01,78050.5,1777193877000
1777193879.415,179.415,0.14,0.16,0.84,0.86,0.02,0.02,78049.95,1777193878000
1777193879.997,179.997,0.14,0.16,0.84,0.86,0.02,0.02,78049.95,1777193879000
1777193880.626,180.626,0.13,0.15,0.84,0.86,0.02,0.02,78049.95,1777193879000
1777193881.34,181.34,0.13,0.14,0.85,0.87,0.01,0.02,78049.84,1777193880000
1777193881.754,181.754,0.13,0.14,0.86,0.87,0.01,0.01,78049.84,1777193880000
1777193882.101,182.101,0.13,0.14,0.86,0.87,0.01,0.01,78049.79,1777193881000
1777193882.708,182.708,0.12,0.14,0.86,0.87,0.02,0.01,78049.79,1777193881000
1777193883.091,183.091,0.12,0.13,0.87,0.88,0.01,0.01,78050.23,1777193882000
1777193883.562,183.562,0.12,0.13,0.87,0.88,0.01,0.01,78050.23,1777193882000
1777193883.98,183.98,0.12,0.13,0.87,0.88,0.01,0.01,78048.9,1777193883000
1777193884.326,184.326,0.12,0.13,0.87,0.88,0.01,0.01,78048.9,1777193883000
1777193884.711,184.711,0.11,0.12,0.88,0.89,0.01,0.01,78048.9,1777193883000
1777193885.079,185.079,0.11,0.12,0.88,0.89,0.01,0.01,78047.76,1777193884000
1777193885.424,185.424,0.11,0.12,0.88,0.89,0.01,0.01,78047.76,1777193884000
1777193885.987,185.987,0.11,0.12,0.88,0.89,0.01,0.01,78047.51,1777193885000
1777193886.346,186.346,0.11,0.14,0.86,0.89,0.03,0.03,78047.51,1777193885000
1777193886.736,186.736,0.11,0.13,0.88,0.89,0.02,0.01,78047.51,1777193885000
1777193887.13,187.13,0.12,0.13,0.87,0.89,0.01,0.02,78047.63,1777193886000
1777193887.514,187.514,0.12,0.13,0.87,0.88,0.01,0.01,78047.63,1777193886000
1777193887.934,187.934,0.12,0.13,0.87,0.88,0.01,0.01,78047.96,1777193887000
1777193888.387,188.387,0.12,0.13,0.87,0.88,0.01,0.01,78047.96,1777193887000
1777193888.771,188.771,0.12,0.14,0.87,0.88,0.02,0.01,78047.96,1777193887000
1777193889.23,189.23,0.13,0.14,0.86,0.87,0.01,0.01,78048.19,1777193888000
1777193889.674,189.674,0.11,0.13,0.86,0.88,0.02,0.02,78048.19,1777193888000
1777193890.079,190.079,0.11,0.12,0.88,0.89,0.01,0.01,78048.13,1777193889000
1777193890.776,190.776,0.1,0.12,0.88,0.89,0.02,0.01,78048.13,1777193889000
1777193891.192,191.192,0.1,0.11,0.89,0.9,0.01,0.01,78047.63,1777193890000
1777193891.585,191.585,0.1,0.11,0.89,0.9,0.01,0.01,78047.63,1777193890000
1777193892.582,192.582,0.1,0.11,0.89,0.9,0.01,0.01,78047.63,1777193890000
1777193893.248,193.248,0.1,0.11,0.89,0.9,0.01,0.01,78047.82,1777193891000
1777193893.807,193.807,0.1,0.11,0.89,0.9,0.01,0.01,78047.73,1777193892000
1777193894.645,194.645,0.1,0.11,0.89,0.9,0.01,0.01,78047.73,1777193892000
1777193895.069,195.069,0.1,0.11,0.89,0.9,0.01,0.01,78047.7,1777193893000
1777193895.408,195.408,0.1,0.11,0.89,0.9,0.01,0.01,78047.63,1777193894000
1777193896.521,196.521,0.1,0.11,0.89,0.9,0.01,0.01,78047.7,1777193895000
1777193897.038,197.038,0.1,0.11,0.89,0.9,0.01,0.01,78047.7,1777193896000
1777193897.634,197.634,0.1,0.11,0.89,0.9,0.01,0.01,78047.7,1777193896000
1777193898.239,198.239,0.1,0.11,0.89,0.9,0.01,0.01,78047.76,1777193897000
1777193898.955,198.955,0.1,0.11,0.89,0.9,0.01,0.01,78047.76,1777193897000
1777193899.45,199.45,0.1,0.11,0.89,0.9,0.01,0.01,78047.94,1777193898000
1777193899.976,199.976,0.1,0.11,0.89,0.9,0.01,0.01,78046.29,1777193899000
1777193900.428,200.428,0.1,0.11,0.89,0.9,0.01,0.01,78046.29,1777193899000
1777193901.093,201.093,0.1,0.11,0.89,0.9,0.01,0.01,78047.81,1777193900000
1777193901.523,201.523,0.09,0.1,0.9,0.91,0.01,0.01,78047.81,1777193900000
1777193901.874,201.874,0.09,0.1,0.9,0.91,0.01,0.01,78047.81,1777193900000
1777193902.43,202.43,0.09,0.1,0.9,0.91,0.01,0.01,78047.81,1777193900000
1777193902.954,202.954,0.09,0.1,0.9,0.91,0.01,0.01,78047.81,1777193901000
1777193903.367,203.367,0.09,0.1,0.9,0.91,0.01,0.01,78047.81,1777193902000
1777193903.711,203.711,0.09,0.1,0.9,0.91,0.01,0.01,78047.81,1777193902000
1777193904.09,204.09,0.09,0.1,0.9,0.91,0.01,0.01,78047.84,1777193903000
1777193904.68,204.68,0.09,0.1,0.9,0.91,0.01,0.01,78047.84,1777193903000
1777193905.341,205.341,0.09,0.1,0.9,0.91,0.01,0.01,78047.84,1777193904000
1777193905.935,205.935,0.09,0.1,0.9,0.91,0.01,0.01,78047.84,1777193904000
1777193906.413,206.413,0.09,0.1,0.9,0.91,0.01,0.01,78047.83,1777193905000
1777193907.006,207.006,0.09,0.1,0.9,0.91,0.01,0.01,78047.63,1777193906000
1777193907.358,207.358,0.09,0.1,0.9,0.91,0.01,0.01,78047.63,1777193906000
1777193907.975,207.975,0.09,0.1,0.9,0.91,0.01,0.01,78047.63,1777193906000
1777193909.135,209.135,0.09,0.1,0.9,0.91,0.01,0.01,78047.63,1777193908000
1777193910.323,210.323,0.08,0.09,0.91,0.92,0.01,0.01,78047.63,1777193909000
1777193910.717,210.717,0.08,0.09,0.91,0.92,0.01,0.01,78047.63,1777193909000
1777193911.262,211.262,0.08,0.09,0.91,0.92,0.01,0.01,78047.63,1777193909000
1777193911.639,211.639,0.08,0.09,0.91,0.92,0.01,0.01,78048.17,1777193910000
1777193912.058,212.058,0.09,0.1,0.9,0.91,0.01,0.01,78048.17,1777193911000
1777193912.47,212.47,0.09,0.1,0.9,0.91,0.01,0.01,78048.17,1777193911000
1777193913.004,213.004,0.14,0.15,0.85,0.87,0.01,0.02,78048.17,1777193911000
1777193913.391,213.391,0.14,0.15,0.85,0.86,0.01,0.01,78048.39,1777193912000
1777193913.772,213.772,0.14,0.15,0.85,0.86,0.01,0.01,78048.39,1777193912000
1777193914.135,214.135,0.14,0.15,0.85,0.86,0.01,0.01,78048.39,1777193913000
1777193914.586,214.586,0.14,0.15,0.85,0.86,0.01,0.01,78048.39,1777193913000
1777193914.921,214.921,0.14,0.15,0.85,0.86,0.01,0.01,78048.39,1777193913000
1777193915.319,215.319,0.14,0.15,0.85,0.86,0.01,0.01,78048.39,1777193913000
1777193915.792,215.792,0.14,0.15,0.85,0.86,0.01,0.01,78050.64,1777193914000
1777193916.154,216.154,0.14,0.15,0.85,0.86,0.01,0.01,78050.64,1777193914000
1777193916.666,216.666,0.14,0.15,0.85,0.86,0.01,0.01,78052.37,1777193915000
1777193917.078,217.078,0.14,0.15,0.85,0.86,0.01,0.01,78052.37,1777193915000
1777193917.861,217.861,0.14,0.15,0.85,0.86,0.01,0.01,78052.31,1777193916000
1777193918.235,218.235,0.14,0.15,0.85,0.86,0.01,0.01,78052.31,1777193916000
1777193918.572,218.572,0.14,0.15,0.85,0.86,0.01,0.01,78052.4,1777193917000
1777193918.925,218.925,0.14,0.15,0.85,0.86,0.01,0.01,78052.4,1777193917000
1777193919.465,219.465,0.14,0.15,0.85,0.86,0.01,0.01,78052.31,1777193918000
1777193919.934,219.934,0.14,0.15,0.85,0.86,0.01,0.01,78052.31,1777193918000
1777193920.316,220.316,0.14,0.15,0.85,0.86,0.01,0.01,78052.38,1777193919000
1777193920.713,220.713,0.14,0.15,0.85,0.86,0.01,0.01,78052.38,1777193919000
1777193921.07,221.07,0.14,0.15,0.85,0.86,0.01,0.01,78052.38,1777193919000
1777193921.535,221.535,0.14,0.15,0.85,0.86,0.01,0.01,78052.41,1777193920000
1777193922.024,222.024,0.14,0.15,0.85,0.86,0.01,0.01,78052.39,1777193921000
1777193922.404,222.404,0.14,0.15,0.85,0.86,0.01,0.01,78052.39,1777193921000
1777193922.77,222.77,0.14,0.15,0.85,0.86,0.01,0.01,78052.39,1777193921000
1777193923.639,223.639,0.13,0.15,0.85,0.86,0.02,0.01,78052.39,1777193921000
1777193924.382,224.382,0.13,0.14,0.85,0.87,0.01,0.02,78052.31,1777193922000
1777193924.938,224.938,0.13,0.14,0.86,0.87,0.01,0.01,78052.31,1777193923000
1777193925.44,225.44,0.12,0.13,0.86,0.87,0.01,0.01,78052.4,1777193924000
1777193925.836,225.836,0.12,0.13,0.87,0.88,0.01,0.01,78052.4,1777193924000
1777193926.292,226.292,0.12,0.13,0.87,0.88,0.01,0.01,78052.37,1777193925000
1777193927.113,227.113,0.12,0.13,0.87,0.88,0.01,0.01,78052.37,1777193926000
1777193927.468,227.468,0.11,0.12,0.87,0.88,0.01,0.01,78052.37,1777193926000
1777193927.88,227.88,0.11,0.12,0.88,0.89,0.01,0.01,78052.37,1777193926000
1777193928.298,228.298,0.11,0.12,0.88,0.89,0.01,0.01,78052.35,1777193927000
1777193928.779,228.779,0.11,0.12,0.88,0.89,0.01,0.01,78052.35,1777193927000
1777193929.352,229.352,0.11,0.12,0.88,0.89,0.01,0.01,78052.41,1777193928000
1777193930.093,230.093,0.11,0.12,0.88,0.89,0.01,0.01,78052.41,1777193928000
1777193930.775,230.775,0.11,0.12,0.88,0.89,0.01,0.01,78052.41,1777193929000
1777193931.27,231.27,0.11,0.12,0.88,0.89,0.01,0.01,78052.41,1777193929000
1777193931.776,231.776,0.14,0.15,0.85,0.86,0.01,0.01,78052.34,1777193930000
1777193932.25,232.25,0.14,0.15,0.85,0.86,0.01,0.01,78052.33,1777193931000
1777193932.596,232.596,0.19,0.22,0.78,0.83,0.03,0.05,78052.33,1777193931000
1777193932.94,232.94,0.19,0.2,0.8,0.81,0.01,0.01,78052.33,1777193931000
1777193933.319,233.319,0.2,0.21,0.79,0.8,0.01,0.01,78052.33,1777193932000
1777193933.881,233.881,0.19,0.2,0.8,0.81,0.01,0.01,78052.33,1777193932000
1777193934.331,234.331,0.19,0.2,0.8,0.81,0.01,0.01,78052.33,1777193932000
1777193934.675,234.675,0.18,0.19,0.81,0.82,0.01,0.01,78055.93,1777193933000
1777193935.176,235.176,0.16,0.17,0.81,0.89,0.01,0.08,78055.93,1777193933000
1777193935.571,235.571,0.16,0.17,0.83,0.84,0.01,0.01,78055.97,1777193934000
1777193936.016,236.016,0.16,0.17,0.83,0.84,0.01,0.01,78055.97,1777193935000
1777193936.469,236.469,0.16,0.17,0.83,0.84,0.01,0.01,78055.97,1777193935000
1777193937.251,237.251,0.16,0.17,0.83,0.84,0.01,0.01,78056.01,1777193936000
1777193937.585,237.585,0.18,0.19,0.81,0.82,0.01,0.01,78056.01,1777193936000
1777193938.344,238.344,0.18,0.19,0.81,0.82,0.01,0.01,78056.0,1777193937000
1777193938.782,238.782,0.18,0.19,0.81,0.82,0.01,0.01,78056.0,1777193937000
1777193939.182,239.182,0.18,0.19,0.81,0.82,0.01,0.01,78056.0,1777193938000
1777193939.623,239.623,0.16,0.17,0.83,0.84,0.01,0.01,78056.0,1777193938000
1777193939.962,239.962,0.16,0.17,0.83,0.84,0.01,0.01,78056.41,1777193939000
1777193940.526,240.526,0.15,0.16,0.84,0.85,0.01,0.01,78056.41,1777193939000
1777193940.989,240.989,0.14,0.16,0.84,0.86,0.02,0.02,78056.62,1777193940000
1777193941.623,241.623,0.14,0.15,0.84,0.86,0.01,0.02,78056.62,1777193940000
1777193941.957,241.957,0.13,0.14,0.85,0.86,0.01,0.01,78056.62,1777193940000
1777193942.37,242.37,0.13,0.14,0.86,0.87,0.01,0.01,78056.93,1777193941000
1777193942.872,242.872,0.13,0.14,0.86,0.87,0.01,0.01,78056.93,1777193941000
1777193943.366,243.366,0.13,0.14,0.86,0.87,0.01,0.01,78056.98,1777193942000
1777193943.916,243.916,0.13,0.15,0.86,0.87,0.02,0.01,78056.98,1777193942000
1777193944.506,244.506,0.13,0.14,0.85,0.87,0.01,0.02,78056.9,1777193943000
1777193945.165,245.165,0.13,0.14,0.86,0.87,0.01,0.01,78056.9,1777193944000
1777193945.568,245.568,0.13,0.14,0.86,0.87,0.01,0.01,78056.9,1777193944000
1777193946.107,246.107,0.14,0.15,0.85,0.87,0.01,0.02,78056.9,1777193944000
1777193946.475,246.475,0.14,0.15,0.85,0.86,0.01,0.01,78056.96,1777193945000
1777193946.957,246.957,0.15,0.16,0.85,0.86,0.01,0.01,78056.96,1777193945000
1777193947.378,247.378,0.15,0.16,0.84,0.85,0.01,0.01,78056.96,1777193946000
1777193948.12,248.12,0.13,0.14,0.84,0.86,0.01,0.02,78056.96,1777193946000
1777193948.765,248.765,0.13,0.14,0.86,0.87,0.01,0.01,78057.03,1777193947000
1777193949.194,249.194,0.13,0.14,0.86,0.87,0.01,0.01,78057.03,1777193947000
1777193949.705,249.705,0.12,0.13,0.87,0.88,0.01,0.01,78057.06,1777193948000
1777193950.362,250.362,0.12,0.13,0.87,0.88,0.01,0.01,78057.09,1777193949000
1777193950.919,250.919,0.12,0.13,0.87,0.88,0.01,0.01,78057.09,1777193950000
1777193951.442,251.442,0.12,0.13,0.87,0.88,0.01,0.01,78057.09,1777193950000
1777193951.919,251.919,0.12,0.13,0.87,0.88,0.01,0.01,78057.09,1777193951000
1777193952.31,252.31,0.12,0.13,0.87,0.88,0.01,0.01,78057.09,1777193951000
1777193952.692,252.692,0.12,0.13,0.87,0.88,0.01,0.01,78057.09,1777193951000
1777193953.404,253.404,0.11,0.12,0.87,0.88,0.01,0.01,78057.09,1777193951000
1777193953.921,253.921,0.1,0.11,0.88,0.89,0.01,0.01,78057.12,1777193952000
1777193954.271,254.271,0.06,0.07,0.93,0.94,0.01,0.01,78056.99,1777193953000
1777193954.673,254.673,0.05,0.06,0.94,0.95,0.01,0.01,78056.99,1777193953000
1777193955.098,255.098,0.05,0.06,0.94,0.95,0.01,0.01,78056.99,1777193953000
1777193955.557,255.557,0.05,0.06,0.94,0.95,0.01,0.01,78057.01,1777193954000
1777193956.097,256.097,0.05,0.06,0.94,0.95,0.01,0.01,78057.01,1777193954000
1777193956.433,256.433,0.05,0.06,0.94,0.95,0.01,0.01,78054.72,1777193955000
1777193956.783,256.783,0.05,0.06,0.94,0.95,0.01,0.01,78054.72,1777193955000
1777193957.577,257.577,0.05,0.06,0.94,0.95,0.01,0.01,78054.72,1777193956000
1777193957.958,257.958,0.05,0.06,0.94,0.95,0.01,0.01,78054.72,1777193956000
1777193958.341,258.341,0.05,0.06,0.94,0.95,0.01,0.01,78053.78,1777193957000
1777193958.786,258.786,0.05,0.07,0.94,0.95,0.02,0.01,78053.78,1777193957000
1777193959.14,259.14,0.05,0.06,0.93,0.95,0.01,0.02,78053.78,1777193957000
1777193959.513,259.513,0.05,0.06,0.94,0.95,0.01,0.01,78053.78,1777193958000
1777193959.882,259.882,0.04,0.05,0.94,0.96,0.01,0.02,78053.78,1777193958000
1777193960.309,260.309,0.04,0.05,0.95,0.96,0.01,0.01,78053.87,1777193959000
1777193960.732,260.732,0.04,0.05,0.95,0.96,0.01,0.01,78053.87,1777193959000
1777193961.156,261.156,0.04,0.05,0.95,0.96,0.01,0.01,78053.87,1777193959000
1777193961.636,261.636,0.04,0.06,0.95,0.96,0.02,0.01,78053.87,1777193960000
1777193962.247,262.247,0.04,0.06,0.94,0.95,0.02,0.01,78053.87,1777193960000
1777193962.613,262.613,0.04,0.05,0.94,0.96,0.01,0.02,78053.12,1777193961000
1777193963.016,263.016,0.04,0.05,0.95,0.96,0.01,0.01,78053.12,1777193961000
1777193963.438,263.438,0.04,0.05,0.95,0.96,0.01,0.01,78052.91,1777193962000
1777193963.792,263.792,0.04,0.05,0.95,0.96,0.01,0.01,78052.91,1777193962000
1777193964.296,264.296,0.04,0.05,0.94,0.95,0.01,0.01,78052.91,1777193962000
1777193964.666,264.666,0.03,0.05,0.95,0.96,0.02,0.01,78052.87,1777193963000
1777193965.072,265.072,0.03,0.04,0.95,0.97,0.01,0.02,78052.65,1777193964000
1777193965.423,265.423,0.03,0.04,0.96,0.97,0.01,0.01,78052.65,1777193964000
1777193965.868,265.868,0.03,0.04,0.96,0.97,0.01,0.01,78052.65,1777193964000
1777193966.361,266.361,0.03,0.04,0.96,0.97,0.01,0.01,78052.35,1777193965000
1777193966.715,266.715,0.03,0.04,0.96,0.97,0.01,0.01,78052.35,1777193965000
1777193967.052,267.052,0.03,0.04,0.96,0.97,0.01,0.01,78052.35,1777193965000
1777193967.471,267.471,0.03,0.04,0.96,0.97,0.01,0.01,78052.24,1777193966000
1777193967.838,267.838,0.03,0.04,0.96,0.97,0.01,0.01,78052.24,1777193966000
1777193968.384,268.384,0.03,0.04,0.96,0.97,0.01,0.01,78052.24,1777193967000
1777193968.833,268.833,0.03,0.04,0.96,0.97,0.01,0.01,78052.24,1777193967000
1777193969.536,269.536,0.03,0.04,0.96,0.97,0.01,0.01,78051.85,1777193968000
1777193969.983,269.983,0.03,0.04,0.96,0.97,0.01,0.01,78051.85,1777193968000
1777193970.378,270.378,0.03,0.04,0.96,0.97,0.01,0.01,78051.31,1777193969000
1777193970.911,270.911,0.04,0.05,0.95,0.96,0.01,0.01,78051.31,1777193969000
1777193971.314,271.314,0.03,0.04,0.95,0.97,0.01,0.02,78051.31,1777193969000
1777193971.93,271.93,0.03,0.04,0.96,0.97,0.01,0.01,78051.54,1777193970000
1777193972.44,272.44,0.03,0.04,0.96,0.97,0.01,0.01,78051.54,1777193971000
1777193973.003,273.003,0.03,0.04,0.96,0.97,0.01,0.01,78051.54,1777193971000
1777193973.344,273.344,0.03,0.04,0.96,0.97,0.01,0.01,78051.51,1777193972000
1777193974.007,274.007,0.03,0.04,0.96,0.97,0.01,0.01,78051.51,1777193972000
1777193974.424,274.424,0.03,0.04,0.96,0.97,0.01,0.01,78051.51,1777193972000
1777193974.947,274.947,0.03,0.04,0.96,0.97,0.01,0.01,78051.43,1777193973000
1777193975.318,275.318,0.02,0.03,0.96,0.98,0.01,0.02,78051.43,1777193974000
1777193975.672,275.672,0.02,0.03,0.97,0.98,0.01,0.01,78051.43,1777193974000
1777193976.174,276.174,0.03,0.04,0.96,0.97,0.01,0.01,78051.39,1777193975000
1777193976.577,276.577,0.03,0.04,0.96,0.97,0.01,0.01,78051.39,1777193975000
1777193977.055,277.055,0.02,0.03,0.97,0.98,0.01,0.01,78051.39,1777193975000
1777193977.442,277.442,0.02,0.03,0.97,0.98,0.01,0.01,78051.43,1777193976000
1777193978.002,278.002,0.02,0.03,0.97,0.98,0.01,0.01,78051.43,1777193976000
1777193978.339,278.339,0.02,0.03,0.97,0.98,0.01,0.01,78051.43,1777193976000
1777193978.716,278.716,0.02,0.03,0.97,0.98,0.01,0.01,78052.32,1777193977000
1777193979.474,279.474,0.02,0.03,0.97,0.98,0.01,0.01,78051.98,1777193978000
1777193979.854,279.854,0.02,0.03,0.97,0.98,0.01,0.01,78051.98,1777193978000
1777193980.244,280.244,0.02,0.03,0.97,0.98,0.01,0.01,78051.87,1777193979000
1777193980.802,280.802,0.02,0.03,0.97,0.98,0.01,0.01,78051.87,1777193979000
1777193981.149,281.149,0.02,0.03,0.97,0.98,0.01,0.01,78051.87,1777193979000
1777193981.663,281.663,0.02,0.03,0.97,0.98,0.01,0.01,78051.89,1777193980000
1777193982.188,282.188,0.02,0.03,0.97,0.98,0.01,0.01,78051.38,1777193981000
1777193982.702,282.702,0.02,0.03,0.97,0.98,0.01,0.01,78051.38,1777193981000
1777193983.068,283.068,0.02,0.03,0.97,0.98,0.01,0.01,78051.78,1777193982000
1777193983.431,283.431,0.02,0.03,0.97,0.98,0.01,0.01,78051.78,1777193982000
1777193983.864,283.864,0.02,0.03,0.97,0.98,0.01,0.01,78051.78,1777193982000
1777193984.242,284.242,0.02,0.03,0.97,0.98,0.01,0.01,78051.87,1777193983000
1777193984.65,284.65,0.02,0.03,0.97,0.98,0.01,0.01,78051.87,1777193983000
1777193985.141,285.141,0.02,0.03,0.97,0.98,0.01,0.01,78051.87,1777193983000
1777193985.592,285.592,0.02,0.03,0.97,0.98,0.01,0.01,78050.8,1777193984000
1777193986.221,286.221,0.01,0.02,0.97,0.99,0.01,0.02,78050.8,1777193984000
1777193986.61,286.61,0.01,0.02,0.98,0.99,0.01,0.01,78049.38,1777193985000
1777193987.256,287.256,0.01,0.02,0.98,0.99,0.01,0.01,78049.12,1777193986000
1777193987.673,287.673,0.01,0.02,0.98,0.99,0.01,0.01,78049.12,1777193986000
1777193988.026,288.026,0.01,0.02,0.98,0.99,0.01,0.01,78049.12,1777193986000
1777193988.38,288.38,0.01,0.02,0.98,0.99,0.01,0.01,78049.12,1777193987000
1777193988.82,288.82,0.01,0.02,0.98,0.99,0.01,0.01,78049.12,1777193987000
1777193989.16,289.16,0.01,0.02,0.98,0.99,0.01,0.01,78049.12,1777193987000
1777193989.518,289.518,0.01,0.02,0.98,0.99,0.01,0.01,78049.6,1777193988000
1777193989.852,289.852,0.01,0.02,0.98,0.99,0.01,0.01,78049.51,1777193989000
1777193990.268,290.268,0.01,0.02,0.98,0.99,0.01,0.01,78049.51,1777193989000
1777193990.627,290.627,0.01,0.02,0.98,0.99,0.01,0.01,78049.51,1777193989000
1777193991.022,291.022,0.01,0.02,0.98,0.99,0.01,0.01,78049.69,1777193990000
1777193991.541,291.541,0.01,0.02,0.98,0.99,0.01,0.01,78049.69,1777193990000
1777193991.917,291.917,0.01,0.02,0.98,0.99,0.01,0.01,78049.69,1777193990000
1777193992.384,292.384,0.01,0.02,0.98,0.99,0.01,0.01,78049.7,1777193991000
1777193992.723,292.723,0.01,0.02,0.98,0.99,0.01,0.01,78049.7,1777193991000
1777193993.203,293.203,0.01,0.02,0.98,0.99,0.01,0.01,78049.39,1777193992000
1777193993.561,293.561,0.01,0.01,0.99,0.99,0.0,0.0,78049.39,1777193992000
1777193994.344,294.344,0.01,0.01,0.99,0.99,0.0,0.0,78049.75,1777193993000
1777193994.891,294.891,0.01,0.01,0.99,0.99,0.0,0.0,78049.93,1777193994000
1777193996.183,296.183,0.01,0.01,0.99,0.99,0.0,0.0,78049.71,1777193995000
1777193997.315,297.315,0.01,0.01,0.99,0.99,0.0,0.0,78049.56,1777193996000
1777193997.794,297.794,0.01,0.01,0.99,0.99,0.0,0.0,78049.56,1777193996000
1777193998.987,298.987,0.01,0.01,0.99,0.99,0.0,0.0,78049.53,1777193997000
1777194000.007,300.007,0.01,0.01,0.99,0.99,0.0,0.0,78049.35,1777193998000
1777194000.427,300.427,0.01,0.01,0.99,0.99,0.0,0.0,78049.35,1777193998000
1777194000.782,300.782,0.01,0.01,0.99,0.99,0.0,0.0,78049.35,1777193998000

# RESULT,winner=Down,slug=btc-updown-5m-1777193700,ticks=609
