timestamp,elapsed_sec,up_bid,up_ask,down_bid,down_ask,up_spread,down_spread,btc_price,btc_oracle_ts
1776517200.734,0.734,0.47,0.48,0.52,0.53,0.01,0.01,76230.8,1776517199000
1776517201.295,1.295,0.47,0.48,0.52,0.53,0.01,0.01,76230.8,1776517200000
1776517202.051,2.051,0.47,0.48,0.52,0.53,0.01,0.01,76230.8,1776517200000
1776517202.808,2.808,0.47,0.48,0.52,0.53,0.01,0.01,76231.43,1776517201000
1776517203.372,3.372,0.47,0.48,0.52,0.53,0.01,0.01,76227.64,1776517202000
1776517203.744,3.744,0.45,0.48,0.52,0.55,0.03,0.03,76227.64,1776517202000
1776517204.424,4.424,0.41,0.43,0.57,0.58,0.02,0.01,76227.64,1776517202000
1776517204.762,4.762,0.44,0.45,0.52,0.56,0.01,0.04,76219.05,1776517203000
1776517205.274,5.274,0.42,0.43,0.56,0.58,0.01,0.02,76219.05,1776517203000
1776517205.634,5.634,0.44,0.45,0.57,0.58,0.01,0.01,76219.05,1776517203000
1776517205.998,5.998,0.46,0.47,0.53,0.55,0.01,0.02,76216.88,1776517204000
1776517206.336,6.336,0.47,0.48,0.52,0.53,0.01,0.01,76216.88,1776517204000
1776517206.721,6.721,0.47,0.48,0.52,0.53,0.01,0.01,76215.15,1776517205000
1776517207.06,7.06,0.47,0.48,0.52,0.53,0.01,0.01,76215.15,1776517205000
1776517207.414,7.414,0.47,0.48,0.51,0.53,0.01,0.02,76219.73,1776517206000
1776517207.918,7.918,0.47,0.48,0.52,0.53,0.01,0.01,76219.73,1776517206000
1776517208.268,8.268,0.48,0.49,0.51,0.52,0.01,0.01,76219.73,1776517206000
1776517208.719,8.719,0.48,0.49,0.51,0.52,0.01,0.01,76219.73,1776517206000
1776517209.107,9.107,0.48,0.49,0.51,0.52,0.01,0.01,76228.89,1776517207000
1776517209.494,9.494,0.48,0.49,0.51,0.52,0.01,0.01,76228.89,1776517207000
1776517210.198,10.198,0.49,0.5,0.5,0.51,0.01,0.01,76229.24,1776517208000
1776517210.64,10.64,0.49,0.5,0.5,0.51,0.01,0.01,76229.24,1776517208000
1776517211.007,11.007,0.49,0.5,0.5,0.51,0.01,0.01,76231.25,1776517209000
1776517211.355,11.355,0.49,0.5,0.5,0.51,0.01,0.01,76231.25,1776517209000
1776517211.705,11.705,0.5,0.51,0.49,0.51,0.01,0.02,76231.25,1776517209000
1776517212.146,12.146,0.5,0.51,0.49,0.5,0.01,0.01,76232.29,1776517210000
1776517212.53,12.53,0.5,0.51,0.49,0.5,0.01,0.01,76232.29,1776517210000
1776517213.012,13.012,0.5,0.51,0.49,0.5,0.01,0.01,76232.28,1776517211000
1776517213.387,13.387,0.5,0.51,0.49,0.5,0.01,0.01,76232.28,1776517212000
1776517213.822,13.822,0.51,0.52,0.48,0.5,0.01,0.02,76232.28,1776517212000
1776517214.248,14.248,0.51,0.52,0.48,0.49,0.01,0.01,76232.28,1776517212000
1776517214.674,14.674,0.51,0.52,0.48,0.49,0.01,0.01,76232.28,1776517213000
1776517215.012,15.012,0.51,0.52,0.48,0.49,0.01,0.01,76232.28,1776517213000
1776517215.408,15.408,0.51,0.52,0.48,0.49,0.01,0.01,76232.35,1776517214000
1776517215.892,15.892,0.51,0.52,0.48,0.49,0.01,0.01,76232.35,1776517214000
1776517216.411,16.411,0.52,0.53,0.47,0.48,0.01,0.01,76232.72,1776517215000
1776517216.785,16.785,0.52,0.53,0.47,0.48,0.01,0.01,76232.72,1776517215000
1776517217.12,17.12,0.52,0.53,0.47,0.48,0.01,0.01,76232.72,1776517215000
1776517217.496,17.496,0.52,0.53,0.47,0.48,0.01,0.01,76232.72,1776517215000
1776517217.996,17.996,0.52,0.53,0.47,0.48,0.01,0.01,76232.97,1776517216000
1776517218.42,18.42,0.52,0.53,0.47,0.48,0.01,0.01,76233.63,1776517217000
1776517218.778,18.778,0.52,0.55,0.45,0.48,0.03,0.03,76233.63,1776517217000
1776517219.164,19.164,0.53,0.54,0.45,0.47,0.01,0.02,76233.63,1776517217000
1776517219.508,19.508,0.54,0.55,0.45,0.46,0.01,0.01,76233.63,1776517217000
1776517220.0,20.0,0.55,0.56,0.43,0.45,0.01,0.02,76235.21,1776517218000
1776517220.54,20.54,0.55,0.57,0.43,0.45,0.02,0.02,76235.28,1776517219000
1776517220.875,20.875,0.56,0.57,0.43,0.44,0.01,0.01,76235.28,1776517219000
1776517221.274,21.274,0.56,0.57,0.43,0.44,0.01,0.01,76235.42,1776517220000
1776517221.797,21.797,0.56,0.57,0.43,0.44,0.01,0.01,76235.42,1776517220000
1776517222.235,22.235,0.56,0.57,0.43,0.44,0.01,0.01,76235.42,1776517220000
1776517222.678,22.678,0.56,0.57,0.43,0.44,0.01,0.01,76236.95,1776517221000
1776517223.22,23.22,0.56,0.57,0.43,0.44,0.01,0.01,76236.95,1776517221000
1776517223.696,23.696,0.56,0.57,0.43,0.44,0.01,0.01,76236.95,1776517221000
1776517224.358,24.358,0.57,0.58,0.42,0.43,0.01,0.01,76237.66,1776517223000
1776517224.801,24.801,0.57,0.58,0.42,0.43,0.01,0.01,76237.66,1776517223000
1776517225.297,25.297,0.51,0.56,0.44,0.49,0.05,0.05,76237.66,1776517224000
1776517225.729,25.729,0.47,0.52,0.48,0.52,0.05,0.04,76237.66,1776517224000
1776517226.076,26.076,0.47,0.48,0.52,0.53,0.01,0.01,76226.43,1776517225000
1776517226.41,26.41,0.39,0.48,0.52,0.56,0.09,0.04,76226.43,1776517225000
1776517226.788,26.788,0.36,0.47,0.53,0.63,0.11,0.1,76226.43,1776517225000
1776517227.169,27.169,0.39,0.41,0.59,0.61,0.02,0.02,76200.5,1776517226000
1776517227.509,27.509,0.37,0.4,0.6,0.63,0.03,0.03,76200.5,1776517226000
1776517227.854,27.854,0.37,0.38,0.62,0.63,0.01,0.01,76200.5,1776517226000
1776517228.199,28.199,0.37,0.38,0.62,0.63,0.01,0.01,76200.5,1776517226000
1776517228.549,28.549,0.37,0.38,0.62,0.63,0.01,0.01,76199.09,1776517227000
1776517228.954,28.954,0.37,0.38,0.62,0.63,0.01,0.01,76199.09,1776517227000
1776517229.288,29.288,0.36,0.38,0.62,0.63,0.02,0.01,76199.09,1776517227000
1776517229.628,29.628,0.35,0.36,0.64,0.65,0.01,0.01,76206.07,1776517228000
1776517230.01,30.01,0.35,0.36,0.64,0.65,0.01,0.01,76206.07,1776517228000
1776517230.348,30.348,0.35,0.36,0.64,0.65,0.01,0.01,76206.07,1776517229000
1776517230.701,30.701,0.35,0.36,0.64,0.65,0.01,0.01,76206.07,1776517229000
1776517231.306,31.306,0.33,0.34,0.66,0.67,0.01,0.01,76206.07,1776517229000
1776517231.73,31.73,0.32,0.33,0.66,0.67,0.01,0.01,76206.07,1776517230000
1776517232.163,32.163,0.32,0.33,0.67,0.68,0.01,0.01,76206.07,1776517230000
1776517232.5,32.5,0.31,0.32,0.67,0.68,0.01,0.01,76197.94,1776517231000
1776517232.844,32.844,0.31,0.32,0.68,0.69,0.01,0.01,76197.94,1776517231000
1776517233.315,33.315,0.31,0.32,0.68,0.69,0.01,0.01,76197.94,1776517231000
1776517233.667,33.667,0.31,0.32,0.68,0.69,0.01,0.01,76196.5,1776517232000
1776517234.292,34.292,0.31,0.32,0.68,0.69,0.01,0.01,76196.5,1776517232000
1776517234.654,34.654,0.3,0.31,0.69,0.7,0.01,0.01,76196.5,1776517233000
1776517235.032,35.032,0.3,0.31,0.69,0.7,0.01,0.01,76196.5,1776517234000
1776517235.437,35.437,0.3,0.31,0.69,0.7,0.01,0.01,76196.5,1776517234000
1776517235.793,35.793,0.29,0.31,0.69,0.71,0.02,0.02,76196.5,1776517234000
1776517236.177,36.177,0.29,0.3,0.7,0.71,0.01,0.01,76196.5,1776517234000
1776517236.533,36.533,0.28,0.3,0.7,0.72,0.02,0.02,76196.51,1776517235000
1776517236.872,36.872,0.28,0.29,0.71,0.72,0.01,0.01,76196.51,1776517235000
1776517237.26,37.26,0.28,0.29,0.71,0.72,0.01,0.01,76190.3,1776517236000
1776517237.677,37.677,0.27,0.28,0.71,0.73,0.01,0.02,76190.3,1776517236000
1776517238.034,38.034,0.27,0.28,0.72,0.73,0.01,0.01,76190.3,1776517236000
1776517238.492,38.492,0.27,0.28,0.72,0.73,0.01,0.01,76189.21,1776517237000
1776517238.85,38.85,0.26,0.27,0.73,0.74,0.01,0.01,76189.21,1776517237000
1776517239.325,39.325,0.26,0.27,0.73,0.74,0.01,0.01,76188.79,1776517238000
1776517239.747,39.747,0.26,0.27,0.73,0.74,0.01,0.01,76188.79,1776517238000
1776517240.134,40.134,0.26,0.27,0.73,0.74,0.01,0.01,76188.79,1776517238000
1776517240.473,40.473,0.29,0.3,0.71,0.73,0.01,0.02,76188.79,1776517238000
1776517240.821,40.821,0.3,0.31,0.69,0.7,0.01,0.01,76190.1,1776517239000
1776517241.223,41.223,0.3,0.31,0.69,0.7,0.01,0.01,76190.1,1776517240000
1776517241.844,41.844,0.3,0.31,0.69,0.7,0.01,0.01,76190.1,1776517240000
1776517242.235,42.235,0.3,0.31,0.69,0.7,0.01,0.01,76192.35,1776517241000
1776517242.609,42.609,0.31,0.32,0.69,0.7,0.01,0.01,76192.35,1776517241000
1776517242.944,42.944,0.33,0.34,0.66,0.69,0.01,0.03,76192.35,1776517241000
1776517243.316,43.316,0.34,0.35,0.65,0.66,0.01,0.01,76192.35,1776517241000
1776517244.001,44.001,0.34,0.35,0.65,0.66,0.01,0.01,76194.53,1776517242000
1776517244.502,44.502,0.34,0.35,0.65,0.66,0.01,0.01,76199.02,1776517243000
1776517244.9,44.9,0.35,0.36,0.64,0.66,0.01,0.02,76199.02,1776517243000
1776517245.287,45.287,0.35,0.36,0.64,0.65,0.01,0.01,76199.28,1776517244000
1776517245.704,45.704,0.35,0.36,0.64,0.65,0.01,0.01,76199.28,1776517244000
1776517246.132,46.132,0.34,0.36,0.64,0.66,0.02,0.02,76199.73,1776517245000
1776517246.485,46.485,0.32,0.33,0.67,0.68,0.01,0.01,76199.73,1776517245000
1776517247.087,47.087,0.31,0.32,0.68,0.69,0.01,0.01,76199.73,1776517245000
1776517247.434,47.434,0.31,0.32,0.68,0.69,0.01,0.01,76206.26,1776517246000
1776517247.771,47.771,0.31,0.32,0.68,0.69,0.01,0.01,76206.26,1776517246000
1776517248.109,48.109,0.31,0.32,0.68,0.69,0.01,0.01,76206.26,1776517246000
1776517248.502,48.502,0.31,0.34,0.68,0.69,0.03,0.01,76203.33,1776517247000
1776517248.971,48.971,0.32,0.33,0.65,0.69,0.01,0.04,76203.33,1776517247000
1776517249.347,49.347,0.33,0.34,0.66,0.67,0.01,0.01,76203.33,1776517247000
1776517249.831,49.831,0.33,0.34,0.66,0.67,0.01,0.01,76203.3,1776517248000
1776517250.187,50.187,0.33,0.34,0.66,0.67,0.01,0.01,76203.3,1776517248000
1776517250.616,50.616,0.33,0.34,0.66,0.67,0.01,0.01,76202.56,1776517249000
1776517251.027,51.027,0.33,0.34,0.66,0.67,0.01,0.01,76202.56,1776517250000
1776517251.366,51.366,0.33,0.34,0.66,0.67,0.01,0.01,76202.56,1776517250000
1776517252.049,52.049,0.33,0.34,0.66,0.67,0.01,0.01,76202.56,1776517250000
1776517252.393,52.393,0.33,0.34,0.66,0.67,0.01,0.01,76202.56,1776517250000
1776517253.144,53.144,0.33,0.34,0.66,0.67,0.01,0.01,76202.56,1776517250000
1776517253.559,53.559,0.33,0.34,0.66,0.67,0.01,0.01,76205.26,1776517251000
1776517254.343,54.343,0.32,0.34,0.66,0.67,0.02,0.01,76205.26,1776517251000
1776517254.731,54.731,0.31,0.32,0.67,0.69,0.01,0.02,76205.26,1776517251000
1776517255.328,55.328,0.3,0.31,0.68,0.69,0.01,0.01,76205.26,1776517251000
1776517255.849,55.849,0.3,0.31,0.69,0.7,0.01,0.01,76205.26,1776517251000
1776517256.197,56.197,0.3,0.31,0.69,0.7,0.01,0.01,76206.41,1776517255000
1776517256.542,56.542,0.3,0.31,0.69,0.7,0.01,0.01,76206.41,1776517255000
1776517256.982,56.982,0.3,0.31,0.69,0.7,0.01,0.01,76206.41,1776517255000
1776517257.772,57.772,0.29,0.31,0.69,0.7,0.02,0.01,76206.41,1776517255000
1776517258.208,58.208,0.28,0.29,0.71,0.73,0.01,0.02,76199.26,1776517256000
1776517258.65,58.65,0.28,0.29,0.71,0.72,0.01,0.01,76200.06,1776517257000
1776517258.998,58.998,0.28,0.29,0.71,0.72,0.01,0.01,76200.06,1776517257000
1776517259.391,59.391,0.27,0.29,0.71,0.73,0.02,0.02,76199.87,1776517258000
1776517259.731,59.731,0.27,0.29,0.72,0.73,0.02,0.01,76199.87,1776517258000
1776517260.078,60.078,0.27,0.28,0.72,0.73,0.01,0.01,76196.44,1776517259000
1776517260.433,60.433,0.27,0.28,0.72,0.73,0.01,0.01,76196.44,1776517259000
1776517260.963,60.963,0.26,0.27,0.72,0.73,0.01,0.01,76196.44,1776517259000
1776517261.343,61.343,0.26,0.27,0.73,0.75,0.01,0.02,76196.44,1776517259000
1776517261.748,61.748,0.26,0.27,0.73,0.74,0.01,0.01,76196.35,1776517260000
1776517262.082,62.082,0.26,0.27,0.73,0.74,0.01,0.01,76196.35,1776517260000
1776517262.477,62.477,0.26,0.27,0.73,0.74,0.01,0.01,76196.35,1776517260000
1776517262.921,62.921,0.26,0.27,0.73,0.74,0.01,0.01,76193.34,1776517261000
1776517263.293,63.293,0.26,0.27,0.73,0.74,0.01,0.01,76193.34,1776517261000
1776517263.706,63.706,0.25,0.26,0.73,0.75,0.01,0.02,76192.16,1776517262000
1776517264.161,64.161,0.25,0.26,0.74,0.75,0.01,0.01,76190.36,1776517263000
1776517264.706,64.706,0.25,0.26,0.74,0.75,0.01,0.01,76190.36,1776517263000
1776517265.317,65.317,0.25,0.26,0.74,0.75,0.01,0.01,76190.36,1776517263000
1776517265.696,65.696,0.26,0.27,0.73,0.74,0.01,0.01,76189.04,1776517264000
1776517266.239,66.239,0.26,0.27,0.73,0.74,0.01,0.01,76189.04,1776517264000
1776517266.649,66.649,0.26,0.27,0.73,0.74,0.01,0.01,76189.0,1776517265000
1776517267.062,67.062,0.26,0.27,0.73,0.74,0.01,0.01,76188.96,1776517266000
1776517267.777,67.777,0.26,0.27,0.73,0.74,0.01,0.01,76188.96,1776517266000
1776517268.113,68.113,0.25,0.26,0.74,0.75,0.01,0.01,76188.96,1776517266000
1776517268.695,68.695,0.25,0.26,0.74,0.75,0.01,0.01,76188.97,1776517267000
1776517269.299,69.299,0.25,0.26,0.74,0.75,0.01,0.01,76188.98,1776517268000
1776517269.798,69.798,0.24,0.26,0.74,0.75,0.02,0.01,76188.98,1776517268000
1776517270.2,70.2,0.24,0.25,0.75,0.76,0.01,0.01,76188.98,1776517268000
1776517270.628,70.628,0.24,0.25,0.75,0.76,0.01,0.01,76188.21,1776517269000
1776517270.967,70.967,0.24,0.25,0.75,0.76,0.01,0.01,76188.21,1776517269000
1776517271.327,71.327,0.24,0.25,0.75,0.76,0.01,0.01,76188.21,1776517269000
1776517271.694,71.694,0.24,0.25,0.75,0.76,0.01,0.01,76188.21,1776517269000
1776517272.423,72.423,0.24,0.25,0.75,0.76,0.01,0.01,76186.93,1776517271000
1776517272.832,72.832,0.24,0.25,0.75,0.76,0.01,0.01,76186.93,1776517271000
1776517273.355,73.355,0.23,0.25,0.75,0.76,0.02,0.01,76186.98,1776517272000
1776517273.729,73.729,0.23,0.24,0.75,0.77,0.01,0.02,76186.98,1776517272000
1776517274.25,74.25,0.23,0.24,0.76,0.77,0.01,0.01,76187.48,1776517273000
1776517274.675,74.675,0.23,0.24,0.76,0.77,0.01,0.01,76187.48,1776517273000
1776517275.058,75.058,0.23,0.24,0.76,0.77,0.01,0.01,76187.48,1776517273000
1776517275.618,75.618,0.23,0.24,0.76,0.77,0.01,0.01,76187.64,1776517274000
1776517276.034,76.034,0.23,0.24,0.76,0.77,0.01,0.01,76187.64,1776517274000
1776517276.493,76.493,0.22,0.23,0.76,0.77,0.01,0.01,76187.56,1776517275000
1776517276.844,76.844,0.22,0.23,0.77,0.78,0.01,0.01,76187.56,1776517275000
1776517277.208,77.208,0.22,0.23,0.77,0.78,0.01,0.01,76187.56,1776517275000
1776517277.548,77.548,0.22,0.23,0.77,0.78,0.01,0.01,76187.1,1776517276000
1776517277.985,77.985,0.22,0.23,0.77,0.78,0.01,0.01,76187.1,1776517276000
1776517278.438,78.438,0.2,0.21,0.77,0.8,0.01,0.03,76187.1,1776517276000
1776517278.784,78.784,0.2,0.21,0.79,0.8,0.01,0.01,76186.47,1776517277000
1776517279.154,79.154,0.21,0.22,0.78,0.8,0.01,0.02,76185.64,1776517278000
1776517279.56,79.56,0.21,0.22,0.78,0.79,0.01,0.01,76185.64,1776517278000
1776517279.931,79.931,0.24,0.25,0.74,0.77,0.01,0.03,76185.64,1776517278000
1776517280.271,80.271,0.24,0.25,0.75,0.76,0.01,0.01,76185.3,1776517279000
1776517280.707,80.707,0.24,0.25,0.75,0.76,0.01,0.01,76185.3,1776517279000
1776517281.21,81.21,0.24,0.25,0.75,0.76,0.01,0.01,76183.42,1776517280000
1776517281.588,81.588,0.24,0.25,0.75,0.76,0.01,0.01,76183.42,1776517280000
1776517282.108,82.108,0.24,0.25,0.75,0.76,0.01,0.01,76187.1,1776517281000
1776517282.578,82.578,0.24,0.25,0.75,0.76,0.01,0.01,76187.1,1776517281000
1776517282.942,82.942,0.24,0.25,0.75,0.76,0.01,0.01,76187.1,1776517281000
1776517283.343,83.343,0.24,0.25,0.75,0.76,0.01,0.01,76190.73,1776517282000
1776517283.957,83.957,0.24,0.25,0.75,0.76,0.01,0.01,76190.73,1776517282000
1776517284.296,84.296,0.24,0.25,0.75,0.76,0.01,0.01,76191.44,1776517283000
1776517284.672,84.672,0.24,0.25,0.75,0.76,0.01,0.01,76191.44,1776517283000
1776517285.202,85.202,0.25,0.26,0.74,0.75,0.01,0.01,76191.44,1776517283000
1776517285.63,85.63,0.25,0.26,0.74,0.75,0.01,0.01,76189.45,1776517284000
1776517286.099,86.099,0.25,0.27,0.74,0.75,0.02,0.01,76189.45,1776517284000
1776517286.491,86.491,0.26,0.27,0.73,0.74,0.01,0.01,76187.83,1776517285000
1776517287.036,87.036,0.26,0.27,0.73,0.74,0.01,0.01,76187.83,1776517285000
1776517287.85,87.85,0.26,0.27,0.73,0.74,0.01,0.01,76190.96,1776517286000
1776517288.238,88.238,0.26,0.27,0.73,0.74,0.01,0.01,76190.96,1776517286000
1776517288.977,88.977,0.26,0.27,0.73,0.74,0.01,0.01,76195.86,1776517287000
1776517289.459,89.459,0.26,0.27,0.73,0.74,0.01,0.01,76195.86,1776517287000
1776517289.95,89.95,0.26,0.27,0.73,0.74,0.01,0.01,76195.86,1776517288000
1776517290.308,90.308,0.26,0.27,0.73,0.74,0.01,0.01,76195.86,1776517288000
1776517290.672,90.672,0.26,0.27,0.73,0.74,0.01,0.01,76195.64,1776517289000
1776517291.046,91.046,0.26,0.27,0.73,0.74,0.01,0.01,76195.64,1776517289000
1776517291.672,91.672,0.26,0.27,0.73,0.74,0.01,0.01,76195.64,1776517289000
1776517292.141,92.141,0.26,0.27,0.73,0.74,0.01,0.01,76195.64,1776517290000
1776517292.643,92.643,0.26,0.27,0.73,0.74,0.01,0.01,76195.9,1776517291000
1776517293.185,93.185,0.26,0.27,0.73,0.74,0.01,0.01,76195.9,1776517292000
1776517294.303,94.303,0.26,0.27,0.73,0.74,0.01,0.01,76195.98,1776517293000
1776517294.637,94.637,0.26,0.27,0.73,0.74,0.01,0.01,76195.98,1776517293000
1776517295.194,95.194,0.26,0.27,0.73,0.74,0.01,0.01,76195.98,1776517293000
1776517295.638,95.638,0.25,0.26,0.74,0.75,0.01,0.01,76195.98,1776517293000
1776517296.015,96.015,0.25,0.26,0.74,0.75,0.01,0.01,76196.64,1776517294000
1776517296.386,96.386,0.25,0.26,0.74,0.75,0.01,0.01,76196.34,1776517295000
1776517297.312,97.312,0.25,0.26,0.74,0.75,0.01,0.01,76196.34,1776517296000
1776517297.972,97.972,0.25,0.26,0.74,0.75,0.01,0.01,76196.34,1776517296000
1776517298.391,98.391,0.25,0.26,0.74,0.75,0.01,0.01,76193.2,1776517297000
1776517298.873,98.873,0.25,0.26,0.74,0.75,0.01,0.01,76193.2,1776517297000
1776517299.294,99.294,0.25,0.26,0.74,0.75,0.01,0.01,76193.2,1776517297000
1776517299.839,99.839,0.25,0.26,0.74,0.75,0.01,0.01,76196.41,1776517298000
1776517300.219,100.219,0.25,0.26,0.74,0.75,0.01,0.01,76196.41,1776517298000
1776517300.781,100.781,0.25,0.26,0.74,0.75,0.01,0.01,76196.41,1776517298000
1776517301.306,101.306,0.25,0.26,0.74,0.75,0.01,0.01,76196.34,1776517299000
1776517301.922,101.922,0.24,0.26,0.74,0.75,0.02,0.01,76196.34,1776517300000
1776517302.433,102.433,0.24,0.25,0.75,0.77,0.01,0.02,76196.35,1776517301000
1776517303.534,103.534,0.24,0.25,0.75,0.76,0.01,0.01,76196.81,1776517302000
1776517304.17,104.17,0.24,0.25,0.75,0.76,0.01,0.01,76196.3,1776517303000
1776517304.66,104.66,0.24,0.25,0.75,0.76,0.01,0.01,76196.3,1776517303000
1776517305.061,105.061,0.24,0.25,0.75,0.76,0.01,0.01,76196.3,1776517303000
1776517305.805,105.805,0.24,0.25,0.75,0.76,0.01,0.01,76196.3,1776517304000
1776517306.265,106.265,0.24,0.25,0.75,0.76,0.01,0.01,76196.35,1776517305000
1776517306.915,106.915,0.24,0.25,0.75,0.76,0.01,0.01,76196.35,1776517305000
1776517307.405,107.405,0.24,0.25,0.75,0.76,0.01,0.01,76196.35,1776517306000
1776517307.85,107.85,0.24,0.25,0.75,0.76,0.01,0.01,76196.35,1776517306000
1776517308.26,108.26,0.24,0.25,0.75,0.76,0.01,0.01,76196.34,1776517307000
1776517308.831,108.831,0.23,0.24,0.75,0.76,0.01,0.01,76196.34,1776517307000
1776517309.291,109.291,0.23,0.24,0.76,0.77,0.01,0.01,76193.48,1776517308000
1776517309.903,109.903,0.23,0.24,0.76,0.77,0.01,0.01,76193.48,1776517308000
1776517310.33,110.33,0.23,0.24,0.76,0.77,0.01,0.01,76193.48,1776517309000
1776517310.819,110.819,0.23,0.24,0.76,0.77,0.01,0.01,76193.48,1776517309000
1776517311.305,111.305,0.23,0.24,0.76,0.77,0.01,0.01,76193.48,1776517309000
1776517312.102,112.102,0.23,0.24,0.76,0.77,0.01,0.01,76193.55,1776517310000
1776517312.471,112.471,0.23,0.24,0.76,0.77,0.01,0.01,76194.3,1776517311000
1776517313.114,113.114,0.23,0.24,0.76,0.77,0.01,0.01,76194.3,1776517311000
1776517313.584,113.584,0.23,0.24,0.76,0.77,0.01,0.01,76194.37,1776517312000
1776517314.324,114.324,0.23,0.24,0.76,0.77,0.01,0.01,76194.6,1776517313000
1776517314.784,114.784,0.23,0.24,0.76,0.77,0.01,0.01,76194.6,1776517313000
1776517315.147,115.147,0.23,0.24,0.76,0.78,0.01,0.02,76194.6,1776517313000
1776517315.891,115.891,0.23,0.24,0.76,0.77,0.01,0.01,76194,1776517314000
1776517317.276,117.276,0.23,0.24,0.76,0.77,0.01,0.01,76193.12,1776517316000
1776517318.352,118.352,0.23,0.24,0.76,0.77,0.01,0.01,76193.12,1776517317000
1776517319.081,119.081,0.23,0.24,0.76,0.77,0.01,0.01,76193.3,1776517318000
1776517320.338,120.338,0.23,0.24,0.76,0.77,0.01,0.01,76193.62,1776517319000
1776517320.838,120.838,0.23,0.24,0.76,0.77,0.01,0.01,76193.62,1776517319000
1776517321.391,121.391,0.23,0.24,0.76,0.77,0.01,0.01,76194.4,1776517320000
1776517322.197,122.197,0.23,0.24,0.76,0.77,0.01,0.01,76190.8,1776517321000
1776517322.536,122.536,0.22,0.23,0.76,0.77,0.01,0.01,76190.8,1776517321000
1776517323.309,123.309,0.22,0.23,0.77,0.78,0.01,0.01,76190.79,1776517322000
1776517324.373,124.373,0.22,0.23,0.77,0.78,0.01,0.01,76190.61,1776517323000
1776517324.771,124.771,0.22,0.23,0.77,0.78,0.01,0.01,76190.61,1776517323000
1776517325.382,125.382,0.22,0.23,0.77,0.78,0.01,0.01,76190.61,1776517324000
1776517325.843,125.843,0.22,0.23,0.77,0.78,0.01,0.01,76190.61,1776517324000
1776517326.299,126.299,0.21,0.22,0.78,0.79,0.01,0.01,76190.67,1776517325000
1776517326.646,126.646,0.21,0.22,0.78,0.79,0.01,0.01,76190.67,1776517325000
1776517327.013,127.013,0.2,0.21,0.79,0.8,0.01,0.01,76190.67,1776517325000
1776517327.373,127.373,0.2,0.21,0.79,0.8,0.01,0.01,76190.68,1776517326000
1776517327.778,127.778,0.2,0.21,0.79,0.8,0.01,0.01,76190.68,1776517326000
1776517328.179,128.179,0.18,0.19,0.81,0.83,0.01,0.02,76190.55,1776517327000
1776517328.615,128.615,0.18,0.19,0.81,0.82,0.01,0.01,76190.55,1776517327000
1776517329.13,129.13,0.17,0.18,0.82,0.84,0.01,0.02,76190.55,1776517327000
1776517329.743,129.743,0.17,0.18,0.82,0.83,0.01,0.01,76189.87,1776517328000
1776517330.186,130.186,0.16,0.17,0.82,0.84,0.01,0.02,76189.87,1776517328000
1776517330.523,130.523,0.16,0.17,0.83,0.84,0.01,0.01,76186.82,1776517329000
1776517330.89,130.89,0.16,0.17,0.83,0.84,0.01,0.01,76186.82,1776517329000
1776517331.418,131.418,0.16,0.17,0.83,0.84,0.01,0.01,76185.27,1776517330000
1776517332.107,132.107,0.16,0.17,0.83,0.84,0.01,0.01,76182.34,1776517331000
1776517332.483,132.483,0.16,0.17,0.83,0.84,0.01,0.01,76182.34,1776517331000
1776517333.247,133.247,0.16,0.17,0.83,0.84,0.01,0.01,76184.62,1776517332000
1776517333.661,133.661,0.16,0.17,0.83,0.84,0.01,0.01,76184.62,1776517332000
1776517334.318,134.318,0.16,0.17,0.83,0.84,0.01,0.01,76184.62,1776517333000
1776517334.885,134.885,0.16,0.17,0.83,0.84,0.01,0.01,76184.62,1776517333000
1776517335.471,135.471,0.16,0.17,0.83,0.84,0.01,0.01,76185.2,1776517334000
1776517336.065,136.065,0.16,0.17,0.83,0.84,0.01,0.01,76184.78,1776517335000
1776517337.201,137.201,0.16,0.17,0.83,0.84,0.01,0.01,76184.76,1776517336000
1776517338.374,138.374,0.16,0.17,0.83,0.84,0.01,0.01,76184.41,1776517337000
1776517338.71,138.71,0.16,0.17,0.83,0.84,0.01,0.01,76184.41,1776517337000
1776517339.116,139.116,0.16,0.17,0.83,0.84,0.01,0.01,76184.41,1776517337000
1776517339.524,139.524,0.16,0.17,0.83,0.84,0.01,0.01,76184.41,1776517337000
1776517339.907,139.907,0.18,0.2,0.81,0.83,0.02,0.02,76184.41,1776517337000
1776517340.432,140.432,0.19,0.2,0.8,0.81,0.01,0.01,76184.41,1776517337000
1776517341.637,141.637,0.19,0.2,0.8,0.81,0.01,0.01,76184.41,1776517337000
1776517342.174,142.174,0.19,0.2,0.8,0.81,0.01,0.01,76184.41,1776517337000
1776517342.729,142.729,0.19,0.2,0.8,0.81,0.01,0.01,76184.41,1776517337000
1776517343.111,143.111,0.19,0.2,0.8,0.81,0.01,0.01,76184.41,1776517337000
1776517343.691,143.691,0.19,0.2,0.8,0.81,0.01,0.01,76184.41,1776517337000
1776517344.207,144.207,0.19,0.2,0.8,0.81,0.01,0.01,76184.41,1776517337000
1776517345.14,145.14,0.19,0.2,0.8,0.81,0.01,0.01,76184.41,1776517337000
1776517345.84,145.84,0.19,0.2,0.8,0.81,0.01,0.01,76184.41,1776517337000
1776517346.184,146.184,0.19,0.2,0.8,0.81,0.01,0.01,76184.41,1776517337000
1776517346.987,146.987,0.19,0.2,0.8,0.81,0.01,0.01,76184.41,1776517337000
1776517347.81,147.81,0.19,0.2,0.8,0.81,0.01,0.01,76195.64,1776517346000
1776517348.156,148.156,0.19,0.2,0.8,0.81,0.01,0.01,76195.54,1776517347000
1776517348.689,148.689,0.19,0.2,0.8,0.81,0.01,0.01,76195.54,1776517347000
1776517349.046,149.046,0.19,0.2,0.8,0.81,0.01,0.01,76195.54,1776517347000
1776517349.616,149.616,0.19,0.2,0.8,0.81,0.01,0.01,76195.5,1776517348000
1776517350.25,150.25,0.19,0.2,0.8,0.81,0.01,0.01,76195.5,1776517349000
1776517350.861,150.861,0.17,0.19,0.8,0.84,0.02,0.04,76195.5,1776517349000
1776517351.215,151.215,0.17,0.18,0.82,0.83,0.01,0.01,76195.52,1776517350000
1776517352.206,152.206,0.17,0.18,0.82,0.83,0.01,0.01,76193.89,1776517351000
1776517353.267,153.267,0.17,0.18,0.82,0.83,0.01,0.01,76193.89,1776517351000
1776517353.724,153.724,0.17,0.18,0.82,0.83,0.01,0.01,76190.58,1776517352000
1776517354.184,154.184,0.16,0.18,0.82,0.83,0.02,0.01,76190.58,1776517352000
1776517354.641,154.641,0.16,0.17,0.83,0.84,0.01,0.01,76192.15,1776517353000
1776517355.102,155.102,0.15,0.16,0.84,0.85,0.01,0.01,76192.15,1776517353000
1776517355.435,155.435,0.15,0.16,0.84,0.85,0.01,0.01,76191.12,1776517354000
1776517355.866,155.866,0.15,0.16,0.84,0.85,0.01,0.01,76191.12,1776517354000
1776517356.387,156.387,0.15,0.16,0.84,0.85,0.01,0.01,76190.18,1776517355000
1776517356.936,156.936,0.15,0.16,0.84,0.85,0.01,0.01,76190.29,1776517356000
1776517357.59,157.59,0.15,0.16,0.84,0.85,0.01,0.01,76190.29,1776517356000
1776517357.958,157.958,0.15,0.16,0.84,0.85,0.01,0.01,76190.13,1776517357000
1776517358.805,158.805,0.15,0.16,0.84,0.85,0.01,0.01,76190.13,1776517357000
1776517359.146,159.146,0.14,0.15,0.85,0.86,0.01,0.01,76190.06,1776517358000
1776517359.72,159.72,0.14,0.15,0.85,0.86,0.01,0.01,76190.06,1776517358000
1776517360.234,160.234,0.14,0.15,0.85,0.86,0.01,0.01,76190.06,1776517358000
1776517360.722,160.722,0.14,0.15,0.85,0.86,0.01,0.01,76190.33,1776517359000
1776517361.58,161.58,0.14,0.15,0.85,0.86,0.01,0.01,76189.96,1776517360000
1776517362.102,162.102,0.14,0.15,0.85,0.86,0.01,0.01,76189.96,1776517360000
1776517362.538,162.538,0.14,0.15,0.85,0.86,0.01,0.01,76189.96,1776517361000
1776517362.965,162.965,0.14,0.15,0.85,0.86,0.01,0.01,76189.96,1776517361000
1776517363.331,163.331,0.14,0.15,0.85,0.86,0.01,0.01,76190.25,1776517362000
1776517364.085,164.085,0.14,0.15,0.85,0.86,0.01,0.01,76190.25,1776517362000
1776517364.473,164.473,0.14,0.15,0.85,0.86,0.01,0.01,76190.22,1776517363000
1776517365.523,165.523,0.14,0.15,0.85,0.86,0.01,0.01,76190.22,1776517363000
1776517365.958,165.958,0.14,0.15,0.85,0.86,0.01,0.01,76190.35,1776517364000
1776517366.474,166.474,0.14,0.15,0.85,0.86,0.01,0.01,76190.35,1776517365000
1776517366.82,166.82,0.14,0.15,0.85,0.86,0.01,0.01,76190.35,1776517365000
1776517367.289,167.289,0.14,0.15,0.85,0.86,0.01,0.01,76189.55,1776517366000
1776517367.731,167.731,0.14,0.16,0.85,0.86,0.02,0.01,76189.55,1776517366000
1776517368.222,168.222,0.14,0.15,0.84,0.86,0.01,0.02,76189.55,1776517366000
1776517368.71,168.71,0.15,0.16,0.84,0.85,0.01,0.01,76189.65,1776517367000
1776517369.57,169.57,0.15,0.16,0.84,0.85,0.01,0.01,76189.93,1776517368000
1776517370.014,170.014,0.15,0.16,0.84,0.85,0.01,0.01,76190.31,1776517369000
1776517370.584,170.584,0.15,0.16,0.84,0.85,0.01,0.01,76190.31,1776517369000
1776517371.12,171.12,0.15,0.16,0.84,0.85,0.01,0.01,76190.31,1776517369000
1776517372.208,172.208,0.15,0.16,0.84,0.85,0.01,0.01,76191.08,1776517371000
1776517373.012,173.012,0.15,0.16,0.84,0.85,0.01,0.01,76191.08,1776517371000
1776517373.407,173.407,0.15,0.16,0.84,0.85,0.01,0.01,76192.92,1776517372000
1776517374.002,174.002,0.15,0.16,0.84,0.85,0.01,0.01,76192.89,1776517373000
1776517375.126,175.126,0.15,0.16,0.84,0.85,0.01,0.01,76192.49,1776517374000
1776517375.545,175.545,0.15,0.16,0.84,0.85,0.01,0.01,76192.49,1776517374000
1776517375.979,175.979,0.15,0.16,0.84,0.85,0.01,0.01,76192.49,1776517374000
1776517376.318,176.318,0.2,0.25,0.75,0.8,0.05,0.05,76203.73,1776517375000
1776517376.747,176.747,0.2,0.28,0.75,0.8,0.08,0.05,76203.73,1776517375000
1776517377.111,177.111,0.34,0.35,0.65,0.66,0.01,0.01,76203.73,1776517375000
1776517377.484,177.484,0.35,0.36,0.64,0.65,0.01,0.01,76203.73,1776517375000
1776517377.881,177.881,0.35,0.36,0.64,0.65,0.01,0.01,76203.73,1776517375000
1776517378.217,178.217,0.35,0.36,0.64,0.65,0.01,0.01,76213.16,1776517377000
1776517378.586,178.586,0.35,0.36,0.64,0.65,0.01,0.01,76213.16,1776517377000
1776517379.049,179.049,0.35,0.36,0.64,0.65,0.01,0.01,76213.16,1776517377000
1776517379.519,179.519,0.35,0.36,0.64,0.65,0.01,0.01,76217.87,1776517378000
1776517380.195,180.195,0.35,0.36,0.64,0.65,0.01,0.01,76217.59,1776517379000
1776517380.838,180.838,0.35,0.36,0.64,0.65,0.01,0.01,76217.59,1776517379000
1776517381.208,181.208,0.35,0.36,0.64,0.65,0.01,0.01,76217.19,1776517380000
1776517382.244,182.244,0.35,0.36,0.64,0.65,0.01,0.01,76216.55,1776517381000
1776517382.596,182.596,0.35,0.36,0.64,0.65,0.01,0.01,76216.55,1776517381000
1776517383.159,183.159,0.35,0.36,0.64,0.65,0.01,0.01,76216.55,1776517381000
1776517384.424,184.424,0.35,0.36,0.64,0.65,0.01,0.01,76212.67,1776517383000
1776517384.764,184.764,0.32,0.34,0.66,0.67,0.02,0.01,76212.67,1776517383000
1776517385.11,185.11,0.35,0.36,0.64,0.65,0.01,0.01,76212.67,1776517383000
1776517385.455,185.455,0.35,0.36,0.64,0.65,0.01,0.01,76212.67,1776517384000
1776517385.818,185.818,0.35,0.36,0.64,0.65,0.01,0.01,76212.67,1776517384000
1776517386.207,186.207,0.35,0.36,0.64,0.65,0.01,0.01,76212.67,1776517384000
1776517386.55,186.55,0.35,0.36,0.64,0.65,0.01,0.01,76217.73,1776517385000
1776517387.161,187.161,0.35,0.36,0.64,0.65,0.01,0.01,76218.07,1776517386000
1776517387.777,187.777,0.35,0.36,0.64,0.65,0.01,0.01,76218.07,1776517386000
1776517388.176,188.176,0.35,0.36,0.64,0.65,0.01,0.01,76218.07,1776517387000
1776517388.693,188.693,0.35,0.36,0.64,0.65,0.01,0.01,76218.07,1776517387000
1776517389.321,189.321,0.35,0.36,0.64,0.65,0.01,0.01,76219.24,1776517388000
1776517389.685,189.685,0.35,0.36,0.64,0.65,0.01,0.01,76219.24,1776517388000
1776517390.029,190.029,0.35,0.36,0.64,0.65,0.01,0.01,76219.24,1776517388000
1776517390.39,190.39,0.35,0.36,0.64,0.65,0.01,0.01,76219.36,1776517389000
1776517391.358,191.358,0.35,0.36,0.64,0.65,0.01,0.01,76219.52,1776517390000
1776517391.742,191.742,0.35,0.36,0.64,0.65,0.01,0.01,76219.52,1776517390000
1776517392.153,192.153,0.36,0.37,0.63,0.64,0.01,0.01,76219.52,1776517391000
1776517392.486,192.486,0.35,0.36,0.64,0.65,0.01,0.01,76219.52,1776517391000
1776517392.819,192.819,0.35,0.4,0.6,0.65,0.05,0.05,76219.52,1776517391000
1776517393.273,193.273,0.35,0.36,0.64,0.65,0.01,0.01,76219.7,1776517392000
1776517393.647,193.647,0.36,0.38,0.62,0.64,0.02,0.02,76219.7,1776517392000
1776517394.072,194.072,0.37,0.38,0.62,0.63,0.01,0.01,76220.14,1776517393000
1776517394.411,194.411,0.37,0.39,0.61,0.63,0.02,0.02,76220.14,1776517393000
1776517394.843,194.843,0.38,0.39,0.61,0.62,0.01,0.01,76221.82,1776517394000
1776517395.447,195.447,0.38,0.39,0.61,0.62,0.01,0.01,76221.82,1776517394000
1776517395.857,195.857,0.38,0.39,0.61,0.62,0.01,0.01,76221.99,1776517395000
1776517396.888,196.888,0.38,0.39,0.61,0.62,0.01,0.01,76222.35,1776517396000
1776517397.434,197.434,0.38,0.39,0.61,0.62,0.01,0.01,76222.35,1776517396000
1776517397.876,197.876,0.38,0.39,0.61,0.62,0.01,0.01,76222.86,1776517397000
1776517398.936,198.936,0.38,0.39,0.61,0.62,0.01,0.01,76223.92,1776517398000
1776517399.908,199.908,0.38,0.39,0.61,0.62,0.01,0.01,76223.54,1776517399000
1776517400.763,200.763,0.38,0.39,0.61,0.62,0.01,0.01,76223.54,1776517399000
1776517401.099,201.099,0.38,0.4,0.6,0.62,0.02,0.02,76227.84,1776517400000
1776517401.44,201.44,0.4,0.43,0.58,0.6,0.03,0.02,76227.84,1776517400000
1776517401.782,201.782,0.41,0.42,0.59,0.6,0.01,0.01,76227.84,1776517400000
1776517402.13,202.13,0.41,0.43,0.56,0.58,0.02,0.02,76227.62,1776517401000
1776517402.537,202.537,0.42,0.43,0.57,0.58,0.01,0.01,76227.62,1776517401000
1776517402.946,202.946,0.42,0.43,0.57,0.58,0.01,0.01,76227.15,1776517402000
1776517403.931,203.931,0.42,0.43,0.57,0.58,0.01,0.01,76227.15,1776517402000
1776517404.646,204.646,0.42,0.43,0.57,0.58,0.01,0.01,76227.23,1776517403000
1776517405.348,205.348,0.42,0.43,0.57,0.58,0.01,0.01,76226.88,1776517404000
1776517406.029,206.029,0.42,0.43,0.57,0.58,0.01,0.01,76226.88,1776517404000
1776517406.368,206.368,0.42,0.43,0.57,0.58,0.01,0.01,76226.38,1776517405000
1776517407.047,207.047,0.42,0.43,0.57,0.58,0.01,0.01,76225.79,1776517406000
1776517407.883,207.883,0.42,0.43,0.57,0.58,0.01,0.01,76225.79,1776517406000
1776517408.512,208.512,0.42,0.43,0.57,0.58,0.01,0.01,76225.79,1776517407000
1776517408.854,208.854,0.42,0.43,0.57,0.58,0.01,0.01,76225.79,1776517407000
1776517409.428,209.428,0.42,0.43,0.57,0.58,0.01,0.01,76225,1776517408000
1776517410.525,210.525,0.42,0.43,0.57,0.58,0.01,0.01,76228.55,1776517409000
1776517410.991,210.991,0.42,0.43,0.57,0.58,0.01,0.01,76228.55,1776517409000
1776517411.398,211.398,0.42,0.43,0.57,0.58,0.01,0.01,76228.55,1776517410000
1776517411.805,211.805,0.43,0.44,0.56,0.57,0.01,0.01,76228.55,1776517410000
1776517412.153,212.153,0.46,0.47,0.53,0.54,0.01,0.01,76228.55,1776517410000
1776517413.081,213.081,0.46,0.47,0.52,0.54,0.01,0.02,76230.67,1776517411000
1776517413.705,213.705,0.46,0.47,0.53,0.54,0.01,0.01,76231.13,1776517412000
1776517414.242,214.242,0.46,0.47,0.53,0.54,0.01,0.01,76231.13,1776517412000
1776517414.734,214.734,0.46,0.48,0.53,0.54,0.02,0.01,76232.3,1776517413000
1776517415.114,215.114,0.46,0.48,0.52,0.54,0.02,0.02,76232.14,1776517414000
1776517415.727,215.727,0.46,0.48,0.52,0.54,0.02,0.02,76232.14,1776517414000
1776517416.318,216.318,0.46,0.48,0.52,0.54,0.02,0.02,76233.63,1776517415000
1776517416.665,216.665,0.47,0.49,0.51,0.53,0.02,0.02,76233.63,1776517415000
1776517417.131,217.131,0.48,0.49,0.51,0.52,0.01,0.01,76233.63,1776517415000
1776517417.481,217.481,0.48,0.5,0.48,0.52,0.02,0.04,76233.63,1776517415000
1776517417.862,217.862,0.49,0.5,0.47,0.52,0.01,0.05,76235.49,1776517416000
1776517418.216,218.216,0.49,0.51,0.49,0.51,0.02,0.02,76235.49,1776517417000
1776517418.655,218.655,0.5,0.51,0.49,0.5,0.01,0.01,76235.49,1776517417000
1776517418.99,218.99,0.51,0.52,0.48,0.5,0.01,0.02,76235.49,1776517417000
1776517419.339,219.339,0.51,0.53,0.47,0.49,0.02,0.02,76235.49,1776517417000
1776517419.751,219.751,0.52,0.53,0.47,0.48,0.01,0.01,76235.49,1776517417000
1776517420.175,220.175,0.52,0.53,0.47,0.48,0.01,0.01,76235.49,1776517417000
1776517422.182,222.182,0.52,0.54,0.47,0.48,0.02,0.01,76235.48,1776517419000
1776517423.291,223.291,0.52,0.53,0.47,0.48,0.01,0.01,76225.59,1776517422000
1776517423.883,223.883,0.52,0.54,0.47,0.48,0.02,0.01,76225.59,1776517422000
1776517424.293,224.293,0.52,0.53,0.46,0.48,0.01,0.02,76225.59,1776517422000
1776517424.698,224.698,0.52,0.53,0.47,0.48,0.01,0.01,76225.59,1776517422000
1776517425.103,225.103,0.47,0.48,0.52,0.53,0.01,0.01,76216.5,1776517423000
1776517425.509,225.509,0.42,0.44,0.55,0.58,0.02,0.03,76216.5,1776517423000
1776517425.913,225.913,0.42,0.45,0.55,0.58,0.03,0.03,76216.54,1776517424000
1776517426.32,226.32,0.38,0.39,0.61,0.62,0.01,0.01,76216.54,1776517424000
1776517426.723,226.723,0.4,0.41,0.59,0.6,0.01,0.01,76216.54,1776517425000
1776517427.077,227.077,0.38,0.39,0.61,0.62,0.01,0.01,76216.54,1776517425000
1776517427.533,227.533,0.38,0.39,0.59,0.62,0.01,0.03,76217.05,1776517426000
1776517428.015,228.015,0.38,0.39,0.61,0.62,0.01,0.01,76217.05,1776517426000
1776517428.591,228.591,0.36,0.37,0.63,0.64,0.01,0.01,76217.05,1776517426000
1776517428.997,228.997,0.36,0.37,0.63,0.64,0.01,0.01,76216.19,1776517427000
1776517429.401,229.401,0.32,0.36,0.64,0.65,0.04,0.01,76216.19,1776517427000
1776517429.805,229.805,0.33,0.35,0.65,0.67,0.02,0.02,76216.19,1776517427000
1776517430.199,230.199,0.31,0.34,0.66,0.69,0.03,0.03,76214.89,1776517428000
1776517430.616,230.616,0.31,0.33,0.68,0.69,0.02,0.01,76214.89,1776517428000
1776517431.227,231.227,0.3,0.31,0.68,0.69,0.01,0.01,76216.47,1776517429000
1776517431.57,231.57,0.3,0.31,0.69,0.7,0.01,0.01,76216.07,1776517430000
1776517431.99,231.99,0.3,0.31,0.69,0.7,0.01,0.01,76216.07,1776517430000
1776517432.414,232.414,0.3,0.31,0.69,0.7,0.01,0.01,76216.07,1776517431000
1776517432.766,232.766,0.3,0.31,0.69,0.7,0.01,0.01,76216.07,1776517431000
1776517433.13,233.13,0.31,0.32,0.68,0.69,0.01,0.01,76216.07,1776517431000
1776517433.47,233.47,0.32,0.33,0.67,0.68,0.01,0.01,76216.87,1776517432000
1776517433.995,233.995,0.32,0.33,0.67,0.68,0.01,0.01,76216.87,1776517432000
1776517434.368,234.368,0.32,0.33,0.67,0.68,0.01,0.01,76216.87,1776517432000
1776517434.708,234.708,0.31,0.32,0.67,0.69,0.01,0.02,76216.87,1776517432000
1776517435.081,235.081,0.32,0.33,0.68,0.69,0.01,0.01,76217.76,1776517433000
1776517435.443,235.443,0.32,0.33,0.67,0.68,0.01,0.01,76217.76,1776517433000
1776517435.789,235.789,0.34,0.35,0.65,0.66,0.01,0.01,76217.35,1776517434000
1776517436.249,236.249,0.34,0.35,0.65,0.66,0.01,0.01,76217.35,1776517434000
1776517437.021,237.021,0.34,0.35,0.65,0.66,0.01,0.01,76220.25,1776517435000
1776517437.376,237.376,0.34,0.35,0.65,0.66,0.01,0.01,76220.3,1776517436000
1776517437.98,237.98,0.34,0.35,0.65,0.66,0.01,0.01,76220.3,1776517436000
1776517438.577,238.577,0.33,0.35,0.65,0.66,0.02,0.01,76220.3,1776517436000
1776517438.931,238.931,0.28,0.3,0.7,0.72,0.02,0.02,76214.47,1776517437000
1776517439.726,239.726,0.28,0.3,0.7,0.72,0.02,0.02,76215.72,1776517438000
1776517440.065,240.065,0.29,0.3,0.7,0.71,0.01,0.01,76215.72,1776517438000
1776517440.632,240.632,0.29,0.3,0.7,0.71,0.01,0.01,76217.7,1776517439000
1776517441.735,241.735,0.29,0.3,0.7,0.71,0.01,0.01,76216.96,1776517440000
1776517442.117,242.117,0.29,0.3,0.7,0.71,0.01,0.01,76216.96,1776517440000
1776517442.506,242.506,0.29,0.3,0.7,0.71,0.01,0.01,76215.82,1776517441000
1776517442.85,242.85,0.27,0.3,0.7,0.73,0.03,0.03,76215.82,1776517441000
1776517443.222,243.222,0.25,0.26,0.72,0.74,0.01,0.02,76211.34,1776517442000
1776517443.568,243.568,0.23,0.26,0.74,0.76,0.03,0.02,76211.34,1776517442000
1776517444.053,244.053,0.21,0.24,0.75,0.78,0.03,0.03,76211.34,1776517442000
1776517445.114,245.114,0.21,0.24,0.76,0.79,0.03,0.03,76206.25,1776517444000
1776517445.984,245.984,0.22,0.23,0.76,0.79,0.01,0.03,76206.25,1776517444000
1776517446.32,246.32,0.22,0.23,0.77,0.78,0.01,0.01,76205.09,1776517445000
1776517446.786,246.786,0.2,0.22,0.78,0.84,0.02,0.06,76205.09,1776517445000
1776517447.285,247.285,0.15,0.17,0.82,0.85,0.02,0.03,76204.5,1776517446000
1776517447.658,247.658,0.16,0.17,0.83,0.85,0.01,0.02,76204.5,1776517446000
1776517448.021,248.021,0.16,0.17,0.83,0.84,0.01,0.01,76203.32,1776517447000
1776517448.391,248.391,0.15,0.16,0.84,0.85,0.01,0.01,76203.32,1776517447000
1776517448.801,248.801,0.15,0.16,0.84,0.85,0.01,0.01,76203.32,1776517447000
1776517449.17,249.17,0.14,0.15,0.85,0.86,0.01,0.01,76201.81,1776517448000
1776517449.53,249.53,0.14,0.15,0.85,0.86,0.01,0.01,76201.81,1776517448000
1776517450.08,250.08,0.14,0.15,0.85,0.86,0.01,0.01,76202.47,1776517449000
1776517450.546,250.546,0.13,0.14,0.86,0.87,0.01,0.01,76202.47,1776517449000
1776517450.905,250.905,0.13,0.14,0.86,0.87,0.01,0.01,76202.47,1776517449000
1776517451.478,251.478,0.13,0.14,0.86,0.87,0.01,0.01,76200.04,1776517450000
1776517451.92,251.92,0.12,0.14,0.86,0.88,0.02,0.02,76201.17,1776517451000
1776517452.872,252.872,0.11,0.13,0.87,0.88,0.02,0.01,76201.17,1776517451000
1776517453.211,253.211,0.1,0.11,0.89,0.9,0.01,0.01,76201.17,1776517452000
1776517453.647,253.647,0.09,0.1,0.9,0.91,0.01,0.01,76201.17,1776517452000
1776517453.995,253.995,0.08,0.09,0.91,0.92,0.01,0.01,76201.17,1776517452000
1776517454.489,254.489,0.07,0.08,0.92,0.93,0.01,0.01,76201.17,1776517452000
1776517454.91,254.91,0.07,0.08,0.92,0.93,0.01,0.01,76200.41,1776517453000
1776517455.343,255.343,0.06,0.07,0.93,0.94,0.01,0.01,76194.53,1776517454000
1776517455.742,255.742,0.06,0.07,0.93,0.94,0.01,0.01,76194.53,1776517454000
1776517456.102,256.102,0.06,0.07,0.93,0.94,0.01,0.01,76194.53,1776517454000
1776517456.452,256.452,0.06,0.07,0.93,0.94,0.01,0.01,76194.53,1776517454000
1776517456.846,256.846,0.06,0.07,0.93,0.94,0.01,0.01,76194.87,1776517455000
1776517457.192,257.192,0.06,0.07,0.93,0.94,0.01,0.01,76195.24,1776517456000
1776517457.532,257.532,0.06,0.07,0.93,0.94,0.01,0.01,76195.24,1776517456000
1776517457.91,257.91,0.06,0.07,0.93,0.94,0.01,0.01,76195.24,1776517456000
1776517458.273,258.273,0.06,0.07,0.93,0.94,0.01,0.01,76194.65,1776517457000
1776517458.635,258.635,0.06,0.07,0.93,0.94,0.01,0.01,76194.65,1776517457000
1776517459.019,259.019,0.06,0.07,0.93,0.94,0.01,0.01,76194.65,1776517457000
1776517459.362,259.362,0.06,0.07,0.93,0.94,0.01,0.01,76194.65,1776517457000
1776517459.716,259.716,0.06,0.07,0.93,0.94,0.01,0.01,76194.51,1776517458000
1776517460.205,260.205,0.06,0.07,0.93,0.94,0.01,0.01,76194.52,1776517459000
1776517460.872,260.872,0.06,0.07,0.93,0.94,0.01,0.01,76194.52,1776517459000
1776517461.581,261.581,0.06,0.07,0.93,0.94,0.01,0.01,76196.08,1776517460000
1776517462.043,262.043,0.06,0.07,0.93,0.94,0.01,0.01,76196.07,1776517461000
1776517462.557,262.557,0.06,0.07,0.93,0.94,0.01,0.01,76196.07,1776517461000
1776517463.064,263.064,0.05,0.06,0.93,0.95,0.01,0.02,76196.07,1776517461000
1776517463.481,263.481,0.05,0.06,0.94,0.95,0.01,0.01,76196.16,1776517462000
1776517464.0,264.0,0.05,0.06,0.94,0.95,0.01,0.01,76196.16,1776517462000
1776517464.475,264.475,0.05,0.06,0.94,0.95,0.01,0.01,76196.16,1776517462000
1776517464.894,264.894,0.05,0.06,0.94,0.95,0.01,0.01,76195.57,1776517463000
1776517465.258,265.258,0.05,0.06,0.94,0.95,0.01,0.01,76195.57,1776517463000
1776517465.793,265.793,0.05,0.06,0.94,0.95,0.01,0.01,76195.44,1776517464000
1776517466.158,266.158,0.04,0.05,0.95,0.96,0.01,0.01,76193.36,1776517465000
1776517466.523,266.523,0.04,0.05,0.95,0.96,0.01,0.01,76193.36,1776517465000
1776517466.857,266.857,0.04,0.05,0.95,0.96,0.01,0.01,76193.36,1776517465000
1776517467.21,267.21,0.04,0.05,0.95,0.96,0.01,0.01,76193.36,1776517465000
1776517467.58,267.58,0.04,0.05,0.95,0.96,0.01,0.01,76193.36,1776517465000
1776517467.919,267.919,0.04,0.05,0.95,0.96,0.01,0.01,76193.36,1776517465000
1776517468.372,268.372,0.04,0.05,0.95,0.96,0.01,0.01,76193.68,1776517466000
1776517468.726,268.726,0.04,0.05,0.95,0.96,0.01,0.01,76189.85,1776517467000
1776517469.09,269.09,0.04,0.05,0.95,0.96,0.01,0.01,76189.85,1776517467000
1776517469.481,269.481,0.04,0.05,0.95,0.96,0.01,0.01,76185.14,1776517468000
1776517469.964,269.964,0.04,0.05,0.95,0.96,0.01,0.01,76185.14,1776517468000
1776517470.397,270.397,0.04,0.05,0.95,0.96,0.01,0.01,76185.14,1776517468000
1776517470.733,270.733,0.03,0.04,0.96,0.97,0.01,0.01,76180.56,1776517469000
1776517471.12,271.12,0.03,0.04,0.96,0.97,0.01,0.01,76180.56,1776517469000
1776517471.459,271.459,0.03,0.04,0.96,0.97,0.01,0.01,76180.56,1776517469000
1776517471.814,271.814,0.03,0.04,0.96,0.97,0.01,0.01,76180.56,1776517470000
1776517472.162,272.162,0.03,0.04,0.96,0.97,0.01,0.01,76180.56,1776517470000
1776517472.502,272.502,0.03,0.04,0.96,0.97,0.01,0.01,76180.56,1776517471000
1776517472.855,272.855,0.03,0.04,0.96,0.97,0.01,0.01,76180.56,1776517471000
1776517473.206,273.206,0.03,0.04,0.96,0.97,0.01,0.01,76181.27,1776517472000
1776517473.556,273.556,0.03,0.04,0.96,0.97,0.01,0.01,76181.27,1776517472000
1776517473.91,273.91,0.03,0.04,0.96,0.97,0.01,0.01,76181.27,1776517472000
1776517474.284,274.284,0.03,0.04,0.96,0.97,0.01,0.01,76181.68,1776517473000
1776517474.64,274.64,0.03,0.04,0.96,0.97,0.01,0.01,76181.68,1776517473000
1776517475.001,275.001,0.02,0.03,0.97,0.98,0.01,0.01,76181.68,1776517473000
1776517475.351,275.351,0.02,0.03,0.97,0.98,0.01,0.01,76181.68,1776517474000
1776517475.686,275.686,0.02,0.03,0.97,0.98,0.01,0.01,76181.68,1776517474000
1776517476.022,276.022,0.02,0.03,0.97,0.98,0.01,0.01,76181.68,1776517474000
1776517476.406,276.406,0.02,0.03,0.97,0.98,0.01,0.01,76173.57,1776517475000
1776517476.752,276.752,0.02,0.03,0.97,0.98,0.01,0.01,76173.57,1776517475000
1776517477.1,277.1,0.02,0.03,0.97,0.98,0.01,0.01,76173.57,1776517475000
1776517477.595,277.595,0.02,0.03,0.97,0.98,0.01,0.01,76172.39,1776517476000
1776517477.942,277.942,0.02,0.03,0.97,0.98,0.01,0.01,76172.39,1776517476000
1776517478.323,278.323,0.02,0.03,0.97,0.98,0.01,0.01,76172.14,1776517477000
1776517478.688,278.688,0.01,0.03,0.97,0.98,0.02,0.01,76172.14,1776517477000
1776517479.045,279.045,0.01,0.02,0.98,0.99,0.01,0.01,76172.14,1776517477000
1776517479.402,279.402,0.01,0.02,0.98,0.99,0.01,0.01,76169.55,1776517478000
1776517479.764,279.764,0.01,0.02,0.98,0.99,0.01,0.01,76169.55,1776517478000
1776517480.162,280.162,0.01,0.02,0.98,0.99,0.01,0.01,76169.55,1776517478000
1776517480.562,280.562,0.01,0.02,0.98,0.99,0.01,0.01,76164.25,1776517479000
1776517480.918,280.918,0.01,0.02,0.98,0.99,0.01,0.01,76164.25,1776517479000
1776517481.365,281.365,0.01,0.02,0.98,0.99,0.01,0.01,76164.25,1776517480000
1776517481.71,281.71,0.01,0.02,0.98,0.99,0.01,0.01,76164.25,1776517480000
1776517482.184,282.184,0.01,0.02,0.98,0.99,0.01,0.01,76162.22,1776517481000
1776517482.543,282.543,0.01,0.02,0.98,0.99,0.01,0.01,76162.22,1776517481000
1776517482.952,282.952,0.01,0.02,0.98,0.99,0.01,0.01,76161.3,1776517482000
1776517483.321,283.321,0.01,0.02,0.98,0.99,0.01,0.01,76161.3,1776517482000
1776517483.671,283.671,0.01,0.02,0.98,0.99,0.01,0.01,76161.3,1776517482000
1776517484.011,284.011,0.01,0.02,0.98,0.99,0.01,0.01,76158.97,1776517483000
1776517484.487,284.487,0.01,0.01,0.99,0.99,0.0,0.0,76158.97,1776517483000
1776517485.035,285.035,0.01,0.01,0.99,0.99,0.0,0.0,76158.97,1776517483000
1776517485.498,285.498,0.01,0.01,0.99,0.99,0.0,0.0,76158.97,1776517483000
1776517485.993,285.993,0.01,0.01,0.99,0.99,0.0,0.0,76160.7,1776517484000
1776517486.841,286.841,0.01,0.01,0.99,0.99,0.0,0.0,76179.14,1776517486000
1776517487.174,287.174,0.01,0.01,0.99,0.99,0.0,0.0,76179.14,1776517486000
1776517487.633,287.633,0.01,0.01,0.99,0.99,0.0,0.0,76179.14,1776517486000
1776517488.474,288.474,0.01,0.01,0.99,0.99,0.0,0.0,76181.55,1776517487000
1776517488.953,288.953,0.01,0.01,0.99,0.99,0.0,0.0,76181.41,1776517488000
1776517489.458,289.458,0.01,0.01,0.99,0.99,0.0,0.0,76181.41,1776517488000
1776517489.936,289.936,0.01,0.01,0.99,0.99,0.0,0.0,76180.12,1776517489000
1776517490.383,290.383,0.01,0.01,0.99,0.99,0.0,0.0,76180.12,1776517489000
1776517490.952,290.952,0.01,0.01,0.99,0.99,0.0,0.0,76180.12,1776517489000
1776517491.608,291.608,0.01,0.01,0.99,0.99,0.0,0.0,76180.48,1776517490000
1776517492.03,292.03,0.01,0.01,0.99,0.99,0.0,0.0,76177.99,1776517491000
1776517492.364,292.364,0.01,0.01,0.99,0.99,0.0,0.0,76177.99,1776517491000
1776517492.792,292.792,0.01,0.01,0.99,0.99,0.0,0.0,76177.99,1776517491000
1776517493.203,293.203,0.01,0.01,0.99,0.99,0.0,0.0,76174.47,1776517492000
1776517493.664,293.664,0.01,0.01,0.99,0.99,0.0,0.0,76174.47,1776517492000
1776517494.138,294.138,0.01,0.01,0.99,0.99,0.0,0.0,76173.01,1776517493000
1776517494.899,294.899,0.01,0.01,0.99,0.99,0.0,0.0,76173.01,1776517493000
1776517495.59,295.59,0.01,0.01,0.99,0.99,0.0,0.0,76173.01,1776517494000
1776517496.178,296.178,0.01,0.01,0.99,0.99,0.0,0.0,76174.43,1776517495000
1776517497.025,297.025,0.01,0.01,0.99,0.99,0.0,0.0,76174.43,1776517495000
1776517497.814,297.814,0.01,0.01,0.99,0.99,0.0,0.0,76176.38,1776517496000
1776517498.268,298.268,0.01,0.01,0.99,0.99,0.0,0.0,76177.64,1776517497000
1776517499.28,299.28,0.01,0.01,0.99,0.99,0.0,0.0,76177.64,1776517497000
1776517500.018,300.018,0.01,0.01,0.99,0.99,0.0,0.0,76178.19,1776517498000
1776517500.384,300.384,0.01,0.01,0.99,0.99,0.0,0.0,76178.19,1776517498000
1776517500.732,300.732,0.01,0.01,0.99,0.99,0.0,0.0,76178.94,1776517499000
1776517502.161,302.161,0.01,0.01,0.99,0.99,0.0,0.0,76179.68,1776517501000

# RESULT,winner=Down,slug=btc-updown-5m-1776517200,ticks=616
