timestamp,elapsed_sec,up_bid,up_ask,down_bid,down_ask,up_spread,down_spread,btc_price,btc_oracle_ts
1776910800.592,0.592,0.53,0.54,0.47,0.48,0.01,0.01,78143.34,1776910799000
1776910801.025,1.025,0.53,0.54,0.46,0.47,0.01,0.01,78143.34,1776910799000
1776910801.75,1.75,0.53,0.54,0.46,0.47,0.01,0.01,78130.55,1776910800000
1776910802.115,2.115,0.53,0.54,0.46,0.47,0.01,0.01,78130.55,1776910800000
1776910802.46,2.46,0.53,0.54,0.46,0.47,0.01,0.01,78126.0,1776910801000
1776910802.826,2.826,0.51,0.54,0.46,0.49,0.03,0.03,78126.0,1776910801000
1776910803.197,3.197,0.5,0.54,0.46,0.5,0.04,0.04,78126.0,1776910801000
1776910803.604,3.604,0.53,0.54,0.46,0.47,0.01,0.01,78126.0,1776910801000
1776910803.952,3.952,0.53,0.54,0.46,0.47,0.01,0.01,78126.35,1776910802000
1776910804.288,4.288,0.53,0.54,0.46,0.47,0.01,0.01,78126.15,1776910803000
1776910804.625,4.625,0.53,0.54,0.46,0.47,0.01,0.01,78126.15,1776910803000
1776910804.972,4.972,0.53,0.54,0.46,0.47,0.01,0.01,78126.15,1776910803000
1776910805.319,5.319,0.54,0.55,0.45,0.47,0.01,0.02,78126.15,1776910803000
1776910805.668,5.668,0.54,0.55,0.45,0.46,0.01,0.01,78125.29,1776910804000
1776910806.169,6.169,0.55,0.56,0.45,0.46,0.01,0.01,78125.29,1776910804000
1776910806.514,6.514,0.55,0.56,0.44,0.45,0.01,0.01,78125.29,1776910804000
1776910806.873,6.873,0.55,0.56,0.44,0.45,0.01,0.01,78135.07,1776910805000
1776910807.207,7.207,0.61,0.62,0.38,0.39,0.01,0.01,78135.07,1776910805000
1776910807.668,7.668,0.62,0.63,0.37,0.39,0.01,0.02,78135.07,1776910805000
1776910808.069,8.069,0.62,0.64,0.36,0.38,0.02,0.02,78138.56,1776910806000
1776910808.418,8.418,0.62,0.63,0.37,0.38,0.01,0.01,78152.12,1776910807000
1776910808.939,8.939,0.63,0.66,0.35,0.38,0.03,0.03,78152.12,1776910807000
1776910809.328,9.328,0.66,0.67,0.33,0.34,0.01,0.01,78152.12,1776910807000
1776910809.704,9.704,0.63,0.67,0.33,0.37,0.04,0.04,78161.21,1776910808000
1776910810.183,10.183,0.63,0.64,0.33,0.37,0.01,0.04,78161.21,1776910808000
1776910810.544,10.544,0.66,0.67,0.33,0.37,0.01,0.04,78161.21,1776910808000
1776910810.89,10.89,0.66,0.67,0.33,0.34,0.01,0.01,78168.38,1776910809000
1776910811.316,11.316,0.66,0.67,0.33,0.34,0.01,0.01,78168.38,1776910809000
1776910811.679,11.679,0.66,0.68,0.32,0.34,0.02,0.02,78168.38,1776910809000
1776910812.048,12.048,0.65,0.68,0.32,0.35,0.03,0.03,78165.77,1776910810000
1776910812.477,12.477,0.65,0.66,0.34,0.35,0.01,0.01,78165.77,1776910810000
1776910812.821,12.821,0.65,0.66,0.34,0.35,0.01,0.01,78165.77,1776910810000
1776910813.173,13.173,0.65,0.66,0.34,0.35,0.01,0.01,78166.52,1776910811000
1776910813.657,13.657,0.65,0.66,0.34,0.35,0.01,0.01,78166.52,1776910811000
1776910814.043,14.043,0.65,0.66,0.34,0.35,0.01,0.01,78166.52,1776910811000
1776910814.541,14.541,0.65,0.66,0.34,0.35,0.01,0.01,78169.41,1776910812000
1776910815.05,15.05,0.65,0.66,0.34,0.35,0.01,0.01,78169.41,1776910812000
1776910815.523,15.523,0.65,0.66,0.34,0.35,0.01,0.01,78169.41,1776910812000
1776910815.869,15.869,0.65,0.66,0.34,0.35,0.01,0.01,78164.54,1776910813000
1776910816.416,16.416,0.65,0.66,0.34,0.35,0.01,0.01,78164.54,1776910813000
1776910816.796,16.796,0.65,0.66,0.34,0.35,0.01,0.01,78164.54,1776910813000
1776910817.133,17.133,0.66,0.69,0.32,0.34,0.03,0.02,78161.99,1776910814000
1776910817.512,17.512,0.66,0.67,0.33,0.34,0.01,0.01,78161.97,1776910815000
1776910818.073,18.073,0.66,0.67,0.33,0.34,0.01,0.01,78161.97,1776910815000
1776910818.551,18.551,0.66,0.67,0.33,0.34,0.01,0.01,78161.97,1776910815000
1776910818.948,18.948,0.66,0.67,0.33,0.34,0.01,0.01,78161.8,1776910816000
1776910819.607,19.607,0.66,0.67,0.33,0.34,0.01,0.01,78161.8,1776910816000
1776910819.988,19.988,0.65,0.66,0.34,0.35,0.01,0.01,78161.8,1776910816000
1776910821.21,21.21,0.65,0.66,0.34,0.35,0.01,0.01,78172.81,1776910818000
1776910821.791,21.791,0.65,0.66,0.34,0.35,0.01,0.01,78171.24,1776910819000
1776910822.571,22.571,0.65,0.66,0.34,0.35,0.01,0.01,78171.24,1776910819000
1776910823.432,23.432,0.65,0.66,0.34,0.35,0.01,0.01,78166.01,1776910821000
1776910823.922,23.922,0.65,0.66,0.34,0.35,0.01,0.01,78164.89,1776910822000
1776910824.262,24.262,0.65,0.66,0.34,0.36,0.01,0.02,78164.89,1776910822000
1776910824.604,24.604,0.65,0.66,0.34,0.35,0.01,0.01,78164.83,1776910823000
1776910825.037,25.037,0.65,0.66,0.34,0.35,0.01,0.01,78164.83,1776910823000
1776910825.385,25.385,0.65,0.67,0.33,0.34,0.02,0.01,78164.83,1776910824000
1776910825.727,25.727,0.68,0.69,0.31,0.32,0.01,0.01,78164.83,1776910824000
1776910826.319,26.319,0.69,0.7,0.28,0.32,0.01,0.04,78164.83,1776910824000
1776910826.658,26.658,0.69,0.7,0.3,0.31,0.01,0.01,78165.18,1776910825000
1776910827.311,27.311,0.69,0.7,0.3,0.31,0.01,0.01,78165.18,1776910825000
1776910828.022,28.022,0.69,0.7,0.3,0.31,0.01,0.01,78165.18,1776910825000
1776910828.936,28.936,0.69,0.7,0.3,0.31,0.01,0.01,78177.58,1776910827000
1776910829.327,29.327,0.73,0.74,0.26,0.27,0.01,0.01,78177.58,1776910827000
1776910829.751,29.751,0.73,0.76,0.25,0.27,0.03,0.02,78184.06,1776910828000
1776910830.554,30.554,0.7,0.75,0.24,0.27,0.05,0.03,78185.8,1776910829000
1776910830.958,30.958,0.72,0.73,0.24,0.28,0.01,0.04,78185.8,1776910829000
1776910831.41,31.41,0.75,0.76,0.24,0.25,0.01,0.01,78190.94,1776910830000
1776910831.797,31.797,0.74,0.75,0.25,0.26,0.01,0.01,78190.94,1776910830000
1776910832.154,32.154,0.71,0.75,0.25,0.26,0.04,0.01,78190.94,1776910830000
1776910832.502,32.502,0.72,0.73,0.27,0.28,0.01,0.01,78192.03,1776910831000
1776910832.895,32.895,0.71,0.72,0.27,0.29,0.01,0.02,78192.03,1776910831000
1776910833.235,33.235,0.71,0.72,0.28,0.29,0.01,0.01,78191.9,1776910832000
1776910833.831,33.831,0.72,0.73,0.27,0.28,0.01,0.01,78191.9,1776910832000
1776910834.36,34.36,0.72,0.73,0.27,0.28,0.01,0.01,78191.9,1776910832000
1776910834.71,34.71,0.72,0.73,0.27,0.28,0.01,0.01,78183.55,1776910833000
1776910835.078,35.078,0.72,0.73,0.27,0.28,0.01,0.01,78183.55,1776910833000
1776910835.514,35.514,0.72,0.73,0.27,0.28,0.01,0.01,78187.43,1776910834000
1776910835.977,35.977,0.72,0.73,0.27,0.28,0.01,0.01,78187.43,1776910834000
1776910836.414,36.414,0.72,0.73,0.27,0.28,0.01,0.01,78186.73,1776910835000
1776910836.866,36.866,0.72,0.73,0.27,0.28,0.01,0.01,78186.73,1776910835000
1776910837.271,37.271,0.72,0.73,0.27,0.28,0.01,0.01,78187.43,1776910836000
1776910837.702,37.702,0.72,0.73,0.27,0.28,0.01,0.01,78187.43,1776910836000
1776910838.087,38.087,0.72,0.73,0.27,0.28,0.01,0.01,78187.43,1776910836000
1776910838.432,38.432,0.72,0.73,0.27,0.28,0.01,0.01,78187.43,1776910837000
1776910839.002,39.002,0.72,0.73,0.27,0.28,0.01,0.01,78187.18,1776910838000
1776910839.424,39.424,0.72,0.73,0.27,0.28,0.01,0.01,78187.18,1776910838000
1776910840.257,40.257,0.72,0.73,0.27,0.28,0.01,0.01,78188.34,1776910839000
1776910840.63,40.63,0.73,0.74,0.26,0.28,0.01,0.02,78188.34,1776910839000
1776910840.995,40.995,0.72,0.73,0.27,0.28,0.01,0.01,78188.34,1776910839000
1776910841.48,41.48,0.72,0.73,0.27,0.28,0.01,0.01,78191.68,1776910840000
1776910842.055,42.055,0.72,0.73,0.27,0.28,0.01,0.01,78191.29,1776910841000
1776910842.417,42.417,0.72,0.73,0.27,0.28,0.01,0.01,78191.29,1776910841000
1776910842.782,42.782,0.72,0.73,0.27,0.28,0.01,0.01,78191.29,1776910841000
1776910843.201,43.201,0.72,0.73,0.27,0.28,0.01,0.01,78191.29,1776910841000
1776910843.562,43.562,0.72,0.73,0.27,0.28,0.01,0.01,78191.29,1776910841000
1776910843.947,43.947,0.72,0.73,0.27,0.28,0.01,0.01,78186.75,1776910842000
1776910844.824,44.824,0.72,0.74,0.26,0.28,0.02,0.02,78183.8,1776910843000
1776910845.247,45.247,0.73,0.75,0.25,0.27,0.02,0.02,78183.8,1776910843000
1776910845.693,45.693,0.74,0.75,0.25,0.26,0.01,0.01,78183.8,1776910843000
1776910846.109,46.109,0.74,0.75,0.25,0.26,0.01,0.01,78182.99,1776910844000
1776910846.442,46.442,0.74,0.75,0.25,0.26,0.01,0.01,78182.99,1776910844000
1776910846.92,46.92,0.74,0.75,0.25,0.26,0.01,0.01,78186.56,1776910845000
1776910847.31,47.31,0.74,0.75,0.25,0.26,0.01,0.01,78186.56,1776910845000
1776910847.663,47.663,0.74,0.75,0.25,0.26,0.01,0.01,78186.99,1776910846000
1776910848.03,48.03,0.74,0.75,0.25,0.26,0.01,0.01,78187.27,1776910847000
1776910848.43,48.43,0.74,0.75,0.25,0.26,0.01,0.01,78187.27,1776910847000
1776910848.79,48.79,0.74,0.75,0.25,0.26,0.01,0.01,78187.27,1776910847000
1776910849.148,49.148,0.74,0.75,0.25,0.26,0.01,0.01,78187.27,1776910847000
1776910849.577,49.577,0.74,0.75,0.25,0.26,0.01,0.01,78187.27,1776910848000
1776910849.988,49.988,0.74,0.75,0.25,0.26,0.01,0.01,78187.27,1776910848000
1776910850.5,50.5,0.74,0.75,0.25,0.26,0.01,0.01,78186.76,1776910849000
1776910850.858,50.858,0.74,0.75,0.25,0.26,0.01,0.01,78186.76,1776910849000
1776910851.363,51.363,0.74,0.75,0.25,0.26,0.01,0.01,78186.76,1776910850000
1776910851.729,51.729,0.74,0.75,0.25,0.26,0.01,0.01,78186.76,1776910850000
1776910852.243,52.243,0.74,0.75,0.25,0.26,0.01,0.01,78186.49,1776910851000
1776910852.732,52.732,0.74,0.75,0.25,0.26,0.01,0.01,78186.49,1776910851000
1776910853.118,53.118,0.74,0.75,0.25,0.26,0.01,0.01,78186.49,1776910851000
1776910853.473,53.473,0.74,0.77,0.25,0.26,0.03,0.01,78186.49,1776910851000
1776910853.861,53.861,0.77,0.78,0.22,0.23,0.01,0.01,78186.2,1776910852000
1776910854.281,54.281,0.77,0.78,0.22,0.23,0.01,0.01,78186.2,1776910852000
1776910854.643,54.643,0.77,0.78,0.22,0.23,0.01,0.01,78185.89,1776910853000
1776910854.98,54.98,0.77,0.78,0.22,0.23,0.01,0.01,78185.89,1776910853000
1776910855.371,55.371,0.77,0.78,0.22,0.23,0.01,0.01,78185.99,1776910854000
1776910855.869,55.869,0.77,0.78,0.22,0.23,0.01,0.01,78185.99,1776910854000
1776910856.219,56.219,0.76,0.77,0.22,0.24,0.01,0.02,78185.99,1776910854000
1776910856.795,56.795,0.76,0.77,0.23,0.24,0.01,0.01,78195.28,1776910855000
1776910857.242,57.242,0.76,0.77,0.23,0.24,0.01,0.01,78195.28,1776910855000
1776910858.012,58.012,0.76,0.77,0.23,0.24,0.01,0.01,78193.31,1776910856000
1776910858.676,58.676,0.76,0.77,0.23,0.24,0.01,0.01,78195.16,1776910857000
1776910859.206,59.206,0.76,0.77,0.23,0.24,0.01,0.01,78195.16,1776910857000
1776910859.609,59.609,0.76,0.77,0.23,0.24,0.01,0.01,78195.66,1776910858000
1776910860.105,60.105,0.77,0.78,0.22,0.23,0.01,0.01,78195.66,1776910858000
1776910860.481,60.481,0.77,0.78,0.22,0.23,0.01,0.01,78194.78,1776910859000
1776910860.835,60.835,0.77,0.78,0.22,0.23,0.01,0.01,78194.78,1776910859000
1776910861.173,61.173,0.75,0.76,0.24,0.25,0.01,0.01,78194.78,1776910859000
1776910861.552,61.552,0.75,0.76,0.24,0.25,0.01,0.01,78194.73,1776910860000
1776910861.959,61.959,0.73,0.74,0.26,0.27,0.01,0.01,78194.73,1776910860000
1776910862.306,62.306,0.73,0.74,0.26,0.27,0.01,0.01,78194.73,1776910860000
1776910862.678,62.678,0.74,0.76,0.25,0.27,0.02,0.02,78194.73,1776910860000
1776910863.144,63.144,0.77,0.78,0.22,0.26,0.01,0.04,78194.73,1776910860000
1776910863.529,63.529,0.78,0.79,0.21,0.22,0.01,0.01,78192.58,1776910861000
1776910863.872,63.872,0.79,0.8,0.2,0.22,0.01,0.02,78192.58,1776910861000
1776910864.458,64.458,0.79,0.8,0.2,0.21,0.01,0.01,78190.91,1776910862000
1776910864.93,64.93,0.79,0.8,0.2,0.21,0.01,0.01,78189.94,1776910863000
1776910865.642,65.642,0.79,0.8,0.2,0.21,0.01,0.01,78201.07,1776910864000
1776910866.272,66.272,0.79,0.8,0.2,0.21,0.01,0.01,78201.07,1776910864000
1776910866.608,66.608,0.79,0.8,0.2,0.21,0.01,0.01,78200.73,1776910865000
1776910866.972,66.972,0.76,0.77,0.22,0.24,0.01,0.02,78200.73,1776910865000
1776910867.378,67.378,0.75,0.78,0.22,0.25,0.03,0.03,78200.73,1776910866000
1776910867.803,67.803,0.75,0.76,0.24,0.25,0.01,0.01,78200.73,1776910866000
1776910868.261,68.261,0.75,0.76,0.24,0.25,0.01,0.01,78200.95,1776910867000
1776910868.609,68.609,0.75,0.76,0.24,0.25,0.01,0.01,78200.95,1776910867000
1776910868.975,68.975,0.74,0.76,0.24,0.25,0.02,0.01,78200.95,1776910867000
1776910869.576,69.576,0.74,0.75,0.25,0.26,0.01,0.01,78195.14,1776910868000
1776910870.185,70.185,0.74,0.75,0.25,0.26,0.01,0.01,78194.54,1776910869000
1776910870.534,70.534,0.78,0.79,0.21,0.22,0.01,0.01,78194.54,1776910869000
1776910870.886,70.886,0.78,0.79,0.21,0.22,0.01,0.01,78194.54,1776910869000
1776910871.245,71.245,0.78,0.79,0.21,0.22,0.01,0.01,78194.54,1776910869000
1776910871.59,71.59,0.78,0.79,0.21,0.22,0.01,0.01,78193.41,1776910870000
1776910871.935,71.935,0.78,0.79,0.21,0.22,0.01,0.01,78193.41,1776910870000
1776910872.279,72.279,0.81,0.82,0.18,0.19,0.01,0.01,78197.79,1776910871000
1776910872.639,72.639,0.81,0.82,0.18,0.19,0.01,0.01,78197.79,1776910871000
1776910873.01,73.01,0.81,0.82,0.18,0.19,0.01,0.01,78197.79,1776910871000
1776910873.602,73.602,0.81,0.82,0.18,0.19,0.01,0.01,78208.38,1776910872000
1776910873.95,73.95,0.82,0.83,0.17,0.19,0.01,0.02,78208.38,1776910872000
1776910874.35,74.35,0.82,0.83,0.17,0.18,0.01,0.01,78214.64,1776910873000
1776910874.836,74.836,0.82,0.83,0.17,0.18,0.01,0.01,78214.64,1776910873000
1776910875.2,75.2,0.82,0.84,0.17,0.18,0.02,0.01,78214.64,1776910873000
1776910875.857,75.857,0.82,0.84,0.16,0.18,0.02,0.02,78215.65,1776910874000
1776910876.191,76.191,0.83,0.84,0.16,0.18,0.01,0.02,78215.65,1776910874000
1776910876.806,76.806,0.83,0.84,0.16,0.17,0.01,0.01,78215.84,1776910875000
1776910877.15,77.15,0.84,0.85,0.15,0.16,0.01,0.01,78215.84,1776910875000
1776910877.525,77.525,0.83,0.85,0.15,0.17,0.02,0.02,78222.03,1776910876000
1776910877.863,77.863,0.84,0.85,0.15,0.16,0.01,0.01,78222.03,1776910876000
1776910878.26,78.26,0.85,0.86,0.14,0.15,0.01,0.01,78226.8,1776910877000
1776910878.964,78.964,0.85,0.86,0.14,0.15,0.01,0.01,78226.8,1776910877000
1776910879.43,79.43,0.84,0.85,0.15,0.16,0.01,0.01,78227.86,1776910878000
1776910879.831,79.831,0.82,0.83,0.17,0.18,0.01,0.01,78227.86,1776910878000
1776910880.31,80.31,0.82,0.83,0.17,0.18,0.01,0.01,78230.01,1776910879000
1776910880.688,80.688,0.82,0.83,0.17,0.18,0.01,0.01,78230.01,1776910879000
1776910881.106,81.106,0.82,0.83,0.17,0.18,0.01,0.01,78223.13,1776910880000
1776910881.495,81.495,0.82,0.83,0.17,0.18,0.01,0.01,78223.13,1776910880000
1776910882.148,82.148,0.82,0.83,0.17,0.18,0.01,0.01,78213.79,1776910881000
1776910882.612,82.612,0.82,0.83,0.17,0.18,0.01,0.01,78213.79,1776910881000
1776910883.164,83.164,0.82,0.83,0.17,0.18,0.01,0.01,78213.79,1776910881000
1776910883.629,83.629,0.82,0.83,0.17,0.18,0.01,0.01,78212.85,1776910882000
1776910884.194,84.194,0.82,0.83,0.17,0.18,0.01,0.01,78212.85,1776910882000
1776910884.549,84.549,0.82,0.83,0.17,0.18,0.01,0.01,78212.85,1776910883000
1776910884.959,84.959,0.84,0.85,0.17,0.18,0.01,0.01,78212.85,1776910883000
1776910885.618,85.618,0.84,0.85,0.15,0.16,0.01,0.01,78212.85,1776910884000
1776910886.043,86.043,0.84,0.85,0.15,0.16,0.01,0.01,78212.85,1776910884000
1776910886.401,86.401,0.84,0.85,0.15,0.16,0.01,0.01,78212.85,1776910885000
1776910887.111,87.111,0.84,0.85,0.15,0.16,0.01,0.01,78212.85,1776910885000
1776910887.475,87.475,0.84,0.85,0.15,0.16,0.01,0.01,78213.98,1776910886000
1776910887.846,87.846,0.82,0.83,0.17,0.18,0.01,0.01,78213.98,1776910886000
1776910888.256,88.256,0.82,0.83,0.17,0.18,0.01,0.01,78213.98,1776910886000
1776910888.636,88.636,0.82,0.83,0.17,0.18,0.01,0.01,78215.51,1776910887000
1776910889.09,89.09,0.82,0.83,0.17,0.18,0.01,0.01,78215.51,1776910887000
1776910889.437,89.437,0.82,0.83,0.17,0.18,0.01,0.01,78215.51,1776910887000
1776910889.837,89.837,0.82,0.83,0.17,0.18,0.01,0.01,78212.64,1776910888000
1776910890.242,90.242,0.82,0.83,0.17,0.18,0.01,0.01,78211.86,1776910889000
1776910890.582,90.582,0.82,0.83,0.17,0.18,0.01,0.01,78211.86,1776910889000
1776910890.94,90.94,0.82,0.83,0.17,0.18,0.01,0.01,78211.86,1776910889000
1776910891.274,91.274,0.82,0.83,0.17,0.18,0.01,0.01,78206.09,1776910890000
1776910891.627,91.627,0.82,0.83,0.17,0.18,0.01,0.01,78206.09,1776910890000
1776910892.182,92.182,0.82,0.83,0.17,0.18,0.01,0.01,78205.85,1776910891000
1776910892.716,92.716,0.82,0.84,0.17,0.18,0.02,0.01,78205.85,1776910891000
1776910893.835,93.835,0.82,0.84,0.16,0.18,0.02,0.02,78205.85,1776910892000
1776910894.265,94.265,0.82,0.84,0.16,0.18,0.02,0.02,78205.89,1776910893000
1776910894.62,94.62,0.84,0.85,0.15,0.16,0.01,0.01,78205.89,1776910893000
1776910895.071,95.071,0.84,0.85,0.15,0.16,0.01,0.01,78205.89,1776910893000
1776910895.494,95.494,0.85,0.86,0.14,0.15,0.01,0.01,78205.89,1776910893000
1776910895.853,95.853,0.84,0.85,0.15,0.16,0.01,0.01,78213.86,1776910894000
1776910896.278,96.278,0.84,0.85,0.15,0.16,0.01,0.01,78213.86,1776910894000
1776910896.657,96.657,0.85,0.86,0.13,0.16,0.01,0.03,78214.24,1776910895000
1776910897.353,97.353,0.86,0.87,0.13,0.14,0.01,0.01,78214.24,1776910895000
1776910897.856,97.856,0.86,0.87,0.13,0.14,0.01,0.01,78217.92,1776910896000
1776910898.207,98.207,0.86,0.87,0.13,0.14,0.01,0.01,78217.92,1776910896000
1776910898.822,98.822,0.86,0.87,0.13,0.14,0.01,0.01,78219.33,1776910897000
1776910899.199,99.199,0.87,0.88,0.12,0.13,0.01,0.01,78219.33,1776910897000
1776910899.961,99.961,0.87,0.88,0.12,0.13,0.01,0.01,78223.46,1776910899000
1776910900.327,100.327,0.87,0.88,0.12,0.13,0.01,0.01,78223.46,1776910899000
1776910900.727,100.727,0.87,0.88,0.12,0.13,0.01,0.01,78223.46,1776910899000
1776910901.071,101.071,0.87,0.88,0.12,0.13,0.01,0.01,78223.46,1776910899000
1776910901.465,101.465,0.86,0.87,0.12,0.14,0.01,0.02,78223.47,1776910900000
1776910901.969,101.969,0.86,0.87,0.13,0.14,0.01,0.01,78223.47,1776910900000
1776910902.567,102.567,0.86,0.87,0.13,0.14,0.01,0.01,78223.47,1776910901000
1776910903.246,103.246,0.87,0.88,0.12,0.14,0.01,0.02,78223.47,1776910901000
1776910903.613,103.613,0.87,0.88,0.12,0.13,0.01,0.01,78219.78,1776910902000
1776910903.981,103.981,0.87,0.88,0.12,0.13,0.01,0.01,78219.78,1776910902000
1776910905.188,105.188,0.87,0.88,0.12,0.13,0.01,0.01,78218.64,1776910904000
1776910906.079,106.079,0.87,0.88,0.12,0.13,0.01,0.01,78218.64,1776910904000
1776910906.704,106.704,0.86,0.88,0.12,0.13,0.02,0.01,78218.3,1776910905000
1776910907.131,107.131,0.85,0.86,0.14,0.15,0.01,0.01,78218.3,1776910905000
1776910907.481,107.481,0.85,0.86,0.14,0.15,0.01,0.01,78218.23,1776910906000
1776910907.982,107.982,0.85,0.86,0.14,0.15,0.01,0.01,78218.12,1776910907000
1776910908.358,108.358,0.85,0.86,0.14,0.15,0.01,0.01,78218.12,1776910907000
1776910908.871,108.871,0.85,0.86,0.14,0.15,0.01,0.01,78218.12,1776910907000
1776910909.31,109.31,0.85,0.86,0.14,0.15,0.01,0.01,78218.12,1776910907000
1776910909.653,109.653,0.85,0.86,0.14,0.15,0.01,0.01,78211.5,1776910908000
1776910909.987,109.987,0.83,0.86,0.14,0.17,0.03,0.03,78211.5,1776910908000
1776910911.155,111.155,0.82,0.83,0.17,0.18,0.01,0.01,78209.88,1776910910000
1776910911.511,111.511,0.82,0.83,0.17,0.18,0.01,0.01,78209.88,1776910910000
1776910911.995,111.995,0.81,0.83,0.17,0.18,0.02,0.01,78209.88,1776910910000
1776910912.781,112.781,0.82,0.83,0.17,0.18,0.01,0.01,78205.95,1776910911000
1776910913.125,113.125,0.82,0.83,0.17,0.18,0.01,0.01,78201.32,1776910912000
1776910913.552,113.552,0.82,0.83,0.17,0.18,0.01,0.01,78201.32,1776910912000
1776910914.222,114.222,0.83,0.84,0.16,0.17,0.01,0.01,78201.32,1776910913000
1776910914.705,114.705,0.83,0.84,0.16,0.17,0.01,0.01,78201.32,1776910913000
1776910915.149,115.149,0.83,0.84,0.16,0.17,0.01,0.01,78201.32,1776910913000
1776910915.495,115.495,0.84,0.85,0.15,0.17,0.01,0.02,78201.29,1776910914000
1776910915.923,115.923,0.84,0.85,0.15,0.16,0.01,0.01,78201.29,1776910914000
1776910916.311,116.311,0.84,0.85,0.15,0.16,0.01,0.01,78201.29,1776910915000
1776910916.7,116.7,0.86,0.87,0.13,0.14,0.01,0.01,78201.29,1776910915000
1776910917.15,117.15,0.86,0.87,0.13,0.14,0.01,0.01,78201.29,1776910915000
1776910917.754,117.754,0.86,0.87,0.13,0.14,0.01,0.01,78206.5,1776910916000
1776910918.357,118.357,0.85,0.86,0.14,0.15,0.01,0.01,78209.33,1776910917000
1776910918.867,118.867,0.84,0.85,0.14,0.15,0.01,0.01,78209.33,1776910917000
1776910919.468,119.468,0.84,0.85,0.15,0.16,0.01,0.01,78207,1776910918000
1776910920.44,120.44,0.84,0.85,0.15,0.16,0.01,0.01,78201.88,1776910919000
1776910920.959,120.959,0.84,0.85,0.15,0.16,0.01,0.01,78201.88,1776910920000
1776910921.384,121.384,0.84,0.85,0.15,0.17,0.01,0.02,78201.88,1776910920000
1776910921.723,121.723,0.83,0.84,0.16,0.17,0.01,0.01,78201.88,1776910920000
1776910922.19,122.19,0.82,0.83,0.17,0.18,0.01,0.01,78201.88,1776910920000
1776910922.753,122.753,0.82,0.83,0.17,0.18,0.01,0.01,78201.88,1776910920000
1776910923.272,123.272,0.8,0.81,0.17,0.2,0.01,0.03,78199.63,1776910921000
1776910923.636,123.636,0.79,0.8,0.2,0.21,0.01,0.01,78191.99,1776910922000
1776910924.035,124.035,0.79,0.8,0.2,0.21,0.01,0.01,78191.99,1776910922000
1776910924.437,124.437,0.78,0.8,0.2,0.22,0.02,0.02,78191.33,1776910923000
1776910924.958,124.958,0.78,0.79,0.21,0.22,0.01,0.01,78191.33,1776910923000
1776910925.317,125.317,0.78,0.79,0.21,0.22,0.01,0.01,78190.85,1776910924000
1776910925.761,125.761,0.78,0.79,0.21,0.22,0.01,0.01,78190.85,1776910924000
1776910926.298,126.298,0.78,0.79,0.21,0.22,0.01,0.01,78190.85,1776910924000
1776910926.634,126.634,0.8,0.82,0.19,0.22,0.02,0.03,78188.82,1776910925000
1776910927.562,127.562,0.8,0.83,0.17,0.2,0.03,0.03,78184.31,1776910926000
1776910927.901,127.901,0.82,0.84,0.16,0.18,0.02,0.02,78184.31,1776910926000
1776910929.264,129.264,0.82,0.84,0.16,0.18,0.02,0.02,78198.57,1776910928000
1776910929.888,129.888,0.83,0.84,0.16,0.18,0.01,0.02,78198.57,1776910928000
1776910930.298,130.298,0.83,0.84,0.16,0.17,0.01,0.01,78198.57,1776910928000
1776910930.711,130.711,0.83,0.84,0.16,0.17,0.01,0.01,78199.08,1776910929000
1776910931.065,131.065,0.82,0.84,0.16,0.18,0.02,0.02,78199.08,1776910929000
1776910931.432,131.432,0.72,0.77,0.23,0.28,0.05,0.05,78192.07,1776910930000
1776910931.765,131.765,0.71,0.73,0.27,0.29,0.02,0.02,78192.07,1776910930000
1776910932.13,132.13,0.72,0.73,0.27,0.28,0.01,0.01,78192.07,1776910930000
1776910932.55,132.55,0.71,0.72,0.28,0.29,0.01,0.01,78175.37,1776910931000
1776910932.979,132.979,0.71,0.72,0.28,0.29,0.01,0.01,78175.37,1776910931000
1776910933.32,133.32,0.67,0.7,0.29,0.3,0.03,0.01,78175.37,1776910931000
1776910933.654,133.654,0.65,0.68,0.32,0.35,0.03,0.03,78172.94,1776910932000
1776910934.089,134.089,0.66,0.67,0.33,0.34,0.01,0.01,78172.94,1776910932000
1776910934.624,134.624,0.66,0.67,0.33,0.34,0.01,0.01,78172.7,1776910933000
1776910934.978,134.978,0.73,0.74,0.26,0.27,0.01,0.01,78172.7,1776910933000
1776910935.539,135.539,0.73,0.74,0.26,0.27,0.01,0.01,78168.73,1776910934000
1776910935.92,135.92,0.76,0.77,0.22,0.24,0.01,0.02,78168.73,1776910934000
1776910936.294,136.294,0.76,0.77,0.23,0.24,0.01,0.01,78168.73,1776910934000
1776910936.806,136.806,0.76,0.77,0.23,0.24,0.01,0.01,78167.94,1776910935000
1776910938.101,138.101,0.76,0.77,0.23,0.24,0.01,0.01,78179.82,1776910936000
1776910938.777,138.777,0.77,0.78,0.22,0.23,0.01,0.01,78179.82,1776910936000
1776910939.308,139.308,0.77,0.78,0.22,0.23,0.01,0.01,78188.43,1776910938000
1776910940.423,140.423,0.77,0.78,0.22,0.23,0.01,0.01,78188.43,1776910938000
1776910940.83,140.83,0.77,0.78,0.22,0.23,0.01,0.01,78182.52,1776910939000
1776910941.275,141.275,0.77,0.78,0.22,0.23,0.01,0.01,78180.92,1776910940000
1776910941.705,141.705,0.78,0.79,0.22,0.23,0.01,0.01,78180.92,1776910940000
1776910942.043,142.043,0.8,0.81,0.19,0.2,0.01,0.01,78180.92,1776910940000
1776910942.378,142.378,0.8,0.81,0.19,0.2,0.01,0.01,78180.07,1776910941000
1776910942.713,142.713,0.81,0.82,0.18,0.19,0.01,0.01,78180.07,1776910941000
1776910943.068,143.068,0.82,0.84,0.16,0.18,0.02,0.02,78180.07,1776910941000
1776910943.503,143.503,0.82,0.83,0.17,0.18,0.01,0.01,78186.7,1776910942000
1776910944.224,144.224,0.85,0.86,0.14,0.15,0.01,0.01,78186.7,1776910942000
1776910944.59,144.59,0.85,0.86,0.14,0.15,0.01,0.01,78193.71,1776910943000
1776910945.036,145.036,0.85,0.86,0.14,0.15,0.01,0.01,78205.46,1776910944000
1776910946.401,146.401,0.86,0.87,0.13,0.14,0.01,0.01,78213.68,1776910945000
1776910947.329,147.329,0.86,0.87,0.13,0.14,0.01,0.01,78213.68,1776910945000
1776910947.692,147.692,0.86,0.87,0.13,0.14,0.01,0.01,78214.26,1776910946000
1776910948.23,148.23,0.86,0.87,0.13,0.14,0.01,0.01,78214.26,1776910946000
1776910949.13,149.13,0.86,0.87,0.13,0.14,0.01,0.01,78215.9,1776910948000
1776910949.574,149.574,0.86,0.87,0.13,0.14,0.01,0.01,78215.9,1776910948000
1776910950.279,150.279,0.86,0.87,0.13,0.14,0.01,0.01,78215.9,1776910948000
1776910950.616,150.616,0.86,0.88,0.12,0.14,0.02,0.02,78215.9,1776910948000
1776910950.95,150.95,0.87,0.88,0.12,0.14,0.01,0.02,78214.25,1776910949000
1776910951.285,151.285,0.88,0.89,0.11,0.13,0.01,0.02,78214.25,1776910949000
1776910951.795,151.795,0.89,0.9,0.1,0.11,0.01,0.01,78214.75,1776910950000
1776910952.197,152.197,0.89,0.9,0.1,0.11,0.01,0.01,78214.75,1776910950000
1776910952.589,152.589,0.89,0.9,0.1,0.11,0.01,0.01,78214.75,1776910950000
1776910952.974,152.974,0.89,0.9,0.1,0.11,0.01,0.01,78217.97,1776910951000
1776910953.355,153.355,0.89,0.9,0.1,0.11,0.01,0.01,78217.97,1776910951000
1776910953.762,153.762,0.89,0.9,0.1,0.11,0.01,0.01,78224.66,1776910952000
1776910954.136,154.136,0.89,0.9,0.1,0.11,0.01,0.01,78226.02,1776910953000
1776910954.503,154.503,0.89,0.9,0.1,0.11,0.01,0.01,78226.02,1776910953000
1776910954.913,154.913,0.89,0.91,0.09,0.11,0.02,0.02,78226.02,1776910953000
1776910955.893,155.893,0.9,0.91,0.09,0.11,0.01,0.02,78225.63,1776910954000
1776910956.447,156.447,0.9,0.91,0.08,0.1,0.01,0.02,78225.65,1776910955000
1776910957.048,157.048,0.9,0.91,0.09,0.1,0.01,0.01,78225.65,1776910955000
1776910957.563,157.563,0.9,0.91,0.09,0.1,0.01,0.01,78225.08,1776910956000
1776910958.116,158.116,0.9,0.91,0.09,0.1,0.01,0.01,78225.08,1776910956000
1776910958.496,158.496,0.9,0.91,0.09,0.1,0.01,0.01,78225.04,1776910957000
1776910958.846,158.846,0.9,0.91,0.09,0.1,0.01,0.01,78225.04,1776910957000
1776910959.236,159.236,0.89,0.91,0.09,0.11,0.02,0.02,78225.04,1776910957000
1776910959.73,159.73,0.89,0.9,0.1,0.11,0.01,0.01,78218.85,1776910958000
1776910960.376,160.376,0.89,0.9,0.1,0.11,0.01,0.01,78215.33,1776910959000
1776910961.166,161.166,0.85,0.9,0.1,0.11,0.05,0.01,78215.33,1776910959000
1776910961.502,161.502,0.85,0.87,0.13,0.15,0.02,0.02,78210.57,1776910960000
1776910961.858,161.858,0.85,0.86,0.14,0.15,0.01,0.01,78210.57,1776910960000
1776910962.456,162.456,0.85,0.86,0.14,0.15,0.01,0.01,78210.56,1776910961000
1776910963.051,163.051,0.85,0.86,0.14,0.15,0.01,0.01,78210.56,1776910961000
1776910964.221,164.221,0.85,0.86,0.14,0.15,0.01,0.01,78209.09,1776910962000
1776910965.025,165.025,0.85,0.86,0.14,0.15,0.01,0.01,78208.69,1776910963000
1776910965.374,165.374,0.85,0.86,0.14,0.15,0.01,0.01,78208.69,1776910963000
1776910965.834,165.834,0.85,0.86,0.14,0.15,0.01,0.01,78195.6,1776910964000
1776910966.169,166.169,0.85,0.86,0.14,0.15,0.01,0.01,78195.6,1776910964000
1776910966.521,166.521,0.82,0.85,0.15,0.17,0.03,0.02,78186.79,1776910965000
1776910966.888,166.888,0.84,0.85,0.15,0.18,0.01,0.03,78186.79,1776910965000
1776910967.406,167.406,0.81,0.82,0.15,0.19,0.01,0.04,78186.79,1776910965000
1776910968.126,168.126,0.81,0.82,0.18,0.19,0.01,0.01,78185.16,1776910967000
1776910968.475,168.475,0.81,0.82,0.18,0.19,0.01,0.01,78185.16,1776910967000
1776910968.911,168.911,0.81,0.82,0.18,0.19,0.01,0.01,78185.16,1776910967000
1776910969.382,169.382,0.81,0.82,0.18,0.19,0.01,0.01,78185.16,1776910967000
1776910970.248,170.248,0.81,0.82,0.18,0.19,0.01,0.01,78186.82,1776910968000
1776910970.908,170.908,0.81,0.82,0.18,0.19,0.01,0.01,78186.82,1776910969000
1776910971.481,171.481,0.81,0.82,0.18,0.19,0.01,0.01,78186.82,1776910969000
1776910971.881,171.881,0.81,0.82,0.18,0.19,0.01,0.01,78186.82,1776910970000
1776910972.3,172.3,0.81,0.82,0.18,0.19,0.01,0.01,78186.82,1776910970000
1776910973.205,173.205,0.81,0.82,0.18,0.19,0.01,0.01,78186.65,1776910971000
1776910973.891,173.891,0.81,0.82,0.18,0.19,0.01,0.01,78186.65,1776910972000
1776910974.324,174.324,0.81,0.82,0.18,0.19,0.01,0.01,78186.65,1776910972000
1776910974.777,174.777,0.81,0.82,0.18,0.19,0.01,0.01,78186.71,1776910973000
1776910975.12,175.12,0.81,0.82,0.18,0.19,0.01,0.01,78187.91,1776910974000
1776910975.56,175.56,0.81,0.82,0.18,0.19,0.01,0.01,78187.91,1776910974000
1776910976.372,176.372,0.81,0.82,0.18,0.19,0.01,0.01,78188.01,1776910975000
1776910977.176,177.176,0.83,0.84,0.16,0.17,0.01,0.01,78188.01,1776910976000
1776910977.916,177.916,0.83,0.84,0.16,0.17,0.01,0.01,78188.01,1776910976000
1776910978.286,178.286,0.8,0.81,0.19,0.2,0.01,0.01,78188.01,1776910976000
1776910978.938,178.938,0.79,0.8,0.2,0.21,0.01,0.01,78190.97,1776910977000
1776910979.304,179.304,0.78,0.79,0.21,0.22,0.01,0.01,78188.96,1776910978000
1776910979.863,179.863,0.77,0.79,0.21,0.22,0.02,0.01,78188.96,1776910978000
1776910980.298,180.298,0.77,0.78,0.22,0.23,0.01,0.01,78188.96,1776910978000
1776910980.763,180.763,0.77,0.78,0.22,0.23,0.01,0.01,78182.03,1776910979000
1776910981.1,181.1,0.77,0.78,0.22,0.23,0.01,0.01,78182.03,1776910979000
1776910981.69,181.69,0.77,0.78,0.22,0.23,0.01,0.01,78182.03,1776910979000
1776910982.271,182.271,0.77,0.78,0.22,0.23,0.01,0.01,78176.96,1776910980000
1776910983.148,183.148,0.77,0.78,0.22,0.23,0.01,0.01,78171.39,1776910982000
1776910983.884,183.884,0.77,0.78,0.22,0.23,0.01,0.01,78171.39,1776910982000
1776910984.242,184.242,0.77,0.78,0.22,0.23,0.01,0.01,78171.39,1776910982000
1776910984.693,184.693,0.77,0.78,0.22,0.23,0.01,0.01,78171.39,1776910982000
1776910985.04,185.04,0.77,0.78,0.22,0.23,0.01,0.01,78168.86,1776910983000
1776910985.464,185.464,0.77,0.78,0.22,0.23,0.01,0.01,78168.86,1776910983000
1776910985.803,185.803,0.75,0.78,0.22,0.25,0.03,0.03,78167.36,1776910984000
1776910986.139,186.139,0.7,0.78,0.22,0.3,0.08,0.08,78167.36,1776910984000
1776910986.478,186.478,0.7,0.74,0.26,0.3,0.04,0.04,78166.5,1776910985000
1776910986.814,186.814,0.73,0.74,0.26,0.27,0.01,0.01,78166.5,1776910985000
1776910987.21,187.21,0.73,0.74,0.26,0.27,0.01,0.01,78166.5,1776910985000
1776910987.571,187.571,0.73,0.74,0.26,0.27,0.01,0.01,78166.5,1776910985000
1776910987.918,187.918,0.73,0.74,0.26,0.27,0.01,0.01,78162.55,1776910986000
1776910988.327,188.327,0.65,0.68,0.32,0.35,0.03,0.03,78161.56,1776910987000
1776910988.776,188.776,0.67,0.68,0.32,0.33,0.01,0.01,78161.56,1776910987000
1776910989.228,189.228,0.67,0.68,0.32,0.33,0.01,0.01,78161.56,1776910987000
1776910989.613,189.613,0.67,0.68,0.32,0.33,0.01,0.01,78162.51,1776910988000
1776910990.004,190.004,0.67,0.68,0.32,0.33,0.01,0.01,78162.51,1776910988000
1776910990.429,190.429,0.67,0.68,0.32,0.33,0.01,0.01,78162.51,1776910988000
1776910990.791,190.791,0.67,0.68,0.32,0.33,0.01,0.01,78157.27,1776910989000
1776910991.261,191.261,0.67,0.68,0.32,0.33,0.01,0.01,78156.45,1776910990000
1776910992.444,192.444,0.66,0.68,0.32,0.33,0.02,0.01,78156.45,1776910990000
1776910993.017,193.017,0.66,0.68,0.32,0.34,0.02,0.02,78156.44,1776910992000
1776910993.617,193.617,0.66,0.68,0.32,0.34,0.02,0.02,78156.44,1776910992000
1776910993.971,193.971,0.67,0.68,0.32,0.33,0.01,0.01,78156.44,1776910992000
1776910994.32,194.32,0.67,0.69,0.31,0.33,0.02,0.02,78158.7,1776910993000
1776910994.716,194.716,0.68,0.72,0.28,0.32,0.04,0.04,78158.7,1776910993000
1776910995.055,195.055,0.66,0.68,0.25,0.34,0.02,0.09,78158.7,1776910993000
1776910995.416,195.416,0.68,0.69,0.31,0.32,0.01,0.01,78158.7,1776910993000
1776910995.832,195.832,0.68,0.7,0.3,0.32,0.02,0.02,78152.09,1776910994000
1776910996.306,196.306,0.7,0.71,0.29,0.3,0.01,0.01,78146.4,1776910995000
1776910996.67,196.67,0.69,0.71,0.29,0.31,0.02,0.02,78146.4,1776910995000
1776910997.144,197.144,0.7,0.71,0.29,0.3,0.01,0.01,78146.4,1776910995000
1776910997.524,197.524,0.69,0.7,0.29,0.3,0.01,0.01,78146.4,1776910995000
1776910997.912,197.912,0.66,0.67,0.33,0.34,0.01,0.01,78148.64,1776910996000
1776910998.272,198.272,0.66,0.67,0.33,0.34,0.01,0.01,78150.4,1776910997000
1776910998.624,198.624,0.66,0.67,0.33,0.34,0.01,0.01,78150.4,1776910997000
1776910999.202,199.202,0.65,0.67,0.33,0.34,0.02,0.01,78150.4,1776910997000
1776910999.554,199.554,0.6,0.67,0.33,0.38,0.07,0.05,78150.4,1776910997000
1776911000.175,200.175,0.6,0.67,0.33,0.4,0.07,0.07,78150.42,1776910998000
1776911001.24,201.24,0.58,0.66,0.34,0.42,0.08,0.08,78147.98,1776911000000
1776911001.773,201.773,0.63,0.66,0.34,0.37,0.03,0.03,78147.98,1776911000000
1776911002.141,202.141,0.63,0.66,0.34,0.37,0.03,0.03,78147.98,1776911000000
1776911002.642,202.642,0.63,0.66,0.34,0.37,0.03,0.03,78150.56,1776911001000
1776911003.043,203.043,0.64,0.65,0.34,0.39,0.01,0.05,78150.56,1776911001000
1776911003.429,203.429,0.64,0.65,0.35,0.36,0.01,0.01,78150.56,1776911001000
1776911003.791,203.791,0.64,0.65,0.35,0.36,0.01,0.01,78150.37,1776911002000
1776911004.193,204.193,0.63,0.65,0.35,0.37,0.02,0.02,78150.37,1776911002000
1776911004.557,204.557,0.64,0.66,0.34,0.36,0.02,0.02,78150.37,1776911002000
1776911004.891,204.891,0.64,0.66,0.34,0.36,0.02,0.02,78151.83,1776911003000
1776911005.757,205.757,0.63,0.65,0.33,0.37,0.02,0.04,78153.89,1776911004000
1776911006.134,206.134,0.67,0.73,0.27,0.33,0.06,0.06,78153.89,1776911004000
1776911006.468,206.468,0.63,0.66,0.34,0.37,0.03,0.03,78154.13,1776911005000
1776911006.818,206.818,0.6,0.61,0.39,0.4,0.01,0.01,78154.13,1776911005000
1776911007.222,207.222,0.58,0.62,0.4,0.41,0.04,0.01,78154.13,1776911005000
1776911007.783,207.783,0.56,0.57,0.43,0.44,0.01,0.01,78138.38,1776911006000
1776911008.123,208.123,0.54,0.56,0.43,0.46,0.02,0.03,78138.38,1776911006000
1776911008.533,208.533,0.53,0.54,0.45,0.5,0.01,0.05,78138.38,1776911006000
1776911008.974,208.974,0.5,0.51,0.49,0.5,0.01,0.01,78133.88,1776911007000
1776911009.308,209.308,0.5,0.51,0.49,0.5,0.01,0.01,78133.79,1776911008000
1776911010.033,210.033,0.52,0.53,0.49,0.5,0.01,0.01,78133.79,1776911008000
1776911010.385,210.385,0.54,0.55,0.45,0.49,0.01,0.04,78129.58,1776911009000
1776911010.927,210.927,0.56,0.61,0.39,0.46,0.05,0.07,78129.58,1776911009000
1776911011.428,211.428,0.56,0.61,0.39,0.44,0.05,0.05,78139.19,1776911010000
1776911011.975,211.975,0.56,0.61,0.39,0.44,0.05,0.05,78139.19,1776911010000
1776911012.495,212.495,0.56,0.62,0.38,0.44,0.06,0.06,78139.19,1776911010000
1776911012.844,212.844,0.5,0.62,0.38,0.44,0.12,0.06,78140.76,1776911011000
1776911013.419,213.419,0.52,0.53,0.38,0.5,0.01,0.12,78140.76,1776911011000
1776911013.764,213.764,0.58,0.62,0.38,0.4,0.04,0.02,78140.36,1776911012000
1776911014.212,214.212,0.58,0.62,0.4,0.42,0.04,0.02,78140.36,1776911013000
1776911014.64,214.64,0.58,0.59,0.41,0.42,0.01,0.01,78140.36,1776911013000
1776911015.288,215.288,0.58,0.59,0.41,0.42,0.01,0.01,78140.36,1776911013000
1776911015.7,215.7,0.58,0.59,0.41,0.42,0.01,0.01,78140.36,1776911013000
1776911016.044,216.044,0.51,0.56,0.48,0.49,0.05,0.01,78140.43,1776911014000
1776911016.379,216.379,0.51,0.52,0.48,0.49,0.01,0.01,78140.43,1776911014000
1776911016.712,216.712,0.48,0.51,0.49,0.52,0.03,0.03,78138.24,1776911015000
1776911017.048,217.048,0.47,0.48,0.52,0.53,0.01,0.01,78136.88,1776911016000
1776911017.388,217.388,0.46,0.47,0.53,0.54,0.01,0.01,78136.88,1776911016000
1776911017.749,217.749,0.45,0.47,0.53,0.55,0.02,0.02,78136.88,1776911016000
1776911018.086,218.086,0.43,0.46,0.54,0.55,0.03,0.01,78136.88,1776911016000
1776911018.894,218.894,0.45,0.46,0.54,0.57,0.01,0.03,78126.4,1776911017000
1776911019.335,219.335,0.45,0.46,0.54,0.55,0.01,0.01,78124.42,1776911018000
1776911020.43,220.43,0.45,0.46,0.54,0.55,0.01,0.01,78124.42,1776911018000
1776911021.145,221.145,0.45,0.46,0.54,0.55,0.01,0.01,78124.83,1776911020000
1776911021.549,221.549,0.43,0.46,0.54,0.55,0.03,0.01,78124.83,1776911020000
1776911022.019,222.019,0.43,0.46,0.54,0.57,0.03,0.03,78124.83,1776911020000
1776911022.406,222.406,0.43,0.46,0.54,0.57,0.03,0.03,78124.83,1776911020000
1776911022.966,222.966,0.43,0.46,0.54,0.57,0.03,0.03,78132.15,1776911021000
1776911023.315,223.315,0.44,0.46,0.54,0.56,0.02,0.02,78132.15,1776911021000
1776911023.71,223.71,0.45,0.46,0.54,0.56,0.01,0.02,78135.98,1776911022000
1776911024.091,224.091,0.45,0.48,0.52,0.55,0.03,0.03,78135.58,1776911023000
1776911024.44,224.44,0.43,0.49,0.51,0.57,0.06,0.06,78135.58,1776911023000
1776911024.852,224.852,0.5,0.51,0.49,0.5,0.01,0.01,78135.58,1776911023000
1776911025.289,225.289,0.48,0.51,0.49,0.52,0.03,0.03,78135.58,1776911023000
1776911025.662,225.662,0.54,0.59,0.45,0.46,0.05,0.01,78132.15,1776911024000
1776911026.033,226.033,0.54,0.55,0.41,0.46,0.01,0.05,78131.68,1776911025000
1776911026.366,226.366,0.49,0.51,0.49,0.51,0.02,0.02,78131.68,1776911025000
1776911026.708,226.708,0.5,0.51,0.49,0.5,0.01,0.01,78131.68,1776911025000
1776911027.047,227.047,0.5,0.51,0.49,0.5,0.01,0.01,78131.68,1776911025000
1776911027.437,227.437,0.49,0.5,0.5,0.51,0.01,0.01,78130.16,1776911026000
1776911028.122,228.122,0.49,0.5,0.5,0.51,0.01,0.01,78130.16,1776911026000
1776911028.669,228.669,0.49,0.5,0.5,0.51,0.01,0.01,78126.37,1776911027000
1776911029.404,229.404,0.48,0.49,0.51,0.52,0.01,0.01,78126.34,1776911028000
1776911029.89,229.89,0.48,0.49,0.51,0.52,0.01,0.01,78126.34,1776911028000
1776911030.281,230.281,0.48,0.49,0.51,0.52,0.01,0.01,78126.34,1776911029000
1776911030.837,230.837,0.48,0.49,0.51,0.52,0.01,0.01,78126.34,1776911029000
1776911031.323,231.323,0.48,0.49,0.51,0.52,0.01,0.01,78126.35,1776911030000
1776911031.945,231.945,0.48,0.49,0.51,0.52,0.01,0.01,78126.35,1776911030000
1776911032.28,232.28,0.52,0.55,0.47,0.48,0.03,0.01,78126.35,1776911030000
1776911032.749,232.749,0.58,0.6,0.39,0.46,0.02,0.07,78126.34,1776911031000
1776911033.145,233.145,0.58,0.59,0.41,0.42,0.01,0.01,78128.0,1776911032000
1776911033.546,233.546,0.58,0.59,0.41,0.42,0.01,0.01,78128.0,1776911032000
1776911034.096,234.096,0.56,0.58,0.42,0.44,0.02,0.02,78137.52,1776911033000
1776911034.763,234.763,0.56,0.57,0.43,0.44,0.01,0.01,78137.52,1776911033000
1776911035.163,235.163,0.56,0.57,0.43,0.45,0.01,0.02,78137.52,1776911033000
1776911035.504,235.504,0.58,0.6,0.41,0.43,0.02,0.02,78137.58,1776911034000
1776911036.055,236.055,0.6,0.62,0.39,0.4,0.02,0.01,78137.58,1776911034000
1776911036.404,236.404,0.63,0.65,0.35,0.37,0.02,0.02,78132.11,1776911035000
1776911036.819,236.819,0.65,0.67,0.33,0.35,0.02,0.02,78132.11,1776911035000
1776911037.291,237.291,0.66,0.67,0.33,0.34,0.01,0.01,78132.64,1776911036000
1776911037.803,237.803,0.66,0.67,0.33,0.34,0.01,0.01,78132.64,1776911036000
1776911038.183,238.183,0.66,0.67,0.33,0.34,0.01,0.01,78139.46,1776911037000
1776911038.522,238.522,0.66,0.67,0.33,0.34,0.01,0.01,78139.46,1776911037000
1776911038.958,238.958,0.66,0.67,0.33,0.34,0.01,0.01,78139.46,1776911037000
1776911039.396,239.396,0.66,0.67,0.33,0.34,0.01,0.01,78141.71,1776911038000
1776911039.932,239.932,0.66,0.69,0.33,0.34,0.03,0.01,78141.71,1776911038000
1776911040.349,240.349,0.66,0.69,0.31,0.34,0.03,0.03,78142.41,1776911039000
1776911041.318,241.318,0.66,0.69,0.31,0.34,0.03,0.03,78142.41,1776911039000
1776911041.736,241.736,0.7,0.79,0.23,0.3,0.09,0.07,78154.8,1776911040000
1776911042.559,242.559,0.76,0.79,0.2,0.25,0.03,0.05,78154.8,1776911041000
1776911042.946,242.946,0.72,0.79,0.21,0.28,0.07,0.07,78154.8,1776911041000
1776911043.283,243.283,0.67,0.74,0.26,0.33,0.07,0.07,78151.66,1776911042000
1776911043.655,243.655,0.67,0.71,0.29,0.33,0.04,0.04,78151.66,1776911042000
1776911044.016,244.016,0.67,0.71,0.29,0.33,0.04,0.04,78151.66,1776911042000
1776911044.408,244.408,0.67,0.71,0.29,0.33,0.04,0.04,78151.66,1776911042000
1776911044.84,244.84,0.66,0.71,0.29,0.33,0.05,0.04,78137.74,1776911043000
1776911045.19,245.19,0.68,0.7,0.3,0.32,0.02,0.02,78135.75,1776911044000
1776911045.552,245.552,0.68,0.69,0.31,0.32,0.01,0.01,78135.75,1776911044000
1776911045.955,245.955,0.57,0.59,0.4,0.46,0.02,0.06,78135.75,1776911044000
1776911046.304,246.304,0.55,0.57,0.43,0.45,0.02,0.02,78135.75,1776911044000
1776911046.688,246.688,0.55,0.56,0.44,0.45,0.01,0.01,78135.75,1776911044000
1776911047.034,247.034,0.53,0.54,0.46,0.47,0.01,0.01,78132.74,1776911045000
1776911047.367,247.367,0.53,0.54,0.46,0.47,0.01,0.01,78132.74,1776911045000
1776911047.741,247.741,0.53,0.54,0.46,0.47,0.01,0.01,78132.74,1776911045000
1776911048.17,248.17,0.53,0.54,0.46,0.47,0.01,0.01,78132.4,1776911046000
1776911048.593,248.593,0.53,0.54,0.46,0.47,0.01,0.01,78132.36,1776911047000
1776911049.139,249.139,0.52,0.53,0.47,0.48,0.01,0.01,78134.01,1776911048000
1776911049.532,249.532,0.52,0.53,0.47,0.48,0.01,0.01,78134.01,1776911048000
1776911050.251,250.251,0.52,0.53,0.47,0.48,0.01,0.01,78134.01,1776911048000
1776911050.587,250.587,0.52,0.53,0.47,0.48,0.01,0.01,78132.37,1776911049000
1776911051.078,251.078,0.52,0.53,0.47,0.48,0.01,0.01,78132.39,1776911050000
1776911051.544,251.544,0.53,0.54,0.4,0.48,0.01,0.08,78132.39,1776911050000
1776911051.889,251.889,0.53,0.54,0.46,0.47,0.01,0.01,78132.39,1776911050000
1776911052.349,252.349,0.56,0.58,0.43,0.44,0.02,0.01,78132.39,1776911051000
1776911052.767,252.767,0.56,0.57,0.43,0.44,0.01,0.01,78132.39,1776911051000
1776911053.118,253.118,0.56,0.57,0.43,0.44,0.01,0.01,78132.41,1776911052000
1776911053.456,253.456,0.56,0.57,0.43,0.44,0.01,0.01,78132.41,1776911052000
1776911053.802,253.802,0.56,0.58,0.43,0.44,0.02,0.01,78132.41,1776911052000
1776911054.158,254.158,0.58,0.59,0.41,0.42,0.01,0.01,78132.41,1776911052000
1776911054.943,254.943,0.59,0.6,0.41,0.42,0.01,0.01,78132.95,1776911053000
1776911055.478,255.478,0.61,0.62,0.39,0.41,0.01,0.02,78132.95,1776911053000
1776911056.0,256.0,0.63,0.64,0.36,0.37,0.01,0.01,78133.94,1776911054000
1776911056.42,256.42,0.63,0.71,0.36,0.37,0.08,0.01,78133.32,1776911055000
1776911056.972,256.972,0.7,0.71,0.29,0.3,0.01,0.01,78133.32,1776911055000
1776911057.341,257.341,0.74,0.75,0.25,0.26,0.01,0.01,78136.22,1776911056000
1776911057.773,257.773,0.74,0.75,0.25,0.26,0.01,0.01,78136.22,1776911056000
1776911058.135,258.135,0.74,0.75,0.25,0.26,0.01,0.01,78136.22,1776911056000
1776911058.477,258.477,0.75,0.79,0.24,0.25,0.04,0.01,78138.73,1776911057000
1776911058.824,258.824,0.78,0.79,0.21,0.22,0.01,0.01,78138.73,1776911057000
1776911059.271,259.271,0.75,0.79,0.21,0.22,0.04,0.01,78138.73,1776911057000
1776911059.664,259.664,0.75,0.77,0.21,0.25,0.02,0.04,78138.73,1776911057000
1776911060.038,260.038,0.68,0.69,0.31,0.32,0.01,0.01,78141.54,1776911058000
1776911060.385,260.385,0.68,0.69,0.31,0.32,0.01,0.01,78144.65,1776911059000
1776911060.793,260.793,0.68,0.69,0.31,0.32,0.01,0.01,78144.65,1776911059000
1776911061.136,261.136,0.68,0.69,0.31,0.32,0.01,0.01,78144.65,1776911059000
1776911061.68,261.68,0.68,0.69,0.31,0.32,0.01,0.01,78144.65,1776911059000
1776911062.126,262.126,0.68,0.69,0.31,0.32,0.01,0.01,78144.12,1776911060000
1776911062.484,262.484,0.68,0.69,0.31,0.32,0.01,0.01,78147.02,1776911061000
1776911062.817,262.817,0.68,0.69,0.31,0.32,0.01,0.01,78147.02,1776911061000
1776911063.172,263.172,0.69,0.7,0.3,0.31,0.01,0.01,78147.3,1776911062000
1776911063.536,263.536,0.74,0.75,0.28,0.3,0.01,0.02,78147.3,1776911062000
1776911064.241,264.241,0.74,0.75,0.25,0.26,0.01,0.01,78147.28,1776911063000
1776911064.612,264.612,0.78,0.79,0.21,0.26,0.01,0.05,78147.28,1776911063000
1776911064.946,264.946,0.78,0.79,0.21,0.22,0.01,0.01,78147.28,1776911063000
1776911065.336,265.336,0.78,0.79,0.21,0.22,0.01,0.01,78148.36,1776911064000
1776911065.758,265.758,0.79,0.8,0.2,0.21,0.01,0.01,78148.36,1776911064000
1776911066.212,266.212,0.79,0.8,0.2,0.21,0.01,0.01,78148.36,1776911064000
1776911066.687,266.687,0.79,0.8,0.2,0.21,0.01,0.01,78148.64,1776911065000
1776911067.035,267.035,0.79,0.8,0.2,0.21,0.01,0.01,78148.64,1776911066000
1776911067.407,267.407,0.81,0.82,0.2,0.21,0.01,0.01,78148.64,1776911066000
1776911067.775,267.775,0.82,0.83,0.17,0.27,0.01,0.1,78148.64,1776911066000
1776911068.143,268.143,0.82,0.83,0.17,0.18,0.01,0.01,78149.37,1776911067000
1776911068.895,268.895,0.83,0.84,0.17,0.18,0.01,0.01,78149.37,1776911067000
1776911069.316,269.316,0.83,0.84,0.16,0.17,0.01,0.01,78149.37,1776911067000
1776911069.68,269.68,0.79,0.8,0.16,0.21,0.01,0.05,78149.45,1776911068000
1776911070.023,270.023,0.79,0.8,0.2,0.21,0.01,0.01,78149.45,1776911068000
1776911070.598,270.598,0.78,0.8,0.2,0.21,0.02,0.01,78149.71,1776911069000
1776911071.018,271.018,0.71,0.75,0.22,0.25,0.04,0.03,78149.71,1776911069000
1776911071.414,271.414,0.62,0.63,0.37,0.38,0.01,0.01,78149.71,1776911070000
1776911071.751,271.751,0.6,0.61,0.39,0.4,0.01,0.01,78149.71,1776911070000
1776911072.113,272.113,0.6,0.61,0.39,0.4,0.01,0.01,78149.71,1776911070000
1776911072.485,272.485,0.61,0.62,0.38,0.39,0.01,0.01,78149.68,1776911071000
1776911073.012,273.012,0.63,0.64,0.36,0.37,0.01,0.01,78149.68,1776911071000
1776911073.396,273.396,0.63,0.64,0.36,0.37,0.01,0.01,78149.68,1776911071000
1776911073.796,273.796,0.63,0.64,0.36,0.37,0.01,0.01,78143.5,1776911072000
1776911074.201,274.201,0.63,0.64,0.36,0.37,0.01,0.01,78143.5,1776911072000
1776911074.682,274.682,0.71,0.72,0.31,0.37,0.01,0.06,78141.99,1776911073000
1776911075.099,275.099,0.73,0.75,0.27,0.28,0.02,0.01,78141.99,1776911073000
1776911075.446,275.446,0.76,0.77,0.23,0.24,0.01,0.01,78141.6,1776911074000
1776911075.789,275.789,0.81,0.83,0.18,0.19,0.02,0.01,78141.6,1776911074000
1776911076.178,276.178,0.82,0.83,0.17,0.18,0.01,0.01,78141.6,1776911074000
1776911076.552,276.552,0.84,0.85,0.15,0.16,0.01,0.01,78142.88,1776911075000
1776911076.959,276.959,0.85,0.86,0.14,0.15,0.01,0.01,78142.88,1776911075000
1776911077.345,277.345,0.85,0.86,0.14,0.15,0.01,0.01,78145.09,1776911076000
1776911077.745,277.745,0.85,0.86,0.14,0.15,0.01,0.01,78145.09,1776911076000
1776911078.089,278.089,0.85,0.86,0.14,0.15,0.01,0.01,78145.09,1776911076000
1776911078.525,278.525,0.85,0.86,0.14,0.15,0.01,0.01,78149.21,1776911077000
1776911078.958,278.958,0.85,0.86,0.14,0.15,0.01,0.01,78149.21,1776911077000
1776911079.454,279.454,0.85,0.86,0.14,0.15,0.01,0.01,78151.01,1776911078000
1776911079.972,279.972,0.85,0.86,0.14,0.15,0.01,0.01,78151.01,1776911078000
1776911080.327,280.327,0.85,0.86,0.14,0.15,0.01,0.01,78151.01,1776911079000
1776911080.834,280.834,0.83,0.84,0.16,0.17,0.01,0.01,78151.01,1776911079000
1776911081.319,281.319,0.83,0.84,0.16,0.17,0.01,0.01,78152.02,1776911080000
1776911081.753,281.753,0.83,0.84,0.16,0.17,0.01,0.01,78152.02,1776911080000
1776911082.248,282.248,0.83,0.84,0.16,0.17,0.01,0.01,78152.02,1776911081000
1776911082.587,282.587,0.85,0.86,0.14,0.17,0.01,0.03,78152.02,1776911081000
1776911082.964,282.964,0.84,0.85,0.15,0.16,0.01,0.01,78152.02,1776911081000
1776911083.326,283.326,0.84,0.85,0.15,0.16,0.01,0.01,78150.93,1776911082000
1776911083.916,283.916,0.84,0.85,0.15,0.16,0.01,0.01,78150.93,1776911082000
1776911084.297,284.297,0.41,0.43,0.53,0.59,0.02,0.06,78150.93,1776911082000
1776911084.647,284.647,0.4,0.5,0.57,0.6,0.1,0.03,78150.52,1776911083000
1776911085.122,285.122,0.37,0.4,0.6,0.63,0.03,0.03,78150.52,1776911083000
1776911085.461,285.461,0.35,0.37,0.63,0.65,0.02,0.02,78148.27,1776911084000
1776911085.798,285.798,0.31,0.32,0.68,0.69,0.01,0.01,78148.27,1776911084000
1776911086.238,286.238,0.32,0.36,0.64,0.68,0.04,0.04,78148.27,1776911084000
1776911086.647,286.647,0.32,0.33,0.67,0.68,0.01,0.01,78128.0,1776911085000
1776911087.072,287.072,0.32,0.33,0.67,0.68,0.01,0.01,78128.0,1776911085000
1776911087.41,287.41,0.32,0.34,0.66,0.68,0.02,0.02,78121.47,1776911086000
1776911087.746,287.746,0.32,0.33,0.67,0.68,0.01,0.01,78121.47,1776911086000
1776911088.118,288.118,0.32,0.33,0.67,0.68,0.01,0.01,78121.47,1776911086000
1776911088.493,288.493,0.31,0.32,0.68,0.69,0.01,0.01,78121.3,1776911087000
1776911088.858,288.858,0.31,0.32,0.68,0.69,0.01,0.01,78121.3,1776911087000
1776911089.233,289.233,0.31,0.32,0.68,0.69,0.01,0.01,78121.3,1776911087000
1776911089.609,289.609,0.3,0.31,0.69,0.7,0.01,0.01,78119.59,1776911088000
1776911089.946,289.946,0.3,0.31,0.69,0.73,0.01,0.04,78119.59,1776911088000
1776911090.446,290.446,0.3,0.31,0.69,0.7,0.01,0.01,78119.59,1776911088000
1776911090.816,290.816,0.2,0.21,0.79,0.8,0.01,0.01,78119.59,1776911088000
1776911091.161,291.161,0.12,0.15,0.84,0.88,0.03,0.04,78118.64,1776911089000
1776911091.504,291.504,0.1,0.11,0.89,0.9,0.01,0.01,78118.61,1776911090000
1776911091.868,291.868,0.07,0.08,0.9,0.93,0.01,0.03,78118.61,1776911090000
1776911092.202,292.202,0.07,0.08,0.92,0.93,0.01,0.01,78118.61,1776911090000
1776911092.544,292.544,0.05,0.06,0.94,0.95,0.01,0.01,78118.96,1776911091000
1776911092.964,292.964,0.05,0.06,0.94,0.95,0.01,0.01,78118.96,1776911091000
1776911093.418,293.418,0.04,0.05,0.94,0.95,0.01,0.01,78117.05,1776911092000
1776911093.762,293.762,0.04,0.05,0.95,0.96,0.01,0.01,78117.05,1776911092000
1776911094.151,294.151,0.04,0.05,0.95,0.96,0.01,0.01,78107.6,1776911093000
1776911094.487,294.487,0.04,0.15,0.89,0.96,0.11,0.07,78107.6,1776911093000
1776911094.825,294.825,0.15,0.18,0.82,0.85,0.03,0.03,78107.6,1776911093000
1776911095.195,295.195,0.17,0.19,0.83,0.84,0.02,0.01,78107.6,1776911093000
1776911095.537,295.537,0.17,0.18,0.82,0.83,0.01,0.01,78106.14,1776911094000
1776911095.871,295.871,0.19,0.23,0.78,0.82,0.04,0.04,78106.14,1776911094000
1776911096.227,296.227,0.09,0.18,0.82,0.88,0.09,0.06,78106.14,1776911094000
1776911096.613,296.613,0.07,0.08,0.92,0.95,0.01,0.03,78107.79,1776911095000
1776911096.95,296.95,0.03,0.09,0.91,0.97,0.06,0.06,78107.79,1776911095000
1776911097.285,297.285,0.02,0.04,0.96,0.98,0.02,0.02,78107.79,1776911095000
1776911097.661,297.661,0.01,0.02,0.98,0.99,0.01,0.01,78113.93,1776911096000
1776911098.001,298.001,0.01,0.02,0.98,0.99,0.01,0.01,78113.93,1776911096000
1776911098.338,298.338,0.01,0.02,0.98,0.99,0.01,0.01,78118.18,1776911097000
1776911098.881,298.881,0.01,0.01,0.99,0.99,0.0,0.0,78118.18,1776911097000
1776911099.396,299.396,0.01,0.01,0.99,0.99,0.0,0.0,78118.18,1776911097000
1776911100.092,300.092,0.01,0.01,0.99,0.99,0.0,0.0,78113.63,1776911098000
1776911100.612,300.612,0.01,0.01,0.99,0.99,0.0,0.0,78111.36,1776911099000
1776911102.28,302.28,0.01,0.01,0.99,0.99,0.0,0.0,78108.01,1776911100000

# RESULT,winner=Down,slug=btc-updown-5m-1776910800,ticks=653
