timestamp,elapsed_sec,up_bid,up_ask,down_bid,down_ask,up_spread,down_spread,btc_price,btc_oracle_ts
1777187100.554,0.554,0.5,0.51,0.49,0.5,0.01,0.01,78016.37,1777187099000
1777187100.928,0.928,0.5,0.51,0.49,0.5,0.01,0.01,78016.37,1777187099000
1777187101.444,1.444,0.5,0.51,0.49,0.5,0.01,0.01,78015.34,1777187100000
1777187101.911,1.911,0.49,0.5,0.49,0.54,0.01,0.05,78015.34,1777187100000
1777187103.227,3.227,0.49,0.5,0.5,0.51,0.01,0.01,78012.13,1777187102000
1777187103.935,3.935,0.46,0.47,0.51,0.52,0.01,0.01,78012.13,1777187102000
1777187104.434,4.434,0.47,0.48,0.53,0.54,0.01,0.01,78012.13,1777187102000
1777187104.961,4.961,0.47,0.48,0.52,0.53,0.01,0.01,78014.49,1777187104000
1777187105.338,5.338,0.47,0.48,0.52,0.53,0.01,0.01,78014.49,1777187104000
1777187105.787,5.787,0.47,0.48,0.52,0.53,0.01,0.01,78014.49,1777187104000
1777187106.253,6.253,0.47,0.48,0.52,0.53,0.01,0.01,78014.49,1777187104000
1777187106.716,6.716,0.47,0.48,0.52,0.53,0.01,0.01,78014.65,1777187105000
1777187107.11,7.11,0.47,0.48,0.52,0.53,0.01,0.01,78014.65,1777187106000
1777187107.495,7.495,0.47,0.48,0.52,0.53,0.01,0.01,78014.65,1777187106000
1777187107.828,7.828,0.45,0.46,0.54,0.55,0.01,0.01,78014.65,1777187106000
1777187108.201,8.201,0.45,0.46,0.54,0.55,0.01,0.01,78014.54,1777187107000
1777187108.717,8.717,0.44,0.45,0.55,0.56,0.01,0.01,78014.54,1777187107000
1777187109.227,9.227,0.43,0.45,0.55,0.56,0.02,0.01,78013.62,1777187108000
1777187109.652,9.652,0.43,0.44,0.56,0.57,0.01,0.01,78013.62,1777187108000
1777187110.419,10.419,0.43,0.44,0.56,0.57,0.01,0.01,78012.44,1777187109000
1777187110.896,10.896,0.43,0.44,0.56,0.57,0.01,0.01,78012.17,1777187110000
1777187111.381,11.381,0.43,0.44,0.56,0.57,0.01,0.01,78012.17,1777187110000
1777187111.752,11.752,0.43,0.44,0.56,0.57,0.01,0.01,78012.2,1777187111000
1777187112.434,12.434,0.43,0.44,0.56,0.57,0.01,0.01,78012.2,1777187111000
1777187112.843,12.843,0.43,0.44,0.56,0.57,0.01,0.01,78012.2,1777187111000
1777187113.283,13.283,0.43,0.44,0.56,0.57,0.01,0.01,78012.2,1777187111000
1777187113.896,13.896,0.43,0.44,0.56,0.57,0.01,0.01,78012.17,1777187113000
1777187114.773,14.773,0.43,0.44,0.56,0.57,0.01,0.01,78012.17,1777187113000
1777187115.462,15.462,0.43,0.44,0.56,0.57,0.01,0.01,78012.23,1777187114000
1777187115.847,15.847,0.43,0.44,0.56,0.57,0.01,0.01,78012.23,1777187115000
1777187116.274,16.274,0.44,0.45,0.55,0.57,0.01,0.02,78012.23,1777187115000
1777187116.725,16.725,0.45,0.46,0.54,0.56,0.01,0.02,78012.23,1777187115000
1777187117.223,17.223,0.45,0.46,0.54,0.55,0.01,0.01,78012.71,1777187116000
1777187117.62,17.62,0.45,0.46,0.54,0.55,0.01,0.01,78012.71,1777187116000
1777187117.967,17.967,0.45,0.46,0.54,0.55,0.01,0.01,78012.71,1777187116000
1777187118.562,18.562,0.48,0.5,0.53,0.54,0.02,0.01,78015.42,1777187117000
1777187118.96,18.96,0.55,0.56,0.44,0.45,0.01,0.01,78015.42,1777187117000
1777187119.298,19.298,0.55,0.56,0.44,0.45,0.01,0.01,78016.21,1777187118000
1777187119.643,19.643,0.55,0.56,0.44,0.45,0.01,0.01,78016.21,1777187118000
1777187120.022,20.022,0.55,0.56,0.44,0.45,0.01,0.01,78016.21,1777187118000
1777187120.357,20.357,0.54,0.55,0.45,0.46,0.01,0.01,78016.96,1777187119000
1777187120.76,20.76,0.53,0.54,0.45,0.48,0.01,0.03,78016.96,1777187119000
1777187121.226,21.226,0.52,0.53,0.46,0.48,0.01,0.02,78016.96,1777187119000
1777187121.562,21.562,0.52,0.53,0.47,0.48,0.01,0.01,78019.87,1777187120000
1777187122.134,22.134,0.52,0.53,0.47,0.48,0.01,0.01,78019.11,1777187121000
1777187123.081,23.081,0.52,0.53,0.47,0.48,0.01,0.01,78019.11,1777187121000
1777187123.516,23.516,0.49,0.53,0.47,0.48,0.04,0.01,78019.49,1777187122000
1777187124.109,24.109,0.49,0.53,0.47,0.51,0.04,0.04,78020.35,1777187123000
1777187124.63,24.63,0.49,0.5,0.5,0.51,0.01,0.01,78020.35,1777187123000
1777187125.127,25.127,0.49,0.5,0.5,0.51,0.01,0.01,78019.37,1777187124000
1777187125.715,25.715,0.49,0.5,0.5,0.51,0.01,0.01,78019.37,1777187124000
1777187126.085,26.085,0.49,0.5,0.5,0.51,0.01,0.01,78018.5,1777187125000
1777187127.066,27.066,0.49,0.5,0.5,0.51,0.01,0.01,78018.5,1777187126000
1777187127.499,27.499,0.49,0.5,0.5,0.51,0.01,0.01,78018.5,1777187126000
1777187128.082,28.082,0.49,0.5,0.5,0.51,0.01,0.01,78018.5,1777187126000
1777187128.418,28.418,0.5,0.52,0.49,0.51,0.02,0.02,78019.06,1777187127000
1777187128.811,28.811,0.52,0.53,0.48,0.49,0.01,0.01,78019.06,1777187127000
1777187129.259,29.259,0.52,0.53,0.47,0.48,0.01,0.01,78019.35,1777187128000
1777187129.698,29.698,0.52,0.53,0.47,0.48,0.01,0.01,78019.35,1777187128000
1777187130.41,30.41,0.52,0.53,0.47,0.48,0.01,0.01,78019.41,1777187129000
1777187130.753,30.753,0.57,0.64,0.4,0.43,0.07,0.03,78019.41,1777187129000
1777187131.17,31.17,0.64,0.65,0.35,0.36,0.01,0.01,78021.44,1777187130000
1777187131.503,31.503,0.64,0.65,0.35,0.36,0.01,0.01,78021.44,1777187130000
1777187132.017,32.017,0.64,0.65,0.35,0.36,0.01,0.01,78021.44,1777187130000
1777187132.373,32.373,0.64,0.65,0.35,0.36,0.01,0.01,78021.39,1777187131000
1777187132.721,32.721,0.64,0.65,0.35,0.36,0.01,0.01,78021.39,1777187131000
1777187133.061,33.061,0.64,0.65,0.35,0.36,0.01,0.01,78021.39,1777187131000
1777187133.459,33.459,0.64,0.65,0.35,0.36,0.01,0.01,78022.53,1777187132000
1777187133.865,33.865,0.64,0.65,0.35,0.36,0.01,0.01,78022.53,1777187132000
1777187134.261,34.261,0.64,0.65,0.35,0.36,0.01,0.01,78027.41,1777187133000
1777187134.607,34.607,0.63,0.64,0.35,0.37,0.01,0.02,78027.41,1777187133000
1777187135.062,35.062,0.64,0.65,0.35,0.36,0.01,0.01,78027.88,1777187134000
1777187135.577,35.577,0.64,0.65,0.35,0.36,0.01,0.01,78027.88,1777187134000
1777187135.929,35.929,0.64,0.65,0.35,0.36,0.01,0.01,78028.62,1777187135000
1777187136.267,36.267,0.64,0.65,0.35,0.36,0.01,0.01,78028.62,1777187135000
1777187136.62,36.62,0.64,0.65,0.35,0.36,0.01,0.01,78028.62,1777187135000
1777187136.974,36.974,0.64,0.65,0.35,0.36,0.01,0.01,78028.63,1777187136000
1777187137.31,37.31,0.64,0.65,0.35,0.36,0.01,0.01,78028.63,1777187136000
1777187137.645,37.645,0.64,0.65,0.35,0.36,0.01,0.01,78028.63,1777187136000
1777187138.013,38.013,0.63,0.65,0.35,0.36,0.02,0.01,78028.67,1777187137000
1777187138.528,38.528,0.63,0.64,0.36,0.37,0.01,0.01,78028.67,1777187137000
1777187138.908,38.908,0.63,0.64,0.36,0.37,0.01,0.01,78028.67,1777187137000
1777187139.253,39.253,0.63,0.64,0.36,0.37,0.01,0.01,78028.67,1777187138000
1777187139.623,39.623,0.63,0.64,0.36,0.37,0.01,0.01,78028.67,1777187138000
1777187140.02,40.02,0.63,0.64,0.36,0.37,0.01,0.01,78028.67,1777187138000
1777187140.449,40.449,0.63,0.64,0.36,0.37,0.01,0.01,78028.67,1777187138000
1777187140.856,40.856,0.62,0.64,0.36,0.37,0.02,0.01,78028.79,1777187139000
1777187141.536,41.536,0.62,0.63,0.36,0.38,0.01,0.02,78028.77,1777187140000
1777187141.884,41.884,0.61,0.62,0.38,0.39,0.01,0.01,78028.77,1777187140000
1777187142.245,42.245,0.61,0.62,0.38,0.39,0.01,0.01,78028.79,1777187141000
1777187142.64,42.64,0.61,0.62,0.38,0.39,0.01,0.01,78028.79,1777187141000
1777187143.202,43.202,0.61,0.62,0.38,0.39,0.01,0.01,78028.79,1777187141000
1777187144.089,44.089,0.61,0.62,0.38,0.39,0.01,0.01,78028.81,1777187142000
1777187144.443,44.443,0.61,0.62,0.38,0.39,0.01,0.01,78028.81,1777187143000
1777187144.816,44.816,0.6,0.62,0.38,0.39,0.02,0.01,78028.81,1777187143000
1777187145.22,45.22,0.6,0.61,0.39,0.4,0.01,0.01,78028.81,1777187143000
1777187146.202,46.202,0.6,0.61,0.39,0.4,0.01,0.01,78028.85,1777187145000
1777187147.206,47.206,0.62,0.63,0.36,0.4,0.01,0.04,78028.85,1777187145000
1777187147.575,47.575,0.62,0.63,0.37,0.38,0.01,0.01,78028.59,1777187146000
1777187148.043,48.043,0.62,0.63,0.37,0.38,0.01,0.01,78028.59,1777187146000
1777187148.671,48.671,0.62,0.63,0.37,0.38,0.01,0.01,78028.59,1777187147000
1777187149.322,49.322,0.62,0.63,0.37,0.38,0.01,0.01,78028.59,1777187148000
1777187149.819,49.819,0.62,0.63,0.37,0.38,0.01,0.01,78028.59,1777187149000
1777187150.157,50.157,0.62,0.65,0.35,0.38,0.03,0.03,78028.59,1777187149000
1777187150.54,50.54,0.67,0.69,0.32,0.36,0.02,0.04,78028.59,1777187149000
1777187150.904,50.904,0.68,0.69,0.31,0.32,0.01,0.01,78028.53,1777187150000
1777187151.245,51.245,0.69,0.7,0.3,0.31,0.01,0.01,78028.53,1777187150000
1777187151.732,51.732,0.69,0.7,0.3,0.31,0.01,0.01,78028.53,1777187150000
1777187152.523,52.523,0.64,0.7,0.3,0.31,0.06,0.01,78028.6,1777187151000
1777187153.069,53.069,0.64,0.7,0.3,0.36,0.06,0.06,78034.56,1777187152000
1777187153.419,53.419,0.68,0.69,0.3,0.36,0.01,0.06,78034.56,1777187152000
1777187153.926,53.926,0.68,0.69,0.31,0.32,0.01,0.01,78034.56,1777187152000
1777187154.278,54.278,0.68,0.69,0.31,0.32,0.01,0.01,78034.84,1777187153000
1777187154.621,54.621,0.68,0.69,0.31,0.32,0.01,0.01,78034.84,1777187153000
1777187154.962,54.962,0.67,0.68,0.32,0.33,0.01,0.01,78034.84,1777187153000
1777187155.337,55.337,0.67,0.68,0.32,0.33,0.01,0.01,78034.89,1777187154000
1777187155.773,55.773,0.67,0.68,0.32,0.33,0.01,0.01,78034.89,1777187154000
1777187156.137,56.137,0.67,0.68,0.32,0.33,0.01,0.01,78034.89,1777187154000
1777187156.594,56.594,0.67,0.68,0.32,0.33,0.01,0.01,78034.85,1777187155000
1777187157.161,57.161,0.65,0.68,0.32,0.33,0.03,0.01,78034.85,1777187156000
1777187157.536,57.536,0.65,0.67,0.32,0.35,0.02,0.03,78034.85,1777187156000
1777187157.945,57.945,0.66,0.67,0.33,0.34,0.01,0.01,78034.85,1777187156000
1777187158.588,58.588,0.66,0.67,0.33,0.34,0.01,0.01,78034.85,1777187157000
1777187158.99,58.99,0.65,0.67,0.33,0.35,0.02,0.02,78034.75,1777187158000
1777187159.366,59.366,0.65,0.66,0.33,0.35,0.01,0.02,78034.75,1777187158000
1777187159.869,59.869,0.65,0.66,0.34,0.35,0.01,0.01,78034.75,1777187158000
1777187160.231,60.231,0.65,0.66,0.34,0.35,0.01,0.01,78034.81,1777187159000
1777187160.666,60.666,0.65,0.66,0.34,0.35,0.01,0.01,78034.81,1777187159000
1777187161.132,61.132,0.65,0.66,0.34,0.35,0.01,0.01,78034.81,1777187159000
1777187161.49,61.49,0.65,0.66,0.34,0.35,0.01,0.01,78034.81,1777187160000
1777187161.937,61.937,0.61,0.68,0.32,0.34,0.07,0.02,78034.81,1777187160000
1777187162.639,62.639,0.61,0.68,0.32,0.39,0.07,0.07,78034.81,1777187161000
1777187163.091,63.091,0.67,0.68,0.32,0.33,0.01,0.01,78034.81,1777187161000
1777187163.441,63.441,0.67,0.68,0.32,0.33,0.01,0.01,78034.84,1777187162000
1777187163.778,63.778,0.61,0.62,0.36,0.37,0.01,0.01,78034.84,1777187162000
1777187164.116,64.116,0.61,0.62,0.38,0.39,0.01,0.01,78034.84,1777187162000
1777187164.473,64.473,0.61,0.62,0.38,0.39,0.01,0.01,78034.91,1777187163000
1777187164.972,64.972,0.61,0.62,0.38,0.39,0.01,0.01,78034.91,1777187163000
1777187165.69,65.69,0.62,0.63,0.37,0.38,0.01,0.01,78034.91,1777187163000
1777187166.249,66.249,0.62,0.63,0.37,0.38,0.01,0.01,78034.74,1777187164000
1777187166.7,66.7,0.62,0.63,0.37,0.38,0.01,0.01,78034.74,1777187165000
1777187167.062,67.062,0.62,0.63,0.37,0.38,0.01,0.01,78034.74,1777187165000
1777187167.558,67.558,0.64,0.65,0.35,0.36,0.01,0.01,78034.74,1777187166000
1777187168.343,68.343,0.64,0.65,0.35,0.36,0.01,0.01,78034.74,1777187166000
1777187169.205,69.205,0.65,0.67,0.33,0.35,0.02,0.02,78034.86,1777187168000
1777187169.659,69.659,0.68,0.69,0.33,0.34,0.01,0.01,78034.86,1777187168000
1777187170.0,70.0,0.58,0.65,0.35,0.42,0.07,0.07,78034.86,1777187168000
1777187170.436,70.436,0.55,0.58,0.41,0.43,0.03,0.02,78034.86,1777187169000
1777187170.849,70.849,0.54,0.55,0.45,0.46,0.01,0.01,78034.86,1777187169000
1777187171.202,71.202,0.54,0.55,0.45,0.46,0.01,0.01,78034.86,1777187169000
1777187171.925,71.925,0.53,0.55,0.45,0.47,0.02,0.02,78031.83,1777187170000
1777187172.431,72.431,0.57,0.58,0.44,0.46,0.01,0.02,78031.83,1777187170000
1777187172.988,72.988,0.6,0.61,0.41,0.42,0.01,0.01,78028.75,1777187171000
1777187173.431,73.431,0.6,0.61,0.39,0.4,0.01,0.01,78027.61,1777187172000
1777187173.777,73.777,0.6,0.61,0.39,0.4,0.01,0.01,78027.61,1777187172000
1777187174.399,74.399,0.6,0.61,0.39,0.4,0.01,0.01,78027.61,1777187172000
1777187174.746,74.746,0.6,0.61,0.39,0.4,0.01,0.01,78022.58,1777187173000
1777187175.288,75.288,0.6,0.61,0.39,0.4,0.01,0.01,78022.58,1777187173000
1777187175.668,75.668,0.6,0.61,0.39,0.4,0.01,0.01,78023.14,1777187174000
1777187176.292,76.292,0.6,0.61,0.39,0.4,0.01,0.01,78023.26,1777187175000
1777187176.787,76.787,0.6,0.61,0.39,0.4,0.01,0.01,78023.26,1777187175000
1777187177.394,77.394,0.6,0.61,0.39,0.4,0.01,0.01,78023.26,1777187175000
1777187177.822,77.822,0.6,0.61,0.39,0.4,0.01,0.01,78023.26,1777187175000
1777187178.174,78.174,0.58,0.59,0.41,0.43,0.01,0.02,78023.41,1777187176000
1777187178.75,78.75,0.57,0.58,0.41,0.43,0.01,0.02,78023.48,1777187177000
1777187179.205,79.205,0.57,0.58,0.42,0.43,0.01,0.01,78023.48,1777187177000
1777187179.854,79.854,0.57,0.58,0.42,0.43,0.01,0.01,78023.48,1777187178000
1777187180.237,80.237,0.57,0.58,0.42,0.43,0.01,0.01,78023.48,1777187178000
1777187180.699,80.699,0.57,0.58,0.42,0.43,0.01,0.01,78023.47,1777187179000
1777187181.167,81.167,0.57,0.58,0.41,0.42,0.01,0.01,78023.47,1777187179000
1777187181.523,81.523,0.57,0.58,0.42,0.43,0.01,0.01,78023.47,1777187180000
1777187181.99,81.99,0.57,0.58,0.42,0.43,0.01,0.01,78023.47,1777187180000
1777187182.765,82.765,0.57,0.58,0.42,0.43,0.01,0.01,78023.56,1777187181000
1777187183.183,83.183,0.57,0.58,0.42,0.43,0.01,0.01,78023.56,1777187181000
1777187183.954,83.954,0.57,0.58,0.42,0.43,0.01,0.01,78023.48,1777187182000
1777187184.693,84.693,0.57,0.58,0.42,0.43,0.01,0.01,78023.39,1777187183000
1777187185.173,85.173,0.56,0.58,0.42,0.43,0.02,0.01,78023.39,1777187183000
1777187185.579,85.579,0.56,0.57,0.43,0.44,0.01,0.01,78023.46,1777187184000
1777187186.079,86.079,0.55,0.57,0.43,0.44,0.02,0.01,78023.46,1777187184000
1777187186.512,86.512,0.55,0.56,0.44,0.45,0.01,0.01,78023.6,1777187185000
1777187187.184,87.184,0.55,0.56,0.44,0.45,0.01,0.01,78023.41,1777187186000
1777187187.55,87.55,0.55,0.56,0.44,0.45,0.01,0.01,78023.41,1777187186000
1777187188.183,88.183,0.55,0.56,0.44,0.45,0.01,0.01,78023.38,1777187187000
1777187188.651,88.651,0.55,0.56,0.44,0.45,0.01,0.01,78023.38,1777187187000
1777187189.012,89.012,0.55,0.56,0.44,0.45,0.01,0.01,78023.38,1777187187000
1777187189.905,89.905,0.53,0.56,0.44,0.45,0.03,0.01,78023.37,1777187188000
1777187190.25,90.25,0.52,0.53,0.47,0.48,0.01,0.01,78023.37,1777187189000
1777187191.149,91.149,0.52,0.53,0.47,0.48,0.01,0.01,78023.37,1777187190000
1777187191.767,91.767,0.52,0.53,0.47,0.48,0.01,0.01,78023.37,1777187190000
1777187192.102,92.102,0.52,0.53,0.47,0.48,0.01,0.01,78023.37,1777187191000
1777187193.053,93.053,0.52,0.53,0.47,0.48,0.01,0.01,78023.37,1777187192000
1777187193.761,93.761,0.52,0.53,0.47,0.48,0.01,0.01,78023.37,1777187192000
1777187194.308,94.308,0.52,0.53,0.47,0.48,0.01,0.01,78023.37,1777187193000
1777187194.781,94.781,0.52,0.53,0.47,0.48,0.01,0.01,78023.37,1777187193000
1777187195.362,95.362,0.52,0.53,0.47,0.48,0.01,0.01,78023.27,1777187194000
1777187195.928,95.928,0.49,0.52,0.47,0.49,0.03,0.02,78023.27,1777187194000
1777187196.292,96.292,0.5,0.51,0.49,0.5,0.01,0.01,78023.23,1777187195000
1777187196.771,96.771,0.5,0.51,0.49,0.5,0.01,0.01,78023.23,1777187195000
1777187197.285,97.285,0.5,0.51,0.49,0.5,0.01,0.01,78023.05,1777187196000
1777187198.076,98.076,0.5,0.51,0.49,0.5,0.01,0.01,78023.05,1777187196000
1777187198.731,98.731,0.5,0.51,0.49,0.5,0.01,0.01,78021.72,1777187197000
1777187199.319,99.319,0.5,0.51,0.49,0.5,0.01,0.01,78020.61,1777187198000
1777187200.217,100.217,0.5,0.51,0.49,0.5,0.01,0.01,78020.61,1777187198000
1777187200.559,100.559,0.47,0.48,0.52,0.53,0.01,0.01,78020.69,1777187199000
1777187200.894,100.894,0.47,0.48,0.52,0.53,0.01,0.01,78020.24,1777187200000
1777187201.29,101.29,0.47,0.48,0.52,0.53,0.01,0.01,78020.24,1777187200000
1777187201.629,101.629,0.47,0.49,0.52,0.53,0.02,0.01,78020.24,1777187200000
1777187202.046,102.046,0.48,0.49,0.51,0.52,0.01,0.01,78020.25,1777187201000
1777187202.521,102.521,0.48,0.49,0.51,0.52,0.01,0.01,78020.25,1777187201000
1777187202.938,102.938,0.48,0.49,0.51,0.52,0.01,0.01,78020.25,1777187201000
1777187203.484,103.484,0.48,0.49,0.51,0.52,0.01,0.01,78022.14,1777187202000
1777187203.844,103.844,0.49,0.5,0.51,0.52,0.01,0.01,78022.14,1777187202000
1777187204.366,104.366,0.49,0.5,0.5,0.51,0.01,0.01,78022.14,1777187202000
1777187204.793,104.793,0.51,0.52,0.48,0.49,0.01,0.01,78022.14,1777187203000
1777187205.285,105.285,0.51,0.52,0.48,0.49,0.01,0.01,78021.04,1777187204000
1777187205.996,105.996,0.53,0.54,0.46,0.49,0.01,0.03,78021.04,1777187204000
1777187206.464,106.464,0.54,0.55,0.45,0.46,0.01,0.01,78021.04,1777187204000
1777187207.103,107.103,0.54,0.55,0.45,0.46,0.01,0.01,78019.62,1777187205000
1777187207.582,107.582,0.54,0.55,0.45,0.46,0.01,0.01,78019.62,1777187206000
1777187208.334,108.334,0.54,0.55,0.45,0.46,0.01,0.01,78019.62,1777187207000
1777187208.678,108.678,0.54,0.55,0.45,0.46,0.01,0.01,78019.62,1777187207000
1777187209.037,109.037,0.54,0.55,0.45,0.46,0.01,0.01,78019.62,1777187208000
1777187209.541,109.541,0.54,0.55,0.45,0.46,0.01,0.01,78019.62,1777187208000
1777187209.894,109.894,0.54,0.55,0.45,0.46,0.01,0.01,78019.62,1777187208000
1777187211.25,111.25,0.54,0.55,0.45,0.46,0.01,0.01,78019.62,1777187210000
1777187211.64,111.64,0.54,0.55,0.45,0.46,0.01,0.01,78019.62,1777187210000
1777187212.296,112.296,0.55,0.56,0.45,0.46,0.01,0.01,78019.62,1777187210000
1777187212.637,112.637,0.55,0.56,0.44,0.45,0.01,0.01,78019.62,1777187211000
1777187213.08,113.08,0.55,0.56,0.44,0.45,0.01,0.01,78019.62,1777187212000
1777187213.566,113.566,0.55,0.56,0.44,0.45,0.01,0.01,78019.62,1777187212000
1777187214.091,114.091,0.55,0.56,0.44,0.45,0.01,0.01,78019.62,1777187212000
1777187215.016,115.016,0.55,0.56,0.44,0.45,0.01,0.01,78019.62,1777187213000
1777187215.35,115.35,0.55,0.56,0.44,0.45,0.01,0.01,78022.49,1777187214000
1777187215.839,115.839,0.55,0.56,0.44,0.45,0.01,0.01,78022.49,1777187214000
1777187217.112,117.112,0.55,0.56,0.44,0.45,0.01,0.01,78022.49,1777187215000
1777187218.099,118.099,0.55,0.56,0.44,0.45,0.01,0.01,78022.5,1777187216000
1777187218.753,118.753,0.55,0.56,0.44,0.45,0.01,0.01,78022.5,1777187217000
1777187219.207,119.207,0.55,0.56,0.44,0.45,0.01,0.01,78022.5,1777187217000
1777187220.021,120.021,0.55,0.56,0.44,0.45,0.01,0.01,78022.5,1777187219000
1777187220.359,120.359,0.55,0.56,0.44,0.45,0.01,0.01,78022.5,1777187219000
1777187220.888,120.888,0.53,0.56,0.44,0.45,0.03,0.01,78022.5,1777187219000
1777187221.362,121.362,0.53,0.54,0.46,0.47,0.01,0.01,78022.5,1777187219000
1777187221.756,121.756,0.53,0.54,0.46,0.47,0.01,0.01,78022.5,1777187220000
1777187222.192,122.192,0.53,0.54,0.46,0.47,0.01,0.01,78019.62,1777187221000
1777187222.608,122.608,0.54,0.55,0.45,0.46,0.01,0.01,78019.62,1777187221000
1777187223.553,123.553,0.54,0.55,0.45,0.46,0.01,0.01,78019.62,1777187222000
1777187224.14,124.14,0.54,0.55,0.45,0.46,0.01,0.01,78019.62,1777187222000
1777187224.646,124.646,0.54,0.55,0.45,0.46,0.01,0.01,78019.62,1777187223000
1777187225.236,125.236,0.54,0.55,0.45,0.46,0.01,0.01,78019.62,1777187224000
1777187226.04,126.04,0.54,0.55,0.45,0.46,0.01,0.01,78019.62,1777187224000
1777187226.56,126.56,0.54,0.56,0.44,0.46,0.02,0.02,78021.06,1777187225000
1777187227.289,127.289,0.55,0.56,0.44,0.45,0.01,0.01,78022.51,1777187226000
1777187227.834,127.834,0.55,0.56,0.44,0.45,0.01,0.01,78022.51,1777187226000
1777187228.58,128.58,0.55,0.56,0.44,0.45,0.01,0.01,78022.51,1777187226000
1777187229.167,129.167,0.56,0.58,0.44,0.45,0.02,0.01,78021.94,1777187227000
1777187229.56,129.56,0.6,0.61,0.39,0.41,0.01,0.02,78021.9,1777187228000
1777187230.076,130.076,0.61,0.62,0.38,0.39,0.01,0.01,78022.53,1777187229000
1777187230.744,130.744,0.61,0.62,0.38,0.39,0.01,0.01,78022.53,1777187229000
1777187231.317,131.317,0.61,0.62,0.38,0.39,0.01,0.01,78022.53,1777187229000
1777187231.659,131.659,0.61,0.62,0.38,0.39,0.01,0.01,78026.08,1777187230000
1777187232.292,132.292,0.61,0.62,0.38,0.39,0.01,0.01,78026.08,1777187231000
1777187232.904,132.904,0.57,0.58,0.38,0.44,0.01,0.06,78026.08,1777187231000
1777187233.305,133.305,0.57,0.58,0.42,0.43,0.01,0.01,78026.08,1777187231000
1777187233.814,133.814,0.57,0.58,0.42,0.43,0.01,0.01,78027.11,1777187232000
1777187234.236,134.236,0.58,0.59,0.41,0.42,0.01,0.01,78027.11,1777187233000
1777187235.202,135.202,0.58,0.59,0.41,0.42,0.01,0.01,78027.11,1777187233000
1777187236.618,136.618,0.58,0.59,0.41,0.42,0.01,0.01,78027.2,1777187235000
1777187237.419,137.419,0.58,0.59,0.41,0.42,0.01,0.01,78027.2,1777187236000
1777187237.839,137.839,0.58,0.59,0.41,0.42,0.01,0.01,78027.2,1777187236000
1777187239.217,139.217,0.58,0.59,0.41,0.42,0.01,0.01,78027.29,1777187237000
1777187239.983,139.983,0.58,0.59,0.41,0.42,0.01,0.01,78027.25,1777187238000
1777187240.434,140.434,0.58,0.59,0.41,0.42,0.01,0.01,78027.25,1777187238000
1777187240.787,140.787,0.58,0.59,0.41,0.42,0.01,0.01,78027.28,1777187239000
1777187241.129,141.129,0.58,0.59,0.41,0.42,0.01,0.01,78027.28,1777187239000
1777187241.619,141.619,0.58,0.59,0.41,0.42,0.01,0.01,78027.34,1777187240000
1777187242.653,142.653,0.58,0.59,0.41,0.42,0.01,0.01,78025.92,1777187241000
1777187242.995,142.995,0.58,0.59,0.41,0.42,0.01,0.01,78025.92,1777187241000
1777187244.252,144.252,0.58,0.59,0.41,0.42,0.01,0.01,78027.39,1777187242000
1777187244.869,144.869,0.58,0.59,0.41,0.42,0.01,0.01,78027.51,1777187243000
1777187245.339,145.339,0.58,0.59,0.41,0.42,0.01,0.01,78027.51,1777187243000
1777187246.093,146.093,0.58,0.59,0.41,0.42,0.01,0.01,78027.51,1777187245000
1777187246.615,146.615,0.58,0.59,0.41,0.42,0.01,0.01,78027.51,1777187245000
1777187247.396,147.396,0.58,0.59,0.41,0.42,0.01,0.01,78027.48,1777187246000
1777187248.106,148.106,0.58,0.59,0.41,0.42,0.01,0.01,78027.48,1777187247000
1777187248.733,148.733,0.58,0.59,0.41,0.42,0.01,0.01,78027.48,1777187247000
1777187249.153,149.153,0.58,0.59,0.41,0.42,0.01,0.01,78027.48,1777187247000
1777187249.556,149.556,0.58,0.59,0.41,0.42,0.01,0.01,78027.31,1777187248000
1777187250.158,150.158,0.58,0.59,0.41,0.42,0.01,0.01,78027.22,1777187249000
1777187250.506,150.506,0.58,0.59,0.41,0.42,0.01,0.01,78027.22,1777187249000
1777187251.295,151.295,0.58,0.59,0.41,0.42,0.01,0.01,78027.22,1777187249000
1777187251.753,151.753,0.58,0.59,0.41,0.42,0.01,0.01,78026.77,1777187250000
1777187252.241,152.241,0.58,0.59,0.41,0.42,0.01,0.01,78026.66,1777187251000
1777187252.803,152.803,0.58,0.59,0.41,0.42,0.01,0.01,78026.66,1777187251000
1777187253.464,153.464,0.58,0.59,0.41,0.42,0.01,0.01,78026.66,1777187252000
1777187253.831,153.831,0.53,0.54,0.46,0.48,0.01,0.02,78026.66,1777187252000
1777187254.256,154.256,0.53,0.54,0.46,0.47,0.01,0.01,78026.66,1777187252000
1777187254.646,154.646,0.53,0.54,0.46,0.47,0.01,0.01,78026.66,1777187253000
1777187255.061,155.061,0.53,0.54,0.46,0.47,0.01,0.01,78026.66,1777187253000
1777187255.403,155.403,0.53,0.54,0.46,0.47,0.01,0.01,78026.66,1777187254000
1777187255.865,155.865,0.53,0.54,0.46,0.47,0.01,0.01,78026.66,1777187254000
1777187256.497,156.497,0.53,0.54,0.46,0.47,0.01,0.01,78025.82,1777187255000
1777187257.767,157.767,0.53,0.54,0.46,0.47,0.01,0.01,78025.82,1777187256000
1777187258.132,158.132,0.53,0.54,0.46,0.47,0.01,0.01,78025.82,1777187256000
1777187258.599,158.599,0.53,0.54,0.46,0.47,0.01,0.01,78025.82,1777187257000
1777187259.034,159.034,0.53,0.54,0.46,0.47,0.01,0.01,78025.82,1777187257000
1777187259.907,159.907,0.53,0.54,0.46,0.47,0.01,0.01,78025.78,1777187258000
1777187260.473,160.473,0.53,0.54,0.46,0.47,0.01,0.01,78025.74,1777187259000
1777187260.863,160.863,0.53,0.54,0.46,0.47,0.01,0.01,78025.74,1777187259000
1777187261.204,161.204,0.53,0.54,0.46,0.47,0.01,0.01,78025.74,1777187259000
1777187261.582,161.582,0.53,0.54,0.46,0.47,0.01,0.01,78025.74,1777187260000
1777187262.135,162.135,0.53,0.54,0.46,0.47,0.01,0.01,78025.74,1777187261000
1777187262.487,162.487,0.53,0.54,0.46,0.47,0.01,0.01,78025.74,1777187261000
1777187262.934,162.934,0.53,0.54,0.46,0.47,0.01,0.01,78025.74,1777187261000
1777187263.326,163.326,0.53,0.54,0.46,0.47,0.01,0.01,78025.74,1777187262000
1777187264.417,164.417,0.53,0.54,0.46,0.47,0.01,0.01,78025.74,1777187263000
1777187264.944,164.944,0.53,0.54,0.46,0.47,0.01,0.01,78025.74,1777187264000
1777187265.28,165.28,0.53,0.54,0.46,0.47,0.01,0.01,78025.74,1777187264000
1777187265.834,165.834,0.53,0.54,0.46,0.47,0.01,0.01,78025.74,1777187264000
1777187266.705,166.705,0.53,0.54,0.46,0.47,0.01,0.01,78025.74,1777187265000
1777187267.081,167.081,0.53,0.54,0.46,0.47,0.01,0.01,78025.74,1777187265000
1777187267.925,167.925,0.53,0.55,0.46,0.47,0.02,0.01,78025.74,1777187266000
1777187268.277,168.277,0.54,0.55,0.45,0.46,0.01,0.01,78025.74,1777187267000
1777187268.647,168.647,0.54,0.55,0.45,0.46,0.01,0.01,78025.74,1777187267000
1777187269.352,169.352,0.54,0.55,0.45,0.46,0.01,0.01,78025.74,1777187267000
1777187269.951,169.951,0.54,0.55,0.45,0.46,0.01,0.01,78025.74,1777187269000
1777187270.325,170.325,0.54,0.56,0.45,0.46,0.02,0.01,78025.74,1777187269000
1777187270.934,170.934,0.55,0.56,0.44,0.45,0.01,0.01,78025.74,1777187270000
1777187271.341,171.341,0.54,0.56,0.44,0.45,0.02,0.01,78025.74,1777187270000
1777187271.892,171.892,0.53,0.54,0.45,0.47,0.01,0.02,78025.74,1777187270000
1777187272.352,172.352,0.53,0.54,0.46,0.47,0.01,0.01,78025.74,1777187271000
1777187272.762,172.762,0.53,0.54,0.46,0.47,0.01,0.01,78025.74,1777187271000
1777187273.113,173.113,0.53,0.54,0.46,0.47,0.01,0.01,78024.98,1777187272000
1777187273.871,173.871,0.53,0.54,0.46,0.47,0.01,0.01,78024.98,1777187272000
1777187274.332,174.332,0.53,0.54,0.46,0.47,0.01,0.01,78024.98,1777187273000
1777187274.688,174.688,0.53,0.54,0.46,0.47,0.01,0.01,78024.98,1777187273000
1777187275.086,175.086,0.49,0.54,0.46,0.51,0.05,0.05,78024.98,1777187273000
1777187275.467,175.467,0.35,0.36,0.64,0.65,0.01,0.01,78025.74,1777187274000
1777187275.846,175.846,0.33,0.34,0.65,0.67,0.01,0.02,78025.74,1777187274000
1777187276.273,176.273,0.33,0.34,0.66,0.67,0.01,0.01,78025.74,1777187274000
1777187276.716,176.716,0.33,0.34,0.66,0.67,0.01,0.01,78023.61,1777187275000
1777187277.05,177.05,0.33,0.34,0.66,0.67,0.01,0.01,78014.63,1777187276000
1777187277.465,177.465,0.34,0.35,0.65,0.67,0.01,0.02,78014.63,1777187276000
1777187277.82,177.82,0.34,0.35,0.65,0.66,0.01,0.01,78014.63,1777187276000
1777187278.153,178.153,0.34,0.35,0.65,0.66,0.01,0.01,78014.63,1777187276000
1777187278.573,178.573,0.34,0.35,0.65,0.66,0.01,0.01,78013.56,1777187277000
1777187278.913,178.913,0.35,0.38,0.62,0.63,0.03,0.01,78013.56,1777187277000
1777187279.358,179.358,0.35,0.36,0.64,0.65,0.01,0.01,78013.56,1777187277000
1777187279.753,179.753,0.34,0.35,0.65,0.66,0.01,0.01,78014.48,1777187278000
1777187280.09,180.09,0.34,0.35,0.65,0.66,0.01,0.01,78014.48,1777187278000
1777187280.472,180.472,0.34,0.35,0.65,0.66,0.01,0.01,78014.48,1777187279000
1777187280.871,180.871,0.34,0.35,0.65,0.66,0.01,0.01,78014.48,1777187279000
1777187281.362,181.362,0.31,0.32,0.65,0.74,0.01,0.09,78013.56,1777187280000
1777187281.776,181.776,0.31,0.32,0.68,0.69,0.01,0.01,78013.56,1777187280000
1777187282.141,182.141,0.33,0.34,0.66,0.67,0.01,0.01,78013.56,1777187280000
1777187282.494,182.494,0.33,0.34,0.66,0.67,0.01,0.01,78014.77,1777187281000
1777187282.858,182.858,0.33,0.34,0.66,0.67,0.01,0.01,78014.77,1777187281000
1777187283.236,183.236,0.32,0.34,0.66,0.68,0.02,0.02,78014.79,1777187282000
1777187283.608,183.608,0.32,0.33,0.66,0.68,0.01,0.02,78014.79,1777187282000
1777187284.12,184.12,0.32,0.33,0.67,0.68,0.01,0.01,78014.19,1777187283000
1777187284.482,184.482,0.32,0.33,0.67,0.68,0.01,0.01,78014.19,1777187283000
1777187284.852,184.852,0.32,0.33,0.67,0.68,0.01,0.01,78014.19,1777187283000
1777187285.25,185.25,0.31,0.32,0.68,0.69,0.01,0.01,78014.82,1777187284000
1777187285.881,185.881,0.32,0.33,0.67,0.69,0.01,0.02,78014.82,1777187284000
1777187286.443,186.443,0.32,0.36,0.67,0.68,0.04,0.01,78014.81,1777187285000
1777187286.863,186.863,0.35,0.36,0.64,0.65,0.01,0.01,78014.81,1777187285000
1777187287.22,187.22,0.35,0.36,0.64,0.65,0.01,0.01,78014.81,1777187285000
1777187287.613,187.613,0.35,0.36,0.64,0.65,0.01,0.01,78014.19,1777187286000
1777187288.024,188.024,0.35,0.36,0.64,0.65,0.01,0.01,78014.19,1777187287000
1777187288.544,188.544,0.35,0.36,0.63,0.65,0.01,0.02,78014.19,1777187287000
1777187288.908,188.908,0.32,0.36,0.64,0.65,0.04,0.01,78014.19,1777187287000
1777187289.561,189.561,0.32,0.34,0.64,0.68,0.02,0.04,78014.77,1777187288000
1777187290.023,190.023,0.32,0.34,0.66,0.68,0.02,0.02,78014.19,1777187289000
1777187290.38,190.38,0.3,0.31,0.68,0.69,0.01,0.01,78014.19,1777187289000
1777187290.768,190.768,0.31,0.32,0.68,0.69,0.01,0.01,78014.19,1777187289000
1777187291.539,191.539,0.31,0.32,0.68,0.69,0.01,0.01,78014.19,1777187290000
1777187291.958,191.958,0.31,0.32,0.68,0.69,0.01,0.01,78014.19,1777187290000
1777187292.368,192.368,0.3,0.32,0.68,0.69,0.02,0.01,78014.19,1777187291000
1777187292.782,192.782,0.3,0.31,0.69,0.7,0.01,0.01,78014.19,1777187291000
1777187293.508,193.508,0.3,0.31,0.69,0.7,0.01,0.01,78014.19,1777187292000
1777187293.997,193.997,0.3,0.31,0.69,0.7,0.01,0.01,78014.19,1777187293000
1777187294.336,194.336,0.31,0.32,0.68,0.69,0.01,0.01,78014.19,1777187293000
1777187294.92,194.92,0.31,0.32,0.68,0.69,0.01,0.01,78014.19,1777187294000
1777187295.257,195.257,0.31,0.32,0.68,0.69,0.01,0.01,78014.19,1777187294000
1777187295.842,195.842,0.3,0.31,0.69,0.7,0.01,0.01,78014.19,1777187294000
1777187296.23,196.23,0.29,0.31,0.69,0.71,0.02,0.02,78014.19,1777187295000
1777187296.596,196.596,0.29,0.3,0.7,0.71,0.01,0.01,78014.19,1777187295000
1777187296.929,196.929,0.29,0.3,0.7,0.71,0.01,0.01,78014.19,1777187295000
1777187297.431,197.431,0.31,0.32,0.68,0.71,0.01,0.03,78014.19,1777187296000
1777187297.897,197.897,0.32,0.34,0.67,0.68,0.02,0.01,78014.19,1777187296000
1777187298.349,198.349,0.33,0.34,0.66,0.67,0.01,0.01,78014.19,1777187297000
1777187298.724,198.724,0.38,0.39,0.61,0.64,0.01,0.03,78014.19,1777187297000
1777187299.059,199.059,0.35,0.36,0.64,0.66,0.01,0.02,78014.19,1777187298000
1777187299.466,199.466,0.35,0.36,0.64,0.65,0.01,0.01,78014.19,1777187298000
1777187299.839,199.839,0.34,0.35,0.64,0.66,0.01,0.02,78014.19,1777187298000
1777187300.309,200.309,0.33,0.34,0.65,0.66,0.01,0.01,78014.19,1777187298000
1777187300.645,200.645,0.34,0.35,0.65,0.66,0.01,0.01,78014.19,1777187299000
1777187301.092,201.092,0.34,0.35,0.65,0.66,0.01,0.01,78014.19,1777187300000
1777187301.496,201.496,0.34,0.35,0.65,0.66,0.01,0.01,78014.19,1777187300000
1777187302.183,202.183,0.34,0.35,0.65,0.66,0.01,0.01,78014.19,1777187300000
1777187302.671,202.671,0.35,0.36,0.65,0.66,0.01,0.01,78012.54,1777187301000
1777187303.05,203.05,0.35,0.36,0.64,0.65,0.01,0.01,78012.57,1777187302000
1777187303.786,203.786,0.35,0.36,0.64,0.65,0.01,0.01,78012.57,1777187302000
1777187304.242,204.242,0.34,0.35,0.65,0.66,0.01,0.01,78012.57,1777187302000
1777187305.202,205.202,0.35,0.36,0.64,0.65,0.01,0.01,78012.43,1777187303000
1777187305.59,205.59,0.35,0.36,0.64,0.65,0.01,0.01,78014.27,1777187304000
1777187306.189,206.189,0.35,0.36,0.64,0.65,0.01,0.01,78014.27,1777187305000
1777187306.786,206.786,0.36,0.37,0.63,0.64,0.01,0.01,78014.27,1777187305000
1777187307.254,207.254,0.36,0.37,0.63,0.64,0.01,0.01,78014.73,1777187306000
1777187307.869,207.869,0.36,0.37,0.63,0.64,0.01,0.01,78014.73,1777187306000
1777187308.466,208.466,0.36,0.37,0.63,0.64,0.01,0.01,78014.28,1777187307000
1777187308.978,208.978,0.37,0.38,0.62,0.64,0.01,0.02,78014.28,1777187307000
1777187309.732,209.732,0.37,0.38,0.62,0.63,0.01,0.01,78014.28,1777187308000
1777187310.095,210.095,0.37,0.38,0.62,0.63,0.01,0.01,78014.28,1777187309000
1777187310.873,210.873,0.36,0.38,0.62,0.63,0.02,0.01,78014.28,1777187309000
1777187311.489,211.489,0.36,0.4,0.63,0.64,0.04,0.01,78014.28,1777187310000
1777187311.921,211.921,0.39,0.4,0.6,0.64,0.01,0.04,78014.28,1777187310000
1777187312.402,212.402,0.39,0.4,0.6,0.61,0.01,0.01,78014.28,1777187310000
1777187312.763,212.763,0.34,0.4,0.6,0.61,0.06,0.01,78014.28,1777187310000
1777187313.11,213.11,0.34,0.35,0.56,0.66,0.01,0.1,78014.28,1777187311000
1777187313.447,213.447,0.38,0.4,0.61,0.62,0.02,0.01,78014.28,1777187311000
1777187314.163,214.163,0.39,0.4,0.6,0.61,0.01,0.01,78014.28,1777187313000
1777187314.79,214.79,0.38,0.4,0.6,0.61,0.02,0.01,78014.28,1777187313000
1777187315.218,215.218,0.36,0.39,0.61,0.64,0.03,0.03,78014.28,1777187314000
1777187316.097,216.097,0.35,0.4,0.61,0.64,0.05,0.03,78014.28,1777187314000
1777187316.442,216.442,0.34,0.39,0.61,0.66,0.05,0.05,78014.28,1777187314000
1777187316.962,216.962,0.34,0.36,0.64,0.66,0.02,0.02,78013.56,1777187316000
1777187317.3,217.3,0.34,0.37,0.63,0.64,0.03,0.01,78013.56,1777187316000
1777187317.714,217.714,0.34,0.35,0.65,0.66,0.01,0.01,78013.56,1777187316000
1777187318.218,218.218,0.34,0.35,0.65,0.66,0.01,0.01,78013.48,1777187317000
1777187318.848,218.848,0.34,0.35,0.65,0.66,0.01,0.01,78013.48,1777187317000
1777187319.563,219.563,0.34,0.35,0.65,0.66,0.01,0.01,78013.48,1777187317000
1777187320.206,220.206,0.34,0.35,0.65,0.66,0.01,0.01,78013.48,1777187318000
1777187320.552,220.552,0.34,0.35,0.65,0.66,0.01,0.01,78013.48,1777187319000
1777187320.921,220.921,0.34,0.35,0.65,0.66,0.01,0.01,78013.48,1777187319000
1777187321.27,221.27,0.33,0.34,0.65,0.67,0.01,0.02,78013.48,1777187319000
1777187322.062,222.062,0.34,0.35,0.66,0.67,0.01,0.01,78013.48,1777187320000
1777187322.546,222.546,0.34,0.35,0.65,0.66,0.01,0.01,78013.48,1777187321000
1777187323.038,223.038,0.41,0.42,0.58,0.59,0.01,0.01,78013.48,1777187321000
1777187323.433,223.433,0.41,0.43,0.58,0.59,0.02,0.01,78013.48,1777187322000
1777187323.791,223.791,0.42,0.43,0.57,0.58,0.01,0.01,78013.48,1777187322000
1777187324.316,224.316,0.42,0.43,0.57,0.58,0.01,0.01,78013.48,1777187322000
1777187324.675,224.675,0.42,0.43,0.57,0.58,0.01,0.01,78014.03,1777187323000
1777187325.034,225.034,0.42,0.43,0.57,0.58,0.01,0.01,78014.03,1777187323000
1777187325.386,225.386,0.44,0.46,0.54,0.58,0.02,0.04,78014.04,1777187324000
1777187325.767,225.767,0.5,0.51,0.49,0.53,0.01,0.04,78014.04,1777187324000
1777187326.127,226.127,0.5,0.51,0.49,0.5,0.01,0.01,78014.04,1777187324000
1777187326.523,226.523,0.49,0.5,0.5,0.51,0.01,0.01,78014.04,1777187324000
1777187326.944,226.944,0.49,0.5,0.51,0.52,0.01,0.01,78014.75,1777187325000
1777187327.339,227.339,0.49,0.5,0.5,0.51,0.01,0.01,78014.75,1777187325000
1777187327.687,227.687,0.49,0.5,0.5,0.51,0.01,0.01,78015.98,1777187326000
1777187328.545,228.545,0.49,0.5,0.5,0.51,0.01,0.01,78016.13,1777187327000
1777187328.948,228.948,0.49,0.5,0.5,0.51,0.01,0.01,78016.13,1777187327000
1777187329.335,229.335,0.49,0.5,0.5,0.51,0.01,0.01,78016.24,1777187328000
1777187329.687,229.687,0.49,0.5,0.5,0.51,0.01,0.01,78016.24,1777187328000
1777187330.105,230.105,0.49,0.5,0.5,0.51,0.01,0.01,78016.18,1777187329000
1777187330.442,230.442,0.43,0.44,0.56,0.57,0.01,0.01,78016.18,1777187329000
1777187330.779,230.779,0.42,0.43,0.57,0.58,0.01,0.01,78016.18,1777187329000
1777187331.289,231.289,0.42,0.43,0.57,0.58,0.01,0.01,78016.18,1777187330000
1777187331.823,231.823,0.42,0.45,0.57,0.58,0.03,0.01,78016.18,1777187330000
1777187332.166,232.166,0.42,0.45,0.55,0.58,0.03,0.03,78016.04,1777187331000
1777187332.499,232.499,0.23,0.3,0.7,0.77,0.07,0.07,78016.04,1777187331000
1777187332.897,232.897,0.23,0.24,0.76,0.77,0.01,0.01,78016.04,1777187331000
1777187333.251,233.251,0.22,0.24,0.76,0.77,0.02,0.01,78016.04,1777187331000
1777187333.598,233.598,0.24,0.25,0.75,0.78,0.01,0.03,78016.04,1777187331000
1777187334.048,234.048,0.23,0.26,0.74,0.77,0.03,0.03,78013.82,1777187332000
1777187334.41,234.41,0.32,0.33,0.67,0.73,0.01,0.06,78013.82,1777187332000
1777187334.935,234.935,0.32,0.33,0.67,0.68,0.01,0.01,78010.76,1777187333000
1777187335.295,235.295,0.32,0.33,0.67,0.68,0.01,0.01,78010.76,1777187334000
1777187335.851,235.851,0.31,0.33,0.67,0.69,0.02,0.02,78010.76,1777187334000
1777187336.289,236.289,0.32,0.33,0.67,0.68,0.01,0.01,78010.76,1777187334000
1777187336.725,236.725,0.32,0.33,0.67,0.68,0.01,0.01,78009.92,1777187335000
1777187337.095,237.095,0.32,0.33,0.67,0.68,0.01,0.01,78009.92,1777187335000
1777187337.743,237.743,0.32,0.33,0.67,0.68,0.01,0.01,78009.87,1777187336000
1777187338.135,238.135,0.32,0.33,0.67,0.68,0.01,0.01,78009.87,1777187336000
1777187338.534,238.534,0.32,0.33,0.67,0.68,0.01,0.01,78009.64,1777187337000
1777187339.213,239.213,0.3,0.31,0.67,0.7,0.01,0.03,78009.64,1777187337000
1777187339.81,239.81,0.29,0.3,0.69,0.7,0.01,0.01,78009.54,1777187338000
1777187340.298,240.298,0.28,0.29,0.71,0.72,0.01,0.01,78009.54,1777187339000
1777187340.646,240.646,0.28,0.29,0.71,0.72,0.01,0.01,78009.54,1777187339000
1777187341.0,241.0,0.28,0.29,0.71,0.72,0.01,0.01,78009.54,1777187339000
1777187341.459,241.459,0.28,0.29,0.71,0.72,0.01,0.01,78009.54,1777187340000
1777187341.845,241.845,0.28,0.29,0.71,0.72,0.01,0.01,78009.54,1777187340000
1777187342.268,242.268,0.28,0.29,0.71,0.72,0.01,0.01,78009.54,1777187340000
1777187342.664,242.664,0.27,0.29,0.71,0.72,0.02,0.01,78009.54,1777187341000
1777187343.059,243.059,0.27,0.28,0.72,0.73,0.01,0.01,78009.54,1777187341000
1777187343.408,243.408,0.27,0.28,0.72,0.73,0.01,0.01,78009.54,1777187342000
1777187343.882,243.882,0.27,0.28,0.72,0.73,0.01,0.01,78009.54,1777187342000
1777187344.281,244.281,0.27,0.28,0.72,0.73,0.01,0.01,78009.54,1777187343000
1777187344.695,244.695,0.29,0.3,0.7,0.71,0.01,0.01,78009.54,1777187343000
1777187345.165,245.165,0.31,0.32,0.68,0.71,0.01,0.03,78009.54,1777187343000
1777187345.529,245.529,0.3,0.31,0.68,0.69,0.01,0.01,78009.54,1777187343000
1777187345.871,245.871,0.24,0.25,0.75,0.76,0.01,0.01,78009.54,1777187344000
1777187346.224,246.224,0.24,0.25,0.75,0.76,0.01,0.01,78009.54,1777187345000
1777187346.68,246.68,0.24,0.25,0.75,0.76,0.01,0.01,78009.54,1777187345000
1777187347.056,247.056,0.24,0.25,0.75,0.76,0.01,0.01,78009.54,1777187345000
1777187348.414,248.414,0.24,0.25,0.75,0.76,0.01,0.01,78009.34,1777187346000
1777187348.902,248.902,0.25,0.26,0.75,0.76,0.01,0.01,78009.34,1777187346000
1777187349.399,249.399,0.24,0.25,0.74,0.76,0.01,0.02,78009.25,1777187348000
1777187349.825,249.825,0.23,0.24,0.75,0.76,0.01,0.01,78009.25,1777187348000
1777187350.267,250.267,0.23,0.24,0.76,0.77,0.01,0.01,78009.25,1777187348000
1777187350.682,250.682,0.23,0.24,0.76,0.77,0.01,0.01,78009.25,1777187348000
1777187351.18,251.18,0.24,0.25,0.73,0.77,0.01,0.04,78008.82,1777187349000
1777187351.558,251.558,0.24,0.26,0.75,0.76,0.02,0.01,78008.82,1777187350000
1777187351.987,251.987,0.26,0.27,0.73,0.74,0.01,0.01,78008.82,1777187350000
1777187352.398,252.398,0.25,0.26,0.74,0.75,0.01,0.01,78008.82,1777187351000
1777187353.065,253.065,0.26,0.27,0.73,0.74,0.01,0.01,78008.82,1777187351000
1777187353.644,253.644,0.26,0.27,0.73,0.74,0.01,0.01,78008.82,1777187352000
1777187353.984,253.984,0.26,0.27,0.73,0.74,0.01,0.01,78008.82,1777187353000
1777187354.696,254.696,0.25,0.26,0.73,0.74,0.01,0.01,78008.82,1777187353000
1777187355.324,255.324,0.25,0.26,0.74,0.75,0.01,0.01,78009.47,1777187354000
1777187355.66,255.66,0.24,0.25,0.74,0.75,0.01,0.01,78009.47,1777187354000
1777187356.023,256.023,0.2,0.22,0.75,0.76,0.02,0.01,78009.47,1777187354000
1777187356.366,256.366,0.2,0.22,0.78,0.8,0.02,0.02,78008.82,1777187355000
1777187356.782,256.782,0.2,0.21,0.79,0.8,0.01,0.01,78008.82,1777187355000
1777187357.162,257.162,0.2,0.21,0.79,0.8,0.01,0.01,78008.82,1777187355000
1777187357.527,257.527,0.2,0.25,0.73,0.79,0.05,0.06,78008.82,1777187356000
1777187357.895,257.895,0.25,0.26,0.74,0.75,0.01,0.01,78008.82,1777187357000
1777187358.251,258.251,0.25,0.26,0.74,0.75,0.01,0.01,78008.82,1777187357000
1777187358.644,258.644,0.25,0.26,0.74,0.75,0.01,0.01,78008.82,1777187357000
1777187359.083,259.083,0.25,0.26,0.74,0.75,0.01,0.01,78008.82,1777187358000
1777187359.812,259.812,0.25,0.26,0.74,0.75,0.01,0.01,78008.82,1777187359000
1777187360.711,260.711,0.22,0.23,0.74,0.77,0.01,0.03,78008.82,1777187359000
1777187361.215,261.215,0.22,0.23,0.77,0.78,0.01,0.01,78008.82,1777187360000
1777187361.838,261.838,0.22,0.23,0.77,0.78,0.01,0.01,78008.82,1777187361000
1777187362.596,262.596,0.17,0.2,0.79,0.8,0.03,0.01,78008.82,1777187361000
1777187363.061,263.061,0.17,0.18,0.82,0.83,0.01,0.01,78008.82,1777187362000
1777187363.492,263.492,0.17,0.18,0.82,0.83,0.01,0.01,78008.82,1777187362000
1777187363.884,263.884,0.18,0.19,0.81,0.82,0.01,0.01,78008.82,1777187362000
1777187364.425,264.425,0.19,0.2,0.8,0.81,0.01,0.01,78008.75,1777187363000
1777187365.01,265.01,0.18,0.21,0.8,0.81,0.03,0.01,78008.75,1777187363000
1777187365.382,265.382,0.22,0.23,0.77,0.78,0.01,0.01,78008.75,1777187364000
1777187365.911,265.911,0.21,0.23,0.77,0.79,0.02,0.02,78008.75,1777187364000
1777187366.442,266.442,0.2,0.22,0.78,0.8,0.02,0.02,78008.63,1777187365000
1777187366.903,266.903,0.16,0.17,0.83,0.84,0.01,0.01,78008.63,1777187365000
1777187367.452,267.452,0.15,0.16,0.83,0.85,0.01,0.02,78008.63,1777187366000
1777187367.844,267.844,0.14,0.16,0.84,0.85,0.02,0.01,78008.63,1777187366000
1777187368.324,268.324,0.12,0.14,0.86,0.88,0.02,0.02,78009.26,1777187367000
1777187368.695,268.695,0.12,0.13,0.87,0.88,0.01,0.01,78009.26,1777187367000
1777187369.172,269.172,0.12,0.13,0.87,0.88,0.01,0.01,78009.26,1777187368000
1777187369.534,269.534,0.12,0.13,0.87,0.88,0.01,0.01,78009.26,1777187368000
1777187370.105,270.105,0.12,0.13,0.87,0.88,0.01,0.01,78009.24,1777187369000
1777187370.492,270.492,0.11,0.12,0.81,0.86,0.01,0.05,78009.24,1777187369000
1777187370.825,270.825,0.1,0.11,0.89,0.9,0.01,0.01,78009.24,1777187369000
1777187371.178,271.178,0.11,0.12,0.89,0.9,0.01,0.01,78009.24,1777187369000
1777187371.554,271.554,0.13,0.15,0.84,0.88,0.02,0.04,78008.88,1777187370000
1777187371.978,271.978,0.13,0.14,0.86,0.87,0.01,0.01,78007.96,1777187371000
1777187372.34,272.34,0.1,0.14,0.86,0.87,0.04,0.01,78007.96,1777187371000
1777187372.818,272.818,0.13,0.14,0.86,0.87,0.01,0.01,78007.96,1777187371000
1777187373.153,273.153,0.13,0.16,0.86,0.87,0.03,0.01,78007.96,1777187371000
1777187373.584,273.584,0.15,0.16,0.84,0.85,0.01,0.01,78008.52,1777187372000
1777187374.061,274.061,0.08,0.09,0.84,0.92,0.01,0.08,78008.52,1777187372000
1777187374.644,274.644,0.08,0.2,0.9,0.92,0.12,0.02,78008.57,1777187373000
1777187375.058,275.058,0.15,0.16,0.84,0.85,0.01,0.01,78008.58,1777187374000
1777187375.577,275.577,0.18,0.19,0.86,0.87,0.01,0.01,78008.58,1777187374000
1777187375.941,275.941,0.16,0.17,0.8,0.82,0.01,0.02,78008.58,1777187374000
1777187376.327,276.327,0.15,0.16,0.84,0.87,0.01,0.03,78008.58,1777187375000
1777187376.672,276.672,0.15,0.16,0.84,0.85,0.01,0.01,78008.58,1777187375000
1777187377.1,277.1,0.15,0.16,0.84,0.85,0.01,0.01,78008.48,1777187376000
1777187377.535,277.535,0.1,0.11,0.89,0.9,0.01,0.01,78008.48,1777187376000
1777187377.961,277.961,0.08,0.09,0.91,0.92,0.01,0.01,78008.74,1777187377000
1777187378.725,278.725,0.12,0.13,0.87,0.92,0.01,0.05,78008.74,1777187377000
1777187379.172,279.172,0.1,0.11,0.89,0.9,0.01,0.01,78008.74,1777187377000
1777187379.656,279.656,0.06,0.07,0.92,0.94,0.01,0.02,78008.74,1777187377000
1777187380.031,280.031,0.06,0.07,0.93,0.94,0.01,0.01,78008.83,1777187378000
1777187380.421,280.421,0.06,0.07,0.93,0.94,0.01,0.01,78008.82,1777187379000
1777187380.775,280.775,0.05,0.07,0.93,0.95,0.02,0.02,78008.82,1777187379000
1777187381.265,281.265,0.05,0.06,0.94,0.95,0.01,0.01,78008.82,1777187380000
1777187381.623,281.623,0.05,0.06,0.94,0.95,0.01,0.01,78008.82,1777187380000
1777187381.96,281.96,0.05,0.06,0.94,0.95,0.01,0.01,78008.82,1777187380000
1777187382.322,282.322,0.05,0.06,0.94,0.95,0.01,0.01,78008.03,1777187381000
1777187382.918,282.918,0.05,0.06,0.94,0.95,0.01,0.01,78008.03,1777187381000
1777187383.275,283.275,0.05,0.06,0.94,0.95,0.01,0.01,78008.16,1777187382000
1777187383.619,283.619,0.05,0.06,0.94,0.95,0.01,0.01,78008.16,1777187382000
1777187383.995,283.995,0.05,0.07,0.91,0.94,0.02,0.03,78008.16,1777187382000
1777187384.421,284.421,0.06,0.07,0.93,0.94,0.01,0.01,78008.16,1777187382000
1777187384.804,284.804,0.06,0.07,0.93,0.94,0.01,0.01,78008.1,1777187383000
1777187385.189,285.189,0.06,0.09,0.93,0.94,0.03,0.01,78008.1,1777187383000
1777187385.635,285.635,0.04,0.06,0.81,0.95,0.02,0.14,78008.39,1777187384000
1777187386.006,286.006,0.03,0.05,0.95,0.96,0.02,0.01,78008.39,1777187384000
1777187386.344,286.344,0.03,0.05,0.95,0.96,0.02,0.01,78008.35,1777187385000
1777187386.697,286.697,0.04,0.06,0.94,0.96,0.02,0.02,78008.35,1777187385000
1777187387.184,287.184,0.04,0.06,0.94,0.96,0.02,0.02,78008.35,1777187385000
1777187387.521,287.521,0.04,0.06,0.94,0.96,0.02,0.02,78008.37,1777187386000
1777187387.859,287.859,0.04,0.05,0.95,0.96,0.01,0.01,78008.37,1777187386000
1777187388.209,288.209,0.04,0.05,0.94,0.96,0.01,0.02,78008.37,1777187387000
1777187388.582,288.582,0.03,0.05,0.95,0.96,0.02,0.01,78008.37,1777187387000
1777187388.985,288.985,0.03,0.04,0.96,0.97,0.01,0.01,78008.37,1777187387000
1777187389.327,289.327,0.03,0.04,0.96,0.97,0.01,0.01,78008.39,1777187388000
1777187389.766,289.766,0.03,0.04,0.96,0.97,0.01,0.01,78008.39,1777187388000
1777187390.271,290.271,0.03,0.04,0.96,0.97,0.01,0.01,78008.44,1777187389000
1777187390.68,290.68,0.03,0.05,0.95,0.97,0.02,0.02,78008.44,1777187389000
1777187391.062,291.062,0.04,0.05,0.95,0.96,0.01,0.01,78008.44,1777187390000
1777187391.409,291.409,0.01,0.03,0.95,0.98,0.02,0.03,78008.44,1777187390000
1777187391.771,291.771,0.01,0.02,0.98,0.99,0.01,0.01,78008.44,1777187390000
1777187392.105,292.105,0.01,0.02,0.98,0.99,0.01,0.01,78008.21,1777187391000
1777187392.488,292.488,0.01,0.03,0.97,0.99,0.02,0.02,78008.21,1777187391000
1777187392.942,292.942,0.01,0.02,0.98,0.99,0.01,0.01,78008.21,1777187391000
1777187393.324,293.324,0.01,0.01,0.99,0.99,0.0,0.0,78008.77,1777187392000
1777187393.916,293.916,0.01,0.02,0.98,0.99,0.01,0.01,78008.77,1777187392000
1777187394.27,294.27,0.01,0.03,0.99,0.99,0.02,0.0,78009.05,1777187393000
1777187394.664,294.664,0.01,0.01,0.97,0.99,0.0,0.02,78009.05,1777187393000
1777187395.193,295.193,0.01,0.01,0.99,0.99,0.0,0.0,78009.05,1777187393000
1777187395.917,295.917,0.01,0.01,0.99,0.99,0.0,0.0,78008.96,1777187395000
1777187396.503,296.503,0.01,0.01,0.99,0.99,0.0,0.0,78008.96,1777187395000
1777187396.894,296.894,0.01,0.01,0.99,0.99,0.0,0.0,78007.83,1777187396000
1777187397.33,297.33,0.01,0.01,0.99,0.99,0.0,0.0,78007.83,1777187396000
1777187398.078,298.078,0.01,0.01,0.99,0.99,0.0,0.0,78007.83,1777187397000
1777187398.994,298.994,0.01,0.01,0.99,0.99,0.0,0.0,78007.83,1777187397000
1777187400.097,300.097,0.01,0.01,0.99,0.99,0.0,0.0,78008.86,1777187399000
1777187401.174,301.174,0.01,0.01,0.99,0.99,0.0,0.0,78008.86,1777187400000
1777187402.192,302.192,0.01,0.01,0.99,0.99,0.0,0.0,78008.88,1777187401000

# RESULT,winner=Down,slug=btc-updown-5m-1777187100,ticks=611
