timestamp,elapsed_sec,up_bid,up_ask,down_bid,down_ask,up_spread,down_spread,btc_price,btc_oracle_ts
1777039800.538,0.538,0.49,0.5,0.47,0.48,0.01,0.01,77994.62,1777039799000
1777039800.891,0.891,0.49,0.5,0.49,0.51,0.01,0.02,77994.62,1777039799000
1777039801.524,1.524,0.49,0.5,0.5,0.51,0.01,0.01,77991.29,1777039800000
1777039801.861,1.861,0.49,0.52,0.48,0.51,0.03,0.03,77991.29,1777039800000
1777039802.317,2.317,0.5,0.52,0.48,0.5,0.02,0.02,77991.29,1777039800000
1777039802.658,2.658,0.5,0.51,0.49,0.5,0.01,0.01,77985.46,1777039801000
1777039802.992,2.992,0.5,0.51,0.49,0.5,0.01,0.01,77986.26,1777039802000
1777039804.077,4.077,0.5,0.51,0.49,0.5,0.01,0.01,77986.26,1777039802000
1777039804.432,4.432,0.49,0.51,0.49,0.51,0.02,0.02,77986.26,1777039802000
1777039805.042,5.042,0.5,0.51,0.49,0.52,0.01,0.03,77989.5,1777039803000
1777039805.4,5.4,0.45,0.46,0.54,0.55,0.01,0.01,77982.99,1777039804000
1777039805.749,5.749,0.45,0.46,0.54,0.55,0.01,0.01,77982.99,1777039804000
1777039806.107,6.107,0.44,0.45,0.55,0.56,0.01,0.01,77982.99,1777039804000
1777039806.447,6.447,0.43,0.44,0.56,0.57,0.01,0.01,77975.5,1777039805000
1777039806.827,6.827,0.43,0.44,0.56,0.57,0.01,0.01,77975.5,1777039805000
1777039807.163,7.163,0.43,0.44,0.56,0.57,0.01,0.01,77975.5,1777039805000
1777039807.747,7.747,0.42,0.43,0.57,0.58,0.01,0.01,77970.71,1777039806000
1777039808.15,8.15,0.42,0.43,0.57,0.58,0.01,0.01,77970.71,1777039806000
1777039808.689,8.689,0.42,0.43,0.57,0.58,0.01,0.01,77970.53,1777039807000
1777039809.143,9.143,0.42,0.43,0.57,0.58,0.01,0.01,77970.53,1777039807000
1777039809.525,9.525,0.42,0.43,0.57,0.58,0.01,0.01,77967.36,1777039808000
1777039809.872,9.872,0.42,0.43,0.57,0.58,0.01,0.01,77967.36,1777039808000
1777039810.333,10.333,0.41,0.43,0.57,0.58,0.02,0.01,77967.36,1777039808000
1777039810.86,10.86,0.41,0.43,0.57,0.59,0.02,0.02,77968.11,1777039809000
1777039811.227,11.227,0.41,0.43,0.57,0.59,0.02,0.02,77968.11,1777039809000
1777039811.607,11.607,0.42,0.43,0.57,0.58,0.01,0.01,77966.81,1777039810000
1777039811.975,11.975,0.41,0.42,0.58,0.59,0.01,0.01,77966.81,1777039810000
1777039812.309,12.309,0.41,0.42,0.58,0.59,0.01,0.01,77966.81,1777039810000
1777039812.737,12.737,0.4,0.42,0.58,0.6,0.02,0.02,77964.13,1777039811000
1777039813.127,13.127,0.4,0.41,0.59,0.6,0.01,0.01,77964.39,1777039812000
1777039813.683,13.683,0.39,0.4,0.6,0.61,0.01,0.01,77964.39,1777039812000
1777039814.03,14.03,0.39,0.4,0.6,0.61,0.01,0.01,77963.6,1777039813000
1777039814.402,14.402,0.39,0.4,0.6,0.61,0.01,0.01,77963.6,1777039813000
1777039814.934,14.934,0.4,0.41,0.58,0.61,0.01,0.03,77963.6,1777039813000
1777039815.437,15.437,0.4,0.41,0.59,0.6,0.01,0.01,77957.45,1777039814000
1777039816.061,16.061,0.4,0.41,0.59,0.6,0.01,0.01,77958.22,1777039815000
1777039816.894,16.894,0.4,0.41,0.59,0.6,0.01,0.01,77958.22,1777039815000
1777039817.246,17.246,0.39,0.4,0.6,0.62,0.01,0.02,77958.22,1777039815000
1777039817.769,17.769,0.39,0.4,0.6,0.61,0.01,0.01,77957.12,1777039816000
1777039818.128,18.128,0.39,0.4,0.6,0.61,0.01,0.01,77956.47,1777039817000
1777039818.645,18.645,0.39,0.4,0.6,0.61,0.01,0.01,77956.47,1777039817000
1777039818.999,18.999,0.39,0.4,0.6,0.61,0.01,0.01,77956.47,1777039817000
1777039819.467,19.467,0.35,0.36,0.64,0.65,0.01,0.01,77959.2,1777039818000
1777039820.352,20.352,0.35,0.36,0.64,0.65,0.01,0.01,77954.0,1777039819000
1777039821.016,21.016,0.35,0.36,0.64,0.65,0.01,0.01,77954.0,1777039819000
1777039821.378,21.378,0.35,0.36,0.64,0.65,0.01,0.01,77954.0,1777039819000
1777039822.105,22.105,0.35,0.36,0.64,0.65,0.01,0.01,77945.44,1777039820000
1777039822.467,22.467,0.35,0.36,0.64,0.65,0.01,0.01,77938.95,1777039821000
1777039822.958,22.958,0.35,0.36,0.64,0.65,0.01,0.01,77938.95,1777039821000
1777039823.348,23.348,0.35,0.36,0.64,0.65,0.01,0.01,77939.16,1777039822000
1777039823.694,23.694,0.35,0.36,0.64,0.65,0.01,0.01,77939.16,1777039822000
1777039824.033,24.033,0.36,0.37,0.63,0.65,0.01,0.02,77939.16,1777039822000
1777039824.454,24.454,0.37,0.38,0.62,0.63,0.01,0.01,77946.25,1777039823000
1777039824.84,24.84,0.38,0.39,0.61,0.62,0.01,0.01,77946.25,1777039823000
1777039825.205,25.205,0.39,0.41,0.6,0.61,0.02,0.01,77951.44,1777039824000
1777039825.543,25.543,0.39,0.4,0.6,0.61,0.01,0.01,77951.44,1777039824000
1777039825.957,25.957,0.39,0.41,0.6,0.61,0.02,0.01,77951.44,1777039824000
1777039826.468,26.468,0.4,0.41,0.59,0.6,0.01,0.01,77956.96,1777039825000
1777039826.96,26.96,0.4,0.41,0.59,0.6,0.01,0.01,77959.01,1777039826000
1777039827.924,27.924,0.4,0.41,0.59,0.6,0.01,0.01,77959.01,1777039826000
1777039828.306,28.306,0.4,0.41,0.59,0.6,0.01,0.01,77960.73,1777039827000
1777039828.649,28.649,0.4,0.41,0.59,0.6,0.01,0.01,77960.73,1777039827000
1777039829.023,29.023,0.4,0.41,0.59,0.6,0.01,0.01,77960.73,1777039827000
1777039829.434,29.434,0.4,0.41,0.59,0.6,0.01,0.01,77959.65,1777039828000
1777039829.904,29.904,0.39,0.4,0.59,0.61,0.01,0.02,77959.65,1777039828000
1777039830.272,30.272,0.39,0.4,0.6,0.61,0.01,0.01,77959.66,1777039829000
1777039830.669,30.669,0.39,0.4,0.6,0.61,0.01,0.01,77959.66,1777039829000
1777039831.309,31.309,0.39,0.4,0.6,0.61,0.01,0.01,77960.87,1777039830000
1777039832.514,32.514,0.39,0.4,0.6,0.61,0.01,0.01,77960.46,1777039831000
1777039832.864,32.864,0.39,0.4,0.6,0.61,0.01,0.01,77960.46,1777039831000
1777039833.317,33.317,0.39,0.4,0.6,0.61,0.01,0.01,77963.21,1777039832000
1777039833.663,33.663,0.39,0.41,0.6,0.61,0.02,0.01,77963.21,1777039832000
1777039834.078,34.078,0.39,0.41,0.59,0.61,0.02,0.02,77963.21,1777039832000
1777039834.435,34.435,0.39,0.4,0.6,0.61,0.01,0.01,77962.61,1777039833000
1777039835.234,35.234,0.39,0.4,0.6,0.61,0.01,0.01,77962.61,1777039833000
1777039835.69,35.69,0.38,0.39,0.61,0.62,0.01,0.01,77960.28,1777039834000
1777039836.178,36.178,0.36,0.37,0.63,0.64,0.01,0.01,77960.28,1777039834000
1777039836.622,36.622,0.36,0.37,0.63,0.64,0.01,0.01,77959.97,1777039835000
1777039837.17,37.17,0.36,0.37,0.63,0.64,0.01,0.01,77954.87,1777039836000
1777039837.52,37.52,0.36,0.37,0.63,0.64,0.01,0.01,77954.87,1777039836000
1777039837.941,37.941,0.36,0.37,0.63,0.64,0.01,0.01,77954.87,1777039836000
1777039839.169,39.169,0.36,0.37,0.63,0.64,0.01,0.01,77948.84,1777039838000
1777039839.719,39.719,0.36,0.37,0.63,0.64,0.01,0.01,77948.84,1777039838000
1777039840.139,40.139,0.36,0.37,0.63,0.64,0.01,0.01,77947.2,1777039839000
1777039840.677,40.677,0.36,0.37,0.63,0.64,0.01,0.01,77947.2,1777039839000
1777039841.012,41.012,0.36,0.38,0.62,0.64,0.02,0.02,77947.2,1777039839000
1777039841.389,41.389,0.38,0.39,0.58,0.62,0.01,0.04,77950.47,1777039840000
1777039841.803,41.803,0.41,0.42,0.57,0.59,0.01,0.02,77950.47,1777039840000
1777039842.313,42.313,0.41,0.42,0.58,0.59,0.01,0.01,77958.85,1777039841000
1777039842.821,42.821,0.41,0.42,0.58,0.59,0.01,0.01,77958.85,1777039841000
1777039843.37,43.37,0.41,0.42,0.58,0.59,0.01,0.01,77964.03,1777039842000
1777039844.15,44.15,0.41,0.42,0.58,0.59,0.01,0.01,77968.63,1777039843000
1777039844.533,44.533,0.41,0.42,0.58,0.59,0.01,0.01,77968.63,1777039843000
1777039845.66,45.66,0.41,0.43,0.58,0.59,0.02,0.01,77968.63,1777039843000
1777039846.214,46.214,0.43,0.44,0.56,0.59,0.01,0.03,77969.53,1777039844000
1777039846.64,46.64,0.44,0.45,0.55,0.56,0.01,0.01,77972.79,1777039845000
1777039847.023,47.023,0.44,0.45,0.55,0.56,0.01,0.01,77972.79,1777039845000
1777039847.42,47.42,0.44,0.47,0.54,0.56,0.03,0.02,77972.79,1777039845000
1777039847.785,47.785,0.45,0.49,0.51,0.55,0.04,0.04,77978.59,1777039846000
1777039848.244,48.244,0.46,0.5,0.53,0.55,0.04,0.02,77978.59,1777039846000
1777039848.854,48.854,0.47,0.5,0.5,0.54,0.03,0.04,77977.23,1777039847000
1777039849.518,49.518,0.48,0.51,0.49,0.53,0.03,0.04,77977.23,1777039847000
1777039849.875,49.875,0.48,0.52,0.49,0.52,0.04,0.03,77984.73,1777039848000
1777039850.443,50.443,0.48,0.49,0.51,0.52,0.01,0.01,77984.73,1777039848000
1777039851.033,51.033,0.48,0.49,0.51,0.52,0.01,0.01,77991.96,1777039849000
1777039851.422,51.422,0.48,0.5,0.51,0.52,0.02,0.01,77992.45,1777039850000
1777039851.841,51.841,0.49,0.5,0.5,0.51,0.01,0.01,77992.45,1777039850000
1777039852.181,52.181,0.5,0.51,0.47,0.48,0.01,0.01,77992.45,1777039850000
1777039852.522,52.522,0.5,0.51,0.48,0.5,0.01,0.02,77992.45,1777039850000
1777039853.105,53.105,0.5,0.51,0.49,0.5,0.01,0.01,77996.02,1777039851000
1777039853.565,53.565,0.5,0.51,0.49,0.5,0.01,0.01,77996.02,1777039852000
1777039853.917,53.917,0.5,0.51,0.49,0.5,0.01,0.01,77996.02,1777039852000
1777039854.506,54.506,0.5,0.51,0.49,0.5,0.01,0.01,77996.02,1777039852000
1777039855.097,55.097,0.5,0.51,0.49,0.5,0.01,0.01,77996.29,1777039853000
1777039855.476,55.476,0.5,0.51,0.49,0.5,0.01,0.01,77996.5,1777039854000
1777039856.086,56.086,0.5,0.51,0.49,0.5,0.01,0.01,77995.74,1777039855000
1777039857.194,57.194,0.5,0.51,0.49,0.5,0.01,0.01,77995.74,1777039855000
1777039857.539,57.539,0.5,0.51,0.49,0.5,0.01,0.01,77993.18,1777039856000
1777039857.873,57.873,0.49,0.51,0.49,0.5,0.02,0.01,77993.18,1777039856000
1777039858.22,58.22,0.5,0.51,0.49,0.5,0.01,0.01,77993.18,1777039856000
1777039859.019,59.019,0.5,0.51,0.49,0.5,0.01,0.01,77993.5,1777039857000
1777039859.483,59.483,0.5,0.51,0.49,0.5,0.01,0.01,77993.5,1777039857000
1777039859.965,59.965,0.49,0.51,0.49,0.5,0.02,0.01,77993.2,1777039858000
1777039860.858,60.858,0.49,0.5,0.49,0.51,0.01,0.02,77991.81,1777039859000
1777039861.597,61.597,0.49,0.5,0.5,0.51,0.01,0.01,77991.81,1777039859000
1777039861.978,61.978,0.48,0.5,0.5,0.51,0.02,0.01,77988.92,1777039860000
1777039862.384,62.384,0.48,0.49,0.51,0.53,0.01,0.02,77988.92,1777039860000
1777039862.732,62.732,0.48,0.49,0.51,0.52,0.01,0.01,77988.92,1777039860000
1777039863.115,63.115,0.49,0.5,0.5,0.51,0.01,0.01,77988.92,1777039860000
1777039863.448,63.448,0.48,0.5,0.51,0.52,0.02,0.01,77988.44,1777039861000
1777039863.825,63.825,0.49,0.5,0.5,0.51,0.01,0.01,77988.44,1777039861000
1777039864.171,64.171,0.5,0.51,0.49,0.5,0.01,0.01,77987.51,1777039862000
1777039864.585,64.585,0.51,0.52,0.48,0.49,0.01,0.01,77991.21,1777039863000
1777039865.04,65.04,0.51,0.52,0.48,0.49,0.01,0.01,77991.21,1777039863000
1777039865.399,65.399,0.51,0.52,0.48,0.49,0.01,0.01,77991.26,1777039864000
1777039866.363,66.363,0.51,0.52,0.48,0.49,0.01,0.01,77991.26,1777039864000
1777039867.078,67.078,0.51,0.52,0.48,0.49,0.01,0.01,77999.08,1777039866000
1777039868.249,68.249,0.51,0.52,0.48,0.49,0.01,0.01,78003.25,1777039867000
1777039868.678,68.678,0.51,0.52,0.48,0.49,0.01,0.01,78003.25,1777039867000
1777039869.016,69.016,0.51,0.54,0.46,0.49,0.03,0.03,78003.25,1777039867000
1777039869.352,69.352,0.54,0.56,0.44,0.46,0.02,0.02,78003.25,1777039867000
1777039869.686,69.686,0.54,0.55,0.45,0.46,0.01,0.01,78005.63,1777039868000
1777039870.076,70.076,0.54,0.55,0.45,0.46,0.01,0.01,78005.63,1777039869000
1777039870.487,70.487,0.56,0.57,0.45,0.46,0.01,0.01,78005.63,1777039869000
1777039870.837,70.837,0.56,0.57,0.41,0.44,0.01,0.03,78005.63,1777039869000
1777039871.2,71.2,0.58,0.6,0.4,0.42,0.02,0.02,78004.85,1777039870000
1777039871.594,71.594,0.6,0.62,0.38,0.41,0.02,0.03,78004.85,1777039870000
1777039872.298,72.298,0.6,0.63,0.37,0.4,0.03,0.03,78004.85,1777039870000
1777039873.468,73.468,0.6,0.61,0.37,0.4,0.01,0.03,78009.2,1777039871000
1777039874.251,74.251,0.6,0.61,0.39,0.4,0.01,0.01,78027.46,1777039872000
1777039874.695,74.695,0.59,0.61,0.39,0.41,0.02,0.02,78027.46,1777039872000
1777039875.155,75.155,0.6,0.61,0.39,0.4,0.01,0.01,78029.3,1777039873000
1777039875.5,75.5,0.62,0.64,0.36,0.39,0.02,0.03,78033.38,1777039874000
1777039875.851,75.851,0.64,0.65,0.35,0.36,0.01,0.01,78033.38,1777039874000
1777039876.19,76.19,0.64,0.68,0.32,0.36,0.04,0.04,78033.38,1777039874000
1777039876.523,76.523,0.7,0.71,0.29,0.3,0.01,0.01,78033.38,1777039874000
1777039876.874,76.874,0.7,0.72,0.28,0.3,0.02,0.02,78054.27,1777039875000
1777039877.216,77.216,0.7,0.73,0.28,0.3,0.03,0.02,78073.01,1777039876000
1777039877.754,77.754,0.7,0.73,0.27,0.3,0.03,0.03,78073.01,1777039876000
1777039878.099,78.099,0.7,0.73,0.27,0.3,0.03,0.03,78073.01,1777039876000
1777039878.488,78.488,0.67,0.73,0.27,0.33,0.06,0.06,78073.01,1777039876000
1777039878.934,78.934,0.66,0.73,0.27,0.34,0.07,0.07,78060.58,1777039877000
1777039879.285,79.285,0.66,0.71,0.29,0.34,0.05,0.05,78060.58,1777039877000
1777039879.707,79.707,0.66,0.71,0.29,0.34,0.05,0.05,78060.58,1777039877000
1777039880.118,80.118,0.68,0.71,0.29,0.32,0.03,0.03,78055.71,1777039878000
1777039880.455,80.455,0.7,0.74,0.26,0.3,0.04,0.04,78055.71,1777039878000
1777039880.795,80.795,0.65,0.68,0.32,0.35,0.03,0.03,78055.71,1777039878000
1777039881.142,81.142,0.67,0.7,0.3,0.33,0.03,0.03,78048.75,1777039879000
1777039881.487,81.487,0.67,0.68,0.32,0.33,0.01,0.01,78035.89,1777039880000
1777039881.825,81.825,0.62,0.68,0.32,0.38,0.06,0.06,78035.89,1777039880000
1777039882.169,82.169,0.66,0.67,0.33,0.34,0.01,0.01,78035.89,1777039880000
1777039882.516,82.516,0.66,0.68,0.32,0.34,0.02,0.02,78035.89,1777039880000
1777039882.898,82.898,0.66,0.67,0.33,0.34,0.01,0.01,78034.83,1777039881000
1777039883.699,83.699,0.66,0.67,0.31,0.34,0.01,0.03,78034.83,1777039881000
1777039884.584,84.584,0.66,0.68,0.32,0.34,0.02,0.02,78038.22,1777039883000
1777039884.929,84.929,0.67,0.68,0.32,0.34,0.01,0.02,78038.22,1777039883000
1777039885.322,85.322,0.66,0.67,0.33,0.34,0.01,0.01,78032.91,1777039884000
1777039885.713,85.713,0.65,0.67,0.33,0.35,0.02,0.02,78032.91,1777039884000
1777039886.074,86.074,0.63,0.64,0.36,0.37,0.01,0.01,78032.91,1777039884000
1777039886.415,86.415,0.63,0.67,0.34,0.37,0.04,0.03,78032.91,1777039884000
1777039886.748,86.748,0.61,0.62,0.38,0.39,0.01,0.01,78032.91,1777039884000
1777039887.216,87.216,0.61,0.62,0.38,0.39,0.01,0.01,78021.46,1777039885000
1777039887.812,87.812,0.61,0.62,0.38,0.39,0.01,0.01,78018.91,1777039886000
1777039888.283,88.283,0.57,0.58,0.39,0.44,0.01,0.05,78018.91,1777039886000
1777039889.209,89.209,0.57,0.58,0.42,0.43,0.01,0.01,78014.06,1777039888000
1777039889.644,89.644,0.57,0.58,0.42,0.44,0.01,0.02,78014.06,1777039888000
1777039890.029,90.029,0.57,0.58,0.42,0.43,0.01,0.01,78014.06,1777039888000
1777039890.373,90.373,0.57,0.58,0.42,0.43,0.01,0.01,78014.06,1777039888000
1777039890.713,90.713,0.56,0.58,0.42,0.43,0.02,0.01,78010.69,1777039889000
1777039891.116,91.116,0.56,0.58,0.42,0.44,0.02,0.02,78010.69,1777039889000
1777039891.529,91.529,0.55,0.58,0.42,0.45,0.03,0.03,78010.69,1777039889000
1777039892.171,92.171,0.55,0.56,0.44,0.45,0.01,0.01,78009.22,1777039890000
1777039892.529,92.529,0.55,0.56,0.44,0.45,0.01,0.01,78008.9,1777039891000
1777039892.997,92.997,0.55,0.57,0.44,0.45,0.02,0.01,78008.9,1777039891000
1777039893.442,93.442,0.56,0.57,0.43,0.44,0.01,0.01,78008.9,1777039891000
1777039893.813,93.813,0.56,0.57,0.43,0.44,0.01,0.01,78001.99,1777039892000
1777039894.195,94.195,0.56,0.57,0.43,0.44,0.01,0.01,78001.99,1777039892000
1777039894.785,94.785,0.56,0.57,0.43,0.44,0.01,0.01,78002.95,1777039893000
1777039895.382,95.382,0.56,0.57,0.43,0.44,0.01,0.01,78002.96,1777039894000
1777039896.103,96.103,0.56,0.57,0.43,0.44,0.01,0.01,78008.07,1777039895000
1777039896.636,96.636,0.56,0.57,0.43,0.44,0.01,0.01,78008.07,1777039895000
1777039896.976,96.976,0.56,0.61,0.39,0.44,0.05,0.05,78008.07,1777039895000
1777039897.313,97.313,0.57,0.62,0.38,0.43,0.05,0.05,78008.07,1777039895000
1777039897.703,97.703,0.6,0.61,0.39,0.4,0.01,0.01,78016.58,1777039896000
1777039898.062,98.062,0.6,0.61,0.39,0.4,0.01,0.01,78016.58,1777039896000
1777039898.513,98.513,0.6,0.61,0.39,0.4,0.01,0.01,78016.58,1777039896000
1777039898.923,98.923,0.56,0.57,0.43,0.44,0.01,0.01,78018.47,1777039897000
1777039899.257,99.257,0.55,0.56,0.44,0.45,0.01,0.01,78018.47,1777039897000
1777039899.637,99.637,0.55,0.56,0.44,0.45,0.01,0.01,78018.47,1777039897000
1777039900.154,100.154,0.55,0.56,0.44,0.45,0.01,0.01,78013.37,1777039898000
1777039900.642,100.642,0.55,0.56,0.44,0.45,0.01,0.01,78013.37,1777039898000
1777039900.994,100.994,0.55,0.56,0.44,0.45,0.01,0.01,78013.37,1777039898000
1777039901.839,101.839,0.55,0.56,0.44,0.45,0.01,0.01,78005.78,1777039900000
1777039902.595,102.595,0.55,0.57,0.44,0.45,0.02,0.01,78005.78,1777039900000
1777039902.987,102.987,0.55,0.61,0.43,0.45,0.06,0.02,78005.13,1777039901000
1777039903.475,103.475,0.57,0.59,0.39,0.43,0.02,0.04,78005.13,1777039901000
1777039903.846,103.846,0.59,0.6,0.4,0.41,0.01,0.01,78007.98,1777039902000
1777039904.293,104.293,0.59,0.6,0.4,0.41,0.01,0.01,78011.59,1777039903000
1777039904.663,104.663,0.59,0.6,0.4,0.41,0.01,0.01,78011.59,1777039903000
1777039905.004,105.004,0.6,0.61,0.4,0.41,0.01,0.01,78011.59,1777039903000
1777039905.594,105.594,0.6,0.61,0.39,0.4,0.01,0.01,78011.59,1777039903000
1777039906.011,106.011,0.58,0.59,0.41,0.42,0.01,0.01,78016.57,1777039904000
1777039906.412,106.412,0.58,0.59,0.41,0.42,0.01,0.01,78016.57,1777039904000
1777039906.82,106.82,0.58,0.59,0.41,0.42,0.01,0.01,78015.06,1777039905000
1777039907.373,107.373,0.58,0.61,0.39,0.42,0.03,0.03,78015.06,1777039906000
1777039907.819,107.819,0.58,0.59,0.41,0.42,0.01,0.01,78015.06,1777039906000
1777039908.289,108.289,0.59,0.6,0.41,0.42,0.01,0.01,78014.07,1777039907000
1777039908.676,108.676,0.58,0.59,0.4,0.42,0.01,0.02,78014.07,1777039907000
1777039909.083,109.083,0.62,0.63,0.37,0.38,0.01,0.01,78014.07,1777039907000
1777039909.435,109.435,0.62,0.63,0.37,0.38,0.01,0.01,78014.07,1777039907000
1777039909.808,109.808,0.62,0.63,0.37,0.38,0.01,0.01,78016.01,1777039908000
1777039910.182,110.182,0.62,0.63,0.37,0.38,0.01,0.01,78016.01,1777039908000
1777039911.131,111.131,0.62,0.63,0.37,0.38,0.01,0.01,78018.73,1777039909000
1777039911.573,111.573,0.62,0.63,0.37,0.38,0.01,0.01,78021.31,1777039910000
1777039911.92,111.92,0.62,0.63,0.37,0.38,0.01,0.01,78021.31,1777039910000
1777039912.834,112.834,0.62,0.63,0.37,0.38,0.01,0.01,78021.31,1777039910000
1777039913.605,113.605,0.62,0.63,0.37,0.38,0.01,0.01,78018.03,1777039912000
1777039913.948,113.948,0.62,0.63,0.37,0.38,0.01,0.01,78018.03,1777039912000
1777039914.33,114.33,0.62,0.63,0.37,0.38,0.01,0.01,78018.28,1777039913000
1777039914.68,114.68,0.56,0.6,0.4,0.43,0.04,0.03,78018.28,1777039913000
1777039915.058,115.058,0.57,0.58,0.42,0.43,0.01,0.01,78018.28,1777039913000
1777039915.555,115.555,0.57,0.58,0.42,0.43,0.01,0.01,78018.28,1777039914000
1777039915.891,115.891,0.57,0.58,0.42,0.43,0.01,0.01,78018.28,1777039914000
1777039916.346,116.346,0.58,0.59,0.41,0.42,0.01,0.01,78018.28,1777039914000
1777039916.68,116.68,0.61,0.62,0.38,0.39,0.01,0.01,78018.28,1777039914000
1777039917.015,117.015,0.58,0.61,0.38,0.41,0.03,0.03,78011.81,1777039915000
1777039917.435,117.435,0.58,0.59,0.41,0.42,0.01,0.01,78011.81,1777039915000
1777039917.838,117.838,0.56,0.57,0.42,0.44,0.01,0.02,78012.14,1777039916000
1777039918.232,118.232,0.56,0.57,0.43,0.44,0.01,0.01,78012.14,1777039916000
1777039919.11,119.11,0.55,0.56,0.43,0.45,0.01,0.02,78013.06,1777039917000
1777039919.524,119.524,0.55,0.56,0.44,0.45,0.01,0.01,78013.06,1777039917000
1777039919.958,119.958,0.55,0.56,0.44,0.45,0.01,0.01,78013.06,1777039917000
1777039920.305,120.305,0.57,0.59,0.41,0.43,0.02,0.02,78008.12,1777039919000
1777039920.644,120.644,0.57,0.58,0.42,0.43,0.01,0.01,78008.12,1777039919000
1777039920.991,120.991,0.57,0.58,0.42,0.43,0.01,0.01,78008.12,1777039919000
1777039921.361,121.361,0.58,0.59,0.41,0.42,0.01,0.01,78010.5,1777039920000
1777039921.704,121.704,0.56,0.58,0.43,0.44,0.02,0.01,78010.5,1777039920000
1777039922.071,122.071,0.56,0.57,0.43,0.44,0.01,0.01,78010.5,1777039920000
1777039922.413,122.413,0.55,0.56,0.44,0.45,0.01,0.01,78010.95,1777039921000
1777039923.122,123.122,0.55,0.56,0.44,0.45,0.01,0.01,78010.95,1777039921000
1777039923.699,123.699,0.54,0.56,0.44,0.45,0.02,0.01,78007.24,1777039922000
1777039924.424,124.424,0.54,0.56,0.44,0.46,0.02,0.02,78002.96,1777039923000
1777039924.965,124.965,0.54,0.56,0.44,0.46,0.02,0.02,77996.11,1777039924000
1777039925.35,125.35,0.52,0.55,0.45,0.48,0.03,0.03,77996.11,1777039924000
1777039925.683,125.683,0.51,0.55,0.45,0.46,0.04,0.01,77996.11,1777039924000
1777039926.048,126.048,0.52,0.55,0.45,0.48,0.03,0.03,77999.43,1777039925000
1777039926.394,126.394,0.53,0.54,0.46,0.47,0.01,0.01,77999.43,1777039925000
1777039926.771,126.771,0.53,0.54,0.46,0.47,0.01,0.01,77999.43,1777039925000
1777039927.142,127.142,0.53,0.54,0.46,0.47,0.01,0.01,78002.66,1777039926000
1777039927.502,127.502,0.53,0.54,0.46,0.47,0.01,0.01,78002.66,1777039926000
1777039927.889,127.889,0.55,0.56,0.44,0.45,0.01,0.01,78002.66,1777039926000
1777039929.322,129.322,0.55,0.56,0.44,0.45,0.01,0.01,78001.79,1777039928000
1777039929.76,129.76,0.55,0.56,0.44,0.45,0.01,0.01,78001.79,1777039928000
1777039930.355,130.355,0.55,0.56,0.44,0.45,0.01,0.01,78010.03,1777039929000
1777039930.804,130.804,0.55,0.56,0.44,0.45,0.01,0.01,78010.03,1777039929000
1777039931.146,131.146,0.55,0.56,0.44,0.45,0.01,0.01,78010.03,1777039929000
1777039931.479,131.479,0.63,0.65,0.35,0.37,0.02,0.02,78012.47,1777039930000
1777039931.813,131.813,0.63,0.65,0.35,0.37,0.02,0.02,78012.47,1777039930000
1777039932.155,132.155,0.51,0.61,0.39,0.48,0.1,0.09,78012.47,1777039930000
1777039932.493,132.493,0.52,0.54,0.45,0.48,0.02,0.03,78004.62,1777039931000
1777039932.908,132.908,0.48,0.54,0.46,0.52,0.06,0.06,78004.62,1777039931000
1777039933.267,133.267,0.5,0.51,0.48,0.5,0.01,0.02,77997.28,1777039932000
1777039933.697,133.697,0.48,0.5,0.49,0.51,0.02,0.02,77997.28,1777039932000
1777039934.052,134.052,0.46,0.5,0.5,0.54,0.04,0.04,77991.31,1777039933000
1777039934.424,134.424,0.46,0.5,0.5,0.54,0.04,0.04,77991.31,1777039933000
1777039934.902,134.902,0.46,0.49,0.5,0.54,0.03,0.04,77991.31,1777039933000
1777039935.919,135.919,0.46,0.49,0.51,0.54,0.03,0.03,77984.64,1777039934000
1777039936.282,136.282,0.46,0.49,0.51,0.54,0.03,0.03,77984.64,1777039934000
1777039936.626,136.626,0.47,0.48,0.52,0.54,0.01,0.02,77971.49,1777039935000
1777039937.045,137.045,0.43,0.47,0.53,0.57,0.04,0.04,77971.49,1777039935000
1777039937.386,137.386,0.41,0.46,0.54,0.59,0.05,0.05,77971.49,1777039935000
1777039937.72,137.72,0.43,0.44,0.56,0.57,0.01,0.01,77962.47,1777039936000
1777039938.07,138.07,0.43,0.44,0.56,0.57,0.01,0.01,77962.47,1777039936000
1777039938.428,138.428,0.38,0.44,0.59,0.62,0.06,0.03,77961.76,1777039937000
1777039938.893,138.893,0.4,0.41,0.59,0.6,0.01,0.01,77961.76,1777039937000
1777039939.244,139.244,0.4,0.41,0.59,0.6,0.01,0.01,77961.89,1777039938000
1777039939.622,139.622,0.4,0.41,0.59,0.6,0.01,0.01,77961.89,1777039938000
1777039940.103,140.103,0.4,0.41,0.59,0.6,0.01,0.01,77962.41,1777039939000
1777039940.637,140.637,0.4,0.41,0.59,0.6,0.01,0.01,77962.41,1777039939000
1777039941.223,141.223,0.4,0.41,0.59,0.6,0.01,0.01,77964.95,1777039940000
1777039942.052,142.052,0.4,0.41,0.59,0.6,0.01,0.01,77964.95,1777039940000
1777039942.406,142.406,0.4,0.42,0.58,0.6,0.02,0.02,77967.36,1777039941000
1777039942.752,142.752,0.38,0.41,0.59,0.62,0.03,0.03,77967.36,1777039941000
1777039943.234,143.234,0.38,0.39,0.61,0.62,0.01,0.01,77967.36,1777039941000
1777039943.61,143.61,0.37,0.39,0.61,0.62,0.02,0.01,77967.49,1777039942000
1777039943.962,143.962,0.37,0.38,0.62,0.64,0.01,0.02,77967.49,1777039942000
1777039944.349,144.349,0.37,0.38,0.62,0.63,0.01,0.01,77967.49,1777039942000
1777039945.011,145.011,0.37,0.38,0.62,0.63,0.01,0.01,77960.35,1777039944000
1777039945.406,145.406,0.37,0.38,0.62,0.63,0.01,0.01,77960.35,1777039944000
1777039946.04,146.04,0.37,0.38,0.62,0.63,0.01,0.01,77959.49,1777039945000
1777039947.059,147.059,0.37,0.38,0.62,0.63,0.01,0.01,77959.49,1777039945000
1777039947.472,147.472,0.37,0.38,0.62,0.63,0.01,0.01,77960.11,1777039946000
1777039947.864,147.864,0.37,0.38,0.61,0.63,0.01,0.02,77960.11,1777039946000
1777039948.197,148.197,0.36,0.37,0.63,0.64,0.01,0.01,77962.74,1777039947000
1777039948.714,148.714,0.36,0.37,0.63,0.64,0.01,0.01,77962.74,1777039947000
1777039949.157,149.157,0.36,0.37,0.63,0.64,0.01,0.01,77962.74,1777039947000
1777039949.502,149.502,0.38,0.4,0.6,0.62,0.02,0.02,77963.07,1777039948000
1777039949.855,149.855,0.39,0.41,0.6,0.61,0.02,0.01,77963.07,1777039948000
1777039950.256,150.256,0.39,0.4,0.6,0.61,0.01,0.01,77963.07,1777039948000
1777039950.818,150.818,0.39,0.4,0.6,0.61,0.01,0.01,77963.41,1777039949000
1777039951.925,151.925,0.39,0.4,0.6,0.61,0.01,0.01,77967.49,1777039951000
1777039952.498,152.498,0.39,0.4,0.6,0.61,0.01,0.01,77967.49,1777039951000
1777039952.878,152.878,0.39,0.4,0.6,0.61,0.01,0.01,77967.84,1777039952000
1777039953.301,153.301,0.39,0.4,0.6,0.61,0.01,0.01,77967.84,1777039952000
1777039953.766,153.766,0.39,0.4,0.6,0.61,0.01,0.01,77967.84,1777039952000
1777039954.109,154.109,0.39,0.4,0.6,0.61,0.01,0.01,77967.29,1777039953000
1777039954.45,154.45,0.39,0.4,0.6,0.61,0.01,0.01,77967.29,1777039953000
1777039954.805,154.805,0.39,0.41,0.59,0.61,0.02,0.02,77967.29,1777039953000
1777039955.138,155.138,0.39,0.45,0.55,0.61,0.06,0.06,77972.07,1777039954000
1777039955.57,155.57,0.43,0.44,0.55,0.57,0.01,0.02,77972.07,1777039954000
1777039955.979,155.979,0.43,0.44,0.56,0.57,0.01,0.01,77978.66,1777039955000
1777039956.949,156.949,0.43,0.44,0.56,0.57,0.01,0.01,77978.66,1777039955000
1777039957.282,157.282,0.42,0.44,0.56,0.58,0.02,0.02,77979.66,1777039956000
1777039957.762,157.762,0.41,0.44,0.56,0.59,0.03,0.03,77979.66,1777039956000
1777039958.139,158.139,0.42,0.44,0.56,0.59,0.02,0.03,77976.08,1777039957000
1777039958.503,158.503,0.43,0.44,0.56,0.58,0.01,0.02,77976.08,1777039957000
1777039958.934,158.934,0.43,0.44,0.56,0.57,0.01,0.01,77974.33,1777039958000
1777039959.288,159.288,0.43,0.44,0.56,0.57,0.01,0.01,77974.33,1777039958000
1777039959.956,159.956,0.4,0.41,0.59,0.6,0.01,0.01,77974.33,1777039958000
1777039960.343,160.343,0.4,0.41,0.59,0.6,0.01,0.01,77973.92,1777039959000
1777039960.727,160.727,0.4,0.41,0.59,0.6,0.01,0.01,77973.92,1777039959000
1777039961.06,161.06,0.39,0.41,0.59,0.6,0.02,0.01,77973.92,1777039959000
1777039961.45,161.45,0.39,0.4,0.6,0.61,0.01,0.01,77973.92,1777039959000
1777039961.792,161.792,0.39,0.4,0.6,0.61,0.01,0.01,77973.89,1777039960000
1777039962.244,162.244,0.39,0.4,0.6,0.61,0.01,0.01,77975.76,1777039961000
1777039963.078,163.078,0.39,0.4,0.6,0.61,0.01,0.01,77975.76,1777039961000
1777039963.629,163.629,0.39,0.4,0.6,0.61,0.01,0.01,77974.44,1777039962000
1777039964.183,164.183,0.39,0.4,0.6,0.61,0.01,0.01,77974.44,1777039962000
1777039964.534,164.534,0.39,0.4,0.6,0.61,0.01,0.01,77974.96,1777039963000
1777039964.937,164.937,0.39,0.4,0.6,0.61,0.01,0.01,77974.96,1777039963000
1777039965.363,165.363,0.39,0.4,0.6,0.61,0.01,0.01,77976.4,1777039964000
1777039965.834,165.834,0.4,0.42,0.59,0.6,0.02,0.01,77976.4,1777039964000
1777039966.375,166.375,0.41,0.43,0.58,0.59,0.02,0.01,77976.4,1777039964000
1777039966.752,166.752,0.42,0.43,0.57,0.58,0.01,0.01,77974.3,1777039965000
1777039968.184,168.184,0.42,0.43,0.57,0.58,0.01,0.01,77977.81,1777039967000
1777039969.186,169.186,0.42,0.44,0.57,0.58,0.02,0.01,77977.81,1777039967000
1777039969.558,169.558,0.42,0.45,0.55,0.57,0.03,0.02,77981.42,1777039968000
1777039969.896,169.896,0.42,0.43,0.57,0.58,0.01,0.01,77981.42,1777039968000
1777039970.379,170.379,0.42,0.43,0.56,0.58,0.01,0.02,77981.42,1777039969000
1777039970.758,170.758,0.42,0.43,0.57,0.58,0.01,0.01,77981.42,1777039969000
1777039971.199,171.199,0.42,0.43,0.57,0.58,0.01,0.01,77981.18,1777039970000
1777039971.599,171.599,0.42,0.43,0.57,0.58,0.01,0.01,77981.18,1777039970000
1777039972.181,172.181,0.42,0.45,0.57,0.58,0.03,0.01,77981.18,1777039970000
1777039972.943,172.943,0.44,0.45,0.55,0.56,0.01,0.01,77982.09,1777039971000
1777039973.371,173.371,0.44,0.45,0.55,0.56,0.01,0.01,77981.77,1777039972000
1777039974.04,174.04,0.44,0.45,0.55,0.56,0.01,0.01,77981.77,1777039973000
1777039974.686,174.686,0.44,0.45,0.55,0.56,0.01,0.01,77981.77,1777039973000
1777039975.143,175.143,0.44,0.45,0.55,0.56,0.01,0.01,77981.77,1777039973000
1777039975.507,175.507,0.44,0.45,0.55,0.56,0.01,0.01,77982.54,1777039974000
1777039975.856,175.856,0.44,0.45,0.55,0.56,0.01,0.01,77982.54,1777039974000
1777039976.206,176.206,0.44,0.49,0.54,0.56,0.05,0.02,77982.54,1777039974000
1777039976.594,176.594,0.48,0.49,0.51,0.52,0.01,0.01,77982.54,1777039974000
1777039977.006,177.006,0.48,0.49,0.51,0.52,0.01,0.01,77981.82,1777039975000
1777039977.348,177.348,0.48,0.49,0.51,0.52,0.01,0.01,77981.82,1777039975000
1777039977.899,177.899,0.48,0.49,0.51,0.52,0.01,0.01,77982.98,1777039976000
1777039979.076,179.076,0.48,0.49,0.51,0.52,0.01,0.01,77985.46,1777039977000
1777039979.715,179.715,0.48,0.49,0.51,0.52,0.01,0.01,77988.57,1777039978000
1777039980.123,180.123,0.47,0.49,0.51,0.52,0.02,0.01,77988.57,1777039978000
1777039980.478,180.478,0.45,0.47,0.53,0.55,0.02,0.02,77988.57,1777039979000
1777039980.859,180.859,0.44,0.47,0.53,0.55,0.03,0.02,77988.57,1777039979000
1777039981.315,181.315,0.46,0.47,0.53,0.54,0.01,0.01,77987.57,1777039980000
1777039981.817,181.817,0.47,0.48,0.52,0.54,0.01,0.02,77987.57,1777039980000
1777039982.269,182.269,0.47,0.48,0.52,0.53,0.01,0.01,77987.08,1777039981000
1777039982.605,182.605,0.47,0.48,0.52,0.53,0.01,0.01,77987.08,1777039981000
1777039982.961,182.961,0.5,0.53,0.47,0.5,0.03,0.03,77987.08,1777039981000
1777039983.305,183.305,0.5,0.54,0.46,0.5,0.04,0.04,77987.08,1777039981000
1777039983.766,183.766,0.51,0.54,0.46,0.49,0.03,0.03,77989.21,1777039982000
1777039984.624,184.624,0.51,0.54,0.46,0.49,0.03,0.03,77998.32,1777039983000
1777039985.121,185.121,0.53,0.54,0.46,0.47,0.01,0.01,78000.23,1777039984000
1777039985.577,185.577,0.53,0.54,0.46,0.47,0.01,0.01,78000.23,1777039984000
1777039985.94,185.94,0.53,0.54,0.46,0.47,0.01,0.01,78000.23,1777039984000
1777039986.404,186.404,0.53,0.54,0.46,0.47,0.01,0.01,77992.49,1777039985000
1777039986.746,186.746,0.53,0.54,0.46,0.47,0.01,0.01,77992.49,1777039985000
1777039987.08,187.08,0.5,0.52,0.48,0.5,0.02,0.02,77992.49,1777039985000
1777039987.418,187.418,0.51,0.52,0.48,0.49,0.01,0.01,77992.49,1777039985000
1777039987.763,187.763,0.49,0.52,0.48,0.5,0.03,0.02,77988.18,1777039986000
1777039988.144,188.144,0.5,0.51,0.49,0.5,0.01,0.01,77988.18,1777039986000
1777039988.481,188.481,0.5,0.51,0.49,0.5,0.01,0.01,77988.94,1777039987000
1777039988.863,188.863,0.48,0.49,0.49,0.52,0.01,0.03,77988.94,1777039987000
1777039989.267,189.267,0.48,0.49,0.51,0.52,0.01,0.01,77988.82,1777039988000
1777039990.351,190.351,0.48,0.49,0.51,0.52,0.01,0.01,77987.57,1777039989000
1777039991.136,191.136,0.48,0.49,0.51,0.52,0.01,0.01,77988.37,1777039990000
1777039991.533,191.533,0.48,0.49,0.51,0.52,0.01,0.01,77988.37,1777039990000
1777039992.356,192.356,0.47,0.48,0.52,0.53,0.01,0.01,77988.37,1777039990000
1777039992.848,192.848,0.43,0.45,0.55,0.61,0.02,0.06,77985.37,1777039991000
1777039993.205,193.205,0.42,0.44,0.56,0.58,0.02,0.02,77985.37,1777039991000
1777039993.544,193.544,0.4,0.41,0.59,0.6,0.01,0.01,77981.91,1777039992000
1777039993.928,193.928,0.4,0.41,0.59,0.6,0.01,0.01,77981.91,1777039992000
1777039994.313,194.313,0.4,0.41,0.59,0.6,0.01,0.01,77981.91,1777039992000
1777039994.657,194.657,0.4,0.42,0.58,0.6,0.02,0.02,77979.85,1777039993000
1777039995.459,195.459,0.4,0.42,0.58,0.6,0.02,0.02,77979.5,1777039994000
1777039995.983,195.983,0.4,0.42,0.58,0.6,0.02,0.02,77980.21,1777039995000
1777039997.191,197.191,0.4,0.42,0.58,0.6,0.02,0.02,77980.21,1777039996000
1777039998.33,198.33,0.41,0.42,0.58,0.6,0.01,0.02,77980.21,1777039996000
1777039998.969,198.969,0.4,0.41,0.58,0.6,0.01,0.02,77974.51,1777039997000
1777039999.303,199.303,0.41,0.42,0.58,0.59,0.01,0.01,77974.51,1777039997000
1777039999.639,199.639,0.41,0.42,0.58,0.59,0.01,0.01,77983.13,1777039998000
1777039999.976,199.976,0.41,0.44,0.58,0.59,0.03,0.01,77983.13,1777039998000
1777040000.313,200.313,0.42,0.43,0.57,0.58,0.01,0.01,77986.55,1777039999000
1777040000.646,200.646,0.42,0.43,0.57,0.58,0.01,0.01,77986.55,1777039999000
1777040001.039,201.039,0.42,0.43,0.57,0.58,0.01,0.01,77986.55,1777039999000
1777040001.58,201.58,0.42,0.43,0.57,0.58,0.01,0.01,77985.8,1777040000000
1777040002.004,202.004,0.42,0.43,0.57,0.58,0.01,0.01,77985.8,1777040000000
1777040002.353,202.353,0.42,0.43,0.57,0.58,0.01,0.01,77983.41,1777040001000
1777040002.693,202.693,0.4,0.42,0.58,0.6,0.02,0.02,77983.41,1777040001000
1777040003.048,203.048,0.4,0.43,0.57,0.6,0.03,0.03,77983.41,1777040001000
1777040003.4,203.4,0.38,0.39,0.61,0.62,0.01,0.01,77978.03,1777040002000
1777040003.746,203.746,0.38,0.39,0.61,0.62,0.01,0.01,77978.03,1777040002000
1777040004.105,204.105,0.38,0.39,0.61,0.62,0.01,0.01,77978.03,1777040002000
1777040004.465,204.465,0.38,0.39,0.61,0.62,0.01,0.01,77974.58,1777040003000
1777040004.825,204.825,0.38,0.39,0.61,0.62,0.01,0.01,77974.58,1777040003000
1777040005.191,205.191,0.37,0.38,0.62,0.63,0.01,0.01,77974.6,1777040004000
1777040005.551,205.551,0.37,0.38,0.62,0.63,0.01,0.01,77974.6,1777040004000
1777040005.898,205.898,0.37,0.38,0.62,0.63,0.01,0.01,77974.6,1777040004000
1777040006.281,206.281,0.37,0.38,0.62,0.63,0.01,0.01,77974.6,1777040004000
1777040006.629,206.629,0.37,0.38,0.62,0.63,0.01,0.01,77974.6,1777040004000
1777040007.27,207.27,0.37,0.38,0.62,0.63,0.01,0.01,77975.11,1777040006000
1777040008.441,208.441,0.37,0.38,0.62,0.63,0.01,0.01,77974.41,1777040007000
1777040008.916,208.916,0.37,0.38,0.62,0.63,0.01,0.01,77974.41,1777040007000
1777040009.386,209.386,0.36,0.38,0.62,0.64,0.02,0.02,77975.47,1777040008000
1777040009.945,209.945,0.37,0.38,0.62,0.63,0.01,0.01,77975.47,1777040008000
1777040010.321,210.321,0.35,0.36,0.64,0.65,0.01,0.01,77975.47,1777040008000
1777040010.661,210.661,0.35,0.36,0.64,0.65,0.01,0.01,77974.32,1777040009000
1777040011.085,211.085,0.33,0.35,0.65,0.67,0.02,0.02,77974.32,1777040009000
1777040011.505,211.505,0.33,0.34,0.66,0.67,0.01,0.01,77974.32,1777040009000
1777040011.844,211.844,0.32,0.33,0.66,0.68,0.01,0.02,77971.57,1777040010000
1777040012.183,212.183,0.32,0.33,0.67,0.68,0.01,0.01,77969.53,1777040011000
1777040012.528,212.528,0.28,0.31,0.69,0.72,0.03,0.03,77969.53,1777040011000
1777040012.862,212.862,0.26,0.29,0.71,0.74,0.03,0.03,77969.53,1777040011000
1777040013.233,213.233,0.25,0.29,0.71,0.75,0.04,0.04,77969.53,1777040011000
1777040014.274,214.274,0.24,0.26,0.75,0.76,0.02,0.01,77964.15,1777040012000
1777040014.659,214.659,0.2,0.24,0.76,0.77,0.04,0.01,77946.5,1777040013000
1777040015.028,215.028,0.2,0.24,0.78,0.8,0.04,0.02,77946.5,1777040013000
1777040015.387,215.387,0.19,0.23,0.77,0.81,0.04,0.04,77936.91,1777040014000
1777040015.722,215.722,0.19,0.2,0.8,0.82,0.01,0.02,77936.91,1777040014000
1777040016.071,216.071,0.18,0.19,0.81,0.82,0.01,0.01,77936.91,1777040014000
1777040016.407,216.407,0.18,0.19,0.81,0.82,0.01,0.01,77933.85,1777040015000
1777040016.758,216.758,0.18,0.19,0.81,0.82,0.01,0.01,77933.85,1777040015000
1777040017.105,217.105,0.17,0.18,0.82,0.83,0.01,0.01,77933.85,1777040015000
1777040017.484,217.484,0.16,0.17,0.83,0.84,0.01,0.01,77931.78,1777040016000
1777040017.832,217.832,0.16,0.17,0.83,0.84,0.01,0.01,77931.78,1777040016000
1777040018.297,218.297,0.16,0.17,0.83,0.84,0.01,0.01,77930.75,1777040017000
1777040018.651,218.651,0.16,0.17,0.83,0.84,0.01,0.01,77930.75,1777040017000
1777040018.988,218.988,0.16,0.17,0.83,0.84,0.01,0.01,77930.75,1777040017000
1777040019.331,219.331,0.16,0.17,0.83,0.84,0.01,0.01,77930.75,1777040017000
1777040019.67,219.67,0.16,0.17,0.83,0.84,0.01,0.01,77930.75,1777040017000
1777040020.102,220.102,0.16,0.17,0.83,0.84,0.01,0.01,77927.87,1777040018000
1777040020.436,220.436,0.16,0.17,0.83,0.84,0.01,0.01,77927.87,1777040019000
1777040020.811,220.811,0.16,0.17,0.83,0.84,0.01,0.01,77927.87,1777040019000
1777040021.294,221.294,0.15,0.17,0.83,0.84,0.02,0.01,77927.87,1777040019000
1777040021.638,221.638,0.14,0.15,0.85,0.86,0.01,0.01,77927.87,1777040019000
1777040021.98,221.98,0.13,0.14,0.86,0.87,0.01,0.01,77927.94,1777040020000
1777040022.331,222.331,0.13,0.14,0.86,0.87,0.01,0.01,77927.94,1777040020000
1777040022.665,222.665,0.12,0.14,0.86,0.88,0.02,0.02,77927.94,1777040021000
1777040022.999,222.999,0.12,0.13,0.87,0.88,0.01,0.01,77927.94,1777040021000
1777040023.345,223.345,0.12,0.13,0.87,0.88,0.01,0.01,77926.58,1777040022000
1777040023.714,223.714,0.12,0.13,0.87,0.88,0.01,0.01,77926.58,1777040022000
1777040024.092,224.092,0.12,0.16,0.84,0.88,0.04,0.04,77918.3,1777040023000
1777040024.53,224.53,0.12,0.13,0.87,0.88,0.01,0.01,77918.3,1777040023000
1777040024.877,224.877,0.12,0.15,0.83,0.88,0.03,0.05,77918.3,1777040023000
1777040025.493,225.493,0.14,0.16,0.83,0.87,0.02,0.04,77915.87,1777040024000
1777040025.859,225.859,0.14,0.17,0.83,0.86,0.03,0.03,77915.87,1777040024000
1777040026.235,226.235,0.15,0.16,0.84,0.85,0.01,0.01,77915.49,1777040025000
1777040026.741,226.741,0.13,0.14,0.86,0.87,0.01,0.01,77915.49,1777040025000
1777040027.248,227.248,0.11,0.12,0.87,0.88,0.01,0.01,77915.49,1777040025000
1777040027.666,227.666,0.11,0.12,0.88,0.89,0.01,0.01,77915.81,1777040026000
1777040028.006,228.006,0.11,0.12,0.88,0.89,0.01,0.01,77915.81,1777040026000
1777040028.353,228.353,0.11,0.13,0.87,0.89,0.02,0.02,77915.81,1777040027000
1777040028.689,228.689,0.11,0.12,0.88,0.89,0.01,0.01,77915.81,1777040027000
1777040029.072,229.072,0.11,0.12,0.88,0.89,0.01,0.01,77915.81,1777040027000
1777040029.408,229.408,0.1,0.11,0.89,0.9,0.01,0.01,77915.81,1777040027000
1777040029.824,229.824,0.1,0.11,0.89,0.9,0.01,0.01,77915.35,1777040028000
1777040030.523,230.523,0.1,0.11,0.89,0.9,0.01,0.01,77912.6,1777040029000
1777040030.866,230.866,0.1,0.11,0.89,0.9,0.01,0.01,77912.6,1777040029000
1777040031.341,231.341,0.1,0.11,0.89,0.9,0.01,0.01,77908.14,1777040030000
1777040031.758,231.758,0.1,0.11,0.89,0.9,0.01,0.01,77908.14,1777040030000
1777040032.253,232.253,0.09,0.1,0.9,0.91,0.01,0.01,77905.54,1777040031000
1777040032.586,232.586,0.09,0.1,0.9,0.91,0.01,0.01,77905.54,1777040031000
1777040032.92,232.92,0.09,0.1,0.9,0.91,0.01,0.01,77905.54,1777040031000
1777040033.416,233.416,0.09,0.1,0.9,0.91,0.01,0.01,77904.75,1777040032000
1777040033.789,233.789,0.08,0.09,0.91,0.92,0.01,0.01,77904.75,1777040032000
1777040034.15,234.15,0.08,0.09,0.91,0.92,0.01,0.01,77904.75,1777040032000
1777040034.494,234.494,0.08,0.09,0.91,0.92,0.01,0.01,77903.63,1777040033000
1777040034.827,234.827,0.08,0.09,0.91,0.92,0.01,0.01,77903.63,1777040033000
1777040035.22,235.22,0.08,0.09,0.91,0.92,0.01,0.01,77903.63,1777040033000
1777040035.563,235.563,0.08,0.09,0.91,0.92,0.01,0.01,77903.63,1777040033000
1777040035.905,235.905,0.08,0.09,0.91,0.92,0.01,0.01,77904.2,1777040034000
1777040036.321,236.321,0.08,0.09,0.91,0.92,0.01,0.01,77904.2,1777040034000
1777040036.692,236.692,0.08,0.09,0.91,0.92,0.01,0.01,77904.2,1777040034000
1777040037.142,237.142,0.08,0.09,0.91,0.92,0.01,0.01,77904.21,1777040035000
1777040037.613,237.613,0.08,0.09,0.91,0.92,0.01,0.01,77899.52,1777040036000
1777040037.951,237.951,0.08,0.09,0.91,0.92,0.01,0.01,77899.52,1777040036000
1777040038.321,238.321,0.07,0.08,0.92,0.93,0.01,0.01,77899.52,1777040036000
1777040038.664,238.664,0.07,0.08,0.92,0.93,0.01,0.01,77899.52,1777040036000
1777040039.033,239.033,0.07,0.08,0.92,0.93,0.01,0.01,77899.98,1777040037000
1777040039.382,239.382,0.07,0.08,0.92,0.93,0.01,0.01,77899.98,1777040037000
1777040039.749,239.749,0.07,0.08,0.92,0.93,0.01,0.01,77899.48,1777040038000
1777040040.137,240.137,0.07,0.08,0.92,0.93,0.01,0.01,77899.48,1777040038000
1777040040.528,240.528,0.07,0.08,0.92,0.93,0.01,0.01,77898.85,1777040039000
1777040040.874,240.874,0.06,0.08,0.92,0.94,0.02,0.02,77898.85,1777040039000
1777040041.214,241.214,0.05,0.07,0.93,0.95,0.02,0.02,77898.85,1777040039000
1777040041.554,241.554,0.05,0.07,0.93,0.95,0.02,0.02,77898.85,1777040039000
1777040041.912,241.912,0.05,0.06,0.94,0.95,0.01,0.01,77897.91,1777040040000
1777040042.283,242.283,0.05,0.06,0.94,0.95,0.01,0.01,77897.14,1777040041000
1777040042.74,242.74,0.05,0.06,0.94,0.95,0.01,0.01,77897.14,1777040041000
1777040043.112,243.112,0.05,0.06,0.94,0.95,0.01,0.01,77897.14,1777040041000
1777040043.449,243.449,0.04,0.06,0.94,0.96,0.02,0.02,77897.14,1777040041000
1777040043.799,243.799,0.04,0.06,0.95,0.96,0.02,0.01,77897.14,1777040041000
1777040044.163,244.163,0.05,0.06,0.94,0.95,0.01,0.01,77896.49,1777040042000
1777040044.544,244.544,0.05,0.06,0.94,0.95,0.01,0.01,77896.49,1777040042000
1777040044.951,244.951,0.05,0.06,0.94,0.95,0.01,0.01,77897.36,1777040043000
1777040045.447,245.447,0.05,0.07,0.93,0.95,0.02,0.02,77897.82,1777040044000
1777040045.829,245.829,0.06,0.07,0.93,0.94,0.01,0.01,77897.82,1777040044000
1777040046.242,246.242,0.06,0.07,0.93,0.94,0.01,0.01,77898.92,1777040045000
1777040046.605,246.605,0.06,0.14,0.93,0.94,0.08,0.01,77898.92,1777040045000
1777040046.942,246.942,0.1,0.11,0.89,0.9,0.01,0.01,77898.92,1777040045000
1777040047.293,247.293,0.09,0.1,0.9,0.91,0.01,0.01,77898.92,1777040045000
1777040047.627,247.627,0.07,0.09,0.91,0.93,0.02,0.02,77898.92,1777040045000
1777040047.972,247.972,0.06,0.1,0.93,0.95,0.04,0.02,77900.41,1777040046000
1777040048.372,248.372,0.05,0.1,0.94,0.95,0.05,0.01,77900.41,1777040046000
1777040048.725,248.725,0.05,0.06,0.94,0.95,0.01,0.01,77901.37,1777040047000
1777040049.076,249.076,0.05,0.06,0.94,0.95,0.01,0.01,77901.37,1777040047000
1777040049.427,249.427,0.05,0.06,0.94,0.95,0.01,0.01,77901.88,1777040048000
1777040049.915,249.915,0.05,0.06,0.94,0.95,0.01,0.01,77901.88,1777040048000
1777040050.284,250.284,0.05,0.06,0.94,0.95,0.01,0.01,77901.88,1777040048000
1777040050.656,250.656,0.08,0.1,0.9,0.92,0.02,0.02,77901.88,1777040048000
1777040050.99,250.99,0.08,0.09,0.91,0.92,0.01,0.01,77900.79,1777040049000
1777040051.383,251.383,0.08,0.09,0.91,0.92,0.01,0.01,77900.79,1777040049000
1777040051.871,251.871,0.08,0.09,0.89,0.92,0.01,0.03,77900.73,1777040050000
1777040052.218,252.218,0.06,0.09,0.91,0.92,0.03,0.01,77900.73,1777040050000
1777040052.551,252.551,0.06,0.07,0.93,0.94,0.01,0.01,77903.55,1777040051000
1777040052.945,252.945,0.06,0.07,0.93,0.94,0.01,0.01,77903.55,1777040051000
1777040053.432,253.432,0.06,0.07,0.93,0.94,0.01,0.01,77906.81,1777040052000
1777040053.823,253.823,0.06,0.07,0.93,0.95,0.01,0.02,77906.81,1777040052000
1777040054.176,254.176,0.05,0.06,0.93,0.95,0.01,0.02,77910.1,1777040053000
1777040054.535,254.535,0.05,0.07,0.94,0.95,0.02,0.01,77910.1,1777040053000
1777040054.87,254.87,0.09,0.1,0.92,0.94,0.01,0.02,77910.1,1777040053000
1777040055.217,255.217,0.11,0.19,0.88,0.89,0.08,0.01,77910.1,1777040053000
1777040055.57,255.57,0.13,0.16,0.82,0.87,0.03,0.05,77910.1,1777040053000
1777040055.914,255.914,0.12,0.13,0.87,0.88,0.01,0.01,77910.1,1777040053000
1777040056.256,256.256,0.12,0.13,0.87,0.88,0.01,0.01,77910.8,1777040055000
1777040056.681,256.681,0.12,0.13,0.87,0.88,0.01,0.01,77910.8,1777040055000
1777040057.115,257.115,0.12,0.13,0.87,0.88,0.01,0.01,77910.8,1777040055000
1777040057.523,257.523,0.12,0.13,0.87,0.88,0.01,0.01,77923.41,1777040056000
1777040057.938,257.938,0.11,0.13,0.87,0.88,0.02,0.01,77923.41,1777040056000
1777040058.311,258.311,0.08,0.11,0.88,0.92,0.03,0.04,77923.41,1777040056000
1777040058.647,258.647,0.06,0.08,0.91,0.94,0.02,0.03,77924.79,1777040057000
1777040059.011,259.011,0.06,0.07,0.93,0.94,0.01,0.01,77924.79,1777040057000
1777040059.362,259.362,0.06,0.07,0.93,0.94,0.01,0.01,77924.87,1777040058000
1777040060.075,260.075,0.06,0.07,0.93,0.94,0.01,0.01,77924.87,1777040058000
1777040060.452,260.452,0.06,0.07,0.93,0.94,0.01,0.01,77924.87,1777040058000
1777040060.812,260.812,0.06,0.07,0.93,0.94,0.01,0.01,77915.17,1777040059000
1777040061.496,261.496,0.06,0.07,0.93,0.94,0.01,0.01,77914.34,1777040060000
1777040061.881,261.881,0.06,0.07,0.93,0.94,0.01,0.01,77914.34,1777040060000
1777040062.353,262.353,0.06,0.07,0.93,0.94,0.01,0.01,77910.75,1777040061000
1777040062.729,262.729,0.08,0.09,0.91,0.93,0.01,0.02,77910.75,1777040061000
1777040063.245,263.245,0.08,0.09,0.91,0.92,0.01,0.01,77910.75,1777040061000
1777040063.866,263.866,0.08,0.09,0.91,0.92,0.01,0.01,77912.7,1777040062000
1777040064.213,264.213,0.1,0.11,0.89,0.9,0.01,0.01,77915.99,1777040063000
1777040064.553,264.553,0.11,0.13,0.87,0.89,0.02,0.02,77915.99,1777040063000
1777040064.886,264.886,0.16,0.17,0.83,0.84,0.01,0.01,77915.99,1777040063000
1777040065.225,265.225,0.15,0.16,0.84,0.85,0.01,0.01,77915.99,1777040063000
1777040065.562,265.562,0.15,0.16,0.84,0.85,0.01,0.01,77919.4,1777040064000
1777040065.938,265.938,0.17,0.18,0.82,0.83,0.01,0.01,77919.4,1777040064000
1777040066.462,266.462,0.17,0.18,0.82,0.83,0.01,0.01,77932.85,1777040065000
1777040066.818,266.818,0.11,0.14,0.86,0.89,0.03,0.03,77932.85,1777040065000
1777040067.181,267.181,0.11,0.12,0.88,0.89,0.01,0.01,77936.67,1777040066000
1777040067.898,267.898,0.1,0.11,0.89,0.9,0.01,0.01,77936.67,1777040066000
1777040068.312,268.312,0.1,0.11,0.89,0.9,0.01,0.01,77936.67,1777040066000
1777040068.655,268.655,0.1,0.11,0.89,0.9,0.01,0.01,77932.78,1777040067000
1777040069.052,269.052,0.1,0.11,0.89,0.9,0.01,0.01,77932.03,1777040068000
1777040069.464,269.464,0.1,0.11,0.89,0.9,0.01,0.01,77932.03,1777040068000
1777040069.804,269.804,0.1,0.11,0.89,0.9,0.01,0.01,77932.03,1777040068000
1777040070.154,270.154,0.1,0.11,0.89,0.9,0.01,0.01,77931.7,1777040069000
1777040070.69,270.69,0.11,0.12,0.88,0.89,0.01,0.01,77931.7,1777040069000
1777040071.135,271.135,0.11,0.12,0.88,0.89,0.01,0.01,77931.7,1777040069000
1777040071.548,271.548,0.08,0.1,0.89,0.91,0.02,0.02,77931.7,1777040069000
1777040071.925,271.925,0.06,0.09,0.9,0.92,0.03,0.02,77931.7,1777040069000
1777040072.435,272.435,0.06,0.07,0.93,0.94,0.01,0.01,77934.29,1777040071000
1777040072.968,272.968,0.06,0.07,0.93,0.94,0.01,0.01,77934.29,1777040071000
1777040073.406,273.406,0.06,0.07,0.93,0.94,0.01,0.01,77934.64,1777040072000
1777040073.749,273.749,0.06,0.12,0.93,0.94,0.06,0.01,77934.64,1777040072000
1777040074.276,274.276,0.11,0.12,0.88,0.89,0.01,0.01,77933.52,1777040073000
1777040074.867,274.867,0.11,0.12,0.88,0.89,0.01,0.01,77933.52,1777040073000
1777040075.204,275.204,0.11,0.12,0.88,0.89,0.01,0.01,77932.75,1777040074000
1777040075.696,275.696,0.11,0.12,0.88,0.89,0.01,0.01,77932.75,1777040074000
1777040076.172,276.172,0.11,0.12,0.88,0.89,0.01,0.01,77933.67,1777040075000
1777040076.777,276.777,0.11,0.12,0.88,0.89,0.01,0.01,77933.67,1777040075000
1777040077.191,277.191,0.06,0.1,0.9,0.91,0.04,0.01,77933.67,1777040075000
1777040077.565,277.565,0.06,0.07,0.91,0.94,0.01,0.03,77933.67,1777040076000
1777040078.107,278.107,0.06,0.07,0.93,0.94,0.01,0.01,77933.67,1777040076000
1777040078.535,278.535,0.05,0.07,0.93,0.94,0.02,0.01,77935.1,1777040077000
1777040078.947,278.947,0.06,0.07,0.93,0.94,0.01,0.01,77935.1,1777040077000
1777040079.305,279.305,0.06,0.07,0.93,0.94,0.01,0.01,77935.45,1777040078000
1777040079.68,279.68,0.05,0.06,0.94,0.95,0.01,0.01,77935.45,1777040078000
1777040080.275,280.275,0.05,0.06,0.94,0.95,0.01,0.01,77935.45,1777040078000
1777040080.683,280.683,0.05,0.06,0.94,0.95,0.01,0.01,77935.29,1777040079000
1777040081.074,281.074,0.04,0.06,0.94,0.96,0.02,0.02,77935.47,1777040080000
1777040081.414,281.414,0.04,0.05,0.95,0.96,0.01,0.01,77935.47,1777040080000
1777040081.796,281.796,0.03,0.04,0.96,0.97,0.01,0.01,77935.47,1777040080000
1777040082.136,282.136,0.02,0.03,0.97,0.98,0.01,0.01,77932.03,1777040081000
1777040082.47,282.47,0.02,0.03,0.97,0.98,0.01,0.01,77932.03,1777040081000
1777040082.842,282.842,0.02,0.03,0.97,0.98,0.01,0.01,77932.03,1777040081000
1777040083.355,283.355,0.01,0.02,0.98,0.99,0.01,0.01,77921.86,1777040082000
1777040083.725,283.725,0.01,0.02,0.98,0.99,0.01,0.01,77921.86,1777040082000
1777040084.137,284.137,0.01,0.01,0.99,0.99,0.0,0.0,77921.86,1777040082000
1777040084.471,284.471,0.01,0.01,0.99,0.99,0.0,0.0,77894.59,1777040083000
1777040084.886,284.886,0.01,0.01,0.99,0.99,0.0,0.0,77894.59,1777040083000
1777040085.237,285.237,0.01,0.01,0.99,0.99,0.0,0.0,77894.59,1777040083000
1777040085.571,285.571,0.01,0.01,0.99,0.99,0.0,0.0,77894.59,1777040083000
1777040086.141,286.141,0.01,0.01,0.99,0.99,0.0,0.0,77894.59,1777040083000
1777040086.51,286.51,0.01,0.01,0.99,0.99,0.0,0.0,77896.17,1777040084000
1777040087.316,287.316,0.01,0.01,0.99,0.99,0.0,0.0,77896.58,1777040085000
1777040087.898,287.898,0.01,0.01,0.99,0.99,0.0,0.0,77897.46,1777040086000
1777040088.683,288.683,0.01,0.01,0.99,0.99,0.0,0.0,77896.43,1777040087000
1777040089.44,289.44,0.01,0.01,0.99,0.99,0.0,0.0,77892.58,1777040088000
1777040089.989,289.989,0.01,0.01,0.99,0.99,0.0,0.0,77892.58,1777040088000
1777040090.335,290.335,0.01,0.01,0.99,0.99,0.0,0.0,77892.55,1777040089000
1777040090.821,290.821,0.01,0.01,0.99,0.99,0.0,0.0,77892.55,1777040089000
1777040091.344,291.344,0.01,0.01,0.99,0.99,0.0,0.0,77892.55,1777040089000
1777040092.366,292.366,0.01,0.01,0.99,0.99,0.0,0.0,77892.05,1777040090000
1777040092.857,292.857,0.01,0.01,0.99,0.99,0.0,0.0,77889.3,1777040091000
1777040093.271,293.271,0.01,0.01,0.99,0.99,0.0,0.0,77889.3,1777040091000
1777040093.978,293.978,0.01,0.01,0.99,0.99,0.0,0.0,77879.72,1777040092000
1777040094.78,294.78,0.01,0.01,0.99,0.99,0.0,0.0,77877.01,1777040093000
1777040095.377,295.377,0.01,0.01,0.99,0.99,0.0,0.0,77877.01,1777040093000
1777040096.424,296.424,0.01,0.01,0.99,0.99,0.0,0.0,77892.68,1777040095000
1777040097.095,297.095,0.01,0.01,0.99,0.99,0.0,0.0,77892.68,1777040095000
1777040097.577,297.577,0.01,0.01,0.99,0.99,0.0,0.0,77897.04,1777040096000
1777040098.903,298.903,0.01,0.01,0.99,0.99,0.0,0.0,77897.27,1777040097000
1777040099.674,299.674,0.01,0.01,0.99,0.99,0.0,0.0,77896.73,1777040098000
1777040100.333,300.333,0.01,0.01,0.99,0.99,0.0,0.0,77895.71,1777040099000
1777040100.909,300.909,0.01,0.01,0.99,0.99,0.0,0.0,77895.71,1777040099000

# RESULT,winner=Down,slug=btc-updown-5m-1777039800,ticks=653
