timestamp,elapsed_sec,up_bid,up_ask,down_bid,down_ask,up_spread,down_spread,btc_price,btc_oracle_ts
1776107400.598,0.598,0.48,0.49,0.47,0.52,0.01,0.05,72347.49,1776107399000
1776107400.99,0.99,0.48,0.49,0.51,0.52,0.01,0.01,72347.49,1776107399000
1776107401.434,1.434,0.48,0.49,0.51,0.52,0.01,0.01,72347.63,1776107400000
1776107402.014,2.014,0.49,0.5,0.5,0.51,0.01,0.01,72347.63,1776107400000
1776107402.415,2.415,0.49,0.5,0.5,0.51,0.01,0.01,72347.88,1776107401000
1776107402.98,2.98,0.49,0.5,0.5,0.51,0.01,0.01,72347.88,1776107401000
1776107403.365,3.365,0.49,0.5,0.5,0.51,0.01,0.01,72347.88,1776107401000
1776107403.705,3.705,0.5,0.51,0.49,0.5,0.01,0.01,72347.9,1776107402000
1776107404.35,4.35,0.5,0.51,0.49,0.5,0.01,0.01,72347.9,1776107403000
1776107404.688,4.688,0.51,0.52,0.48,0.49,0.01,0.01,72347.9,1776107403000
1776107405.485,5.485,0.51,0.52,0.48,0.49,0.01,0.01,72347.9,1776107403000
1776107405.885,5.885,0.51,0.52,0.48,0.49,0.01,0.01,72348.06,1776107404000
1776107406.24,6.24,0.51,0.52,0.48,0.49,0.01,0.01,72348.06,1776107404000
1776107406.686,6.686,0.51,0.52,0.48,0.49,0.01,0.01,72348.06,1776107404000
1776107407.092,7.092,0.5,0.51,0.49,0.5,0.01,0.01,72348.25,1776107405000
1776107407.494,7.494,0.51,0.52,0.49,0.5,0.01,0.01,72348.25,1776107406000
1776107407.84,7.84,0.51,0.52,0.48,0.49,0.01,0.01,72348.25,1776107406000
1776107408.174,8.174,0.52,0.53,0.47,0.48,0.01,0.01,72348.08,1776107407000
1776107408.609,8.609,0.52,0.53,0.47,0.48,0.01,0.01,72348.08,1776107407000
1776107409.111,9.111,0.51,0.52,0.48,0.49,0.01,0.01,72348.08,1776107407000
1776107409.48,9.48,0.51,0.52,0.48,0.49,0.01,0.01,72346.29,1776107408000
1776107409.832,9.832,0.51,0.52,0.48,0.49,0.01,0.01,72346.29,1776107408000
1776107410.374,10.374,0.51,0.53,0.48,0.49,0.02,0.01,72346.5,1776107409000
1776107410.722,10.722,0.55,0.56,0.44,0.48,0.01,0.04,72346.5,1776107409000
1776107411.171,11.171,0.59,0.62,0.38,0.42,0.03,0.04,72346.5,1776107409000
1776107411.542,11.542,0.61,0.63,0.36,0.39,0.02,0.03,72347.69,1776107410000
1776107411.91,11.91,0.62,0.63,0.37,0.38,0.01,0.01,72347.69,1776107410000
1776107412.323,12.323,0.62,0.64,0.36,0.38,0.02,0.02,72347.69,1776107410000
1776107412.742,12.742,0.62,0.63,0.37,0.38,0.01,0.01,72355.25,1776107411000
1776107413.105,13.105,0.62,0.63,0.37,0.38,0.01,0.01,72355.25,1776107411000
1776107413.569,13.569,0.62,0.63,0.37,0.38,0.01,0.01,72361.37,1776107412000
1776107413.956,13.956,0.62,0.63,0.37,0.38,0.01,0.01,72361.37,1776107412000
1776107414.307,14.307,0.62,0.63,0.37,0.38,0.01,0.01,72361.37,1776107412000
1776107414.699,14.699,0.63,0.64,0.36,0.37,0.01,0.01,72364.34,1776107413000
1776107415.057,15.057,0.63,0.64,0.36,0.37,0.01,0.01,72364.34,1776107414000
1776107415.424,15.424,0.63,0.64,0.36,0.37,0.01,0.01,72364.34,1776107414000
1776107416.017,16.017,0.62,0.63,0.37,0.38,0.01,0.01,72364.34,1776107414000
1776107416.357,16.357,0.55,0.56,0.44,0.45,0.01,0.01,72364.21,1776107415000
1776107416.719,16.719,0.55,0.56,0.44,0.45,0.01,0.01,72364.21,1776107415000
1776107417.113,17.113,0.52,0.54,0.46,0.48,0.02,0.02,72364.21,1776107415000
1776107417.457,17.457,0.47,0.53,0.47,0.52,0.06,0.05,72364.21,1776107415000
1776107417.935,17.935,0.49,0.5,0.49,0.52,0.01,0.03,72363.44,1776107416000
1776107418.492,18.492,0.49,0.5,0.5,0.51,0.01,0.01,72358.41,1776107417000
1776107418.856,18.856,0.48,0.49,0.51,0.52,0.01,0.01,72358.41,1776107417000
1776107419.191,19.191,0.48,0.49,0.51,0.52,0.01,0.01,72358.41,1776107417000
1776107419.684,19.684,0.48,0.49,0.51,0.52,0.01,0.01,72346.87,1776107418000
1776107420.023,20.023,0.48,0.49,0.51,0.52,0.01,0.01,72346.87,1776107418000
1776107420.359,20.359,0.48,0.49,0.51,0.52,0.01,0.01,72344.75,1776107419000
1776107420.732,20.732,0.48,0.49,0.51,0.52,0.01,0.01,72344.75,1776107419000
1776107421.38,21.38,0.48,0.49,0.51,0.52,0.01,0.01,72344.75,1776107420000
1776107422.008,22.008,0.48,0.49,0.51,0.52,0.01,0.01,72344.79,1776107421000
1776107422.601,22.601,0.48,0.49,0.51,0.52,0.01,0.01,72344.79,1776107421000
1776107423.035,23.035,0.48,0.49,0.51,0.52,0.01,0.01,72344.82,1776107422000
1776107423.493,23.493,0.48,0.49,0.51,0.52,0.01,0.01,72344.82,1776107422000
1776107424.06,24.06,0.48,0.49,0.51,0.52,0.01,0.01,72344.82,1776107422000
1776107424.504,24.504,0.48,0.49,0.51,0.52,0.01,0.01,72344.82,1776107422000
1776107424.909,24.909,0.48,0.49,0.51,0.52,0.01,0.01,72344.91,1776107423000
1776107425.3,25.3,0.48,0.49,0.51,0.52,0.01,0.01,72344.74,1776107424000
1776107425.79,25.79,0.48,0.49,0.51,0.52,0.01,0.01,72344.74,1776107424000
1776107426.248,26.248,0.47,0.49,0.51,0.53,0.02,0.02,72344.71,1776107425000
1776107426.692,26.692,0.48,0.49,0.51,0.52,0.01,0.01,72344.71,1776107425000
1776107427.55,27.55,0.48,0.49,0.51,0.52,0.01,0.01,72344.85,1776107426000
1776107427.965,27.965,0.48,0.49,0.51,0.52,0.01,0.01,72344.85,1776107426000
1776107428.471,28.471,0.48,0.49,0.51,0.52,0.01,0.01,72344.85,1776107427000
1776107428.838,28.838,0.48,0.49,0.51,0.52,0.01,0.01,72344.85,1776107427000
1776107429.359,29.359,0.49,0.5,0.5,0.52,0.01,0.02,72344.85,1776107427000
1776107429.693,29.693,0.49,0.5,0.5,0.51,0.01,0.01,72344.95,1776107428000
1776107430.029,30.029,0.49,0.5,0.5,0.51,0.01,0.01,72345.05,1776107429000
1776107430.365,30.365,0.51,0.53,0.47,0.49,0.02,0.02,72345.05,1776107429000
1776107430.732,30.732,0.54,0.55,0.45,0.46,0.01,0.01,72345.05,1776107429000
1776107431.161,31.161,0.56,0.57,0.43,0.44,0.01,0.01,72345.1,1776107430000
1776107431.55,31.55,0.57,0.58,0.42,0.43,0.01,0.01,72345.1,1776107430000
1776107431.901,31.901,0.57,0.6,0.42,0.43,0.03,0.01,72345.1,1776107430000
1776107432.278,32.278,0.58,0.59,0.41,0.42,0.01,0.01,72345.1,1776107430000
1776107432.628,32.628,0.58,0.59,0.41,0.42,0.01,0.01,72350.29,1776107431000
1776107432.99,32.99,0.58,0.59,0.41,0.42,0.01,0.01,72355.44,1776107432000
1776107433.497,33.497,0.58,0.59,0.41,0.42,0.01,0.01,72355.44,1776107432000
1776107434.241,34.241,0.58,0.59,0.41,0.42,0.01,0.01,72355.85,1776107433000
1776107434.763,34.763,0.58,0.59,0.41,0.42,0.01,0.01,72355.85,1776107433000
1776107435.377,35.377,0.58,0.59,0.41,0.42,0.01,0.01,72355.85,1776107433000
1776107435.786,35.786,0.58,0.59,0.41,0.42,0.01,0.01,72356.09,1776107434000
1776107436.147,36.147,0.58,0.59,0.41,0.42,0.01,0.01,72355.74,1776107435000
1776107436.583,36.583,0.55,0.56,0.43,0.45,0.01,0.02,72355.74,1776107435000
1776107437.035,37.035,0.54,0.55,0.45,0.46,0.01,0.01,72355.74,1776107435000
1776107437.37,37.37,0.54,0.55,0.45,0.46,0.01,0.01,72355.74,1776107435000
1776107437.728,37.728,0.53,0.55,0.45,0.47,0.02,0.02,72356.1,1776107436000
1776107438.199,38.199,0.52,0.53,0.46,0.48,0.01,0.02,72356.1,1776107436000
1776107438.792,38.792,0.52,0.53,0.47,0.48,0.01,0.01,72355.63,1776107437000
1776107439.369,39.369,0.52,0.53,0.47,0.48,0.01,0.01,72355.63,1776107437000
1776107439.765,39.765,0.52,0.53,0.47,0.48,0.01,0.01,72351.94,1776107438000
1776107440.375,40.375,0.52,0.53,0.47,0.48,0.01,0.01,72351.94,1776107438000
1776107440.998,40.998,0.52,0.53,0.47,0.48,0.01,0.01,72352.0,1776107439000
1776107441.363,41.363,0.52,0.53,0.47,0.48,0.01,0.01,72352.02,1776107440000
1776107441.71,41.71,0.52,0.53,0.47,0.48,0.01,0.01,72352.02,1776107440000
1776107442.072,42.072,0.52,0.53,0.47,0.48,0.01,0.01,72352.02,1776107440000
1776107442.556,42.556,0.52,0.53,0.47,0.48,0.01,0.01,72352.06,1776107441000
1776107443.13,43.13,0.52,0.53,0.47,0.48,0.01,0.01,72352.06,1776107441000
1776107443.725,43.725,0.52,0.53,0.47,0.48,0.01,0.01,72352.2,1776107442000
1776107444.525,44.525,0.52,0.53,0.47,0.48,0.01,0.01,72352.2,1776107442000
1776107444.993,44.993,0.52,0.53,0.47,0.48,0.01,0.01,72352.4,1776107443000
1776107445.348,45.348,0.52,0.53,0.47,0.48,0.01,0.01,72352.62,1776107444000
1776107445.76,45.76,0.52,0.53,0.47,0.48,0.01,0.01,72352.62,1776107444000
1776107446.278,46.278,0.52,0.53,0.47,0.48,0.01,0.01,72352.62,1776107444000
1776107446.688,46.688,0.52,0.53,0.47,0.48,0.01,0.01,72352.62,1776107445000
1776107447.08,47.08,0.52,0.54,0.47,0.48,0.02,0.01,72352.62,1776107445000
1776107447.612,47.612,0.52,0.53,0.47,0.48,0.01,0.01,72352.67,1776107446000
1776107448.009,48.009,0.52,0.53,0.47,0.48,0.01,0.01,72352.67,1776107446000
1776107448.385,48.385,0.53,0.54,0.46,0.48,0.01,0.02,72352.67,1776107446000
1776107449.036,49.036,0.53,0.54,0.46,0.47,0.01,0.01,72352.75,1776107448000
1776107449.403,49.403,0.53,0.54,0.46,0.47,0.01,0.01,72352.75,1776107448000
1776107449.765,49.765,0.53,0.54,0.46,0.47,0.01,0.01,72352.75,1776107448000
1776107450.153,50.153,0.53,0.54,0.46,0.47,0.01,0.01,72352.75,1776107448000
1776107450.493,50.493,0.53,0.54,0.46,0.47,0.01,0.01,72352.95,1776107449000
1776107450.895,50.895,0.53,0.54,0.46,0.47,0.01,0.01,72352.95,1776107449000
1776107451.328,51.328,0.53,0.54,0.46,0.47,0.01,0.01,72352.95,1776107449000
1776107451.696,51.696,0.47,0.48,0.52,0.53,0.01,0.01,72353.08,1776107450000
1776107452.072,52.072,0.45,0.46,0.54,0.58,0.01,0.04,72353.08,1776107450000
1776107452.41,52.41,0.42,0.44,0.55,0.6,0.02,0.05,72353.14,1776107451000
1776107452.811,52.811,0.42,0.43,0.57,0.58,0.01,0.01,72353.14,1776107451000
1776107453.176,53.176,0.41,0.42,0.58,0.59,0.01,0.01,72353.14,1776107451000
1776107453.57,53.57,0.41,0.42,0.58,0.59,0.01,0.01,72347.6,1776107452000
1776107453.967,53.967,0.41,0.42,0.58,0.59,0.01,0.01,72347.6,1776107452000
1776107454.309,54.309,0.39,0.42,0.58,0.61,0.03,0.03,72347.6,1776107452000
1776107454.686,54.686,0.38,0.39,0.61,0.62,0.01,0.01,72336.79,1776107453000
1776107455.077,55.077,0.38,0.39,0.61,0.62,0.01,0.01,72336.4,1776107454000
1776107455.416,55.416,0.37,0.38,0.61,0.63,0.01,0.02,72336.4,1776107454000
1776107455.951,55.951,0.37,0.38,0.62,0.63,0.01,0.01,72336.4,1776107454000
1776107456.315,56.315,0.36,0.37,0.63,0.64,0.01,0.01,72336.09,1776107455000
1776107456.778,56.778,0.36,0.37,0.63,0.64,0.01,0.01,72336.09,1776107455000
1776107457.158,57.158,0.36,0.37,0.63,0.64,0.01,0.01,72331.06,1776107456000
1776107457.542,57.542,0.36,0.37,0.63,0.64,0.01,0.01,72331.06,1776107456000
1776107458.069,58.069,0.35,0.36,0.64,0.65,0.01,0.01,72329.31,1776107457000
1776107458.415,58.415,0.35,0.36,0.64,0.65,0.01,0.01,72329.31,1776107457000
1776107458.815,58.815,0.35,0.36,0.64,0.65,0.01,0.01,72329.31,1776107457000
1776107459.274,59.274,0.35,0.36,0.64,0.65,0.01,0.01,72329.31,1776107458000
1776107459.703,59.703,0.35,0.36,0.64,0.65,0.01,0.01,72329.31,1776107458000
1776107460.041,60.041,0.35,0.36,0.64,0.65,0.01,0.01,72327.97,1776107459000
1776107460.408,60.408,0.35,0.36,0.64,0.65,0.01,0.01,72327.97,1776107459000
1776107460.787,60.787,0.35,0.36,0.64,0.65,0.01,0.01,72327.97,1776107459000
1776107461.153,61.153,0.35,0.36,0.64,0.65,0.01,0.01,72327.97,1776107459000
1776107461.592,61.592,0.35,0.36,0.64,0.65,0.01,0.01,72327.85,1776107460000
1776107462.008,62.008,0.35,0.36,0.64,0.65,0.01,0.01,72327.85,1776107460000
1776107462.351,62.351,0.35,0.36,0.64,0.65,0.01,0.01,72327.68,1776107461000
1776107462.687,62.687,0.35,0.36,0.64,0.65,0.01,0.01,72327.68,1776107461000
1776107463.245,63.245,0.35,0.36,0.64,0.65,0.01,0.01,72327.69,1776107462000
1776107463.701,63.701,0.35,0.36,0.64,0.65,0.01,0.01,72327.69,1776107462000
1776107464.097,64.097,0.35,0.36,0.64,0.65,0.01,0.01,72327.69,1776107462000
1776107465.028,65.028,0.35,0.36,0.64,0.65,0.01,0.01,72327.63,1776107463000
1776107465.438,65.438,0.39,0.4,0.6,0.63,0.01,0.03,72327.63,1776107464000
1776107465.794,65.794,0.39,0.4,0.6,0.61,0.01,0.01,72327.63,1776107464000
1776107466.262,66.262,0.39,0.4,0.6,0.61,0.01,0.01,72327.63,1776107464000
1776107466.602,66.602,0.39,0.4,0.6,0.61,0.01,0.01,72327.59,1776107465000
1776107466.977,66.977,0.38,0.39,0.6,0.62,0.01,0.02,72327.59,1776107465000
1776107467.365,67.365,0.37,0.39,0.61,0.62,0.02,0.01,72327.59,1776107465000
1776107467.813,67.813,0.38,0.39,0.61,0.63,0.01,0.02,72330.59,1776107466000
1776107468.301,68.301,0.38,0.39,0.61,0.62,0.01,0.01,72331.6,1776107467000
1776107468.638,68.638,0.36,0.39,0.61,0.63,0.03,0.02,72331.6,1776107467000
1776107469.016,69.016,0.36,0.37,0.63,0.64,0.01,0.01,72331.6,1776107467000
1776107469.357,69.357,0.36,0.37,0.63,0.64,0.01,0.01,72331.6,1776107467000
1776107469.76,69.76,0.35,0.36,0.64,0.65,0.01,0.01,72331.6,1776107467000
1776107470.103,70.103,0.35,0.36,0.64,0.65,0.01,0.01,72331.68,1776107468000
1776107470.441,70.441,0.36,0.37,0.63,0.64,0.01,0.01,72330.9,1776107469000
1776107470.814,70.814,0.36,0.37,0.63,0.64,0.01,0.01,72330.9,1776107469000
1776107471.804,71.804,0.36,0.37,0.63,0.64,0.01,0.01,72327.73,1776107470000
1776107472.165,72.165,0.4,0.42,0.58,0.6,0.02,0.02,72328.58,1776107471000
1776107472.513,72.513,0.43,0.44,0.56,0.57,0.01,0.01,72328.58,1776107471000
1776107472.884,72.884,0.46,0.47,0.54,0.55,0.01,0.01,72328.58,1776107471000
1776107473.228,73.228,0.46,0.47,0.53,0.54,0.01,0.01,72328.58,1776107471000
1776107473.59,73.59,0.46,0.47,0.53,0.54,0.01,0.01,72328.58,1776107471000
1776107473.962,73.962,0.46,0.47,0.53,0.54,0.01,0.01,72328.58,1776107471000
1776107474.341,74.341,0.46,0.47,0.53,0.54,0.01,0.01,72335.11,1776107472000
1776107474.726,74.726,0.46,0.47,0.53,0.54,0.01,0.01,72337.35,1776107473000
1776107475.09,75.09,0.46,0.47,0.53,0.54,0.01,0.01,72337.35,1776107473000
1776107475.426,75.426,0.46,0.47,0.53,0.54,0.01,0.01,72337.35,1776107473000
1776107475.813,75.813,0.46,0.47,0.53,0.54,0.01,0.01,72338.34,1776107474000
1776107476.172,76.172,0.46,0.48,0.53,0.54,0.02,0.01,72338.34,1776107474000
1776107476.542,76.542,0.47,0.48,0.52,0.53,0.01,0.01,72338.47,1776107475000
1776107476.98,76.98,0.47,0.48,0.52,0.53,0.01,0.01,72338.47,1776107475000
1776107477.463,77.463,0.47,0.48,0.52,0.53,0.01,0.01,72338.47,1776107475000
1776107477.953,77.953,0.47,0.48,0.52,0.53,0.01,0.01,72339.0,1776107476000
1776107478.458,78.458,0.47,0.48,0.52,0.53,0.01,0.01,72339.0,1776107477000
1776107478.877,78.877,0.47,0.48,0.52,0.53,0.01,0.01,72339.0,1776107477000
1776107479.328,79.328,0.47,0.48,0.52,0.53,0.01,0.01,72339.03,1776107478000
1776107479.756,79.756,0.47,0.48,0.52,0.53,0.01,0.01,72339.03,1776107478000
1776107480.099,80.099,0.47,0.48,0.52,0.53,0.01,0.01,72339.03,1776107478000
1776107480.473,80.473,0.47,0.48,0.52,0.53,0.01,0.01,72339.03,1776107478000
1776107480.899,80.899,0.47,0.48,0.52,0.53,0.01,0.01,72339.11,1776107479000
1776107481.302,81.302,0.48,0.49,0.51,0.52,0.01,0.01,72339.11,1776107479000
1776107481.726,81.726,0.48,0.49,0.51,0.52,0.01,0.01,72339.11,1776107480000
1776107482.115,82.115,0.48,0.49,0.51,0.52,0.01,0.01,72339.16,1776107481000
1776107482.578,82.578,0.48,0.49,0.51,0.52,0.01,0.01,72339.16,1776107481000
1776107483.002,83.002,0.43,0.46,0.54,0.57,0.03,0.03,72339.16,1776107481000
1776107483.404,83.404,0.42,0.43,0.56,0.58,0.01,0.02,72339.16,1776107481000
1776107483.785,83.785,0.42,0.43,0.57,0.58,0.01,0.01,72339.3,1776107482000
1776107484.127,84.127,0.42,0.43,0.57,0.58,0.01,0.01,72339.3,1776107482000
1776107484.494,84.494,0.42,0.43,0.57,0.58,0.01,0.01,72339.31,1776107483000
1776107484.952,84.952,0.42,0.43,0.57,0.58,0.01,0.01,72339.31,1776107483000
1776107485.297,85.297,0.42,0.43,0.57,0.58,0.01,0.01,72338.76,1776107484000
1776107485.678,85.678,0.42,0.43,0.55,0.58,0.01,0.03,72338.76,1776107484000
1776107486.1,86.1,0.41,0.43,0.57,0.59,0.02,0.02,72337.06,1776107485000
1776107486.799,86.799,0.41,0.43,0.57,0.58,0.02,0.01,72337.06,1776107485000
1776107487.179,87.179,0.41,0.42,0.57,0.59,0.01,0.02,72337.06,1776107485000
1776107487.728,87.728,0.41,0.42,0.58,0.59,0.01,0.01,72336.85,1776107486000
1776107488.095,88.095,0.41,0.42,0.58,0.59,0.01,0.01,72336.85,1776107486000
1776107488.507,88.507,0.4,0.41,0.59,0.6,0.01,0.01,72337.26,1776107487000
1776107488.942,88.942,0.4,0.41,0.59,0.6,0.01,0.01,72337.26,1776107487000
1776107489.317,89.317,0.4,0.42,0.59,0.6,0.02,0.01,72337.26,1776107487000
1776107489.656,89.656,0.41,0.44,0.56,0.59,0.03,0.03,72337.06,1776107488000
1776107489.995,89.995,0.43,0.44,0.56,0.57,0.01,0.01,72336.98,1776107489000
1776107490.778,90.778,0.43,0.44,0.56,0.57,0.01,0.01,72336.98,1776107489000
1776107491.33,91.33,0.45,0.46,0.53,0.57,0.01,0.04,72336.98,1776107489000
1776107491.702,91.702,0.48,0.51,0.49,0.52,0.03,0.03,72336.51,1776107490000
1776107492.043,92.043,0.51,0.55,0.45,0.49,0.04,0.04,72336.51,1776107490000
1776107492.422,92.422,0.53,0.54,0.46,0.47,0.01,0.01,72336.15,1776107491000
1776107492.771,92.771,0.53,0.54,0.46,0.47,0.01,0.01,72336.15,1776107491000
1776107493.112,93.112,0.54,0.55,0.45,0.46,0.01,0.01,72336.15,1776107491000
1776107493.473,93.473,0.54,0.55,0.45,0.46,0.01,0.01,72339.44,1776107492000
1776107493.928,93.928,0.54,0.55,0.45,0.46,0.01,0.01,72339.44,1776107492000
1776107494.384,94.384,0.54,0.55,0.45,0.46,0.01,0.01,72346.7,1776107493000
1776107494.799,94.799,0.54,0.55,0.45,0.46,0.01,0.01,72346.7,1776107493000
1776107495.509,95.509,0.54,0.55,0.45,0.46,0.01,0.01,72346.7,1776107494000
1776107496.032,96.032,0.54,0.55,0.45,0.46,0.01,0.01,72346.7,1776107494000
1776107496.377,96.377,0.55,0.56,0.44,0.46,0.01,0.02,72346.9,1776107495000
1776107496.716,96.716,0.55,0.56,0.44,0.45,0.01,0.01,72346.9,1776107495000
1776107497.06,97.06,0.55,0.56,0.44,0.45,0.01,0.01,72346.9,1776107495000
1776107497.716,97.716,0.54,0.56,0.44,0.45,0.02,0.01,72347.19,1776107496000
1776107498.053,98.053,0.53,0.54,0.46,0.47,0.01,0.01,72347.19,1776107496000
1776107498.387,98.387,0.53,0.54,0.46,0.47,0.01,0.01,72347.62,1776107497000
1776107498.73,98.73,0.52,0.53,0.47,0.48,0.01,0.01,72347.62,1776107497000
1776107499.174,99.174,0.52,0.53,0.47,0.48,0.01,0.01,72348.84,1776107498000
1776107499.508,99.508,0.52,0.53,0.47,0.48,0.01,0.01,72348.84,1776107498000
1776107500.074,100.074,0.52,0.53,0.47,0.48,0.01,0.01,72348.84,1776107498000
1776107500.527,100.527,0.51,0.52,0.47,0.49,0.01,0.02,72348.84,1776107498000
1776107500.96,100.96,0.51,0.52,0.48,0.49,0.01,0.01,72348.84,1776107498000
1776107501.303,101.303,0.51,0.52,0.48,0.49,0.01,0.01,72348.25,1776107499000
1776107501.905,101.905,0.51,0.52,0.48,0.49,0.01,0.01,72347.35,1776107500000
1776107502.325,102.325,0.51,0.52,0.48,0.49,0.01,0.01,72347.35,1776107500000
1776107502.853,102.853,0.51,0.52,0.48,0.49,0.01,0.01,72346.99,1776107501000
1776107503.194,103.194,0.51,0.52,0.48,0.49,0.01,0.01,72346.99,1776107502000
1776107503.766,103.766,0.51,0.52,0.48,0.49,0.01,0.01,72346.99,1776107502000
1776107504.275,104.275,0.51,0.52,0.48,0.49,0.01,0.01,72346.99,1776107502000
1776107504.618,104.618,0.51,0.52,0.48,0.49,0.01,0.01,72347.18,1776107503000
1776107504.997,104.997,0.51,0.52,0.48,0.49,0.01,0.01,72347.18,1776107503000
1776107506.409,106.409,0.51,0.52,0.48,0.49,0.01,0.01,72347.27,1776107504000
1776107507.177,107.177,0.51,0.52,0.48,0.49,0.01,0.01,72347.83,1776107506000
1776107507.546,107.546,0.5,0.52,0.48,0.49,0.02,0.01,72347.83,1776107506000
1776107507.88,107.88,0.49,0.5,0.49,0.51,0.01,0.02,72347.83,1776107506000
1776107508.221,108.221,0.49,0.5,0.5,0.51,0.01,0.01,72347.83,1776107506000
1776107508.63,108.63,0.49,0.5,0.5,0.51,0.01,0.01,72347.83,1776107506000
1776107509.136,109.136,0.49,0.5,0.5,0.51,0.01,0.01,72347.79,1776107507000
1776107509.499,109.499,0.49,0.5,0.5,0.51,0.01,0.01,72347.79,1776107508000
1776107510.113,110.113,0.49,0.5,0.5,0.51,0.01,0.01,72347.79,1776107508000
1776107510.452,110.452,0.49,0.5,0.5,0.51,0.01,0.01,72347.12,1776107509000
1776107510.934,110.934,0.49,0.5,0.5,0.51,0.01,0.01,72347.11,1776107510000
1776107511.436,111.436,0.49,0.5,0.5,0.51,0.01,0.01,72347.11,1776107510000
1776107512.123,112.123,0.49,0.5,0.5,0.51,0.01,0.01,72347.11,1776107510000
1776107512.769,112.769,0.49,0.5,0.5,0.51,0.01,0.01,72346.86,1776107511000
1776107513.522,113.522,0.49,0.5,0.5,0.51,0.01,0.01,72346.86,1776107512000
1776107514.196,114.196,0.49,0.5,0.5,0.51,0.01,0.01,72348.45,1776107513000
1776107514.554,114.554,0.49,0.5,0.5,0.51,0.01,0.01,72348.45,1776107513000
1776107514.962,114.962,0.49,0.5,0.5,0.51,0.01,0.01,72348.45,1776107513000
1776107515.46,115.46,0.49,0.5,0.5,0.51,0.01,0.01,72348.51,1776107514000
1776107516.036,116.036,0.5,0.51,0.49,0.5,0.01,0.01,72348.51,1776107514000
1776107516.553,116.553,0.5,0.51,0.49,0.5,0.01,0.01,72348.51,1776107515000
1776107516.974,116.974,0.5,0.51,0.49,0.5,0.01,0.01,72348.51,1776107515000
1776107517.695,117.695,0.5,0.51,0.49,0.5,0.01,0.01,72348.51,1776107515000
1776107518.082,118.082,0.5,0.51,0.49,0.5,0.01,0.01,72348.51,1776107515000
1776107518.425,118.425,0.5,0.51,0.49,0.5,0.01,0.01,72348.58,1776107516000
1776107518.981,118.981,0.5,0.51,0.49,0.5,0.01,0.01,72348.64,1776107517000
1776107519.405,119.405,0.5,0.51,0.49,0.5,0.01,0.01,72348.67,1776107518000
1776107519.768,119.768,0.5,0.51,0.49,0.5,0.01,0.01,72348.67,1776107518000
1776107520.105,120.105,0.5,0.51,0.49,0.5,0.01,0.01,72348.67,1776107519000
1776107520.45,120.45,0.5,0.51,0.49,0.5,0.01,0.01,72348.67,1776107519000
1776107521.091,121.091,0.5,0.51,0.49,0.5,0.01,0.01,72348.67,1776107519000
1776107521.487,121.487,0.51,0.53,0.48,0.5,0.02,0.02,72348.67,1776107519000
1776107521.855,121.855,0.52,0.53,0.47,0.49,0.01,0.02,72348.48,1776107520000
1776107522.617,122.617,0.52,0.53,0.47,0.48,0.01,0.01,72348.47,1776107521000
1776107523.154,123.154,0.52,0.53,0.47,0.49,0.01,0.02,72348.47,1776107521000
1776107523.637,123.637,0.52,0.53,0.47,0.48,0.01,0.01,72348.61,1776107522000
1776107523.972,123.972,0.52,0.53,0.47,0.48,0.01,0.01,72348.61,1776107522000
1776107524.413,124.413,0.52,0.53,0.47,0.48,0.01,0.01,72348.61,1776107522000
1776107524.753,124.753,0.51,0.53,0.47,0.48,0.02,0.01,72348.66,1776107523000
1776107525.231,125.231,0.51,0.52,0.48,0.49,0.01,0.01,72348.66,1776107523000
1776107525.76,125.76,0.5,0.51,0.49,0.5,0.01,0.01,72348.45,1776107524000
1776107526.113,126.113,0.5,0.52,0.49,0.5,0.02,0.01,72348.45,1776107524000
1776107526.553,126.553,0.51,0.52,0.48,0.49,0.01,0.01,72348.45,1776107524000
1776107527.015,127.015,0.51,0.52,0.48,0.49,0.01,0.01,72348.45,1776107524000
1776107527.464,127.464,0.51,0.52,0.48,0.49,0.01,0.01,72348.51,1776107526000
1776107527.856,127.856,0.51,0.53,0.48,0.49,0.02,0.01,72348.51,1776107526000
1776107528.195,128.195,0.52,0.53,0.47,0.48,0.01,0.01,72348.5,1776107527000
1776107528.66,128.66,0.52,0.53,0.47,0.53,0.01,0.06,72348.5,1776107527000
1776107529.093,129.093,0.51,0.52,0.47,0.49,0.01,0.02,72348.5,1776107527000
1776107529.566,129.566,0.51,0.52,0.48,0.49,0.01,0.01,72348.51,1776107528000
1776107530.134,130.134,0.51,0.52,0.48,0.49,0.01,0.01,72348.52,1776107529000
1776107531.268,131.268,0.49,0.5,0.49,0.5,0.01,0.01,72348.52,1776107529000
1776107531.76,131.76,0.49,0.5,0.5,0.51,0.01,0.01,72348.56,1776107530000
1776107532.107,132.107,0.49,0.54,0.47,0.51,0.05,0.04,72348.55,1776107531000
1776107532.447,132.447,0.56,0.58,0.42,0.44,0.02,0.02,72348.55,1776107531000
1776107532.79,132.79,0.58,0.59,0.41,0.42,0.01,0.01,72348.55,1776107531000
1776107533.125,133.125,0.59,0.6,0.4,0.42,0.01,0.02,72348.55,1776107532000
1776107533.496,133.496,0.6,0.61,0.39,0.4,0.01,0.01,72348.55,1776107532000
1776107533.946,133.946,0.6,0.61,0.39,0.4,0.01,0.01,72348.55,1776107532000
1776107534.282,134.282,0.62,0.63,0.37,0.38,0.01,0.01,72348.55,1776107532000
1776107534.723,134.723,0.62,0.63,0.37,0.38,0.01,0.01,72348.55,1776107532000
1776107535.066,135.066,0.62,0.63,0.37,0.38,0.01,0.01,72356.31,1776107533000
1776107535.411,135.411,0.62,0.63,0.37,0.38,0.01,0.01,72356.31,1776107533000
1776107535.752,135.752,0.62,0.63,0.37,0.38,0.01,0.01,72359.58,1776107534000
1776107536.11,136.11,0.62,0.63,0.37,0.38,0.01,0.01,72359.58,1776107534000
1776107536.449,136.449,0.62,0.64,0.36,0.37,0.02,0.01,72359.56,1776107535000
1776107536.859,136.859,0.62,0.63,0.37,0.38,0.01,0.01,72359.56,1776107535000
1776107537.234,137.234,0.62,0.63,0.37,0.38,0.01,0.01,72359.72,1776107536000
1776107537.673,137.673,0.62,0.63,0.37,0.38,0.01,0.01,72359.72,1776107536000
1776107538.425,138.425,0.62,0.63,0.37,0.38,0.01,0.01,72359.72,1776107536000
1776107538.763,138.763,0.62,0.63,0.37,0.38,0.01,0.01,72359.75,1776107537000
1776107539.433,139.433,0.63,0.64,0.37,0.38,0.01,0.01,72359.76,1776107538000
1776107539.865,139.865,0.62,0.63,0.37,0.38,0.01,0.01,72359.76,1776107538000
1776107540.212,140.212,0.61,0.63,0.37,0.39,0.02,0.02,72359.83,1776107539000
1776107540.681,140.681,0.61,0.62,0.38,0.39,0.01,0.01,72359.83,1776107539000
1776107541.092,141.092,0.61,0.62,0.38,0.39,0.01,0.01,72359.83,1776107539000
1776107541.47,141.47,0.61,0.62,0.38,0.39,0.01,0.01,72359.96,1776107540000
1776107541.949,141.949,0.6,0.62,0.37,0.39,0.02,0.02,72359.96,1776107540000
1776107542.324,142.324,0.6,0.61,0.39,0.4,0.01,0.01,72359.96,1776107540000
1776107543.066,143.066,0.6,0.61,0.39,0.4,0.01,0.01,72358.17,1776107542000
1776107543.438,143.438,0.6,0.61,0.39,0.4,0.01,0.01,72358.17,1776107542000
1776107544.223,144.223,0.6,0.61,0.39,0.4,0.01,0.01,72358.21,1776107543000
1776107544.64,144.64,0.6,0.61,0.39,0.4,0.01,0.01,72358.21,1776107543000
1776107544.98,144.98,0.6,0.61,0.39,0.4,0.01,0.01,72358.21,1776107543000
1776107545.405,145.405,0.6,0.61,0.39,0.4,0.01,0.01,72358.43,1776107544000
1776107545.908,145.908,0.6,0.61,0.39,0.4,0.01,0.01,72358.86,1776107545000
1776107546.538,146.538,0.6,0.61,0.39,0.4,0.01,0.01,72358.86,1776107545000
1776107547.122,147.122,0.6,0.61,0.39,0.4,0.01,0.01,72358.89,1776107546000
1776107547.544,147.544,0.6,0.62,0.38,0.4,0.02,0.02,72358.89,1776107546000
1776107547.878,147.878,0.61,0.64,0.36,0.39,0.03,0.03,72358.89,1776107546000
1776107548.329,148.329,0.66,0.67,0.33,0.34,0.01,0.01,72358.93,1776107547000
1776107548.722,148.722,0.67,0.69,0.32,0.33,0.02,0.01,72358.93,1776107547000
1776107549.071,149.071,0.68,0.7,0.31,0.32,0.02,0.01,72359.09,1776107548000
1776107549.412,149.412,0.68,0.7,0.3,0.32,0.02,0.02,72359.09,1776107548000
1776107549.828,149.828,0.7,0.71,0.29,0.31,0.01,0.02,72359.09,1776107548000
1776107550.179,150.179,0.71,0.72,0.28,0.29,0.01,0.01,72364.66,1776107549000
1776107550.515,150.515,0.71,0.72,0.28,0.29,0.01,0.01,72364.66,1776107549000
1776107550.969,150.969,0.71,0.72,0.28,0.29,0.01,0.01,72364.66,1776107549000
1776107551.307,151.307,0.72,0.73,0.27,0.28,0.01,0.01,72364.66,1776107549000
1776107552.185,152.185,0.72,0.73,0.27,0.28,0.01,0.01,72367.04,1776107551000
1776107552.705,152.705,0.72,0.73,0.27,0.28,0.01,0.01,72367.04,1776107551000
1776107553.048,153.048,0.72,0.73,0.27,0.28,0.01,0.01,72367.04,1776107551000
1776107553.392,153.392,0.72,0.73,0.27,0.28,0.01,0.01,72367.04,1776107551000
1776107553.805,153.805,0.72,0.73,0.27,0.28,0.01,0.01,72367.05,1776107552000
1776107554.155,154.155,0.72,0.73,0.27,0.28,0.01,0.01,72367.12,1776107553000
1776107554.807,154.807,0.73,0.74,0.26,0.27,0.01,0.01,72367.12,1776107553000
1776107555.147,155.147,0.73,0.74,0.26,0.27,0.01,0.01,72367.12,1776107553000
1776107555.482,155.482,0.74,0.75,0.25,0.26,0.01,0.01,72366.83,1776107554000
1776107555.961,155.961,0.73,0.75,0.25,0.26,0.02,0.01,72366.83,1776107554000
1776107556.547,156.547,0.73,0.74,0.25,0.28,0.01,0.03,72366.83,1776107554000
1776107556.942,156.942,0.72,0.74,0.26,0.27,0.02,0.01,72367.15,1776107555000
1776107557.356,157.356,0.72,0.73,0.27,0.28,0.01,0.01,72367.15,1776107555000
1776107557.699,157.699,0.72,0.73,0.27,0.28,0.01,0.01,72367.66,1776107556000
1776107558.1,158.1,0.72,0.73,0.27,0.28,0.01,0.01,72367.66,1776107556000
1776107558.45,158.45,0.72,0.73,0.27,0.28,0.01,0.01,72367.66,1776107556000
1776107558.939,158.939,0.72,0.73,0.27,0.28,0.01,0.01,72370.19,1776107557000
1776107559.301,159.301,0.72,0.73,0.27,0.28,0.01,0.01,72370.19,1776107557000
1776107559.741,159.741,0.72,0.73,0.27,0.28,0.01,0.01,72370.21,1776107558000
1776107560.306,160.306,0.73,0.74,0.26,0.28,0.01,0.02,72370.21,1776107558000
1776107560.689,160.689,0.73,0.74,0.26,0.27,0.01,0.01,72370.21,1776107558000
1776107561.171,161.171,0.73,0.74,0.26,0.27,0.01,0.01,72370.27,1776107559000
1776107561.751,161.751,0.73,0.74,0.26,0.27,0.01,0.01,72370.27,1776107560000
1776107562.131,162.131,0.72,0.74,0.26,0.28,0.02,0.02,72370.27,1776107560000
1776107562.493,162.493,0.72,0.73,0.27,0.28,0.01,0.01,72370.27,1776107560000
1776107562.875,162.875,0.72,0.73,0.27,0.28,0.01,0.01,72370.23,1776107561000
1776107563.3,163.3,0.71,0.73,0.27,0.28,0.02,0.01,72370.23,1776107561000
1776107563.739,163.739,0.74,0.75,0.25,0.28,0.01,0.03,72370.23,1776107562000
1776107564.152,164.152,0.74,0.75,0.25,0.26,0.01,0.01,72370.23,1776107562000
1776107564.492,164.492,0.74,0.75,0.25,0.26,0.01,0.01,72370.23,1776107562000
1776107565.073,165.073,0.74,0.75,0.25,0.26,0.01,0.01,72370.31,1776107563000
1776107565.422,165.422,0.74,0.75,0.25,0.26,0.01,0.01,72370.31,1776107564000
1776107566.043,166.043,0.74,0.75,0.25,0.26,0.01,0.01,72370.52,1776107565000
1776107566.393,166.393,0.71,0.73,0.27,0.28,0.02,0.01,72370.52,1776107565000
1776107566.859,166.859,0.71,0.72,0.28,0.29,0.01,0.01,72370.52,1776107565000
1776107567.249,167.249,0.71,0.72,0.28,0.29,0.01,0.01,72370.52,1776107565000
1776107567.922,167.922,0.7,0.71,0.29,0.3,0.01,0.01,72370.8,1776107566000
1776107568.337,168.337,0.7,0.71,0.29,0.31,0.01,0.02,72370.8,1776107566000
1776107568.809,168.809,0.7,0.71,0.29,0.3,0.01,0.01,72370.82,1776107567000
1776107569.223,169.223,0.69,0.71,0.29,0.3,0.02,0.01,72370.82,1776107567000
1776107569.699,169.699,0.69,0.7,0.3,0.31,0.01,0.01,72370.83,1776107568000
1776107570.192,170.192,0.69,0.7,0.3,0.31,0.01,0.01,72370.83,1776107568000
1776107570.573,170.573,0.69,0.7,0.3,0.31,0.01,0.01,72370.89,1776107569000
1776107570.906,170.906,0.69,0.7,0.3,0.31,0.01,0.01,72370.89,1776107569000
1776107571.338,171.338,0.69,0.7,0.3,0.31,0.01,0.01,72370.94,1776107570000
1776107571.772,171.772,0.69,0.7,0.3,0.31,0.01,0.01,72370.94,1776107570000
1776107572.243,172.243,0.69,0.7,0.3,0.31,0.01,0.01,72370.94,1776107570000
1776107572.578,172.578,0.7,0.71,0.29,0.3,0.01,0.01,72371.0,1776107571000
1776107573.121,173.121,0.69,0.7,0.3,0.31,0.01,0.01,72371.0,1776107571000
1776107573.568,173.568,0.69,0.7,0.3,0.31,0.01,0.01,72371.03,1776107572000
1776107574.081,174.081,0.69,0.7,0.3,0.31,0.01,0.01,72371.03,1776107572000
1776107574.575,174.575,0.69,0.7,0.3,0.31,0.01,0.01,72371.08,1776107573000
1776107574.915,174.915,0.69,0.71,0.3,0.31,0.02,0.01,72371.08,1776107573000
1776107575.376,175.376,0.69,0.7,0.3,0.31,0.01,0.01,72371.08,1776107573000
1776107575.891,175.891,0.7,0.71,0.28,0.31,0.01,0.03,72371.13,1776107574000
1776107576.23,176.23,0.7,0.71,0.29,0.3,0.01,0.01,72371.28,1776107575000
1776107576.8,176.8,0.69,0.71,0.29,0.3,0.02,0.01,72371.28,1776107575000
1776107577.185,177.185,0.69,0.7,0.3,0.31,0.01,0.01,72371.28,1776107575000
1776107577.607,177.607,0.69,0.7,0.3,0.31,0.01,0.01,72371.63,1776107576000
1776107577.944,177.944,0.69,0.7,0.3,0.31,0.01,0.01,72371.37,1776107577000
1776107578.457,178.457,0.7,0.71,0.29,0.31,0.01,0.02,72371.37,1776107577000
1776107578.989,178.989,0.7,0.71,0.29,0.3,0.01,0.01,72371.37,1776107577000
1776107579.878,179.878,0.7,0.71,0.29,0.3,0.01,0.01,72370.42,1776107578000
1776107580.31,180.31,0.7,0.71,0.29,0.3,0.01,0.01,72370.42,1776107578000
1776107580.664,180.664,0.71,0.72,0.28,0.29,0.01,0.01,72370.46,1776107579000
1776107581.031,181.031,0.7,0.72,0.28,0.3,0.02,0.02,72370.48,1776107580000
1776107581.475,181.475,0.7,0.71,0.29,0.3,0.01,0.01,72370.48,1776107580000
1776107581.873,181.873,0.7,0.71,0.29,0.3,0.01,0.01,72370.48,1776107580000
1776107582.32,182.32,0.7,0.71,0.29,0.3,0.01,0.01,72370.54,1776107581000
1776107582.853,182.853,0.7,0.71,0.29,0.3,0.01,0.01,72370.54,1776107581000
1776107583.228,183.228,0.7,0.71,0.29,0.3,0.01,0.01,72370.54,1776107581000
1776107583.742,183.742,0.7,0.71,0.29,0.3,0.01,0.01,72370.54,1776107582000
1776107584.316,184.316,0.7,0.71,0.29,0.3,0.01,0.01,72370.78,1776107583000
1776107584.879,184.879,0.7,0.71,0.29,0.3,0.01,0.01,72370.78,1776107583000
1776107585.305,185.305,0.7,0.71,0.29,0.3,0.01,0.01,72370.88,1776107584000
1776107585.778,185.778,0.7,0.71,0.29,0.3,0.01,0.01,72370.88,1776107584000
1776107586.235,186.235,0.71,0.72,0.28,0.29,0.01,0.01,72370.88,1776107585000
1776107586.843,186.843,0.71,0.72,0.28,0.29,0.01,0.01,72370.88,1776107585000
1776107587.188,187.188,0.73,0.74,0.26,0.28,0.01,0.02,72370.92,1776107586000
1776107587.525,187.525,0.73,0.74,0.26,0.27,0.01,0.01,72370.92,1776107586000
1776107587.92,187.92,0.73,0.75,0.25,0.27,0.02,0.02,72370.94,1776107587000
1776107588.333,188.333,0.75,0.76,0.24,0.26,0.01,0.02,72370.94,1776107587000
1776107588.675,188.675,0.75,0.76,0.24,0.25,0.01,0.01,72370.94,1776107587000
1776107589.517,189.517,0.75,0.76,0.24,0.25,0.01,0.01,72372.44,1776107588000
1776107589.912,189.912,0.75,0.76,0.24,0.25,0.01,0.01,72373.04,1776107589000
1776107590.363,190.363,0.76,0.77,0.23,0.24,0.01,0.01,72373.04,1776107589000
1776107590.943,190.943,0.75,0.77,0.23,0.24,0.02,0.01,72373.04,1776107589000
1776107591.538,191.538,0.76,0.77,0.23,0.24,0.01,0.01,72373.0,1776107590000
1776107591.964,191.964,0.76,0.77,0.23,0.24,0.01,0.01,72373.0,1776107590000
1776107592.298,192.298,0.76,0.77,0.23,0.24,0.01,0.01,72373.05,1776107591000
1776107592.896,192.896,0.76,0.77,0.23,0.24,0.01,0.01,72372.89,1776107592000
1776107593.365,193.365,0.76,0.77,0.23,0.24,0.01,0.01,72372.89,1776107592000
1776107593.875,193.875,0.76,0.77,0.23,0.24,0.01,0.01,72372.89,1776107592000
1776107594.235,194.235,0.76,0.77,0.23,0.24,0.01,0.01,72372.86,1776107593000
1776107594.737,194.737,0.76,0.77,0.23,0.24,0.01,0.01,72372.86,1776107593000
1776107595.301,195.301,0.76,0.77,0.23,0.24,0.01,0.01,72372.89,1776107594000
1776107595.673,195.673,0.76,0.77,0.23,0.24,0.01,0.01,72372.89,1776107594000
1776107596.287,196.287,0.76,0.77,0.23,0.24,0.01,0.01,72372.89,1776107594000
1776107596.664,196.664,0.76,0.77,0.23,0.24,0.01,0.01,72373.02,1776107595000
1776107597.008,197.008,0.76,0.77,0.23,0.24,0.01,0.01,72372.98,1776107596000
1776107597.705,197.705,0.77,0.78,0.23,0.24,0.01,0.01,72372.98,1776107596000
1776107598.039,198.039,0.77,0.78,0.22,0.23,0.01,0.01,72372.98,1776107596000
1776107598.4,198.4,0.76,0.78,0.22,0.23,0.02,0.01,72372.98,1776107596000
1776107598.778,198.778,0.76,0.77,0.22,0.24,0.01,0.02,72372.98,1776107596000
1776107599.158,199.158,0.76,0.77,0.23,0.24,0.01,0.01,72373.01,1776107597000
1776107599.589,199.589,0.76,0.77,0.23,0.24,0.01,0.01,72373.03,1776107598000
1776107599.976,199.976,0.77,0.78,0.22,0.24,0.01,0.02,72373.03,1776107598000
1776107600.323,200.323,0.76,0.77,0.22,0.24,0.01,0.02,72373.03,1776107598000
1776107600.924,200.924,0.76,0.77,0.23,0.24,0.01,0.01,72373.07,1776107599000
1776107601.329,201.329,0.75,0.76,0.24,0.25,0.01,0.01,72373.07,1776107600000
1776107601.682,201.682,0.75,0.77,0.24,0.25,0.02,0.01,72373.07,1776107600000
1776107602.151,202.151,0.75,0.76,0.23,0.25,0.01,0.02,72373.07,1776107600000
1776107602.512,202.512,0.75,0.76,0.24,0.25,0.01,0.01,72373.43,1776107601000
1776107602.929,202.929,0.76,0.77,0.23,0.24,0.01,0.01,72373.43,1776107601000
1776107603.28,203.28,0.76,0.77,0.23,0.24,0.01,0.01,72373.43,1776107601000
1776107604.131,204.131,0.76,0.77,0.23,0.24,0.01,0.01,72373.47,1776107602000
1776107604.674,204.674,0.77,0.79,0.22,0.23,0.02,0.01,72373.47,1776107603000
1776107605.024,205.024,0.78,0.79,0.21,0.22,0.01,0.01,72373.47,1776107603000
1776107605.525,205.525,0.79,0.8,0.2,0.21,0.01,0.01,72373.5,1776107604000
1776107606.007,206.007,0.79,0.8,0.2,0.21,0.01,0.01,72373.5,1776107604000
1776107606.452,206.452,0.79,0.8,0.2,0.21,0.01,0.01,72373.5,1776107605000
1776107606.849,206.849,0.79,0.8,0.2,0.21,0.01,0.01,72373.5,1776107605000
1776107607.193,207.193,0.79,0.8,0.2,0.21,0.01,0.01,72373.5,1776107605000
1776107607.536,207.536,0.79,0.8,0.2,0.21,0.01,0.01,72373.5,1776107605000
1776107608.19,208.19,0.79,0.8,0.2,0.21,0.01,0.01,72374.79,1776107606000
1776107608.569,208.569,0.79,0.8,0.2,0.21,0.01,0.01,72374.87,1776107607000
1776107608.964,208.964,0.79,0.8,0.2,0.21,0.01,0.01,72374.87,1776107607000
1776107609.503,209.503,0.79,0.8,0.2,0.21,0.01,0.01,72374.87,1776107607000
1776107609.863,209.863,0.79,0.8,0.2,0.21,0.01,0.01,72374.98,1776107608000
1776107610.296,210.296,0.79,0.8,0.2,0.21,0.01,0.01,72374.98,1776107608000
1776107610.651,210.651,0.79,0.8,0.2,0.21,0.01,0.01,72375.02,1776107609000
1776107611.002,211.002,0.79,0.8,0.2,0.21,0.01,0.01,72375.02,1776107609000
1776107611.371,211.371,0.79,0.8,0.19,0.21,0.01,0.02,72375.02,1776107609000
1776107611.721,211.721,0.81,0.83,0.17,0.18,0.02,0.01,72375.07,1776107610000
1776107612.07,212.07,0.85,0.86,0.14,0.16,0.01,0.02,72375.07,1776107610000
1776107612.451,212.451,0.85,0.86,0.14,0.15,0.01,0.01,72375.11,1776107611000
1776107612.805,212.805,0.86,0.87,0.13,0.14,0.01,0.01,72375.11,1776107611000
1776107613.194,213.194,0.86,0.87,0.13,0.14,0.01,0.01,72375.11,1776107611000
1776107613.533,213.533,0.87,0.88,0.12,0.13,0.01,0.01,72375.75,1776107612000
1776107613.876,213.876,0.87,0.88,0.12,0.13,0.01,0.01,72375.75,1776107612000
1776107614.226,214.226,0.87,0.88,0.12,0.13,0.01,0.01,72380.97,1776107613000
1776107614.586,214.586,0.88,0.89,0.11,0.12,0.01,0.01,72380.97,1776107613000
1776107615.144,215.144,0.88,0.89,0.11,0.12,0.01,0.01,72380.97,1776107613000
1776107615.518,215.518,0.83,0.85,0.15,0.18,0.02,0.03,72380.9,1776107614000
1776107615.857,215.857,0.79,0.8,0.2,0.21,0.01,0.01,72380.9,1776107614000
1776107616.23,216.23,0.79,0.8,0.2,0.21,0.01,0.01,72380.93,1776107615000
1776107616.694,216.694,0.75,0.76,0.24,0.25,0.01,0.01,72380.93,1776107615000
1776107617.043,217.043,0.75,0.76,0.24,0.25,0.01,0.01,72380.93,1776107615000
1776107617.383,217.383,0.75,0.76,0.24,0.25,0.01,0.01,72378.86,1776107616000
1776107617.722,217.722,0.75,0.76,0.24,0.25,0.01,0.01,72378.86,1776107616000
1776107618.058,218.058,0.75,0.76,0.24,0.25,0.01,0.01,72375.24,1776107617000
1776107618.406,218.406,0.75,0.76,0.24,0.25,0.01,0.01,72375.24,1776107617000
1776107618.883,218.883,0.75,0.76,0.24,0.25,0.01,0.01,72375.24,1776107617000
1776107619.258,219.258,0.75,0.76,0.24,0.25,0.01,0.01,72372.43,1776107618000
1776107619.77,219.77,0.75,0.76,0.24,0.25,0.01,0.01,72372.43,1776107618000
1776107620.153,220.153,0.75,0.76,0.24,0.25,0.01,0.01,72372.29,1776107619000
1776107620.509,220.509,0.75,0.76,0.24,0.25,0.01,0.01,72372.29,1776107619000
1776107620.878,220.878,0.75,0.76,0.24,0.25,0.01,0.01,72371.55,1776107620000
1776107621.443,221.443,0.75,0.76,0.24,0.25,0.01,0.01,72371.55,1776107620000
1776107621.896,221.896,0.75,0.76,0.24,0.25,0.01,0.01,72371.55,1776107620000
1776107622.405,222.405,0.7,0.71,0.29,0.3,0.01,0.01,72371.55,1776107621000
1776107622.78,222.78,0.7,0.71,0.29,0.3,0.01,0.01,72371.55,1776107621000
1776107623.147,223.147,0.7,0.71,0.29,0.3,0.01,0.01,72371.55,1776107621000
1776107623.487,223.487,0.7,0.71,0.29,0.3,0.01,0.01,72371.71,1776107622000
1776107623.823,223.823,0.7,0.71,0.29,0.3,0.01,0.01,72371.71,1776107622000
1776107624.17,224.17,0.66,0.7,0.29,0.32,0.04,0.03,72371.71,1776107622000
1776107624.535,224.535,0.62,0.65,0.33,0.37,0.03,0.04,72368.05,1776107623000
1776107624.878,224.878,0.61,0.62,0.38,0.39,0.01,0.01,72368.05,1776107623000
1776107625.247,225.247,0.6,0.61,0.39,0.4,0.01,0.01,72368.05,1776107623000
1776107625.633,225.633,0.59,0.6,0.4,0.41,0.01,0.01,72368.05,1776107623000
1776107625.985,225.985,0.59,0.6,0.4,0.41,0.01,0.01,72368.05,1776107623000
1776107626.324,226.324,0.59,0.6,0.4,0.41,0.01,0.01,72368.05,1776107623000
1776107626.742,226.742,0.58,0.59,0.41,0.42,0.01,0.01,72368.05,1776107623000
1776107627.192,227.192,0.59,0.6,0.4,0.41,0.01,0.01,72361.34,1776107625000
1776107627.672,227.672,0.59,0.6,0.4,0.41,0.01,0.01,72360.5,1776107626000
1776107628.158,228.158,0.58,0.6,0.4,0.41,0.02,0.01,72360.5,1776107626000
1776107628.559,228.559,0.57,0.58,0.42,0.43,0.01,0.01,72358.43,1776107627000
1776107628.957,228.957,0.56,0.57,0.43,0.44,0.01,0.01,72358.43,1776107627000
1776107629.434,229.434,0.57,0.58,0.42,0.43,0.01,0.01,72358.42,1776107628000
1776107629.964,229.964,0.57,0.58,0.42,0.43,0.01,0.01,72358.42,1776107628000
1776107630.321,230.321,0.57,0.58,0.42,0.43,0.01,0.01,72358.37,1776107629000
1776107630.672,230.672,0.57,0.58,0.42,0.43,0.01,0.01,72358.37,1776107629000
1776107631.075,231.075,0.58,0.59,0.41,0.43,0.01,0.02,72358.37,1776107629000
1776107631.464,231.464,0.58,0.59,0.41,0.42,0.01,0.01,72358.12,1776107630000
1776107631.806,231.806,0.58,0.59,0.41,0.42,0.01,0.01,72358.12,1776107630000
1776107632.245,232.245,0.58,0.6,0.41,0.42,0.02,0.01,72358.12,1776107630000
1776107632.632,232.632,0.59,0.61,0.4,0.41,0.02,0.01,72358.21,1776107631000
1776107633.086,233.086,0.6,0.61,0.39,0.4,0.01,0.01,72358.21,1776107631000
1776107633.53,233.53,0.6,0.61,0.39,0.4,0.01,0.01,72358.19,1776107632000
1776107633.879,233.879,0.6,0.61,0.39,0.4,0.01,0.01,72358.19,1776107632000
1776107634.26,234.26,0.6,0.61,0.39,0.4,0.01,0.01,72358.19,1776107632000
1776107634.67,234.67,0.6,0.61,0.39,0.4,0.01,0.01,72358.19,1776107633000
1776107635.084,235.084,0.62,0.63,0.37,0.4,0.01,0.03,72358.19,1776107633000
1776107635.417,235.417,0.63,0.64,0.36,0.37,0.01,0.01,72358.09,1776107634000
1776107635.947,235.947,0.64,0.65,0.35,0.36,0.01,0.01,72358.09,1776107634000
1776107636.284,236.284,0.64,0.66,0.35,0.36,0.02,0.01,72358.07,1776107635000
1776107636.748,236.748,0.63,0.65,0.35,0.36,0.02,0.01,72358.07,1776107635000
1776107637.168,237.168,0.63,0.64,0.36,0.37,0.01,0.01,72358.1,1776107636000
1776107638.067,238.067,0.64,0.65,0.35,0.36,0.01,0.01,72358.27,1776107637000
1776107638.405,238.405,0.64,0.65,0.35,0.36,0.01,0.01,72358.27,1776107637000
1776107638.74,238.74,0.65,0.66,0.34,0.36,0.01,0.02,72358.27,1776107637000
1776107639.319,239.319,0.65,0.66,0.34,0.35,0.01,0.01,72358.27,1776107637000
1776107639.673,239.673,0.65,0.66,0.34,0.35,0.01,0.01,72358.27,1776107637000
1776107640.172,240.172,0.65,0.66,0.34,0.35,0.01,0.01,72358.47,1776107639000
1776107640.573,240.573,0.64,0.65,0.34,0.36,0.01,0.02,72358.47,1776107639000
1776107640.944,240.944,0.64,0.65,0.35,0.36,0.01,0.01,72358.47,1776107639000
1776107641.292,241.292,0.64,0.65,0.35,0.36,0.01,0.01,72358.47,1776107639000
1776107641.702,241.702,0.64,0.65,0.35,0.36,0.01,0.01,72358.5,1776107640000
1776107642.103,242.103,0.65,0.66,0.34,0.35,0.01,0.01,72358.49,1776107641000
1776107642.928,242.928,0.66,0.67,0.33,0.35,0.01,0.02,72358.49,1776107641000
1776107643.312,243.312,0.66,0.67,0.33,0.34,0.01,0.01,72358.49,1776107641000
1776107643.743,243.743,0.66,0.67,0.33,0.34,0.01,0.01,72358.49,1776107642000
1776107644.158,244.158,0.66,0.67,0.33,0.34,0.01,0.01,72358.49,1776107642000
1776107644.5,244.5,0.66,0.67,0.33,0.34,0.01,0.01,72358.61,1776107643000
1776107644.849,244.849,0.64,0.68,0.35,0.36,0.04,0.01,72358.61,1776107643000
1776107645.413,245.413,0.6,0.68,0.32,0.33,0.08,0.01,72358.66,1776107644000
1776107645.824,245.824,0.65,0.66,0.33,0.34,0.01,0.01,72358.66,1776107644000
1776107646.22,246.22,0.63,0.65,0.34,0.35,0.02,0.01,72358.66,1776107644000
1776107646.566,246.566,0.62,0.64,0.36,0.38,0.02,0.02,72358.84,1776107645000
1776107647.161,247.161,0.64,0.65,0.35,0.36,0.01,0.01,72358.84,1776107645000
1776107647.602,247.602,0.64,0.66,0.35,0.36,0.02,0.01,72358.88,1776107646000
1776107647.997,247.997,0.65,0.66,0.34,0.35,0.01,0.01,72358.88,1776107646000
1776107648.336,248.336,0.66,0.68,0.33,0.34,0.02,0.01,72358.85,1776107647000
1776107648.709,248.709,0.67,0.68,0.32,0.33,0.01,0.01,72358.85,1776107647000
1776107649.123,249.123,0.67,0.68,0.32,0.33,0.01,0.01,72358.85,1776107647000
1776107649.492,249.492,0.67,0.68,0.32,0.33,0.01,0.01,72358.85,1776107648000
1776107650.008,250.008,0.67,0.68,0.32,0.35,0.01,0.03,72358.85,1776107648000
1776107650.497,250.497,0.68,0.69,0.31,0.33,0.01,0.02,72358.85,1776107649000
1776107650.896,250.896,0.68,0.69,0.31,0.32,0.01,0.01,72358.85,1776107649000
1776107651.241,251.241,0.68,0.7,0.3,0.32,0.02,0.02,72359.21,1776107650000
1776107651.708,251.708,0.69,0.7,0.3,0.31,0.01,0.01,72359.21,1776107650000
1776107652.252,252.252,0.68,0.69,0.3,0.32,0.01,0.02,72359.21,1776107650000
1776107652.655,252.655,0.64,0.65,0.35,0.36,0.01,0.01,72359.22,1776107651000
1776107653.137,253.137,0.64,0.65,0.35,0.36,0.01,0.01,72359.18,1776107652000
1776107653.494,253.494,0.64,0.65,0.35,0.36,0.01,0.01,72359.18,1776107652000
1776107653.934,253.934,0.64,0.65,0.35,0.36,0.01,0.01,72359.18,1776107652000
1776107654.267,254.267,0.64,0.65,0.35,0.36,0.01,0.01,72359.18,1776107652000
1776107654.688,254.688,0.64,0.65,0.35,0.36,0.01,0.01,72359.13,1776107653000
1776107655.035,255.035,0.76,0.78,0.22,0.24,0.02,0.02,72359.13,1776107653000
1776107655.444,255.444,0.76,0.77,0.23,0.24,0.01,0.01,72358.89,1776107654000
1776107655.82,255.82,0.76,0.77,0.23,0.24,0.01,0.01,72358.89,1776107654000
1776107656.172,256.172,0.76,0.77,0.23,0.24,0.01,0.01,72358.2,1776107655000
1776107656.513,256.513,0.76,0.77,0.23,0.24,0.01,0.01,72358.2,1776107655000
1776107656.87,256.87,0.76,0.77,0.23,0.24,0.01,0.01,72358.2,1776107655000
1776107657.224,257.224,0.76,0.77,0.23,0.24,0.01,0.01,72362.93,1776107656000
1776107657.646,257.646,0.75,0.76,0.24,0.29,0.01,0.05,72362.93,1776107656000
1776107658.046,258.046,0.76,0.78,0.23,0.24,0.02,0.01,72362.93,1776107656000
1776107658.406,258.406,0.77,0.79,0.22,0.23,0.02,0.01,72362.96,1776107657000
1776107658.757,258.757,0.87,0.88,0.12,0.13,0.01,0.01,72362.96,1776107657000
1776107659.13,259.13,0.88,0.9,0.1,0.12,0.02,0.02,72362.96,1776107657000
1776107659.484,259.484,0.91,0.92,0.08,0.09,0.01,0.01,72363.03,1776107658000
1776107659.856,259.856,0.92,0.93,0.07,0.08,0.01,0.01,72363.03,1776107658000
1776107660.215,260.215,0.93,0.94,0.06,0.07,0.01,0.01,72363.03,1776107658000
1776107660.677,260.677,0.93,0.94,0.06,0.07,0.01,0.01,72367.44,1776107659000
1776107661.017,261.017,0.93,0.94,0.06,0.07,0.01,0.01,72367.44,1776107659000
1776107661.353,261.353,0.93,0.94,0.06,0.07,0.01,0.01,72375.96,1776107660000
1776107661.688,261.688,0.93,0.94,0.05,0.07,0.01,0.02,72375.96,1776107660000
1776107662.052,262.052,0.93,0.94,0.06,0.07,0.01,0.01,72379.1,1776107661000
1776107662.41,262.41,0.93,0.94,0.06,0.07,0.01,0.01,72379.1,1776107661000
1776107662.787,262.787,0.93,0.94,0.06,0.07,0.01,0.01,72379.1,1776107661000
1776107663.132,263.132,0.93,0.94,0.06,0.07,0.01,0.01,72380.65,1776107662000
1776107663.493,263.493,0.93,0.94,0.06,0.07,0.01,0.01,72380.65,1776107662000
1776107663.856,263.856,0.93,0.94,0.06,0.07,0.01,0.01,72380.65,1776107662000
1776107664.321,264.321,0.92,0.93,0.07,0.08,0.01,0.01,72380.64,1776107663000
1776107664.711,264.711,0.92,0.93,0.07,0.08,0.01,0.01,72380.64,1776107663000
1776107665.045,265.045,0.92,0.93,0.07,0.08,0.01,0.01,72380.64,1776107663000
1776107665.462,265.462,0.92,0.93,0.07,0.08,0.01,0.01,72380.82,1776107664000
1776107665.888,265.888,0.92,0.93,0.07,0.08,0.01,0.01,72380.82,1776107664000
1776107666.308,266.308,0.88,0.89,0.09,0.13,0.01,0.04,72381.54,1776107665000
1776107666.648,266.648,0.87,0.88,0.12,0.13,0.01,0.01,72381.54,1776107665000
1776107666.982,266.982,0.87,0.88,0.12,0.13,0.01,0.01,72381.54,1776107665000
1776107667.316,267.316,0.87,0.88,0.12,0.13,0.01,0.01,72381.54,1776107665000
1776107667.676,267.676,0.87,0.89,0.12,0.13,0.02,0.01,72381.56,1776107666000
1776107668.072,268.072,0.88,0.89,0.11,0.12,0.01,0.01,72381.56,1776107666000
1776107668.498,268.498,0.9,0.91,0.09,0.1,0.01,0.01,72380.43,1776107667000
1776107668.911,268.911,0.91,0.92,0.08,0.09,0.01,0.01,72380.43,1776107667000
1776107669.325,269.325,0.91,0.92,0.08,0.09,0.01,0.01,72377.53,1776107668000
1776107669.733,269.733,0.91,0.92,0.08,0.09,0.01,0.01,72377.53,1776107668000
1776107670.119,270.119,0.91,0.93,0.08,0.09,0.02,0.01,72377.53,1776107668000
1776107670.472,270.472,0.92,0.93,0.07,0.08,0.01,0.01,72378.32,1776107669000
1776107670.956,270.956,0.92,0.93,0.07,0.08,0.01,0.01,72378.32,1776107669000
1776107671.304,271.304,0.92,0.93,0.07,0.08,0.01,0.01,72378.32,1776107669000
1776107671.696,271.696,0.92,0.93,0.07,0.08,0.01,0.01,72378.39,1776107670000
1776107672.035,272.035,0.92,0.93,0.07,0.08,0.01,0.01,72378.39,1776107670000
1776107672.415,272.415,0.92,0.93,0.07,0.08,0.01,0.01,72378.52,1776107671000
1776107672.754,272.754,0.93,0.94,0.06,0.11,0.01,0.05,72378.52,1776107671000
1776107673.212,273.212,0.92,0.93,0.07,0.08,0.01,0.01,72378.52,1776107671000
1776107673.684,273.684,0.92,0.94,0.07,0.08,0.02,0.01,72378.58,1776107672000
1776107674.031,274.031,0.93,0.94,0.06,0.07,0.01,0.01,72378.61,1776107673000
1776107674.43,274.43,0.94,0.95,0.05,0.06,0.01,0.01,72378.61,1776107673000
1776107674.765,274.765,0.94,0.95,0.05,0.06,0.01,0.01,72378.61,1776107673000
1776107675.185,275.185,0.95,0.96,0.04,0.05,0.01,0.01,72378.64,1776107674000
1776107675.522,275.522,0.95,0.96,0.04,0.05,0.01,0.01,72378.64,1776107674000
1776107675.898,275.898,0.95,0.96,0.04,0.05,0.01,0.01,72378.64,1776107674000
1776107676.313,276.313,0.95,0.96,0.04,0.05,0.01,0.01,72378.67,1776107675000
1776107676.697,276.697,0.95,0.96,0.04,0.05,0.01,0.01,72378.67,1776107675000
1776107677.058,277.058,0.95,0.96,0.04,0.05,0.01,0.01,72378.67,1776107675000
1776107677.414,277.414,0.95,0.96,0.04,0.05,0.01,0.01,72380.49,1776107676000
1776107677.783,277.783,0.95,0.96,0.04,0.05,0.01,0.01,72380.49,1776107676000
1776107678.171,278.171,0.95,0.96,0.04,0.05,0.01,0.01,72380.49,1776107676000
1776107678.514,278.514,0.95,0.96,0.04,0.05,0.01,0.01,72380.81,1776107677000
1776107678.865,278.865,0.95,0.96,0.04,0.05,0.01,0.01,72380.81,1776107677000
1776107679.237,279.237,0.95,0.96,0.04,0.05,0.01,0.01,72380.82,1776107678000
1776107679.575,279.575,0.95,0.96,0.03,0.05,0.01,0.02,72380.82,1776107678000
1776107679.922,279.922,0.95,0.97,0.04,0.05,0.02,0.01,72380.82,1776107678000
1776107680.297,280.297,0.96,0.97,0.03,0.04,0.01,0.01,72380.87,1776107679000
1776107680.666,280.666,0.96,0.97,0.03,0.04,0.01,0.01,72380.87,1776107679000
1776107681.043,281.043,0.96,0.97,0.03,0.04,0.01,0.01,72380.87,1776107679000
1776107681.504,281.504,0.96,0.97,0.03,0.04,0.01,0.01,72380.54,1776107680000
1776107681.87,281.87,0.96,0.97,0.03,0.04,0.01,0.01,72380.54,1776107680000
1776107682.323,282.323,0.96,0.97,0.03,0.04,0.01,0.01,72380.54,1776107681000
1776107682.737,282.737,0.96,0.97,0.03,0.04,0.01,0.01,72380.54,1776107681000
1776107683.092,283.092,0.96,0.97,0.03,0.04,0.01,0.01,72380.54,1776107681000
1776107683.536,283.536,0.96,0.97,0.03,0.04,0.01,0.01,72378.67,1776107682000
1776107683.942,283.942,0.96,0.97,0.03,0.04,0.01,0.01,72378.67,1776107682000
1776107684.343,284.343,0.96,0.97,0.03,0.04,0.01,0.01,72378.19,1776107683000
1776107684.727,284.727,0.96,0.97,0.03,0.04,0.01,0.01,72378.19,1776107683000
1776107685.123,285.123,0.98,0.99,0.01,0.03,0.01,0.02,72378.19,1776107683000
1776107685.5,285.5,0.98,0.99,0.01,0.02,0.01,0.01,72378.25,1776107684000
1776107685.838,285.838,0.98,0.99,0.01,0.02,0.01,0.01,72378.25,1776107684000
1776107686.185,286.185,0.98,0.99,0.01,0.02,0.01,0.01,72378.09,1776107685000
1776107686.52,286.52,0.98,0.99,0.01,0.02,0.01,0.01,72378.09,1776107685000
1776107686.916,286.916,0.98,0.99,0.01,0.02,0.01,0.01,72378.09,1776107685000
1776107687.257,287.257,0.97,0.98,0.02,0.03,0.01,0.01,72378.09,1776107686000
1776107687.611,287.611,0.9,0.92,0.07,0.15,0.02,0.08,72378.09,1776107686000
1776107687.974,287.974,0.89,0.92,0.09,0.11,0.03,0.02,72378.09,1776107686000
1776107688.406,288.406,0.92,0.96,0.07,0.08,0.04,0.01,72378.67,1776107687000
1776107688.795,288.795,0.89,0.95,0.05,0.06,0.06,0.01,72378.67,1776107687000
1776107689.17,289.17,0.93,0.95,0.06,0.07,0.02,0.01,72378.67,1776107687000
1776107689.558,289.558,0.95,0.96,0.05,0.06,0.01,0.01,72372.72,1776107688000
1776107689.971,289.971,0.92,0.93,0.04,0.08,0.01,0.04,72372.72,1776107688000
1776107690.91,290.91,0.92,0.93,0.07,0.08,0.01,0.01,72365.87,1776107689000
1776107691.296,291.296,0.98,0.99,0.01,0.02,0.01,0.01,72365.81,1776107690000
1776107691.637,291.637,0.98,0.99,0.01,0.02,0.01,0.01,72365.81,1776107690000
1776107692.028,292.028,0.98,0.99,0.01,0.02,0.01,0.01,72365.81,1776107690000
1776107692.407,292.407,0.98,0.99,0.01,0.02,0.01,0.01,72365.88,1776107691000
1776107692.817,292.817,0.98,0.99,0.01,0.02,0.01,0.01,72365.88,1776107691000
1776107693.178,293.178,0.98,0.99,0.01,0.02,0.01,0.01,72365.88,1776107691000
1776107693.738,293.738,0.98,0.99,0.01,0.02,0.01,0.01,72365.85,1776107692000
1776107694.205,294.205,0.98,0.99,0.01,0.02,0.01,0.01,72365.85,1776107692000
1776107694.63,294.63,0.98,0.99,0.01,0.02,0.01,0.01,72365.89,1776107693000
1776107695.102,295.102,0.97,0.98,0.01,0.03,0.01,0.02,72365.89,1776107693000
1776107695.463,295.463,0.97,0.99,0.02,0.03,0.02,0.01,72366.09,1776107694000
1776107695.807,295.807,0.98,0.99,0.01,0.02,0.01,0.01,72366.09,1776107694000
1776107696.406,296.406,0.98,0.99,0.01,0.02,0.01,0.01,72366.09,1776107694000
1776107696.773,296.773,0.76,0.78,0.21,0.25,0.02,0.04,72365.92,1776107695000
1776107697.129,297.129,0.69,0.7,0.3,0.31,0.01,0.01,72365.15,1776107696000
1776107697.487,297.487,0.7,0.74,0.24,0.33,0.04,0.09,72365.15,1776107696000
1776107697.829,297.829,0.7,0.71,0.29,0.39,0.01,0.1,72365.15,1776107696000
1776107698.195,298.195,0.7,0.71,0.29,0.3,0.01,0.01,72363.96,1776107697000
1776107698.61,298.61,0.75,0.76,0.24,0.25,0.01,0.01,72363.96,1776107697000
1776107698.993,298.993,0.65,0.69,0.28,0.3,0.04,0.02,72356.77,1776107698000
1776107699.331,299.331,0.75,0.76,0.24,0.25,0.01,0.01,72356.77,1776107698000
1776107699.695,299.695,0.77,0.91,0.04,0.25,0.14,0.21,72356.77,1776107698000
1776107700.039,300.039,0.99,0.98,0.02,0.04,-0.01,0.02,72356.77,1776107698000
1776107700.394,300.394,0.99,0.98,0.02,0.01,-0.01,-0.01,72350.92,1776107699000
1776107700.743,300.743,0.99,0.98,0.02,0.01,-0.01,-0.01,72350.92,1776107699000

# RESULT,winner=Up,slug=btc-updown-5m-1776107400,ticks=699
