timestamp,elapsed_sec,up_bid,up_ask,down_bid,down_ask,up_spread,down_spread,btc_price,btc_oracle_ts
1776814500.515,0.515,0.48,0.49,0.51,0.52,0.01,0.01,75860.29,1776814499000
1776814501.026,1.026,0.48,0.49,0.51,0.52,0.01,0.01,75860.83,1776814500000
1776814501.37,1.37,0.48,0.49,0.51,0.52,0.01,0.01,75860.83,1776814500000
1776814501.8,1.8,0.48,0.49,0.51,0.52,0.01,0.01,75860.83,1776814500000
1776814502.189,2.189,0.54,0.55,0.45,0.47,0.01,0.02,75860.83,1776814500000
1776814502.524,2.524,0.54,0.55,0.45,0.46,0.01,0.01,75863.6,1776814501000
1776814502.861,2.861,0.55,0.57,0.43,0.45,0.02,0.02,75863.6,1776814501000
1776814503.227,3.227,0.57,0.58,0.42,0.43,0.01,0.01,75863.6,1776814501000
1776814503.566,3.566,0.57,0.58,0.42,0.43,0.01,0.01,75863.31,1776814502000
1776814504.194,4.194,0.58,0.59,0.41,0.43,0.01,0.02,75863.31,1776814502000
1776814504.567,4.567,0.58,0.59,0.41,0.42,0.01,0.01,75866.25,1776814503000
1776814505.078,5.078,0.57,0.58,0.42,0.43,0.01,0.01,75866.25,1776814503000
1776814505.457,5.457,0.57,0.58,0.42,0.43,0.01,0.01,75870.13,1776814504000
1776814505.816,5.816,0.53,0.54,0.46,0.47,0.01,0.01,75870.13,1776814504000
1776814506.211,6.211,0.53,0.54,0.46,0.47,0.01,0.01,75870.25,1776814505000
1776814506.622,6.622,0.53,0.54,0.46,0.47,0.01,0.01,75870.25,1776814505000
1776814507.119,7.119,0.53,0.54,0.46,0.47,0.01,0.01,75870.25,1776814505000
1776814507.458,7.458,0.53,0.54,0.46,0.47,0.01,0.01,75866.37,1776814506000
1776814507.905,7.905,0.53,0.54,0.46,0.47,0.01,0.01,75866.37,1776814506000
1776814508.318,8.318,0.53,0.54,0.46,0.47,0.01,0.01,75866.37,1776814506000
1776814508.761,8.761,0.53,0.54,0.46,0.47,0.01,0.01,75866.37,1776814506000
1776814509.096,9.096,0.53,0.54,0.46,0.47,0.01,0.01,75865.61,1776814507000
1776814509.456,9.456,0.53,0.54,0.46,0.47,0.01,0.01,75865.61,1776814507000
1776814509.807,9.807,0.53,0.54,0.46,0.47,0.01,0.01,75865.61,1776814508000
1776814510.381,10.381,0.53,0.54,0.46,0.47,0.01,0.01,75865.61,1776814509000
1776814510.866,10.866,0.53,0.54,0.46,0.47,0.01,0.01,75865.61,1776814509000
1776814511.327,11.327,0.53,0.54,0.46,0.47,0.01,0.01,75865.61,1776814510000
1776814511.664,11.664,0.53,0.54,0.46,0.47,0.01,0.01,75865.61,1776814510000
1776814512.042,12.042,0.55,0.56,0.44,0.46,0.01,0.02,75865.61,1776814510000
1776814512.689,12.689,0.55,0.56,0.44,0.45,0.01,0.01,75865.61,1776814511000
1776814513.204,13.204,0.55,0.56,0.44,0.45,0.01,0.01,75865.61,1776814511000
1776814513.646,13.646,0.55,0.56,0.44,0.45,0.01,0.01,75867.18,1776814512000
1776814514.005,14.005,0.54,0.56,0.44,0.45,0.02,0.01,75867.18,1776814513000
1776814514.386,14.386,0.53,0.54,0.46,0.47,0.01,0.01,75867.18,1776814513000
1776814515.124,15.124,0.53,0.54,0.46,0.47,0.01,0.01,75868.18,1776814514000
1776814515.536,15.536,0.53,0.54,0.46,0.47,0.01,0.01,75868.18,1776814514000
1776814516.136,16.136,0.53,0.54,0.46,0.47,0.01,0.01,75868.18,1776814514000
1776814516.589,16.589,0.53,0.54,0.46,0.47,0.01,0.01,75863.42,1776814515000
1776814516.937,16.937,0.53,0.54,0.46,0.47,0.01,0.01,75864.53,1776814516000
1776814517.455,17.455,0.52,0.53,0.47,0.48,0.01,0.01,75864.53,1776814516000
1776814518.051,18.051,0.52,0.53,0.47,0.48,0.01,0.01,75863.42,1776814517000
1776814518.438,18.438,0.52,0.53,0.47,0.48,0.01,0.01,75863.42,1776814517000
1776814518.799,18.799,0.52,0.53,0.47,0.48,0.01,0.01,75863.42,1776814517000
1776814519.173,19.173,0.52,0.53,0.47,0.48,0.01,0.01,75863.42,1776814518000
1776814519.512,19.512,0.52,0.53,0.47,0.48,0.01,0.01,75863.42,1776814518000
1776814519.848,19.848,0.52,0.53,0.47,0.48,0.01,0.01,75863.42,1776814518000
1776814520.184,20.184,0.52,0.53,0.47,0.48,0.01,0.01,75863.42,1776814518000
1776814520.547,20.547,0.52,0.53,0.47,0.48,0.01,0.01,75865.6,1776814519000
1776814521.327,21.327,0.52,0.53,0.47,0.48,0.01,0.01,75865.6,1776814519000
1776814521.684,21.684,0.52,0.53,0.47,0.48,0.01,0.01,75867.72,1776814520000
1776814522.026,22.026,0.52,0.53,0.47,0.48,0.01,0.01,75868.37,1776814521000
1776814522.393,22.393,0.52,0.53,0.47,0.48,0.01,0.01,75868.37,1776814521000
1776814522.738,22.738,0.52,0.53,0.47,0.48,0.01,0.01,75868.37,1776814521000
1776814523.162,23.162,0.52,0.53,0.47,0.48,0.01,0.01,75868.37,1776814521000
1776814523.569,23.569,0.52,0.53,0.47,0.48,0.01,0.01,75868.37,1776814521000
1776814524.247,24.247,0.52,0.53,0.47,0.48,0.01,0.01,75868.78,1776814523000
1776814524.956,24.956,0.52,0.53,0.47,0.48,0.01,0.01,75868.78,1776814523000
1776814525.29,25.29,0.52,0.53,0.47,0.48,0.01,0.01,75869.47,1776814524000
1776814526.091,26.091,0.52,0.53,0.47,0.48,0.01,0.01,75869.47,1776814524000
1776814526.479,26.479,0.52,0.53,0.47,0.48,0.01,0.01,75869.6,1776814525000
1776814526.9,26.9,0.52,0.53,0.47,0.48,0.01,0.01,75869.62,1776814526000
1776814527.315,27.315,0.52,0.53,0.47,0.48,0.01,0.01,75869.62,1776814526000
1776814527.931,27.931,0.52,0.53,0.47,0.48,0.01,0.01,75869.84,1776814527000
1776814528.424,28.424,0.52,0.53,0.47,0.48,0.01,0.01,75869.84,1776814527000
1776814528.796,28.796,0.52,0.53,0.47,0.48,0.01,0.01,75869.84,1776814527000
1776814529.148,29.148,0.52,0.53,0.47,0.48,0.01,0.01,75869.95,1776814528000
1776814529.592,29.592,0.52,0.53,0.47,0.48,0.01,0.01,75869.95,1776814528000
1776814530.008,30.008,0.52,0.53,0.47,0.48,0.01,0.01,75866.16,1776814529000
1776814530.587,30.587,0.52,0.53,0.47,0.48,0.01,0.01,75866.16,1776814529000
1776814530.978,30.978,0.52,0.53,0.47,0.48,0.01,0.01,75866.16,1776814529000
1776814531.313,31.313,0.52,0.53,0.47,0.48,0.01,0.01,75866.58,1776814530000
1776814531.884,31.884,0.52,0.53,0.47,0.48,0.01,0.01,75866.58,1776814530000
1776814532.322,32.322,0.52,0.53,0.47,0.48,0.01,0.01,75867.6,1776814531000
1776814532.674,32.674,0.52,0.53,0.47,0.48,0.01,0.01,75867.6,1776814531000
1776814533.154,33.154,0.52,0.53,0.47,0.48,0.01,0.01,75867.6,1776814531000
1776814533.575,33.575,0.52,0.53,0.47,0.48,0.01,0.01,75867.94,1776814532000
1776814533.921,33.921,0.53,0.54,0.46,0.48,0.01,0.02,75867.94,1776814532000
1776814534.277,34.277,0.53,0.54,0.46,0.47,0.01,0.01,75867.94,1776814533000
1776814534.687,34.687,0.54,0.55,0.45,0.47,0.01,0.02,75867.94,1776814533000
1776814535.04,35.04,0.54,0.55,0.45,0.46,0.01,0.01,75869.48,1776814534000
1776814535.52,35.52,0.54,0.55,0.45,0.46,0.01,0.01,75869.48,1776814534000
1776814535.907,35.907,0.54,0.55,0.45,0.46,0.01,0.01,75869.48,1776814534000
1776814536.304,36.304,0.53,0.55,0.45,0.46,0.02,0.01,75869.48,1776814535000
1776814536.698,36.698,0.43,0.44,0.52,0.59,0.01,0.07,75869.48,1776814535000
1776814537.046,37.046,0.41,0.42,0.58,0.6,0.01,0.02,75869.48,1776814535000
1776814537.386,37.386,0.41,0.42,0.58,0.6,0.01,0.02,75869.48,1776814535000
1776814537.835,37.835,0.4,0.41,0.59,0.6,0.01,0.01,75869.48,1776814535000
1776814538.17,38.17,0.4,0.41,0.59,0.6,0.01,0.01,75867.34,1776814536000
1776814538.52,38.52,0.4,0.41,0.59,0.6,0.01,0.01,75867.34,1776814536000
1776814538.925,38.925,0.4,0.41,0.59,0.6,0.01,0.01,75860.02,1776814537000
1776814539.339,39.339,0.4,0.41,0.59,0.6,0.01,0.01,75860.02,1776814537000
1776814539.823,39.823,0.4,0.41,0.59,0.6,0.01,0.01,75854.06,1776814538000
1776814540.389,40.389,0.4,0.41,0.59,0.6,0.01,0.01,75854.06,1776814538000
1776814540.786,40.786,0.4,0.41,0.59,0.6,0.01,0.01,75853.92,1776814539000
1776814541.212,41.212,0.4,0.41,0.59,0.6,0.01,0.01,75853.83,1776814540000
1776814541.58,41.58,0.4,0.41,0.59,0.6,0.01,0.01,75853.83,1776814540000
1776814542.019,42.019,0.4,0.41,0.59,0.6,0.01,0.01,75853.83,1776814540000
1776814542.468,42.468,0.4,0.41,0.59,0.6,0.01,0.01,75853.83,1776814540000
1776814542.841,42.841,0.4,0.41,0.59,0.6,0.01,0.01,75852.87,1776814541000
1776814543.345,43.345,0.4,0.41,0.59,0.6,0.01,0.01,75851.71,1776814542000
1776814543.681,43.681,0.41,0.43,0.56,0.59,0.02,0.03,75851.71,1776814542000
1776814544.197,44.197,0.42,0.43,0.57,0.58,0.01,0.01,75851.71,1776814542000
1776814544.818,44.818,0.43,0.44,0.56,0.57,0.01,0.01,75852.12,1776814543000
1776814545.329,45.329,0.44,0.46,0.55,0.57,0.02,0.02,75852.12,1776814543000
1776814545.738,45.738,0.51,0.52,0.48,0.49,0.01,0.01,75854.26,1776814544000
1776814546.081,46.081,0.51,0.52,0.48,0.49,0.01,0.01,75854.26,1776814544000
1776814546.414,46.414,0.51,0.52,0.48,0.49,0.01,0.01,75855.47,1776814545000
1776814546.816,46.816,0.51,0.52,0.48,0.49,0.01,0.01,75855.47,1776814545000
1776814547.159,47.159,0.51,0.52,0.48,0.49,0.01,0.01,75855.47,1776814545000
1776814547.528,47.528,0.51,0.52,0.48,0.49,0.01,0.01,75855.47,1776814545000
1776814547.936,47.936,0.51,0.53,0.48,0.49,0.02,0.01,75856.88,1776814546000
1776814548.27,48.27,0.52,0.53,0.47,0.48,0.01,0.01,75856.88,1776814547000
1776814548.674,48.674,0.53,0.54,0.46,0.48,0.01,0.02,75856.88,1776814547000
1776814549.041,49.041,0.53,0.54,0.46,0.47,0.01,0.01,75856.88,1776814547000
1776814549.522,49.522,0.53,0.54,0.46,0.47,0.01,0.01,75856.88,1776814547000
1776814549.9,49.9,0.53,0.54,0.46,0.47,0.01,0.01,75859.79,1776814548000
1776814550.274,50.274,0.53,0.54,0.46,0.47,0.01,0.01,75861.38,1776814549000
1776814550.617,50.617,0.53,0.54,0.46,0.47,0.01,0.01,75861.38,1776814549000
1776814551.407,51.407,0.53,0.54,0.46,0.47,0.01,0.01,75861.38,1776814549000
1776814551.927,51.927,0.53,0.54,0.46,0.47,0.01,0.01,75862.75,1776814550000
1776814552.349,52.349,0.53,0.54,0.46,0.47,0.01,0.01,75862.83,1776814551000
1776814552.686,52.686,0.53,0.54,0.46,0.47,0.01,0.01,75862.83,1776814551000
1776814553.259,53.259,0.53,0.54,0.46,0.47,0.01,0.01,75862.83,1776814551000
1776814553.597,53.597,0.53,0.54,0.46,0.47,0.01,0.01,75862.95,1776814552000
1776814554.009,54.009,0.53,0.54,0.46,0.47,0.01,0.01,75862.95,1776814552000
1776814554.436,54.436,0.53,0.54,0.46,0.47,0.01,0.01,75863.32,1776814553000
1776814554.796,54.796,0.53,0.54,0.46,0.47,0.01,0.01,75863.32,1776814553000
1776814555.238,55.238,0.53,0.54,0.46,0.47,0.01,0.01,75863.32,1776814553000
1776814555.694,55.694,0.53,0.54,0.46,0.47,0.01,0.01,75863.32,1776814553000
1776814556.321,56.321,0.53,0.54,0.46,0.47,0.01,0.01,75863.91,1776814554000
1776814556.688,56.688,0.52,0.54,0.46,0.47,0.02,0.01,75863.91,1776814554000
1776814557.086,57.086,0.52,0.53,0.47,0.48,0.01,0.01,75866.34,1776814555000
1776814557.474,57.474,0.52,0.53,0.47,0.48,0.01,0.01,75866.15,1776814556000
1776814558.206,58.206,0.52,0.53,0.47,0.48,0.01,0.01,75866.15,1776814556000
1776814558.712,58.712,0.52,0.53,0.47,0.48,0.01,0.01,75864.01,1776814557000
1776814559.132,59.132,0.52,0.53,0.47,0.48,0.01,0.01,75862.03,1776814558000
1776814559.628,59.628,0.52,0.53,0.47,0.48,0.01,0.01,75862.03,1776814558000
1776814560.108,60.108,0.52,0.53,0.47,0.48,0.01,0.01,75862.03,1776814558000
1776814560.447,60.447,0.52,0.53,0.47,0.48,0.01,0.01,75861.63,1776814559000
1776814560.99,60.99,0.52,0.53,0.47,0.48,0.01,0.01,75861.63,1776814559000
1776814561.389,61.389,0.52,0.53,0.47,0.48,0.01,0.01,75861.63,1776814559000
1776814561.76,61.76,0.52,0.53,0.47,0.48,0.01,0.01,75861.76,1776814560000
1776814562.128,62.128,0.52,0.53,0.47,0.48,0.01,0.01,75861.76,1776814560000
1776814562.484,62.484,0.52,0.53,0.47,0.48,0.01,0.01,75861.75,1776814561000
1776814562.938,62.938,0.52,0.53,0.47,0.48,0.01,0.01,75861.75,1776814561000
1776814563.623,63.623,0.52,0.53,0.47,0.48,0.01,0.01,75861.75,1776814562000
1776814564.319,64.319,0.52,0.53,0.47,0.48,0.01,0.01,75862.39,1776814563000
1776814564.821,64.821,0.52,0.53,0.47,0.48,0.01,0.01,75862.39,1776814563000
1776814565.243,65.243,0.52,0.53,0.47,0.48,0.01,0.01,75862.33,1776814564000
1776814565.781,65.781,0.52,0.53,0.47,0.48,0.01,0.01,75862.33,1776814564000
1776814566.254,66.254,0.52,0.53,0.47,0.48,0.01,0.01,75862.33,1776814564000
1776814566.769,66.769,0.52,0.53,0.47,0.48,0.01,0.01,75862.37,1776814565000
1776814567.361,67.361,0.52,0.53,0.47,0.48,0.01,0.01,75862.19,1776814566000
1776814568.058,68.058,0.52,0.53,0.47,0.48,0.01,0.01,75862.19,1776814566000
1776814568.879,68.879,0.51,0.52,0.48,0.49,0.01,0.01,75862.19,1776814567000
1776814569.218,69.218,0.51,0.52,0.48,0.49,0.01,0.01,75862.19,1776814567000
1776814569.869,69.869,0.51,0.52,0.48,0.49,0.01,0.01,75862.35,1776814568000
1776814570.962,70.962,0.51,0.52,0.48,0.49,0.01,0.01,75862.28,1776814569000
1776814571.44,71.44,0.51,0.52,0.48,0.49,0.01,0.01,75862.34,1776814570000
1776814572.017,72.017,0.51,0.52,0.48,0.49,0.01,0.01,75862.34,1776814570000
1776814572.405,72.405,0.51,0.52,0.48,0.49,0.01,0.01,75862.34,1776814571000
1776814572.93,72.93,0.51,0.52,0.48,0.49,0.01,0.01,75862.34,1776814571000
1776814573.333,73.333,0.57,0.58,0.4,0.43,0.01,0.03,75862.34,1776814571000
1776814573.677,73.677,0.58,0.6,0.41,0.42,0.02,0.01,75862.34,1776814572000
1776814574.136,74.136,0.59,0.6,0.4,0.41,0.01,0.01,75862.34,1776814572000
1776814574.496,74.496,0.61,0.64,0.36,0.39,0.03,0.03,75864.75,1776814573000
1776814574.844,74.844,0.63,0.64,0.36,0.37,0.01,0.01,75864.75,1776814573000
1776814575.209,75.209,0.64,0.65,0.36,0.37,0.01,0.01,75867.43,1776814574000
1776814575.543,75.543,0.64,0.65,0.35,0.36,0.01,0.01,75867.43,1776814574000
1776814575.983,75.983,0.64,0.65,0.35,0.36,0.01,0.01,75867.43,1776814574000
1776814576.419,76.419,0.64,0.65,0.35,0.36,0.01,0.01,75867.43,1776814574000
1776814576.787,76.787,0.64,0.65,0.35,0.36,0.01,0.01,75873.32,1776814575000
1776814577.371,77.371,0.64,0.65,0.35,0.36,0.01,0.01,75874.96,1776814576000
1776814577.733,77.733,0.64,0.65,0.35,0.36,0.01,0.01,75874.96,1776814576000
1776814578.078,78.078,0.64,0.65,0.35,0.36,0.01,0.01,75874.96,1776814576000
1776814578.469,78.469,0.64,0.65,0.35,0.36,0.01,0.01,75874.83,1776814577000
1776814578.831,78.831,0.64,0.65,0.35,0.36,0.01,0.01,75874.83,1776814577000
1776814579.211,79.211,0.64,0.65,0.35,0.36,0.01,0.01,75874.82,1776814578000
1776814579.546,79.546,0.64,0.65,0.35,0.36,0.01,0.01,75874.82,1776814578000
1776814579.958,79.958,0.64,0.65,0.35,0.36,0.01,0.01,75874.82,1776814578000
1776814580.324,80.324,0.64,0.65,0.35,0.36,0.01,0.01,75874.27,1776814579000
1776814580.661,80.661,0.64,0.65,0.35,0.36,0.01,0.01,75874.27,1776814579000
1776814581.075,81.075,0.65,0.66,0.34,0.36,0.01,0.02,75874.27,1776814579000
1776814581.569,81.569,0.65,0.66,0.34,0.35,0.01,0.01,75874.41,1776814580000
1776814581.975,81.975,0.64,0.66,0.34,0.35,0.02,0.01,75875.15,1776814581000
1776814582.36,82.36,0.64,0.65,0.35,0.36,0.01,0.01,75875.15,1776814581000
1776814582.755,82.755,0.63,0.65,0.36,0.37,0.02,0.01,75875.15,1776814581000
1776814583.168,83.168,0.63,0.64,0.36,0.37,0.01,0.01,75875.34,1776814582000
1776814583.674,83.674,0.63,0.64,0.36,0.37,0.01,0.01,75875.34,1776814582000
1776814584.008,84.008,0.63,0.64,0.36,0.37,0.01,0.01,75875.34,1776814582000
1776814584.49,84.49,0.63,0.64,0.36,0.37,0.01,0.01,75875.34,1776814582000
1776814584.85,84.85,0.64,0.65,0.35,0.36,0.01,0.01,75875.21,1776814583000
1776814585.204,85.204,0.64,0.65,0.35,0.36,0.01,0.01,75875.21,1776814583000
1776814585.574,85.574,0.64,0.65,0.35,0.36,0.01,0.01,75875.2,1776814584000
1776814585.931,85.931,0.64,0.65,0.35,0.36,0.01,0.01,75875.2,1776814584000
1776814586.39,86.39,0.64,0.65,0.35,0.36,0.01,0.01,75875.2,1776814584000
1776814586.782,86.782,0.64,0.65,0.35,0.36,0.01,0.01,75875.21,1776814585000
1776814587.284,87.284,0.64,0.65,0.35,0.36,0.01,0.01,75875.21,1776814586000
1776814587.684,87.684,0.64,0.65,0.35,0.36,0.01,0.01,75875.21,1776814586000
1776814588.076,88.076,0.64,0.65,0.35,0.36,0.01,0.01,75874.8,1776814587000
1776814588.637,88.637,0.64,0.65,0.35,0.36,0.01,0.01,75874.8,1776814587000
1776814588.988,88.988,0.64,0.65,0.35,0.36,0.01,0.01,75874.8,1776814587000
1776814589.456,89.456,0.64,0.65,0.35,0.36,0.01,0.01,75874.86,1776814588000
1776814589.895,89.895,0.64,0.65,0.35,0.36,0.01,0.01,75874.86,1776814588000
1776814590.286,90.286,0.64,0.65,0.35,0.36,0.01,0.01,75874.8,1776814589000
1776814590.786,90.786,0.64,0.65,0.35,0.36,0.01,0.01,75874.8,1776814589000
1776814591.183,91.183,0.63,0.64,0.35,0.36,0.01,0.01,75874.91,1776814590000
1776814591.775,91.775,0.63,0.64,0.36,0.37,0.01,0.01,75874.91,1776814590000
1776814592.188,92.188,0.63,0.64,0.36,0.37,0.01,0.01,75874.89,1776814591000
1776814592.703,92.703,0.63,0.64,0.36,0.37,0.01,0.01,75874.89,1776814591000
1776814593.177,93.177,0.63,0.64,0.36,0.37,0.01,0.01,75874.89,1776814591000
1776814593.597,93.597,0.63,0.64,0.36,0.37,0.01,0.01,75875.17,1776814592000
1776814594.012,94.012,0.63,0.64,0.36,0.37,0.01,0.01,75875.17,1776814592000
1776814594.394,94.394,0.63,0.64,0.36,0.37,0.01,0.01,75875.06,1776814593000
1776814594.739,94.739,0.63,0.64,0.36,0.37,0.01,0.01,75875.06,1776814593000
1776814595.113,95.113,0.63,0.64,0.36,0.37,0.01,0.01,75874.75,1776814594000
1776814595.647,95.647,0.63,0.64,0.36,0.37,0.01,0.01,75874.75,1776814594000
1776814596.174,96.174,0.63,0.64,0.36,0.37,0.01,0.01,75875.0,1776814595000
1776814596.76,96.76,0.63,0.64,0.36,0.37,0.01,0.01,75875.0,1776814595000
1776814597.29,97.29,0.63,0.64,0.36,0.37,0.01,0.01,75875.2,1776814596000
1776814597.638,97.638,0.63,0.64,0.36,0.37,0.01,0.01,75875.2,1776814596000
1776814598.036,98.036,0.63,0.64,0.36,0.37,0.01,0.01,75875.2,1776814596000
1776814598.675,98.675,0.63,0.64,0.36,0.37,0.01,0.01,75874.8,1776814597000
1776814599.163,99.163,0.63,0.64,0.36,0.37,0.01,0.01,75874.8,1776814597000
1776814599.753,99.753,0.63,0.64,0.36,0.37,0.01,0.01,75875.24,1776814598000
1776814600.28,100.28,0.65,0.66,0.34,0.35,0.01,0.01,75875.24,1776814599000
1776814600.624,100.624,0.68,0.7,0.3,0.31,0.02,0.01,75875.24,1776814599000
1776814601.203,101.203,0.68,0.69,0.3,0.32,0.01,0.02,75875.24,1776814599000
1776814601.811,101.811,0.67,0.69,0.31,0.33,0.02,0.02,75875.24,1776814600000
1776814602.305,102.305,0.67,0.69,0.31,0.33,0.02,0.02,75877.04,1776814601000
1776814602.768,102.768,0.65,0.68,0.32,0.35,0.03,0.03,75877.04,1776814601000
1776814603.174,103.174,0.67,0.68,0.32,0.33,0.01,0.01,75877.05,1776814602000
1776814603.54,103.54,0.65,0.68,0.32,0.35,0.03,0.03,75877.05,1776814602000
1776814604.009,104.009,0.66,0.67,0.32,0.34,0.01,0.02,75877.05,1776814602000
1776814604.4,104.4,0.66,0.67,0.33,0.34,0.01,0.01,75877.05,1776814603000
1776814604.745,104.745,0.66,0.67,0.33,0.34,0.01,0.01,75877.05,1776814603000
1776814605.231,105.231,0.65,0.66,0.34,0.35,0.01,0.01,75877.05,1776814604000
1776814605.697,105.697,0.65,0.66,0.34,0.35,0.01,0.01,75877.05,1776814604000
1776814606.049,106.049,0.65,0.66,0.34,0.35,0.01,0.01,75877.23,1776814605000
1776814606.387,106.387,0.65,0.66,0.34,0.35,0.01,0.01,75877.23,1776814605000
1776814606.883,106.883,0.65,0.66,0.34,0.35,0.01,0.01,75877.23,1776814605000
1776814607.284,107.284,0.66,0.67,0.33,0.34,0.01,0.01,75877.22,1776814606000
1776814608.158,108.158,0.66,0.67,0.33,0.34,0.01,0.01,75877.22,1776814606000
1776814608.753,108.753,0.66,0.68,0.33,0.34,0.02,0.01,75877.22,1776814607000
1776814609.286,109.286,0.67,0.68,0.32,0.33,0.01,0.01,75877.22,1776814607000
1776814609.699,109.699,0.67,0.68,0.32,0.33,0.01,0.01,75877.97,1776814608000
1776814610.231,110.231,0.67,0.68,0.32,0.33,0.01,0.01,75877.97,1776814609000
1776814610.968,110.968,0.67,0.68,0.32,0.33,0.01,0.01,75877.97,1776814609000
1776814611.573,111.573,0.67,0.68,0.32,0.33,0.01,0.01,75877.97,1776814610000
1776814611.975,111.975,0.67,0.68,0.32,0.33,0.01,0.01,75877.97,1776814610000
1776814612.914,112.914,0.67,0.68,0.32,0.33,0.01,0.01,75877.97,1776814611000
1776814613.279,113.279,0.67,0.68,0.32,0.33,0.01,0.01,75877.97,1776814611000
1776814613.701,113.701,0.67,0.68,0.32,0.33,0.01,0.01,75877.97,1776814612000
1776814614.244,114.244,0.7,0.71,0.29,0.3,0.01,0.01,75877.97,1776814613000
1776814614.628,114.628,0.7,0.71,0.29,0.3,0.01,0.01,75877.97,1776814613000
1776814615.02,115.02,0.7,0.71,0.29,0.3,0.01,0.01,75877.97,1776814613000
1776814615.418,115.418,0.7,0.71,0.29,0.3,0.01,0.01,75877.97,1776814613000
1776814615.758,115.758,0.71,0.73,0.27,0.29,0.02,0.02,75880.04,1776814614000
1776814616.149,116.149,0.72,0.73,0.27,0.28,0.01,0.01,75880.04,1776814614000
1776814616.539,116.539,0.72,0.73,0.27,0.28,0.01,0.01,75881.82,1776814615000
1776814616.941,116.941,0.73,0.74,0.26,0.27,0.01,0.01,75881.82,1776814615000
1776814617.285,117.285,0.75,0.79,0.21,0.25,0.04,0.04,75881.82,1776814615000
1776814617.647,117.647,0.78,0.79,0.21,0.22,0.01,0.01,75883.24,1776814616000
1776814618.004,118.004,0.77,0.79,0.21,0.23,0.02,0.02,75883.24,1776814616000
1776814618.37,118.37,0.77,0.78,0.21,0.23,0.01,0.02,75885.62,1776814617000
1776814618.766,118.766,0.76,0.77,0.22,0.24,0.01,0.02,75885.62,1776814617000
1776814619.204,119.204,0.76,0.77,0.23,0.24,0.01,0.01,75885.62,1776814617000
1776814619.6,119.6,0.76,0.77,0.23,0.24,0.01,0.01,75889.86,1776814618000
1776814619.941,119.941,0.75,0.76,0.24,0.25,0.01,0.01,75889.86,1776814618000
1776814620.364,120.364,0.75,0.76,0.24,0.25,0.01,0.01,75889.86,1776814618000
1776814620.788,120.788,0.77,0.78,0.22,0.23,0.01,0.01,75889.97,1776814619000
1776814621.129,121.129,0.77,0.78,0.22,0.23,0.01,0.01,75890.05,1776814620000
1776814621.479,121.479,0.77,0.78,0.22,0.23,0.01,0.01,75890.05,1776814620000
1776814621.825,121.825,0.77,0.78,0.22,0.23,0.01,0.01,75890.05,1776814620000
1776814622.194,122.194,0.77,0.78,0.22,0.23,0.01,0.01,75890.19,1776814621000
1776814622.591,122.591,0.77,0.78,0.22,0.23,0.01,0.01,75890.19,1776814621000
1776814622.999,122.999,0.69,0.71,0.22,0.31,0.02,0.09,75890.19,1776814621000
1776814623.359,123.359,0.69,0.7,0.3,0.33,0.01,0.03,75892.01,1776814622000
1776814623.706,123.706,0.66,0.68,0.32,0.33,0.02,0.01,75892.01,1776814622000
1776814624.039,124.039,0.63,0.65,0.35,0.37,0.02,0.02,75892.01,1776814622000
1776814624.39,124.39,0.64,0.65,0.35,0.36,0.01,0.01,75891.04,1776814623000
1776814624.919,124.919,0.64,0.65,0.35,0.36,0.01,0.01,75891.04,1776814623000
1776814625.269,125.269,0.65,0.66,0.34,0.35,0.01,0.01,75885.03,1776814624000
1776814625.67,125.67,0.68,0.69,0.31,0.33,0.01,0.02,75885.03,1776814624000
1776814626.072,126.072,0.7,0.71,0.29,0.3,0.01,0.01,75885.03,1776814624000
1776814626.501,126.501,0.7,0.71,0.29,0.3,0.01,0.01,75881.02,1776814625000
1776814626.96,126.96,0.7,0.71,0.29,0.3,0.01,0.01,75881.02,1776814625000
1776814627.404,127.404,0.7,0.71,0.29,0.3,0.01,0.01,75882.0,1776814626000
1776814627.783,127.783,0.7,0.71,0.29,0.3,0.01,0.01,75882.0,1776814626000
1776814628.989,128.989,0.7,0.71,0.29,0.3,0.01,0.01,75882.12,1776814627000
1776814629.461,129.461,0.74,0.78,0.22,0.26,0.04,0.04,75882.59,1776814628000
1776814629.802,129.802,0.75,0.76,0.24,0.25,0.01,0.01,75882.59,1776814628000
1776814630.158,130.158,0.76,0.77,0.23,0.24,0.01,0.01,75882.59,1776814628000
1776814630.709,130.709,0.76,0.77,0.23,0.24,0.01,0.01,75886.63,1776814629000
1776814631.043,131.043,0.76,0.77,0.23,0.24,0.01,0.01,75886.94,1776814630000
1776814631.383,131.383,0.76,0.77,0.23,0.24,0.01,0.01,75886.94,1776814630000
1776814631.849,131.849,0.76,0.77,0.23,0.24,0.01,0.01,75886.94,1776814630000
1776814632.396,132.396,0.76,0.77,0.23,0.24,0.01,0.01,75890.44,1776814631000
1776814633.017,133.017,0.76,0.77,0.23,0.24,0.01,0.01,75890.44,1776814631000
1776814633.586,133.586,0.76,0.77,0.23,0.24,0.01,0.01,75890.68,1776814632000
1776814634.226,134.226,0.76,0.77,0.23,0.24,0.01,0.01,75890.68,1776814633000
1776814634.853,134.853,0.76,0.77,0.23,0.24,0.01,0.01,75890.68,1776814633000
1776814635.357,135.357,0.76,0.77,0.23,0.24,0.01,0.01,75890.91,1776814634000
1776814636.066,136.066,0.76,0.77,0.23,0.24,0.01,0.01,75890.91,1776814634000
1776814636.636,136.636,0.76,0.77,0.23,0.24,0.01,0.01,75890.92,1776814635000
1776814636.991,136.991,0.76,0.77,0.23,0.24,0.01,0.01,75890.92,1776814635000
1776814637.62,137.62,0.76,0.77,0.23,0.24,0.01,0.01,75890.34,1776814636000
1776814637.993,137.993,0.76,0.77,0.23,0.24,0.01,0.01,75890.34,1776814636000
1776814638.353,138.353,0.76,0.77,0.23,0.24,0.01,0.01,75889.82,1776814637000
1776814638.712,138.712,0.76,0.77,0.23,0.24,0.01,0.01,75889.82,1776814637000
1776814639.21,139.21,0.75,0.77,0.23,0.25,0.02,0.02,75887.97,1776814638000
1776814639.65,139.65,0.75,0.76,0.24,0.25,0.01,0.01,75887.97,1776814638000
1776814640.014,140.014,0.75,0.76,0.24,0.25,0.01,0.01,75887.97,1776814638000
1776814640.536,140.536,0.75,0.76,0.24,0.25,0.01,0.01,75888.07,1776814639000
1776814640.901,140.901,0.75,0.76,0.24,0.25,0.01,0.01,75888.07,1776814639000
1776814641.293,141.293,0.75,0.76,0.24,0.25,0.01,0.01,75888.01,1776814640000
1776814642.239,142.239,0.75,0.76,0.24,0.25,0.01,0.01,75888.02,1776814641000
1776814642.64,142.64,0.75,0.76,0.24,0.25,0.01,0.01,75888.02,1776814641000
1776814642.997,142.997,0.75,0.76,0.24,0.25,0.01,0.01,75888.02,1776814642000
1776814643.413,143.413,0.75,0.76,0.24,0.25,0.01,0.01,75888.02,1776814642000
1776814643.844,143.844,0.74,0.75,0.25,0.26,0.01,0.01,75888.02,1776814642000
1776814644.336,144.336,0.74,0.75,0.25,0.26,0.01,0.01,75888.0,1776814643000
1776814644.904,144.904,0.74,0.75,0.25,0.26,0.01,0.01,75888.0,1776814643000
1776814645.91,145.91,0.74,0.75,0.25,0.26,0.01,0.01,75885.97,1776814645000
1776814646.284,146.284,0.73,0.75,0.25,0.26,0.02,0.01,75885.97,1776814645000
1776814646.841,146.841,0.73,0.75,0.25,0.27,0.02,0.02,75885.24,1776814646000
1776814647.997,147.997,0.74,0.75,0.25,0.27,0.01,0.02,75885.24,1776814646000
1776814648.341,148.341,0.62,0.69,0.31,0.38,0.07,0.07,75878.66,1776814647000
1776814648.71,148.71,0.65,0.67,0.33,0.34,0.02,0.01,75878.66,1776814647000
1776814649.145,149.145,0.66,0.67,0.33,0.34,0.01,0.01,75878.66,1776814647000
1776814649.51,149.51,0.66,0.67,0.33,0.34,0.01,0.01,75879.06,1776814648000
1776814650.025,150.025,0.66,0.67,0.33,0.34,0.01,0.01,75879.06,1776814648000
1776814650.502,150.502,0.66,0.67,0.33,0.34,0.01,0.01,75878.98,1776814649000
1776814651.158,151.158,0.66,0.67,0.33,0.34,0.01,0.01,75878.98,1776814649000
1776814651.987,151.987,0.66,0.67,0.33,0.34,0.01,0.01,75879.8,1776814650000
1776814652.553,152.553,0.66,0.67,0.33,0.34,0.01,0.01,75880.64,1776814651000
1776814652.922,152.922,0.66,0.67,0.33,0.34,0.01,0.01,75880.64,1776814651000
1776814653.369,153.369,0.66,0.67,0.33,0.34,0.01,0.01,75880.64,1776814651000
1776814654.077,154.077,0.66,0.67,0.33,0.34,0.01,0.01,75880.68,1776814652000
1776814654.424,154.424,0.66,0.67,0.33,0.34,0.01,0.01,75880.68,1776814653000
1776814654.781,154.781,0.66,0.68,0.32,0.34,0.02,0.02,75880.68,1776814653000
1776814655.132,155.132,0.66,0.68,0.32,0.34,0.02,0.02,75880.68,1776814653000
1776814655.465,155.465,0.67,0.68,0.32,0.33,0.01,0.01,75880.35,1776814654000
1776814655.814,155.814,0.67,0.68,0.32,0.33,0.01,0.01,75880.35,1776814654000
1776814656.38,156.38,0.67,0.68,0.32,0.33,0.01,0.01,75880.35,1776814654000
1776814656.813,156.813,0.67,0.68,0.32,0.33,0.01,0.01,75880.39,1776814655000
1776814657.292,157.292,0.67,0.68,0.32,0.33,0.01,0.01,75880.39,1776814656000
1776814657.69,157.69,0.67,0.69,0.31,0.33,0.02,0.02,75880.39,1776814656000
1776814658.241,158.241,0.68,0.69,0.31,0.32,0.01,0.01,75880.39,1776814657000
1776814658.689,158.689,0.68,0.69,0.31,0.32,0.01,0.01,75880.39,1776814657000
1776814659.27,159.27,0.68,0.69,0.31,0.32,0.01,0.01,75880.39,1776814657000
1776814659.691,159.691,0.68,0.69,0.31,0.32,0.01,0.01,75880.24,1776814658000
1776814660.083,160.083,0.68,0.69,0.31,0.32,0.01,0.01,75880.24,1776814658000
1776814660.464,160.464,0.68,0.69,0.31,0.32,0.01,0.01,75880.11,1776814659000
1776814660.91,160.91,0.68,0.69,0.31,0.32,0.01,0.01,75880.11,1776814659000
1776814661.432,161.432,0.68,0.69,0.31,0.32,0.01,0.01,75880.11,1776814660000
1776814661.989,161.989,0.69,0.7,0.3,0.32,0.01,0.02,75880.11,1776814660000
1776814663.12,163.12,0.69,0.7,0.3,0.31,0.01,0.01,75880.49,1776814662000
1776814663.83,163.83,0.69,0.7,0.3,0.31,0.01,0.01,75880.49,1776814662000
1776814664.239,164.239,0.7,0.71,0.29,0.3,0.01,0.01,75880.49,1776814662000
1776814664.576,164.576,0.7,0.71,0.29,0.3,0.01,0.01,75884.35,1776814663000
1776814665.45,165.45,0.7,0.71,0.29,0.3,0.01,0.01,75886.72,1776814664000
1776814665.789,165.789,0.76,0.77,0.23,0.24,0.01,0.01,75886.72,1776814664000
1776814666.322,166.322,0.76,0.8,0.21,0.24,0.04,0.03,75890.49,1776814665000
1776814666.675,166.675,0.78,0.82,0.18,0.23,0.04,0.05,75890.49,1776814665000
1776814667.06,167.06,0.84,0.87,0.13,0.16,0.03,0.03,75890.49,1776814665000
1776814667.395,167.395,0.85,0.87,0.13,0.15,0.02,0.02,75890.83,1776814666000
1776814667.73,167.73,0.85,0.86,0.14,0.15,0.01,0.01,75890.83,1776814666000
1776814668.066,168.066,0.85,0.86,0.14,0.15,0.01,0.01,75890.83,1776814666000
1776814668.474,168.474,0.85,0.86,0.14,0.15,0.01,0.01,75897.36,1776814667000
1776814668.812,168.812,0.85,0.86,0.14,0.15,0.01,0.01,75897.36,1776814667000
1776814669.315,169.315,0.85,0.86,0.14,0.15,0.01,0.01,75900.03,1776814668000
1776814669.787,169.787,0.85,0.86,0.14,0.15,0.01,0.01,75900.03,1776814668000
1776814670.755,170.755,0.86,0.87,0.13,0.15,0.01,0.02,75900.03,1776814668000
1776814671.247,171.247,0.86,0.87,0.13,0.14,0.01,0.01,75900.96,1776814670000
1776814671.692,171.692,0.86,0.87,0.13,0.14,0.01,0.01,75900.96,1776814670000
1776814672.058,172.058,0.86,0.87,0.13,0.14,0.01,0.01,75900.96,1776814670000
1776814672.58,172.58,0.86,0.87,0.13,0.14,0.01,0.01,75901.28,1776814671000
1776814673.221,173.221,0.86,0.87,0.13,0.14,0.01,0.01,75901.28,1776814671000
1776814673.718,173.718,0.86,0.87,0.13,0.14,0.01,0.01,75901.85,1776814672000
1776814674.07,174.07,0.86,0.87,0.13,0.14,0.01,0.01,75901.34,1776814673000
1776814674.701,174.701,0.86,0.87,0.13,0.14,0.01,0.01,75901.34,1776814673000
1776814675.035,175.035,0.86,0.87,0.13,0.14,0.01,0.01,75901.34,1776814673000
1776814676.007,176.007,0.86,0.87,0.13,0.14,0.01,0.01,75901.75,1776814674000
1776814676.805,176.805,0.86,0.87,0.13,0.14,0.01,0.01,75901.69,1776814675000
1776814677.265,177.265,0.86,0.87,0.13,0.14,0.01,0.01,75901.7,1776814676000
1776814677.655,177.655,0.86,0.87,0.13,0.14,0.01,0.01,75901.7,1776814676000
1776814678.027,178.027,0.83,0.84,0.16,0.17,0.01,0.01,75901.7,1776814676000
1776814678.38,178.38,0.83,0.84,0.16,0.17,0.01,0.01,75901.7,1776814676000
1776814678.943,178.943,0.83,0.84,0.16,0.17,0.01,0.01,75901.73,1776814677000
1776814679.597,179.597,0.83,0.84,0.16,0.17,0.01,0.01,75900.91,1776814678000
1776814680.242,180.242,0.83,0.84,0.16,0.17,0.01,0.01,75897.38,1776814679000
1776814680.738,180.738,0.83,0.84,0.16,0.17,0.01,0.01,75897.38,1776814679000
1776814681.181,181.181,0.83,0.84,0.16,0.17,0.01,0.01,75897.35,1776814680000
1776814681.581,181.581,0.83,0.84,0.15,0.17,0.01,0.02,75897.35,1776814680000
1776814681.932,181.932,0.83,0.84,0.16,0.17,0.01,0.01,75897.35,1776814680000
1776814682.891,182.891,0.82,0.83,0.17,0.18,0.01,0.01,75895.01,1776814682000
1776814683.245,183.245,0.82,0.83,0.17,0.18,0.01,0.01,75895.01,1776814682000
1776814684.015,184.015,0.82,0.83,0.17,0.18,0.01,0.01,75892.63,1776814683000
1776814684.398,184.398,0.78,0.79,0.21,0.22,0.01,0.01,75892.63,1776814683000
1776814684.738,184.738,0.7,0.72,0.28,0.3,0.02,0.02,75892.63,1776814683000
1776814685.101,185.101,0.71,0.75,0.25,0.29,0.04,0.04,75892.63,1776814683000
1776814685.448,185.448,0.72,0.74,0.26,0.28,0.02,0.02,75892.63,1776814683000
1776814685.819,185.819,0.73,0.75,0.26,0.27,0.02,0.01,75892.63,1776814683000
1776814686.181,186.181,0.73,0.74,0.26,0.27,0.01,0.01,75881.34,1776814684000
1776814686.568,186.568,0.73,0.74,0.26,0.27,0.01,0.01,75881.34,1776814684000
1776814686.935,186.935,0.73,0.74,0.26,0.27,0.01,0.01,75881.34,1776814684000
1776814687.322,187.322,0.73,0.74,0.26,0.27,0.01,0.01,75884.22,1776814685000
1776814687.744,187.744,0.73,0.75,0.26,0.27,0.02,0.01,75884.22,1776814685000
1776814688.086,188.086,0.74,0.75,0.25,0.26,0.01,0.01,75885.96,1776814686000
1776814688.451,188.451,0.74,0.75,0.25,0.26,0.01,0.01,75885.96,1776814686000
1776814688.825,188.825,0.74,0.75,0.25,0.26,0.01,0.01,75885.96,1776814686000
1776814689.709,189.709,0.74,0.75,0.25,0.26,0.01,0.01,75886.25,1776814688000
1776814690.275,190.275,0.74,0.76,0.25,0.26,0.02,0.01,75886.25,1776814688000
1776814690.624,190.624,0.74,0.76,0.24,0.26,0.02,0.02,75886.14,1776814689000
1776814691.106,191.106,0.74,0.76,0.24,0.26,0.02,0.02,75886.14,1776814689000
1776814691.453,191.453,0.75,0.76,0.24,0.26,0.01,0.02,75886.14,1776814689000
1776814691.795,191.795,0.75,0.76,0.24,0.25,0.01,0.01,75886.14,1776814689000
1776814692.273,192.273,0.75,0.76,0.24,0.25,0.01,0.01,75886.14,1776814690000
1776814692.693,192.693,0.75,0.76,0.24,0.25,0.01,0.01,75886.14,1776814690000
1776814693.526,193.526,0.75,0.76,0.24,0.25,0.01,0.01,75885.5,1776814692000
1776814694.11,194.11,0.75,0.77,0.24,0.25,0.02,0.01,75885.5,1776814692000
1776814694.457,194.457,0.76,0.78,0.22,0.24,0.02,0.02,75885.5,1776814693000
1776814694.797,194.797,0.77,0.79,0.21,0.23,0.02,0.02,75885.5,1776814693000
1776814695.242,195.242,0.77,0.78,0.22,0.23,0.01,0.01,75885.5,1776814693000
1776814695.581,195.581,0.77,0.78,0.22,0.23,0.01,0.01,75885.46,1776814694000
1776814695.937,195.937,0.77,0.78,0.22,0.23,0.01,0.01,75885.46,1776814694000
1776814696.386,196.386,0.77,0.78,0.22,0.23,0.01,0.01,75886.29,1776814695000
1776814696.749,196.749,0.77,0.78,0.22,0.23,0.01,0.01,75886.29,1776814695000
1776814697.199,197.199,0.77,0.78,0.22,0.23,0.01,0.01,75886.29,1776814696000
1776814698.413,198.413,0.77,0.78,0.22,0.23,0.01,0.01,75886.29,1776814696000
1776814698.799,198.799,0.77,0.78,0.22,0.23,0.01,0.01,75887.51,1776814697000
1776814699.251,199.251,0.77,0.78,0.22,0.23,0.01,0.01,75887.73,1776814698000
1776814699.598,199.598,0.77,0.78,0.22,0.23,0.01,0.01,75887.73,1776814698000
1776814699.993,199.993,0.77,0.78,0.22,0.23,0.01,0.01,75887.73,1776814698000
1776814700.733,200.733,0.77,0.78,0.22,0.23,0.01,0.01,75887.65,1776814699000
1776814701.26,201.26,0.78,0.79,0.21,0.23,0.01,0.02,75887.65,1776814699000
1776814701.72,201.72,0.78,0.79,0.21,0.22,0.01,0.01,75887.65,1776814699000
1776814702.207,202.207,0.78,0.79,0.21,0.22,0.01,0.01,75887.51,1776814701000
1776814702.554,202.554,0.78,0.8,0.21,0.22,0.02,0.01,75887.51,1776814701000
1776814702.97,202.97,0.79,0.8,0.2,0.22,0.01,0.02,75887.51,1776814701000
1776814703.341,203.341,0.79,0.8,0.2,0.21,0.01,0.01,75887.51,1776814701000
1776814703.762,203.762,0.8,0.81,0.19,0.2,0.01,0.01,75887.45,1776814702000
1776814704.117,204.117,0.8,0.81,0.19,0.2,0.01,0.01,75887.45,1776814702000
1776814704.517,204.517,0.8,0.81,0.19,0.2,0.01,0.01,75887.42,1776814703000
1776814705.1,205.1,0.81,0.82,0.18,0.19,0.01,0.01,75887.42,1776814703000
1776814705.444,205.444,0.82,0.84,0.17,0.18,0.02,0.01,75887.42,1776814703000
1776814706.375,206.375,0.82,0.83,0.17,0.18,0.01,0.01,75890.17,1776814705000
1776814707.232,207.232,0.82,0.83,0.17,0.18,0.01,0.01,75890.53,1776814706000
1776814707.663,207.663,0.82,0.83,0.17,0.18,0.01,0.01,75890.53,1776814706000
1776814708.031,208.031,0.84,0.88,0.12,0.16,0.04,0.04,75892.56,1776814707000
1776814708.46,208.46,0.85,0.86,0.13,0.15,0.01,0.02,75892.56,1776814707000
1776814709.097,209.097,0.85,0.86,0.14,0.15,0.01,0.01,75892.56,1776814707000
1776814709.516,209.516,0.86,0.87,0.13,0.15,0.01,0.02,75892.59,1776814708000
1776814709.997,209.997,0.86,0.87,0.13,0.14,0.01,0.01,75892.59,1776814708000
1776814710.758,210.758,0.86,0.87,0.13,0.14,0.01,0.01,75892.6,1776814709000
1776814711.116,211.116,0.86,0.87,0.13,0.14,0.01,0.01,75892.6,1776814709000
1776814711.451,211.451,0.87,0.88,0.12,0.13,0.01,0.01,75892.6,1776814709000
1776814712.106,212.106,0.87,0.88,0.12,0.13,0.01,0.01,75892.6,1776814710000
1776814712.722,212.722,0.87,0.88,0.12,0.13,0.01,0.01,75892.61,1776814711000
1776814713.234,213.234,0.87,0.88,0.12,0.13,0.01,0.01,75892.61,1776814711000
1776814713.584,213.584,0.87,0.88,0.12,0.13,0.01,0.01,75894.13,1776814712000
1776814714.111,214.111,0.87,0.88,0.12,0.13,0.01,0.01,75894.13,1776814712000
1776814714.488,214.488,0.87,0.88,0.12,0.13,0.01,0.01,75892.64,1776814713000
1776814715.012,215.012,0.88,0.89,0.11,0.12,0.01,0.01,75892.64,1776814713000
1776814715.444,215.444,0.88,0.89,0.11,0.12,0.01,0.01,75892.64,1776814713000
1776814715.816,215.816,0.88,0.89,0.11,0.12,0.01,0.01,75895.39,1776814714000
1776814716.272,216.272,0.88,0.89,0.11,0.12,0.01,0.01,75895.39,1776814714000
1776814716.742,216.742,0.88,0.89,0.11,0.12,0.01,0.01,75896.18,1776814715000
1776814717.258,217.258,0.88,0.89,0.11,0.12,0.01,0.01,75896.18,1776814715000
1776814717.62,217.62,0.88,0.89,0.11,0.12,0.01,0.01,75895.05,1776814716000
1776814718.09,218.09,0.88,0.89,0.11,0.12,0.01,0.01,75895.05,1776814716000
1776814718.503,218.503,0.88,0.89,0.11,0.12,0.01,0.01,75894.25,1776814717000
1776814718.94,218.94,0.88,0.89,0.11,0.12,0.01,0.01,75894.25,1776814717000
1776814719.587,219.587,0.88,0.89,0.11,0.12,0.01,0.01,75893.68,1776814718000
1776814720.054,220.054,0.88,0.89,0.11,0.12,0.01,0.01,75893.68,1776814718000
1776814721.104,221.104,0.89,0.9,0.11,0.12,0.01,0.01,75890.61,1776814719000
1776814721.58,221.58,0.89,0.9,0.1,0.11,0.01,0.01,75890.6,1776814720000
1776814722.007,222.007,0.89,0.9,0.1,0.11,0.01,0.01,75890.6,1776814720000
1776814722.493,222.493,0.89,0.9,0.1,0.11,0.01,0.01,75890.95,1776814721000
1776814723.11,223.11,0.9,0.91,0.09,0.1,0.01,0.01,75890.95,1776814721000
1776814723.524,223.524,0.9,0.91,0.09,0.1,0.01,0.01,75895.04,1776814722000
1776814723.962,223.962,0.9,0.91,0.09,0.1,0.01,0.01,75895.04,1776814722000
1776814724.352,224.352,0.9,0.91,0.09,0.1,0.01,0.01,75895.05,1776814723000
1776814724.9,224.9,0.9,0.91,0.09,0.1,0.01,0.01,75895.9,1776814724000
1776814725.369,225.369,0.89,0.91,0.09,0.1,0.02,0.01,75895.9,1776814724000
1776814725.751,225.751,0.89,0.9,0.09,0.11,0.01,0.02,75895.9,1776814724000
1776814726.117,226.117,0.89,0.9,0.1,0.11,0.01,0.01,75895.07,1776814725000
1776814726.536,226.536,0.92,0.93,0.07,0.08,0.01,0.01,75895.07,1776814725000
1776814726.9,226.9,0.92,0.93,0.07,0.08,0.01,0.01,75896.09,1776814726000
1776814727.356,227.356,0.91,0.93,0.07,0.08,0.02,0.01,75896.09,1776814726000
1776814727.729,227.729,0.91,0.92,0.08,0.09,0.01,0.01,75896.09,1776814726000
1776814728.141,228.141,0.91,0.92,0.08,0.09,0.01,0.01,75895.9,1776814727000
1776814728.674,228.674,0.91,0.93,0.08,0.09,0.02,0.01,75895.9,1776814727000
1776814729.024,229.024,0.91,0.92,0.08,0.09,0.01,0.01,75895.71,1776814728000
1776814729.364,229.364,0.92,0.93,0.08,0.09,0.01,0.01,75895.71,1776814728000
1776814729.723,229.723,0.92,0.93,0.07,0.08,0.01,0.01,75895.71,1776814728000
1776814730.21,230.21,0.92,0.93,0.07,0.08,0.01,0.01,75895.88,1776814729000
1776814731.042,231.042,0.92,0.93,0.07,0.08,0.01,0.01,75895.88,1776814729000
1776814731.541,231.541,0.92,0.93,0.07,0.08,0.01,0.01,75895.88,1776814729000
1776814731.926,231.926,0.91,0.92,0.07,0.1,0.01,0.03,75895.52,1776814730000
1776814732.307,232.307,0.91,0.92,0.08,0.09,0.01,0.01,75896.14,1776814731000
1776814732.678,232.678,0.92,0.93,0.07,0.09,0.01,0.02,75896.14,1776814731000
1776814733.061,233.061,0.93,0.94,0.06,0.07,0.01,0.01,75896.14,1776814731000
1776814733.515,233.515,0.93,0.94,0.06,0.07,0.01,0.01,75896.69,1776814732000
1776814733.859,233.859,0.93,0.94,0.06,0.07,0.01,0.01,75896.69,1776814732000
1776814734.67,234.67,0.93,0.94,0.06,0.07,0.01,0.01,75898.68,1776814733000
1776814735.013,235.013,0.93,0.94,0.06,0.07,0.01,0.01,75898.68,1776814733000
1776814735.419,235.419,0.93,0.94,0.06,0.07,0.01,0.01,75900.05,1776814734000
1776814735.773,235.773,0.93,0.94,0.06,0.07,0.01,0.01,75900.05,1776814734000
1776814736.275,236.275,0.93,0.94,0.06,0.07,0.01,0.01,75900.05,1776814734000
1776814736.656,236.656,0.93,0.94,0.06,0.07,0.01,0.01,75900.05,1776814735000
1776814737.076,237.076,0.93,0.94,0.06,0.07,0.01,0.01,75900.05,1776814735000
1776814737.594,237.594,0.93,0.94,0.06,0.07,0.01,0.01,75900.05,1776814735000
1776814737.945,237.945,0.93,0.94,0.06,0.07,0.01,0.01,75900.05,1776814735000
1776814738.28,238.28,0.93,0.94,0.06,0.07,0.01,0.01,75896.77,1776814737000
1776814738.636,238.636,0.93,0.94,0.06,0.07,0.01,0.01,75896.77,1776814737000
1776814739.002,239.002,0.94,0.95,0.05,0.06,0.01,0.01,75896.77,1776814737000
1776814739.395,239.395,0.94,0.95,0.05,0.06,0.01,0.01,75896.77,1776814737000
1776814739.757,239.757,0.93,0.94,0.06,0.07,0.01,0.01,75896.77,1776814737000
1776814740.324,240.324,0.93,0.94,0.06,0.07,0.01,0.01,75896.72,1776814738000
1776814740.689,240.689,0.93,0.94,0.06,0.07,0.01,0.01,75897.67,1776814739000
1776814741.109,241.109,0.93,0.94,0.06,0.07,0.01,0.01,75897.67,1776814739000
1776814741.473,241.473,0.93,0.94,0.05,0.07,0.01,0.02,75900.03,1776814740000
1776814741.881,241.881,0.93,0.94,0.06,0.07,0.01,0.01,75900.03,1776814740000
1776814742.334,242.334,0.94,0.95,0.05,0.06,0.01,0.01,75900.03,1776814740000
1776814742.687,242.687,0.94,0.95,0.05,0.06,0.01,0.01,75900.03,1776814741000
1776814743.139,243.139,0.94,0.95,0.05,0.06,0.01,0.01,75900.03,1776814742000
1776814743.492,243.492,0.94,0.95,0.05,0.06,0.01,0.01,75900.03,1776814742000
1776814743.976,243.976,0.93,0.94,0.06,0.07,0.01,0.01,75900.03,1776814742000
1776814744.319,244.319,0.93,0.94,0.06,0.07,0.01,0.01,75900.03,1776814742000
1776814744.719,244.719,0.93,0.94,0.06,0.07,0.01,0.01,75900.03,1776814743000
1776814745.06,245.06,0.94,0.95,0.05,0.06,0.01,0.01,75896.59,1776814744000
1776814745.954,245.954,0.94,0.95,0.05,0.06,0.01,0.01,75896.59,1776814744000
1776814746.48,246.48,0.94,0.95,0.05,0.06,0.01,0.01,75896.59,1776814744000
1776814746.887,246.887,0.94,0.95,0.05,0.06,0.01,0.01,75892.45,1776814745000
1776814747.275,247.275,0.94,0.95,0.05,0.06,0.01,0.01,75892.45,1776814746000
1776814747.642,247.642,0.94,0.95,0.05,0.06,0.01,0.01,75892.45,1776814746000
1776814748.486,248.486,0.94,0.95,0.05,0.06,0.01,0.01,75892.45,1776814746000
1776814749.057,249.057,0.94,0.95,0.05,0.06,0.01,0.01,75892.17,1776814747000
1776814749.435,249.435,0.94,0.95,0.05,0.06,0.01,0.01,75892.17,1776814748000
1776814749.998,249.998,0.94,0.95,0.05,0.06,0.01,0.01,75892.17,1776814749000
1776814750.36,250.36,0.94,0.95,0.05,0.06,0.01,0.01,75892.17,1776814749000
1776814751.414,251.414,0.94,0.95,0.05,0.06,0.01,0.01,75892.18,1776814750000
1776814751.748,251.748,0.94,0.95,0.05,0.06,0.01,0.01,75892.18,1776814750000
1776814752.097,252.097,0.94,0.95,0.05,0.06,0.01,0.01,75892.18,1776814750000
1776814752.436,252.436,0.93,0.94,0.06,0.07,0.01,0.01,75892.18,1776814751000
1776814752.815,252.815,0.93,0.94,0.06,0.07,0.01,0.01,75892.18,1776814751000
1776814753.166,253.166,0.93,0.94,0.06,0.07,0.01,0.01,75892.18,1776814751000
1776814753.516,253.516,0.93,0.94,0.06,0.07,0.01,0.01,75892.18,1776814752000
1776814753.861,253.861,0.93,0.94,0.06,0.07,0.01,0.01,75892.18,1776814752000
1776814754.205,254.205,0.93,0.94,0.06,0.07,0.01,0.01,75892.18,1776814753000
1776814754.828,254.828,0.93,0.94,0.06,0.07,0.01,0.01,75892.18,1776814753000
1776814755.372,255.372,0.93,0.94,0.06,0.07,0.01,0.01,75892.18,1776814753000
1776814755.71,255.71,0.93,0.94,0.06,0.07,0.01,0.01,75892.06,1776814754000
1776814756.087,256.087,0.93,0.94,0.06,0.07,0.01,0.01,75892.06,1776814754000
1776814756.5,256.5,0.93,0.94,0.06,0.07,0.01,0.01,75892.06,1776814754000
1776814756.872,256.872,0.93,0.94,0.06,0.07,0.01,0.01,75891.95,1776814755000
1776814757.39,257.39,0.93,0.95,0.06,0.07,0.02,0.01,75891.95,1776814755000
1776814757.965,257.965,0.94,0.95,0.05,0.06,0.01,0.01,75891.95,1776814756000
1776814758.299,258.299,0.94,0.95,0.05,0.06,0.01,0.01,75891.95,1776814757000
1776814758.8,258.8,0.94,0.95,0.05,0.06,0.01,0.01,75891.95,1776814757000
1776814759.194,259.194,0.94,0.95,0.05,0.06,0.01,0.01,75891.95,1776814757000
1776814759.548,259.548,0.94,0.95,0.05,0.06,0.01,0.01,75891.95,1776814758000
1776814759.888,259.888,0.94,0.95,0.05,0.06,0.01,0.01,75891.95,1776814758000
1776814760.319,260.319,0.94,0.95,0.05,0.06,0.01,0.01,75891.95,1776814759000
1776814760.652,260.652,0.96,0.97,0.03,0.04,0.01,0.01,75891.95,1776814759000
1776814760.987,260.987,0.96,0.97,0.03,0.04,0.01,0.01,75891.95,1776814759000
1776814761.324,261.324,0.96,0.97,0.03,0.04,0.01,0.01,75891.91,1776814760000
1776814761.72,261.72,0.96,0.97,0.03,0.04,0.01,0.01,75891.91,1776814760000
1776814762.238,262.238,0.96,0.97,0.03,0.04,0.01,0.01,75902.23,1776814761000
1776814762.649,262.649,0.96,0.97,0.03,0.04,0.01,0.01,75902.23,1776814761000
1776814763.001,263.001,0.96,0.97,0.03,0.04,0.01,0.01,75902.23,1776814761000
1776814763.334,263.334,0.96,0.97,0.03,0.04,0.01,0.01,75902.23,1776814761000
1776814763.688,263.688,0.97,0.98,0.02,0.03,0.01,0.01,75911.53,1776814762000
1776814764.032,264.032,0.97,0.98,0.02,0.03,0.01,0.01,75911.53,1776814762000
1776814764.402,264.402,0.97,0.98,0.02,0.03,0.01,0.01,75912.19,1776814763000
1776814764.807,264.807,0.97,0.98,0.02,0.03,0.01,0.01,75912.19,1776814763000
1776814765.179,265.179,0.97,0.98,0.02,0.03,0.01,0.01,75912.19,1776814763000
1776814765.762,265.762,0.97,0.98,0.02,0.03,0.01,0.01,75912.19,1776814764000
1776814766.134,266.134,0.97,0.98,0.02,0.03,0.01,0.01,75912.19,1776814764000
1776814766.493,266.493,0.97,0.98,0.02,0.03,0.01,0.01,75912.2,1776814765000
1776814766.859,266.859,0.97,0.98,0.02,0.03,0.01,0.01,75912.2,1776814765000
1776814767.258,267.258,0.97,0.98,0.02,0.03,0.01,0.01,75912.21,1776814766000
1776814767.631,267.631,0.97,0.98,0.02,0.03,0.01,0.01,75912.21,1776814766000
1776814768.168,268.168,0.97,0.98,0.02,0.03,0.01,0.01,75912.21,1776814766000
1776814768.645,268.645,0.98,0.99,0.01,0.02,0.01,0.01,75912.21,1776814767000
1776814769.014,269.014,0.98,0.99,0.01,0.02,0.01,0.01,75912.21,1776814767000
1776814769.353,269.353,0.98,0.99,0.01,0.02,0.01,0.01,75912.21,1776814767000
1776814769.88,269.88,0.98,0.99,0.01,0.02,0.01,0.01,75912.2,1776814768000
1776814770.421,270.421,0.98,0.99,0.01,0.02,0.01,0.01,75912.2,1776814769000
1776814770.765,270.765,0.98,0.99,0.01,0.02,0.01,0.01,75912.2,1776814769000
1776814771.307,271.307,0.98,0.99,0.01,0.02,0.01,0.01,75912.2,1776814769000
1776814771.683,271.683,0.98,0.99,0.01,0.02,0.01,0.01,75912.2,1776814770000
1776814772.056,272.056,0.98,0.99,0.01,0.02,0.01,0.01,75912.2,1776814771000
1776814772.433,272.433,0.98,0.99,0.01,0.02,0.01,0.01,75912.2,1776814771000
1776814772.873,272.873,0.98,0.99,0.01,0.02,0.01,0.01,75912.2,1776814771000
1776814773.438,273.438,0.98,0.99,0.01,0.02,0.01,0.01,75912.2,1776814772000
1776814773.967,273.967,0.98,0.99,0.01,0.02,0.01,0.01,75912.2,1776814772000
1776814774.31,274.31,0.98,0.99,0.01,0.02,0.01,0.01,75912.2,1776814772000
1776814774.759,274.759,0.99,0.99,0.01,0.01,0.0,0.0,75916.07,1776814773000
1776814775.138,275.138,0.99,0.99,0.01,0.01,0.0,0.0,75916.43,1776814774000
1776814775.578,275.578,0.99,0.99,0.01,0.01,0.0,0.0,75916.43,1776814774000
1776814776.15,276.15,0.99,0.99,0.01,0.01,0.0,0.0,75916.43,1776814774000
1776814776.668,276.668,0.99,0.99,0.01,0.01,0.0,0.0,75916.54,1776814775000
1776814777.166,277.166,0.99,0.99,0.01,0.01,0.0,0.0,75921.57,1776814776000
1776814777.564,277.564,0.99,0.99,0.01,0.01,0.0,0.0,75921.57,1776814776000
1776814778.03,278.03,0.99,0.99,0.01,0.01,0.0,0.0,75938.2,1776814777000
1776814778.439,278.439,0.99,0.99,0.01,0.01,0.0,0.0,75938.2,1776814777000
1776814778.827,278.827,0.99,0.99,0.01,0.01,0.0,0.0,75938.2,1776814777000
1776814779.188,279.188,0.99,0.99,0.01,0.01,0.0,0.0,75950.28,1776814778000
1776814779.755,279.755,0.99,0.99,0.01,0.01,0.0,0.0,75950.28,1776814778000
1776814780.573,280.573,0.99,0.99,0.01,0.01,0.0,0.0,75951.56,1776814779000
1776814781.108,281.108,0.99,0.99,0.01,0.01,0.0,0.0,75951.97,1776814780000
1776814781.849,281.849,0.99,0.99,0.01,0.01,0.0,0.0,75951.97,1776814780000
1776814782.183,282.183,0.99,0.99,0.01,0.01,0.0,0.0,75952.39,1776814781000
1776814783.241,283.241,0.99,0.99,0.01,0.01,0.0,0.0,75952.39,1776814781000
1776814783.954,283.954,0.99,0.99,0.01,0.01,0.0,0.0,75952.59,1776814782000
1776814784.398,284.398,0.99,0.99,0.01,0.01,0.0,0.0,75952.6,1776814783000
1776814784.934,284.934,0.99,0.99,0.01,0.01,0.0,0.0,75966.05,1776814784000
1776814786.75,286.75,0.99,0.99,0.01,0.01,0.0,0.0,75989.29,1776814785000
1776814787.183,287.183,0.99,0.99,0.01,0.01,0.0,0.0,75989.29,1776814785000
1776814788.094,288.094,0.99,0.99,0.01,0.01,0.0,0.0,75981.5,1776814787000
1776814789.188,289.188,0.99,0.99,0.01,0.01,0.0,0.0,75982.56,1776814788000
1776814790.359,290.359,0.99,0.99,0.01,0.01,0.0,0.0,75984.64,1776814789000
1776814791.234,291.234,0.99,0.99,0.01,0.01,0.0,0.0,75984.84,1776814790000
1776814792.266,292.266,0.99,0.99,0.01,0.01,0.0,0.0,75985.92,1776814791000
1776814793.652,293.652,0.99,0.99,0.01,0.01,0.0,0.0,75985.92,1776814791000
1776814794.035,294.035,0.99,0.99,0.01,0.01,0.0,0.0,75988.26,1776814793000
1776814794.976,294.976,0.99,0.99,0.01,0.01,0.0,0.0,75989.22,1776814794000
1776814795.97,295.97,0.99,0.99,0.01,0.01,0.0,0.0,75989.22,1776814794000
1776814796.978,296.978,0.99,0.99,0.01,0.01,0.0,0.0,75993.75,1776814796000
1776814797.982,297.982,0.99,0.99,0.01,0.01,0.0,0.0,75992.99,1776814797000
1776814798.974,298.974,0.99,0.99,0.01,0.01,0.0,0.0,75992.87,1776814798000
1776814799.586,299.586,0.99,0.99,0.01,0.01,0.0,0.0,75992.87,1776814798000
1776814800.254,300.254,0.99,0.99,0.01,0.01,0.0,0.0,75992.87,1776814799000
1776814801.065,301.065,0.99,0.99,0.01,0.01,0.0,0.0,75992.86,1776814800000

# RESULT,winner=Up,slug=btc-updown-5m-1776814500,ticks=637
