timestamp,elapsed_sec,up_bid,up_ask,down_bid,down_ask,up_spread,down_spread,btc_price,btc_oracle_ts
1776309600.645,0.645,0.46,0.48,0.52,0.54,0.02,0.02,75082.54,1776309599000
1776309601.197,1.197,0.47,0.48,0.52,0.53,0.01,0.01,75082.54,1776309599000
1776309601.553,1.553,0.47,0.48,0.52,0.53,0.01,0.01,75082.54,1776309600000
1776309601.894,1.894,0.49,0.5,0.5,0.51,0.01,0.01,75082.54,1776309600000
1776309602.256,2.256,0.49,0.5,0.5,0.51,0.01,0.01,75082.9,1776309601000
1776309602.618,2.618,0.49,0.51,0.49,0.51,0.02,0.02,75082.9,1776309601000
1776309603.348,3.348,0.5,0.52,0.48,0.5,0.02,0.02,75082.9,1776309601000
1776309603.684,3.684,0.5,0.55,0.45,0.5,0.05,0.05,75088.26,1776309602000
1776309604.29,4.29,0.52,0.54,0.46,0.49,0.02,0.03,75088.26,1776309602000
1776309604.677,4.677,0.56,0.57,0.41,0.45,0.01,0.04,75095.21,1776309603000
1776309605.114,5.114,0.56,0.57,0.43,0.44,0.01,0.01,75095.21,1776309603000
1776309605.453,5.453,0.56,0.57,0.43,0.44,0.01,0.01,75098.9,1776309604000
1776309605.828,5.828,0.56,0.57,0.43,0.44,0.01,0.01,75098.9,1776309604000
1776309606.248,6.248,0.56,0.57,0.43,0.44,0.01,0.01,75098.9,1776309604000
1776309606.598,6.598,0.56,0.57,0.43,0.44,0.01,0.01,75098.9,1776309604000
1776309607.043,7.043,0.56,0.57,0.43,0.44,0.01,0.01,75099.38,1776309605000
1776309607.469,7.469,0.56,0.57,0.43,0.44,0.01,0.01,75099.38,1776309605000
1776309607.807,7.807,0.56,0.57,0.43,0.44,0.01,0.01,75099.38,1776309606000
1776309608.14,8.14,0.56,0.57,0.43,0.44,0.01,0.01,75099.38,1776309606000
1776309608.517,8.517,0.56,0.57,0.43,0.44,0.01,0.01,75099.18,1776309607000
1776309609.037,9.037,0.56,0.57,0.43,0.44,0.01,0.01,75099.18,1776309607000
1776309609.662,9.662,0.56,0.57,0.43,0.44,0.01,0.01,75099.18,1776309607000
1776309610.3,10.3,0.58,0.59,0.41,0.44,0.01,0.03,75099.88,1776309608000
1776309610.695,10.695,0.58,0.59,0.41,0.42,0.01,0.01,75100.03,1776309609000
1776309611.138,11.138,0.58,0.59,0.41,0.42,0.01,0.01,75100.03,1776309609000
1776309611.519,11.519,0.58,0.59,0.41,0.42,0.01,0.01,75100.19,1776309610000
1776309611.944,11.944,0.58,0.59,0.41,0.42,0.01,0.01,75100.19,1776309610000
1776309612.543,12.543,0.58,0.59,0.41,0.42,0.01,0.01,75100.19,1776309610000
1776309612.98,12.98,0.58,0.6,0.41,0.42,0.02,0.01,75100.17,1776309611000
1776309613.37,13.37,0.59,0.6,0.4,0.41,0.01,0.01,75100.17,1776309611000
1776309613.825,13.825,0.59,0.6,0.4,0.41,0.01,0.01,75100.17,1776309612000
1776309614.163,14.163,0.59,0.61,0.4,0.41,0.02,0.01,75100.17,1776309612000
1776309614.508,14.508,0.6,0.61,0.39,0.4,0.01,0.01,75100.05,1776309613000
1776309614.969,14.969,0.61,0.62,0.38,0.4,0.01,0.02,75100.05,1776309613000
1776309615.382,15.382,0.61,0.62,0.38,0.39,0.01,0.01,75100.05,1776309614000
1776309615.731,15.731,0.61,0.62,0.38,0.39,0.01,0.01,75100.05,1776309614000
1776309616.082,16.082,0.6,0.61,0.39,0.4,0.01,0.01,75100.05,1776309614000
1776309616.464,16.464,0.59,0.6,0.39,0.41,0.01,0.02,75100.29,1776309615000
1776309616.887,16.887,0.59,0.6,0.4,0.41,0.01,0.01,75100.29,1776309615000
1776309617.327,17.327,0.59,0.6,0.4,0.41,0.01,0.01,75100.29,1776309615000
1776309617.704,17.704,0.58,0.59,0.4,0.41,0.01,0.01,75100.54,1776309616000
1776309618.105,18.105,0.58,0.59,0.41,0.42,0.01,0.01,75100.54,1776309617000
1776309618.494,18.494,0.58,0.59,0.41,0.42,0.01,0.01,75100.54,1776309617000
1776309618.854,18.854,0.58,0.59,0.41,0.42,0.01,0.01,75100.54,1776309617000
1776309619.268,19.268,0.58,0.59,0.41,0.42,0.01,0.01,75100.13,1776309618000
1776309619.708,19.708,0.58,0.59,0.41,0.42,0.01,0.01,75100.13,1776309618000
1776309620.123,20.123,0.57,0.59,0.41,0.42,0.02,0.01,75100.48,1776309619000
1776309620.742,20.742,0.57,0.58,0.42,0.43,0.01,0.01,75100.48,1776309619000
1776309621.079,21.079,0.57,0.58,0.42,0.43,0.01,0.01,75099.98,1776309620000
1776309621.471,21.471,0.57,0.58,0.42,0.43,0.01,0.01,75099.98,1776309620000
1776309621.871,21.871,0.57,0.58,0.42,0.43,0.01,0.01,75099.98,1776309620000
1776309622.264,22.264,0.57,0.58,0.42,0.43,0.01,0.01,75099.35,1776309621000
1776309622.741,22.741,0.62,0.63,0.37,0.38,0.01,0.01,75099.35,1776309621000
1776309623.306,23.306,0.62,0.63,0.37,0.38,0.01,0.01,75099.36,1776309622000
1776309623.75,23.75,0.62,0.63,0.37,0.38,0.01,0.01,75099.36,1776309622000
1776309624.207,24.207,0.62,0.63,0.37,0.38,0.01,0.01,75099.36,1776309622000
1776309624.563,24.563,0.62,0.63,0.37,0.38,0.01,0.01,75102.04,1776309623000
1776309625.087,25.087,0.62,0.64,0.37,0.38,0.02,0.01,75102.04,1776309623000
1776309625.79,25.79,0.62,0.64,0.36,0.37,0.02,0.01,75104.15,1776309624000
1776309626.257,26.257,0.62,0.63,0.36,0.38,0.01,0.02,75104.39,1776309625000
1776309626.767,26.767,0.62,0.63,0.37,0.38,0.01,0.01,75104.39,1776309625000
1776309627.246,27.246,0.6,0.63,0.37,0.38,0.03,0.01,75105.21,1776309626000
1776309627.738,27.738,0.62,0.63,0.37,0.38,0.01,0.01,75105.21,1776309626000
1776309628.208,28.208,0.62,0.63,0.37,0.38,0.01,0.01,75105.21,1776309626000
1776309628.621,28.621,0.6,0.62,0.38,0.4,0.02,0.02,75105.33,1776309627000
1776309629.029,29.029,0.61,0.62,0.38,0.39,0.01,0.01,75105.33,1776309627000
1776309629.536,29.536,0.59,0.6,0.39,0.41,0.01,0.02,75105.8,1776309628000
1776309630.042,30.042,0.59,0.6,0.4,0.41,0.01,0.01,75105.8,1776309628000
1776309630.409,30.409,0.59,0.6,0.4,0.41,0.01,0.01,75106.41,1776309629000
1776309630.904,30.904,0.59,0.6,0.4,0.41,0.01,0.01,75106.41,1776309629000
1776309631.252,31.252,0.59,0.6,0.4,0.41,0.01,0.01,75106.41,1776309629000
1776309631.691,31.691,0.59,0.6,0.4,0.41,0.01,0.01,75105.96,1776309630000
1776309632.156,32.156,0.58,0.59,0.41,0.42,0.01,0.01,75105.96,1776309630000
1776309632.69,32.69,0.58,0.59,0.41,0.42,0.01,0.01,75105.59,1776309631000
1776309633.114,33.114,0.54,0.56,0.44,0.46,0.02,0.02,75105.59,1776309631000
1776309633.589,33.589,0.54,0.55,0.45,0.46,0.01,0.01,75105.44,1776309632000
1776309633.959,33.959,0.54,0.55,0.45,0.46,0.01,0.01,75105.44,1776309632000
1776309634.309,34.309,0.54,0.55,0.45,0.46,0.01,0.01,75101.98,1776309633000
1776309634.684,34.684,0.54,0.55,0.45,0.46,0.01,0.01,75101.98,1776309633000
1776309635.017,35.017,0.54,0.55,0.45,0.46,0.01,0.01,75101.98,1776309633000
1776309635.355,35.355,0.53,0.55,0.45,0.47,0.02,0.02,75098.85,1776309634000
1776309635.727,35.727,0.5,0.52,0.48,0.49,0.02,0.01,75098.85,1776309634000
1776309636.218,36.218,0.5,0.51,0.49,0.5,0.01,0.01,75098.85,1776309634000
1776309636.835,36.835,0.49,0.5,0.5,0.51,0.01,0.01,75097.63,1776309635000
1776309637.183,37.183,0.48,0.49,0.51,0.52,0.01,0.01,75097.63,1776309635000
1776309637.622,37.622,0.47,0.48,0.51,0.53,0.01,0.02,75092.79,1776309636000
1776309637.996,37.996,0.46,0.47,0.53,0.54,0.01,0.01,75092.79,1776309636000
1776309638.464,38.464,0.46,0.47,0.53,0.54,0.01,0.01,75090.84,1776309637000
1776309638.827,38.827,0.46,0.47,0.53,0.54,0.01,0.01,75090.84,1776309637000
1776309639.231,39.231,0.46,0.47,0.53,0.54,0.01,0.01,75083.95,1776309638000
1776309639.571,39.571,0.46,0.47,0.53,0.54,0.01,0.01,75083.95,1776309638000
1776309640.094,40.094,0.46,0.47,0.53,0.54,0.01,0.01,75083.95,1776309638000
1776309640.657,40.657,0.46,0.47,0.53,0.54,0.01,0.01,75082.85,1776309639000
1776309641.013,41.013,0.46,0.47,0.53,0.54,0.01,0.01,75082.85,1776309639000
1776309641.383,41.383,0.46,0.48,0.53,0.54,0.02,0.01,75082.85,1776309639000
1776309641.818,41.818,0.46,0.47,0.53,0.54,0.01,0.01,75082.85,1776309639000
1776309642.214,42.214,0.46,0.47,0.53,0.54,0.01,0.01,75081.6,1776309640000
1776309642.966,42.966,0.46,0.47,0.53,0.54,0.01,0.01,75082.11,1776309641000
1776309643.352,43.352,0.46,0.47,0.53,0.54,0.01,0.01,75082.11,1776309641000
1776309643.753,43.753,0.46,0.47,0.53,0.54,0.01,0.01,75082.11,1776309641000
1776309644.223,44.223,0.46,0.47,0.53,0.54,0.01,0.01,75082.11,1776309642000
1776309644.625,44.625,0.46,0.47,0.53,0.54,0.01,0.01,75082.11,1776309643000
1776309645.032,45.032,0.46,0.47,0.53,0.54,0.01,0.01,75082.11,1776309644000
1776309645.678,45.678,0.46,0.47,0.53,0.54,0.01,0.01,75082.11,1776309644000
1776309646.335,46.335,0.46,0.47,0.53,0.54,0.01,0.01,75082.11,1776309644000
1776309646.719,46.719,0.43,0.45,0.54,0.56,0.02,0.02,75081.97,1776309645000
1776309647.068,47.068,0.43,0.44,0.56,0.57,0.01,0.01,75081.97,1776309645000
1776309647.475,47.475,0.42,0.43,0.57,0.58,0.01,0.01,75081.83,1776309646000
1776309647.921,47.921,0.41,0.42,0.58,0.59,0.01,0.01,75081.83,1776309646000
1776309648.356,48.356,0.41,0.42,0.58,0.59,0.01,0.01,75081.83,1776309646000
1776309648.779,48.779,0.41,0.42,0.58,0.59,0.01,0.01,75074.78,1776309647000
1776309649.181,49.181,0.41,0.42,0.58,0.59,0.01,0.01,75074.22,1776309648000
1776309649.515,49.515,0.41,0.42,0.58,0.59,0.01,0.01,75074.22,1776309648000
1776309650.141,50.141,0.41,0.42,0.58,0.59,0.01,0.01,75074.22,1776309648000
1776309650.475,50.475,0.41,0.42,0.58,0.59,0.01,0.01,75074.23,1776309649000
1776309650.874,50.874,0.41,0.42,0.58,0.59,0.01,0.01,75074.23,1776309649000
1776309651.328,51.328,0.41,0.43,0.57,0.59,0.02,0.02,75074.33,1776309650000
1776309651.807,51.807,0.42,0.43,0.57,0.58,0.01,0.01,75074.33,1776309650000
1776309652.342,52.342,0.42,0.43,0.57,0.58,0.01,0.01,75074.22,1776309651000
1776309652.76,52.76,0.42,0.43,0.57,0.58,0.01,0.01,75074.22,1776309651000
1776309653.113,53.113,0.42,0.43,0.57,0.58,0.01,0.01,75074.2,1776309652000
1776309653.521,53.521,0.42,0.43,0.57,0.58,0.01,0.01,75074.2,1776309652000
1776309654.085,54.085,0.42,0.43,0.57,0.58,0.01,0.01,75074.2,1776309652000
1776309654.533,54.533,0.42,0.43,0.57,0.58,0.01,0.01,75074.24,1776309653000
1776309654.939,54.939,0.41,0.42,0.57,0.59,0.01,0.02,75074.24,1776309653000
1776309655.366,55.366,0.41,0.42,0.58,0.59,0.01,0.01,75074.47,1776309654000
1776309655.747,55.747,0.41,0.42,0.58,0.59,0.01,0.01,75074.47,1776309654000
1776309656.265,56.265,0.41,0.42,0.58,0.59,0.01,0.01,75074.47,1776309655000
1776309656.627,56.627,0.41,0.42,0.58,0.59,0.01,0.01,75074.47,1776309655000
1776309657.081,57.081,0.41,0.42,0.58,0.59,0.01,0.01,75074.47,1776309655000
1776309657.693,57.693,0.41,0.42,0.58,0.59,0.01,0.01,75072.23,1776309656000
1776309658.143,58.143,0.41,0.42,0.58,0.59,0.01,0.01,75072.23,1776309656000
1776309658.567,58.567,0.41,0.42,0.58,0.59,0.01,0.01,75070.82,1776309657000
1776309658.925,58.925,0.41,0.42,0.58,0.59,0.01,0.01,75070.82,1776309657000
1776309659.353,59.353,0.41,0.42,0.58,0.59,0.01,0.01,75070.82,1776309657000
1776309659.737,59.737,0.41,0.42,0.58,0.59,0.01,0.01,75070.82,1776309657000
1776309660.256,60.256,0.41,0.42,0.58,0.59,0.01,0.01,75070.41,1776309658000
1776309660.604,60.604,0.4,0.41,0.58,0.6,0.01,0.02,75070.95,1776309659000
1776309660.97,60.97,0.4,0.41,0.59,0.6,0.01,0.01,75070.95,1776309659000
1776309661.355,61.355,0.38,0.39,0.59,0.61,0.01,0.02,75070.95,1776309659000
1776309661.702,61.702,0.34,0.35,0.63,0.66,0.01,0.03,75071.38,1776309660000
1776309662.086,62.086,0.34,0.35,0.65,0.66,0.01,0.01,75071.38,1776309660000
1776309662.466,62.466,0.34,0.35,0.65,0.66,0.01,0.01,75071.24,1776309661000
1776309662.85,62.85,0.33,0.34,0.65,0.67,0.01,0.02,75071.24,1776309661000
1776309663.477,63.477,0.32,0.33,0.66,0.67,0.01,0.01,75071.24,1776309661000
1776309663.935,63.935,0.32,0.33,0.67,0.68,0.01,0.01,75061.56,1776309662000
1776309664.281,64.281,0.32,0.33,0.67,0.68,0.01,0.01,75062.65,1776309663000
1776309664.92,64.92,0.32,0.33,0.67,0.68,0.01,0.01,75062.65,1776309663000
1776309665.31,65.31,0.32,0.33,0.67,0.68,0.01,0.01,75062.65,1776309663000
1776309665.661,65.661,0.35,0.37,0.63,0.65,0.02,0.02,75062.61,1776309664000
1776309666.08,66.08,0.37,0.38,0.62,0.64,0.01,0.02,75062.61,1776309664000
1776309666.417,66.417,0.37,0.38,0.62,0.63,0.01,0.01,75062.61,1776309664000
1776309666.767,66.767,0.37,0.38,0.62,0.63,0.01,0.01,75062.59,1776309665000
1776309667.301,67.301,0.37,0.39,0.62,0.63,0.02,0.01,75062.59,1776309665000
1776309667.873,67.873,0.38,0.39,0.61,0.63,0.01,0.02,75062.59,1776309665000
1776309668.291,68.291,0.38,0.39,0.61,0.62,0.01,0.01,75068.45,1776309666000
1776309668.689,68.689,0.38,0.39,0.61,0.62,0.01,0.01,75070.66,1776309667000
1776309669.032,69.032,0.4,0.41,0.59,0.62,0.01,0.03,75070.66,1776309667000
1776309669.723,69.723,0.4,0.41,0.59,0.6,0.01,0.01,75070.94,1776309668000
1776309670.355,70.355,0.4,0.41,0.59,0.6,0.01,0.01,75070.94,1776309668000
1776309670.873,70.873,0.4,0.41,0.59,0.6,0.01,0.01,75072.0,1776309669000
1776309671.302,71.302,0.4,0.41,0.59,0.6,0.01,0.01,75073.83,1776309670000
1776309671.911,71.911,0.4,0.41,0.59,0.6,0.01,0.01,75073.83,1776309670000
1776309672.254,72.254,0.4,0.41,0.59,0.6,0.01,0.01,75073.83,1776309671000
1776309672.591,72.591,0.4,0.41,0.59,0.6,0.01,0.01,75073.83,1776309671000
1776309673.436,73.436,0.4,0.42,0.58,0.6,0.02,0.02,75073.76,1776309672000
1776309673.915,73.915,0.41,0.42,0.58,0.59,0.01,0.01,75073.76,1776309672000
1776309674.384,74.384,0.41,0.42,0.58,0.59,0.01,0.01,75073.65,1776309673000
1776309675.258,75.258,0.41,0.42,0.58,0.59,0.01,0.01,75073.87,1776309674000
1776309675.685,75.685,0.41,0.42,0.58,0.59,0.01,0.01,75073.87,1776309674000
1776309676.781,76.781,0.41,0.42,0.58,0.59,0.01,0.01,75073.87,1776309674000
1776309677.539,77.539,0.41,0.42,0.58,0.59,0.01,0.01,75074.72,1776309676000
1776309678.112,78.112,0.41,0.42,0.58,0.59,0.01,0.01,75075.19,1776309677000
1776309678.614,78.614,0.41,0.42,0.58,0.59,0.01,0.01,75075.19,1776309677000
1776309679.04,79.04,0.41,0.42,0.58,0.59,0.01,0.01,75075.19,1776309677000
1776309679.394,79.394,0.41,0.42,0.58,0.59,0.01,0.01,75075.19,1776309678000
1776309679.877,79.877,0.41,0.42,0.58,0.59,0.01,0.01,75075.19,1776309678000
1776309680.802,80.802,0.41,0.42,0.58,0.59,0.01,0.01,75075.37,1776309679000
1776309681.337,81.337,0.41,0.43,0.58,0.59,0.02,0.01,75075.43,1776309680000
1776309681.874,81.874,0.42,0.43,0.58,0.59,0.01,0.01,75075.43,1776309680000
1776309682.262,82.262,0.42,0.43,0.57,0.58,0.01,0.01,75074.4,1776309681000
1776309682.642,82.642,0.42,0.43,0.57,0.58,0.01,0.01,75074.4,1776309681000
1776309683.293,83.293,0.42,0.43,0.57,0.58,0.01,0.01,75074.4,1776309681000
1776309683.93,83.93,0.41,0.43,0.57,0.58,0.02,0.01,75074.31,1776309682000
1776309684.734,84.734,0.41,0.42,0.58,0.59,0.01,0.01,75074.34,1776309683000
1776309685.094,85.094,0.41,0.42,0.58,0.59,0.01,0.01,75075.15,1776309684000
1776309685.737,85.737,0.41,0.42,0.58,0.59,0.01,0.01,75075.15,1776309684000
1776309686.308,86.308,0.41,0.42,0.58,0.59,0.01,0.01,75074.48,1776309685000
1776309686.838,86.838,0.41,0.42,0.58,0.59,0.01,0.01,75074.5,1776309686000
1776309687.619,87.619,0.41,0.42,0.58,0.59,0.01,0.01,75074.5,1776309686000
1776309688.109,88.109,0.41,0.42,0.58,0.59,0.01,0.01,75074.5,1776309687000
1776309688.681,88.681,0.41,0.42,0.58,0.59,0.01,0.01,75074.5,1776309687000
1776309689.048,89.048,0.41,0.43,0.57,0.59,0.02,0.02,75074.5,1776309687000
1776309689.825,89.825,0.42,0.43,0.57,0.58,0.01,0.01,75072.95,1776309688000
1776309690.614,90.614,0.42,0.43,0.57,0.58,0.01,0.01,75074.24,1776309689000
1776309691.047,91.047,0.42,0.43,0.57,0.58,0.01,0.01,75074.57,1776309690000
1776309691.502,91.502,0.42,0.43,0.57,0.58,0.01,0.01,75074.57,1776309690000
1776309691.906,91.906,0.42,0.43,0.57,0.58,0.01,0.01,75074.57,1776309690000
1776309692.848,92.848,0.42,0.43,0.57,0.58,0.01,0.01,75074.79,1776309691000
1776309693.257,93.257,0.42,0.43,0.57,0.58,0.01,0.01,75075.49,1776309692000
1776309693.761,93.761,0.37,0.38,0.62,0.63,0.01,0.01,75075.49,1776309692000
1776309694.119,94.119,0.36,0.38,0.62,0.64,0.02,0.02,75075.17,1776309693000
1776309694.506,94.506,0.35,0.36,0.64,0.65,0.01,0.01,75075.17,1776309693000
1776309694.845,94.845,0.35,0.36,0.64,0.65,0.01,0.01,75075.17,1776309693000
1776309695.237,95.237,0.35,0.36,0.64,0.65,0.01,0.01,75069.85,1776309694000
1776309695.852,95.852,0.35,0.36,0.64,0.65,0.01,0.01,75069.85,1776309694000
1776309696.195,96.195,0.35,0.36,0.64,0.65,0.01,0.01,75064.26,1776309695000
1776309696.725,96.725,0.34,0.36,0.64,0.65,0.02,0.01,75064.26,1776309695000
1776309697.213,97.213,0.33,0.34,0.66,0.67,0.01,0.01,75062.91,1776309696000
1776309697.685,97.685,0.33,0.34,0.66,0.67,0.01,0.01,75062.91,1776309696000
1776309698.084,98.084,0.32,0.33,0.66,0.67,0.01,0.01,75062.91,1776309696000
1776309698.419,98.419,0.31,0.33,0.67,0.69,0.02,0.02,75062.87,1776309697000
1776309698.792,98.792,0.3,0.31,0.69,0.7,0.01,0.01,75062.87,1776309697000
1776309699.173,99.173,0.29,0.3,0.69,0.7,0.01,0.01,75062.87,1776309697000
1776309699.716,99.716,0.27,0.29,0.7,0.71,0.02,0.01,75062.78,1776309698000
1776309700.064,100.064,0.22,0.25,0.73,0.76,0.03,0.03,75062.78,1776309698000
1776309700.408,100.408,0.22,0.23,0.77,0.78,0.01,0.01,75054.45,1776309699000
1776309700.809,100.809,0.22,0.23,0.77,0.78,0.01,0.01,75054.45,1776309699000
1776309701.178,101.178,0.22,0.23,0.77,0.78,0.01,0.01,75052.11,1776309700000
1776309701.724,101.724,0.21,0.22,0.78,0.79,0.01,0.01,75052.11,1776309700000
1776309702.061,102.061,0.2,0.21,0.79,0.8,0.01,0.01,75041.71,1776309701000
1776309702.405,102.405,0.19,0.21,0.79,0.8,0.02,0.01,75041.71,1776309701000
1776309702.769,102.769,0.19,0.2,0.8,0.82,0.01,0.02,75041.71,1776309701000
1776309703.116,103.116,0.18,0.19,0.81,0.82,0.01,0.01,75036.28,1776309702000
1776309703.508,103.508,0.18,0.19,0.81,0.82,0.01,0.01,75036.28,1776309702000
1776309703.845,103.845,0.18,0.19,0.81,0.82,0.01,0.01,75036.28,1776309702000
1776309704.245,104.245,0.18,0.19,0.81,0.82,0.01,0.01,75033.39,1776309703000
1776309704.694,104.694,0.18,0.19,0.81,0.82,0.01,0.01,75033.39,1776309703000
1776309705.038,105.038,0.18,0.19,0.81,0.82,0.01,0.01,75031.64,1776309704000
1776309705.469,105.469,0.18,0.19,0.81,0.82,0.01,0.01,75031.64,1776309704000
1776309705.952,105.952,0.16,0.17,0.83,0.84,0.01,0.01,75033.29,1776309705000
1776309706.515,106.515,0.16,0.17,0.83,0.84,0.01,0.01,75033.29,1776309705000
1776309706.894,106.894,0.16,0.17,0.83,0.85,0.01,0.02,75033.29,1776309705000
1776309707.284,107.284,0.15,0.16,0.83,0.85,0.01,0.02,75030.42,1776309706000
1776309707.835,107.835,0.15,0.16,0.84,0.85,0.01,0.01,75030.42,1776309706000
1776309708.349,108.349,0.15,0.16,0.84,0.85,0.01,0.01,75030.18,1776309707000
1776309708.851,108.851,0.15,0.16,0.84,0.85,0.01,0.01,75027.38,1776309708000
1776309709.435,109.435,0.15,0.16,0.84,0.85,0.01,0.01,75027.38,1776309708000
1776309710.04,110.04,0.15,0.16,0.84,0.85,0.01,0.01,75027.38,1776309708000
1776309710.4,110.4,0.15,0.16,0.84,0.85,0.01,0.01,75027.39,1776309709000
1776309710.861,110.861,0.15,0.16,0.84,0.85,0.01,0.01,75027.39,1776309709000
1776309711.376,111.376,0.15,0.16,0.84,0.85,0.01,0.01,75026.27,1776309710000
1776309711.964,111.964,0.14,0.15,0.85,0.86,0.01,0.01,75026.27,1776309710000
1776309712.322,112.322,0.14,0.15,0.85,0.86,0.01,0.01,75026.91,1776309711000
1776309712.893,112.893,0.14,0.15,0.85,0.86,0.01,0.01,75026.91,1776309711000
1776309713.295,113.295,0.19,0.21,0.8,0.81,0.02,0.01,75026.91,1776309711000
1776309713.659,113.659,0.2,0.21,0.79,0.8,0.01,0.01,75028.14,1776309712000
1776309714.042,114.042,0.21,0.22,0.78,0.79,0.01,0.01,75028.14,1776309712000
1776309714.476,114.476,0.22,0.23,0.77,0.78,0.01,0.01,75030.47,1776309713000
1776309714.9,114.9,0.22,0.23,0.77,0.78,0.01,0.01,75034.8,1776309714000
1776309715.339,115.339,0.22,0.23,0.77,0.78,0.01,0.01,75034.8,1776309714000
1776309715.714,115.714,0.22,0.23,0.77,0.78,0.01,0.01,75034.8,1776309714000
1776309716.075,116.075,0.23,0.24,0.76,0.77,0.01,0.01,75040.26,1776309715000
1776309716.502,116.502,0.23,0.24,0.76,0.77,0.01,0.01,75040.26,1776309715000
1776309717.201,117.201,0.23,0.24,0.76,0.77,0.01,0.01,75040.26,1776309715000
1776309717.582,117.582,0.23,0.24,0.76,0.77,0.01,0.01,75040.26,1776309715000
1776309718.299,118.299,0.23,0.24,0.76,0.77,0.01,0.01,75041.91,1776309716000
1776309718.868,118.868,0.23,0.24,0.76,0.77,0.01,0.01,75042.29,1776309717000
1776309719.548,119.548,0.23,0.24,0.76,0.77,0.01,0.01,75042.57,1776309718000
1776309719.896,119.896,0.23,0.24,0.76,0.77,0.01,0.01,75042.58,1776309719000
1776309720.467,120.467,0.23,0.24,0.76,0.77,0.01,0.01,75042.58,1776309719000
1776309720.827,120.827,0.23,0.24,0.76,0.77,0.01,0.01,75042.58,1776309719000
1776309721.166,121.166,0.17,0.2,0.8,0.81,0.03,0.01,75042.98,1776309720000
1776309721.607,121.607,0.18,0.19,0.81,0.83,0.01,0.02,75042.98,1776309720000
1776309722.036,122.036,0.17,0.18,0.82,0.83,0.01,0.01,75042.98,1776309720000
1776309722.379,122.379,0.17,0.18,0.82,0.83,0.01,0.01,75043.13,1776309721000
1776309722.79,122.79,0.17,0.18,0.82,0.83,0.01,0.01,75043.13,1776309721000
1776309723.137,123.137,0.17,0.18,0.82,0.83,0.01,0.01,75030.89,1776309722000
1776309723.604,123.604,0.17,0.18,0.82,0.83,0.01,0.01,75030.89,1776309722000
1776309723.961,123.961,0.17,0.18,0.82,0.83,0.01,0.01,75030.89,1776309722000
1776309724.314,124.314,0.22,0.23,0.78,0.81,0.01,0.03,75029.12,1776309723000
1776309724.654,124.654,0.22,0.23,0.77,0.78,0.01,0.01,75029.12,1776309723000
1776309725.046,125.046,0.23,0.24,0.76,0.77,0.01,0.01,75029.12,1776309723000
1776309725.609,125.609,0.23,0.24,0.76,0.77,0.01,0.01,75030.4,1776309724000
1776309726.124,126.124,0.23,0.24,0.76,0.77,0.01,0.01,75030.4,1776309724000
1776309726.466,126.466,0.23,0.25,0.74,0.77,0.02,0.03,75039.67,1776309725000
1776309726.865,126.865,0.25,0.26,0.74,0.75,0.01,0.01,75039.67,1776309725000
1776309727.243,127.243,0.25,0.26,0.74,0.75,0.01,0.01,75043.04,1776309726000
1776309727.651,127.651,0.25,0.26,0.74,0.75,0.01,0.01,75043.04,1776309726000
1776309728.269,128.269,0.25,0.26,0.74,0.75,0.01,0.01,75043.04,1776309726000
1776309728.691,128.691,0.25,0.26,0.74,0.75,0.01,0.01,75046.3,1776309727000
1776309729.249,129.249,0.25,0.26,0.74,0.75,0.01,0.01,75045.8,1776309728000
1776309729.838,129.838,0.25,0.26,0.74,0.75,0.01,0.01,75045.8,1776309728000
1776309730.197,130.197,0.25,0.26,0.74,0.75,0.01,0.01,75045.99,1776309729000
1776309730.676,130.676,0.25,0.26,0.74,0.75,0.01,0.01,75045.99,1776309729000
1776309731.036,131.036,0.24,0.26,0.74,0.75,0.02,0.01,75045.99,1776309729000
1776309731.38,131.38,0.22,0.25,0.75,0.78,0.03,0.03,75046.07,1776309730000
1776309732.002,132.002,0.23,0.24,0.76,0.78,0.01,0.02,75046.07,1776309730000
1776309732.409,132.409,0.2,0.21,0.79,0.8,0.01,0.01,75046.23,1776309731000
1776309733.169,133.169,0.2,0.21,0.79,0.8,0.01,0.01,75046.23,1776309731000
1776309733.557,133.557,0.2,0.21,0.79,0.8,0.01,0.01,75036.9,1776309732000
1776309733.903,133.903,0.18,0.2,0.8,0.82,0.02,0.02,75036.9,1776309732000
1776309734.279,134.279,0.18,0.19,0.81,0.83,0.01,0.02,75036.9,1776309732000
1776309734.717,134.717,0.18,0.19,0.81,0.82,0.01,0.01,75031.87,1776309733000
1776309735.07,135.07,0.17,0.18,0.82,0.83,0.01,0.01,75031.87,1776309734000
1776309735.405,135.405,0.17,0.18,0.82,0.83,0.01,0.01,75031.87,1776309734000
1776309735.756,135.756,0.17,0.18,0.82,0.83,0.01,0.01,75031.87,1776309734000
1776309736.099,136.099,0.17,0.18,0.82,0.83,0.01,0.01,75031.87,1776309734000
1776309736.508,136.508,0.17,0.18,0.82,0.83,0.01,0.01,75030.25,1776309735000
1776309736.909,136.909,0.17,0.18,0.82,0.83,0.01,0.01,75030.25,1776309735000
1776309737.256,137.256,0.17,0.18,0.82,0.83,0.01,0.01,75029.85,1776309736000
1776309737.712,137.712,0.17,0.18,0.82,0.83,0.01,0.01,75029.85,1776309736000
1776309738.332,138.332,0.17,0.18,0.82,0.83,0.01,0.01,75030.03,1776309737000
1776309738.755,138.755,0.17,0.18,0.82,0.83,0.01,0.01,75030.03,1776309737000
1776309739.312,139.312,0.17,0.18,0.82,0.83,0.01,0.01,75029.98,1776309738000
1776309739.834,139.834,0.17,0.18,0.82,0.83,0.01,0.01,75029.98,1776309738000
1776309740.243,140.243,0.17,0.18,0.82,0.83,0.01,0.01,75030.8,1776309739000
1776309740.683,140.683,0.17,0.18,0.82,0.83,0.01,0.01,75030.8,1776309739000
1776309741.338,141.338,0.17,0.18,0.82,0.83,0.01,0.01,75030.94,1776309740000
1776309741.821,141.821,0.17,0.18,0.82,0.83,0.01,0.01,75030.94,1776309740000
1776309742.19,142.19,0.17,0.18,0.82,0.83,0.01,0.01,75030.28,1776309741000
1776309742.951,142.951,0.17,0.18,0.82,0.83,0.01,0.01,75030.28,1776309741000
1776309743.296,143.296,0.17,0.18,0.82,0.83,0.01,0.01,75030.53,1776309742000
1776309743.636,143.636,0.17,0.18,0.82,0.83,0.01,0.01,75030.53,1776309742000
1776309744.404,144.404,0.17,0.18,0.82,0.83,0.01,0.01,75030.5,1776309743000
1776309744.782,144.782,0.17,0.18,0.82,0.83,0.01,0.01,75030.5,1776309743000
1776309745.192,145.192,0.17,0.18,0.82,0.83,0.01,0.01,75030.5,1776309743000
1776309745.962,145.962,0.16,0.17,0.82,0.84,0.01,0.02,75030.11,1776309744000
1776309746.386,146.386,0.16,0.17,0.83,0.84,0.01,0.01,75028.26,1776309745000
1776309747.023,147.023,0.16,0.17,0.83,0.84,0.01,0.01,75027.99,1776309746000
1776309747.588,147.588,0.16,0.17,0.83,0.84,0.01,0.01,75027.99,1776309746000
1776309747.927,147.927,0.16,0.17,0.83,0.84,0.01,0.01,75027.99,1776309746000
1776309748.469,148.469,0.16,0.17,0.83,0.84,0.01,0.01,75027.59,1776309747000
1776309748.995,148.995,0.16,0.17,0.83,0.84,0.01,0.01,75027.59,1776309747000
1776309749.732,149.732,0.16,0.17,0.83,0.84,0.01,0.01,75027.48,1776309748000
1776309750.295,150.295,0.16,0.17,0.83,0.84,0.01,0.01,75027.03,1776309749000
1776309750.825,150.825,0.16,0.17,0.83,0.84,0.01,0.01,75027.03,1776309749000
1776309751.606,151.606,0.16,0.17,0.83,0.84,0.01,0.01,75027.59,1776309750000
1776309751.995,151.995,0.16,0.17,0.83,0.84,0.01,0.01,75027.59,1776309750000
1776309752.362,152.362,0.16,0.17,0.83,0.84,0.01,0.01,75028.24,1776309751000
1776309752.723,152.723,0.15,0.16,0.83,0.84,0.01,0.01,75028.24,1776309751000
1776309753.106,153.106,0.15,0.16,0.84,0.85,0.01,0.01,75028.24,1776309752000
1776309753.554,153.554,0.15,0.16,0.84,0.85,0.01,0.01,75028.24,1776309752000
1776309754.053,154.053,0.15,0.16,0.84,0.85,0.01,0.01,75028.26,1776309753000
1776309754.46,154.46,0.15,0.16,0.84,0.85,0.01,0.01,75028.26,1776309753000
1776309754.949,154.949,0.15,0.16,0.84,0.85,0.01,0.01,75028.26,1776309753000
1776309755.347,155.347,0.19,0.2,0.8,0.81,0.01,0.01,75028.5,1776309754000
1776309756.013,156.013,0.19,0.2,0.8,0.81,0.01,0.01,75028.5,1776309754000
1776309756.353,156.353,0.19,0.2,0.8,0.81,0.01,0.01,75029.98,1776309755000
1776309756.957,156.957,0.19,0.2,0.8,0.81,0.01,0.01,75029.98,1776309755000
1776309757.323,157.323,0.19,0.2,0.8,0.81,0.01,0.01,75036.06,1776309756000
1776309758.296,158.296,0.19,0.2,0.8,0.81,0.01,0.01,75036.06,1776309756000
1776309758.694,158.694,0.19,0.2,0.8,0.81,0.01,0.01,75036.06,1776309756000
1776309759.157,159.157,0.19,0.2,0.8,0.81,0.01,0.01,75037.23,1776309757000
1776309759.682,159.682,0.18,0.19,0.8,0.81,0.01,0.01,75037.23,1776309757000
1776309760.124,160.124,0.18,0.19,0.81,0.82,0.01,0.01,75037.41,1776309758000
1776309760.495,160.495,0.18,0.19,0.81,0.82,0.01,0.01,75037.73,1776309759000
1776309760.866,160.866,0.18,0.19,0.81,0.82,0.01,0.01,75037.73,1776309759000
1776309761.255,161.255,0.18,0.19,0.81,0.82,0.01,0.01,75037.73,1776309759000
1776309761.617,161.617,0.18,0.19,0.81,0.82,0.01,0.01,75037.19,1776309760000
1776309762.166,162.166,0.18,0.19,0.81,0.82,0.01,0.01,75037.16,1776309761000
1776309762.803,162.803,0.18,0.19,0.81,0.82,0.01,0.01,75037.16,1776309761000
1776309763.255,163.255,0.18,0.19,0.81,0.82,0.01,0.01,75037.16,1776309761000
1776309763.958,163.958,0.18,0.19,0.81,0.82,0.01,0.01,75036.89,1776309762000
1776309764.658,164.658,0.18,0.19,0.81,0.82,0.01,0.01,75036.89,1776309763000
1776309765.162,165.162,0.18,0.19,0.81,0.82,0.01,0.01,75037.01,1776309764000
1776309766.177,166.177,0.18,0.19,0.81,0.82,0.01,0.01,75036.97,1776309765000
1776309766.578,166.578,0.17,0.18,0.81,0.82,0.01,0.01,75036.97,1776309765000
1776309766.931,166.931,0.17,0.18,0.82,0.83,0.01,0.01,75036.97,1776309765000
1776309767.283,167.283,0.17,0.18,0.82,0.83,0.01,0.01,75036.96,1776309766000
1776309767.622,167.622,0.17,0.18,0.82,0.83,0.01,0.01,75036.96,1776309766000
1776309768.448,168.448,0.17,0.18,0.82,0.83,0.01,0.01,75036.96,1776309767000
1776309768.815,168.815,0.15,0.16,0.84,0.85,0.01,0.01,75036.96,1776309767000
1776309769.909,169.909,0.15,0.16,0.84,0.85,0.01,0.01,75036.96,1776309768000
1776309770.279,170.279,0.15,0.16,0.84,0.85,0.01,0.01,75035.5,1776309769000
1776309770.642,170.642,0.15,0.16,0.84,0.85,0.01,0.01,75035.5,1776309769000
1776309770.986,170.986,0.15,0.16,0.84,0.85,0.01,0.01,75035.5,1776309769000
1776309771.662,171.662,0.14,0.15,0.84,0.85,0.01,0.01,75035.14,1776309770000
1776309772.456,172.456,0.14,0.15,0.85,0.86,0.01,0.01,75034.93,1776309771000
1776309772.929,172.929,0.13,0.14,0.86,0.87,0.01,0.01,75034.93,1776309771000
1776309773.339,173.339,0.13,0.14,0.86,0.87,0.01,0.01,75034.93,1776309772000
1776309774.017,174.017,0.13,0.14,0.86,0.87,0.01,0.01,75034.93,1776309772000
1776309774.54,174.54,0.13,0.14,0.86,0.87,0.01,0.01,75033.46,1776309773000
1776309774.886,174.886,0.13,0.15,0.86,0.87,0.02,0.01,75033.46,1776309773000
1776309775.273,175.273,0.13,0.15,0.85,0.87,0.02,0.02,75033.74,1776309774000
1776309776.427,176.427,0.14,0.15,0.85,0.86,0.01,0.01,75034.17,1776309775000
1776309777.096,177.096,0.14,0.15,0.85,0.86,0.01,0.01,75034.17,1776309776000
1776309777.781,177.781,0.14,0.15,0.85,0.86,0.01,0.01,75034.17,1776309776000
1776309778.501,178.501,0.14,0.15,0.85,0.86,0.01,0.01,75034.85,1776309777000
1776309778.928,178.928,0.14,0.15,0.85,0.86,0.01,0.01,75034.85,1776309777000
1776309779.565,179.565,0.13,0.15,0.85,0.86,0.02,0.01,75035.93,1776309778000
1776309780.366,180.366,0.14,0.15,0.85,0.86,0.01,0.01,75035.93,1776309778000
1776309780.723,180.723,0.14,0.15,0.85,0.86,0.01,0.01,75035.85,1776309779000
1776309781.198,181.198,0.14,0.15,0.85,0.86,0.01,0.01,75035.85,1776309779000
1776309781.757,181.757,0.14,0.15,0.85,0.86,0.01,0.01,75035.42,1776309780000
1776309782.481,182.481,0.14,0.15,0.85,0.86,0.01,0.01,75035.87,1776309781000
1776309782.816,182.816,0.14,0.15,0.85,0.86,0.01,0.01,75035.87,1776309781000
1776309784.201,184.201,0.14,0.15,0.85,0.86,0.01,0.01,75036.41,1776309782000
1776309784.88,184.88,0.14,0.15,0.85,0.86,0.01,0.01,75036.67,1776309783000
1776309785.297,185.297,0.14,0.15,0.85,0.86,0.01,0.01,75036.67,1776309784000
1776309786.223,186.223,0.14,0.15,0.85,0.86,0.01,0.01,75036.71,1776309785000
1776309786.758,186.758,0.14,0.15,0.85,0.86,0.01,0.01,75036.71,1776309785000
1776309787.65,187.65,0.14,0.15,0.85,0.86,0.01,0.01,75036.67,1776309786000
1776309788.101,188.101,0.14,0.15,0.85,0.86,0.01,0.01,75036.67,1776309786000
1776309788.548,188.548,0.14,0.15,0.85,0.86,0.01,0.01,75036.7,1776309787000
1776309788.893,188.893,0.14,0.15,0.85,0.86,0.01,0.01,75036.7,1776309787000
1776309789.553,189.553,0.14,0.15,0.85,0.86,0.01,0.01,75036.7,1776309788000
1776309790.45,190.45,0.14,0.15,0.85,0.86,0.01,0.01,75036.7,1776309788000
1776309791.226,191.226,0.14,0.15,0.85,0.86,0.01,0.01,75038.12,1776309790000
1776309792.206,192.206,0.14,0.15,0.85,0.86,0.01,0.01,75040.13,1776309791000
1776309793.494,193.494,0.14,0.15,0.85,0.86,0.01,0.01,75055.51,1776309792000
1776309794.019,194.019,0.14,0.15,0.85,0.86,0.01,0.01,75055.51,1776309792000
1776309794.376,194.376,0.14,0.18,0.81,0.86,0.04,0.05,75057.3,1776309793000
1776309794.718,194.718,0.17,0.2,0.8,0.83,0.03,0.03,75057.3,1776309793000
1776309795.056,195.056,0.23,0.25,0.76,0.77,0.02,0.01,75057.46,1776309794000
1776309795.438,195.438,0.23,0.24,0.76,0.77,0.01,0.01,75057.46,1776309794000
1776309795.818,195.818,0.23,0.25,0.75,0.77,0.02,0.02,75057.46,1776309794000
1776309796.24,196.24,0.25,0.26,0.74,0.75,0.01,0.01,75057.59,1776309795000
1776309796.659,196.659,0.26,0.27,0.73,0.74,0.01,0.01,75057.59,1776309795000
1776309797.913,197.913,0.26,0.27,0.73,0.74,0.01,0.01,75057.72,1776309796000
1776309799.031,199.031,0.26,0.27,0.73,0.74,0.01,0.01,75058.76,1776309798000
1776309799.91,199.91,0.26,0.27,0.73,0.74,0.01,0.01,75058.76,1776309798000
1776309800.338,200.338,0.26,0.27,0.73,0.74,0.01,0.01,75058.43,1776309799000
1776309800.819,200.819,0.26,0.27,0.72,0.74,0.01,0.02,75058.43,1776309799000
1776309801.169,201.169,0.26,0.27,0.73,0.74,0.01,0.01,75058.42,1776309800000
1776309801.578,201.578,0.26,0.27,0.72,0.74,0.01,0.02,75058.42,1776309800000
1776309802.081,202.081,0.26,0.27,0.73,0.74,0.01,0.01,75059.05,1776309801000
1776309802.474,202.474,0.26,0.27,0.73,0.74,0.01,0.01,75059.05,1776309801000
1776309803.033,203.033,0.26,0.27,0.73,0.74,0.01,0.01,75059.05,1776309801000
1776309803.529,203.529,0.24,0.27,0.73,0.74,0.03,0.01,75059.61,1776309802000
1776309803.971,203.971,0.19,0.2,0.8,0.81,0.01,0.01,75059.61,1776309802000
1776309804.313,204.313,0.19,0.2,0.8,0.81,0.01,0.01,75059.64,1776309803000
1776309804.749,204.749,0.13,0.16,0.84,0.86,0.03,0.02,75059.64,1776309803000
1776309805.415,205.415,0.15,0.16,0.84,0.87,0.01,0.03,75059.64,1776309803000
1776309805.773,205.773,0.15,0.16,0.84,0.85,0.01,0.01,75059.64,1776309803000
1776309806.472,206.472,0.15,0.16,0.84,0.85,0.01,0.01,75059.64,1776309803000
1776309807.002,207.002,0.15,0.16,0.84,0.85,0.01,0.01,75046.78,1776309805000
1776309807.441,207.441,0.15,0.16,0.84,0.85,0.01,0.01,75046.98,1776309806000
1776309807.848,207.848,0.15,0.17,0.84,0.85,0.02,0.01,75046.98,1776309806000
1776309808.327,208.327,0.15,0.19,0.82,0.85,0.04,0.03,75046.98,1776309806000
1776309808.712,208.712,0.16,0.18,0.83,0.84,0.02,0.01,75046.98,1776309806000
1776309809.063,209.063,0.17,0.18,0.82,0.83,0.01,0.01,75048.56,1776309807000
1776309809.438,209.438,0.17,0.2,0.82,0.83,0.03,0.01,75048.56,1776309807000
1776309809.783,209.783,0.17,0.18,0.82,0.83,0.01,0.01,75049.13,1776309808000
1776309810.307,210.307,0.14,0.15,0.85,0.86,0.01,0.01,75049.13,1776309808000
1776309810.655,210.655,0.14,0.15,0.85,0.86,0.01,0.01,75048.62,1776309809000
1776309811.206,211.206,0.14,0.15,0.85,0.86,0.01,0.01,75048.62,1776309809000
1776309811.831,211.831,0.14,0.15,0.85,0.86,0.01,0.01,75048.62,1776309810000
1776309812.34,212.34,0.14,0.15,0.85,0.86,0.01,0.01,75045.85,1776309811000
1776309812.786,212.786,0.14,0.15,0.85,0.86,0.01,0.01,75045.85,1776309811000
1776309813.349,213.349,0.14,0.16,0.85,0.86,0.02,0.01,75045.85,1776309811000
1776309814.143,214.143,0.14,0.15,0.84,0.86,0.01,0.02,75043.04,1776309812000
1776309814.506,214.506,0.14,0.15,0.85,0.86,0.01,0.01,75042.04,1776309813000
1776309815.117,215.117,0.13,0.15,0.85,0.87,0.02,0.02,75039.22,1776309814000
1776309815.898,215.898,0.14,0.15,0.85,0.87,0.01,0.02,75039.22,1776309814000
1776309816.583,216.583,0.14,0.15,0.85,0.86,0.01,0.01,75039.22,1776309814000
1776309816.968,216.968,0.14,0.15,0.85,0.88,0.01,0.03,75034.88,1776309815000
1776309817.382,217.382,0.12,0.13,0.87,0.88,0.01,0.01,75034.88,1776309815000
1776309817.765,217.765,0.12,0.13,0.87,0.88,0.01,0.01,75035.01,1776309816000
1776309818.17,218.17,0.12,0.13,0.87,0.88,0.01,0.01,75035.01,1776309816000
1776309818.527,218.527,0.12,0.13,0.87,0.88,0.01,0.01,75035.0,1776309817000
1776309818.985,218.985,0.12,0.13,0.87,0.88,0.01,0.01,75035.0,1776309817000
1776309819.575,219.575,0.12,0.13,0.87,0.88,0.01,0.01,75035.0,1776309817000
1776309820.424,220.424,0.12,0.13,0.87,0.88,0.01,0.01,75036.55,1776309819000
1776309820.902,220.902,0.12,0.13,0.87,0.88,0.01,0.01,75036.55,1776309819000
1776309822.015,222.015,0.12,0.13,0.87,0.88,0.01,0.01,75036.53,1776309820000
1776309822.576,222.576,0.12,0.13,0.87,0.88,0.01,0.01,75037.16,1776309821000
1776309822.914,222.914,0.12,0.15,0.85,0.88,0.03,0.03,75037.16,1776309821000
1776309823.293,223.293,0.15,0.17,0.83,0.85,0.02,0.02,75039.3,1776309822000
1776309823.638,223.638,0.15,0.16,0.83,0.85,0.01,0.02,75039.3,1776309822000
1776309823.987,223.987,0.15,0.16,0.84,0.85,0.01,0.01,75039.3,1776309822000
1776309824.444,224.444,0.16,0.17,0.83,0.84,0.01,0.01,75042.99,1776309823000
1776309824.851,224.851,0.16,0.17,0.83,0.84,0.01,0.01,75042.99,1776309823000
1776309825.299,225.299,0.16,0.17,0.83,0.84,0.01,0.01,75042.99,1776309823000
1776309825.789,225.789,0.16,0.18,0.83,0.84,0.02,0.01,75045.93,1776309824000
1776309826.218,226.218,0.17,0.18,0.82,0.83,0.01,0.01,75046.32,1776309825000
1776309826.734,226.734,0.17,0.18,0.82,0.83,0.01,0.01,75046.32,1776309825000
1776309827.266,227.266,0.17,0.19,0.81,0.83,0.02,0.02,75046.35,1776309826000
1776309828.204,228.204,0.17,0.18,0.81,0.83,0.01,0.02,75046.35,1776309826000
1776309828.681,228.681,0.17,0.18,0.81,0.83,0.01,0.02,75049.42,1776309827000
1776309829.107,229.107,0.17,0.18,0.81,0.83,0.01,0.02,75049.42,1776309827000
1776309829.909,229.909,0.17,0.18,0.82,0.83,0.01,0.01,75049.57,1776309828000
1776309830.252,230.252,0.17,0.18,0.82,0.83,0.01,0.01,75049.57,1776309828000
1776309831.217,231.217,0.17,0.18,0.82,0.83,0.01,0.01,75049.51,1776309829000
1776309831.592,231.592,0.17,0.18,0.81,0.83,0.01,0.02,75049.57,1776309830000
1776309831.959,231.959,0.19,0.2,0.8,0.81,0.01,0.01,75049.58,1776309831000
1776309832.435,232.435,0.2,0.21,0.79,0.8,0.01,0.01,75049.58,1776309831000
1776309832.876,232.876,0.2,0.21,0.79,0.8,0.01,0.01,75049.58,1776309831000
1776309833.214,233.214,0.2,0.21,0.79,0.8,0.01,0.01,75051.19,1776309832000
1776309833.556,233.556,0.2,0.21,0.79,0.8,0.01,0.01,75051.19,1776309832000
1776309833.922,233.922,0.2,0.21,0.79,0.8,0.01,0.01,75053.66,1776309833000
1776309834.288,234.288,0.2,0.21,0.79,0.8,0.01,0.01,75053.66,1776309833000
1776309834.761,234.761,0.2,0.21,0.79,0.8,0.01,0.01,75053.66,1776309833000
1776309835.238,235.238,0.2,0.21,0.79,0.8,0.01,0.01,75053.66,1776309833000
1776309835.645,235.645,0.2,0.21,0.79,0.8,0.01,0.01,75053.96,1776309834000
1776309836.271,236.271,0.2,0.21,0.79,0.8,0.01,0.01,75054.46,1776309835000
1776309836.746,236.746,0.2,0.21,0.79,0.8,0.01,0.01,75054.46,1776309835000
1776309837.441,237.441,0.2,0.21,0.79,0.8,0.01,0.01,75054.46,1776309835000
1776309837.775,237.775,0.19,0.2,0.79,0.81,0.01,0.02,75055.11,1776309836000
1776309838.131,238.131,0.19,0.2,0.8,0.81,0.01,0.01,75055.11,1776309837000
1776309838.785,238.785,0.19,0.2,0.8,0.81,0.01,0.01,75055.11,1776309837000
1776309839.324,239.324,0.19,0.2,0.8,0.81,0.01,0.01,75055.08,1776309838000
1776309839.834,239.834,0.19,0.2,0.8,0.81,0.01,0.01,75055.08,1776309838000
1776309840.613,240.613,0.19,0.2,0.8,0.81,0.01,0.01,75055.08,1776309839000
1776309841.008,241.008,0.18,0.19,0.81,0.82,0.01,0.01,75055.08,1776309839000
1776309842.198,242.198,0.18,0.19,0.81,0.82,0.01,0.01,75054.39,1776309841000
1776309842.897,242.897,0.18,0.19,0.81,0.82,0.01,0.01,75054.39,1776309841000
1776309843.382,243.382,0.18,0.19,0.81,0.82,0.01,0.01,75055.34,1776309842000
1776309844.031,244.031,0.18,0.19,0.81,0.82,0.01,0.01,75060.09,1776309843000
1776309844.631,244.631,0.18,0.19,0.81,0.82,0.01,0.01,75060.09,1776309843000
1776309844.985,244.985,0.18,0.19,0.81,0.82,0.01,0.01,75060.09,1776309843000
1776309845.318,245.318,0.21,0.25,0.75,0.79,0.04,0.04,75071.38,1776309844000
1776309845.688,245.688,0.21,0.27,0.73,0.79,0.06,0.06,75071.38,1776309844000
1776309846.066,246.066,0.24,0.26,0.72,0.78,0.02,0.06,75071.38,1776309844000
1776309846.452,246.452,0.3,0.31,0.69,0.74,0.01,0.05,75071.38,1776309844000
1776309846.816,246.816,0.31,0.32,0.68,0.7,0.01,0.02,75073.28,1776309845000
1776309847.164,247.164,0.31,0.32,0.68,0.69,0.01,0.01,75073.28,1776309846000
1776309847.516,247.516,0.32,0.33,0.67,0.68,0.01,0.01,75073.28,1776309846000
1776309848.232,248.232,0.32,0.33,0.67,0.68,0.01,0.01,75073.32,1776309847000
1776309848.619,248.619,0.33,0.34,0.67,0.68,0.01,0.01,75073.32,1776309847000
1776309848.971,248.971,0.33,0.34,0.65,0.67,0.01,0.02,75073.32,1776309847000
1776309849.733,249.733,0.33,0.34,0.66,0.67,0.01,0.01,75073.29,1776309848000
1776309850.206,250.206,0.33,0.34,0.66,0.67,0.01,0.01,75073.29,1776309849000
1776309851.07,251.07,0.33,0.34,0.66,0.67,0.01,0.01,75073.29,1776309850000
1776309851.409,251.409,0.33,0.34,0.66,0.67,0.01,0.01,75073.29,1776309850000
1776309851.902,251.902,0.33,0.34,0.66,0.67,0.01,0.01,75073.29,1776309850000
1776309852.304,252.304,0.34,0.35,0.65,0.66,0.01,0.01,75073.29,1776309851000
1776309852.755,252.755,0.35,0.36,0.64,0.66,0.01,0.02,75073.29,1776309851000
1776309853.28,253.28,0.37,0.38,0.62,0.64,0.01,0.02,75073.29,1776309851000
1776309853.653,253.653,0.38,0.39,0.62,0.63,0.01,0.01,75073.61,1776309852000
1776309854.149,254.149,0.38,0.39,0.61,0.62,0.01,0.01,75073.61,1776309852000
1776309854.658,254.658,0.39,0.4,0.6,0.62,0.01,0.02,75073.31,1776309853000
1776309855.012,255.012,0.37,0.4,0.6,0.63,0.03,0.03,75073.31,1776309853000
1776309855.379,255.379,0.39,0.4,0.6,0.61,0.01,0.01,75073.31,1776309853000
1776309855.967,255.967,0.4,0.41,0.6,0.61,0.01,0.01,75074.68,1776309854000
1776309856.364,256.364,0.4,0.41,0.59,0.6,0.01,0.01,75074.68,1776309855000
1776309856.934,256.934,0.4,0.41,0.59,0.6,0.01,0.01,75074.88,1776309856000
1776309857.274,257.274,0.4,0.41,0.59,0.6,0.01,0.01,75074.88,1776309856000
1776309857.626,257.626,0.4,0.41,0.59,0.6,0.01,0.01,75074.88,1776309856000
1776309858.006,258.006,0.4,0.41,0.59,0.6,0.01,0.01,75074.97,1776309857000
1776309858.384,258.384,0.4,0.41,0.59,0.6,0.01,0.01,75074.97,1776309857000
1776309858.841,258.841,0.4,0.41,0.59,0.6,0.01,0.01,75074.97,1776309857000
1776309859.216,259.216,0.4,0.41,0.59,0.6,0.01,0.01,75074.96,1776309858000
1776309859.564,259.564,0.39,0.4,0.59,0.61,0.01,0.02,75074.96,1776309858000
1776309860.178,260.178,0.39,0.4,0.6,0.61,0.01,0.01,75074.96,1776309858000
1776309860.512,260.512,0.36,0.37,0.63,0.64,0.01,0.01,75074.9,1776309859000
1776309860.867,260.867,0.33,0.35,0.63,0.65,0.02,0.02,75074.9,1776309859000
1776309861.278,261.278,0.33,0.34,0.66,0.67,0.01,0.01,75074.9,1776309859000
1776309861.755,261.755,0.32,0.33,0.67,0.68,0.01,0.01,75074.68,1776309860000
1776309862.174,262.174,0.32,0.33,0.67,0.68,0.01,0.01,75074.38,1776309861000
1776309862.771,262.771,0.32,0.33,0.67,0.68,0.01,0.01,75074.38,1776309861000
1776309863.41,263.41,0.24,0.25,0.75,0.77,0.01,0.02,75072.14,1776309862000
1776309863.745,263.745,0.23,0.24,0.76,0.77,0.01,0.01,75072.14,1776309862000
1776309864.135,264.135,0.22,0.24,0.76,0.78,0.02,0.02,75072.85,1776309863000
1776309864.797,264.797,0.22,0.23,0.76,0.78,0.01,0.02,75072.85,1776309863000
1776309865.199,265.199,0.22,0.23,0.77,0.78,0.01,0.01,75068.31,1776309864000
1776309865.558,265.558,0.22,0.23,0.77,0.78,0.01,0.01,75068.31,1776309864000
1776309865.907,265.907,0.22,0.23,0.77,0.78,0.01,0.01,75068.31,1776309864000
1776309866.298,266.298,0.22,0.23,0.77,0.78,0.01,0.01,75067.63,1776309865000
1776309866.641,266.641,0.22,0.23,0.77,0.78,0.01,0.01,75067.63,1776309865000
1776309867.127,267.127,0.22,0.23,0.77,0.78,0.01,0.01,75067.63,1776309865000
1776309867.547,267.547,0.22,0.23,0.77,0.78,0.01,0.01,75067.63,1776309865000
1776309867.894,267.894,0.22,0.23,0.77,0.78,0.01,0.01,75067.17,1776309866000
1776309868.278,268.278,0.2,0.21,0.78,0.79,0.01,0.01,75066.07,1776309867000
1776309868.611,268.611,0.35,0.36,0.65,0.73,0.01,0.08,75066.07,1776309867000
1776309868.956,268.956,0.35,0.36,0.62,0.65,0.01,0.03,75066.07,1776309867000
1776309869.335,269.335,0.36,0.37,0.63,0.64,0.01,0.01,75065.96,1776309868000
1776309869.669,269.669,0.36,0.37,0.62,0.64,0.01,0.02,75065.96,1776309868000
1776309870.137,270.137,0.37,0.38,0.62,0.63,0.01,0.01,75065.96,1776309868000
1776309870.477,270.477,0.37,0.38,0.62,0.63,0.01,0.01,75065.96,1776309868000
1776309870.823,270.823,0.37,0.38,0.62,0.63,0.01,0.01,75072.2,1776309869000
1776309871.259,271.259,0.37,0.38,0.62,0.63,0.01,0.01,75072.47,1776309870000
1776309871.688,271.688,0.37,0.38,0.62,0.63,0.01,0.01,75072.47,1776309870000
1776309872.251,272.251,0.37,0.38,0.62,0.63,0.01,0.01,75073.03,1776309871000
1776309872.59,272.59,0.37,0.38,0.62,0.63,0.01,0.01,75073.03,1776309871000
1776309872.984,272.984,0.37,0.38,0.62,0.63,0.01,0.01,75073.03,1776309871000
1776309873.326,273.326,0.37,0.38,0.62,0.63,0.01,0.01,75073.03,1776309871000
1776309873.952,273.952,0.37,0.38,0.62,0.63,0.01,0.01,75074.15,1776309873000
1776309874.363,274.363,0.37,0.38,0.62,0.63,0.01,0.01,75074.15,1776309873000
1776309874.846,274.846,0.33,0.38,0.62,0.63,0.05,0.01,75074.15,1776309873000
1776309875.249,275.249,0.4,0.41,0.6,0.61,0.01,0.01,75074.47,1776309874000
1776309875.732,275.732,0.4,0.41,0.59,0.6,0.01,0.01,75074.47,1776309874000
1776309876.219,276.219,0.4,0.41,0.59,0.6,0.01,0.01,75073.64,1776309875000
1776309876.6,276.6,0.4,0.41,0.59,0.6,0.01,0.01,75073.64,1776309875000
1776309876.935,276.935,0.41,0.43,0.59,0.6,0.02,0.01,75073.64,1776309875000
1776309877.274,277.274,0.43,0.44,0.56,0.57,0.01,0.01,75073.64,1776309875000
1776309877.664,277.664,0.44,0.45,0.55,0.56,0.01,0.01,75075.9,1776309876000
1776309878.329,278.329,0.44,0.45,0.55,0.56,0.01,0.01,75075.9,1776309876000
1776309878.695,278.695,0.45,0.46,0.54,0.56,0.01,0.02,75076.45,1776309877000
1776309879.048,279.048,0.46,0.48,0.53,0.54,0.02,0.01,75076.86,1776309878000
1776309879.414,279.414,0.47,0.48,0.52,0.53,0.01,0.01,75076.86,1776309878000
1776309879.823,279.823,0.47,0.48,0.52,0.53,0.01,0.01,75076.86,1776309878000
1776309880.19,280.19,0.47,0.48,0.52,0.53,0.01,0.01,75077.1,1776309879000
1776309880.637,280.637,0.46,0.47,0.52,0.53,0.01,0.01,75077.1,1776309879000
1776309881.159,281.159,0.46,0.47,0.53,0.54,0.01,0.01,75077.1,1776309879000
1776309881.662,281.662,0.46,0.47,0.53,0.54,0.01,0.01,75076.74,1776309880000
1776309882.186,282.186,0.46,0.47,0.53,0.54,0.01,0.01,75076.88,1776309881000
1776309882.66,282.66,0.46,0.47,0.53,0.54,0.01,0.01,75076.88,1776309881000
1776309883.03,283.03,0.46,0.47,0.53,0.54,0.01,0.01,75076.88,1776309881000
1776309883.553,283.553,0.45,0.48,0.54,0.55,0.03,0.01,75076.96,1776309882000
1776309883.932,283.932,0.46,0.47,0.53,0.54,0.01,0.01,75076.96,1776309882000
1776309884.285,284.285,0.47,0.48,0.52,0.53,0.01,0.01,75076.96,1776309883000
1776309884.648,284.648,0.49,0.5,0.5,0.53,0.01,0.03,75076.96,1776309883000
1776309884.996,284.996,0.49,0.53,0.5,0.51,0.04,0.01,75076.96,1776309883000
1776309885.333,285.333,0.51,0.52,0.48,0.49,0.01,0.01,75077.7,1776309884000
1776309885.692,285.692,0.56,0.57,0.43,0.44,0.01,0.01,75077.7,1776309884000
1776309886.066,286.066,0.56,0.57,0.43,0.44,0.01,0.01,75077.7,1776309884000
1776309886.455,286.455,0.56,0.57,0.43,0.44,0.01,0.01,75079.49,1776309885000
1776309886.912,286.912,0.58,0.59,0.41,0.42,0.01,0.01,75079.49,1776309885000
1776309887.271,287.271,0.58,0.59,0.41,0.42,0.01,0.01,75080.15,1776309886000
1776309887.897,287.897,0.58,0.59,0.41,0.42,0.01,0.01,75080.15,1776309886000
1776309888.388,288.388,0.58,0.59,0.41,0.42,0.01,0.01,75081.26,1776309887000
1776309888.722,288.722,0.58,0.59,0.41,0.42,0.01,0.01,75081.26,1776309887000
1776309889.06,289.06,0.58,0.59,0.41,0.42,0.01,0.01,75081.34,1776309888000
1776309889.401,289.401,0.49,0.54,0.45,0.51,0.05,0.06,75081.34,1776309888000
1776309889.773,289.773,0.38,0.39,0.61,0.62,0.01,0.01,75081.34,1776309888000
1776309890.277,290.277,0.38,0.39,0.61,0.62,0.01,0.01,75081.34,1776309889000
1776309890.623,290.623,0.34,0.35,0.65,0.66,0.01,0.01,75081.34,1776309889000
1776309890.998,290.998,0.33,0.34,0.65,0.67,0.01,0.02,75081.34,1776309889000
1776309891.339,291.339,0.33,0.34,0.66,0.67,0.01,0.01,75081.34,1776309889000
1776309891.675,291.675,0.33,0.34,0.66,0.67,0.01,0.01,75078.99,1776309890000
1776309892.009,292.009,0.31,0.34,0.66,0.67,0.03,0.01,75078.99,1776309890000
1776309892.385,292.385,0.28,0.31,0.69,0.7,0.03,0.01,75078.93,1776309891000
1776309892.754,292.754,0.27,0.28,0.71,0.72,0.01,0.01,75078.93,1776309891000
1776309893.092,293.092,0.27,0.28,0.72,0.73,0.01,0.01,75078.93,1776309891000
1776309893.506,293.506,0.26,0.27,0.73,0.74,0.01,0.01,75078.72,1776309892000
1776309893.855,293.855,0.25,0.26,0.74,0.75,0.01,0.01,75078.72,1776309892000
1776309894.264,294.264,0.25,0.26,0.74,0.75,0.01,0.01,75078.77,1776309893000
1776309894.619,294.619,0.24,0.25,0.75,0.76,0.01,0.01,75078.77,1776309893000
1776309894.998,294.998,0.2,0.21,0.79,0.8,0.01,0.01,75078.77,1776309893000
1776309895.36,295.36,0.2,0.21,0.79,0.8,0.01,0.01,75077.75,1776309894000
1776309895.886,295.886,0.19,0.2,0.8,0.81,0.01,0.01,75077.75,1776309894000
1776309896.244,296.244,0.19,0.2,0.8,0.81,0.01,0.01,75077.75,1776309895000
1776309896.603,296.603,0.17,0.18,0.82,0.83,0.01,0.01,75077.75,1776309895000
1776309896.942,296.942,0.14,0.15,0.85,0.86,0.01,0.01,75077.75,1776309895000
1776309897.32,297.32,0.13,0.14,0.86,0.87,0.01,0.01,75077.81,1776309896000
1776309897.685,297.685,0.13,0.14,0.86,0.87,0.01,0.01,75077.81,1776309896000
1776309898.049,298.049,0.11,0.12,0.88,0.89,0.01,0.01,75077.81,1776309896000
1776309898.394,298.394,0.06,0.08,0.92,0.93,0.02,0.01,75077.82,1776309897000
1776309898.744,298.744,0.03,0.05,0.96,0.97,0.02,0.01,75077.82,1776309897000
1776309899.152,299.152,0.03,0.04,0.96,0.97,0.01,0.01,75077.82,1776309897000
1776309899.508,299.508,0.03,0.04,0.96,0.97,0.01,0.01,75078.02,1776309898000
1776309899.841,299.841,0.01,0.02,0.98,0.99,0.01,0.01,75078.02,1776309898000
1776309900.315,300.315,0.01,0.01,0.99,0.99,0.0,0.0,75077.98,1776309899000
1776309900.658,300.658,0.01,0.01,0.99,0.99,0.0,0.0,75077.98,1776309899000

# RESULT,winner=Down,slug=btc-updown-5m-1776309600,ticks=635
