timestamp,elapsed_sec,up_bid,up_ask,down_bid,down_ask,up_spread,down_spread,btc_price,btc_oracle_ts
1776587100.545,0.545,0.46,0.47,0.52,0.54,0.01,0.02,75235.48,1776587098000
1776587100.917,0.917,0.45,0.47,0.53,0.54,0.02,0.01,75235.51,1776587099000
1776587101.339,1.339,0.46,0.47,0.53,0.54,0.01,0.01,75234.13,1776587100000
1776587101.893,1.893,0.46,0.47,0.53,0.54,0.01,0.01,75234.13,1776587100000
1776587102.283,2.283,0.46,0.47,0.53,0.54,0.01,0.01,75232.38,1776587101000
1776587102.653,2.653,0.47,0.48,0.52,0.53,0.01,0.01,75232.38,1776587101000
1776587103.443,3.443,0.47,0.48,0.52,0.53,0.01,0.01,75230.55,1776587102000
1776587103.8,3.8,0.47,0.49,0.52,0.53,0.02,0.01,75230.55,1776587102000
1776587104.74,4.74,0.48,0.49,0.51,0.52,0.01,0.01,75230.23,1776587103000
1776587105.123,5.123,0.48,0.49,0.51,0.52,0.01,0.01,75229.93,1776587104000
1776587105.52,5.52,0.48,0.49,0.51,0.52,0.01,0.01,75229.93,1776587104000
1776587106.122,6.122,0.48,0.49,0.51,0.52,0.01,0.01,75229.93,1776587104000
1776587106.464,6.464,0.48,0.49,0.51,0.52,0.01,0.01,75229.93,1776587105000
1776587106.91,6.91,0.48,0.49,0.51,0.52,0.01,0.01,75229.93,1776587105000
1776587107.346,7.346,0.49,0.5,0.5,0.52,0.01,0.02,75232.08,1776587106000
1776587107.798,7.798,0.49,0.5,0.5,0.51,0.01,0.01,75232.08,1776587106000
1776587108.313,8.313,0.49,0.5,0.5,0.51,0.01,0.01,75232.09,1776587107000
1776587108.71,8.71,0.49,0.5,0.5,0.51,0.01,0.01,75232.09,1776587107000
1776587109.07,9.07,0.49,0.5,0.5,0.51,0.01,0.01,75232.09,1776587107000
1776587109.589,9.589,0.49,0.5,0.5,0.51,0.01,0.01,75232.09,1776587107000
1776587109.94,9.94,0.49,0.5,0.5,0.51,0.01,0.01,75232.09,1776587107000
1776587110.502,10.502,0.49,0.5,0.5,0.51,0.01,0.01,75232.35,1776587108000
1776587111.309,11.309,0.49,0.5,0.5,0.51,0.01,0.01,75232.35,1776587109000
1776587111.861,11.861,0.49,0.5,0.5,0.51,0.01,0.01,75232.4,1776587110000
1776587112.195,12.195,0.49,0.5,0.5,0.51,0.01,0.01,75232.33,1776587111000
1776587112.885,12.885,0.48,0.49,0.51,0.52,0.01,0.01,75232.33,1776587111000
1776587113.225,13.225,0.47,0.49,0.51,0.52,0.02,0.01,75232.33,1776587111000
1776587113.571,13.571,0.47,0.48,0.52,0.53,0.01,0.01,75232.34,1776587112000
1776587113.972,13.972,0.47,0.48,0.52,0.53,0.01,0.01,75232.34,1776587112000
1776587114.394,14.394,0.47,0.48,0.52,0.53,0.01,0.01,75232.29,1776587113000
1776587114.916,14.916,0.47,0.48,0.52,0.53,0.01,0.01,75232.29,1776587113000
1776587115.709,15.709,0.47,0.48,0.52,0.53,0.01,0.01,75232.29,1776587113000
1776587116.091,16.091,0.47,0.48,0.52,0.53,0.01,0.01,75231.19,1776587115000
1776587117.015,17.015,0.47,0.48,0.52,0.53,0.01,0.01,75231.19,1776587115000
1776587117.366,17.366,0.47,0.48,0.52,0.53,0.01,0.01,75231.19,1776587115000
1776587117.825,17.825,0.47,0.48,0.52,0.53,0.01,0.01,75230.95,1776587116000
1776587118.224,18.224,0.46,0.47,0.53,0.54,0.01,0.01,75230.99,1776587117000
1776587118.86,18.86,0.45,0.46,0.54,0.55,0.01,0.01,75230.99,1776587117000
1776587119.228,19.228,0.45,0.46,0.54,0.55,0.01,0.01,75230.99,1776587117000
1776587119.59,19.59,0.45,0.46,0.54,0.55,0.01,0.01,75230.99,1776587117000
1776587119.931,19.931,0.45,0.46,0.54,0.55,0.01,0.01,75229.99,1776587118000
1776587120.29,20.29,0.4,0.45,0.55,0.59,0.05,0.04,75228.95,1776587119000
1776587120.714,20.714,0.37,0.38,0.62,0.63,0.01,0.01,75228.95,1776587119000
1776587121.069,21.069,0.37,0.38,0.62,0.63,0.01,0.01,75228.95,1776587119000
1776587121.409,21.409,0.37,0.38,0.62,0.63,0.01,0.01,75228.95,1776587119000
1776587121.766,21.766,0.37,0.38,0.62,0.63,0.01,0.01,75228.95,1776587120000
1776587122.139,22.139,0.37,0.38,0.62,0.63,0.01,0.01,75229.79,1776587121000
1776587122.477,22.477,0.37,0.38,0.62,0.63,0.01,0.01,75229.79,1776587121000
1776587122.817,22.817,0.37,0.38,0.62,0.63,0.01,0.01,75229.79,1776587121000
1776587123.246,23.246,0.37,0.38,0.62,0.63,0.01,0.01,75229.79,1776587121000
1776587123.715,23.715,0.37,0.38,0.62,0.63,0.01,0.01,75224.32,1776587122000
1776587124.087,24.087,0.37,0.38,0.62,0.63,0.01,0.01,75226.25,1776587123000
1776587124.444,24.444,0.37,0.38,0.62,0.63,0.01,0.01,75226.25,1776587123000
1776587124.824,24.824,0.37,0.38,0.62,0.63,0.01,0.01,75226.25,1776587123000
1776587125.285,25.285,0.37,0.38,0.62,0.63,0.01,0.01,75223.52,1776587124000
1776587125.787,25.787,0.37,0.38,0.62,0.63,0.01,0.01,75223.52,1776587124000
1776587126.25,26.25,0.37,0.38,0.62,0.63,0.01,0.01,75223.52,1776587124000
1776587126.616,26.616,0.38,0.39,0.61,0.62,0.01,0.01,75223.52,1776587124000
1776587127.013,27.013,0.4,0.41,0.59,0.6,0.01,0.01,75223.06,1776587125000
1776587127.384,27.384,0.4,0.41,0.59,0.6,0.01,0.01,75223.06,1776587125000
1776587128.15,28.15,0.4,0.41,0.59,0.6,0.01,0.01,75223.4,1776587126000
1776587128.706,28.706,0.4,0.41,0.59,0.6,0.01,0.01,75224.21,1776587127000
1776587129.095,29.095,0.4,0.41,0.59,0.6,0.01,0.01,75224.21,1776587127000
1776587129.47,29.47,0.4,0.41,0.59,0.6,0.01,0.01,75224.21,1776587127000
1776587129.843,29.843,0.4,0.41,0.59,0.6,0.01,0.01,75225.73,1776587128000
1776587130.247,30.247,0.4,0.41,0.59,0.6,0.01,0.01,75225.77,1776587129000
1776587130.719,30.719,0.4,0.41,0.59,0.6,0.01,0.01,75225.77,1776587129000
1776587131.094,31.094,0.4,0.41,0.59,0.6,0.01,0.01,75225.77,1776587129000
1776587131.494,31.494,0.4,0.41,0.59,0.6,0.01,0.01,75224.66,1776587130000
1776587131.865,31.865,0.4,0.41,0.59,0.6,0.01,0.01,75224.66,1776587130000
1776587132.226,32.226,0.4,0.41,0.59,0.6,0.01,0.01,75224.51,1776587131000
1776587132.574,32.574,0.4,0.41,0.59,0.6,0.01,0.01,75224.51,1776587131000
1776587132.927,32.927,0.4,0.41,0.59,0.6,0.01,0.01,75224.51,1776587131000
1776587133.298,33.298,0.4,0.41,0.59,0.6,0.01,0.01,75224.51,1776587131000
1776587134.107,34.107,0.4,0.41,0.59,0.6,0.01,0.01,75225.78,1776587133000
1776587134.509,34.509,0.4,0.41,0.59,0.6,0.01,0.01,75225.78,1776587133000
1776587134.953,34.953,0.4,0.41,0.59,0.6,0.01,0.01,75225.78,1776587133000
1776587135.328,35.328,0.4,0.41,0.59,0.6,0.01,0.01,75225.78,1776587133000
1776587135.837,35.837,0.4,0.41,0.59,0.6,0.01,0.01,75224.9,1776587134000
1776587136.173,36.173,0.4,0.41,0.59,0.6,0.01,0.01,75224.9,1776587134000
1776587136.574,36.574,0.4,0.41,0.59,0.6,0.01,0.01,75224.37,1776587135000
1776587137.007,37.007,0.39,0.4,0.59,0.61,0.01,0.02,75224.37,1776587135000
1776587137.417,37.417,0.39,0.4,0.6,0.61,0.01,0.01,75225.81,1776587136000
1776587137.946,37.946,0.39,0.4,0.6,0.61,0.01,0.01,75225.81,1776587136000
1776587138.334,38.334,0.39,0.4,0.6,0.61,0.01,0.01,75225.56,1776587137000
1776587138.903,38.903,0.39,0.4,0.6,0.61,0.01,0.01,75225.56,1776587137000
1776587139.378,39.378,0.39,0.4,0.6,0.61,0.01,0.01,75224.86,1776587138000
1776587139.825,39.825,0.39,0.41,0.6,0.61,0.02,0.01,75224.86,1776587138000
1776587140.171,40.171,0.4,0.41,0.59,0.6,0.01,0.01,75224.86,1776587138000
1776587140.54,40.54,0.39,0.41,0.59,0.61,0.02,0.02,75225.56,1776587139000
1776587140.984,40.984,0.4,0.41,0.59,0.61,0.01,0.02,75225.56,1776587139000
1776587141.624,41.624,0.4,0.41,0.59,0.6,0.01,0.01,75225.19,1776587140000
1776587142.676,42.676,0.4,0.41,0.59,0.6,0.01,0.01,75225.19,1776587140000
1776587143.167,43.167,0.4,0.41,0.59,0.6,0.01,0.01,75224.57,1776587141000
1776587143.511,43.511,0.46,0.48,0.52,0.54,0.02,0.02,75225.19,1776587142000
1776587143.873,43.873,0.51,0.52,0.48,0.49,0.01,0.01,75225.19,1776587142000
1776587144.27,44.27,0.51,0.53,0.47,0.49,0.02,0.02,75225.78,1776587143000
1776587144.61,44.61,0.59,0.6,0.4,0.41,0.01,0.01,75225.78,1776587143000
1776587144.946,44.946,0.59,0.6,0.4,0.41,0.01,0.01,75225.78,1776587143000
1776587145.286,45.286,0.6,0.61,0.39,0.4,0.01,0.01,75225.78,1776587143000
1776587145.628,45.628,0.6,0.61,0.39,0.4,0.01,0.01,75225.78,1776587143000
1776587146.007,46.007,0.59,0.6,0.4,0.41,0.01,0.01,75234.89,1776587144000
1776587146.394,46.394,0.59,0.6,0.4,0.41,0.01,0.01,75234.89,1776587144000
1776587146.74,46.74,0.59,0.6,0.4,0.41,0.01,0.01,75237.91,1776587145000
1776587147.119,47.119,0.59,0.6,0.4,0.41,0.01,0.01,75239.7,1776587146000
1776587147.556,47.556,0.59,0.6,0.4,0.41,0.01,0.01,75239.7,1776587146000
1776587147.926,47.926,0.59,0.6,0.4,0.41,0.01,0.01,75239.7,1776587146000
1776587148.445,48.445,0.59,0.6,0.4,0.41,0.01,0.01,75240.12,1776587147000
1776587148.784,48.784,0.59,0.6,0.4,0.44,0.01,0.04,75240.12,1776587147000
1776587149.126,49.126,0.58,0.59,0.41,0.42,0.01,0.01,75240.12,1776587147000
1776587149.492,49.492,0.58,0.59,0.41,0.42,0.01,0.01,75240.1,1776587148000
1776587149.829,49.829,0.59,0.6,0.4,0.41,0.01,0.01,75240.1,1776587148000
1776587150.375,50.375,0.59,0.6,0.4,0.41,0.01,0.01,75240.1,1776587149000
1776587150.869,50.869,0.59,0.6,0.4,0.41,0.01,0.01,75240.1,1776587149000
1776587151.238,51.238,0.59,0.6,0.4,0.41,0.01,0.01,75240.11,1776587150000
1776587151.576,51.576,0.59,0.6,0.4,0.41,0.01,0.01,75240.11,1776587150000
1776587151.928,51.928,0.59,0.6,0.4,0.41,0.01,0.01,75240.11,1776587150000
1776587152.272,52.272,0.59,0.6,0.4,0.41,0.01,0.01,75240.11,1776587150000
1776587152.893,52.893,0.59,0.6,0.4,0.41,0.01,0.01,75240.25,1776587151000
1776587153.422,53.422,0.59,0.6,0.4,0.41,0.01,0.01,75239.85,1776587152000
1776587153.888,53.888,0.59,0.6,0.4,0.41,0.01,0.01,75239.85,1776587152000
1776587154.227,54.227,0.59,0.6,0.4,0.41,0.01,0.01,75239.85,1776587153000
1776587154.643,54.643,0.59,0.6,0.4,0.41,0.01,0.01,75239.85,1776587153000
1776587154.985,54.985,0.59,0.6,0.4,0.41,0.01,0.01,75239.86,1776587154000
1776587155.434,55.434,0.59,0.6,0.4,0.41,0.01,0.01,75239.86,1776587154000
1776587155.829,55.829,0.59,0.6,0.4,0.41,0.01,0.01,75239.86,1776587154000
1776587156.167,56.167,0.59,0.6,0.4,0.41,0.01,0.01,75239.86,1776587154000
1776587156.527,56.527,0.59,0.6,0.4,0.41,0.01,0.01,75239.86,1776587155000
1776587157.156,57.156,0.59,0.6,0.4,0.41,0.01,0.01,75239.86,1776587155000
1776587157.494,57.494,0.59,0.6,0.4,0.41,0.01,0.01,75239.86,1776587155000
1776587157.863,57.863,0.59,0.6,0.4,0.41,0.01,0.01,75239.86,1776587156000
1776587158.207,58.207,0.59,0.6,0.4,0.41,0.01,0.01,75239.86,1776587157000
1776587158.652,58.652,0.59,0.6,0.4,0.41,0.01,0.01,75239.86,1776587157000
1776587158.988,58.988,0.59,0.6,0.4,0.41,0.01,0.01,75239.86,1776587157000
1776587159.363,59.363,0.59,0.6,0.4,0.41,0.01,0.01,75240.27,1776587158000
1776587160.067,60.067,0.59,0.6,0.4,0.41,0.01,0.01,75240.27,1776587158000
1776587160.501,60.501,0.59,0.6,0.4,0.41,0.01,0.01,75240.27,1776587158000
1776587160.836,60.836,0.59,0.6,0.4,0.41,0.01,0.01,75240.01,1776587159000
1776587161.177,61.177,0.59,0.6,0.4,0.41,0.01,0.01,75240.01,1776587159000
1776587161.771,61.771,0.59,0.6,0.4,0.41,0.01,0.01,75240.02,1776587160000
1776587162.207,62.207,0.59,0.6,0.4,0.41,0.01,0.01,75240.02,1776587160000
1776587162.847,62.847,0.59,0.6,0.4,0.41,0.01,0.01,75240.02,1776587161000
1776587163.335,63.335,0.59,0.6,0.4,0.41,0.01,0.01,75240.06,1776587162000
1776587163.915,63.915,0.59,0.6,0.4,0.41,0.01,0.01,75240.07,1776587163000
1776587164.347,64.347,0.59,0.6,0.4,0.41,0.01,0.01,75240.07,1776587163000
1776587164.971,64.971,0.59,0.6,0.4,0.41,0.01,0.01,75240.08,1776587164000
1776587165.335,65.335,0.59,0.6,0.4,0.41,0.01,0.01,75240.08,1776587164000
1776587165.918,65.918,0.59,0.6,0.4,0.41,0.01,0.01,75240.08,1776587164000
1776587166.357,66.357,0.59,0.6,0.4,0.41,0.01,0.01,75240.08,1776587165000
1776587166.79,66.79,0.59,0.6,0.4,0.41,0.01,0.01,75240.08,1776587165000
1776587167.262,67.262,0.59,0.6,0.4,0.41,0.01,0.01,75240.06,1776587166000
1776587167.939,67.939,0.59,0.6,0.4,0.41,0.01,0.01,75240.06,1776587166000
1776587168.641,68.641,0.59,0.6,0.4,0.41,0.01,0.01,75240.07,1776587167000
1776587169.042,69.042,0.59,0.6,0.4,0.41,0.01,0.01,75240.07,1776587167000
1776587169.421,69.421,0.59,0.6,0.4,0.41,0.01,0.01,75240.07,1776587168000
1776587169.954,69.954,0.59,0.6,0.4,0.41,0.01,0.01,75240.07,1776587168000
1776587170.295,70.295,0.59,0.6,0.4,0.41,0.01,0.01,75240.08,1776587169000
1776587170.731,70.731,0.59,0.6,0.4,0.41,0.01,0.01,75240.08,1776587169000
1776587171.129,71.129,0.59,0.6,0.4,0.41,0.01,0.01,75240.07,1776587170000
1776587171.664,71.664,0.59,0.6,0.4,0.41,0.01,0.01,75240.07,1776587170000
1776587172.088,72.088,0.59,0.6,0.4,0.41,0.01,0.01,75240.08,1776587171000
1776587172.525,72.525,0.58,0.6,0.4,0.41,0.02,0.01,75240.08,1776587171000
1776587172.884,72.884,0.58,0.59,0.41,0.42,0.01,0.01,75240.08,1776587171000
1776587173.242,73.242,0.57,0.58,0.42,0.43,0.01,0.01,75240.08,1776587172000
1776587173.782,73.782,0.57,0.58,0.42,0.43,0.01,0.01,75240.08,1776587172000
1776587174.133,74.133,0.57,0.58,0.42,0.43,0.01,0.01,75240.09,1776587173000
1776587174.602,74.602,0.57,0.58,0.42,0.43,0.01,0.01,75240.09,1776587173000
1776587175.143,75.143,0.57,0.59,0.42,0.43,0.02,0.01,75240.09,1776587173000
1776587176.245,76.245,0.58,0.59,0.41,0.42,0.01,0.01,75240.09,1776587175000
1776587176.87,76.87,0.58,0.59,0.41,0.42,0.01,0.01,75240.09,1776587175000
1776587177.355,77.355,0.58,0.59,0.41,0.42,0.01,0.01,75240.04,1776587176000
1776587177.876,77.876,0.58,0.59,0.41,0.42,0.01,0.01,75240.04,1776587176000
1776587178.243,78.243,0.58,0.59,0.41,0.42,0.01,0.01,75240.04,1776587176000
1776587178.923,78.923,0.58,0.59,0.41,0.42,0.01,0.01,75238.61,1776587178000
1776587179.711,79.711,0.58,0.59,0.41,0.42,0.01,0.01,75238.61,1776587178000
1776587180.064,80.064,0.58,0.59,0.41,0.42,0.01,0.01,75238.61,1776587179000
1776587180.464,80.464,0.58,0.59,0.41,0.42,0.01,0.01,75238.61,1776587179000
1776587180.976,80.976,0.58,0.59,0.41,0.42,0.01,0.01,75238.61,1776587180000
1776587181.612,81.612,0.58,0.59,0.41,0.42,0.01,0.01,75238.61,1776587180000
1776587181.975,81.975,0.58,0.59,0.41,0.42,0.01,0.01,75238.61,1776587180000
1776587182.504,82.504,0.58,0.59,0.41,0.42,0.01,0.01,75238.61,1776587181000
1776587182.897,82.897,0.58,0.59,0.41,0.42,0.01,0.01,75238.61,1776587181000
1776587183.231,83.231,0.58,0.59,0.41,0.42,0.01,0.01,75238.22,1776587182000
1776587183.628,83.628,0.58,0.59,0.41,0.42,0.01,0.01,75238.22,1776587182000
1776587184.077,84.077,0.58,0.59,0.41,0.42,0.01,0.01,75238.22,1776587182000
1776587184.422,84.422,0.58,0.59,0.41,0.42,0.01,0.01,75238.18,1776587183000
1776587185.249,85.249,0.58,0.59,0.41,0.42,0.01,0.01,75238.18,1776587183000
1776587186.254,86.254,0.58,0.59,0.41,0.42,0.01,0.01,75238.18,1776587184000
1776587186.598,86.598,0.58,0.59,0.41,0.42,0.01,0.01,75238.18,1776587185000
1776587187.203,87.203,0.58,0.59,0.41,0.42,0.01,0.01,75238.18,1776587185000
1776587187.718,87.718,0.58,0.59,0.41,0.42,0.01,0.01,75238.18,1776587185000
1776587188.15,88.15,0.57,0.59,0.41,0.42,0.02,0.01,75238.18,1776587186000
1776587188.551,88.551,0.57,0.59,0.41,0.43,0.02,0.02,75237.43,1776587187000
1776587188.956,88.956,0.57,0.58,0.42,0.43,0.01,0.01,75237.43,1776587187000
1776587189.367,89.367,0.57,0.58,0.42,0.43,0.01,0.01,75237.43,1776587188000
1776587189.746,89.746,0.56,0.57,0.42,0.44,0.01,0.02,75237.43,1776587188000
1776587190.353,90.353,0.56,0.57,0.43,0.44,0.01,0.01,75237.43,1776587189000
1776587190.978,90.978,0.56,0.57,0.43,0.44,0.01,0.01,75237.43,1776587189000
1776587191.46,91.46,0.56,0.57,0.43,0.44,0.01,0.01,75237.43,1776587190000
1776587192.04,92.04,0.56,0.57,0.43,0.44,0.01,0.01,75237.43,1776587191000
1776587192.643,92.643,0.56,0.57,0.43,0.44,0.01,0.01,75237.43,1776587191000
1776587193.035,93.035,0.56,0.57,0.43,0.44,0.01,0.01,75237.43,1776587191000
1776587193.389,93.389,0.56,0.57,0.43,0.44,0.01,0.01,75237.43,1776587192000
1776587193.919,93.919,0.56,0.57,0.43,0.44,0.01,0.01,75237.43,1776587192000
1776587194.516,94.516,0.56,0.57,0.43,0.44,0.01,0.01,75237.46,1776587193000
1776587194.971,94.971,0.56,0.57,0.43,0.44,0.01,0.01,75237.46,1776587193000
1776587195.304,95.304,0.56,0.57,0.43,0.44,0.01,0.01,75237.58,1776587194000
1776587195.946,95.946,0.56,0.57,0.43,0.44,0.01,0.01,75237.58,1776587194000
1776587196.42,96.42,0.56,0.57,0.43,0.44,0.01,0.01,75237.6,1776587195000
1776587197.279,97.279,0.56,0.57,0.43,0.44,0.01,0.01,75237.56,1776587196000
1776587197.847,97.847,0.56,0.57,0.43,0.44,0.01,0.01,75237.56,1776587196000
1776587198.24,98.24,0.56,0.57,0.43,0.44,0.01,0.01,75237.55,1776587197000
1776587198.758,98.758,0.56,0.57,0.43,0.44,0.01,0.01,75237.55,1776587197000
1776587199.255,99.255,0.56,0.57,0.43,0.44,0.01,0.01,75237.56,1776587198000
1776587200.368,100.368,0.56,0.57,0.43,0.44,0.01,0.01,75237.55,1776587199000
1776587200.702,100.702,0.56,0.57,0.43,0.44,0.01,0.01,75237.55,1776587199000
1776587201.257,101.257,0.56,0.57,0.43,0.44,0.01,0.01,75237.55,1776587200000
1776587202.323,102.323,0.56,0.57,0.43,0.44,0.01,0.01,75237.55,1776587200000
1776587202.943,102.943,0.56,0.57,0.43,0.44,0.01,0.01,75237.55,1776587202000
1776587203.654,103.654,0.56,0.57,0.43,0.44,0.01,0.01,75237.55,1776587202000
1776587204.063,104.063,0.56,0.57,0.43,0.44,0.01,0.01,75237.55,1776587202000
1776587204.981,104.981,0.56,0.57,0.43,0.44,0.01,0.01,75237.56,1776587203000
1776587205.317,105.317,0.56,0.57,0.43,0.44,0.01,0.01,75237.57,1776587204000
1776587205.654,105.654,0.56,0.57,0.43,0.44,0.01,0.01,75237.57,1776587204000
1776587206.136,106.136,0.56,0.57,0.43,0.44,0.01,0.01,75237.57,1776587205000
1776587206.597,106.597,0.56,0.57,0.43,0.44,0.01,0.01,75237.57,1776587205000
1776587207.154,107.154,0.56,0.57,0.43,0.44,0.01,0.01,75237.57,1776587205000
1776587208.305,108.305,0.56,0.57,0.43,0.44,0.01,0.01,75239.14,1776587207000
1776587208.974,108.974,0.56,0.57,0.43,0.44,0.01,0.01,75239.14,1776587207000
1776587209.346,109.346,0.56,0.57,0.43,0.44,0.01,0.01,75239.14,1776587208000
1776587209.937,109.937,0.56,0.57,0.43,0.44,0.01,0.01,75239.14,1776587208000
1776587210.925,110.925,0.56,0.57,0.43,0.44,0.01,0.01,75239.14,1776587209000
1776587211.662,111.662,0.56,0.57,0.43,0.44,0.01,0.01,75239.14,1776587210000
1776587212.256,112.256,0.56,0.57,0.43,0.44,0.01,0.01,75235.78,1776587211000
1776587212.662,112.662,0.56,0.57,0.43,0.44,0.01,0.01,75235.78,1776587211000
1776587213.314,113.314,0.56,0.57,0.43,0.44,0.01,0.01,75239.14,1776587212000
1776587213.991,113.991,0.56,0.57,0.43,0.44,0.01,0.01,75239.14,1776587212000
1776587214.542,114.542,0.56,0.57,0.43,0.44,0.01,0.01,75239.15,1776587213000
1776587214.899,114.899,0.56,0.57,0.43,0.44,0.01,0.01,75239.15,1776587213000
1776587215.264,115.264,0.58,0.59,0.41,0.42,0.01,0.01,75239.15,1776587213000
1776587215.813,115.813,0.59,0.6,0.4,0.41,0.01,0.01,75239.14,1776587214000
1776587216.299,116.299,0.6,0.61,0.39,0.4,0.01,0.01,75239.14,1776587215000
1776587216.659,116.659,0.6,0.61,0.39,0.4,0.01,0.01,75239.14,1776587215000
1776587217.154,117.154,0.6,0.61,0.39,0.4,0.01,0.01,75239.14,1776587216000
1776587217.525,117.525,0.6,0.61,0.39,0.4,0.01,0.01,75239.14,1776587216000
1776587217.942,117.942,0.6,0.61,0.39,0.4,0.01,0.01,75239.14,1776587216000
1776587218.871,118.871,0.6,0.61,0.39,0.4,0.01,0.01,75242.46,1776587217000
1776587219.526,119.526,0.6,0.61,0.39,0.4,0.01,0.01,75242.46,1776587218000
1776587219.902,119.902,0.6,0.61,0.39,0.4,0.01,0.01,75242.46,1776587218000
1776587220.237,120.237,0.6,0.61,0.39,0.4,0.01,0.01,75242.46,1776587218000
1776587221.005,121.005,0.6,0.61,0.39,0.4,0.01,0.01,75242.46,1776587219000
1776587221.715,121.715,0.6,0.61,0.39,0.4,0.01,0.01,75242.46,1776587220000
1776587222.094,122.094,0.6,0.61,0.39,0.4,0.01,0.01,75242.46,1776587220000
1776587222.742,122.742,0.6,0.61,0.39,0.4,0.01,0.01,75242.49,1776587221000
1776587223.788,123.788,0.6,0.61,0.39,0.4,0.01,0.01,75242.44,1776587222000
1776587224.233,124.233,0.6,0.61,0.39,0.4,0.01,0.01,75242.44,1776587222000
1776587224.789,124.789,0.61,0.62,0.38,0.4,0.01,0.02,75242.44,1776587223000
1776587225.217,125.217,0.61,0.62,0.38,0.39,0.01,0.01,75242.44,1776587224000
1776587225.59,125.59,0.61,0.62,0.38,0.39,0.01,0.01,75242.44,1776587224000
1776587226.048,126.048,0.58,0.6,0.4,0.42,0.02,0.02,75242.44,1776587224000
1776587226.613,126.613,0.56,0.57,0.42,0.44,0.01,0.02,75242.44,1776587225000
1776587227.021,127.021,0.56,0.57,0.43,0.44,0.01,0.01,75242.44,1776587225000
1776587227.587,127.587,0.56,0.57,0.43,0.44,0.01,0.01,75242.44,1776587225000
1776587227.927,127.927,0.56,0.57,0.43,0.44,0.01,0.01,75242.42,1776587226000
1776587228.265,128.265,0.56,0.57,0.43,0.44,0.01,0.01,75240.76,1776587227000
1776587228.603,128.603,0.56,0.57,0.43,0.44,0.01,0.01,75240.76,1776587227000
1776587228.942,128.942,0.56,0.57,0.43,0.44,0.01,0.01,75240.76,1776587227000
1776587229.364,129.364,0.56,0.57,0.43,0.44,0.01,0.01,75240.76,1776587227000
1776587229.709,129.709,0.56,0.57,0.43,0.44,0.01,0.01,75239.27,1776587228000
1776587230.067,130.067,0.56,0.57,0.43,0.44,0.01,0.01,75239.27,1776587228000
1776587230.465,130.465,0.56,0.57,0.43,0.44,0.01,0.01,75239.27,1776587228000
1776587230.936,130.936,0.56,0.57,0.43,0.44,0.01,0.01,75237.25,1776587229000
1776587231.406,131.406,0.56,0.57,0.43,0.44,0.01,0.01,75239.14,1776587230000
1776587232.002,132.002,0.56,0.57,0.43,0.44,0.01,0.01,75239.14,1776587231000
1776587232.503,132.503,0.56,0.57,0.43,0.44,0.01,0.01,75239.14,1776587231000
1776587232.876,132.876,0.56,0.57,0.43,0.44,0.01,0.01,75238.75,1776587232000
1776587233.347,133.347,0.56,0.57,0.43,0.44,0.01,0.01,75238.75,1776587232000
1776587233.865,133.865,0.56,0.57,0.43,0.44,0.01,0.01,75238.75,1776587232000
1776587234.806,134.806,0.56,0.57,0.43,0.44,0.01,0.01,75239.14,1776587233000
1776587235.572,135.572,0.57,0.58,0.43,0.44,0.01,0.01,75239.15,1776587234000
1776587235.921,135.921,0.57,0.58,0.42,0.43,0.01,0.01,75239.15,1776587235000
1776587236.49,136.49,0.57,0.58,0.42,0.43,0.01,0.01,75239.15,1776587235000
1776587236.91,136.91,0.58,0.59,0.41,0.42,0.01,0.01,75239.14,1776587236000
1776587237.556,137.556,0.58,0.59,0.41,0.42,0.01,0.01,75239.14,1776587236000
1776587237.953,137.953,0.58,0.59,0.41,0.42,0.01,0.01,75239.53,1776587237000
1776587238.387,138.387,0.58,0.59,0.41,0.42,0.01,0.01,75239.53,1776587237000
1776587238.946,138.946,0.58,0.59,0.41,0.42,0.01,0.01,75239.53,1776587238000
1776587239.497,139.497,0.58,0.59,0.41,0.42,0.01,0.01,75239.53,1776587238000
1776587239.845,139.845,0.58,0.59,0.41,0.42,0.01,0.01,75239.53,1776587238000
1776587240.367,140.367,0.58,0.59,0.41,0.42,0.01,0.01,75239.53,1776587239000
1776587240.795,140.795,0.58,0.59,0.41,0.42,0.01,0.01,75239.53,1776587239000
1776587241.214,141.214,0.58,0.59,0.41,0.42,0.01,0.01,75239.51,1776587240000
1776587241.634,141.634,0.58,0.59,0.41,0.42,0.01,0.01,75239.51,1776587240000
1776587242.78,142.78,0.58,0.59,0.41,0.42,0.01,0.01,75239.51,1776587241000
1776587244.35,144.35,0.58,0.59,0.41,0.42,0.01,0.01,75239.39,1776587242000
1776587244.881,144.881,0.58,0.59,0.41,0.42,0.01,0.01,75239.39,1776587243000
1776587245.981,145.981,0.58,0.59,0.41,0.42,0.01,0.01,75239.39,1776587243000
1776587246.537,146.537,0.58,0.59,0.41,0.42,0.01,0.01,75235.18,1776587244000
1776587246.92,146.92,0.58,0.59,0.41,0.42,0.01,0.01,75239.42,1776587245000
1776587247.261,147.261,0.58,0.59,0.41,0.42,0.01,0.01,75239.42,1776587245000
1776587247.617,147.617,0.57,0.58,0.41,0.43,0.01,0.02,75239.56,1776587246000
1776587248.143,148.143,0.57,0.58,0.42,0.43,0.01,0.01,75239.56,1776587246000
1776587248.514,148.514,0.57,0.58,0.42,0.43,0.01,0.01,75239.42,1776587247000
1776587248.851,148.851,0.57,0.58,0.42,0.43,0.01,0.01,75239.42,1776587247000
1776587249.235,149.235,0.57,0.58,0.42,0.43,0.01,0.01,75239.77,1776587248000
1776587249.725,149.725,0.57,0.58,0.42,0.43,0.01,0.01,75239.77,1776587248000
1776587250.149,150.149,0.57,0.58,0.42,0.43,0.01,0.01,75239.77,1776587248000
1776587250.618,150.618,0.57,0.58,0.42,0.43,0.01,0.01,75239.77,1776587248000
1776587251.524,151.524,0.57,0.58,0.41,0.43,0.01,0.02,75239.31,1776587249000
1776587251.999,151.999,0.58,0.59,0.41,0.42,0.01,0.01,75239.3,1776587250000
1776587252.512,152.512,0.58,0.59,0.41,0.42,0.01,0.01,75239.3,1776587251000
1776587253.01,153.01,0.57,0.58,0.41,0.42,0.01,0.01,75239.3,1776587251000
1776587254.14,154.14,0.57,0.58,0.42,0.43,0.01,0.01,75239.31,1776587253000
1776587254.884,154.884,0.58,0.59,0.41,0.42,0.01,0.01,75239.31,1776587253000
1776587255.498,155.498,0.58,0.59,0.41,0.42,0.01,0.01,75239.31,1776587253000
1776587256.154,156.154,0.58,0.59,0.41,0.42,0.01,0.01,75239.32,1776587254000
1776587256.531,156.531,0.58,0.59,0.41,0.42,0.01,0.01,75241.71,1776587255000
1776587256.972,156.972,0.58,0.59,0.41,0.42,0.01,0.01,75241.71,1776587255000
1776587257.395,157.395,0.58,0.59,0.41,0.42,0.01,0.01,75239.35,1776587256000
1776587257.86,157.86,0.58,0.59,0.41,0.42,0.01,0.01,75239.35,1776587256000
1776587259.629,159.629,0.58,0.59,0.41,0.42,0.01,0.01,75239.12,1776587257000
1776587260.05,160.05,0.58,0.59,0.41,0.42,0.01,0.01,75239.31,1776587258000
1776587260.45,160.45,0.58,0.59,0.41,0.42,0.01,0.01,75239.25,1776587259000
1776587260.816,160.816,0.58,0.59,0.41,0.42,0.01,0.01,75239.25,1776587259000
1776587261.288,161.288,0.58,0.59,0.41,0.42,0.01,0.01,75239.25,1776587260000
1776587261.643,161.643,0.58,0.59,0.41,0.42,0.01,0.01,75239.25,1776587260000
1776587262.364,162.364,0.57,0.58,0.42,0.44,0.01,0.02,75239.25,1776587260000
1776587262.876,162.876,0.57,0.58,0.42,0.43,0.01,0.01,75239.07,1776587261000
1776587263.472,163.472,0.57,0.58,0.42,0.43,0.01,0.01,75239.07,1776587261000
1776587263.861,163.861,0.57,0.58,0.42,0.43,0.01,0.01,75239.03,1776587262000
1776587264.59,164.59,0.57,0.58,0.42,0.43,0.01,0.01,75239.03,1776587262000
1776587265.006,165.006,0.57,0.58,0.42,0.43,0.01,0.01,75238.71,1776587263000
1776587265.352,165.352,0.57,0.58,0.42,0.43,0.01,0.01,75238.71,1776587263000
1776587265.863,165.863,0.57,0.58,0.42,0.43,0.01,0.01,75238.71,1776587263000
1776587266.2,166.2,0.57,0.58,0.42,0.43,0.01,0.01,75238.7,1776587265000
1776587266.533,166.533,0.57,0.58,0.42,0.43,0.01,0.01,75238.7,1776587265000
1776587266.886,166.886,0.57,0.58,0.42,0.43,0.01,0.01,75238.7,1776587265000
1776587267.484,167.484,0.57,0.58,0.42,0.43,0.01,0.01,75238.7,1776587265000
1776587268.201,168.201,0.57,0.58,0.42,0.43,0.01,0.01,75238.57,1776587266000
1776587268.94,168.94,0.57,0.58,0.42,0.43,0.01,0.01,75238.56,1776587268000
1776587269.306,169.306,0.57,0.59,0.42,0.43,0.02,0.01,75238.56,1776587268000
1776587269.808,169.808,0.58,0.59,0.41,0.42,0.01,0.01,75238.56,1776587268000
1776587270.386,170.386,0.58,0.59,0.41,0.42,0.01,0.01,75238.95,1776587269000
1776587270.785,170.785,0.58,0.59,0.41,0.42,0.01,0.01,75238.95,1776587269000
1776587271.134,171.134,0.58,0.59,0.41,0.42,0.01,0.01,75239.09,1776587270000
1776587272.18,172.18,0.58,0.59,0.41,0.42,0.01,0.01,75239.09,1776587270000
1776587272.658,172.658,0.58,0.59,0.41,0.42,0.01,0.01,75239.05,1776587271000
1776587273.335,173.335,0.58,0.6,0.41,0.42,0.02,0.01,75239.05,1776587271000
1776587274.17,174.17,0.59,0.6,0.4,0.41,0.01,0.01,75238.89,1776587272000
1776587274.543,174.543,0.59,0.6,0.4,0.41,0.01,0.01,75238.96,1776587273000
1776587275.013,175.013,0.59,0.6,0.4,0.41,0.01,0.01,75238.96,1776587273000
1776587275.507,175.507,0.59,0.6,0.4,0.41,0.01,0.01,75239.28,1776587274000
1776587275.924,175.924,0.59,0.6,0.4,0.41,0.01,0.01,75239.28,1776587274000
1776587276.336,176.336,0.59,0.6,0.4,0.41,0.01,0.01,75239.28,1776587274000
1776587276.677,176.677,0.59,0.6,0.4,0.41,0.01,0.01,75238.48,1776587275000
1776587277.252,177.252,0.59,0.6,0.4,0.41,0.01,0.01,75238.53,1776587276000
1776587277.712,177.712,0.6,0.61,0.4,0.41,0.01,0.01,75238.53,1776587276000
1776587278.823,178.823,0.6,0.62,0.39,0.4,0.02,0.01,75238.55,1776587277000
1776587279.213,179.213,0.61,0.63,0.37,0.39,0.02,0.02,75238.55,1776587278000
1776587279.949,179.949,0.61,0.63,0.37,0.39,0.02,0.02,75238.55,1776587279000
1776587280.29,180.29,0.61,0.65,0.35,0.39,0.04,0.04,75238.55,1776587279000
1776587281.1,181.1,0.62,0.65,0.35,0.38,0.03,0.03,75239.72,1776587280000
1776587281.7,181.7,0.62,0.65,0.35,0.37,0.03,0.02,75239.72,1776587280000
1776587282.072,182.072,0.64,0.65,0.35,0.37,0.01,0.02,75239.72,1776587280000
1776587282.41,182.41,0.64,0.67,0.35,0.36,0.03,0.01,75239.72,1776587280000
1776587282.815,182.815,0.64,0.65,0.35,0.36,0.01,0.01,75239.72,1776587280000
1776587283.435,183.435,0.64,0.66,0.33,0.35,0.02,0.02,75241.22,1776587281000
1776587284.056,184.056,0.64,0.66,0.34,0.36,0.02,0.02,75241.11,1776587283000
1776587285.187,185.187,0.64,0.66,0.34,0.36,0.02,0.02,75241.11,1776587283000
1776587285.54,185.54,0.65,0.66,0.33,0.35,0.01,0.02,75241.11,1776587284000
1776587285.897,185.897,0.65,0.66,0.34,0.35,0.01,0.01,75241.11,1776587284000
1776587286.353,186.353,0.65,0.66,0.34,0.35,0.01,0.01,75241.11,1776587284000
1776587286.705,186.705,0.65,0.66,0.34,0.35,0.01,0.01,75241.11,1776587285000
1776587287.041,187.041,0.65,0.67,0.33,0.35,0.02,0.02,75241.11,1776587285000
1776587287.434,187.434,0.65,0.67,0.33,0.35,0.02,0.02,75241.13,1776587286000
1776587287.888,187.888,0.7,0.73,0.27,0.3,0.03,0.03,75241.13,1776587286000
1776587288.241,188.241,0.7,0.72,0.28,0.3,0.02,0.02,75241.13,1776587286000
1776587288.692,188.692,0.71,0.72,0.28,0.3,0.01,0.02,75242.74,1776587287000
1776587289.026,189.026,0.71,0.72,0.28,0.29,0.01,0.01,75242.74,1776587287000
1776587289.485,189.485,0.73,0.74,0.26,0.27,0.01,0.01,75246.64,1776587288000
1776587289.841,189.841,0.73,0.74,0.26,0.27,0.01,0.01,75246.64,1776587288000
1776587290.177,190.177,0.73,0.74,0.26,0.27,0.01,0.01,75247.35,1776587289000
1776587290.607,190.607,0.73,0.74,0.26,0.27,0.01,0.01,75247.35,1776587289000
1776587290.995,190.995,0.73,0.74,0.26,0.27,0.01,0.01,75247.35,1776587289000
1776587291.353,191.353,0.73,0.74,0.26,0.27,0.01,0.01,75247.83,1776587290000
1776587291.704,191.704,0.74,0.75,0.25,0.26,0.01,0.01,75247.83,1776587290000
1776587292.039,192.039,0.74,0.75,0.25,0.26,0.01,0.01,75247.83,1776587290000
1776587292.393,192.393,0.74,0.75,0.25,0.26,0.01,0.01,75247.83,1776587291000
1776587292.727,192.727,0.74,0.75,0.25,0.26,0.01,0.01,75247.83,1776587291000
1776587293.075,193.075,0.74,0.75,0.25,0.26,0.01,0.01,75247.83,1776587291000
1776587294.056,194.056,0.74,0.75,0.25,0.26,0.01,0.01,75247.83,1776587292000
1776587294.531,194.531,0.74,0.75,0.25,0.26,0.01,0.01,75247.6,1776587293000
1776587294.932,194.932,0.74,0.75,0.25,0.26,0.01,0.01,75247.6,1776587293000
1776587295.401,195.401,0.74,0.75,0.25,0.26,0.01,0.01,75247.59,1776587294000
1776587295.847,195.847,0.74,0.75,0.25,0.26,0.01,0.01,75247.59,1776587294000
1776587296.19,196.19,0.74,0.76,0.25,0.26,0.02,0.01,75247.63,1776587295000
1776587296.56,196.56,0.75,0.76,0.24,0.25,0.01,0.01,75247.63,1776587295000
1776587296.899,196.899,0.75,0.76,0.24,0.25,0.01,0.01,75247.63,1776587295000
1776587297.34,197.34,0.75,0.76,0.24,0.25,0.01,0.01,75247.63,1776587295000
1776587297.68,197.68,0.75,0.76,0.24,0.25,0.01,0.01,75247.68,1776587296000
1776587298.057,198.057,0.64,0.67,0.33,0.35,0.03,0.02,75247.68,1776587296000
1776587298.401,198.401,0.59,0.61,0.38,0.41,0.02,0.03,75247.56,1776587297000
1776587298.962,198.962,0.59,0.6,0.4,0.41,0.01,0.01,75247.56,1776587297000
1776587299.352,199.352,0.59,0.6,0.4,0.41,0.01,0.01,75247.54,1776587298000
1776587299.693,199.693,0.59,0.6,0.4,0.41,0.01,0.01,75247.54,1776587298000
1776587300.247,200.247,0.59,0.6,0.4,0.41,0.01,0.01,75247.54,1776587298000
1776587300.76,200.76,0.59,0.6,0.4,0.41,0.01,0.01,75239.71,1776587299000
1776587301.164,201.164,0.59,0.6,0.4,0.41,0.01,0.01,75239.02,1776587300000
1776587301.618,201.618,0.59,0.6,0.4,0.41,0.01,0.01,75239.02,1776587300000
1776587301.968,201.968,0.59,0.6,0.4,0.41,0.01,0.01,75239.02,1776587300000
1776587302.459,202.459,0.59,0.6,0.4,0.41,0.01,0.01,75239.03,1776587301000
1776587303.169,203.169,0.59,0.6,0.4,0.41,0.01,0.01,75239.06,1776587302000
1776587303.867,203.867,0.59,0.6,0.4,0.41,0.01,0.01,75239.06,1776587302000
1776587304.207,204.207,0.59,0.6,0.4,0.41,0.01,0.01,75239.06,1776587303000
1776587304.585,204.585,0.59,0.6,0.4,0.41,0.01,0.01,75239.06,1776587303000
1776587304.954,204.954,0.59,0.6,0.4,0.41,0.01,0.01,75239.06,1776587303000
1776587305.388,205.388,0.59,0.6,0.4,0.41,0.01,0.01,75236.63,1776587304000
1776587305.768,205.768,0.59,0.6,0.4,0.41,0.01,0.01,75236.63,1776587304000
1776587306.186,206.186,0.59,0.6,0.4,0.41,0.01,0.01,75239.01,1776587305000
1776587306.545,206.545,0.39,0.44,0.56,0.61,0.05,0.05,75239.01,1776587305000
1776587306.915,206.915,0.39,0.4,0.59,0.61,0.01,0.02,75239.01,1776587305000
1776587307.277,207.277,0.28,0.31,0.63,0.72,0.03,0.09,75239.01,1776587305000
1776587307.613,207.613,0.24,0.29,0.71,0.76,0.05,0.05,75239.01,1776587305000
1776587307.948,207.948,0.15,0.17,0.83,0.85,0.02,0.02,75236.68,1776587306000
1776587308.288,208.288,0.16,0.17,0.83,0.84,0.01,0.01,75236.68,1776587306000
1776587308.626,208.626,0.16,0.17,0.83,0.84,0.01,0.01,75229.54,1776587307000
1776587308.962,208.962,0.16,0.17,0.81,0.84,0.01,0.03,75229.54,1776587307000
1776587309.338,209.338,0.19,0.22,0.8,0.82,0.03,0.02,75224.44,1776587308000
1776587309.708,209.708,0.2,0.21,0.79,0.8,0.01,0.01,75224.44,1776587308000
1776587310.05,210.05,0.21,0.22,0.78,0.79,0.01,0.01,75224.44,1776587308000
1776587310.384,210.384,0.21,0.22,0.78,0.79,0.01,0.01,75211.77,1776587309000
1776587310.758,210.758,0.22,0.23,0.76,0.78,0.01,0.02,75211.77,1776587309000
1776587311.103,211.103,0.23,0.24,0.77,0.78,0.01,0.01,75211.77,1776587309000
1776587311.452,211.452,0.23,0.24,0.76,0.77,0.01,0.01,75212.21,1776587310000
1776587311.791,211.791,0.23,0.24,0.76,0.77,0.01,0.01,75212.21,1776587310000
1776587312.134,212.134,0.24,0.25,0.75,0.76,0.01,0.01,75212.21,1776587310000
1776587312.48,212.48,0.24,0.25,0.75,0.76,0.01,0.01,75214.19,1776587311000
1776587312.843,212.843,0.24,0.25,0.75,0.76,0.01,0.01,75214.19,1776587311000
1776587313.194,213.194,0.24,0.25,0.75,0.76,0.01,0.01,75214.19,1776587311000
1776587313.561,213.561,0.25,0.26,0.74,0.75,0.01,0.01,75214.06,1776587312000
1776587313.919,213.919,0.25,0.26,0.74,0.75,0.01,0.01,75214.06,1776587312000
1776587314.343,214.343,0.25,0.26,0.74,0.75,0.01,0.01,75214.06,1776587313000
1776587314.693,214.693,0.25,0.26,0.74,0.75,0.01,0.01,75214.06,1776587313000
1776587315.095,215.095,0.22,0.23,0.74,0.75,0.01,0.01,75215.53,1776587314000
1776587315.455,215.455,0.19,0.2,0.77,0.82,0.01,0.05,75215.53,1776587314000
1776587315.796,215.796,0.17,0.18,0.82,0.83,0.01,0.01,75215.53,1776587314000
1776587316.177,216.177,0.17,0.18,0.82,0.83,0.01,0.01,75215.53,1776587314000
1776587316.557,216.557,0.16,0.17,0.82,0.83,0.01,0.01,75215.86,1776587315000
1776587316.891,216.891,0.16,0.17,0.83,0.84,0.01,0.01,75213.04,1776587316000
1776587317.385,217.385,0.16,0.17,0.83,0.84,0.01,0.01,75213.04,1776587316000
1776587317.906,217.906,0.16,0.17,0.83,0.84,0.01,0.01,75211.45,1776587317000
1776587318.347,218.347,0.16,0.17,0.83,0.84,0.01,0.01,75211.45,1776587317000
1776587318.877,218.877,0.16,0.17,0.83,0.84,0.01,0.01,75211.45,1776587318000
1776587319.309,219.309,0.16,0.17,0.83,0.84,0.01,0.01,75211.45,1776587318000
1776587319.916,219.916,0.16,0.17,0.83,0.84,0.01,0.01,75211.45,1776587318000
1776587320.253,220.253,0.16,0.17,0.83,0.84,0.01,0.01,75211.23,1776587319000
1776587320.596,220.596,0.16,0.17,0.83,0.84,0.01,0.01,75211.23,1776587319000
1776587320.949,220.949,0.16,0.17,0.83,0.84,0.01,0.01,75211.23,1776587320000
1776587321.347,221.347,0.16,0.17,0.83,0.84,0.01,0.01,75211.23,1776587320000
1776587321.804,221.804,0.16,0.17,0.83,0.84,0.01,0.01,75211.23,1776587320000
1776587322.269,222.269,0.16,0.17,0.83,0.84,0.01,0.01,75211.23,1776587321000
1776587322.635,222.635,0.17,0.18,0.82,0.83,0.01,0.01,75211.23,1776587321000
1776587323.041,223.041,0.18,0.19,0.81,0.82,0.01,0.01,75211.25,1776587322000
1776587323.427,223.427,0.17,0.18,0.81,0.83,0.01,0.02,75211.25,1776587322000
1776587323.861,223.861,0.17,0.18,0.82,0.83,0.01,0.01,75211.25,1776587322000
1776587324.252,224.252,0.17,0.18,0.82,0.83,0.01,0.01,75211.25,1776587323000
1776587324.629,224.629,0.17,0.18,0.82,0.83,0.01,0.01,75211.25,1776587323000
1776587325.131,225.131,0.17,0.18,0.82,0.83,0.01,0.01,75211.25,1776587323000
1776587325.746,225.746,0.17,0.18,0.82,0.83,0.01,0.01,75212.08,1776587324000
1776587326.168,226.168,0.17,0.18,0.82,0.83,0.01,0.01,75212.08,1776587324000
1776587326.521,226.521,0.17,0.18,0.82,0.83,0.01,0.01,75211.9,1776587325000
1776587327.04,227.04,0.17,0.18,0.82,0.83,0.01,0.01,75211.9,1776587325000
1776587327.498,227.498,0.15,0.16,0.83,0.84,0.01,0.01,75211.89,1776587326000
1776587327.87,227.87,0.15,0.16,0.84,0.85,0.01,0.01,75211.89,1776587326000
1776587328.331,228.331,0.15,0.16,0.84,0.85,0.01,0.01,75211.89,1776587327000
1776587328.732,228.732,0.15,0.16,0.84,0.85,0.01,0.01,75211.89,1776587327000
1776587329.164,229.164,0.15,0.16,0.84,0.85,0.01,0.01,75211.92,1776587328000
1776587329.611,229.611,0.15,0.16,0.84,0.85,0.01,0.01,75211.92,1776587328000
1776587330.001,230.001,0.14,0.16,0.84,0.86,0.02,0.02,75211.9,1776587329000
1776587330.407,230.407,0.14,0.15,0.85,0.86,0.01,0.01,75211.9,1776587329000
1776587330.797,230.797,0.14,0.15,0.85,0.86,0.01,0.01,75211.9,1776587329000
1776587331.312,231.312,0.14,0.15,0.85,0.86,0.01,0.01,75211.86,1776587330000
1776587331.969,231.969,0.13,0.14,0.86,0.87,0.01,0.01,75211.86,1776587330000
1776587332.497,232.497,0.13,0.14,0.86,0.87,0.01,0.01,75211.68,1776587331000
1776587332.837,232.837,0.13,0.14,0.86,0.87,0.01,0.01,75211.68,1776587331000
1776587333.19,233.19,0.13,0.14,0.86,0.87,0.01,0.01,75211.68,1776587331000
1776587333.544,233.544,0.13,0.14,0.86,0.87,0.01,0.01,75211.69,1776587332000
1776587333.936,233.936,0.12,0.14,0.86,0.88,0.02,0.02,75211.69,1776587333000
1776587334.271,234.271,0.12,0.13,0.87,0.88,0.01,0.01,75211.69,1776587333000
1776587334.609,234.609,0.12,0.13,0.87,0.88,0.01,0.01,75211.69,1776587333000
1776587335.02,235.02,0.12,0.13,0.87,0.88,0.01,0.01,75211.69,1776587333000
1776587335.37,235.37,0.12,0.13,0.87,0.88,0.01,0.01,75211.69,1776587334000
1776587335.73,235.73,0.12,0.13,0.87,0.88,0.01,0.01,75211.69,1776587334000
1776587336.214,236.214,0.12,0.13,0.87,0.88,0.01,0.01,75211.69,1776587334000
1776587336.681,236.681,0.12,0.13,0.87,0.88,0.01,0.01,75211.69,1776587335000
1776587337.077,237.077,0.12,0.13,0.87,0.88,0.01,0.01,75211.69,1776587335000
1776587337.442,237.442,0.12,0.13,0.87,0.88,0.01,0.01,75211.76,1776587336000
1776587337.862,237.862,0.11,0.12,0.87,0.89,0.01,0.02,75211.76,1776587336000
1776587338.272,238.272,0.1,0.11,0.88,0.9,0.01,0.02,75211.75,1776587337000
1776587338.662,238.662,0.1,0.11,0.89,0.9,0.01,0.01,75211.75,1776587337000
1776587338.998,238.998,0.1,0.11,0.89,0.9,0.01,0.01,75211.67,1776587338000
1776587339.342,239.342,0.1,0.11,0.89,0.9,0.01,0.01,75211.67,1776587338000
1776587339.759,239.759,0.1,0.11,0.89,0.9,0.01,0.01,75211.67,1776587338000
1776587340.264,240.264,0.1,0.11,0.89,0.9,0.01,0.01,75211.52,1776587339000
1776587340.609,240.609,0.1,0.11,0.89,0.9,0.01,0.01,75211.52,1776587339000
1776587340.993,240.993,0.1,0.11,0.89,0.9,0.01,0.01,75211.52,1776587339000
1776587341.352,241.352,0.1,0.11,0.89,0.9,0.01,0.01,75211.51,1776587340000
1776587341.769,241.769,0.1,0.11,0.89,0.9,0.01,0.01,75211.51,1776587340000
1776587342.262,242.262,0.1,0.11,0.89,0.9,0.01,0.01,75211.51,1776587340000
1776587342.6,242.6,0.09,0.11,0.89,0.9,0.02,0.01,75211.52,1776587341000
1776587342.989,242.989,0.09,0.1,0.9,0.91,0.01,0.01,75211.31,1776587342000
1776587343.44,243.44,0.09,0.1,0.9,0.91,0.01,0.01,75211.31,1776587342000
1776587343.911,243.911,0.08,0.09,0.91,0.92,0.01,0.01,75211.31,1776587342000
1776587344.289,244.289,0.08,0.09,0.91,0.92,0.01,0.01,75211.27,1776587343000
1776587344.786,244.786,0.07,0.08,0.91,0.93,0.01,0.02,75211.27,1776587343000
1776587345.192,245.192,0.06,0.08,0.92,0.94,0.02,0.02,75211.27,1776587343000
1776587345.633,245.633,0.05,0.06,0.93,0.95,0.01,0.02,75211.27,1776587344000
1776587346.05,246.05,0.05,0.06,0.94,0.95,0.01,0.01,75211.27,1776587345000
1776587346.529,246.529,0.05,0.06,0.94,0.95,0.01,0.01,75211.27,1776587345000
1776587346.966,246.966,0.04,0.05,0.95,0.96,0.01,0.01,75211.27,1776587345000
1776587347.306,247.306,0.04,0.05,0.95,0.96,0.01,0.01,75208.43,1776587346000
1776587347.651,247.651,0.04,0.05,0.95,0.96,0.01,0.01,75208.43,1776587346000
1776587347.998,247.998,0.03,0.04,0.96,0.97,0.01,0.01,75208.43,1776587346000
1776587348.334,248.334,0.03,0.04,0.96,0.97,0.01,0.01,75207.9,1776587347000
1776587348.85,248.85,0.02,0.03,0.96,0.98,0.01,0.02,75207.9,1776587347000
1776587349.231,249.231,0.02,0.03,0.97,0.98,0.01,0.01,75207.9,1776587347000
1776587349.717,249.717,0.02,0.03,0.97,0.98,0.01,0.01,75202.69,1776587348000
1776587350.097,250.097,0.02,0.03,0.97,0.98,0.01,0.01,75198.11,1776587349000
1776587350.469,250.469,0.02,0.03,0.97,0.98,0.01,0.01,75198.11,1776587349000
1776587351.09,251.09,0.02,0.03,0.97,0.98,0.01,0.01,75198.11,1776587349000
1776587351.894,251.894,0.02,0.03,0.97,0.98,0.01,0.01,75198.34,1776587350000
1776587352.29,252.29,0.02,0.03,0.97,0.98,0.01,0.01,75198.34,1776587350000
1776587352.63,252.63,0.02,0.03,0.97,0.98,0.01,0.01,75198.03,1776587351000
1776587352.98,252.98,0.02,0.03,0.97,0.98,0.01,0.01,75196.78,1776587352000
1776587353.357,253.357,0.02,0.03,0.97,0.98,0.01,0.01,75196.78,1776587352000
1776587353.798,253.798,0.02,0.03,0.97,0.98,0.01,0.01,75196.78,1776587352000
1776587354.171,254.171,0.02,0.03,0.97,0.98,0.01,0.01,75196.78,1776587352000
1776587354.677,254.677,0.02,0.03,0.97,0.98,0.01,0.01,75194.73,1776587353000
1776587355.315,255.315,0.02,0.03,0.97,0.98,0.01,0.01,75194.73,1776587353000
1776587355.675,255.675,0.02,0.03,0.97,0.98,0.01,0.01,75193.61,1776587354000
1776587356.047,256.047,0.02,0.03,0.97,0.98,0.01,0.01,75193.61,1776587354000
1776587356.633,256.633,0.02,0.03,0.97,0.98,0.01,0.01,75193.61,1776587355000
1776587357.283,257.283,0.02,0.03,0.97,0.98,0.01,0.01,75193.61,1776587355000
1776587357.616,257.616,0.02,0.03,0.97,0.98,0.01,0.01,75193.85,1776587356000
1776587358.15,258.15,0.02,0.03,0.97,0.98,0.01,0.01,75193.85,1776587356000
1776587358.573,258.573,0.02,0.03,0.97,0.98,0.01,0.01,75194.03,1776587357000
1776587358.959,258.959,0.02,0.03,0.97,0.98,0.01,0.01,75194.03,1776587357000
1776587359.351,259.351,0.02,0.03,0.97,0.98,0.01,0.01,75194.82,1776587358000
1776587359.838,259.838,0.01,0.03,0.97,0.98,0.02,0.01,75194.82,1776587358000
1776587360.209,260.209,0.01,0.02,0.98,0.99,0.01,0.01,75194.82,1776587358000
1776587360.542,260.542,0.01,0.02,0.98,0.99,0.01,0.01,75196.29,1776587359000
1776587360.987,260.987,0.01,0.02,0.98,0.99,0.01,0.01,75196.29,1776587359000
1776587361.329,261.329,0.01,0.02,0.98,0.99,0.01,0.01,75196.29,1776587359000
1776587361.922,261.922,0.01,0.02,0.98,0.99,0.01,0.01,75197.67,1776587360000
1776587362.329,262.329,0.01,0.02,0.98,0.99,0.01,0.01,75197.68,1776587361000
1776587363.233,263.233,0.01,0.02,0.98,0.99,0.01,0.01,75197.66,1776587362000
1776587363.743,263.743,0.01,0.02,0.98,0.99,0.01,0.01,75197.66,1776587362000
1776587364.1,264.1,0.01,0.02,0.98,0.99,0.01,0.01,75197.66,1776587362000
1776587364.764,264.764,0.01,0.02,0.98,0.99,0.01,0.01,75197.66,1776587363000
1776587365.725,265.725,0.01,0.02,0.98,0.99,0.01,0.01,75196.46,1776587364000
1776587366.105,266.105,0.01,0.02,0.98,0.99,0.01,0.01,75196.46,1776587364000
1776587366.484,266.484,0.01,0.02,0.98,0.99,0.01,0.01,75196.46,1776587365000
1776587367.072,267.072,0.01,0.02,0.98,0.99,0.01,0.01,75196.46,1776587365000
1776587367.519,267.519,0.01,0.02,0.98,0.99,0.01,0.01,75196.26,1776587366000
1776587368.11,268.11,0.02,0.03,0.98,0.99,0.01,0.01,75196.26,1776587366000
1776587368.55,268.55,0.01,0.02,0.98,0.99,0.01,0.01,75193.91,1776587367000
1776587369.473,269.473,0.01,0.02,0.98,0.99,0.01,0.01,75193.91,1776587368000
1776587369.882,269.882,0.01,0.02,0.98,0.99,0.01,0.01,75193.91,1776587368000
1776587370.432,270.432,0.01,0.02,0.98,0.99,0.01,0.01,75193.91,1776587368000
1776587370.971,270.971,0.01,0.02,0.98,0.99,0.01,0.01,75191.47,1776587369000
1776587371.375,271.375,0.01,0.02,0.98,0.99,0.01,0.01,75191.46,1776587370000
1776587371.717,271.717,0.01,0.02,0.98,0.99,0.01,0.01,75191.46,1776587370000
1776587372.103,272.103,0.01,0.02,0.98,0.99,0.01,0.01,75191.46,1776587370000
1776587372.46,272.46,0.01,0.02,0.98,0.99,0.01,0.01,75191.46,1776587371000
1776587372.8,272.8,0.01,0.02,0.98,0.99,0.01,0.01,75191.46,1776587371000
1776587373.163,273.163,0.01,0.02,0.98,0.99,0.01,0.01,75191.46,1776587371000
1776587373.518,273.518,0.01,0.02,0.98,0.99,0.01,0.01,75191.07,1776587372000
1776587373.865,273.865,0.01,0.02,0.98,0.99,0.01,0.01,75191.07,1776587372000
1776587374.22,274.22,0.01,0.02,0.98,0.99,0.01,0.01,75191.07,1776587372000
1776587374.652,274.652,0.01,0.02,0.98,0.99,0.01,0.01,75188.4,1776587373000
1776587374.987,274.987,0.01,0.02,0.98,0.99,0.01,0.01,75185.36,1776587374000
1776587375.336,275.336,0.01,0.02,0.98,0.99,0.01,0.01,75185.36,1776587374000
1776587375.72,275.72,0.01,0.02,0.98,0.99,0.01,0.01,75185.36,1776587374000
1776587376.221,276.221,0.01,0.02,0.98,0.99,0.01,0.01,75184.56,1776587375000
1776587376.641,276.641,0.01,0.02,0.98,0.99,0.01,0.01,75184.56,1776587375000
1776587377.012,277.012,0.01,0.02,0.98,0.99,0.01,0.01,75184.56,1776587375000
1776587377.408,277.408,0.01,0.02,0.98,0.99,0.01,0.01,75184.41,1776587376000
1776587377.847,277.847,0.01,0.02,0.98,0.99,0.01,0.01,75184.41,1776587376000
1776587378.316,278.316,0.01,0.02,0.98,0.99,0.01,0.01,75184.32,1776587377000
1776587378.758,278.758,0.01,0.02,0.98,0.99,0.01,0.01,75184.32,1776587377000
1776587379.163,279.163,0.01,0.02,0.98,0.99,0.01,0.01,75184.42,1776587378000
1776587379.653,279.653,0.01,0.01,0.99,0.99,0.0,0.0,75184.42,1776587378000
1776587380.06,280.06,0.01,0.01,0.99,0.99,0.0,0.0,75184.58,1776587379000
1776587380.55,280.55,0.01,0.01,0.99,0.99,0.0,0.0,75184.58,1776587379000
1776587380.957,280.957,0.01,0.01,0.99,0.99,0.0,0.0,75184.58,1776587379000
1776587381.44,281.44,0.01,0.01,0.99,0.99,0.0,0.0,75184.62,1776587380000
1776587382.089,282.089,0.01,0.01,0.99,0.99,0.0,0.0,75182.87,1776587381000
1776587383.099,283.099,0.01,0.01,0.99,0.99,0.0,0.0,75182.78,1776587382000
1776587383.576,283.576,0.01,0.01,0.99,0.99,0.0,0.0,75182.78,1776587382000
1776587384.032,284.032,0.01,0.01,0.99,0.99,0.0,0.0,75182.74,1776587383000
1776587384.386,284.386,0.01,0.01,0.99,0.99,0.0,0.0,75182.74,1776587383000
1776587385.064,285.064,0.01,0.01,0.99,0.99,0.0,0.0,75182.39,1776587384000
1776587385.89,285.89,0.01,0.01,0.99,0.99,0.0,0.0,75182.39,1776587384000
1776587387.073,287.073,0.01,0.01,0.99,0.99,0.0,0.0,75181.17,1776587386000
1776587387.726,287.726,0.01,0.01,0.99,0.99,0.0,0.0,75181.17,1776587386000
1776587388.087,288.087,0.01,0.01,0.99,0.99,0.0,0.0,75181.5,1776587387000
1776587389.241,289.241,0.01,0.01,0.99,0.99,0.0,0.0,75181.23,1776587388000
1776587389.913,289.913,0.01,0.01,0.99,0.99,0.0,0.0,75181.23,1776587388000
1776587390.326,290.326,0.01,0.01,0.99,0.99,0.0,0.0,75181.21,1776587389000
1776587391.437,291.437,0.01,0.01,0.99,0.99,0.0,0.0,75176.44,1776587390000
1776587392.249,292.249,0.01,0.01,0.99,0.99,0.0,0.0,75176.44,1776587390000
1776587392.843,292.843,0.01,0.01,0.99,0.99,0.0,0.0,75175.04,1776587391000
1776587393.826,293.826,0.01,0.01,0.99,0.99,0.0,0.0,75175.04,1776587392000
1776587395.425,295.425,0.01,0.01,0.99,0.99,0.0,0.0,75170.97,1776587394000
1776587396.065,296.065,0.01,0.01,0.99,0.99,0.0,0.0,75170.97,1776587395000
1776587397.017,297.017,0.01,0.01,0.99,0.99,0.0,0.0,75170.97,1776587395000
1776587398.035,298.035,0.01,0.01,0.99,0.99,0.0,0.0,75170.89,1776587396000
1776587398.643,298.643,0.01,0.01,0.99,0.99,0.0,0.0,75170.55,1776587397000
1776587399.251,299.251,0.01,0.01,0.99,0.99,0.0,0.0,75170.09,1776587398000
1776587400.421,300.421,0.01,0.01,0.99,0.99,0.0,0.0,75169.81,1776587399000
1776587401.041,301.041,0.01,0.01,0.99,0.99,0.0,0.0,75169.2,1776587400000
1776587402.236,302.236,0.01,0.01,0.99,0.99,0.0,0.0,75167.04,1776587401000

# RESULT,winner=Down,slug=btc-updown-5m-1776587100,ticks=622
