timestamp,elapsed_sec,up_bid,up_ask,down_bid,down_ask,up_spread,down_spread,btc_price,btc_oracle_ts
1777347900.628,0.628,0.5,0.51,0.49,0.5,0.01,0.01,76792.64,1777347899000
1777347901.275,1.275,0.5,0.51,0.49,0.5,0.01,0.01,76792.64,1777347899000
1777347901.61,1.61,0.47,0.51,0.49,0.52,0.04,0.03,76792.54,1777347900000
1777347902.173,2.173,0.47,0.49,0.5,0.52,0.02,0.02,76792.54,1777347900000
1777347902.686,2.686,0.48,0.49,0.51,0.53,0.01,0.02,76792.37,1777347901000
1777347903.191,3.191,0.49,0.5,0.5,0.51,0.01,0.01,76792.74,1777347902000
1777347903.802,3.802,0.49,0.5,0.5,0.51,0.01,0.01,76792.74,1777347902000
1777347904.156,4.156,0.49,0.5,0.5,0.51,0.01,0.01,76793.62,1777347903000
1777347904.572,4.572,0.49,0.5,0.5,0.51,0.01,0.01,76793.62,1777347903000
1777347905.028,5.028,0.49,0.51,0.5,0.51,0.02,0.01,76793.62,1777347903000
1777347905.367,5.367,0.5,0.51,0.5,0.51,0.01,0.01,76793.49,1777347904000
1777347905.758,5.758,0.5,0.51,0.49,0.5,0.01,0.01,76793.49,1777347904000
1777347906.339,6.339,0.5,0.51,0.49,0.5,0.01,0.01,76793.49,1777347905000
1777347906.883,6.883,0.5,0.51,0.49,0.5,0.01,0.01,76793.19,1777347906000
1777347907.701,7.701,0.5,0.51,0.49,0.5,0.01,0.01,76793.19,1777347906000
1777347908.324,8.324,0.48,0.49,0.49,0.54,0.01,0.05,76793.19,1777347906000
1777347908.708,8.708,0.48,0.49,0.51,0.52,0.01,0.01,76792.61,1777347907000
1777347909.072,9.072,0.48,0.49,0.51,0.52,0.01,0.01,76792.61,1777347907000
1777347909.611,9.611,0.48,0.49,0.51,0.52,0.01,0.01,76791.99,1777347908000
1777347909.99,9.99,0.48,0.52,0.51,0.52,0.04,0.01,76791.99,1777347908000
1777347910.331,10.331,0.5,0.51,0.49,0.5,0.01,0.01,76792.89,1777347909000
1777347910.679,10.679,0.51,0.53,0.48,0.5,0.02,0.02,76792.89,1777347909000
1777347911.119,11.119,0.53,0.54,0.46,0.47,0.01,0.01,76792.89,1777347909000
1777347911.463,11.463,0.53,0.54,0.46,0.47,0.01,0.01,76792.47,1777347910000
1777347911.877,11.877,0.52,0.53,0.47,0.48,0.01,0.01,76792.47,1777347910000
1777347912.476,12.476,0.52,0.53,0.47,0.48,0.01,0.01,76792.44,1777347911000
1777347913.175,13.175,0.52,0.53,0.47,0.48,0.01,0.01,76792.44,1777347911000
1777347913.564,13.564,0.52,0.53,0.47,0.48,0.01,0.01,76792.85,1777347912000
1777347913.916,13.916,0.53,0.54,0.46,0.47,0.01,0.01,76792.85,1777347912000
1777347914.297,14.297,0.53,0.54,0.46,0.47,0.01,0.01,76792.81,1777347913000
1777347914.967,14.967,0.53,0.55,0.46,0.47,0.02,0.01,76792.81,1777347913000
1777347915.477,15.477,0.56,0.57,0.43,0.44,0.01,0.01,76792.8,1777347914000
1777347915.825,15.825,0.56,0.57,0.43,0.44,0.01,0.01,76792.8,1777347914000
1777347916.303,16.303,0.57,0.58,0.42,0.44,0.01,0.02,76792.8,1777347914000
1777347916.646,16.646,0.57,0.58,0.42,0.43,0.01,0.01,76796.16,1777347915000
1777347917.016,17.016,0.57,0.58,0.42,0.43,0.01,0.01,76796.17,1777347916000
1777347917.654,17.654,0.57,0.58,0.42,0.43,0.01,0.01,76796.17,1777347916000
1777347918.195,18.195,0.57,0.58,0.42,0.43,0.01,0.01,76797.9,1777347917000
1777347918.761,18.761,0.57,0.58,0.42,0.43,0.01,0.01,76797.9,1777347917000
1777347919.695,19.695,0.57,0.58,0.42,0.43,0.01,0.01,76797.36,1777347918000
1777347920.037,20.037,0.57,0.58,0.42,0.43,0.01,0.01,76798.74,1777347919000
1777347920.462,20.462,0.57,0.58,0.42,0.43,0.01,0.01,76798.74,1777347919000
1777347920.945,20.945,0.57,0.58,0.42,0.43,0.01,0.01,76798.74,1777347919000
1777347921.337,21.337,0.57,0.58,0.42,0.43,0.01,0.01,76798.56,1777347920000
1777347921.981,21.981,0.57,0.58,0.42,0.43,0.01,0.01,76798.56,1777347920000
1777347922.369,22.369,0.57,0.58,0.42,0.43,0.01,0.01,76798.62,1777347921000
1777347922.922,22.922,0.57,0.58,0.42,0.43,0.01,0.01,76798.62,1777347921000
1777347923.285,23.285,0.57,0.58,0.42,0.43,0.01,0.01,76798.11,1777347922000
1777347923.943,23.943,0.55,0.58,0.42,0.43,0.03,0.01,76798.11,1777347922000
1777347924.291,24.291,0.53,0.56,0.44,0.47,0.03,0.03,76798.11,1777347923000
1777347924.641,24.641,0.5,0.55,0.45,0.46,0.05,0.01,76798.11,1777347923000
1777347925.004,25.004,0.46,0.48,0.52,0.54,0.02,0.02,76798.11,1777347923000
1777347925.422,25.422,0.46,0.47,0.53,0.54,0.01,0.01,76795.84,1777347924000
1777347925.901,25.901,0.46,0.47,0.53,0.54,0.01,0.01,76795.84,1777347924000
1777347926.423,26.423,0.46,0.47,0.53,0.54,0.01,0.01,76794.8,1777347925000
1777347927.28,27.28,0.46,0.47,0.53,0.54,0.01,0.01,76794.8,1777347925000
1777347927.676,27.676,0.46,0.47,0.53,0.54,0.01,0.01,76794.8,1777347925000
1777347928.067,28.067,0.46,0.47,0.53,0.54,0.01,0.01,76792.95,1777347926000
1777347928.823,28.823,0.46,0.47,0.53,0.54,0.01,0.01,76792.69,1777347927000
1777347929.162,29.162,0.46,0.48,0.53,0.54,0.02,0.01,76792.69,1777347927000
1777347929.616,29.616,0.47,0.48,0.52,0.53,0.01,0.01,76792.38,1777347928000
1777347930.227,30.227,0.47,0.48,0.52,0.53,0.01,0.01,76791.7,1777347929000
1777347930.644,30.644,0.41,0.42,0.58,0.59,0.01,0.01,76791.7,1777347929000
1777347931.028,31.028,0.41,0.42,0.58,0.59,0.01,0.01,76792.86,1777347930000
1777347931.423,31.423,0.42,0.43,0.57,0.59,0.01,0.02,76792.86,1777347930000
1777347931.76,31.76,0.42,0.43,0.57,0.58,0.01,0.01,76792.86,1777347930000
1777347932.204,32.204,0.42,0.43,0.57,0.58,0.01,0.01,76789.24,1777347931000
1777347932.576,32.576,0.42,0.43,0.57,0.58,0.01,0.01,76789.24,1777347931000
1777347933.079,33.079,0.42,0.43,0.57,0.58,0.01,0.01,76787.75,1777347932000
1777347933.764,33.764,0.4,0.41,0.58,0.6,0.01,0.02,76787.75,1777347932000
1777347934.101,34.101,0.4,0.41,0.59,0.6,0.01,0.01,76787.29,1777347933000
1777347934.585,34.585,0.4,0.41,0.59,0.6,0.01,0.01,76787.29,1777347933000
1777347934.992,34.992,0.4,0.41,0.59,0.6,0.01,0.01,76787.29,1777347933000
1777347935.449,35.449,0.4,0.41,0.59,0.6,0.01,0.01,76787.27,1777347934000
1777347935.888,35.888,0.41,0.42,0.58,0.6,0.01,0.02,76787.27,1777347934000
1777347936.354,36.354,0.44,0.49,0.51,0.59,0.05,0.08,76786.81,1777347935000
1777347936.708,36.708,0.53,0.56,0.45,0.47,0.03,0.02,76786.81,1777347935000
1777347937.103,37.103,0.55,0.58,0.42,0.45,0.03,0.03,76786.81,1777347935000
1777347937.444,37.444,0.6,0.63,0.38,0.4,0.03,0.02,76786.9,1777347936000
1777347937.871,37.871,0.62,0.63,0.36,0.38,0.01,0.02,76786.9,1777347936000
1777347938.236,38.236,0.62,0.63,0.37,0.38,0.01,0.01,76786.9,1777347936000
1777347938.582,38.582,0.63,0.64,0.36,0.37,0.01,0.01,76799.5,1777347937000
1777347938.993,38.993,0.63,0.64,0.36,0.37,0.01,0.01,76800.55,1777347938000
1777347939.454,39.454,0.63,0.64,0.36,0.37,0.01,0.01,76800.55,1777347938000
1777347939.985,39.985,0.63,0.64,0.36,0.37,0.01,0.01,76804.99,1777347939000
1777347940.494,40.494,0.63,0.64,0.36,0.37,0.01,0.01,76804.99,1777347939000
1777347940.953,40.953,0.63,0.64,0.36,0.37,0.01,0.01,76804.99,1777347939000
1777347941.455,41.455,0.63,0.64,0.36,0.37,0.01,0.01,76805.04,1777347940000
1777347941.884,41.884,0.63,0.64,0.36,0.37,0.01,0.01,76805.04,1777347940000
1777347942.26,42.26,0.63,0.64,0.36,0.37,0.01,0.01,76805.04,1777347941000
1777347942.648,42.648,0.63,0.64,0.36,0.37,0.01,0.01,76805.04,1777347941000
1777347943.153,43.153,0.63,0.64,0.36,0.37,0.01,0.01,76805.04,1777347941000
1777347943.567,43.567,0.63,0.64,0.36,0.37,0.01,0.01,76805.21,1777347942000
1777347944.085,44.085,0.62,0.63,0.36,0.38,0.01,0.02,76805.21,1777347942000
1777347944.419,44.419,0.62,0.63,0.37,0.38,0.01,0.01,76805.22,1777347943000
1777347944.861,44.861,0.62,0.63,0.37,0.38,0.01,0.01,76805.22,1777347943000
1777347945.697,45.697,0.62,0.63,0.37,0.38,0.01,0.01,76805.27,1777347944000
1777347946.032,46.032,0.51,0.59,0.41,0.48,0.08,0.07,76805.27,1777347944000
1777347946.488,46.488,0.48,0.49,0.51,0.52,0.01,0.01,76805.27,1777347945000
1777347946.867,46.867,0.48,0.49,0.51,0.52,0.01,0.01,76805.27,1777347945000
1777347947.403,47.403,0.48,0.49,0.51,0.52,0.01,0.01,76805.27,1777347945000
1777347947.898,47.898,0.48,0.49,0.51,0.52,0.01,0.01,76798.71,1777347947000
1777347948.27,48.27,0.48,0.49,0.51,0.52,0.01,0.01,76798.71,1777347947000
1777347948.612,48.612,0.49,0.52,0.5,0.52,0.03,0.02,76798.71,1777347947000
1777347949.07,49.07,0.53,0.54,0.46,0.48,0.01,0.02,76798.71,1777347947000
1777347949.473,49.473,0.53,0.54,0.46,0.47,0.01,0.01,76796.87,1777347948000
1777347950.171,50.171,0.53,0.54,0.46,0.47,0.01,0.01,76797.12,1777347949000
1777347950.686,50.686,0.58,0.59,0.41,0.42,0.01,0.01,76797.12,1777347949000
1777347951.057,51.057,0.58,0.59,0.41,0.42,0.01,0.01,76797.12,1777347949000
1777347951.392,51.392,0.58,0.59,0.41,0.42,0.01,0.01,76798.08,1777347950000
1777347952.021,52.021,0.58,0.59,0.41,0.42,0.01,0.01,76798.97,1777347951000
1777347952.698,52.698,0.58,0.59,0.41,0.42,0.01,0.01,76798.97,1777347951000
1777347953.037,53.037,0.58,0.59,0.41,0.42,0.01,0.01,76798.97,1777347951000
1777347953.371,53.371,0.58,0.59,0.41,0.42,0.01,0.01,76801.98,1777347952000
1777347954.178,54.178,0.59,0.6,0.37,0.42,0.01,0.05,76801.98,1777347952000
1777347954.548,54.548,0.59,0.6,0.4,0.41,0.01,0.01,76803.35,1777347953000
1777347954.988,54.988,0.59,0.6,0.4,0.41,0.01,0.01,76803.38,1777347954000
1777347955.53,55.53,0.58,0.59,0.4,0.42,0.01,0.02,76803.38,1777347954000
1777347955.959,55.959,0.58,0.59,0.41,0.42,0.01,0.01,76803.38,1777347954000
1777347956.379,56.379,0.58,0.6,0.41,0.42,0.02,0.01,76803.38,1777347954000
1777347956.782,56.782,0.59,0.6,0.4,0.42,0.01,0.02,76803.38,1777347954000
1777347957.249,57.249,0.59,0.6,0.4,0.41,0.01,0.01,76802.18,1777347955000
1777347958.344,58.344,0.59,0.6,0.4,0.41,0.01,0.01,76801.54,1777347957000
1777347958.728,58.728,0.57,0.58,0.41,0.42,0.01,0.01,76801.54,1777347957000
1777347959.129,59.129,0.56,0.57,0.43,0.44,0.01,0.01,76801.54,1777347958000
1777347959.608,59.608,0.56,0.57,0.43,0.44,0.01,0.01,76801.54,1777347958000
1777347959.955,59.955,0.56,0.57,0.43,0.44,0.01,0.01,76800.87,1777347959000
1777347960.342,60.342,0.56,0.57,0.43,0.44,0.01,0.01,76800.87,1777347959000
1777347960.749,60.749,0.56,0.57,0.43,0.44,0.01,0.01,76800.87,1777347959000
1777347961.191,61.191,0.56,0.57,0.43,0.44,0.01,0.01,76799.46,1777347960000
1777347961.597,61.597,0.56,0.57,0.43,0.44,0.01,0.01,76799.46,1777347960000
1777347962.344,62.344,0.56,0.57,0.43,0.44,0.01,0.01,76799.61,1777347961000
1777347962.697,62.697,0.47,0.49,0.51,0.53,0.02,0.02,76799.61,1777347961000
1777347963.037,63.037,0.47,0.48,0.52,0.53,0.01,0.01,76799.61,1777347962000
1777347963.374,63.374,0.47,0.48,0.52,0.53,0.01,0.01,76799.61,1777347962000
1777347964.087,64.087,0.47,0.48,0.52,0.53,0.01,0.01,76798.84,1777347963000
1777347964.806,64.806,0.47,0.48,0.52,0.53,0.01,0.01,76798.84,1777347963000
1777347965.222,65.222,0.47,0.48,0.52,0.53,0.01,0.01,76793.31,1777347964000
1777347966.108,66.108,0.47,0.48,0.52,0.53,0.01,0.01,76793.31,1777347964000
1777347966.485,66.485,0.47,0.48,0.52,0.53,0.01,0.01,76790.94,1777347965000
1777347967.073,67.073,0.47,0.48,0.52,0.53,0.01,0.01,76790.94,1777347965000
1777347967.775,67.775,0.41,0.48,0.52,0.53,0.07,0.01,76790.53,1777347966000
1777347968.154,68.154,0.39,0.4,0.6,0.61,0.01,0.01,76790.53,1777347966000
1777347968.667,68.667,0.38,0.39,0.61,0.62,0.01,0.01,76790.53,1777347967000
1777347969.034,69.034,0.39,0.41,0.6,0.61,0.02,0.01,76790.19,1777347968000
1777347969.742,69.742,0.4,0.41,0.59,0.61,0.01,0.02,76790.19,1777347968000
1777347970.647,70.647,0.4,0.41,0.59,0.6,0.01,0.01,76784.88,1777347969000
1777347970.987,70.987,0.4,0.41,0.59,0.6,0.01,0.01,76784.88,1777347969000
1777347971.368,71.368,0.38,0.39,0.61,0.62,0.01,0.01,76784.65,1777347970000
1777347971.849,71.849,0.38,0.39,0.61,0.62,0.01,0.01,76784.65,1777347970000
1777347972.226,72.226,0.38,0.39,0.61,0.62,0.01,0.01,76784.9,1777347971000
1777347972.843,72.843,0.38,0.39,0.61,0.62,0.01,0.01,76784.89,1777347972000
1777347973.23,73.23,0.38,0.39,0.61,0.62,0.01,0.01,76784.89,1777347972000
1777347973.866,73.866,0.38,0.39,0.61,0.62,0.01,0.01,76784.88,1777347973000
1777347974.309,74.309,0.37,0.38,0.62,0.63,0.01,0.01,76784.88,1777347973000
1777347974.66,74.66,0.37,0.38,0.62,0.63,0.01,0.01,76784.88,1777347973000
1777347975.211,75.211,0.37,0.38,0.62,0.63,0.01,0.01,76784.88,1777347973000
1777347975.594,75.594,0.37,0.38,0.62,0.63,0.01,0.01,76782.81,1777347974000
1777347976.189,76.189,0.36,0.37,0.63,0.64,0.01,0.01,76782.81,1777347974000
1777347976.528,76.528,0.36,0.37,0.63,0.64,0.01,0.01,76782.71,1777347975000
1777347976.897,76.897,0.36,0.37,0.63,0.64,0.01,0.01,76782.71,1777347975000
1777347977.238,77.238,0.36,0.39,0.61,0.64,0.03,0.03,76781.58,1777347976000
1777347977.605,77.605,0.37,0.38,0.62,0.63,0.01,0.01,76781.58,1777347976000
1777347978.223,78.223,0.35,0.37,0.63,0.65,0.02,0.02,76782.16,1777347977000
1777347979.178,79.178,0.35,0.36,0.64,0.65,0.01,0.01,76782.16,1777347977000
1777347979.64,79.64,0.35,0.36,0.64,0.65,0.01,0.01,76781.16,1777347978000
1777347980.209,80.209,0.35,0.36,0.64,0.65,0.01,0.01,76781.32,1777347979000
1777347981.079,81.079,0.35,0.37,0.64,0.65,0.02,0.01,76781.32,1777347979000
1777347981.626,81.626,0.38,0.39,0.61,0.62,0.01,0.01,76782.49,1777347980000
1777347981.96,81.96,0.37,0.39,0.61,0.62,0.02,0.01,76782.49,1777347980000
1777347982.36,82.36,0.37,0.39,0.62,0.63,0.02,0.01,76781.16,1777347981000
1777347982.736,82.736,0.38,0.39,0.61,0.62,0.01,0.01,76781.16,1777347981000
1777347983.209,83.209,0.38,0.39,0.61,0.62,0.01,0.01,76781.16,1777347981000
1777347983.756,83.756,0.38,0.39,0.61,0.62,0.01,0.01,76781.16,1777347982000
1777347984.153,84.153,0.38,0.39,0.61,0.62,0.01,0.01,76781.16,1777347982000
1777347984.506,84.506,0.38,0.39,0.61,0.62,0.01,0.01,76781.16,1777347983000
1777347985.303,85.303,0.38,0.39,0.61,0.62,0.01,0.01,76780.61,1777347984000
1777347985.983,85.983,0.38,0.39,0.61,0.62,0.01,0.01,76780.61,1777347984000
1777347986.372,86.372,0.38,0.39,0.61,0.62,0.01,0.01,76781.17,1777347985000
1777347986.884,86.884,0.38,0.39,0.61,0.62,0.01,0.01,76781.17,1777347986000
1777347987.438,87.438,0.38,0.39,0.61,0.62,0.01,0.01,76781.17,1777347986000
1777347987.996,87.996,0.38,0.39,0.61,0.62,0.01,0.01,76781.17,1777347987000
1777347988.476,88.476,0.36,0.37,0.62,0.64,0.01,0.02,76781.17,1777347987000
1777347988.894,88.894,0.36,0.38,0.63,0.64,0.02,0.01,76781.17,1777347987000
1777347990.18,90.18,0.36,0.38,0.62,0.64,0.02,0.02,76781.18,1777347989000
1777347990.716,90.716,0.37,0.38,0.62,0.64,0.01,0.02,76781.18,1777347989000
1777347991.142,91.142,0.37,0.38,0.62,0.63,0.01,0.01,76781.18,1777347989000
1777347991.611,91.611,0.37,0.38,0.62,0.63,0.01,0.01,76781.18,1777347990000
1777347992.023,92.023,0.37,0.38,0.62,0.63,0.01,0.01,76781.18,1777347990000
1777347992.59,92.59,0.37,0.38,0.62,0.63,0.01,0.01,76781.18,1777347991000
1777347993.068,93.068,0.37,0.38,0.62,0.63,0.01,0.01,76781.18,1777347991000
1777347993.674,93.674,0.37,0.38,0.62,0.63,0.01,0.01,76781.18,1777347992000
1777347994.951,94.951,0.37,0.38,0.62,0.63,0.01,0.01,76781.18,1777347994000
1777347995.313,95.313,0.37,0.4,0.62,0.63,0.03,0.01,76781.18,1777347994000
1777347995.894,95.894,0.37,0.4,0.6,0.63,0.03,0.03,76781.18,1777347995000
1777347996.238,96.238,0.38,0.39,0.6,0.63,0.01,0.03,76781.18,1777347995000
1777347996.644,96.644,0.38,0.4,0.61,0.62,0.02,0.01,76781.18,1777347995000
1777347997.197,97.197,0.43,0.44,0.56,0.59,0.01,0.03,76781.18,1777347995000
1777347997.915,97.915,0.43,0.44,0.56,0.57,0.01,0.01,76783.21,1777347996000
1777347998.416,98.416,0.43,0.44,0.56,0.57,0.01,0.01,76783.12,1777347997000
1777347998.988,98.988,0.45,0.46,0.54,0.55,0.01,0.01,76783.12,1777347997000
1777347999.923,99.923,0.45,0.46,0.54,0.55,0.01,0.01,76785.39,1777347998000
1777348000.516,100.516,0.49,0.5,0.5,0.51,0.01,0.01,76785.87,1777347999000
1777348001.041,101.041,0.49,0.5,0.5,0.51,0.01,0.01,76785.87,1777347999000
1777348001.567,101.567,0.49,0.5,0.5,0.51,0.01,0.01,76786.86,1777348000000
1777348002.067,102.067,0.49,0.5,0.5,0.51,0.01,0.01,76786.86,1777348000000
1777348002.408,102.408,0.49,0.5,0.5,0.51,0.01,0.01,76787.87,1777348001000
1777348003.005,103.005,0.49,0.5,0.5,0.51,0.01,0.01,76787.87,1777348001000
1777348003.344,103.344,0.49,0.5,0.5,0.51,0.01,0.01,76787.87,1777348002000
1777348003.682,103.682,0.49,0.5,0.5,0.51,0.01,0.01,76787.87,1777348002000
1777348004.256,104.256,0.5,0.52,0.48,0.5,0.02,0.02,76787.76,1777348003000
1777348005.201,105.201,0.51,0.52,0.48,0.49,0.01,0.01,76790.84,1777348004000
1777348005.556,105.556,0.54,0.57,0.44,0.47,0.03,0.03,76790.84,1777348004000
1777348006.008,106.008,0.58,0.59,0.41,0.45,0.01,0.04,76790.84,1777348004000
1777348006.668,106.668,0.58,0.59,0.41,0.42,0.01,0.01,76791.57,1777348005000
1777348007.09,107.09,0.57,0.58,0.41,0.43,0.01,0.02,76792.09,1777348006000
1777348007.462,107.462,0.57,0.58,0.42,0.43,0.01,0.01,76792.09,1777348006000
1777348007.897,107.897,0.57,0.58,0.42,0.43,0.01,0.01,76792.09,1777348006000
1777348008.526,108.526,0.57,0.58,0.42,0.43,0.01,0.01,76795.59,1777348007000
1777348008.952,108.952,0.57,0.58,0.42,0.43,0.01,0.01,76795.6,1777348008000
1777348010.015,110.015,0.57,0.58,0.42,0.43,0.01,0.01,76795.22,1777348009000
1777348010.932,110.932,0.57,0.58,0.42,0.43,0.01,0.01,76795.22,1777348009000
1777348011.332,111.332,0.56,0.59,0.41,0.42,0.03,0.01,76795.22,1777348009000
1777348011.764,111.764,0.57,0.59,0.42,0.43,0.02,0.01,76795.79,1777348010000
1777348012.216,112.216,0.56,0.59,0.41,0.43,0.03,0.02,76795.79,1777348011000
1777348012.606,112.606,0.56,0.57,0.43,0.44,0.01,0.01,76795.79,1777348011000
1777348012.968,112.968,0.56,0.57,0.43,0.44,0.01,0.01,76795.79,1777348011000
1777348013.349,113.349,0.56,0.57,0.43,0.44,0.01,0.01,76796.21,1777348012000
1777348014.048,114.048,0.54,0.57,0.43,0.46,0.03,0.03,76796.02,1777348013000
1777348014.554,114.554,0.55,0.56,0.43,0.46,0.01,0.03,76796.02,1777348013000
1777348015.029,115.029,0.51,0.52,0.46,0.5,0.01,0.04,76796.02,1777348013000
1777348015.699,115.699,0.49,0.52,0.48,0.49,0.03,0.01,76795.16,1777348014000
1777348016.042,116.042,0.49,0.5,0.5,0.52,0.01,0.02,76795.16,1777348014000
1777348016.421,116.421,0.49,0.5,0.5,0.51,0.01,0.01,76795.03,1777348015000
1777348016.833,116.833,0.49,0.5,0.5,0.51,0.01,0.01,76795.03,1777348015000
1777348017.633,117.633,0.49,0.5,0.5,0.51,0.01,0.01,76792.8,1777348016000
1777348018.196,118.196,0.49,0.5,0.5,0.51,0.01,0.01,76792.65,1777348017000
1777348018.532,118.532,0.49,0.5,0.5,0.51,0.01,0.01,76792.65,1777348017000
1777348019.208,119.208,0.49,0.5,0.5,0.51,0.01,0.01,76792.31,1777348018000
1777348019.551,119.551,0.51,0.52,0.48,0.5,0.01,0.02,76792.31,1777348018000
1777348020.029,120.029,0.52,0.53,0.47,0.48,0.01,0.01,76792.31,1777348018000
1777348020.417,120.417,0.52,0.53,0.47,0.48,0.01,0.01,76792.31,1777348019000
1777348020.845,120.845,0.52,0.53,0.47,0.48,0.01,0.01,76792.31,1777348019000
1777348021.224,121.224,0.52,0.53,0.47,0.48,0.01,0.01,76792.31,1777348019000
1777348021.571,121.571,0.52,0.54,0.47,0.48,0.02,0.01,76793.24,1777348020000
1777348022.059,122.059,0.56,0.57,0.43,0.44,0.01,0.01,76793.24,1777348020000
1777348022.731,122.731,0.56,0.57,0.43,0.44,0.01,0.01,76793.11,1777348021000
1777348023.084,123.084,0.56,0.57,0.43,0.44,0.01,0.01,76793.11,1777348021000
1777348023.583,123.583,0.56,0.57,0.43,0.44,0.01,0.01,76794.21,1777348022000
1777348024.537,124.537,0.56,0.57,0.43,0.44,0.01,0.01,76793.85,1777348023000
1777348025.155,125.155,0.56,0.57,0.43,0.44,0.01,0.01,76794.83,1777348024000
1777348025.572,125.572,0.56,0.57,0.43,0.44,0.01,0.01,76794.83,1777348024000
1777348026.011,126.011,0.56,0.57,0.43,0.44,0.01,0.01,76794.83,1777348024000
1777348026.531,126.531,0.56,0.57,0.43,0.44,0.01,0.01,76794.83,1777348024000
1777348026.912,126.912,0.56,0.57,0.43,0.44,0.01,0.01,76795.01,1777348025000
1777348027.422,127.422,0.56,0.57,0.43,0.44,0.01,0.01,76795.01,1777348026000
1777348028.063,128.063,0.56,0.58,0.43,0.44,0.02,0.01,76795.01,1777348026000
1777348028.423,128.423,0.57,0.58,0.42,0.44,0.01,0.02,76795.01,1777348026000
1777348029.081,129.081,0.57,0.58,0.42,0.43,0.01,0.01,76795.01,1777348027000
1777348030.588,130.588,0.57,0.58,0.42,0.43,0.01,0.01,76794.86,1777348029000
1777348031.17,131.17,0.57,0.58,0.42,0.43,0.01,0.01,76794.86,1777348030000
1777348032.362,132.362,0.57,0.58,0.42,0.43,0.01,0.01,76794.86,1777348030000
1777348033.033,133.033,0.57,0.58,0.42,0.43,0.01,0.01,76794.92,1777348031000
1777348034.232,134.232,0.57,0.58,0.42,0.43,0.01,0.01,76795.03,1777348033000
1777348034.676,134.676,0.57,0.58,0.42,0.43,0.01,0.01,76795.03,1777348033000
1777348035.013,135.013,0.57,0.58,0.42,0.43,0.01,0.01,76795.03,1777348033000
1777348035.611,135.611,0.57,0.58,0.42,0.43,0.01,0.01,76795.03,1777348034000
1777348036.009,136.009,0.57,0.58,0.42,0.43,0.01,0.01,76794.5,1777348035000
1777348036.468,136.468,0.57,0.58,0.42,0.43,0.01,0.01,76794.5,1777348035000
1777348036.864,136.864,0.57,0.58,0.42,0.43,0.01,0.01,76794.5,1777348035000
1777348037.265,137.265,0.57,0.58,0.42,0.43,0.01,0.01,76795.03,1777348036000
1777348038.007,138.007,0.57,0.58,0.42,0.43,0.01,0.01,76795.03,1777348036000
1777348039.469,139.469,0.57,0.58,0.42,0.43,0.01,0.01,76795.2,1777348038000
1777348039.809,139.809,0.57,0.58,0.42,0.43,0.01,0.01,76795.2,1777348038000
1777348040.815,140.815,0.57,0.6,0.42,0.43,0.03,0.01,76795.2,1777348038000
1777348041.164,141.164,0.63,0.64,0.36,0.37,0.01,0.01,76795.2,1777348039000
1777348041.583,141.583,0.63,0.64,0.36,0.37,0.01,0.01,76795.2,1777348040000
1777348041.923,141.923,0.63,0.64,0.36,0.37,0.01,0.01,76795.2,1777348041000
1777348042.419,142.419,0.63,0.64,0.36,0.37,0.01,0.01,76795.2,1777348041000
1777348043.129,143.129,0.63,0.64,0.36,0.37,0.01,0.01,76795.2,1777348041000
1777348043.568,143.568,0.63,0.64,0.36,0.37,0.01,0.01,76795.62,1777348042000
1777348044.125,144.125,0.63,0.64,0.36,0.37,0.01,0.01,76795.62,1777348042000
1777348044.503,144.503,0.63,0.64,0.36,0.37,0.01,0.01,76796.15,1777348043000
1777348044.975,144.975,0.63,0.64,0.36,0.37,0.01,0.01,76796.15,1777348043000
1777348045.628,145.628,0.63,0.64,0.36,0.37,0.01,0.01,76796.23,1777348044000
1777348046.229,146.229,0.63,0.64,0.36,0.37,0.01,0.01,76796.23,1777348044000
1777348046.628,146.628,0.62,0.63,0.36,0.38,0.01,0.02,76796.57,1777348045000
1777348046.976,146.976,0.62,0.63,0.37,0.38,0.01,0.01,76796.57,1777348046000
1777348047.512,147.512,0.62,0.63,0.37,0.38,0.01,0.01,76796.57,1777348046000
1777348047.884,147.884,0.62,0.63,0.37,0.38,0.01,0.01,76796.57,1777348046000
1777348048.813,148.813,0.62,0.63,0.37,0.38,0.01,0.01,76797.12,1777348047000
1777348049.316,149.316,0.62,0.63,0.37,0.38,0.01,0.01,76797.09,1777348048000
1777348049.813,149.813,0.62,0.63,0.37,0.38,0.01,0.01,76797.09,1777348048000
1777348050.499,150.499,0.62,0.63,0.37,0.38,0.01,0.01,76796.74,1777348049000
1777348051.103,151.103,0.62,0.63,0.37,0.38,0.01,0.01,76796.62,1777348050000
1777348051.529,151.529,0.62,0.63,0.37,0.38,0.01,0.01,76796.62,1777348050000
1777348051.886,151.886,0.62,0.63,0.37,0.38,0.01,0.01,76796.62,1777348050000
1777348052.422,152.422,0.62,0.63,0.37,0.38,0.01,0.01,76796.63,1777348051000
1777348052.786,152.786,0.59,0.6,0.39,0.41,0.01,0.02,76796.63,1777348051000
1777348053.311,153.311,0.59,0.6,0.4,0.41,0.01,0.01,76796.63,1777348051000
1777348053.702,153.702,0.59,0.6,0.4,0.41,0.01,0.01,76796.58,1777348052000
1777348054.276,154.276,0.59,0.6,0.4,0.41,0.01,0.01,76796.54,1777348053000
1777348054.712,154.712,0.59,0.6,0.4,0.41,0.01,0.01,76796.54,1777348053000
1777348055.198,155.198,0.59,0.6,0.4,0.41,0.01,0.01,76796.67,1777348054000
1777348056.09,156.09,0.59,0.6,0.4,0.41,0.01,0.01,76796.61,1777348055000
1777348057.028,157.028,0.59,0.6,0.4,0.41,0.01,0.01,76796.61,1777348055000
1777348057.94,157.94,0.59,0.6,0.4,0.41,0.01,0.01,76796.62,1777348056000
1777348058.291,158.291,0.59,0.6,0.4,0.41,0.01,0.01,76796.67,1777348057000
1777348058.917,158.917,0.59,0.6,0.4,0.41,0.01,0.01,76796.67,1777348057000
1777348059.389,159.389,0.59,0.6,0.4,0.41,0.01,0.01,76796.71,1777348058000
1777348059.892,159.892,0.59,0.6,0.4,0.41,0.01,0.01,76796.71,1777348058000
1777348061.007,161.007,0.59,0.6,0.4,0.41,0.01,0.01,76797.03,1777348060000
1777348061.64,161.64,0.59,0.6,0.4,0.41,0.01,0.01,76797.03,1777348060000
1777348062.1,162.1,0.59,0.6,0.4,0.41,0.01,0.01,76797.03,1777348060000
1777348062.915,162.915,0.59,0.6,0.4,0.41,0.01,0.01,76796.85,1777348061000
1777348063.273,163.273,0.59,0.6,0.4,0.41,0.01,0.01,76796.85,1777348061000
1777348064.02,164.02,0.58,0.63,0.4,0.41,0.05,0.01,76796.93,1777348062000
1777348064.634,164.634,0.6,0.61,0.37,0.42,0.01,0.05,76796.92,1777348063000
1777348064.973,164.973,0.6,0.61,0.39,0.4,0.01,0.01,76796.92,1777348063000
1777348065.317,165.317,0.6,0.61,0.39,0.4,0.01,0.01,76796.9,1777348064000
1777348065.94,165.94,0.6,0.61,0.39,0.4,0.01,0.01,76796.6,1777348065000
1777348066.563,166.563,0.6,0.61,0.39,0.4,0.01,0.01,76796.6,1777348065000
1777348067.05,167.05,0.6,0.61,0.39,0.4,0.01,0.01,76796.89,1777348066000
1777348068.112,168.112,0.6,0.61,0.39,0.4,0.01,0.01,76796.88,1777348067000
1777348068.5,168.5,0.6,0.61,0.39,0.4,0.01,0.01,76796.88,1777348067000
1777348069.222,169.222,0.6,0.61,0.39,0.4,0.01,0.01,76796.9,1777348068000
1777348069.965,169.965,0.6,0.61,0.39,0.4,0.01,0.01,76796.9,1777348068000
1777348070.458,170.458,0.6,0.61,0.39,0.4,0.01,0.01,76796.85,1777348069000
1777348070.921,170.921,0.56,0.57,0.42,0.44,0.01,0.02,76796.85,1777348069000
1777348071.255,171.255,0.56,0.57,0.43,0.44,0.01,0.01,76796.85,1777348069000
1777348072.364,172.364,0.56,0.57,0.43,0.44,0.01,0.01,76796.61,1777348070000
1777348073.45,173.45,0.56,0.57,0.43,0.44,0.01,0.01,76796.51,1777348072000
1777348074.376,174.376,0.56,0.57,0.43,0.44,0.01,0.01,76796.51,1777348072000
1777348075.25,175.25,0.55,0.57,0.43,0.44,0.02,0.01,76795.9,1777348073000
1777348075.596,175.596,0.5,0.51,0.49,0.5,0.01,0.01,76795.63,1777348074000
1777348075.987,175.987,0.44,0.45,0.54,0.56,0.01,0.02,76795.63,1777348074000
1777348076.39,176.39,0.44,0.45,0.55,0.56,0.01,0.01,76795.63,1777348075000
1777348076.875,176.875,0.45,0.46,0.54,0.55,0.01,0.01,76795.63,1777348075000
1777348077.464,177.464,0.45,0.46,0.54,0.55,0.01,0.01,76795.17,1777348076000
1777348077.862,177.862,0.44,0.46,0.54,0.55,0.02,0.01,76795.17,1777348076000
1777348078.302,178.302,0.44,0.45,0.55,0.56,0.01,0.01,76795.17,1777348076000
1777348079.128,179.128,0.44,0.45,0.55,0.56,0.01,0.01,76788.66,1777348077000
1777348079.544,179.544,0.44,0.45,0.55,0.56,0.01,0.01,76788.66,1777348078000
1777348079.892,179.892,0.45,0.46,0.54,0.55,0.01,0.01,76788.66,1777348078000
1777348080.27,180.27,0.46,0.47,0.53,0.54,0.01,0.01,76788.66,1777348078000
1777348080.612,180.612,0.47,0.48,0.52,0.53,0.01,0.01,76788.66,1777348078000
1777348081.192,181.192,0.48,0.49,0.52,0.53,0.01,0.01,76788.66,1777348079000
1777348081.648,181.648,0.48,0.49,0.51,0.52,0.01,0.01,76789.39,1777348080000
1777348082.038,182.038,0.48,0.49,0.51,0.52,0.01,0.01,76791.29,1777348081000
1777348082.4,182.4,0.48,0.49,0.51,0.52,0.01,0.01,76791.29,1777348081000
1777348082.938,182.938,0.48,0.49,0.51,0.52,0.01,0.01,76791.29,1777348081000
1777348083.292,183.292,0.48,0.49,0.51,0.52,0.01,0.01,76791.29,1777348081000
1777348083.638,183.638,0.48,0.49,0.51,0.52,0.01,0.01,76791.29,1777348081000
1777348084.091,184.091,0.47,0.48,0.51,0.53,0.01,0.02,76791.29,1777348081000
1777348084.429,184.429,0.46,0.47,0.52,0.54,0.01,0.02,76791.31,1777348082000
1777348084.894,184.894,0.46,0.47,0.53,0.54,0.01,0.01,76791.31,1777348082000
1777348085.282,185.282,0.46,0.47,0.53,0.54,0.01,0.01,76791.31,1777348082000
1777348085.704,185.704,0.46,0.47,0.53,0.54,0.01,0.01,76790.24,1777348083000
1777348086.43,186.43,0.46,0.47,0.53,0.54,0.01,0.01,76791.02,1777348085000
1777348086.82,186.82,0.46,0.47,0.53,0.54,0.01,0.01,76791.02,1777348085000
1777348087.37,187.37,0.46,0.47,0.53,0.54,0.01,0.01,76791.96,1777348086000
1777348088.423,188.423,0.46,0.47,0.53,0.54,0.01,0.01,76791.96,1777348086000
1777348089.481,189.481,0.46,0.47,0.53,0.54,0.01,0.01,76792.63,1777348088000
1777348089.831,189.831,0.46,0.47,0.53,0.54,0.01,0.01,76792.63,1777348088000
1777348090.46,190.46,0.46,0.47,0.53,0.54,0.01,0.01,76792.63,1777348088000
1777348090.976,190.976,0.45,0.46,0.54,0.55,0.01,0.01,76792.63,1777348089000
1777348091.584,191.584,0.45,0.46,0.54,0.55,0.01,0.01,76792.63,1777348089000
1777348092.121,192.121,0.45,0.46,0.54,0.55,0.01,0.01,76792.63,1777348090000
1777348092.511,192.511,0.45,0.46,0.54,0.55,0.01,0.01,76792.63,1777348090000
1777348092.868,192.868,0.45,0.46,0.54,0.55,0.01,0.01,76792.63,1777348091000
1777348093.202,193.202,0.56,0.57,0.43,0.44,0.01,0.01,76792.63,1777348091000
1777348093.535,193.535,0.58,0.59,0.41,0.42,0.01,0.01,76789.49,1777348092000
1777348093.894,193.894,0.59,0.61,0.4,0.41,0.02,0.01,76789.49,1777348092000
1777348094.515,194.515,0.61,0.62,0.38,0.39,0.01,0.01,76790.06,1777348093000
1777348094.88,194.88,0.61,0.62,0.38,0.39,0.01,0.01,76790.06,1777348093000
1777348095.345,195.345,0.61,0.62,0.38,0.39,0.01,0.01,76793.06,1777348094000
1777348095.698,195.698,0.61,0.62,0.38,0.39,0.01,0.01,76793.06,1777348094000
1777348096.062,196.062,0.61,0.62,0.38,0.39,0.01,0.01,76796.48,1777348095000
1777348096.397,196.397,0.61,0.62,0.38,0.39,0.01,0.01,76796.48,1777348095000
1777348096.744,196.744,0.61,0.65,0.38,0.39,0.04,0.01,76796.48,1777348095000
1777348097.079,197.079,0.63,0.64,0.36,0.37,0.01,0.01,76797.82,1777348096000
1777348097.563,197.563,0.63,0.65,0.36,0.37,0.02,0.01,76797.82,1777348096000
1777348097.914,197.914,0.64,0.65,0.35,0.36,0.01,0.01,76797.82,1777348096000
1777348098.355,198.355,0.64,0.65,0.35,0.36,0.01,0.01,76799.12,1777348097000
1777348098.744,198.744,0.64,0.65,0.35,0.36,0.01,0.01,76799.12,1777348097000
1777348099.077,199.077,0.64,0.65,0.35,0.36,0.01,0.01,76800.4,1777348098000
1777348099.468,199.468,0.64,0.65,0.35,0.36,0.01,0.01,76800.4,1777348098000
1777348099.933,199.933,0.64,0.65,0.35,0.36,0.01,0.01,76800.4,1777348098000
1777348100.473,200.473,0.64,0.65,0.35,0.36,0.01,0.01,76800.33,1777348099000
1777348100.931,200.931,0.65,0.66,0.34,0.35,0.01,0.01,76800.33,1777348099000
1777348101.284,201.284,0.65,0.66,0.34,0.35,0.01,0.01,76800.36,1777348100000
1777348101.653,201.653,0.65,0.66,0.34,0.35,0.01,0.01,76800.36,1777348100000
1777348102.07,202.07,0.61,0.64,0.35,0.37,0.03,0.02,76800.63,1777348101000
1777348102.473,202.473,0.61,0.62,0.38,0.39,0.01,0.01,76800.63,1777348101000
1777348102.918,202.918,0.62,0.63,0.37,0.39,0.01,0.02,76800.63,1777348101000
1777348103.339,203.339,0.62,0.63,0.37,0.38,0.01,0.01,76800.67,1777348102000
1777348103.957,203.957,0.62,0.63,0.37,0.38,0.01,0.01,76800.04,1777348103000
1777348104.513,204.513,0.62,0.63,0.37,0.38,0.01,0.01,76800.04,1777348103000
1777348105.021,205.021,0.62,0.63,0.37,0.38,0.01,0.01,76800.04,1777348104000
1777348105.358,205.358,0.62,0.63,0.37,0.38,0.01,0.01,76800.04,1777348104000
1777348106.375,206.375,0.62,0.63,0.37,0.38,0.01,0.01,76800.04,1777348104000
1777348107.019,207.019,0.62,0.63,0.37,0.38,0.01,0.01,76799,1777348106000
1777348107.42,207.42,0.62,0.63,0.37,0.38,0.01,0.01,76799,1777348106000
1777348107.798,207.798,0.61,0.62,0.38,0.39,0.01,0.01,76799,1777348106000
1777348108.239,208.239,0.57,0.58,0.39,0.43,0.01,0.04,76799.36,1777348107000
1777348108.601,208.601,0.57,0.58,0.42,0.43,0.01,0.01,76799.36,1777348107000
1777348109.021,209.021,0.57,0.58,0.42,0.43,0.01,0.01,76798.71,1777348108000
1777348109.504,209.504,0.57,0.58,0.42,0.43,0.01,0.01,76798.71,1777348108000
1777348110.002,210.002,0.57,0.58,0.42,0.43,0.01,0.01,76798.05,1777348109000
1777348110.485,210.485,0.57,0.58,0.42,0.43,0.01,0.01,76798.05,1777348109000
1777348111.009,211.009,0.57,0.58,0.42,0.43,0.01,0.01,76797.93,1777348110000
1777348112.024,212.024,0.57,0.58,0.42,0.43,0.01,0.01,76797.45,1777348111000
1777348113.175,213.175,0.57,0.58,0.42,0.43,0.01,0.01,76797.45,1777348112000
1777348113.51,213.51,0.57,0.58,0.42,0.43,0.01,0.01,76797.45,1777348112000
1777348113.894,213.894,0.57,0.58,0.42,0.43,0.01,0.01,76797.45,1777348112000
1777348115.187,215.187,0.57,0.58,0.42,0.43,0.01,0.01,76797.72,1777348114000
1777348115.524,215.524,0.57,0.58,0.42,0.43,0.01,0.01,76797.72,1777348114000
1777348116.129,216.129,0.57,0.58,0.42,0.43,0.01,0.01,76797.5,1777348115000
1777348116.476,216.476,0.57,0.58,0.42,0.43,0.01,0.01,76797.5,1777348115000
1777348117.205,217.205,0.57,0.58,0.42,0.43,0.01,0.01,76797.5,1777348116000
1777348117.556,217.556,0.57,0.58,0.42,0.43,0.01,0.01,76797.5,1777348116000
1777348117.979,217.979,0.58,0.59,0.41,0.42,0.01,0.01,76797.5,1777348116000
1777348118.742,218.742,0.58,0.59,0.41,0.42,0.01,0.01,76796.96,1777348117000
1777348119.119,219.119,0.58,0.59,0.41,0.42,0.01,0.01,76796.96,1777348117000
1777348119.872,219.872,0.57,0.58,0.42,0.43,0.01,0.01,76797.97,1777348118000
1777348120.241,220.241,0.57,0.58,0.42,0.43,0.01,0.01,76797.97,1777348118000
1777348121.074,221.074,0.57,0.58,0.42,0.43,0.01,0.01,76797.97,1777348118000
1777348121.719,221.719,0.57,0.58,0.42,0.43,0.01,0.01,76797.49,1777348120000
1777348122.473,222.473,0.57,0.58,0.42,0.43,0.01,0.01,76797.49,1777348120000
1777348123.285,223.285,0.57,0.58,0.42,0.43,0.01,0.01,76797.72,1777348122000
1777348123.679,223.679,0.56,0.57,0.43,0.45,0.01,0.02,76797.72,1777348122000
1777348124.022,224.022,0.58,0.59,0.41,0.42,0.01,0.01,76797.72,1777348122000
1777348124.74,224.74,0.61,0.62,0.38,0.41,0.01,0.03,76797.72,1777348122000
1777348125.122,225.122,0.62,0.63,0.38,0.39,0.01,0.01,76797.36,1777348123000
1777348125.48,225.48,0.62,0.63,0.37,0.38,0.01,0.01,76797.36,1777348123000
1777348125.836,225.836,0.62,0.63,0.37,0.38,0.01,0.01,76797.35,1777348124000
1777348126.323,226.323,0.62,0.63,0.37,0.38,0.01,0.01,76796.92,1777348125000
1777348127.225,227.225,0.62,0.66,0.37,0.38,0.04,0.01,76796.92,1777348125000
1777348127.764,227.764,0.64,0.65,0.34,0.38,0.01,0.04,76796.92,1777348125000
1777348128.411,228.411,0.64,0.65,0.35,0.36,0.01,0.01,76796.65,1777348126000
1777348128.768,228.768,0.64,0.65,0.35,0.36,0.01,0.01,76796.5,1777348127000
1777348129.131,229.131,0.64,0.65,0.35,0.36,0.01,0.01,76796.5,1777348127000
1777348130.636,230.636,0.64,0.65,0.35,0.36,0.01,0.01,76797.12,1777348128000
1777348131.283,231.283,0.65,0.66,0.34,0.36,0.01,0.02,76797.34,1777348129000
1777348131.859,231.859,0.65,0.66,0.34,0.35,0.01,0.01,76797.42,1777348130000
1777348132.29,232.29,0.65,0.66,0.34,0.35,0.01,0.01,76797.7,1777348131000
1777348133.091,233.091,0.65,0.66,0.34,0.35,0.01,0.01,76797.7,1777348131000
1777348133.487,233.487,0.65,0.67,0.34,0.35,0.02,0.01,76797.7,1777348131000
1777348133.957,233.957,0.68,0.69,0.31,0.34,0.01,0.03,76798.29,1777348132000
1777348134.325,234.325,0.68,0.69,0.31,0.32,0.01,0.01,76797.86,1777348133000
1777348134.662,234.662,0.68,0.69,0.31,0.32,0.01,0.01,76797.86,1777348133000
1777348135.086,235.086,0.68,0.69,0.31,0.32,0.01,0.01,76797.86,1777348133000
1777348135.472,235.472,0.68,0.69,0.31,0.32,0.01,0.01,76799.1,1777348134000
1777348136.029,236.029,0.68,0.69,0.31,0.32,0.01,0.01,76799.1,1777348134000
1777348136.508,236.508,0.68,0.69,0.31,0.32,0.01,0.01,76798.8,1777348135000
1777348137.201,237.201,0.68,0.69,0.31,0.32,0.01,0.01,76800.21,1777348136000
1777348137.819,237.819,0.68,0.69,0.31,0.32,0.01,0.01,76800.21,1777348136000
1777348138.402,238.402,0.68,0.69,0.31,0.32,0.01,0.01,76800.21,1777348136000
1777348138.822,238.822,0.68,0.69,0.31,0.32,0.01,0.01,76800.21,1777348136000
1777348139.17,239.17,0.68,0.7,0.3,0.32,0.02,0.02,76800.21,1777348138000
1777348139.584,239.584,0.7,0.71,0.29,0.3,0.01,0.01,76800.21,1777348138000
1777348139.938,239.938,0.7,0.71,0.29,0.3,0.01,0.01,76800.21,1777348138000
1777348140.279,240.279,0.71,0.75,0.25,0.29,0.04,0.04,76800.21,1777348138000
1777348140.616,240.616,0.79,0.8,0.2,0.21,0.01,0.01,76800.21,1777348139000
1777348141.017,241.017,0.79,0.8,0.2,0.21,0.01,0.01,76800.21,1777348139000
1777348141.415,241.415,0.79,0.8,0.2,0.21,0.01,0.01,76800.93,1777348140000
1777348141.872,241.872,0.77,0.78,0.22,0.23,0.01,0.01,76800.93,1777348140000
1777348142.374,242.374,0.78,0.81,0.21,0.22,0.03,0.01,76801.03,1777348141000
1777348143.067,243.067,0.8,0.81,0.19,0.22,0.01,0.03,76801.03,1777348141000
1777348143.446,243.446,0.8,0.81,0.19,0.2,0.01,0.01,76801.03,1777348141000
1777348143.903,243.903,0.8,0.81,0.19,0.2,0.01,0.01,76802.77,1777348142000
1777348144.272,244.272,0.81,0.82,0.18,0.19,0.01,0.01,76803.47,1777348143000
1777348144.632,244.632,0.81,0.82,0.18,0.19,0.01,0.01,76803.47,1777348143000
1777348144.974,244.974,0.83,0.84,0.16,0.19,0.01,0.03,76803.47,1777348143000
1777348145.317,245.317,0.81,0.82,0.18,0.19,0.01,0.01,76804.06,1777348144000
1777348145.817,245.817,0.83,0.84,0.16,0.17,0.01,0.01,76804.06,1777348144000
1777348146.283,246.283,0.83,0.84,0.16,0.17,0.01,0.01,76804.06,1777348144000
1777348146.724,246.724,0.83,0.84,0.16,0.17,0.01,0.01,76804.65,1777348145000
1777348147.352,247.352,0.84,0.85,0.16,0.17,0.01,0.01,76804.65,1777348145000
1777348147.823,247.823,0.84,0.85,0.15,0.16,0.01,0.01,76804.59,1777348146000
1777348148.26,248.26,0.84,0.85,0.15,0.16,0.01,0.01,76804.1,1777348147000
1777348148.724,248.724,0.84,0.85,0.15,0.16,0.01,0.01,76804.1,1777348147000
1777348149.181,249.181,0.84,0.85,0.15,0.16,0.01,0.01,76804.11,1777348148000
1777348149.619,249.619,0.84,0.85,0.15,0.16,0.01,0.01,76804.11,1777348148000
1777348150.107,250.107,0.84,0.85,0.15,0.16,0.01,0.01,76804.11,1777348148000
1777348150.475,250.475,0.84,0.87,0.15,0.16,0.03,0.01,76804.04,1777348149000
1777348150.866,250.866,0.86,0.87,0.13,0.14,0.01,0.01,76804.04,1777348149000
1777348151.291,251.291,0.86,0.87,0.13,0.14,0.01,0.01,76804.04,1777348149000
1777348152.103,252.103,0.86,0.87,0.13,0.14,0.01,0.01,76803.9,1777348151000
1777348152.511,252.511,0.86,0.87,0.13,0.14,0.01,0.01,76803.9,1777348151000
1777348152.978,252.978,0.87,0.88,0.12,0.13,0.01,0.01,76803.9,1777348151000
1777348153.333,253.333,0.87,0.88,0.12,0.13,0.01,0.01,76804.57,1777348152000
1777348153.715,253.715,0.87,0.88,0.12,0.13,0.01,0.01,76804.57,1777348152000
1777348154.154,254.154,0.87,0.88,0.12,0.13,0.01,0.01,76805.25,1777348153000
1777348154.624,254.624,0.87,0.88,0.12,0.13,0.01,0.01,76805.25,1777348153000
1777348155.068,255.068,0.87,0.88,0.12,0.13,0.01,0.01,76805.25,1777348153000
1777348155.539,255.539,0.87,0.88,0.12,0.13,0.01,0.01,76804.9,1777348154000
1777348155.897,255.897,0.88,0.89,0.11,0.12,0.01,0.01,76804.9,1777348154000
1777348156.337,256.337,0.88,0.89,0.11,0.12,0.01,0.01,76804.9,1777348154000
1777348156.783,256.783,0.88,0.89,0.11,0.12,0.01,0.01,76804.9,1777348154000
1777348157.163,257.163,0.88,0.89,0.11,0.12,0.01,0.01,76804.86,1777348156000
1777348157.618,257.618,0.88,0.9,0.11,0.12,0.02,0.01,76804.86,1777348156000
1777348158.05,258.05,0.88,0.89,0.11,0.12,0.01,0.01,76804.86,1777348156000
1777348158.494,258.494,0.9,0.91,0.09,0.11,0.01,0.02,76804.86,1777348156000
1777348158.975,258.975,0.91,0.92,0.08,0.1,0.01,0.02,76804.52,1777348157000
1777348159.387,259.387,0.91,0.92,0.08,0.1,0.01,0.02,76804.93,1777348158000
1777348159.746,259.746,0.91,0.92,0.08,0.09,0.01,0.01,76804.93,1777348158000
1777348160.108,260.108,0.91,0.92,0.08,0.09,0.01,0.01,76804.93,1777348158000
1777348160.491,260.491,0.91,0.92,0.08,0.09,0.01,0.01,76804.94,1777348159000
1777348160.834,260.834,0.91,0.92,0.08,0.09,0.01,0.01,76804.94,1777348159000
1777348161.284,261.284,0.91,0.92,0.08,0.09,0.01,0.01,76804.94,1777348160000
1777348161.653,261.653,0.91,0.92,0.08,0.09,0.01,0.01,76804.94,1777348160000
1777348162.385,262.385,0.9,0.92,0.08,0.09,0.02,0.01,76804.94,1777348160000
1777348162.814,262.814,0.91,0.93,0.08,0.09,0.02,0.01,76805.51,1777348161000
1777348163.191,263.191,0.93,0.94,0.05,0.09,0.01,0.04,76805.51,1777348161000
1777348163.911,263.911,0.92,0.93,0.06,0.08,0.01,0.02,76805.52,1777348162000
1777348164.483,264.483,0.92,0.94,0.06,0.08,0.02,0.02,76805.62,1777348163000
1777348165.058,265.058,0.9,0.94,0.06,0.1,0.04,0.04,76805.62,1777348164000
1777348165.503,265.503,0.9,0.91,0.09,0.1,0.01,0.01,76805.62,1777348164000
1777348166.184,266.184,0.93,0.94,0.09,0.1,0.01,0.01,76805.62,1777348164000
1777348166.539,266.539,0.92,0.94,0.06,0.07,0.02,0.01,76805.62,1777348164000
1777348167.128,267.128,0.92,0.93,0.07,0.08,0.01,0.01,76804.48,1777348166000
1777348167.523,267.523,0.89,0.9,0.08,0.12,0.01,0.04,76804.48,1777348166000
1777348167.985,267.985,0.89,0.9,0.1,0.11,0.01,0.01,76804.48,1777348166000
1777348168.447,268.447,0.87,0.93,0.07,0.13,0.06,0.06,76805.47,1777348167000
1777348168.791,268.791,0.91,0.92,0.07,0.08,0.01,0.01,76805.47,1777348167000
1777348169.162,269.162,0.91,0.94,0.06,0.09,0.03,0.03,76805.48,1777348168000
1777348169.55,269.55,0.93,0.94,0.06,0.09,0.01,0.03,76805.48,1777348168000
1777348170.052,270.052,0.94,0.95,0.05,0.06,0.01,0.01,76805.48,1777348168000
1777348170.453,270.453,0.94,0.95,0.05,0.06,0.01,0.01,76805.49,1777348169000
1777348171.053,271.053,0.94,0.95,0.05,0.06,0.01,0.01,76805.49,1777348169000
1777348171.455,271.455,0.94,0.95,0.05,0.06,0.01,0.01,76803.95,1777348170000
1777348171.812,271.812,0.95,0.96,0.04,0.06,0.01,0.02,76803.95,1777348170000
1777348172.263,272.263,0.94,0.95,0.05,0.06,0.01,0.01,76803.88,1777348171000
1777348172.761,272.761,0.94,0.95,0.05,0.06,0.01,0.01,76803.88,1777348171000
1777348173.106,273.106,0.94,0.95,0.05,0.06,0.01,0.01,76804.65,1777348172000
1777348173.492,273.492,0.94,0.95,0.05,0.06,0.01,0.01,76804.65,1777348172000
1777348174.045,274.045,0.94,0.95,0.05,0.06,0.01,0.01,76804.67,1777348173000
1777348174.432,274.432,0.94,0.95,0.05,0.06,0.01,0.01,76804.67,1777348173000
1777348174.861,274.861,0.95,0.96,0.04,0.05,0.01,0.01,76804.67,1777348173000
1777348175.683,275.683,0.95,0.96,0.04,0.05,0.01,0.01,76804.72,1777348174000
1777348176.182,276.182,0.95,0.96,0.04,0.05,0.01,0.01,76804.73,1777348175000
1777348176.711,276.711,0.95,0.96,0.04,0.05,0.01,0.01,76804.73,1777348175000
1777348177.158,277.158,0.95,0.96,0.04,0.05,0.01,0.01,76804.7,1777348176000
1777348177.739,277.739,0.95,0.96,0.04,0.06,0.01,0.02,76804.7,1777348176000
1777348178.075,278.075,0.95,0.96,0.04,0.05,0.01,0.01,76804.7,1777348176000
1777348178.707,278.707,0.95,0.96,0.04,0.05,0.01,0.01,76804.94,1777348177000
1777348179.063,279.063,0.96,0.97,0.03,0.04,0.01,0.01,76804.94,1777348177000
1777348179.863,279.863,0.96,0.97,0.03,0.04,0.01,0.01,76804.89,1777348178000
1777348180.4,280.4,0.96,0.97,0.03,0.04,0.01,0.01,76804.97,1777348179000
1777348180.742,280.742,0.96,0.97,0.03,0.04,0.01,0.01,76804.97,1777348179000
1777348181.102,281.102,0.96,0.97,0.03,0.04,0.01,0.01,76811.23,1777348180000
1777348181.509,281.509,0.96,0.97,0.03,0.04,0.01,0.01,76811.23,1777348180000
1777348182.148,282.148,0.96,0.97,0.03,0.04,0.01,0.01,76811.23,1777348180000
1777348182.603,282.603,0.96,0.97,0.03,0.04,0.01,0.01,76811.23,1777348181000
1777348183.076,283.076,0.96,0.98,0.03,0.04,0.02,0.01,76811.23,1777348181000
1777348183.421,283.421,0.97,0.98,0.02,0.03,0.01,0.01,76811.26,1777348182000
1777348183.78,283.78,0.97,0.98,0.02,0.03,0.01,0.01,76811.26,1777348182000
1777348184.284,284.284,0.97,0.98,0.02,0.03,0.01,0.01,76811.26,1777348182000
1777348184.667,284.667,0.97,0.98,0.02,0.03,0.01,0.01,76812.71,1777348183000
1777348185.089,285.089,0.97,0.98,0.02,0.03,0.01,0.01,76812.71,1777348183000
1777348185.429,285.429,0.97,0.98,0.02,0.03,0.01,0.01,76812.71,1777348184000
1777348185.792,285.792,0.97,0.98,0.02,0.03,0.01,0.01,76812.71,1777348184000
1777348186.329,286.329,0.97,0.98,0.02,0.03,0.01,0.01,76813.27,1777348185000
1777348186.663,286.663,0.98,0.99,0.01,0.02,0.01,0.01,76813.27,1777348185000
1777348187.063,287.063,0.98,0.99,0.01,0.02,0.01,0.01,76813.23,1777348186000
1777348187.473,287.473,0.98,0.99,0.01,0.02,0.01,0.01,76813.23,1777348186000
1777348187.894,287.894,0.98,0.99,0.01,0.02,0.01,0.01,76815.09,1777348187000
1777348188.28,288.28,0.98,0.99,0.01,0.02,0.01,0.01,76815.09,1777348187000
1777348188.628,288.628,0.98,0.99,0.01,0.02,0.01,0.01,76815.09,1777348187000
1777348189.063,289.063,0.99,0.99,0.01,0.01,0.0,0.0,76819.44,1777348188000
1777348189.494,289.494,0.99,0.99,0.01,0.01,0.0,0.0,76819.44,1777348188000
1777348190.268,290.268,0.98,0.99,0.01,0.01,0.01,0.0,76819.44,1777348188000
1777348190.618,290.618,0.98,0.99,0.01,0.02,0.01,0.01,76825.07,1777348189000
1777348191.01,291.01,0.98,0.99,0.01,0.02,0.01,0.01,76825.07,1777348189000
1777348191.552,291.552,0.98,0.99,0.01,0.02,0.01,0.01,76825.76,1777348190000
1777348192.209,292.209,0.98,0.99,0.01,0.02,0.01,0.01,76825.76,1777348191000
1777348193.367,293.367,0.99,0.99,0.01,0.01,0.0,0.0,76824.38,1777348192000
1777348193.839,293.839,0.99,0.99,0.01,0.01,0.0,0.0,76824.38,1777348192000
1777348194.195,294.195,0.99,0.99,0.01,0.01,0.0,0.0,76823.7,1777348193000
1777348194.87,294.87,0.93,0.99,0.01,0.01,0.06,0.0,76823.7,1777348193000
1777348195.204,295.204,0.93,0.94,0.05,0.07,0.01,0.02,76823.73,1777348194000
1777348195.606,295.606,0.97,0.98,0.02,0.03,0.01,0.01,76823.73,1777348194000
1777348196.178,296.178,0.97,0.98,0.02,0.03,0.01,0.01,76823.73,1777348195000
1777348197.289,297.289,0.99,0.98,0.02,0.01,-0.01,-0.01,76823.85,1777348196000
1777348198.085,298.085,0.99,0.98,0.02,0.01,-0.01,-0.01,76823.85,1777348196000
1777348198.627,298.627,0.99,0.98,0.02,0.01,-0.01,-0.01,76824.68,1777348197000
1777348199.019,299.019,0.99,0.98,0.02,0.01,-0.01,-0.01,76824.68,1777348197000
1777348199.624,299.624,0.99,0.98,0.02,0.01,-0.01,-0.01,76824.13,1777348198000
1777348200.334,300.334,0.99,0.98,0.02,0.01,-0.01,-0.01,76823.99,1777348199000
1777348200.69,300.69,0.99,0.98,0.02,0.01,-0.01,-0.01,76823.99,1777348199000
1777348202.001,302.001,0.99,0.98,0.02,0.01,-0.01,-0.01,76824.72,1777348201000
