timestamp,elapsed_sec,up_bid,up_ask,down_bid,down_ask,up_spread,down_spread,btc_price,btc_oracle_ts
1776231000.579,0.579,0.66,0.67,0.35,0.36,0.01,0.01,74038.27,1776230999000
1776231000.926,0.926,0.7,0.71,0.33,0.34,0.01,0.01,74038.27,1776230999000
1776231001.307,1.307,0.7,0.71,0.29,0.3,0.01,0.01,74038.16,1776231000000
1776231001.736,1.736,0.7,0.71,0.29,0.3,0.01,0.01,74038.16,1776231000000
1776231002.084,2.084,0.7,0.71,0.29,0.3,0.01,0.01,74038.16,1776231000000
1776231002.419,2.419,0.66,0.71,0.29,0.34,0.05,0.05,74037.98,1776231001000
1776231003.101,3.101,0.62,0.65,0.35,0.39,0.03,0.04,74037.98,1776231001000
1776231003.452,3.452,0.61,0.63,0.37,0.39,0.02,0.02,74038.09,1776231002000
1776231003.795,3.795,0.61,0.62,0.38,0.39,0.01,0.01,74038.09,1776231002000
1776231004.128,4.128,0.6,0.61,0.39,0.4,0.01,0.01,74038.09,1776231002000
1776231004.517,4.517,0.58,0.59,0.41,0.42,0.01,0.01,74038.09,1776231002000
1776231004.856,4.856,0.58,0.59,0.41,0.42,0.01,0.01,74038.09,1776231002000
1776231005.199,5.199,0.57,0.58,0.42,0.43,0.01,0.01,74031.5,1776231003000
1776231005.548,5.548,0.56,0.57,0.43,0.44,0.01,0.01,74031.5,1776231003000
1776231005.887,5.887,0.56,0.57,0.43,0.44,0.01,0.01,74031.5,1776231003000
1776231006.224,6.224,0.56,0.57,0.43,0.44,0.01,0.01,74031.5,1776231003000
1776231006.603,6.603,0.56,0.57,0.43,0.44,0.01,0.01,74030.08,1776231004000
1776231007.006,7.006,0.56,0.57,0.43,0.44,0.01,0.01,74028.68,1776231005000
1776231007.469,7.469,0.56,0.57,0.43,0.44,0.01,0.01,74028.68,1776231005000
1776231008.012,8.012,0.56,0.57,0.43,0.44,0.01,0.01,74025.75,1776231006000
1776231008.414,8.414,0.56,0.57,0.43,0.44,0.01,0.01,74025.75,1776231006000
1776231008.754,8.754,0.56,0.57,0.43,0.44,0.01,0.01,74025.04,1776231007000
1776231009.09,9.09,0.56,0.57,0.43,0.44,0.01,0.01,74025.04,1776231007000
1776231009.576,9.576,0.56,0.57,0.43,0.44,0.01,0.01,74024.99,1776231008000
1776231009.967,9.967,0.56,0.57,0.43,0.44,0.01,0.01,74024.99,1776231008000
1776231010.301,10.301,0.56,0.57,0.43,0.44,0.01,0.01,74024.99,1776231008000
1776231010.711,10.711,0.56,0.57,0.43,0.44,0.01,0.01,74024.89,1776231009000
1776231011.09,11.09,0.56,0.57,0.43,0.44,0.01,0.01,74024.89,1776231009000
1776231011.448,11.448,0.56,0.57,0.43,0.44,0.01,0.01,74025.9,1776231010000
1776231011.899,11.899,0.56,0.57,0.43,0.44,0.01,0.01,74025.9,1776231010000
1776231012.261,12.261,0.56,0.57,0.43,0.44,0.01,0.01,74025.9,1776231010000
1776231012.655,12.655,0.56,0.57,0.43,0.45,0.01,0.02,74025.9,1776231010000
1776231013.033,13.033,0.57,0.58,0.42,0.43,0.01,0.01,74025.88,1776231011000
1776231013.547,13.547,0.57,0.58,0.42,0.43,0.01,0.01,74025.81,1776231012000
1776231014.117,14.117,0.57,0.58,0.42,0.43,0.01,0.01,74025.81,1776231012000
1776231014.542,14.542,0.57,0.58,0.42,0.43,0.01,0.01,74026.04,1776231013000
1776231015.097,15.097,0.57,0.58,0.42,0.43,0.01,0.01,74026.04,1776231013000
1776231015.621,15.621,0.56,0.57,0.42,0.43,0.01,0.01,74026.02,1776231014000
1776231016.018,16.018,0.55,0.56,0.43,0.45,0.01,0.02,74026.02,1776231014000
1776231016.391,16.391,0.56,0.57,0.43,0.45,0.01,0.02,74026.02,1776231014000
1776231016.74,16.74,0.56,0.57,0.43,0.45,0.01,0.02,74025.99,1776231015000
1776231017.195,17.195,0.55,0.56,0.44,0.45,0.01,0.01,74025.99,1776231015000
1776231017.565,17.565,0.55,0.56,0.44,0.45,0.01,0.01,74026.17,1776231016000
1776231017.939,17.939,0.54,0.55,0.44,0.46,0.01,0.02,74026.17,1776231016000
1776231018.506,18.506,0.54,0.55,0.45,0.46,0.01,0.01,74026.17,1776231016000
1776231018.849,18.849,0.54,0.55,0.45,0.46,0.01,0.01,74026.23,1776231017000
1776231019.284,19.284,0.54,0.55,0.45,0.46,0.01,0.01,74027.0,1776231018000
1776231019.627,19.627,0.54,0.55,0.45,0.46,0.01,0.01,74027.0,1776231018000
1776231020.046,20.046,0.54,0.55,0.45,0.46,0.01,0.01,74027.0,1776231018000
1776231020.458,20.458,0.54,0.55,0.45,0.46,0.01,0.01,74027.0,1776231018000
1776231020.794,20.794,0.54,0.55,0.45,0.46,0.01,0.01,74026.94,1776231019000
1776231021.16,21.16,0.54,0.55,0.45,0.46,0.01,0.01,74026.94,1776231019000
1776231021.512,21.512,0.53,0.54,0.46,0.47,0.01,0.01,74026.4,1776231020000
1776231021.94,21.94,0.53,0.54,0.46,0.47,0.01,0.01,74026.4,1776231020000
1776231022.623,22.623,0.53,0.54,0.46,0.47,0.01,0.01,74026.1,1776231021000
1776231023.055,23.055,0.53,0.54,0.45,0.47,0.01,0.02,74026.1,1776231021000
1776231023.627,23.627,0.54,0.55,0.45,0.46,0.01,0.01,74023.49,1776231022000
1776231023.964,23.964,0.54,0.55,0.45,0.46,0.01,0.01,74023.49,1776231022000
1776231024.468,24.468,0.54,0.55,0.45,0.46,0.01,0.01,74023.49,1776231022000
1776231024.851,24.851,0.54,0.56,0.44,0.46,0.02,0.02,74021.58,1776231023000
1776231025.401,25.401,0.55,0.56,0.44,0.45,0.01,0.01,74021.58,1776231023000
1776231025.763,25.763,0.55,0.56,0.44,0.45,0.01,0.01,74021.52,1776231024000
1776231026.214,26.214,0.55,0.56,0.44,0.45,0.01,0.01,74022.86,1776231025000
1776231026.619,26.619,0.6,0.61,0.39,0.4,0.01,0.01,74022.86,1776231025000
1776231027.03,27.03,0.6,0.61,0.39,0.4,0.01,0.01,74022.86,1776231025000
1776231027.493,27.493,0.6,0.61,0.39,0.4,0.01,0.01,74022.86,1776231025000
1776231027.913,27.913,0.61,0.62,0.39,0.4,0.01,0.01,74026.86,1776231026000
1776231028.247,28.247,0.61,0.62,0.38,0.39,0.01,0.01,74026.86,1776231026000
1776231028.607,28.607,0.62,0.63,0.37,0.39,0.01,0.02,74027.41,1776231027000
1776231028.984,28.984,0.61,0.62,0.38,0.39,0.01,0.01,74027.41,1776231027000
1776231029.731,29.731,0.61,0.62,0.38,0.39,0.01,0.01,74031.22,1776231028000
1776231030.085,30.085,0.61,0.62,0.38,0.39,0.01,0.01,74031.22,1776231028000
1776231030.488,30.488,0.61,0.62,0.38,0.39,0.01,0.01,74032.08,1776231029000
1776231031.116,31.116,0.61,0.62,0.38,0.39,0.01,0.01,74032.08,1776231030000
1776231031.546,31.546,0.62,0.63,0.37,0.38,0.01,0.01,74032.08,1776231030000
1776231031.879,31.879,0.62,0.63,0.37,0.38,0.01,0.01,74032.08,1776231030000
1776231032.431,32.431,0.62,0.63,0.37,0.38,0.01,0.01,74032.08,1776231030000
1776231032.79,32.79,0.62,0.64,0.36,0.38,0.02,0.02,74032.63,1776231031000
1776231033.125,33.125,0.63,0.64,0.32,0.37,0.01,0.05,74032.63,1776231031000
1776231033.58,33.58,0.66,0.67,0.33,0.34,0.01,0.01,74032.82,1776231032000
1776231033.916,33.916,0.66,0.67,0.33,0.34,0.01,0.01,74032.82,1776231032000
1776231034.259,34.259,0.66,0.67,0.32,0.34,0.01,0.02,74032.82,1776231032000
1776231034.612,34.612,0.66,0.69,0.31,0.34,0.03,0.03,74034.27,1776231033000
1776231035.034,35.034,0.67,0.69,0.31,0.33,0.02,0.02,74038.67,1776231034000
1776231035.703,35.703,0.67,0.68,0.32,0.33,0.01,0.01,74038.67,1776231034000
1776231036.103,36.103,0.67,0.68,0.32,0.33,0.01,0.01,74038.67,1776231034000
1776231036.443,36.443,0.67,0.68,0.32,0.33,0.01,0.01,74041.6,1776231035000
1776231036.846,36.846,0.67,0.68,0.32,0.33,0.01,0.01,74041.6,1776231035000
1776231037.197,37.197,0.67,0.68,0.32,0.33,0.01,0.01,74045.83,1776231036000
1776231037.558,37.558,0.67,0.68,0.32,0.33,0.01,0.01,74045.83,1776231036000
1776231037.954,37.954,0.67,0.68,0.32,0.33,0.01,0.01,74045.83,1776231036000
1776231038.287,38.287,0.68,0.69,0.32,0.33,0.01,0.01,74045.83,1776231036000
1776231038.693,38.693,0.69,0.7,0.3,0.31,0.01,0.01,74045.86,1776231037000
1776231039.4,39.4,0.69,0.71,0.3,0.31,0.02,0.01,74045.86,1776231037000
1776231039.799,39.799,0.7,0.71,0.29,0.3,0.01,0.01,74046.24,1776231038000
1776231040.239,40.239,0.7,0.71,0.29,0.3,0.01,0.01,74046.24,1776231038000
1776231040.608,40.608,0.7,0.71,0.29,0.3,0.01,0.01,74046.23,1776231039000
1776231041.212,41.212,0.71,0.72,0.29,0.3,0.01,0.01,74046.23,1776231039000
1776231041.629,41.629,0.71,0.72,0.28,0.29,0.01,0.01,74046.23,1776231039000
1776231042.35,42.35,0.72,0.73,0.27,0.28,0.01,0.01,74046.33,1776231041000
1776231042.686,42.686,0.72,0.73,0.27,0.28,0.01,0.01,74046.33,1776231041000
1776231043.044,43.044,0.72,0.73,0.27,0.28,0.01,0.01,74046.33,1776231041000
1776231043.421,43.421,0.72,0.73,0.27,0.28,0.01,0.01,74046.33,1776231041000
1776231043.755,43.755,0.7,0.73,0.27,0.3,0.03,0.03,74046.86,1776231042000
1776231044.217,44.217,0.71,0.72,0.28,0.29,0.01,0.01,74051.25,1776231043000
1776231044.709,44.709,0.71,0.72,0.28,0.29,0.01,0.01,74051.25,1776231043000
1776231045.074,45.074,0.71,0.72,0.28,0.29,0.01,0.01,74051.25,1776231043000
1776231045.638,45.638,0.71,0.72,0.28,0.29,0.01,0.01,74055.44,1776231044000
1776231046.02,46.02,0.71,0.72,0.28,0.29,0.01,0.01,74055.44,1776231044000
1776231046.681,46.681,0.71,0.72,0.28,0.29,0.01,0.01,74053.3,1776231045000
1776231047.139,47.139,0.71,0.72,0.28,0.29,0.01,0.01,74053.3,1776231045000
1776231047.617,47.617,0.71,0.72,0.28,0.29,0.01,0.01,74052.76,1776231046000
1776231048.045,48.045,0.71,0.72,0.28,0.29,0.01,0.01,74052.76,1776231046000
1776231048.404,48.404,0.71,0.72,0.28,0.29,0.01,0.01,74052.71,1776231047000
1776231049.062,49.062,0.71,0.72,0.28,0.29,0.01,0.01,74052.71,1776231047000
1776231049.416,49.416,0.71,0.72,0.28,0.29,0.01,0.01,74052.79,1776231048000
1776231049.974,49.974,0.71,0.72,0.28,0.29,0.01,0.01,74052.79,1776231048000
1776231050.369,50.369,0.71,0.72,0.28,0.29,0.01,0.01,74052.79,1776231049000
1776231050.712,50.712,0.71,0.72,0.28,0.29,0.01,0.01,74052.79,1776231049000
1776231051.075,51.075,0.71,0.72,0.28,0.29,0.01,0.01,74052.8,1776231050000
1776231051.751,51.751,0.71,0.72,0.28,0.29,0.01,0.01,74052.8,1776231050000
1776231052.278,52.278,0.71,0.72,0.28,0.29,0.01,0.01,74052.83,1776231051000
1776231052.975,52.975,0.71,0.72,0.28,0.29,0.01,0.01,74052.83,1776231051000
1776231053.529,53.529,0.71,0.72,0.28,0.29,0.01,0.01,74052.83,1776231051000
1776231053.892,53.892,0.71,0.72,0.28,0.29,0.01,0.01,74053.75,1776231052000
1776231055.022,55.022,0.71,0.72,0.28,0.29,0.01,0.01,74053.75,1776231053000
1776231055.401,55.401,0.71,0.72,0.28,0.29,0.01,0.01,74052.62,1776231054000
1776231055.916,55.916,0.7,0.72,0.28,0.29,0.02,0.01,74052.62,1776231054000
1776231056.681,56.681,0.7,0.71,0.28,0.3,0.01,0.02,74052.62,1776231054000
1776231057.143,57.143,0.7,0.71,0.29,0.3,0.01,0.01,74052.52,1776231055000
1776231057.566,57.566,0.7,0.71,0.29,0.3,0.01,0.01,74052.52,1776231055000
1776231057.932,57.932,0.7,0.71,0.29,0.3,0.01,0.01,74052.52,1776231055000
1776231059.004,59.004,0.7,0.71,0.29,0.3,0.01,0.01,74052.51,1776231057000
1776231059.435,59.435,0.7,0.71,0.29,0.3,0.01,0.01,74052.51,1776231057000
1776231059.822,59.822,0.7,0.71,0.29,0.3,0.01,0.01,74052.51,1776231057000
1776231060.348,60.348,0.7,0.71,0.29,0.3,0.01,0.01,74052.83,1776231058000
1776231060.717,60.717,0.71,0.72,0.28,0.29,0.01,0.01,74052.83,1776231058000
1776231061.061,61.061,0.71,0.72,0.28,0.29,0.01,0.01,74052.14,1776231059000
1776231061.456,61.456,0.71,0.72,0.28,0.29,0.01,0.01,74052.14,1776231059000
1776231061.794,61.794,0.71,0.72,0.28,0.29,0.01,0.01,74051.33,1776231060000
1776231062.255,62.255,0.71,0.72,0.28,0.29,0.01,0.01,74051.33,1776231060000
1776231062.708,62.708,0.71,0.72,0.28,0.29,0.01,0.01,74052.14,1776231061000
1776231063.111,63.111,0.71,0.72,0.28,0.29,0.01,0.01,74052.14,1776231061000
1776231063.678,63.678,0.71,0.72,0.28,0.29,0.01,0.01,74052.31,1776231062000
1776231064.131,64.131,0.71,0.72,0.28,0.29,0.01,0.01,74052.31,1776231062000
1776231064.826,64.826,0.71,0.72,0.28,0.29,0.01,0.01,74052.46,1776231063000
1776231065.226,65.226,0.71,0.72,0.28,0.29,0.01,0.01,74052.46,1776231063000
1776231065.736,65.736,0.71,0.72,0.28,0.29,0.01,0.01,74052.49,1776231064000
1776231066.395,66.395,0.71,0.72,0.28,0.29,0.01,0.01,74052.49,1776231064000
1776231067.262,67.262,0.71,0.72,0.28,0.29,0.01,0.01,74052.59,1776231066000
1776231067.611,67.611,0.73,0.75,0.25,0.27,0.02,0.02,74052.59,1776231066000
1776231067.973,67.973,0.73,0.76,0.24,0.27,0.03,0.03,74052.59,1776231066000
1776231068.309,68.309,0.74,0.77,0.23,0.26,0.03,0.03,74052.59,1776231066000
1776231068.652,68.652,0.74,0.78,0.25,0.26,0.04,0.01,74052.59,1776231066000
1776231069.07,69.07,0.74,0.75,0.25,0.26,0.01,0.01,74052.62,1776231067000
1776231069.418,69.418,0.74,0.76,0.24,0.26,0.02,0.02,74052.62,1776231067000
1776231069.898,69.898,0.75,0.76,0.24,0.25,0.01,0.01,74056.42,1776231068000
1776231070.269,70.269,0.75,0.76,0.24,0.25,0.01,0.01,74057.6,1776231069000
1776231070.796,70.796,0.75,0.76,0.24,0.25,0.01,0.01,74057.6,1776231069000
1776231071.14,71.14,0.75,0.76,0.24,0.25,0.01,0.01,74057.6,1776231069000
1776231071.591,71.591,0.75,0.76,0.24,0.25,0.01,0.01,74060.25,1776231070000
1776231071.942,71.942,0.75,0.76,0.24,0.25,0.01,0.01,74060.25,1776231070000
1776231072.321,72.321,0.75,0.76,0.24,0.25,0.01,0.01,74060.45,1776231071000
1776231073.23,73.23,0.75,0.76,0.24,0.25,0.01,0.01,74060.45,1776231071000
1776231073.632,73.632,0.75,0.76,0.24,0.25,0.01,0.01,74060.45,1776231071000
1776231074.011,74.011,0.75,0.76,0.24,0.25,0.01,0.01,74060.39,1776231072000
1776231074.618,74.618,0.75,0.77,0.24,0.25,0.02,0.01,74060.39,1776231072000
1776231075.037,75.037,0.76,0.77,0.23,0.24,0.01,0.01,74060.4,1776231073000
1776231075.507,75.507,0.76,0.77,0.23,0.24,0.01,0.01,74060.11,1776231074000
1776231076.109,76.109,0.76,0.77,0.23,0.24,0.01,0.01,74060.13,1776231075000
1776231076.609,76.609,0.76,0.77,0.23,0.24,0.01,0.01,74060.13,1776231075000
1776231077.376,77.376,0.76,0.77,0.23,0.24,0.01,0.01,74060.21,1776231076000
1776231078.187,78.187,0.76,0.77,0.23,0.24,0.01,0.01,74060.21,1776231076000
1776231078.712,78.712,0.76,0.77,0.23,0.24,0.01,0.01,74060.14,1776231077000
1776231079.218,79.218,0.76,0.77,0.23,0.24,0.01,0.01,74060.14,1776231077000
1776231079.7,79.7,0.76,0.77,0.23,0.24,0.01,0.01,74060.14,1776231078000
1776231080.402,80.402,0.76,0.77,0.23,0.24,0.01,0.01,74060.14,1776231079000
1776231081.333,81.333,0.76,0.77,0.23,0.24,0.01,0.01,74060.15,1776231080000
1776231081.823,81.823,0.76,0.77,0.23,0.24,0.01,0.01,74060.15,1776231080000
1776231082.336,82.336,0.76,0.77,0.23,0.24,0.01,0.01,74060.16,1776231081000
1776231082.987,82.987,0.76,0.77,0.23,0.24,0.01,0.01,74060.16,1776231082000
1776231083.955,83.955,0.76,0.77,0.23,0.24,0.01,0.01,74060.16,1776231083000
1776231084.941,84.941,0.76,0.77,0.23,0.24,0.01,0.01,74060.16,1776231084000
1776231085.361,85.361,0.76,0.77,0.23,0.24,0.01,0.01,74060.16,1776231084000
1776231086.049,86.049,0.76,0.77,0.23,0.24,0.01,0.01,74060.16,1776231085000
1776231086.671,86.671,0.76,0.77,0.23,0.24,0.01,0.01,74060.16,1776231085000
1776231087.165,87.165,0.76,0.77,0.23,0.24,0.01,0.01,74060.16,1776231086000
1776231087.641,87.641,0.76,0.77,0.23,0.24,0.01,0.01,74060.16,1776231086000
1776231087.978,87.978,0.74,0.75,0.25,0.26,0.01,0.01,74060.16,1776231086000
1776231088.34,88.34,0.72,0.73,0.27,0.28,0.01,0.01,74060.13,1776231087000
1776231089.239,89.239,0.72,0.73,0.27,0.28,0.01,0.01,74060.13,1776231087000
1776231089.642,89.642,0.72,0.73,0.27,0.28,0.01,0.01,74058.14,1776231088000
1776231090.184,90.184,0.72,0.73,0.27,0.28,0.01,0.01,74058.14,1776231088000
1776231090.552,90.552,0.72,0.73,0.27,0.28,0.01,0.01,74058.14,1776231088000
1776231090.891,90.891,0.72,0.73,0.27,0.28,0.01,0.01,74052.05,1776231089000
1776231091.294,91.294,0.72,0.73,0.27,0.28,0.01,0.01,74052.05,1776231089000
1776231091.728,91.728,0.73,0.74,0.26,0.27,0.01,0.01,74051.33,1776231090000
1776231092.331,92.331,0.73,0.74,0.26,0.27,0.01,0.01,74051.32,1776231091000
1776231092.877,92.877,0.73,0.74,0.26,0.27,0.01,0.01,74051.32,1776231091000
1776231093.494,93.494,0.72,0.73,0.26,0.27,0.01,0.01,74051.52,1776231092000
1776231093.984,93.984,0.72,0.73,0.27,0.28,0.01,0.01,74051.52,1776231092000
1776231094.337,94.337,0.72,0.73,0.27,0.28,0.01,0.01,74051.5,1776231093000
1776231094.678,94.678,0.72,0.73,0.27,0.28,0.01,0.01,74051.5,1776231093000
1776231095.018,95.018,0.72,0.73,0.27,0.28,0.01,0.01,74051.52,1776231094000
1776231095.362,95.362,0.72,0.73,0.27,0.28,0.01,0.01,74051.52,1776231094000
1776231095.764,95.764,0.71,0.72,0.27,0.29,0.01,0.02,74051.52,1776231094000
1776231096.443,96.443,0.71,0.72,0.28,0.29,0.01,0.01,74051.47,1776231095000
1776231097.002,97.002,0.71,0.72,0.28,0.29,0.01,0.01,74051.47,1776231095000
1776231097.378,97.378,0.71,0.72,0.28,0.29,0.01,0.01,74051.52,1776231096000
1776231097.765,97.765,0.71,0.72,0.28,0.29,0.01,0.01,74051.52,1776231096000
1776231098.126,98.126,0.71,0.72,0.28,0.29,0.01,0.01,74051.52,1776231096000
1776231098.648,98.648,0.71,0.72,0.28,0.29,0.01,0.01,74051.53,1776231097000
1776231098.998,98.998,0.71,0.72,0.28,0.29,0.01,0.01,74051.53,1776231097000
1776231099.429,99.429,0.71,0.72,0.28,0.29,0.01,0.01,74051.57,1776231098000
1776231099.987,99.987,0.71,0.72,0.28,0.29,0.01,0.01,74051.57,1776231098000
1776231100.615,100.615,0.71,0.72,0.28,0.29,0.01,0.01,74051.57,1776231099000
1776231101.076,101.076,0.71,0.72,0.28,0.29,0.01,0.01,74051.57,1776231099000
1776231102.069,102.069,0.71,0.72,0.28,0.29,0.01,0.01,74051.57,1776231100000
1776231102.865,102.865,0.71,0.72,0.28,0.29,0.01,0.01,74051.64,1776231101000
1776231103.206,103.206,0.71,0.72,0.28,0.29,0.01,0.01,74051.64,1776231102000
1776231103.824,103.824,0.71,0.72,0.28,0.29,0.01,0.01,74051.64,1776231102000
1776231104.297,104.297,0.71,0.73,0.27,0.29,0.02,0.02,74051.67,1776231103000
1776231104.658,104.658,0.72,0.73,0.27,0.28,0.01,0.01,74051.67,1776231103000
1776231105.072,105.072,0.72,0.73,0.27,0.28,0.01,0.01,74051.67,1776231103000
1776231105.537,105.537,0.72,0.73,0.27,0.28,0.01,0.01,74051.67,1776231104000
1776231106.108,106.108,0.72,0.73,0.27,0.28,0.01,0.01,74051.67,1776231104000
1776231106.457,106.457,0.72,0.73,0.27,0.28,0.01,0.01,74051.56,1776231105000
1776231106.815,106.815,0.73,0.74,0.27,0.28,0.01,0.01,74051.56,1776231105000
1776231107.544,107.544,0.73,0.74,0.26,0.27,0.01,0.01,74051.57,1776231106000
1776231108.176,108.176,0.73,0.74,0.26,0.27,0.01,0.01,74051.58,1776231107000
1776231108.916,108.916,0.73,0.74,0.26,0.27,0.01,0.01,74051.58,1776231107000
1776231109.278,109.278,0.73,0.74,0.26,0.27,0.01,0.01,74051.58,1776231107000
1776231109.661,109.661,0.72,0.73,0.27,0.28,0.01,0.01,74051.85,1776231108000
1776231110.018,110.018,0.72,0.73,0.27,0.28,0.01,0.01,74051.85,1776231109000
1776231110.565,110.565,0.72,0.73,0.27,0.28,0.01,0.01,74051.85,1776231109000
1776231111.006,111.006,0.71,0.72,0.27,0.29,0.01,0.02,74051.85,1776231109000
1776231111.565,111.565,0.71,0.72,0.28,0.29,0.01,0.01,74051.82,1776231110000
1776231112.228,112.228,0.71,0.72,0.28,0.29,0.01,0.01,74051.82,1776231110000
1776231112.624,112.624,0.71,0.72,0.28,0.29,0.01,0.01,74051.71,1776231111000
1776231112.958,112.958,0.7,0.71,0.29,0.3,0.01,0.01,74051.71,1776231111000
1776231113.318,113.318,0.68,0.7,0.29,0.31,0.02,0.02,74051.71,1776231111000
1776231113.819,113.819,0.68,0.69,0.31,0.32,0.01,0.01,74051.71,1776231112000
1776231114.3,114.3,0.68,0.69,0.31,0.32,0.01,0.01,74051.71,1776231112000
1776231114.709,114.709,0.68,0.69,0.31,0.32,0.01,0.01,74051.52,1776231113000
1776231115.173,115.173,0.68,0.69,0.31,0.32,0.01,0.01,74048.51,1776231114000
1776231115.508,115.508,0.68,0.69,0.31,0.32,0.01,0.01,74048.51,1776231114000
1776231115.881,115.881,0.68,0.69,0.31,0.32,0.01,0.01,74048.51,1776231114000
1776231116.449,116.449,0.68,0.69,0.31,0.32,0.01,0.01,74048.51,1776231114000
1776231116.789,116.789,0.64,0.66,0.34,0.36,0.02,0.02,74048.51,1776231114000
1776231117.684,117.684,0.62,0.64,0.36,0.37,0.02,0.01,74048.51,1776231114000
1776231118.027,118.027,0.61,0.63,0.37,0.39,0.02,0.02,74048.51,1776231114000
1776231118.367,118.367,0.62,0.63,0.37,0.38,0.01,0.01,74048.51,1776231114000
1776231118.724,118.724,0.62,0.64,0.36,0.38,0.02,0.02,74048.51,1776231114000
1776231119.097,119.097,0.62,0.63,0.37,0.38,0.01,0.01,74048.51,1776231114000
1776231119.44,119.44,0.62,0.63,0.37,0.38,0.01,0.01,74048.51,1776231114000
1776231119.792,119.792,0.62,0.63,0.37,0.38,0.01,0.01,74048.51,1776231114000
1776231120.135,120.135,0.61,0.62,0.38,0.39,0.01,0.01,74048.51,1776231114000
1776231120.506,120.506,0.6,0.61,0.39,0.4,0.01,0.01,74048.51,1776231114000
1776231120.899,120.899,0.6,0.61,0.39,0.4,0.01,0.01,74048.51,1776231114000
1776231121.349,121.349,0.59,0.6,0.39,0.41,0.01,0.02,74048.51,1776231114000
1776231121.741,121.741,0.58,0.59,0.41,0.42,0.01,0.01,74048.51,1776231114000
1776231122.222,122.222,0.57,0.58,0.42,0.43,0.01,0.01,74048.51,1776231114000
1776231122.574,122.574,0.56,0.58,0.42,0.43,0.02,0.01,74048.51,1776231114000
1776231122.966,122.966,0.56,0.57,0.43,0.44,0.01,0.01,74048.51,1776231114000
1776231123.549,123.549,0.56,0.57,0.43,0.44,0.01,0.01,74029.27,1776231122000
1776231123.903,123.903,0.58,0.59,0.41,0.43,0.01,0.02,74029.27,1776231122000
1776231124.255,124.255,0.6,0.61,0.41,0.42,0.01,0.01,74029.27,1776231122000
1776231124.62,124.62,0.62,0.64,0.36,0.39,0.02,0.03,74025.63,1776231123000
1776231124.96,124.96,0.64,0.66,0.34,0.36,0.02,0.02,74025.63,1776231123000
1776231125.321,125.321,0.65,0.66,0.34,0.35,0.01,0.01,74024.3,1776231124000
1776231125.671,125.671,0.65,0.66,0.34,0.35,0.01,0.01,74024.3,1776231124000
1776231126.033,126.033,0.66,0.67,0.33,0.34,0.01,0.01,74024.3,1776231124000
1776231126.369,126.369,0.66,0.67,0.33,0.34,0.01,0.01,74028.02,1776231125000
1776231126.766,126.766,0.66,0.69,0.33,0.34,0.03,0.01,74028.02,1776231125000
1776231127.275,127.275,0.68,0.7,0.3,0.32,0.02,0.02,74034.2,1776231126000
1776231127.699,127.699,0.7,0.71,0.29,0.3,0.01,0.01,74034.2,1776231126000
1776231128.055,128.055,0.7,0.71,0.29,0.3,0.01,0.01,74034.2,1776231126000
1776231128.419,128.419,0.7,0.71,0.29,0.3,0.01,0.01,74036.25,1776231127000
1776231128.863,128.863,0.7,0.71,0.29,0.3,0.01,0.01,74036.25,1776231127000
1776231129.201,129.201,0.7,0.71,0.29,0.3,0.01,0.01,74036.35,1776231128000
1776231129.544,129.544,0.7,0.71,0.29,0.3,0.01,0.01,74036.35,1776231128000
1776231129.957,129.957,0.7,0.71,0.29,0.3,0.01,0.01,74036.35,1776231128000
1776231130.352,130.352,0.7,0.71,0.29,0.3,0.01,0.01,74038.06,1776231129000
1776231130.814,130.814,0.72,0.73,0.26,0.28,0.01,0.02,74038.06,1776231129000
1776231131.317,131.317,0.73,0.74,0.26,0.27,0.01,0.01,74040.49,1776231130000
1776231131.665,131.665,0.73,0.75,0.25,0.27,0.02,0.02,74040.49,1776231130000
1776231132.026,132.026,0.74,0.75,0.25,0.26,0.01,0.01,74040.48,1776231131000
1776231132.388,132.388,0.74,0.75,0.25,0.26,0.01,0.01,74040.48,1776231131000
1776231132.726,132.726,0.74,0.75,0.25,0.26,0.01,0.01,74040.48,1776231131000
1776231133.073,133.073,0.75,0.76,0.24,0.26,0.01,0.02,74040.48,1776231131000
1776231133.44,133.44,0.77,0.78,0.22,0.23,0.01,0.01,74040.48,1776231131000
1776231133.889,133.889,0.78,0.79,0.21,0.23,0.01,0.02,74045.58,1776231132000
1776231134.331,134.331,0.78,0.79,0.21,0.22,0.01,0.01,74048.37,1776231133000
1776231134.696,134.696,0.78,0.79,0.21,0.22,0.01,0.01,74048.37,1776231133000
1776231135.077,135.077,0.78,0.79,0.21,0.22,0.01,0.01,74051.57,1776231134000
1776231135.417,135.417,0.74,0.77,0.23,0.26,0.03,0.03,74051.57,1776231134000
1776231135.8,135.8,0.72,0.73,0.27,0.28,0.01,0.01,74051.57,1776231134000
1776231136.349,136.349,0.71,0.72,0.27,0.32,0.01,0.05,74054.15,1776231135000
1776231136.71,136.71,0.71,0.72,0.28,0.29,0.01,0.01,74054.15,1776231135000
1776231137.147,137.147,0.7,0.71,0.29,0.3,0.01,0.01,74054.15,1776231135000
1776231137.906,137.906,0.68,0.7,0.29,0.3,0.02,0.01,74048.45,1776231136000
1776231138.278,138.278,0.56,0.64,0.35,0.44,0.08,0.09,74045.92,1776231137000
1776231138.692,138.692,0.63,0.64,0.36,0.45,0.01,0.09,74045.92,1776231137000
1776231139.028,139.028,0.55,0.56,0.44,0.48,0.01,0.04,74045.92,1776231137000
1776231139.37,139.37,0.54,0.55,0.44,0.46,0.01,0.02,74031.61,1776231138000
1776231139.714,139.714,0.54,0.55,0.45,0.46,0.01,0.01,74031.61,1776231138000
1776231140.05,140.05,0.54,0.56,0.45,0.46,0.02,0.01,74031.61,1776231138000
1776231140.384,140.384,0.55,0.56,0.44,0.45,0.01,0.01,74027.88,1776231139000
1776231140.749,140.749,0.55,0.56,0.44,0.45,0.01,0.01,74027.88,1776231139000
1776231141.158,141.158,0.55,0.56,0.44,0.45,0.01,0.01,74027.88,1776231139000
1776231141.567,141.567,0.55,0.56,0.44,0.45,0.01,0.01,74026.72,1776231140000
1776231141.905,141.905,0.55,0.56,0.44,0.45,0.01,0.01,74026.72,1776231140000
1776231142.337,142.337,0.55,0.56,0.44,0.45,0.01,0.01,74026.72,1776231141000
1776231142.713,142.713,0.56,0.58,0.43,0.44,0.02,0.01,74026.72,1776231141000
1776231143.048,143.048,0.56,0.58,0.43,0.44,0.02,0.01,74026.72,1776231141000
1776231143.499,143.499,0.57,0.58,0.42,0.43,0.01,0.01,74027.13,1776231142000
1776231143.88,143.88,0.58,0.59,0.41,0.43,0.01,0.02,74027.13,1776231142000
1776231144.641,144.641,0.6,0.61,0.4,0.42,0.01,0.02,74027.49,1776231143000
1776231145.051,145.051,0.56,0.57,0.41,0.42,0.01,0.01,74027.48,1776231144000
1776231145.792,145.792,0.55,0.56,0.43,0.45,0.01,0.02,74027.48,1776231144000
1776231146.178,146.178,0.55,0.56,0.44,0.45,0.01,0.01,74027.48,1776231144000
1776231146.522,146.522,0.55,0.56,0.44,0.45,0.01,0.01,74027.27,1776231145000
1776231146.865,146.865,0.55,0.56,0.44,0.45,0.01,0.01,74027.27,1776231145000
1776231147.212,147.212,0.55,0.56,0.44,0.45,0.01,0.01,74027.07,1776231146000
1776231147.546,147.546,0.54,0.55,0.45,0.46,0.01,0.01,74027.07,1776231146000
1776231147.891,147.891,0.54,0.55,0.45,0.46,0.01,0.01,74027.07,1776231146000
1776231148.235,148.235,0.54,0.55,0.45,0.46,0.01,0.01,74026.67,1776231147000
1776231148.83,148.83,0.54,0.55,0.45,0.46,0.01,0.01,74026.67,1776231147000
1776231149.363,149.363,0.54,0.55,0.45,0.46,0.01,0.01,74025.32,1776231148000
1776231149.72,149.72,0.54,0.55,0.45,0.46,0.01,0.01,74025.32,1776231148000
1776231150.306,150.306,0.54,0.55,0.45,0.46,0.01,0.01,74025.52,1776231149000
1776231150.894,150.894,0.54,0.55,0.45,0.46,0.01,0.01,74025.52,1776231149000
1776231151.376,151.376,0.54,0.55,0.45,0.46,0.01,0.01,74024.49,1776231150000
1776231151.779,151.779,0.52,0.55,0.45,0.48,0.03,0.03,74024.49,1776231150000
1776231152.115,152.115,0.51,0.52,0.48,0.49,0.01,0.01,74024.49,1776231151000
1776231152.499,152.499,0.5,0.52,0.48,0.5,0.02,0.02,74024.49,1776231151000
1776231152.867,152.867,0.5,0.52,0.48,0.5,0.02,0.02,74011.07,1776231152000
1776231153.203,153.203,0.5,0.51,0.49,0.5,0.01,0.01,74011.07,1776231152000
1776231153.541,153.541,0.47,0.49,0.51,0.53,0.02,0.02,74011.07,1776231152000
1776231153.88,153.88,0.45,0.49,0.51,0.54,0.04,0.03,74011.07,1776231152000
1776231154.266,154.266,0.47,0.48,0.52,0.54,0.01,0.02,74007.36,1776231153000
1776231154.637,154.637,0.45,0.46,0.53,0.54,0.01,0.01,74007.36,1776231153000
1776231155.025,155.025,0.45,0.46,0.54,0.55,0.01,0.01,74007.46,1776231154000
1776231155.365,155.365,0.45,0.46,0.54,0.55,0.01,0.01,74007.46,1776231154000
1776231155.705,155.705,0.45,0.46,0.54,0.55,0.01,0.01,74007.46,1776231154000
1776231156.224,156.224,0.45,0.46,0.54,0.55,0.01,0.01,74006.2,1776231155000
1776231156.568,156.568,0.41,0.44,0.55,0.56,0.03,0.01,74006.2,1776231155000
1776231156.926,156.926,0.42,0.43,0.57,0.6,0.01,0.03,74006.2,1776231155000
1776231157.265,157.265,0.42,0.43,0.57,0.58,0.01,0.01,74006.2,1776231155000
1776231157.599,157.599,0.42,0.43,0.57,0.58,0.01,0.01,74005.6,1776231156000
1776231157.942,157.942,0.42,0.43,0.57,0.58,0.01,0.01,74005.6,1776231156000
1776231158.334,158.334,0.41,0.42,0.58,0.59,0.01,0.01,74005.6,1776231156000
1776231158.668,158.668,0.4,0.41,0.59,0.6,0.01,0.01,74005.6,1776231156000
1776231159.007,159.007,0.38,0.4,0.6,0.62,0.02,0.02,74005.6,1776231156000
1776231159.388,159.388,0.38,0.39,0.61,0.62,0.01,0.01,73995.27,1776231157000
1776231159.733,159.733,0.36,0.39,0.61,0.63,0.03,0.02,73995.27,1776231157000
1776231160.069,160.069,0.33,0.34,0.66,0.67,0.01,0.01,73996.31,1776231158000
1776231160.422,160.422,0.33,0.34,0.66,0.67,0.01,0.01,73994.46,1776231159000
1776231160.762,160.762,0.33,0.34,0.66,0.67,0.01,0.01,73994.46,1776231159000
1776231161.098,161.098,0.33,0.34,0.66,0.67,0.01,0.01,73994.46,1776231159000
1776231161.449,161.449,0.33,0.34,0.66,0.67,0.01,0.01,73991.5,1776231160000
1776231161.786,161.786,0.33,0.34,0.66,0.67,0.01,0.01,73991.5,1776231160000
1776231162.126,162.126,0.34,0.35,0.65,0.66,0.01,0.01,73984.51,1776231161000
1776231162.497,162.497,0.34,0.35,0.65,0.66,0.01,0.01,73984.51,1776231161000
1776231162.86,162.86,0.34,0.35,0.65,0.66,0.01,0.01,73984.51,1776231161000
1776231163.222,163.222,0.33,0.34,0.66,0.67,0.01,0.01,73984.51,1776231161000
1776231163.661,163.661,0.33,0.34,0.66,0.67,0.01,0.01,73985.51,1776231162000
1776231164.003,164.003,0.31,0.32,0.68,0.69,0.01,0.01,73985.51,1776231162000
1776231164.397,164.397,0.3,0.32,0.68,0.69,0.02,0.01,73985.51,1776231162000
1776231164.73,164.73,0.31,0.32,0.68,0.69,0.01,0.01,73986.63,1776231163000
1776231165.085,165.085,0.31,0.32,0.68,0.69,0.01,0.01,73987.09,1776231164000
1776231165.423,165.423,0.3,0.32,0.68,0.69,0.02,0.01,73987.09,1776231164000
1776231165.783,165.783,0.31,0.32,0.68,0.7,0.01,0.02,73987.09,1776231164000
1776231166.335,166.335,0.3,0.31,0.69,0.7,0.01,0.01,73986.95,1776231165000
1776231166.739,166.739,0.3,0.31,0.69,0.7,0.01,0.01,73986.95,1776231165000
1776231167.108,167.108,0.3,0.31,0.69,0.7,0.01,0.01,73986.95,1776231165000
1776231167.571,167.571,0.29,0.3,0.7,0.71,0.01,0.01,73986.81,1776231166000
1776231167.906,167.906,0.28,0.29,0.7,0.72,0.01,0.02,73986.81,1776231166000
1776231168.392,168.392,0.27,0.28,0.71,0.73,0.01,0.02,73983.9,1776231167000
1776231168.726,168.726,0.26,0.27,0.72,0.74,0.01,0.02,73983.9,1776231167000
1776231169.134,169.134,0.26,0.27,0.73,0.74,0.01,0.01,73983.9,1776231167000
1776231169.533,169.533,0.26,0.27,0.73,0.74,0.01,0.01,73983.65,1776231168000
1776231169.898,169.898,0.26,0.27,0.73,0.74,0.01,0.01,73983.65,1776231169000
1776231170.434,170.434,0.26,0.27,0.73,0.74,0.01,0.01,73983.65,1776231169000
1776231170.865,170.865,0.26,0.27,0.73,0.74,0.01,0.01,73983.65,1776231169000
1776231171.221,171.221,0.26,0.27,0.73,0.74,0.01,0.01,73983.55,1776231170000
1776231171.658,171.658,0.26,0.27,0.73,0.74,0.01,0.01,73983.55,1776231170000
1776231172.044,172.044,0.26,0.27,0.73,0.74,0.01,0.01,73983.55,1776231170000
1776231172.396,172.396,0.26,0.27,0.73,0.74,0.01,0.01,73980.49,1776231171000
1776231172.834,172.834,0.27,0.28,0.72,0.74,0.01,0.02,73980.49,1776231171000
1776231173.174,173.174,0.28,0.29,0.71,0.72,0.01,0.01,73980.49,1776231171000
1776231173.529,173.529,0.28,0.29,0.71,0.72,0.01,0.01,73980.49,1776231171000
1776231174.053,174.053,0.28,0.29,0.71,0.72,0.01,0.01,73984.2,1776231173000
1776231174.502,174.502,0.28,0.3,0.71,0.72,0.02,0.01,73984.2,1776231173000
1776231174.846,174.846,0.28,0.3,0.7,0.72,0.02,0.02,73984.2,1776231173000
1776231175.251,175.251,0.28,0.29,0.71,0.72,0.01,0.01,73984.39,1776231174000
1776231175.609,175.609,0.28,0.29,0.71,0.72,0.01,0.01,73984.39,1776231174000
1776231175.956,175.956,0.27,0.29,0.71,0.73,0.02,0.02,73984.39,1776231174000
1776231176.309,176.309,0.27,0.28,0.72,0.73,0.01,0.01,73988.51,1776231175000
1776231176.704,176.704,0.26,0.28,0.72,0.73,0.02,0.01,73988.51,1776231175000
1776231177.066,177.066,0.25,0.26,0.73,0.75,0.01,0.02,73994.97,1776231176000
1776231177.499,177.499,0.25,0.26,0.74,0.75,0.01,0.01,73994.97,1776231176000
1776231177.881,177.881,0.22,0.25,0.74,0.77,0.03,0.03,73994.97,1776231176000
1776231178.266,178.266,0.24,0.25,0.75,0.76,0.01,0.01,73992.71,1776231177000
1776231178.781,178.781,0.22,0.23,0.77,0.78,0.01,0.01,73992.71,1776231177000
1776231179.211,179.211,0.22,0.23,0.77,0.78,0.01,0.01,73988.12,1776231178000
1776231179.545,179.545,0.21,0.22,0.78,0.79,0.01,0.01,73988.12,1776231178000
1776231179.897,179.897,0.23,0.24,0.76,0.77,0.01,0.01,73988.12,1776231178000
1776231180.267,180.267,0.23,0.24,0.76,0.77,0.01,0.01,73986.47,1776231179000
1776231180.685,180.685,0.22,0.23,0.77,0.78,0.01,0.01,73986.47,1776231179000
1776231181.561,181.561,0.22,0.23,0.77,0.78,0.01,0.01,73986.91,1776231180000
1776231181.957,181.957,0.21,0.23,0.77,0.79,0.02,0.02,73986.1,1776231181000
1776231182.491,182.491,0.2,0.23,0.77,0.79,0.03,0.02,73986.1,1776231181000
1776231182.832,182.832,0.2,0.22,0.78,0.8,0.02,0.02,73986.1,1776231181000
1776231183.28,183.28,0.21,0.22,0.78,0.79,0.01,0.01,73982.68,1776231182000
1776231183.647,183.647,0.21,0.22,0.78,0.79,0.01,0.01,73982.68,1776231182000
1776231184.034,184.034,0.2,0.21,0.78,0.8,0.01,0.02,73982.68,1776231183000
1776231184.382,184.382,0.21,0.22,0.78,0.79,0.01,0.01,73982.68,1776231183000
1776231184.732,184.732,0.21,0.22,0.77,0.79,0.01,0.02,73982.68,1776231183000
1776231185.146,185.146,0.21,0.22,0.78,0.79,0.01,0.01,73984.7,1776231184000
1776231185.481,185.481,0.22,0.23,0.77,0.78,0.01,0.01,73984.7,1776231184000
1776231186.218,186.218,0.22,0.24,0.77,0.78,0.02,0.01,73984.7,1776231184000
1776231186.637,186.637,0.25,0.27,0.73,0.75,0.02,0.02,73992.81,1776231185000
1776231186.973,186.973,0.26,0.28,0.72,0.74,0.02,0.02,73992.81,1776231185000
1776231187.366,187.366,0.27,0.3,0.72,0.74,0.03,0.02,73992.81,1776231185000
1776231187.888,187.888,0.28,0.29,0.71,0.72,0.01,0.01,73992.56,1776231186000
1776231188.303,188.303,0.28,0.3,0.71,0.72,0.02,0.01,73992.48,1776231187000
1776231188.802,188.802,0.28,0.3,0.7,0.72,0.02,0.02,73992.48,1776231187000
1776231189.177,189.177,0.29,0.3,0.7,0.72,0.01,0.02,73992.48,1776231187000
1776231189.717,189.717,0.29,0.3,0.7,0.71,0.01,0.01,73999.66,1776231188000
1776231190.102,190.102,0.29,0.3,0.7,0.71,0.01,0.01,73999.66,1776231188000
1776231190.479,190.479,0.31,0.32,0.67,0.69,0.01,0.02,74001.05,1776231189000
1776231190.844,190.844,0.31,0.32,0.68,0.69,0.01,0.01,74001.05,1776231189000
1776231191.294,191.294,0.31,0.32,0.68,0.69,0.01,0.01,74001.05,1776231189000
1776231191.636,191.636,0.31,0.32,0.68,0.69,0.01,0.01,74006.28,1776231190000
1776231191.971,191.971,0.31,0.32,0.68,0.69,0.01,0.01,74006.28,1776231190000
1776231192.461,192.461,0.33,0.34,0.66,0.67,0.01,0.01,74006.28,1776231190000
1776231192.882,192.882,0.33,0.34,0.66,0.67,0.01,0.01,74007.97,1776231191000
1776231193.227,193.227,0.33,0.34,0.66,0.67,0.01,0.01,74007.97,1776231191000
1776231193.567,193.567,0.32,0.33,0.66,0.68,0.01,0.02,74007.97,1776231192000
1776231193.922,193.922,0.32,0.33,0.67,0.68,0.01,0.01,74007.97,1776231192000
1776231194.376,194.376,0.32,0.33,0.67,0.68,0.01,0.01,74007.97,1776231193000
1776231195.349,195.349,0.32,0.33,0.67,0.68,0.01,0.01,74007.95,1776231194000
1776231196.501,196.501,0.32,0.33,0.67,0.68,0.01,0.01,74007.94,1776231195000
1776231196.841,196.841,0.32,0.33,0.67,0.68,0.01,0.01,74007.94,1776231195000
1776231197.214,197.214,0.32,0.33,0.67,0.68,0.01,0.01,74007.94,1776231196000
1776231197.558,197.558,0.32,0.33,0.67,0.68,0.01,0.01,74007.94,1776231196000
1776231197.926,197.926,0.33,0.34,0.66,0.68,0.01,0.02,74007.94,1776231196000
1776231198.453,198.453,0.33,0.34,0.66,0.67,0.01,0.01,74007.11,1776231197000
1776231199.007,199.007,0.33,0.34,0.66,0.67,0.01,0.01,74007.11,1776231197000
1776231199.369,199.369,0.33,0.34,0.66,0.67,0.01,0.01,74007.14,1776231198000
1776231200.0,200.0,0.34,0.35,0.66,0.67,0.01,0.01,74007.14,1776231198000
1776231200.37,200.37,0.34,0.35,0.65,0.66,0.01,0.01,74008.73,1776231199000
1776231200.921,200.921,0.34,0.35,0.65,0.66,0.01,0.01,74008.73,1776231199000
1776231201.27,201.27,0.34,0.35,0.65,0.66,0.01,0.01,74008.73,1776231200000
1776231201.7,201.7,0.34,0.35,0.65,0.66,0.01,0.01,74008.73,1776231200000
1776231202.034,202.034,0.34,0.35,0.65,0.66,0.01,0.01,74008.73,1776231200000
1776231202.669,202.669,0.34,0.35,0.65,0.66,0.01,0.01,74008.76,1776231201000
1776231203.038,203.038,0.34,0.35,0.65,0.66,0.01,0.01,74008.76,1776231201000
1776231203.426,203.426,0.34,0.35,0.65,0.66,0.01,0.01,74008.75,1776231202000
1776231203.798,203.798,0.34,0.35,0.65,0.66,0.01,0.01,74008.75,1776231202000
1776231204.171,204.171,0.35,0.36,0.64,0.65,0.01,0.01,74008.75,1776231203000
1776231204.681,204.681,0.34,0.35,0.64,0.65,0.01,0.01,74008.75,1776231203000
1776231205.041,205.041,0.32,0.33,0.67,0.69,0.01,0.02,74008.75,1776231203000
1776231205.715,205.715,0.32,0.33,0.66,0.68,0.01,0.02,74008.65,1776231204000
1776231206.057,206.057,0.33,0.34,0.66,0.67,0.01,0.01,74008.65,1776231204000
1776231206.407,206.407,0.33,0.35,0.65,0.67,0.02,0.02,74004.71,1776231205000
1776231206.882,206.882,0.35,0.36,0.64,0.65,0.01,0.01,74004.71,1776231205000
1776231207.559,207.559,0.35,0.36,0.64,0.65,0.01,0.01,74005.09,1776231206000
1776231208.189,208.189,0.35,0.36,0.64,0.65,0.01,0.01,74006.38,1776231207000
1776231208.612,208.612,0.35,0.36,0.64,0.65,0.01,0.01,74006.38,1776231207000
1776231209.126,209.126,0.36,0.37,0.63,0.64,0.01,0.01,74008.22,1776231208000
1776231209.566,209.566,0.36,0.37,0.63,0.64,0.01,0.01,74008.22,1776231208000
1776231210.058,210.058,0.36,0.37,0.63,0.64,0.01,0.01,74008.22,1776231208000
1776231211.048,211.048,0.36,0.37,0.63,0.64,0.01,0.01,74012.98,1776231210000
1776231211.431,211.431,0.37,0.38,0.62,0.63,0.01,0.01,74012.98,1776231210000
1776231211.782,211.782,0.37,0.38,0.62,0.63,0.01,0.01,74012.98,1776231210000
1776231212.378,212.378,0.37,0.38,0.62,0.63,0.01,0.01,74016.53,1776231211000
1776231213.031,213.031,0.37,0.38,0.62,0.63,0.01,0.01,74016.42,1776231212000
1776231213.402,213.402,0.37,0.38,0.62,0.63,0.01,0.01,74016.42,1776231212000
1776231213.741,213.741,0.37,0.38,0.62,0.63,0.01,0.01,74016.42,1776231212000
1776231214.077,214.077,0.37,0.38,0.62,0.63,0.01,0.01,74016.42,1776231212000
1776231214.428,214.428,0.38,0.39,0.61,0.62,0.01,0.01,74013.59,1776231213000
1776231214.762,214.762,0.38,0.39,0.61,0.62,0.01,0.01,74013.59,1776231213000
1776231215.108,215.108,0.38,0.39,0.61,0.62,0.01,0.01,74013.0,1776231214000
1776231215.802,215.802,0.38,0.39,0.61,0.62,0.01,0.01,74013.0,1776231214000
1776231216.165,216.165,0.38,0.39,0.61,0.62,0.01,0.01,74013.0,1776231214000
1776231217.003,217.003,0.38,0.39,0.61,0.62,0.01,0.01,74012.97,1776231215000
1776231217.823,217.823,0.38,0.39,0.61,0.62,0.01,0.01,74012.97,1776231215000
1776231218.269,218.269,0.38,0.39,0.61,0.62,0.01,0.01,74011.9,1776231216000
1776231218.694,218.694,0.38,0.39,0.61,0.62,0.01,0.01,74011.9,1776231216000
1776231219.045,219.045,0.38,0.39,0.61,0.62,0.01,0.01,74010.91,1776231217000
1776231219.726,219.726,0.38,0.39,0.61,0.62,0.01,0.01,74010.91,1776231217000
1776231220.068,220.068,0.38,0.39,0.61,0.62,0.01,0.01,74013.86,1776231218000
1776231220.452,220.452,0.39,0.4,0.6,0.61,0.01,0.01,74013.86,1776231218000
1776231220.816,220.816,0.39,0.4,0.6,0.61,0.01,0.01,74013.86,1776231218000
1776231221.37,221.37,0.39,0.4,0.6,0.61,0.01,0.01,74013.86,1776231219000
1776231221.959,221.959,0.39,0.4,0.6,0.61,0.01,0.01,74013.86,1776231219000
1776231222.314,222.314,0.39,0.4,0.6,0.61,0.01,0.01,74013.85,1776231220000
1776231222.748,222.748,0.39,0.4,0.6,0.61,0.01,0.01,74013.85,1776231220000
1776231223.11,223.11,0.38,0.39,0.61,0.62,0.01,0.01,74013.82,1776231221000
1776231223.463,223.463,0.38,0.39,0.61,0.62,0.01,0.01,74013.82,1776231221000
1776231223.896,223.896,0.38,0.39,0.61,0.62,0.01,0.01,74013.82,1776231221000
1776231224.262,224.262,0.38,0.39,0.61,0.62,0.01,0.01,74010.89,1776231222000
1776231224.654,224.654,0.38,0.39,0.61,0.62,0.01,0.01,74010.89,1776231222000
1776231224.993,224.993,0.38,0.39,0.61,0.62,0.01,0.01,74009.33,1776231223000
1776231225.335,225.335,0.38,0.39,0.61,0.62,0.01,0.01,74009.33,1776231223000
1776231225.808,225.808,0.38,0.39,0.61,0.62,0.01,0.01,74009.33,1776231223000
1776231226.223,226.223,0.38,0.39,0.61,0.62,0.01,0.01,74009.32,1776231224000
1776231226.59,226.59,0.38,0.39,0.61,0.62,0.01,0.01,74009.32,1776231224000
1776231226.945,226.945,0.38,0.39,0.61,0.62,0.01,0.01,74009.32,1776231224000
1776231227.358,227.358,0.38,0.39,0.61,0.62,0.01,0.01,74008.74,1776231225000
1776231227.831,227.831,0.38,0.39,0.61,0.62,0.01,0.01,74008.74,1776231225000
1776231228.205,228.205,0.38,0.39,0.61,0.62,0.01,0.01,74008.79,1776231226000
1776231228.71,228.71,0.38,0.39,0.61,0.62,0.01,0.01,74008.79,1776231226000
1776231229.055,229.055,0.38,0.39,0.61,0.62,0.01,0.01,74008.78,1776231227000
1776231229.633,229.633,0.38,0.39,0.61,0.62,0.01,0.01,74008.78,1776231227000
1776231230.03,230.03,0.38,0.39,0.61,0.62,0.01,0.01,74008.75,1776231228000
1776231230.942,230.942,0.37,0.38,0.61,0.62,0.01,0.01,74008.75,1776231228000
1776231231.456,231.456,0.37,0.38,0.62,0.63,0.01,0.01,74008.76,1776231229000
1776231231.972,231.972,0.37,0.38,0.62,0.63,0.01,0.01,74008.76,1776231229000
1776231232.322,232.322,0.37,0.38,0.62,0.64,0.01,0.02,74008.76,1776231230000
1776231232.978,232.978,0.37,0.38,0.62,0.63,0.01,0.01,74008.77,1776231231000
1776231233.314,233.314,0.37,0.38,0.62,0.63,0.01,0.01,74008.77,1776231231000
1776231233.651,233.651,0.37,0.38,0.62,0.63,0.01,0.01,74008.77,1776231231000
1776231234.352,234.352,0.37,0.38,0.62,0.63,0.01,0.01,74008.78,1776231232000
1776231234.859,234.859,0.36,0.37,0.63,0.64,0.01,0.01,74008.77,1776231233000
1776231235.25,235.25,0.36,0.37,0.63,0.64,0.01,0.01,74005.06,1776231234000
1776231235.806,235.806,0.36,0.37,0.63,0.64,0.01,0.01,74005.06,1776231234000
1776231236.145,236.145,0.36,0.37,0.63,0.64,0.01,0.01,74005.06,1776231234000
1776231236.562,236.562,0.36,0.37,0.63,0.64,0.01,0.01,74005.06,1776231234000
1776231236.916,236.916,0.36,0.37,0.63,0.64,0.01,0.01,74006.13,1776231235000
1776231237.313,237.313,0.35,0.37,0.63,0.64,0.02,0.01,74006.13,1776231235000
1776231237.709,237.709,0.33,0.35,0.64,0.66,0.02,0.02,74005.65,1776231236000
1776231238.387,238.387,0.32,0.33,0.67,0.68,0.01,0.01,74005.6,1776231237000
1776231238.965,238.965,0.32,0.33,0.67,0.68,0.01,0.01,74005.6,1776231237000
1776231239.52,239.52,0.3,0.31,0.67,0.7,0.01,0.03,74004.1,1776231238000
1776231239.889,239.889,0.3,0.31,0.69,0.7,0.01,0.01,74004.1,1776231238000
1776231240.29,240.29,0.3,0.31,0.69,0.7,0.01,0.01,73999.07,1776231239000
1776231240.698,240.698,0.3,0.31,0.69,0.7,0.01,0.01,73999.07,1776231239000
1776231241.072,241.072,0.3,0.31,0.69,0.7,0.01,0.01,73999.07,1776231239000
1776231241.425,241.425,0.3,0.31,0.69,0.7,0.01,0.01,73999.07,1776231239000
1776231241.77,241.77,0.3,0.31,0.69,0.7,0.01,0.01,73998.51,1776231240000
1776231242.104,242.104,0.3,0.31,0.69,0.7,0.01,0.01,73998.51,1776231241000
1776231242.476,242.476,0.29,0.3,0.69,0.71,0.01,0.02,73998.51,1776231241000
1776231242.908,242.908,0.28,0.3,0.7,0.72,0.02,0.02,73998.51,1776231241000
1776231243.252,243.252,0.28,0.29,0.71,0.72,0.01,0.01,73997.55,1776231242000
1776231243.641,243.641,0.27,0.28,0.72,0.74,0.01,0.02,73997.55,1776231242000
1776231244.082,244.082,0.27,0.28,0.72,0.73,0.01,0.01,73995.69,1776231243000
1776231244.43,244.43,0.27,0.28,0.72,0.73,0.01,0.01,73995.69,1776231243000
1776231244.841,244.841,0.26,0.27,0.72,0.74,0.01,0.02,73995.69,1776231243000
1776231245.292,245.292,0.25,0.26,0.73,0.75,0.01,0.02,73995.36,1776231244000
1776231245.797,245.797,0.25,0.26,0.74,0.75,0.01,0.01,73995.36,1776231244000
1776231246.164,246.164,0.25,0.26,0.74,0.75,0.01,0.01,73995.36,1776231245000
1776231246.541,246.541,0.24,0.25,0.74,0.76,0.01,0.02,73995.36,1776231245000
1776231247.171,247.171,0.24,0.25,0.75,0.76,0.01,0.01,73995.36,1776231245000
1776231247.654,247.654,0.25,0.26,0.74,0.75,0.01,0.01,73995.92,1776231246000
1776231248.083,248.083,0.24,0.25,0.75,0.76,0.01,0.01,73996.25,1776231247000
1776231248.479,248.479,0.23,0.24,0.76,0.77,0.01,0.01,73996.25,1776231247000
1776231248.873,248.873,0.22,0.23,0.77,0.78,0.01,0.01,73996.25,1776231247000
1776231249.312,249.312,0.21,0.22,0.77,0.78,0.01,0.01,73996.35,1776231248000
1776231249.671,249.671,0.21,0.22,0.78,0.79,0.01,0.01,73996.35,1776231248000
1776231250.016,250.016,0.21,0.22,0.78,0.79,0.01,0.01,73996.35,1776231248000
1776231250.488,250.488,0.21,0.22,0.78,0.79,0.01,0.01,73994.2,1776231249000
1776231250.992,250.992,0.2,0.22,0.78,0.79,0.02,0.01,73994.2,1776231249000
1776231251.378,251.378,0.2,0.21,0.79,0.8,0.01,0.01,73991.56,1776231250000
1776231251.756,251.756,0.2,0.21,0.79,0.8,0.01,0.01,73991.56,1776231250000
1776231252.121,252.121,0.2,0.21,0.79,0.8,0.01,0.01,73991.56,1776231250000
1776231252.631,252.631,0.2,0.21,0.79,0.8,0.01,0.01,73990.85,1776231251000
1776231252.989,252.989,0.19,0.2,0.79,0.81,0.01,0.02,73990.85,1776231251000
1776231253.328,253.328,0.19,0.2,0.8,0.81,0.01,0.01,73990.85,1776231251000
1776231253.68,253.68,0.19,0.2,0.8,0.81,0.01,0.01,73990.85,1776231251000
1776231254.051,254.051,0.17,0.19,0.81,0.82,0.02,0.01,73990.85,1776231252000
1776231254.411,254.411,0.19,0.2,0.8,0.81,0.01,0.01,73991.08,1776231253000
1776231254.786,254.786,0.2,0.21,0.79,0.8,0.01,0.01,73991.08,1776231253000
1776231255.166,255.166,0.19,0.21,0.79,0.8,0.02,0.01,73991.08,1776231253000
1776231255.55,255.55,0.19,0.2,0.8,0.81,0.01,0.01,73991.12,1776231254000
1776231256.0,256.0,0.21,0.22,0.77,0.81,0.01,0.04,73991.12,1776231254000
1776231256.46,256.46,0.21,0.22,0.78,0.79,0.01,0.01,73991.34,1776231255000
1776231256.838,256.838,0.21,0.22,0.78,0.79,0.01,0.01,73991.34,1776231255000
1776231257.18,257.18,0.22,0.23,0.77,0.78,0.01,0.01,73991.86,1776231256000
1776231257.563,257.563,0.22,0.23,0.77,0.78,0.01,0.01,73991.86,1776231256000
1776231257.961,257.961,0.21,0.23,0.77,0.78,0.02,0.01,73991.86,1776231256000
1776231258.335,258.335,0.19,0.2,0.8,0.81,0.01,0.01,73993.18,1776231257000
1776231258.669,258.669,0.18,0.19,0.81,0.82,0.01,0.01,73993.18,1776231257000
1776231259.064,259.064,0.17,0.18,0.82,0.83,0.01,0.01,73993.18,1776231257000
1776231259.399,259.399,0.17,0.18,0.82,0.83,0.01,0.01,73993.41,1776231258000
1776231259.735,259.735,0.17,0.18,0.82,0.83,0.01,0.01,73993.41,1776231258000
1776231260.165,260.165,0.17,0.18,0.82,0.83,0.01,0.01,73997.06,1776231259000
1776231260.55,260.55,0.17,0.18,0.82,0.83,0.01,0.01,73997.06,1776231259000
1776231261.017,261.017,0.17,0.18,0.82,0.83,0.01,0.01,73997.06,1776231259000
1776231261.373,261.373,0.17,0.19,0.82,0.83,0.02,0.01,73997.07,1776231260000
1776231261.834,261.834,0.18,0.19,0.81,0.82,0.01,0.01,73997.07,1776231260000
1776231262.179,262.179,0.18,0.19,0.81,0.82,0.01,0.01,73997.06,1776231261000
1776231262.536,262.536,0.18,0.19,0.81,0.82,0.01,0.01,73997.06,1776231261000
1776231263.03,263.03,0.18,0.19,0.81,0.82,0.01,0.01,73997.06,1776231261000
1776231263.434,263.434,0.2,0.23,0.79,0.8,0.03,0.01,73997.41,1776231262000
1776231263.818,263.818,0.22,0.23,0.77,0.79,0.01,0.02,73997.41,1776231262000
1776231264.2,264.2,0.22,0.23,0.77,0.78,0.01,0.01,73999.21,1776231263000
1776231264.62,264.62,0.22,0.23,0.77,0.78,0.01,0.01,73999.21,1776231263000
1776231265.121,265.121,0.21,0.23,0.77,0.79,0.02,0.02,73999.57,1776231264000
1776231265.52,265.52,0.2,0.21,0.78,0.8,0.01,0.02,73999.57,1776231264000
1776231266.097,266.097,0.2,0.21,0.79,0.8,0.01,0.01,73999.57,1776231264000
1776231266.458,266.458,0.17,0.2,0.8,0.82,0.03,0.02,73999.57,1776231264000
1776231266.914,266.914,0.16,0.17,0.83,0.85,0.01,0.02,74001.26,1776231265000
1776231267.319,267.319,0.14,0.16,0.84,0.85,0.02,0.01,74001.26,1776231265000
1776231267.668,267.668,0.13,0.14,0.86,0.87,0.01,0.01,74002.41,1776231266000
1776231268.018,268.018,0.13,0.14,0.86,0.87,0.01,0.01,73999.02,1776231267000
1776231268.4,268.4,0.12,0.13,0.87,0.88,0.01,0.01,73999.02,1776231267000
1776231268.826,268.826,0.12,0.13,0.87,0.88,0.01,0.01,73999.02,1776231267000
1776231269.214,269.214,0.12,0.13,0.87,0.88,0.01,0.01,73999.02,1776231267000
1776231269.574,269.574,0.12,0.13,0.87,0.88,0.01,0.01,73996.66,1776231268000
1776231270.085,270.085,0.12,0.13,0.87,0.88,0.01,0.01,73996.66,1776231268000
1776231270.428,270.428,0.11,0.12,0.88,0.89,0.01,0.01,73996.66,1776231268000
1776231270.764,270.764,0.12,0.13,0.87,0.88,0.01,0.01,73996.66,1776231268000
1776231271.12,271.12,0.12,0.13,0.87,0.88,0.01,0.01,73996.97,1776231269000
1776231271.455,271.455,0.12,0.13,0.87,0.88,0.01,0.01,73996.99,1776231270000
1776231271.817,271.817,0.12,0.13,0.87,0.88,0.01,0.01,73996.99,1776231270000
1776231272.186,272.186,0.12,0.13,0.87,0.88,0.01,0.01,73997.0,1776231271000
1776231272.629,272.629,0.11,0.13,0.87,0.88,0.02,0.01,73997.0,1776231271000
1776231273.002,273.002,0.11,0.12,0.88,0.89,0.01,0.01,73997.0,1776231271000
1776231273.356,273.356,0.11,0.12,0.88,0.89,0.01,0.01,73997.01,1776231272000
1776231273.714,273.714,0.11,0.12,0.88,0.89,0.01,0.01,73997.01,1776231272000
1776231274.069,274.069,0.1,0.12,0.88,0.89,0.02,0.01,73997.01,1776231272000
1776231274.425,274.425,0.1,0.11,0.89,0.9,0.01,0.01,73997.01,1776231272000
1776231274.761,274.761,0.09,0.1,0.9,0.91,0.01,0.01,73997.66,1776231273000
1776231275.103,275.103,0.1,0.18,0.83,0.91,0.08,0.08,73997.66,1776231273000
1776231275.474,275.474,0.12,0.13,0.87,0.88,0.01,0.01,73998.26,1776231274000
1776231275.817,275.817,0.14,0.19,0.85,0.86,0.05,0.01,73998.26,1776231274000
1776231276.225,276.225,0.13,0.16,0.84,0.85,0.03,0.01,73998.26,1776231274000
1776231276.563,276.563,0.13,0.14,0.86,0.87,0.01,0.01,73998.26,1776231275000
1776231277.078,277.078,0.13,0.14,0.86,0.87,0.01,0.01,73998.26,1776231275000
1776231277.488,277.488,0.13,0.14,0.86,0.87,0.01,0.01,73998.26,1776231276000
1776231277.952,277.952,0.18,0.19,0.81,0.82,0.01,0.01,73998.26,1776231276000
1776231278.422,278.422,0.15,0.16,0.83,0.87,0.01,0.04,73998.26,1776231276000
1776231278.835,278.835,0.14,0.15,0.85,0.86,0.01,0.01,74001.64,1776231277000
1776231279.179,279.179,0.12,0.13,0.87,0.88,0.01,0.01,74002.53,1776231278000
1776231279.607,279.607,0.12,0.13,0.87,0.88,0.01,0.01,74002.53,1776231278000
1776231280.027,280.027,0.1,0.11,0.89,0.9,0.01,0.01,74002.53,1776231278000
1776231280.37,280.37,0.1,0.11,0.89,0.9,0.01,0.01,74002.53,1776231278000
1776231280.72,280.72,0.1,0.11,0.89,0.9,0.01,0.01,74003.67,1776231279000
1776231281.155,281.155,0.1,0.11,0.89,0.9,0.01,0.01,74003.67,1776231279000
1776231281.497,281.497,0.1,0.11,0.89,0.9,0.01,0.01,74003.7,1776231280000
1776231281.843,281.843,0.1,0.11,0.89,0.9,0.01,0.01,74003.7,1776231280000
1776231282.177,282.177,0.11,0.12,0.88,0.89,0.01,0.01,74003.7,1776231280000
1776231282.531,282.531,0.11,0.12,0.88,0.89,0.01,0.01,74003.53,1776231281000
1776231282.889,282.889,0.11,0.12,0.88,0.89,0.01,0.01,74003.53,1776231281000
1776231283.443,283.443,0.11,0.12,0.88,0.89,0.01,0.01,74003.53,1776231281000
1776231283.79,283.79,0.07,0.12,0.88,0.89,0.05,0.01,74003.53,1776231282000
1776231284.188,284.188,0.11,0.12,0.88,0.89,0.01,0.01,74003.53,1776231283000
1776231284.556,284.556,0.12,0.13,0.87,0.88,0.01,0.01,74003.53,1776231283000
1776231284.912,284.912,0.12,0.13,0.87,0.88,0.01,0.01,74003.53,1776231283000
1776231285.38,285.38,0.13,0.15,0.86,0.87,0.02,0.01,74005.62,1776231284000
1776231285.822,285.822,0.14,0.15,0.85,0.86,0.01,0.01,74005.62,1776231284000
1776231286.2,286.2,0.14,0.15,0.85,0.86,0.01,0.01,74007.45,1776231285000
1776231286.537,286.537,0.14,0.15,0.85,0.86,0.01,0.01,74007.45,1776231285000
1776231286.906,286.906,0.13,0.14,0.86,0.87,0.01,0.01,74007.45,1776231285000
1776231287.302,287.302,0.13,0.14,0.86,0.87,0.01,0.01,74007.86,1776231286000
1776231287.974,287.974,0.12,0.14,0.86,0.88,0.02,0.02,74007.93,1776231287000
1776231288.506,288.506,0.12,0.13,0.87,0.88,0.01,0.01,74007.93,1776231287000
1776231288.88,288.88,0.12,0.14,0.87,0.88,0.02,0.01,74007.93,1776231287000
1776231289.23,289.23,0.12,0.13,0.87,0.88,0.01,0.01,74007.66,1776231288000
1776231289.632,289.632,0.12,0.13,0.87,0.88,0.01,0.01,74007.66,1776231288000
1776231290.276,290.276,0.12,0.13,0.87,0.88,0.01,0.01,74007.38,1776231289000
1776231290.615,290.615,0.14,0.15,0.85,0.86,0.01,0.01,74007.38,1776231289000
1776231290.966,290.966,0.14,0.15,0.85,0.86,0.01,0.01,74007.37,1776231290000
1776231291.331,291.331,0.14,0.15,0.85,0.86,0.01,0.01,74007.37,1776231290000
1776231291.795,291.795,0.14,0.15,0.85,0.86,0.01,0.01,74007.37,1776231290000
1776231292.166,292.166,0.14,0.15,0.85,0.86,0.01,0.01,74007.36,1776231291000
1776231292.499,292.499,0.14,0.15,0.85,0.86,0.01,0.01,74007.36,1776231291000
1776231292.879,292.879,0.14,0.15,0.85,0.86,0.01,0.01,74007.36,1776231291000
1776231293.269,293.269,0.16,0.17,0.81,0.86,0.01,0.05,74007.46,1776231292000
1776231293.66,293.66,0.17,0.18,0.83,0.84,0.01,0.01,74007.46,1776231292000
1776231294.014,294.014,0.16,0.17,0.82,0.84,0.01,0.02,74007.46,1776231292000
1776231294.386,294.386,0.15,0.16,0.84,0.85,0.01,0.01,74007.47,1776231293000
1776231294.791,294.791,0.17,0.18,0.82,0.85,0.01,0.03,74007.47,1776231293000
1776231295.192,295.192,0.16,0.17,0.82,0.83,0.01,0.01,74007.47,1776231294000
1776231295.54,295.54,0.13,0.16,0.84,0.85,0.03,0.01,74007.47,1776231294000
1776231295.906,295.906,0.13,0.14,0.86,0.87,0.01,0.01,74007.47,1776231294000
1776231296.286,296.286,0.13,0.14,0.86,0.87,0.01,0.01,74007.47,1776231294000
1776231296.624,296.624,0.13,0.14,0.86,0.87,0.01,0.01,74008.18,1776231295000
1776231296.969,296.969,0.38,0.39,0.61,0.62,0.01,0.01,74008.18,1776231295000
1776231297.315,297.315,0.49,0.5,0.5,0.51,0.01,0.01,74008.19,1776231296000
1776231297.662,297.662,0.49,0.52,0.48,0.51,0.03,0.03,74008.19,1776231296000
1776231298.008,298.008,0.59,0.65,0.35,0.41,0.06,0.06,74008.19,1776231296000
1776231298.355,298.355,0.66,0.7,0.26,0.34,0.04,0.08,74015.4,1776231297000
1776231298.701,298.701,0.8,0.82,0.18,0.2,0.02,0.02,74015.4,1776231297000
1776231299.052,299.052,0.9,0.95,0.05,0.1,0.05,0.05,74015.4,1776231297000
1776231299.386,299.386,0.95,0.97,0.03,0.05,0.02,0.02,74035.69,1776231298000
1776231299.74,299.74,0.96,0.99,0.03,0.04,0.03,0.01,74035.69,1776231298000
1776231300.087,300.087,0.98,0.99,0.01,0.02,0.01,0.01,74035.69,1776231298000
1776231300.421,300.421,0.98,0.99,0.01,0.02,0.01,0.01,74035.69,1776231298000
1776231300.801,300.801,0.99,0.99,0.01,0.01,0.0,0.0,74040.76,1776231299000
1776231302.186,302.186,0.99,0.99,0.01,0.01,0.0,0.0,74041.09,1776231301000

# RESULT,winner=Up,slug=btc-updown-5m-1776231000,ticks=694
