timestamp,elapsed_sec,up_bid,up_ask,down_bid,down_ask,up_spread,down_spread,btc_price,btc_oracle_ts
1776609900.502,0.502,0.49,0.5,0.5,0.51,0.01,0.01,76008.61,1776609899000
1776609900.838,0.838,0.43,0.44,0.56,0.57,0.01,0.01,76008.61,1776609899000
1776609901.212,1.212,0.43,0.44,0.56,0.57,0.01,0.01,76008.64,1776609900000
1776609901.65,1.65,0.43,0.44,0.56,0.57,0.01,0.01,76008.64,1776609900000
1776609902.172,2.172,0.48,0.49,0.51,0.52,0.01,0.01,76008.64,1776609900000
1776609902.585,2.585,0.48,0.49,0.51,0.52,0.01,0.01,76008.72,1776609901000
1776609902.948,2.948,0.47,0.48,0.52,0.53,0.01,0.01,76008.72,1776609901000
1776609903.291,3.291,0.47,0.48,0.52,0.53,0.01,0.01,76008.57,1776609902000
1776609903.817,3.817,0.47,0.48,0.52,0.53,0.01,0.01,76008.57,1776609902000
1776609904.264,4.264,0.48,0.49,0.51,0.52,0.01,0.01,76008.57,1776609902000
1776609904.879,4.879,0.49,0.5,0.5,0.52,0.01,0.02,76008.64,1776609903000
1776609905.22,5.22,0.49,0.5,0.5,0.51,0.01,0.01,76007.67,1776609904000
1776609905.628,5.628,0.49,0.5,0.5,0.51,0.01,0.01,76007.67,1776609904000
1776609905.964,5.964,0.49,0.5,0.5,0.51,0.01,0.01,76007.67,1776609904000
1776609906.309,6.309,0.49,0.51,0.5,0.51,0.02,0.01,76008.65,1776609905000
1776609906.894,6.894,0.5,0.51,0.49,0.5,0.01,0.01,76008.65,1776609905000
1776609907.334,7.334,0.5,0.51,0.49,0.5,0.01,0.01,76008.66,1776609906000
1776609907.716,7.716,0.49,0.5,0.49,0.5,0.01,0.01,76008.66,1776609906000
1776609908.167,8.167,0.49,0.5,0.5,0.51,0.01,0.01,76008.66,1776609906000
1776609908.521,8.521,0.49,0.5,0.5,0.51,0.01,0.01,76008.66,1776609907000
1776609908.864,8.864,0.49,0.5,0.5,0.51,0.01,0.01,76008.66,1776609907000
1776609909.262,9.262,0.49,0.5,0.5,0.51,0.01,0.01,76008.82,1776609908000
1776609909.601,9.601,0.49,0.5,0.5,0.51,0.01,0.01,76008.82,1776609908000
1776609909.964,9.964,0.49,0.5,0.5,0.51,0.01,0.01,76008.82,1776609908000
1776609910.35,10.35,0.49,0.5,0.5,0.51,0.01,0.01,76008.81,1776609909000
1776609911.144,11.144,0.49,0.5,0.5,0.51,0.01,0.01,76008.81,1776609909000
1776609911.482,11.482,0.49,0.5,0.5,0.51,0.01,0.01,76009.57,1776609910000
1776609912.109,12.109,0.49,0.5,0.5,0.51,0.01,0.01,76009.57,1776609910000
1776609912.616,12.616,0.5,0.51,0.49,0.51,0.01,0.02,76009.59,1776609911000
1776609912.998,12.998,0.5,0.51,0.49,0.5,0.01,0.01,76009.59,1776609911000
1776609913.398,13.398,0.5,0.51,0.49,0.5,0.01,0.01,76009.6,1776609912000
1776609914.078,14.078,0.5,0.51,0.49,0.5,0.01,0.01,76009.6,1776609912000
1776609914.424,14.424,0.41,0.42,0.55,0.58,0.01,0.03,76009.59,1776609913000
1776609914.772,14.772,0.4,0.43,0.57,0.58,0.03,0.01,76009.59,1776609913000
1776609915.11,15.11,0.4,0.41,0.59,0.6,0.01,0.01,76009.59,1776609913000
1776609915.521,15.521,0.4,0.41,0.59,0.6,0.01,0.01,76008.91,1776609914000
1776609915.865,15.865,0.4,0.41,0.59,0.6,0.01,0.01,76008.91,1776609914000
1776609916.202,16.202,0.4,0.41,0.59,0.6,0.01,0.01,76003.06,1776609915000
1776609916.557,16.557,0.4,0.41,0.59,0.6,0.01,0.01,76003.06,1776609915000
1776609917.004,17.004,0.4,0.41,0.59,0.6,0.01,0.01,76003.06,1776609915000
1776609917.43,17.43,0.4,0.41,0.59,0.6,0.01,0.01,75996.84,1776609916000
1776609917.764,17.764,0.4,0.41,0.59,0.6,0.01,0.01,75996.84,1776609916000
1776609918.141,18.141,0.4,0.41,0.59,0.6,0.01,0.01,75996.15,1776609917000
1776609918.474,18.474,0.4,0.41,0.59,0.6,0.01,0.01,75996.15,1776609917000
1776609918.951,18.951,0.4,0.41,0.59,0.6,0.01,0.01,75996.15,1776609917000
1776609919.529,19.529,0.4,0.41,0.59,0.6,0.01,0.01,75996.15,1776609918000
1776609919.862,19.862,0.39,0.4,0.6,0.61,0.01,0.01,75996.15,1776609918000
1776609920.204,20.204,0.39,0.4,0.6,0.61,0.01,0.01,75996.83,1776609919000
1776609920.589,20.589,0.39,0.4,0.6,0.61,0.01,0.01,75996.83,1776609919000
1776609921.001,21.001,0.39,0.4,0.6,0.61,0.01,0.01,75996.83,1776609920000
1776609921.419,21.419,0.4,0.41,0.59,0.6,0.01,0.01,75996.83,1776609920000
1776609921.752,21.752,0.41,0.42,0.58,0.59,0.01,0.01,75996.83,1776609920000
1776609922.227,22.227,0.41,0.42,0.58,0.59,0.01,0.01,75996.83,1776609920000
1776609922.608,22.608,0.4,0.41,0.59,0.6,0.01,0.01,75996.83,1776609920000
1776609923.058,23.058,0.39,0.4,0.6,0.61,0.01,0.01,75996.83,1776609920000
1776609923.403,23.403,0.39,0.4,0.6,0.61,0.01,0.01,75996.02,1776609921000
1776609923.754,23.754,0.39,0.4,0.6,0.61,0.01,0.01,75996.02,1776609921000
1776609924.093,24.093,0.39,0.4,0.6,0.61,0.01,0.01,75996.5,1776609922000
1776609925.094,25.094,0.39,0.4,0.6,0.61,0.01,0.01,75994.22,1776609923000
1776609925.538,25.538,0.39,0.4,0.6,0.61,0.01,0.01,75994.22,1776609924000
1776609925.873,25.873,0.39,0.4,0.6,0.61,0.01,0.01,75994.22,1776609924000
1776609926.277,26.277,0.39,0.4,0.6,0.61,0.01,0.01,75994.22,1776609924000
1776609926.612,26.612,0.39,0.4,0.6,0.61,0.01,0.01,75994.22,1776609924000
1776609926.961,26.961,0.39,0.4,0.6,0.61,0.01,0.01,75995.96,1776609925000
1776609927.336,27.336,0.39,0.4,0.6,0.62,0.01,0.02,75995.96,1776609925000
1776609927.688,27.688,0.34,0.35,0.65,0.66,0.01,0.01,75996.93,1776609926000
1776609928.031,28.031,0.33,0.34,0.65,0.67,0.01,0.02,75996.93,1776609926000
1776609928.37,28.37,0.33,0.34,0.66,0.67,0.01,0.01,75994.43,1776609927000
1776609928.706,28.706,0.32,0.33,0.66,0.68,0.01,0.02,75994.43,1776609927000
1776609929.042,29.042,0.29,0.3,0.68,0.71,0.01,0.03,75994.43,1776609927000
1776609929.394,29.394,0.28,0.31,0.69,0.72,0.03,0.03,75993.18,1776609928000
1776609929.752,29.752,0.27,0.29,0.71,0.72,0.02,0.01,75993.18,1776609928000
1776609930.089,30.089,0.27,0.28,0.72,0.73,0.01,0.01,75993.18,1776609928000
1776609930.432,30.432,0.27,0.29,0.71,0.73,0.02,0.02,75993.18,1776609928000
1776609930.824,30.824,0.28,0.29,0.71,0.72,0.01,0.01,75985.93,1776609929000
1776609931.176,31.176,0.28,0.29,0.71,0.72,0.01,0.01,75982.2,1776609930000
1776609931.515,31.515,0.28,0.29,0.71,0.72,0.01,0.01,75982.2,1776609930000
1776609932.004,32.004,0.28,0.29,0.71,0.72,0.01,0.01,75982.2,1776609930000
1776609932.368,32.368,0.25,0.27,0.73,0.74,0.02,0.01,75982.2,1776609930000
1776609932.718,32.718,0.25,0.26,0.74,0.75,0.01,0.01,75977.76,1776609931000
1776609933.146,33.146,0.25,0.26,0.74,0.75,0.01,0.01,75977.76,1776609931000
1776609933.856,33.856,0.25,0.26,0.74,0.75,0.01,0.01,75977.71,1776609932000
1776609934.24,34.24,0.33,0.36,0.64,0.68,0.03,0.04,75977.71,1776609933000
1776609934.609,34.609,0.35,0.37,0.63,0.65,0.02,0.02,75977.71,1776609933000
1776609934.946,34.946,0.37,0.38,0.61,0.63,0.01,0.02,75977.71,1776609933000
1776609935.363,35.363,0.37,0.38,0.62,0.63,0.01,0.01,75977.71,1776609933000
1776609935.697,35.697,0.37,0.38,0.62,0.63,0.01,0.01,75977.71,1776609933000
1776609936.039,36.039,0.38,0.39,0.62,0.63,0.01,0.01,75979.14,1776609934000
1776609936.393,36.393,0.38,0.39,0.61,0.62,0.01,0.01,75987.32,1776609935000
1776609936.86,36.86,0.39,0.4,0.6,0.61,0.01,0.01,75987.32,1776609935000
1776609937.23,37.23,0.39,0.4,0.6,0.61,0.01,0.01,75989.04,1776609936000
1776609937.568,37.568,0.39,0.4,0.6,0.61,0.01,0.01,75989.04,1776609936000
1776609937.931,37.931,0.39,0.4,0.6,0.61,0.01,0.01,75989.04,1776609936000
1776609938.272,38.272,0.37,0.38,0.6,0.63,0.01,0.03,75989.04,1776609936000
1776609938.614,38.614,0.37,0.38,0.61,0.63,0.01,0.02,75989.47,1776609937000
1776609939.195,39.195,0.37,0.38,0.62,0.63,0.01,0.01,75989.49,1776609938000
1776609939.632,39.632,0.36,0.37,0.62,0.64,0.01,0.02,75989.49,1776609938000
1776609940.704,40.704,0.36,0.37,0.63,0.64,0.01,0.01,75989.49,1776609938000
1776609941.055,41.055,0.36,0.37,0.63,0.64,0.01,0.01,75989.49,1776609938000
1776609941.416,41.416,0.36,0.37,0.63,0.64,0.01,0.01,75988.9,1776609940000
1776609941.749,41.749,0.37,0.41,0.6,0.63,0.04,0.03,75988.9,1776609940000
1776609942.138,42.138,0.37,0.39,0.61,0.63,0.02,0.02,75988.9,1776609940000
1776609942.654,42.654,0.38,0.39,0.61,0.63,0.01,0.02,75988.87,1776609941000
1776609943.019,43.019,0.38,0.39,0.6,0.62,0.01,0.02,75988.87,1776609941000
1776609943.361,43.361,0.38,0.39,0.61,0.62,0.01,0.01,75988.87,1776609942000
1776609943.784,43.784,0.38,0.39,0.61,0.62,0.01,0.01,75988.87,1776609942000
1776609944.176,44.176,0.38,0.39,0.61,0.62,0.01,0.01,75988.87,1776609942000
1776609944.522,44.522,0.38,0.39,0.61,0.62,0.01,0.01,75990.23,1776609943000
1776609944.946,44.946,0.36,0.37,0.61,0.63,0.01,0.02,75990.23,1776609943000
1776609945.283,45.283,0.36,0.37,0.63,0.64,0.01,0.01,75989.82,1776609944000
1776609945.653,45.653,0.36,0.37,0.63,0.64,0.01,0.01,75989.82,1776609944000
1776609945.989,45.989,0.35,0.36,0.64,0.65,0.01,0.01,75989.82,1776609944000
1776609946.324,46.324,0.35,0.36,0.64,0.65,0.01,0.01,75989.82,1776609944000
1776609946.672,46.672,0.35,0.36,0.64,0.65,0.01,0.01,75989.68,1776609945000
1776609947.103,47.103,0.35,0.36,0.64,0.65,0.01,0.01,75988.44,1776609946000
1776609947.469,47.469,0.34,0.36,0.64,0.65,0.02,0.01,75988.44,1776609946000
1776609947.812,47.812,0.33,0.34,0.66,0.67,0.01,0.01,75988.44,1776609946000
1776609948.197,48.197,0.33,0.34,0.66,0.67,0.01,0.01,75988.44,1776609947000
1776609948.597,48.597,0.33,0.34,0.66,0.67,0.01,0.01,75988.44,1776609947000
1776609949.008,49.008,0.33,0.34,0.66,0.67,0.01,0.01,75988.44,1776609947000
1776609949.365,49.365,0.33,0.35,0.65,0.67,0.02,0.02,75988.44,1776609947000
1776609950.045,50.045,0.34,0.35,0.65,0.67,0.01,0.02,75988.2,1776609948000
1776609950.39,50.39,0.35,0.36,0.64,0.65,0.01,0.01,75987.44,1776609949000
1776609950.898,50.898,0.35,0.36,0.64,0.65,0.01,0.01,75987.44,1776609949000
1776609951.246,51.246,0.35,0.36,0.64,0.65,0.01,0.01,75985.16,1776609950000
1776609951.579,51.579,0.35,0.36,0.64,0.65,0.01,0.01,75985.16,1776609950000
1776609952.032,52.032,0.35,0.36,0.64,0.65,0.01,0.01,75985.16,1776609950000
1776609952.631,52.631,0.35,0.37,0.64,0.65,0.02,0.01,75987.44,1776609951000
1776609952.99,52.99,0.38,0.39,0.61,0.62,0.01,0.01,75987.56,1776609952000
1776609953.443,53.443,0.38,0.39,0.61,0.62,0.01,0.01,75987.56,1776609952000
1776609953.817,53.817,0.38,0.39,0.61,0.62,0.01,0.01,75987.56,1776609952000
1776609954.349,54.349,0.39,0.4,0.6,0.62,0.01,0.02,75988.75,1776609953000
1776609954.753,54.753,0.39,0.4,0.6,0.61,0.01,0.01,75988.75,1776609953000
1776609955.261,55.261,0.39,0.4,0.6,0.61,0.01,0.01,75988.25,1776609954000
1776609955.622,55.622,0.39,0.4,0.6,0.61,0.01,0.01,75988.25,1776609954000
1776609956.429,56.429,0.39,0.41,0.59,0.61,0.02,0.02,75989.88,1776609955000
1776609956.83,56.83,0.4,0.41,0.59,0.6,0.01,0.01,75989.88,1776609955000
1776609957.292,57.292,0.4,0.41,0.59,0.6,0.01,0.01,75989.88,1776609955000
1776609957.626,57.626,0.4,0.41,0.59,0.6,0.01,0.01,75989.88,1776609955000
1776609958.074,58.074,0.4,0.41,0.59,0.6,0.01,0.01,75989.89,1776609956000
1776609958.446,58.446,0.4,0.41,0.59,0.6,0.01,0.01,75989.89,1776609956000
1776609958.796,58.796,0.4,0.42,0.58,0.6,0.02,0.02,75990.8,1776609957000
1776609959.271,59.271,0.4,0.41,0.59,0.6,0.01,0.01,75990.8,1776609957000
1776609959.619,59.619,0.4,0.42,0.58,0.6,0.02,0.02,75990.8,1776609958000
1776609960.024,60.024,0.41,0.42,0.58,0.59,0.01,0.01,75990.8,1776609958000
1776609960.502,60.502,0.41,0.42,0.58,0.59,0.01,0.01,75990.8,1776609958000
1776609960.878,60.878,0.42,0.43,0.57,0.58,0.01,0.01,75990.8,1776609958000
1776609961.238,61.238,0.43,0.48,0.54,0.58,0.05,0.04,75991.47,1776609959000
1776609961.577,61.577,0.49,0.51,0.49,0.51,0.02,0.02,75991.47,1776609960000
1776609961.931,61.931,0.5,0.51,0.49,0.5,0.01,0.01,75991.47,1776609960000
1776609962.319,62.319,0.51,0.53,0.47,0.49,0.02,0.02,75991.61,1776609961000
1776609962.66,62.66,0.53,0.54,0.46,0.47,0.01,0.01,75991.61,1776609961000
1776609963.0,63.0,0.56,0.57,0.43,0.44,0.01,0.01,75991.61,1776609961000
1776609963.338,63.338,0.59,0.61,0.39,0.43,0.02,0.04,75991.61,1776609961000
1776609963.692,63.692,0.6,0.61,0.39,0.4,0.01,0.01,75991.61,1776609961000
1776609964.051,64.051,0.61,0.62,0.38,0.39,0.01,0.01,76002.7,1776609962000
1776609964.428,64.428,0.61,0.62,0.38,0.39,0.01,0.01,76002.7,1776609962000
1776609964.821,64.821,0.62,0.63,0.37,0.39,0.01,0.02,76010.18,1776609963000
1776609965.234,65.234,0.62,0.63,0.37,0.38,0.01,0.01,76010.18,1776609963000
1776609965.653,65.653,0.62,0.63,0.37,0.38,0.01,0.01,76014.23,1776609964000
1776609966.033,66.033,0.62,0.63,0.37,0.38,0.01,0.01,76014.23,1776609964000
1776609966.536,66.536,0.62,0.63,0.37,0.38,0.01,0.01,76014.23,1776609964000
1776609966.967,66.967,0.62,0.63,0.37,0.38,0.01,0.01,76019.42,1776609965000
1776609967.334,67.334,0.63,0.64,0.36,0.38,0.01,0.02,76019.42,1776609965000
1776609967.839,67.839,0.64,0.65,0.35,0.37,0.01,0.02,76022.47,1776609966000
1776609968.176,68.176,0.64,0.65,0.35,0.36,0.01,0.01,76022.91,1776609967000
1776609968.51,68.51,0.65,0.66,0.34,0.36,0.01,0.02,76022.91,1776609967000
1776609968.912,68.912,0.65,0.66,0.34,0.35,0.01,0.01,76022.91,1776609967000
1776609969.262,69.262,0.66,0.67,0.33,0.34,0.01,0.01,76022.91,1776609967000
1776609969.607,69.607,0.66,0.67,0.33,0.34,0.01,0.01,76022.91,1776609967000
1776609969.944,69.944,0.66,0.67,0.33,0.34,0.01,0.01,76023.65,1776609968000
1776609970.28,70.28,0.66,0.67,0.31,0.34,0.01,0.03,76023.65,1776609968000
1776609970.628,70.628,0.68,0.7,0.31,0.32,0.02,0.01,76025.54,1776609969000
1776609971.166,71.166,0.7,0.71,0.29,0.31,0.01,0.02,76025.54,1776609969000
1776609971.506,71.506,0.7,0.71,0.29,0.3,0.01,0.01,76026.85,1776609970000
1776609971.848,71.848,0.7,0.71,0.29,0.3,0.01,0.01,76026.85,1776609970000
1776609972.196,72.196,0.7,0.71,0.29,0.3,0.01,0.01,76026.85,1776609970000
1776609972.55,72.55,0.7,0.71,0.29,0.3,0.01,0.01,76026.85,1776609970000
1776609972.888,72.888,0.7,0.71,0.29,0.3,0.01,0.01,76032.24,1776609971000
1776609973.247,73.247,0.7,0.71,0.29,0.3,0.01,0.01,76032.24,1776609971000
1776609973.604,73.604,0.7,0.71,0.29,0.3,0.01,0.01,76032.24,1776609971000
1776609974.069,74.069,0.7,0.71,0.29,0.3,0.01,0.01,76030.69,1776609972000
1776609974.61,74.61,0.7,0.71,0.29,0.3,0.01,0.01,76030.69,1776609972000
1776609975.107,75.107,0.7,0.71,0.29,0.3,0.01,0.01,76031.91,1776609973000
1776609975.793,75.793,0.7,0.71,0.29,0.3,0.01,0.01,76035.65,1776609974000
1776609976.188,76.188,0.7,0.71,0.29,0.3,0.01,0.01,76035.65,1776609974000
1776609976.622,76.622,0.7,0.71,0.29,0.3,0.01,0.01,76035.67,1776609975000
1776609977.068,77.068,0.7,0.71,0.29,0.3,0.01,0.01,76036.11,1776609976000
1776609977.561,77.561,0.71,0.72,0.28,0.3,0.01,0.02,76036.11,1776609976000
1776609977.919,77.919,0.71,0.72,0.28,0.29,0.01,0.01,76036.11,1776609976000
1776609978.285,78.285,0.73,0.74,0.26,0.27,0.01,0.01,76036.12,1776609977000
1776609978.736,78.736,0.73,0.74,0.26,0.27,0.01,0.01,76036.12,1776609977000
1776609979.147,79.147,0.74,0.75,0.25,0.27,0.01,0.02,76036.12,1776609977000
1776609979.815,79.815,0.76,0.77,0.23,0.25,0.01,0.02,76036.35,1776609978000
1776609980.158,80.158,0.79,0.82,0.18,0.21,0.03,0.03,76036.35,1776609978000
1776609980.562,80.562,0.79,0.8,0.2,0.21,0.01,0.01,76040.69,1776609979000
1776609980.897,80.897,0.79,0.8,0.2,0.21,0.01,0.01,76040.69,1776609979000
1776609981.24,81.24,0.79,0.8,0.2,0.21,0.01,0.01,76040.69,1776609979000
1776609981.597,81.597,0.8,0.81,0.19,0.21,0.01,0.02,76044.46,1776609980000
1776609982.02,82.02,0.81,0.82,0.18,0.2,0.01,0.02,76044.46,1776609980000
1776609982.515,82.515,0.81,0.82,0.18,0.19,0.01,0.01,76056.55,1776609981000
1776609982.909,82.909,0.81,0.83,0.18,0.19,0.02,0.01,76056.55,1776609981000
1776609983.288,83.288,0.83,0.85,0.16,0.18,0.02,0.02,76057.44,1776609982000
1776609983.739,83.739,0.84,0.85,0.14,0.16,0.01,0.02,76057.44,1776609982000
1776609984.218,84.218,0.85,0.86,0.14,0.16,0.01,0.02,76060.23,1776609983000
1776609984.698,84.698,0.85,0.87,0.14,0.15,0.02,0.01,76060.23,1776609983000
1776609985.172,85.172,0.86,0.87,0.13,0.14,0.01,0.01,76060.23,1776609983000
1776609985.687,85.687,0.86,0.87,0.13,0.14,0.01,0.01,76066.71,1776609984000
1776609986.097,86.097,0.86,0.87,0.13,0.14,0.01,0.01,76066.71,1776609984000
1776609986.445,86.445,0.86,0.87,0.13,0.14,0.01,0.01,76073.6,1776609985000
1776609986.793,86.793,0.86,0.87,0.13,0.14,0.01,0.01,76073.6,1776609985000
1776609987.145,87.145,0.86,0.87,0.13,0.14,0.01,0.01,76073.6,1776609985000
1776609987.655,87.655,0.85,0.87,0.13,0.15,0.02,0.02,76073.63,1776609986000
1776609988.156,88.156,0.86,0.87,0.13,0.14,0.01,0.01,76073.63,1776609986000
1776609988.629,88.629,0.86,0.87,0.13,0.14,0.01,0.01,76073.64,1776609987000
1776609989.171,89.171,0.86,0.87,0.13,0.14,0.01,0.01,76073.64,1776609987000
1776609989.511,89.511,0.86,0.87,0.13,0.14,0.01,0.01,76073.87,1776609988000
1776609989.864,89.864,0.86,0.87,0.13,0.14,0.01,0.01,76073.87,1776609988000
1776609990.34,90.34,0.86,0.87,0.13,0.14,0.01,0.01,76073.94,1776609989000
1776609990.717,90.717,0.86,0.87,0.13,0.14,0.01,0.01,76073.94,1776609989000
1776609991.16,91.16,0.84,0.86,0.14,0.16,0.02,0.02,76075.77,1776609990000
1776609991.526,91.526,0.85,0.86,0.14,0.15,0.01,0.01,76075.77,1776609990000
1776609991.866,91.866,0.85,0.86,0.14,0.15,0.01,0.01,76075.77,1776609990000
1776609992.263,92.263,0.84,0.86,0.14,0.16,0.02,0.02,76076.13,1776609991000
1776609992.86,92.86,0.85,0.86,0.14,0.16,0.01,0.02,76076.13,1776609991000
1776609993.227,93.227,0.85,0.86,0.14,0.15,0.01,0.01,76076.13,1776609991000
1776609993.634,93.634,0.85,0.86,0.14,0.15,0.01,0.01,76075.16,1776609992000
1776609994.008,94.008,0.84,0.86,0.14,0.15,0.02,0.01,76075.16,1776609992000
1776609994.376,94.376,0.84,0.85,0.15,0.16,0.01,0.01,76075.16,1776609993000
1776609994.763,94.763,0.84,0.85,0.15,0.16,0.01,0.01,76075.16,1776609993000
1776609995.128,95.128,0.84,0.85,0.15,0.16,0.01,0.01,76075.16,1776609994000
1776609995.656,95.656,0.84,0.85,0.15,0.16,0.01,0.01,76075.16,1776609994000
1776609995.996,95.996,0.84,0.85,0.15,0.16,0.01,0.01,76075.16,1776609994000
1776609996.441,96.441,0.84,0.85,0.15,0.16,0.01,0.01,76075.2,1776609995000
1776609996.843,96.843,0.84,0.85,0.15,0.16,0.01,0.01,76075.2,1776609995000
1776609997.231,97.231,0.84,0.85,0.15,0.16,0.01,0.01,76075.2,1776609996000
1776609997.7,97.7,0.84,0.85,0.15,0.16,0.01,0.01,76075.2,1776609996000
1776609998.107,98.107,0.83,0.84,0.16,0.17,0.01,0.01,76075.2,1776609996000
1776609998.484,98.484,0.83,0.84,0.16,0.17,0.01,0.01,76074.96,1776609997000
1776609998.904,98.904,0.82,0.83,0.16,0.17,0.01,0.01,76074.96,1776609997000
1776609999.241,99.241,0.82,0.83,0.17,0.18,0.01,0.01,76074.96,1776609997000
1776609999.653,99.653,0.82,0.83,0.17,0.18,0.01,0.01,76074.96,1776609998000
1776610000.262,100.262,0.82,0.83,0.17,0.18,0.01,0.01,76070.6,1776609999000
1776610000.61,100.61,0.82,0.83,0.17,0.18,0.01,0.01,76070.6,1776609999000
1776610001.081,101.081,0.82,0.83,0.17,0.18,0.01,0.01,76070.6,1776609999000
1776610001.484,101.484,0.82,0.83,0.17,0.18,0.01,0.01,76069.17,1776610000000
1776610001.82,101.82,0.82,0.83,0.17,0.18,0.01,0.01,76069.17,1776610000000
1776610002.307,102.307,0.82,0.83,0.17,0.18,0.01,0.01,76069.17,1776610000000
1776610002.697,102.697,0.82,0.83,0.17,0.18,0.01,0.01,76068.98,1776610001000
1776610003.259,103.259,0.82,0.83,0.17,0.18,0.01,0.01,76068.98,1776610002000
1776610003.723,103.723,0.85,0.86,0.13,0.17,0.01,0.04,76068.98,1776610002000
1776610004.07,104.07,0.85,0.86,0.14,0.15,0.01,0.01,76068.98,1776610002000
1776610004.554,104.554,0.85,0.86,0.14,0.15,0.01,0.01,76069.19,1776610003000
1776610004.916,104.916,0.85,0.86,0.14,0.15,0.01,0.01,76069.19,1776610003000
1776610005.568,105.568,0.84,0.85,0.14,0.15,0.01,0.01,76069.19,1776610003000
1776610006.279,106.279,0.83,0.84,0.15,0.16,0.01,0.01,76071.12,1776610004000
1776610007.384,107.384,0.83,0.84,0.16,0.17,0.01,0.01,76072.9,1776610005000
1776610007.791,107.791,0.83,0.84,0.16,0.17,0.01,0.01,76071.88,1776610006000
1776610008.136,108.136,0.82,0.85,0.15,0.18,0.03,0.03,76069.14,1776610007000
1776610008.719,108.719,0.84,0.85,0.15,0.18,0.01,0.03,76069.14,1776610007000
1776610009.058,109.058,0.82,0.85,0.15,0.16,0.03,0.01,76069.14,1776610007000
1776610009.838,109.838,0.83,0.84,0.16,0.17,0.01,0.01,76068.61,1776610008000
1776610010.196,110.196,0.83,0.84,0.16,0.17,0.01,0.01,76068.61,1776610008000
1776610010.556,110.556,0.82,0.84,0.16,0.17,0.02,0.01,76068.13,1776610009000
1776610011.153,111.153,0.82,0.87,0.17,0.18,0.05,0.01,76068.13,1776610009000
1776610011.517,111.517,0.85,0.86,0.14,0.15,0.01,0.01,76068.37,1776610010000
1776610011.975,111.975,0.81,0.86,0.14,0.15,0.05,0.01,76068.37,1776610010000
1776610012.315,112.315,0.81,0.82,0.18,0.19,0.01,0.01,76068.54,1776610011000
1776610012.804,112.804,0.83,0.84,0.17,0.18,0.01,0.01,76068.54,1776610011000
1776610013.148,113.148,0.84,0.85,0.15,0.16,0.01,0.01,76068.54,1776610011000
1776610013.532,113.532,0.84,0.85,0.15,0.16,0.01,0.01,76068.56,1776610012000
1776610013.867,113.867,0.84,0.85,0.15,0.16,0.01,0.01,76068.56,1776610012000
1776610014.325,114.325,0.85,0.86,0.14,0.16,0.01,0.02,76068.56,1776610012000
1776610014.716,114.716,0.85,0.86,0.14,0.15,0.01,0.01,76069.37,1776610013000
1776610015.111,115.111,0.85,0.86,0.14,0.15,0.01,0.01,76069.37,1776610013000
1776610015.524,115.524,0.83,0.84,0.14,0.17,0.01,0.03,76069.37,1776610014000
1776610015.86,115.86,0.84,0.85,0.15,0.17,0.01,0.02,76069.37,1776610014000
1776610016.348,116.348,0.84,0.85,0.15,0.16,0.01,0.01,76069.64,1776610015000
1776610016.98,116.98,0.84,0.85,0.15,0.16,0.01,0.01,76069.64,1776610015000
1776610017.51,117.51,0.85,0.86,0.14,0.16,0.01,0.02,76069.67,1776610016000
1776610017.891,117.891,0.85,0.86,0.14,0.15,0.01,0.01,76069.67,1776610016000
1776610018.292,118.292,0.84,0.86,0.15,0.16,0.02,0.01,76069.67,1776610016000
1776610018.873,118.873,0.85,0.86,0.14,0.15,0.01,0.01,76069.75,1776610017000
1776610019.389,119.389,0.85,0.86,0.14,0.15,0.01,0.01,76069.75,1776610017000
1776610019.753,119.753,0.85,0.86,0.14,0.15,0.01,0.01,76069.75,1776610017000
1776610020.34,120.34,0.85,0.86,0.14,0.15,0.01,0.01,76071.4,1776610018000
1776610020.816,120.816,0.86,0.87,0.13,0.14,0.01,0.01,76071.43,1776610019000
1776610021.158,121.158,0.86,0.87,0.13,0.14,0.01,0.01,76071.43,1776610019000
1776610021.62,121.62,0.86,0.87,0.13,0.14,0.01,0.01,76071.43,1776610020000
1776610021.957,121.957,0.86,0.87,0.13,0.14,0.01,0.01,76071.43,1776610020000
1776610022.559,122.559,0.86,0.87,0.13,0.14,0.01,0.01,76071.43,1776610020000
1776610022.913,122.913,0.86,0.87,0.13,0.14,0.01,0.01,76071.82,1776610021000
1776610023.258,123.258,0.87,0.89,0.11,0.13,0.02,0.02,76071.82,1776610021000
1776610023.657,123.657,0.87,0.88,0.12,0.13,0.01,0.01,76071.82,1776610022000
1776610024.09,124.09,0.87,0.88,0.12,0.13,0.01,0.01,76071.82,1776610022000
1776610024.481,124.481,0.87,0.88,0.12,0.13,0.01,0.01,76072.51,1776610023000
1776610024.994,124.994,0.87,0.88,0.12,0.13,0.01,0.01,76072.51,1776610023000
1776610025.583,125.583,0.87,0.88,0.12,0.13,0.01,0.01,76072.51,1776610023000
1776610026.177,126.177,0.87,0.88,0.12,0.13,0.01,0.01,76073.47,1776610024000
1776610026.816,126.816,0.88,0.89,0.11,0.13,0.01,0.02,76075.51,1776610025000
1776610027.154,127.154,0.88,0.89,0.11,0.12,0.01,0.01,76075.54,1776610026000
1776610027.526,127.526,0.88,0.89,0.11,0.12,0.01,0.01,76075.54,1776610026000
1776610027.991,127.991,0.88,0.89,0.11,0.12,0.01,0.01,76075.54,1776610026000
1776610028.352,128.352,0.88,0.89,0.11,0.12,0.01,0.01,76075.54,1776610026000
1776610028.697,128.697,0.88,0.89,0.11,0.12,0.01,0.01,76075.77,1776610027000
1776610029.047,129.047,0.88,0.89,0.11,0.12,0.01,0.01,76075.77,1776610027000
1776610029.636,129.636,0.88,0.89,0.11,0.12,0.01,0.01,76075.85,1776610028000
1776610030.022,130.022,0.89,0.9,0.1,0.11,0.01,0.01,76075.85,1776610028000
1776610030.416,130.416,0.89,0.9,0.1,0.11,0.01,0.01,76075.85,1776610028000
1776610030.886,130.886,0.89,0.9,0.1,0.11,0.01,0.01,76076.1,1776610029000
1776610031.386,131.386,0.89,0.9,0.1,0.11,0.01,0.01,76076.74,1776610030000
1776610031.872,131.872,0.88,0.89,0.1,0.11,0.01,0.01,76076.74,1776610030000
1776610032.21,132.21,0.88,0.89,0.11,0.12,0.01,0.01,76076.74,1776610030000
1776610032.553,132.553,0.89,0.9,0.1,0.11,0.01,0.01,76076.74,1776610030000
1776610033.076,133.076,0.88,0.89,0.11,0.12,0.01,0.01,76076.88,1776610031000
1776610033.449,133.449,0.88,0.89,0.11,0.12,0.01,0.01,76077.08,1776610032000
1776610034.124,134.124,0.88,0.89,0.11,0.12,0.01,0.01,76077.08,1776610032000
1776610034.689,134.689,0.89,0.9,0.1,0.11,0.01,0.01,76077.08,1776610032000
1776610035.111,135.111,0.89,0.9,0.1,0.11,0.01,0.01,76077.08,1776610033000
1776610035.681,135.681,0.88,0.9,0.1,0.11,0.02,0.01,76077.08,1776610033000
1776610036.662,136.662,0.88,0.89,0.11,0.12,0.01,0.01,76077.03,1776610034000
1776610037.046,137.046,0.88,0.89,0.11,0.12,0.01,0.01,76076.99,1776610035000
1776610037.738,137.738,0.88,0.89,0.11,0.12,0.01,0.01,76076.99,1776610035000
1776610038.193,138.193,0.88,0.89,0.11,0.12,0.01,0.01,76077.5,1776610036000
1776610038.664,138.664,0.89,0.9,0.1,0.12,0.01,0.02,76077.5,1776610036000
1776610039.003,139.003,0.89,0.9,0.1,0.11,0.01,0.01,76077.5,1776610036000
1776610039.976,139.976,0.89,0.9,0.1,0.11,0.01,0.01,76077.09,1776610038000
1776610040.318,140.318,0.89,0.9,0.1,0.11,0.01,0.01,76077.08,1776610039000
1776610040.748,140.748,0.89,0.9,0.1,0.11,0.01,0.01,76077.08,1776610039000
1776610041.083,141.083,0.89,0.9,0.1,0.11,0.01,0.01,76077.08,1776610039000
1776610041.436,141.436,0.89,0.9,0.1,0.11,0.01,0.01,76077.09,1776610040000
1776610042.063,142.063,0.89,0.9,0.1,0.11,0.01,0.01,76077.09,1776610040000
1776610042.477,142.477,0.89,0.9,0.1,0.11,0.01,0.01,76077.09,1776610040000
1776610042.925,142.925,0.89,0.9,0.1,0.12,0.01,0.02,76077.09,1776610040000
1776610043.532,143.532,0.89,0.9,0.1,0.11,0.01,0.01,76077.21,1776610042000
1776610043.951,143.951,0.89,0.9,0.1,0.11,0.01,0.01,76077.21,1776610042000
1776610044.296,144.296,0.89,0.9,0.1,0.11,0.01,0.01,76077.25,1776610043000
1776610044.682,144.682,0.89,0.9,0.1,0.11,0.01,0.01,76077.25,1776610043000
1776610045.045,145.045,0.89,0.9,0.1,0.11,0.01,0.01,76077.25,1776610043000
1776610045.38,145.38,0.89,0.9,0.1,0.11,0.01,0.01,76077.25,1776610043000
1776610046.331,146.331,0.89,0.9,0.1,0.11,0.01,0.01,76076.84,1776610044000
1776610046.743,146.743,0.89,0.9,0.1,0.11,0.01,0.01,76076.84,1776610045000
1776610047.076,147.076,0.89,0.9,0.1,0.11,0.01,0.01,76077.52,1776610046000
1776610047.413,147.413,0.89,0.9,0.1,0.11,0.01,0.01,76077.52,1776610046000
1776610047.772,147.772,0.9,0.91,0.09,0.1,0.01,0.01,76077.52,1776610046000
1776610048.136,148.136,0.91,0.93,0.07,0.09,0.02,0.02,76077.52,1776610046000
1776610048.469,148.469,0.92,0.93,0.07,0.08,0.01,0.01,76077.52,1776610047000
1776610048.877,148.877,0.92,0.93,0.07,0.08,0.01,0.01,76077.52,1776610047000
1776610049.337,149.337,0.92,0.93,0.07,0.08,0.01,0.01,76082.52,1776610048000
1776610049.759,149.759,0.92,0.93,0.07,0.08,0.01,0.01,76082.52,1776610048000
1776610050.163,150.163,0.92,0.93,0.07,0.08,0.01,0.01,76086.36,1776610049000
1776610050.54,150.54,0.92,0.93,0.07,0.08,0.01,0.01,76086.36,1776610049000
1776610051.08,151.08,0.92,0.93,0.07,0.08,0.01,0.01,76086.36,1776610049000
1776610051.425,151.425,0.93,0.94,0.06,0.07,0.01,0.01,76089.09,1776610050000
1776610051.827,151.827,0.93,0.94,0.06,0.07,0.01,0.01,76089.09,1776610050000
1776610052.268,152.268,0.93,0.94,0.06,0.07,0.01,0.01,76089.09,1776610050000
1776610052.643,152.643,0.93,0.94,0.06,0.07,0.01,0.01,76089.11,1776610051000
1776610053.034,153.034,0.93,0.94,0.06,0.07,0.01,0.01,76091.43,1776610052000
1776610053.695,153.695,0.93,0.94,0.06,0.07,0.01,0.01,76091.43,1776610052000
1776610054.344,154.344,0.93,0.94,0.06,0.07,0.01,0.01,76091.43,1776610052000
1776610054.777,154.777,0.93,0.94,0.06,0.07,0.01,0.01,76091.43,1776610052000
1776610055.153,155.153,0.93,0.94,0.06,0.07,0.01,0.01,76091.97,1776610053000
1776610055.491,155.491,0.94,0.95,0.05,0.06,0.01,0.01,76091.49,1776610054000
1776610055.889,155.889,0.94,0.95,0.05,0.06,0.01,0.01,76091.49,1776610054000
1776610056.237,156.237,0.94,0.95,0.05,0.06,0.01,0.01,76091.49,1776610054000
1776610056.73,156.73,0.95,0.96,0.05,0.06,0.01,0.01,76093.13,1776610055000
1776610057.076,157.076,0.95,0.96,0.04,0.05,0.01,0.01,76099.68,1776610056000
1776610057.438,157.438,0.95,0.96,0.04,0.05,0.01,0.01,76099.68,1776610056000
1776610057.785,157.785,0.96,0.97,0.03,0.04,0.01,0.01,76099.68,1776610056000
1776610058.136,158.136,0.96,0.97,0.03,0.04,0.01,0.01,76099.68,1776610056000
1776610058.505,158.505,0.96,0.97,0.03,0.04,0.01,0.01,76104.81,1776610057000
1776610058.965,158.965,0.96,0.97,0.03,0.04,0.01,0.01,76104.81,1776610057000
1776610059.417,159.417,0.96,0.97,0.03,0.04,0.01,0.01,76104.81,1776610057000
1776610059.792,159.792,0.96,0.97,0.03,0.04,0.01,0.01,76126.08,1776610058000
1776610060.139,160.139,0.96,0.97,0.03,0.04,0.01,0.01,76128.61,1776610059000
1776610060.705,160.705,0.96,0.97,0.03,0.04,0.01,0.01,76128.61,1776610059000
1776610061.059,161.059,0.96,0.97,0.03,0.04,0.01,0.01,76128.61,1776610059000
1776610061.481,161.481,0.96,0.97,0.03,0.04,0.01,0.01,76130.29,1776610060000
1776610061.852,161.852,0.96,0.97,0.03,0.04,0.01,0.01,76130.29,1776610060000
1776610062.217,162.217,0.96,0.97,0.03,0.04,0.01,0.01,76130.29,1776610060000
1776610062.552,162.552,0.96,0.97,0.03,0.04,0.01,0.01,76130.59,1776610061000
1776610062.89,162.89,0.96,0.97,0.03,0.04,0.01,0.01,76130.59,1776610061000
1776610063.23,163.23,0.96,0.97,0.03,0.04,0.01,0.01,76129.05,1776610062000
1776610063.67,163.67,0.94,0.97,0.03,0.04,0.03,0.01,76129.05,1776610062000
1776610064.012,164.012,0.96,0.97,0.03,0.04,0.01,0.01,76127.1,1776610063000
1776610064.398,164.398,0.96,0.97,0.03,0.04,0.01,0.01,76127.1,1776610063000
1776610064.757,164.757,0.96,0.97,0.03,0.04,0.01,0.01,76127.1,1776610063000
1776610065.152,165.152,0.96,0.97,0.03,0.04,0.01,0.01,76127.1,1776610063000
1776610065.491,165.491,0.96,0.97,0.03,0.04,0.01,0.01,76127.06,1776610064000
1776610065.955,165.955,0.96,0.97,0.03,0.04,0.01,0.01,76127.06,1776610064000
1776610066.455,166.455,0.96,0.97,0.03,0.04,0.01,0.01,76127.51,1776610065000
1776610066.947,166.947,0.96,0.97,0.03,0.04,0.01,0.01,76127.51,1776610065000
1776610067.326,167.326,0.96,0.97,0.03,0.04,0.01,0.01,76129.01,1776610066000
1776610068.061,168.061,0.96,0.97,0.03,0.04,0.01,0.01,76129.01,1776610066000
1776610068.73,168.73,0.96,0.97,0.03,0.04,0.01,0.01,76128.84,1776610067000
1776610069.264,169.264,0.96,0.97,0.03,0.04,0.01,0.01,76129.54,1776610068000
1776610069.617,169.617,0.96,0.97,0.03,0.04,0.01,0.01,76129.54,1776610068000
1776610070.011,170.011,0.95,0.97,0.03,0.04,0.02,0.01,76129.54,1776610068000
1776610070.531,170.531,0.96,0.97,0.03,0.05,0.01,0.02,76133.31,1776610069000
1776610070.887,170.887,0.97,0.98,0.02,0.03,0.01,0.01,76133.31,1776610069000
1776610071.805,171.805,0.97,0.98,0.02,0.03,0.01,0.01,76134.82,1776610070000
1776610072.141,172.141,0.96,0.97,0.03,0.04,0.01,0.01,76134.82,1776610070000
1776610072.545,172.545,0.97,0.98,0.02,0.03,0.01,0.01,76148.74,1776610071000
1776610072.91,172.91,0.97,0.98,0.02,0.03,0.01,0.01,76148.74,1776610071000
1776610073.598,173.598,0.97,0.98,0.02,0.03,0.01,0.01,76147.47,1776610072000
1776610073.931,173.931,0.97,0.98,0.02,0.03,0.01,0.01,76147.47,1776610072000
1776610074.329,174.329,0.97,0.98,0.02,0.03,0.01,0.01,76147.47,1776610072000
1776610074.687,174.687,0.97,0.98,0.02,0.03,0.01,0.01,76142.28,1776610073000
1776610075.193,175.193,0.97,0.98,0.02,0.03,0.01,0.01,76149.13,1776610074000
1776610075.532,175.532,0.97,0.98,0.02,0.03,0.01,0.01,76149.13,1776610074000
1776610075.876,175.876,0.97,0.98,0.02,0.03,0.01,0.01,76155.7,1776610075000
1776610076.555,176.555,0.97,0.98,0.02,0.03,0.01,0.01,76155.7,1776610075000
1776610077.01,177.01,0.97,0.98,0.02,0.03,0.01,0.01,76155.7,1776610075000
1776610077.425,177.425,0.97,0.98,0.02,0.03,0.01,0.01,76157.76,1776610076000
1776610078.111,178.111,0.97,0.98,0.02,0.03,0.01,0.01,76160.34,1776610077000
1776610078.448,178.448,0.97,0.98,0.02,0.03,0.01,0.01,76160.34,1776610077000
1776610079.081,179.081,0.97,0.98,0.02,0.03,0.01,0.01,76162.09,1776610078000
1776610079.533,179.533,0.97,0.98,0.02,0.03,0.01,0.01,76162.09,1776610078000
1776610079.935,179.935,0.97,0.98,0.02,0.03,0.01,0.01,76162.09,1776610078000
1776610080.277,180.277,0.97,0.98,0.02,0.03,0.01,0.01,76167.63,1776610079000
1776610080.854,180.854,0.97,0.98,0.02,0.03,0.01,0.01,76167.63,1776610079000
1776610081.213,181.213,0.97,0.98,0.02,0.03,0.01,0.01,76175.11,1776610080000
1776610081.618,181.618,0.97,0.98,0.02,0.03,0.01,0.01,76175.11,1776610080000
1776610081.966,181.966,0.98,0.99,0.01,0.02,0.01,0.01,76175.11,1776610080000
1776610082.461,182.461,0.98,0.99,0.01,0.02,0.01,0.01,76175.11,1776610080000
1776610082.802,182.802,0.98,0.99,0.01,0.02,0.01,0.01,76175.11,1776610080000
1776610083.216,183.216,0.98,0.99,0.01,0.02,0.01,0.01,76173.59,1776610081000
1776610083.758,183.758,0.98,0.99,0.01,0.02,0.01,0.01,76173.59,1776610081000
1776610084.156,184.156,0.98,0.99,0.01,0.02,0.01,0.01,76169.82,1776610082000
1776610084.628,184.628,0.98,0.99,0.01,0.02,0.01,0.01,76161.2,1776610083000
1776610085.309,185.309,0.98,0.99,0.01,0.02,0.01,0.01,76161.2,1776610083000
1776610085.697,185.697,0.98,0.99,0.01,0.02,0.01,0.01,76159.47,1776610084000
1776610086.037,186.037,0.98,0.99,0.01,0.02,0.01,0.01,76159.47,1776610084000
1776610086.458,186.458,0.98,0.99,0.01,0.02,0.01,0.01,76157.71,1776610085000
1776610087.024,187.024,0.98,0.99,0.01,0.02,0.01,0.01,76157.71,1776610085000
1776610087.585,187.585,0.98,0.99,0.01,0.02,0.01,0.01,76154.67,1776610086000
1776610088.103,188.103,0.98,0.99,0.01,0.02,0.01,0.01,76154.67,1776610086000
1776610088.563,188.563,0.98,0.99,0.01,0.02,0.01,0.01,76152.13,1776610087000
1776610088.978,188.978,0.98,0.99,0.01,0.02,0.01,0.01,76152.02,1776610088000
1776610089.572,189.572,0.98,0.99,0.01,0.02,0.01,0.01,76152.02,1776610088000
1776610089.959,189.959,0.98,0.99,0.01,0.02,0.01,0.01,76152.02,1776610088000
1776610090.344,190.344,0.98,0.99,0.01,0.02,0.01,0.01,76151.68,1776610089000
1776610090.732,190.732,0.98,0.99,0.01,0.02,0.01,0.01,76151.68,1776610089000
1776610091.099,191.099,0.98,0.99,0.01,0.02,0.01,0.01,76151.68,1776610089000
1776610091.437,191.437,0.98,0.99,0.01,0.02,0.01,0.01,76151.47,1776610090000
1776610091.962,191.962,0.98,0.99,0.01,0.02,0.01,0.01,76151.47,1776610090000
1776610092.356,192.356,0.98,0.99,0.01,0.02,0.01,0.01,76152.34,1776610091000
1776610093.249,193.249,0.98,0.99,0.01,0.02,0.01,0.01,76152.56,1776610092000
1776610093.792,193.792,0.98,0.99,0.01,0.02,0.01,0.01,76152.56,1776610092000
1776610094.39,194.39,0.98,0.99,0.01,0.02,0.01,0.01,76152.33,1776610093000
1776610094.968,194.968,0.97,0.99,0.01,0.02,0.02,0.01,76152.15,1776610094000
1776610095.56,195.56,0.97,0.99,0.01,0.03,0.02,0.02,76152.15,1776610094000
1776610096.049,196.049,0.97,0.99,0.01,0.03,0.02,0.02,76141.75,1776610095000
1776610096.638,196.638,0.98,0.99,0.01,0.02,0.01,0.01,76141.75,1776610095000
1776610097.174,197.174,0.97,0.98,0.02,0.03,0.01,0.01,76135.82,1776610096000
1776610097.695,197.695,0.97,0.98,0.02,0.03,0.01,0.01,76135.82,1776610096000
1776610098.056,198.056,0.97,0.99,0.02,0.03,0.02,0.01,76135.82,1776610096000
1776610099.012,199.012,0.97,0.98,0.02,0.03,0.01,0.01,76134.73,1776610097000
1776610099.693,199.693,0.97,0.99,0.02,0.03,0.02,0.01,76132.94,1776610098000
1776610100.221,200.221,0.97,0.99,0.02,0.03,0.02,0.01,76132.94,1776610098000
1776610100.719,200.719,0.98,0.99,0.01,0.02,0.01,0.01,76132.59,1776610099000
1776610101.335,201.335,0.98,0.99,0.01,0.02,0.01,0.01,76132.59,1776610099000
1776610102.186,202.186,0.98,0.99,0.01,0.02,0.01,0.01,76128.99,1776610101000
1776610102.6,202.6,0.98,0.99,0.01,0.02,0.01,0.01,76128.99,1776610101000
1776610103.023,203.023,0.98,0.99,0.01,0.02,0.01,0.01,76128.99,1776610101000
1776610103.954,203.954,0.98,0.99,0.01,0.02,0.01,0.01,76128.99,1776610101000
1776610104.697,204.697,0.98,0.99,0.01,0.02,0.01,0.01,76134.02,1776610103000
1776610105.156,205.156,0.98,0.99,0.01,0.02,0.01,0.01,76134.02,1776610103000
1776610105.529,205.529,0.98,0.99,0.01,0.02,0.01,0.01,76137.03,1776610104000
1776610105.997,205.997,0.98,0.99,0.01,0.02,0.01,0.01,76137.07,1776610105000
1776610106.339,206.339,0.98,0.99,0.01,0.02,0.01,0.01,76137.07,1776610105000
1776610107.17,207.17,0.98,0.99,0.01,0.02,0.01,0.01,76142.86,1776610106000
1776610107.616,207.616,0.98,0.99,0.01,0.02,0.01,0.01,76142.86,1776610106000
1776610108.047,208.047,0.98,0.99,0.01,0.02,0.01,0.01,76142.86,1776610106000
1776610108.448,208.448,0.98,0.99,0.01,0.02,0.01,0.01,76142.86,1776610106000
1776610109.018,209.018,0.98,0.99,0.01,0.02,0.01,0.01,76144.79,1776610107000
1776610109.481,209.481,0.98,0.99,0.01,0.02,0.01,0.01,76151.69,1776610108000
1776610109.985,209.985,0.98,0.99,0.01,0.02,0.01,0.01,76151.69,1776610108000
1776610110.375,210.375,0.98,0.99,0.01,0.02,0.01,0.01,76151.69,1776610108000
1776610110.771,210.771,0.98,0.99,0.01,0.02,0.01,0.01,76153.96,1776610109000
1776610111.274,211.274,0.98,0.99,0.01,0.02,0.01,0.01,76157.62,1776610110000
1776610111.913,211.913,0.98,0.99,0.01,0.02,0.01,0.01,76157.62,1776610110000
1776610112.279,212.279,0.98,0.99,0.01,0.02,0.01,0.01,76157.62,1776610110000
1776610112.687,212.687,0.98,0.99,0.01,0.02,0.01,0.01,76157.76,1776610111000
1776610113.072,213.072,0.98,0.99,0.01,0.02,0.01,0.01,76157.9,1776610112000
1776610113.511,213.511,0.98,0.99,0.01,0.02,0.01,0.01,76157.9,1776610112000
1776610114.141,214.141,0.98,0.99,0.01,0.02,0.01,0.01,76157.28,1776610113000
1776610114.838,214.838,0.98,0.99,0.01,0.02,0.01,0.01,76157.28,1776610113000
1776610115.326,215.326,0.98,0.99,0.01,0.02,0.01,0.01,76152.56,1776610114000
1776610115.745,215.745,0.98,0.99,0.01,0.02,0.01,0.01,76152.56,1776610114000
1776610116.309,216.309,0.98,0.99,0.01,0.02,0.01,0.01,76152.56,1776610114000
1776610117.128,217.128,0.98,0.99,0.01,0.02,0.01,0.01,76152.56,1776610114000
1776610117.705,217.705,0.98,0.99,0.01,0.02,0.01,0.01,76151.15,1776610116000
1776610118.119,218.119,0.98,0.99,0.01,0.02,0.01,0.01,76153.68,1776610117000
1776610119.032,219.032,0.98,0.99,0.01,0.02,0.01,0.01,76154.12,1776610118000
1776610119.403,219.403,0.98,0.99,0.01,0.02,0.01,0.01,76154.12,1776610118000
1776610119.75,219.75,0.98,0.99,0.01,0.02,0.01,0.01,76154.12,1776610118000
1776610120.225,220.225,0.98,0.99,0.01,0.02,0.01,0.01,76154.42,1776610119000
1776610120.867,220.867,0.98,0.99,0.01,0.02,0.01,0.01,76154.42,1776610119000
1776610121.373,221.373,0.98,0.99,0.01,0.02,0.01,0.01,76151.01,1776610120000
1776610121.776,221.776,0.98,0.99,0.01,0.02,0.01,0.01,76151.01,1776610120000
1776610122.186,222.186,0.98,0.99,0.01,0.02,0.01,0.01,76150.38,1776610121000
1776610122.829,222.829,0.98,0.99,0.01,0.02,0.01,0.01,76150.38,1776610121000
1776610123.212,223.212,0.98,0.99,0.01,0.02,0.01,0.01,76149.4,1776610122000
1776610124.145,224.145,0.98,0.99,0.01,0.02,0.01,0.01,76149.4,1776610122000
1776610124.539,224.539,0.98,0.99,0.01,0.02,0.01,0.01,76149.13,1776610123000
1776610124.928,224.928,0.98,0.99,0.01,0.02,0.01,0.01,76149.13,1776610123000
1776610125.316,225.316,0.98,0.99,0.01,0.02,0.01,0.01,76149.13,1776610123000
1776610125.912,225.912,0.98,0.99,0.01,0.02,0.01,0.01,76140.74,1776610125000
1776610126.875,226.875,0.98,0.99,0.01,0.02,0.01,0.01,76140.74,1776610125000
1776610127.421,227.421,0.98,0.99,0.01,0.02,0.01,0.01,76140.06,1776610126000
1776610127.768,227.768,0.98,0.99,0.01,0.02,0.01,0.01,76140.06,1776610126000
1776610128.83,228.83,0.98,0.99,0.01,0.02,0.01,0.01,76138.5,1776610127000
1776610129.22,229.22,0.98,0.99,0.01,0.02,0.01,0.01,76138.46,1776610128000
1776610129.561,229.561,0.98,0.99,0.01,0.02,0.01,0.01,76138.46,1776610128000
1776610130.001,230.001,0.98,0.99,0.01,0.02,0.01,0.01,76138.46,1776610128000
1776610130.348,230.348,0.98,0.99,0.01,0.02,0.01,0.01,76143.16,1776610129000
1776610130.831,230.831,0.98,0.99,0.01,0.02,0.01,0.01,76143.16,1776610129000
1776610131.2,231.2,0.98,0.99,0.01,0.02,0.01,0.01,76143.16,1776610129000
1776610131.614,231.614,0.98,0.99,0.01,0.02,0.01,0.01,76147.02,1776610130000
1776610131.968,231.968,0.98,0.99,0.01,0.02,0.01,0.01,76146.71,1776610131000
1776610132.354,232.354,0.98,0.99,0.01,0.02,0.01,0.01,76146.71,1776610131000
1776610132.82,232.82,0.98,0.99,0.01,0.02,0.01,0.01,76146.71,1776610131000
1776610133.186,233.186,0.98,0.99,0.01,0.02,0.01,0.01,76146.7,1776610132000
1776610133.689,233.689,0.98,0.99,0.01,0.02,0.01,0.01,76146.7,1776610132000
1776610134.025,234.025,0.98,0.99,0.01,0.02,0.01,0.01,76146.7,1776610132000
1776610134.442,234.442,0.99,0.99,0.01,0.02,0.0,0.01,76146.7,1776610132000
1776610134.786,234.786,0.99,0.99,0.01,0.01,0.0,0.0,76147.07,1776610133000
1776610135.131,235.131,0.99,0.99,0.01,0.01,0.0,0.0,76147.07,1776610133000
1776610135.618,235.618,0.99,0.99,0.01,0.01,0.0,0.0,76147.06,1776610134000
1776610136.304,236.304,0.99,0.99,0.01,0.01,0.0,0.0,76147.05,1776610135000
1776610136.966,236.966,0.99,0.99,0.01,0.01,0.0,0.0,76147.05,1776610135000
1776610137.384,237.384,0.99,0.99,0.01,0.01,0.0,0.0,76148.94,1776610136000
1776610138.323,238.323,0.99,0.99,0.01,0.01,0.0,0.0,76150.01,1776610137000
1776610138.761,238.761,0.99,0.99,0.01,0.01,0.0,0.0,76150.01,1776610137000
1776610139.303,239.303,0.99,0.99,0.01,0.01,0.0,0.0,76152.06,1776610138000
1776610140.24,240.24,0.99,0.99,0.01,0.01,0.0,0.0,76152.08,1776610139000
1776610140.726,240.726,0.99,0.99,0.01,0.01,0.0,0.0,76152.08,1776610139000
1776610141.286,241.286,0.99,0.99,0.01,0.01,0.0,0.0,76152.12,1776610140000
1776610141.899,241.899,0.99,0.99,0.01,0.01,0.0,0.0,76151.75,1776610141000
1776610142.392,242.392,0.99,0.99,0.01,0.01,0.0,0.0,76151.75,1776610141000
1776610142.969,242.969,0.99,0.99,0.01,0.01,0.0,0.0,76146.41,1776610142000
1776610143.311,243.311,0.99,0.99,0.01,0.01,0.0,0.0,76146.41,1776610142000
1776610144.558,244.558,0.99,0.99,0.01,0.01,0.0,0.0,76139.44,1776610143000
1776610145.183,245.183,0.99,0.99,0.01,0.01,0.0,0.0,76139.44,1776610144000
1776610146.42,246.42,0.99,0.99,0.01,0.01,0.0,0.0,76137.3,1776610145000
1776610146.82,246.82,0.99,0.99,0.01,0.01,0.0,0.0,76137.3,1776610145000
1776610147.258,247.258,0.99,0.99,0.01,0.01,0.0,0.0,76134.68,1776610146000
1776610147.726,247.726,0.99,0.99,0.01,0.01,0.0,0.0,76134.68,1776610146000
1776610148.294,248.294,0.99,0.99,0.01,0.01,0.0,0.0,76134.68,1776610146000
1776610149.324,249.324,0.99,0.99,0.01,0.01,0.0,0.0,76127.6,1776610148000
1776610149.895,249.895,0.99,0.99,0.01,0.01,0.0,0.0,76127.6,1776610148000
1776610150.407,250.407,0.99,0.99,0.01,0.01,0.0,0.0,76127.64,1776610149000
1776610150.981,250.981,0.99,0.99,0.01,0.01,0.0,0.0,76127.64,1776610149000
1776610152.292,252.292,0.99,0.99,0.01,0.01,0.0,0.0,76124.7,1776610151000
1776610152.908,252.908,0.99,0.99,0.01,0.01,0.0,0.0,76124.7,1776610151000
1776610153.313,253.313,0.99,0.99,0.01,0.01,0.0,0.0,76117.25,1776610152000
1776610154.254,254.254,0.99,0.99,0.01,0.01,0.0,0.0,76117.25,1776610152000
1776610155.31,255.31,0.99,0.99,0.01,0.01,0.0,0.0,76121.21,1776610153000
1776610156.329,256.329,0.99,0.99,0.01,0.01,0.0,0.0,76123.05,1776610155000
1776610157.294,257.294,0.99,0.99,0.01,0.01,0.0,0.0,76121.25,1776610156000
1776610158.327,258.327,0.99,0.99,0.01,0.01,0.0,0.0,76113.28,1776610157000
1776610159.079,259.079,0.99,0.99,0.01,0.01,0.0,0.0,76113.29,1776610158000
1776610160.606,260.606,0.99,0.99,0.01,0.01,0.0,0.0,76118.13,1776610159000
1776610161.176,261.176,0.99,0.99,0.01,0.01,0.0,0.0,76118.22,1776610160000
1776610162.303,262.303,0.99,0.99,0.01,0.01,0.0,0.0,76123.1,1776610161000
1776610163.282,263.282,0.99,0.99,0.01,0.01,0.0,0.0,76125.09,1776610162000
1776610163.986,263.986,0.99,0.99,0.01,0.01,0.0,0.0,76125.09,1776610162000
1776610164.777,264.777,0.99,0.99,0.01,0.01,0.0,0.0,76127.52,1776610163000
1776610165.369,265.369,0.99,0.99,0.01,0.01,0.0,0.0,76127.84,1776610164000
1776610166.539,266.539,0.99,0.99,0.01,0.01,0.0,0.0,76133.85,1776610165000
1776610167.024,267.024,0.99,0.99,0.01,0.01,0.0,0.0,76136.41,1776610166000
1776610168.24,268.24,0.99,0.99,0.01,0.01,0.0,0.0,76139.45,1776610167000
1776610168.956,268.956,0.99,0.99,0.01,0.01,0.0,0.0,76139.45,1776610167000
1776610170.425,270.425,0.99,0.99,0.01,0.01,0.0,0.0,76139.47,1776610168000
1776610170.801,270.801,0.99,0.99,0.01,0.01,0.0,0.0,76139.59,1776610169000
1776610171.287,271.287,0.99,0.99,0.01,0.01,0.0,0.0,76142.1,1776610170000
1776610172.431,272.431,0.99,0.99,0.01,0.01,0.0,0.0,76135.4,1776610171000
1776610173.029,273.029,0.99,0.99,0.01,0.01,0.0,0.0,76133.49,1776610172000
1776610174.237,274.237,0.99,0.99,0.01,0.01,0.0,0.0,76130.58,1776610173000
1776610175.778,275.778,0.99,0.99,0.01,0.01,0.0,0.0,76122.09,1776610174000
1776610176.409,276.409,0.99,0.99,0.01,0.01,0.0,0.0,76120.79,1776610175000
1776610176.997,276.997,0.99,0.99,0.01,0.01,0.0,0.0,76120.79,1776610176000
1776610178.156,278.156,0.99,0.99,0.01,0.01,0.0,0.0,76133.04,1776610177000
1776610179.322,279.322,0.99,0.99,0.01,0.01,0.0,0.0,76147.65,1776610178000
1776610179.937,279.937,0.99,0.99,0.01,0.01,0.0,0.0,76147.65,1776610179000
1776610180.915,280.915,0.99,0.99,0.01,0.01,0.0,0.0,76147.65,1776610179000
1776610182.245,282.245,0.99,0.99,0.01,0.01,0.0,0.0,76144.13,1776610181000
1776610183.451,283.451,0.99,0.99,0.01,0.01,0.0,0.0,76140.16,1776610182000
1776610184.004,284.004,0.99,0.99,0.01,0.01,0.0,0.0,76133.15,1776610183000
1776610185.112,285.112,0.99,0.99,0.01,0.01,0.0,0.0,76128.13,1776610184000
1776610186.196,286.196,0.99,0.99,0.01,0.01,0.0,0.0,76129.35,1776610185000
1776610187.276,287.276,0.99,0.99,0.01,0.01,0.0,0.0,76132.87,1776610186000
1776610188.361,288.361,0.99,0.99,0.01,0.01,0.0,0.0,76132.87,1776610187000
1776610188.822,288.822,0.99,0.99,0.01,0.01,0.0,0.0,76132.87,1776610187000
1776610189.694,289.694,0.99,0.99,0.01,0.01,0.0,0.0,76133.69,1776610188000
1776610190.638,290.638,0.99,0.99,0.01,0.01,0.0,0.0,76133.59,1776610189000
1776610191.318,291.318,0.99,0.99,0.01,0.01,0.0,0.0,76133.51,1776610190000
1776610191.866,291.866,0.99,0.99,0.01,0.01,0.0,0.0,76133.51,1776610190000
1776610192.244,292.244,0.99,0.99,0.01,0.01,0.0,0.0,76134.81,1776610191000
1776610193.235,293.235,0.99,0.99,0.01,0.01,0.0,0.0,76131.86,1776610192000
1776610194.431,294.431,0.99,0.99,0.01,0.01,0.0,0.0,76131.35,1776610193000
1776610195.098,295.098,0.99,0.99,0.01,0.01,0.0,0.0,76131.35,1776610194000
1776610196.043,296.043,0.99,0.99,0.01,0.01,0.0,0.0,76131.38,1776610195000
1776610196.768,296.768,0.991,0.999,0.01,0.01,0.008,0.0,76131.38,1776610195000
1776610197.116,297.116,0.99,0.999,0.001,0.01,0.009,0.009,76131.38,1776610195000
1776610197.46,297.46,0.998,0.999,0.001,0.005,0.001,0.004,76130.89,1776610196000
1776610197.816,297.816,0.998,0.999,0.001,0.002,0.001,0.001,76130.89,1776610196000
1776610198.173,298.173,0.999,0.999,0.001,0.001,0.0,0.0,76128.11,1776610197000
1776610199.015,299.015,0.999,0.999,0.001,0.001,0.0,0.0,76128.11,1776610197000
1776610199.431,299.431,0.999,0.999,0.001,0.001,0.0,0.0,76127.46,1776610198000
1776610199.873,299.873,0.999,0.999,0.001,0.001,0.0,0.0,76127.46,1776610198000
1776610200.359,300.359,0.999,0.999,0.001,0.001,0.0,0.0,76127.46,1776610198000
1776610200.86,300.86,0.999,0.999,0.001,0.001,0.0,0.0,76127.04,1776610200000

# RESULT,winner=Up,slug=btc-updown-5m-1776609900,ticks=614
