timestamp,elapsed_sec,up_bid,up_ask,down_bid,down_ask,up_spread,down_spread,btc_price,btc_oracle_ts
1776827400.597,0.597,0.49,0.5,0.5,0.51,0.01,0.01,77614.71,1776827399000
1776827400.944,0.944,0.49,0.5,0.5,0.51,0.01,0.01,77614.77,1776827400000
1776827401.28,1.28,0.49,0.5,0.5,0.51,0.01,0.01,77614.77,1776827400000
1776827401.698,1.698,0.49,0.5,0.5,0.51,0.01,0.01,77614.77,1776827400000
1776827402.049,2.049,0.48,0.5,0.5,0.52,0.02,0.02,77619.45,1776827401000
1776827402.579,2.579,0.48,0.5,0.5,0.52,0.02,0.02,77619.45,1776827401000
1776827402.918,2.918,0.47,0.48,0.5,0.53,0.01,0.03,77619.45,1776827401000
1776827403.272,3.272,0.47,0.48,0.52,0.53,0.01,0.01,77621.16,1776827402000
1776827404.22,4.22,0.47,0.48,0.52,0.53,0.01,0.01,77621.16,1776827402000
1776827404.599,4.599,0.47,0.5,0.51,0.53,0.03,0.02,77612.71,1776827403000
1776827405.042,5.042,0.47,0.48,0.52,0.53,0.01,0.01,77612.71,1776827403000
1776827405.649,5.649,0.47,0.48,0.52,0.53,0.01,0.01,77612.77,1776827404000
1776827406.459,6.459,0.47,0.48,0.52,0.53,0.01,0.01,77612.77,1776827404000
1776827406.924,6.924,0.47,0.48,0.52,0.53,0.01,0.01,77612.77,1776827404000
1776827407.343,7.343,0.47,0.48,0.52,0.53,0.01,0.01,77609.15,1776827405000
1776827407.765,7.765,0.47,0.48,0.52,0.53,0.01,0.01,77609.15,1776827405000
1776827408.141,8.141,0.47,0.48,0.52,0.53,0.01,0.01,77609.15,1776827406000
1776827408.685,8.685,0.47,0.48,0.52,0.53,0.01,0.01,77607.99,1776827407000
1776827409.179,9.179,0.47,0.48,0.52,0.53,0.01,0.01,77607.99,1776827407000
1776827409.521,9.521,0.48,0.49,0.51,0.52,0.01,0.01,77607.99,1776827407000
1776827409.863,9.863,0.48,0.49,0.51,0.52,0.01,0.01,77606.49,1776827408000
1776827410.256,10.256,0.48,0.49,0.51,0.52,0.01,0.01,77606.49,1776827408000
1776827410.78,10.78,0.48,0.49,0.51,0.52,0.01,0.01,77611.21,1776827409000
1776827411.151,11.151,0.48,0.49,0.51,0.52,0.01,0.01,77611.21,1776827409000
1776827411.713,11.713,0.48,0.49,0.51,0.52,0.01,0.01,77611.21,1776827409000
1776827412.467,12.467,0.48,0.49,0.51,0.52,0.01,0.01,77611.21,1776827409000
1776827412.872,12.872,0.48,0.49,0.51,0.52,0.01,0.01,77612.5,1776827410000
1776827413.24,13.24,0.48,0.5,0.5,0.52,0.02,0.02,77612.5,1776827410000
1776827413.652,13.652,0.49,0.5,0.5,0.51,0.01,0.01,77613.0,1776827411000
1776827414.138,14.138,0.49,0.5,0.5,0.51,0.01,0.01,77613.0,1776827411000
1776827414.502,14.502,0.49,0.5,0.5,0.51,0.01,0.01,77612.45,1776827412000
1776827414.871,14.871,0.49,0.5,0.5,0.51,0.01,0.01,77612.45,1776827412000
1776827415.253,15.253,0.49,0.5,0.5,0.51,0.01,0.01,77614.14,1776827413000
1776827415.676,15.676,0.49,0.5,0.5,0.51,0.01,0.01,77614.14,1776827413000
1776827416.021,16.021,0.49,0.5,0.5,0.51,0.01,0.01,77614.14,1776827413000
1776827416.463,16.463,0.49,0.5,0.5,0.51,0.01,0.01,77618.23,1776827414000
1776827416.858,16.858,0.49,0.5,0.5,0.51,0.01,0.01,77618.23,1776827414000
1776827417.229,17.229,0.49,0.5,0.5,0.51,0.01,0.01,77614.16,1776827415000
1776827417.591,17.591,0.49,0.5,0.5,0.51,0.01,0.01,77614.16,1776827415000
1776827417.945,17.945,0.49,0.5,0.5,0.51,0.01,0.01,77613.57,1776827416000
1776827418.417,18.417,0.49,0.5,0.5,0.51,0.01,0.01,77613.57,1776827416000
1776827418.977,18.977,0.49,0.5,0.5,0.51,0.01,0.01,77611.71,1776827417000
1776827419.322,19.322,0.49,0.5,0.5,0.51,0.01,0.01,77611.71,1776827417000
1776827419.835,19.835,0.49,0.5,0.5,0.51,0.01,0.01,77611.71,1776827417000
1776827420.335,20.335,0.49,0.5,0.5,0.51,0.01,0.01,77611.7,1776827418000
1776827420.683,20.683,0.49,0.5,0.5,0.51,0.01,0.01,77611.72,1776827419000
1776827421.045,21.045,0.49,0.5,0.5,0.51,0.01,0.01,77611.72,1776827419000
1776827421.57,21.57,0.49,0.5,0.5,0.51,0.01,0.01,77611.72,1776827419000
1776827421.991,21.991,0.49,0.5,0.5,0.51,0.01,0.01,77611.72,1776827420000
1776827422.353,22.353,0.49,0.5,0.5,0.51,0.01,0.01,77611.72,1776827420000
1776827422.717,22.717,0.49,0.5,0.5,0.51,0.01,0.01,77611.72,1776827420000
1776827423.178,23.178,0.49,0.5,0.5,0.51,0.01,0.01,77612.16,1776827421000
1776827423.567,23.567,0.5,0.51,0.49,0.51,0.01,0.02,77612.16,1776827421000
1776827424.014,24.014,0.5,0.51,0.49,0.5,0.01,0.01,77612.16,1776827421000
1776827424.403,24.403,0.5,0.51,0.49,0.5,0.01,0.01,77615.75,1776827422000
1776827424.799,24.799,0.5,0.51,0.49,0.5,0.01,0.01,77615.75,1776827422000
1776827425.171,25.171,0.5,0.51,0.49,0.5,0.01,0.01,77615.75,1776827422000
1776827425.517,25.517,0.5,0.51,0.49,0.5,0.01,0.01,77616.36,1776827423000
1776827425.982,25.982,0.5,0.51,0.49,0.5,0.01,0.01,77616.34,1776827424000
1776827426.414,26.414,0.5,0.51,0.49,0.5,0.01,0.01,77614.83,1776827425000
1776827426.854,26.854,0.5,0.51,0.49,0.5,0.01,0.01,77614.83,1776827425000
1776827427.325,27.325,0.5,0.51,0.49,0.5,0.01,0.01,77613.51,1776827426000
1776827427.906,27.906,0.5,0.51,0.49,0.5,0.01,0.01,77613.51,1776827426000
1776827428.246,28.246,0.5,0.51,0.49,0.5,0.01,0.01,77613.51,1776827426000
1776827428.8,28.8,0.5,0.51,0.49,0.5,0.01,0.01,77612.72,1776827427000
1776827429.25,29.25,0.5,0.51,0.49,0.5,0.01,0.01,77612.72,1776827427000
1776827429.663,29.663,0.5,0.51,0.49,0.5,0.01,0.01,77612.54,1776827428000
1776827430.147,30.147,0.5,0.51,0.49,0.5,0.01,0.01,77612.54,1776827428000
1776827430.485,30.485,0.5,0.51,0.49,0.5,0.01,0.01,77612.86,1776827429000
1776827430.873,30.873,0.5,0.51,0.49,0.5,0.01,0.01,77612.86,1776827429000
1776827431.279,31.279,0.5,0.51,0.49,0.5,0.01,0.01,77612.97,1776827430000
1776827431.739,31.739,0.5,0.51,0.49,0.5,0.01,0.01,77612.97,1776827430000
1776827432.113,32.113,0.5,0.51,0.49,0.5,0.01,0.01,77612.97,1776827430000
1776827432.528,32.528,0.5,0.51,0.49,0.5,0.01,0.01,77613.33,1776827431000
1776827433.004,33.004,0.5,0.51,0.49,0.5,0.01,0.01,77613.33,1776827431000
1776827433.435,33.435,0.5,0.51,0.49,0.5,0.01,0.01,77613.29,1776827432000
1776827433.769,33.769,0.5,0.51,0.49,0.5,0.01,0.01,77613.29,1776827432000
1776827434.13,34.13,0.5,0.51,0.49,0.5,0.01,0.01,77613.29,1776827432000
1776827434.566,34.566,0.5,0.51,0.49,0.5,0.01,0.01,77613.26,1776827433000
1776827435.022,35.022,0.5,0.51,0.49,0.5,0.01,0.01,77613.26,1776827433000
1776827435.432,35.432,0.5,0.51,0.49,0.5,0.01,0.01,77613.29,1776827434000
1776827435.865,35.865,0.5,0.51,0.49,0.5,0.01,0.01,77613.29,1776827434000
1776827436.283,36.283,0.5,0.51,0.49,0.5,0.01,0.01,77613.29,1776827434000
1776827437.178,37.178,0.5,0.51,0.49,0.5,0.01,0.01,77613.51,1776827436000
1776827437.789,37.789,0.5,0.51,0.49,0.5,0.01,0.01,77613.51,1776827436000
1776827438.16,38.16,0.5,0.51,0.49,0.5,0.01,0.01,77613.51,1776827436000
1776827438.499,38.499,0.5,0.51,0.49,0.5,0.01,0.01,77613.51,1776827437000
1776827439.063,39.063,0.5,0.51,0.49,0.5,0.01,0.01,77613.51,1776827437000
1776827439.439,39.439,0.5,0.51,0.49,0.5,0.01,0.01,77613.16,1776827438000
1776827440.088,40.088,0.5,0.51,0.49,0.5,0.01,0.01,77613.19,1776827439000
1776827440.471,40.471,0.5,0.51,0.49,0.5,0.01,0.01,77613.19,1776827439000
1776827440.816,40.816,0.5,0.51,0.49,0.5,0.01,0.01,77613.19,1776827439000
1776827441.241,41.241,0.5,0.51,0.49,0.5,0.01,0.01,77613.46,1776827440000
1776827441.631,41.631,0.5,0.51,0.49,0.5,0.01,0.01,77613.46,1776827440000
1776827442.041,42.041,0.5,0.51,0.49,0.5,0.01,0.01,77613.46,1776827440000
1776827442.398,42.398,0.5,0.51,0.49,0.5,0.01,0.01,77613.46,1776827440000
1776827442.868,42.868,0.5,0.51,0.49,0.5,0.01,0.01,77613.5,1776827441000
1776827443.596,43.596,0.5,0.51,0.49,0.5,0.01,0.01,77614.27,1776827442000
1776827444.015,44.015,0.49,0.51,0.49,0.5,0.02,0.01,77614.27,1776827442000
1776827444.582,44.582,0.49,0.5,0.5,0.51,0.01,0.01,77614.33,1776827443000
1776827445.261,45.261,0.49,0.5,0.5,0.51,0.01,0.01,77614.33,1776827443000
1776827445.717,45.717,0.49,0.5,0.5,0.51,0.01,0.01,77614.0,1776827444000
1776827446.341,46.341,0.49,0.5,0.5,0.51,0.01,0.01,77614.0,1776827444000
1776827446.722,46.722,0.49,0.5,0.5,0.51,0.01,0.01,77614.31,1776827445000
1776827447.204,47.204,0.49,0.5,0.5,0.51,0.01,0.01,77614.31,1776827446000
1776827447.978,47.978,0.49,0.5,0.5,0.51,0.01,0.01,77614.31,1776827446000
1776827448.356,48.356,0.49,0.5,0.5,0.51,0.01,0.01,77613.78,1776827447000
1776827448.914,48.914,0.49,0.5,0.5,0.51,0.01,0.01,77613.78,1776827447000
1776827449.271,49.271,0.49,0.5,0.5,0.51,0.01,0.01,77613.9,1776827448000
1776827449.718,49.718,0.48,0.49,0.5,0.51,0.01,0.01,77613.9,1776827448000
1776827450.074,50.074,0.47,0.49,0.51,0.52,0.02,0.01,77613.9,1776827448000
1776827450.413,50.413,0.46,0.47,0.53,0.54,0.01,0.01,77613.39,1776827449000
1776827450.968,50.968,0.46,0.47,0.53,0.54,0.01,0.01,77613.39,1776827449000
1776827451.456,51.456,0.46,0.47,0.53,0.54,0.01,0.01,77613.39,1776827449000
1776827452.143,52.143,0.46,0.47,0.53,0.54,0.01,0.01,77605.71,1776827450000
1776827452.641,52.641,0.46,0.47,0.53,0.54,0.01,0.01,77605.71,1776827450000
1776827453.013,53.013,0.46,0.47,0.53,0.54,0.01,0.01,77605.06,1776827451000
1776827453.527,53.527,0.46,0.47,0.53,0.54,0.01,0.01,77605.06,1776827451000
1776827454.455,54.455,0.46,0.47,0.53,0.54,0.01,0.01,77603.73,1776827452000
1776827455.218,55.218,0.46,0.47,0.53,0.54,0.01,0.01,77602.59,1776827454000
1776827455.594,55.594,0.46,0.47,0.53,0.54,0.01,0.01,77602.59,1776827454000
1776827455.996,55.996,0.47,0.5,0.5,0.53,0.03,0.03,77602.59,1776827454000
1776827456.661,56.661,0.49,0.5,0.5,0.51,0.01,0.01,77602.59,1776827454000
1776827457.007,57.007,0.49,0.5,0.5,0.51,0.01,0.01,77604.49,1776827455000
1776827457.412,57.412,0.49,0.5,0.49,0.51,0.01,0.02,77604.49,1776827455000
1776827457.772,57.772,0.49,0.5,0.5,0.51,0.01,0.01,77608.44,1776827456000
1776827458.197,58.197,0.5,0.51,0.49,0.5,0.01,0.01,77608.44,1776827456000
1776827458.584,58.584,0.5,0.51,0.49,0.5,0.01,0.01,77611.09,1776827457000
1776827458.943,58.943,0.49,0.5,0.5,0.51,0.01,0.01,77611.09,1776827457000
1776827459.452,59.452,0.49,0.5,0.5,0.51,0.01,0.01,77611.09,1776827457000
1776827459.884,59.884,0.49,0.5,0.5,0.51,0.01,0.01,77613.58,1776827458000
1776827460.295,60.295,0.49,0.5,0.5,0.51,0.01,0.01,77612.78,1776827459000
1776827460.65,60.65,0.49,0.5,0.5,0.51,0.01,0.01,77612.78,1776827459000
1776827461.161,61.161,0.49,0.5,0.5,0.51,0.01,0.01,77612.78,1776827459000
1776827461.522,61.522,0.49,0.5,0.5,0.51,0.01,0.01,77612.78,1776827459000
1776827461.96,61.96,0.49,0.5,0.5,0.51,0.01,0.01,77611.35,1776827460000
1776827462.321,62.321,0.49,0.5,0.5,0.51,0.01,0.01,77611.5,1776827461000
1776827462.885,62.885,0.49,0.5,0.5,0.51,0.01,0.01,77611.5,1776827461000
1776827464.026,64.026,0.49,0.5,0.5,0.51,0.01,0.01,77612.2,1776827462000
1776827464.445,64.445,0.49,0.53,0.47,0.51,0.04,0.04,77612.2,1776827462000
1776827464.779,64.779,0.53,0.55,0.45,0.47,0.02,0.02,77632.9,1776827463000
1776827465.206,65.206,0.53,0.54,0.46,0.47,0.01,0.01,77632.9,1776827463000
1776827465.61,65.61,0.53,0.54,0.45,0.47,0.01,0.02,77635.84,1776827464000
1776827465.958,65.958,0.53,0.54,0.46,0.47,0.01,0.01,77635.84,1776827464000
1776827466.307,66.307,0.53,0.54,0.46,0.47,0.01,0.01,77635.84,1776827464000
1776827466.641,66.641,0.53,0.54,0.46,0.47,0.01,0.01,77635.84,1776827464000
1776827467.027,67.027,0.53,0.54,0.46,0.47,0.01,0.01,77638.91,1776827465000
1776827467.374,67.374,0.53,0.54,0.46,0.47,0.01,0.01,77638.91,1776827465000
1776827467.765,67.765,0.53,0.54,0.46,0.47,0.01,0.01,77635.56,1776827466000
1776827468.132,68.132,0.53,0.54,0.46,0.47,0.01,0.01,77635.56,1776827466000
1776827468.517,68.517,0.53,0.54,0.46,0.47,0.01,0.01,77635.56,1776827466000
1776827468.914,68.914,0.53,0.54,0.46,0.47,0.01,0.01,77635.56,1776827466000
1776827469.348,69.348,0.53,0.54,0.46,0.47,0.01,0.01,77634.66,1776827468000
1776827469.698,69.698,0.53,0.54,0.46,0.47,0.01,0.01,77634.66,1776827468000
1776827470.164,70.164,0.53,0.54,0.46,0.47,0.01,0.01,77634.66,1776827468000
1776827470.672,70.672,0.53,0.54,0.46,0.47,0.01,0.01,77634.66,1776827469000
1776827471.022,71.022,0.53,0.54,0.46,0.47,0.01,0.01,77634.66,1776827469000
1776827471.409,71.409,0.53,0.54,0.46,0.47,0.01,0.01,77634.66,1776827469000
1776827472.096,72.096,0.53,0.54,0.46,0.47,0.01,0.01,77634.66,1776827470000
1776827472.605,72.605,0.53,0.54,0.46,0.47,0.01,0.01,77633.7,1776827471000
1776827473.068,73.068,0.53,0.54,0.46,0.47,0.01,0.01,77633.7,1776827471000
1776827473.431,73.431,0.53,0.54,0.46,0.47,0.01,0.01,77634.28,1776827472000
1776827473.822,73.822,0.53,0.54,0.46,0.47,0.01,0.01,77634.28,1776827472000
1776827474.382,74.382,0.53,0.54,0.46,0.47,0.01,0.01,77634.3,1776827473000
1776827475.076,75.076,0.53,0.54,0.46,0.47,0.01,0.01,77634.3,1776827473000
1776827475.449,75.449,0.54,0.55,0.45,0.46,0.01,0.01,77634.3,1776827473000
1776827475.803,75.803,0.54,0.55,0.45,0.46,0.01,0.01,77634.49,1776827474000
1776827476.288,76.288,0.54,0.55,0.45,0.46,0.01,0.01,77634.33,1776827475000
1776827476.632,76.632,0.54,0.55,0.45,0.46,0.01,0.01,77634.33,1776827475000
1776827476.968,76.968,0.54,0.55,0.45,0.46,0.01,0.01,77634.33,1776827475000
1776827477.476,77.476,0.54,0.55,0.45,0.46,0.01,0.01,77636.03,1776827476000
1776827477.825,77.825,0.54,0.55,0.45,0.46,0.01,0.01,77636.03,1776827476000
1776827478.159,78.159,0.54,0.55,0.45,0.46,0.01,0.01,77640.17,1776827477000
1776827478.635,78.635,0.54,0.55,0.45,0.46,0.01,0.01,77640.17,1776827477000
1776827479.008,79.008,0.54,0.55,0.45,0.46,0.01,0.01,77640.17,1776827477000
1776827479.42,79.42,0.54,0.55,0.45,0.46,0.01,0.01,77642.08,1776827478000
1776827479.759,79.759,0.54,0.55,0.45,0.46,0.01,0.01,77642.08,1776827478000
1776827480.13,80.13,0.54,0.55,0.45,0.46,0.01,0.01,77642.08,1776827478000
1776827480.555,80.555,0.53,0.54,0.46,0.47,0.01,0.01,77644.2,1776827479000
1776827480.911,80.911,0.53,0.54,0.46,0.47,0.01,0.01,77644.2,1776827479000
1776827481.403,81.403,0.53,0.54,0.46,0.47,0.01,0.01,77644.55,1776827480000
1776827481.81,81.81,0.52,0.53,0.47,0.48,0.01,0.01,77644.55,1776827480000
1776827482.191,82.191,0.53,0.54,0.46,0.47,0.01,0.01,77644.55,1776827481000
1776827482.524,82.524,0.53,0.54,0.46,0.47,0.01,0.01,77644.55,1776827481000
1776827482.896,82.896,0.53,0.54,0.46,0.47,0.01,0.01,77644.55,1776827481000
1776827483.24,83.24,0.53,0.54,0.46,0.47,0.01,0.01,77644.55,1776827481000
1776827483.744,83.744,0.53,0.54,0.46,0.47,0.01,0.01,77644.55,1776827481000
1776827484.125,84.125,0.53,0.54,0.46,0.47,0.01,0.01,77644.6,1776827482000
1776827484.487,84.487,0.53,0.54,0.46,0.47,0.01,0.01,77643.95,1776827483000
1776827484.953,84.953,0.53,0.54,0.46,0.47,0.01,0.01,77643.95,1776827483000
1776827485.329,85.329,0.53,0.54,0.46,0.47,0.01,0.01,77643.95,1776827483000
1776827485.683,85.683,0.54,0.55,0.45,0.46,0.01,0.01,77643.45,1776827484000
1776827486.185,86.185,0.54,0.55,0.45,0.46,0.01,0.01,77643.45,1776827484000
1776827486.542,86.542,0.54,0.55,0.45,0.46,0.01,0.01,77642.83,1776827485000
1776827487.017,87.017,0.54,0.55,0.45,0.46,0.01,0.01,77642.83,1776827485000
1776827487.444,87.444,0.54,0.55,0.45,0.46,0.01,0.01,77642.85,1776827486000
1776827487.97,87.97,0.54,0.55,0.45,0.46,0.01,0.01,77642.84,1776827487000
1776827488.505,88.505,0.54,0.55,0.45,0.46,0.01,0.01,77642.84,1776827487000
1776827489.114,89.114,0.54,0.55,0.45,0.46,0.01,0.01,77642.6,1776827488000
1776827489.633,89.633,0.54,0.55,0.45,0.46,0.01,0.01,77642.6,1776827488000
1776827490.003,90.003,0.54,0.55,0.45,0.46,0.01,0.01,77642.6,1776827488000
1776827490.37,90.37,0.54,0.55,0.45,0.46,0.01,0.01,77642.69,1776827489000
1776827490.706,90.706,0.54,0.55,0.45,0.46,0.01,0.01,77642.69,1776827489000
1776827491.071,91.071,0.52,0.53,0.47,0.48,0.01,0.01,77642.69,1776827489000
1776827491.434,91.434,0.52,0.53,0.47,0.48,0.01,0.01,77642.3,1776827490000
1776827491.832,91.832,0.52,0.53,0.47,0.48,0.01,0.01,77642.3,1776827490000
1776827492.185,92.185,0.53,0.54,0.46,0.47,0.01,0.01,77642.3,1776827490000
1776827492.585,92.585,0.53,0.54,0.46,0.47,0.01,0.01,77642.45,1776827491000
1776827493.0,93.0,0.53,0.54,0.46,0.47,0.01,0.01,77642.45,1776827491000
1776827493.485,93.485,0.53,0.54,0.46,0.47,0.01,0.01,77642.45,1776827491000
1776827493.92,93.92,0.53,0.54,0.46,0.47,0.01,0.01,77644.15,1776827492000
1776827494.424,94.424,0.53,0.54,0.46,0.47,0.01,0.01,77644.15,1776827493000
1776827494.918,94.918,0.53,0.54,0.46,0.47,0.01,0.01,77644.15,1776827493000
1776827495.269,95.269,0.53,0.54,0.46,0.47,0.01,0.01,77644.15,1776827494000
1776827495.74,95.74,0.53,0.54,0.46,0.47,0.01,0.01,77644.15,1776827494000
1776827496.169,96.169,0.53,0.54,0.46,0.47,0.01,0.01,77644.16,1776827495000
1776827496.579,96.579,0.53,0.54,0.46,0.47,0.01,0.01,77644.16,1776827495000
1776827497.035,97.035,0.53,0.54,0.46,0.47,0.01,0.01,77644.16,1776827495000
1776827497.503,97.503,0.53,0.54,0.46,0.47,0.01,0.01,77644.16,1776827495000
1776827497.944,97.944,0.53,0.54,0.46,0.47,0.01,0.01,77644.23,1776827496000
1776827498.364,98.364,0.53,0.54,0.46,0.47,0.01,0.01,77644.23,1776827497000
1776827498.764,98.764,0.54,0.55,0.45,0.46,0.01,0.01,77644.23,1776827497000
1776827499.296,99.296,0.54,0.55,0.45,0.46,0.01,0.01,77644.23,1776827497000
1776827499.746,99.746,0.54,0.55,0.45,0.46,0.01,0.01,77644.1,1776827498000
1776827500.203,100.203,0.54,0.55,0.45,0.46,0.01,0.01,77644.08,1776827499000
1776827500.539,100.539,0.54,0.55,0.45,0.46,0.01,0.01,77644.08,1776827499000
1776827500.905,100.905,0.54,0.55,0.45,0.46,0.01,0.01,77644.08,1776827499000
1776827501.262,101.262,0.54,0.55,0.45,0.46,0.01,0.01,77644.09,1776827500000
1776827501.607,101.607,0.54,0.55,0.45,0.46,0.01,0.01,77644.09,1776827500000
1776827501.963,101.963,0.54,0.55,0.45,0.46,0.01,0.01,77644.09,1776827500000
1776827502.425,102.425,0.54,0.55,0.45,0.46,0.01,0.01,77644.18,1776827501000
1776827503.161,103.161,0.54,0.55,0.45,0.46,0.01,0.01,77644.18,1776827501000
1776827503.516,103.516,0.54,0.55,0.45,0.46,0.01,0.01,77644.18,1776827502000
1776827503.902,103.902,0.54,0.55,0.45,0.46,0.01,0.01,77644.18,1776827502000
1776827504.519,104.519,0.54,0.55,0.45,0.46,0.01,0.01,77644.18,1776827503000
1776827504.943,104.943,0.54,0.55,0.45,0.46,0.01,0.01,77644.18,1776827503000
1776827505.334,105.334,0.57,0.62,0.36,0.44,0.05,0.08,77644.18,1776827504000
1776827505.79,105.79,0.6,0.62,0.38,0.43,0.02,0.05,77644.18,1776827504000
1776827506.337,106.337,0.6,0.64,0.39,0.4,0.04,0.01,77644.18,1776827504000
1776827506.741,106.741,0.61,0.65,0.36,0.4,0.04,0.04,77653.42,1776827505000
1776827507.109,107.109,0.6,0.64,0.36,0.4,0.04,0.04,77656.39,1776827506000
1776827507.527,107.527,0.61,0.62,0.38,0.39,0.01,0.01,77656.39,1776827506000
1776827507.895,107.895,0.61,0.62,0.38,0.39,0.01,0.01,77656.39,1776827506000
1776827508.264,108.264,0.6,0.62,0.38,0.39,0.02,0.01,77656.39,1776827506000
1776827508.598,108.598,0.6,0.61,0.39,0.4,0.01,0.01,77656.39,1776827506000
1776827509.16,109.16,0.6,0.61,0.39,0.4,0.01,0.01,77656.04,1776827507000
1776827509.618,109.618,0.6,0.61,0.39,0.4,0.01,0.01,77653.13,1776827508000
1776827510.126,110.126,0.6,0.61,0.39,0.4,0.01,0.01,77653.13,1776827508000
1776827510.532,110.532,0.6,0.61,0.39,0.4,0.01,0.01,77649.9,1776827509000
1776827510.995,110.995,0.6,0.61,0.39,0.4,0.01,0.01,77649.9,1776827509000
1776827511.737,111.737,0.6,0.61,0.39,0.4,0.01,0.01,77649.58,1776827510000
1776827512.106,112.106,0.6,0.61,0.39,0.4,0.01,0.01,77649.58,1776827510000
1776827512.579,112.579,0.6,0.61,0.39,0.4,0.01,0.01,77649.69,1776827511000
1776827513.232,113.232,0.6,0.61,0.39,0.4,0.01,0.01,77649.69,1776827511000
1776827513.581,113.581,0.63,0.66,0.34,0.37,0.03,0.03,77651.11,1776827512000
1776827513.977,113.977,0.64,0.65,0.35,0.36,0.01,0.01,77651.11,1776827512000
1776827514.331,114.331,0.64,0.65,0.35,0.36,0.01,0.01,77651.11,1776827512000
1776827514.691,114.691,0.64,0.65,0.35,0.36,0.01,0.01,77653.84,1776827513000
1776827515.046,115.046,0.64,0.65,0.35,0.36,0.01,0.01,77653.84,1776827513000
1776827515.555,115.555,0.64,0.65,0.35,0.36,0.01,0.01,77657.35,1776827514000
1776827515.89,115.89,0.64,0.65,0.35,0.36,0.01,0.01,77657.35,1776827514000
1776827516.267,116.267,0.64,0.65,0.35,0.36,0.01,0.01,77657.35,1776827514000
1776827516.701,116.701,0.66,0.67,0.33,0.36,0.01,0.03,77658.81,1776827515000
1776827517.132,117.132,0.66,0.67,0.33,0.34,0.01,0.01,77658.81,1776827515000
1776827517.504,117.504,0.65,0.66,0.33,0.34,0.01,0.01,77658.88,1776827516000
1776827517.952,117.952,0.65,0.66,0.34,0.35,0.01,0.01,77658.89,1776827517000
1776827518.344,118.344,0.64,0.66,0.34,0.36,0.02,0.02,77658.89,1776827517000
1776827518.992,118.992,0.61,0.64,0.36,0.39,0.03,0.03,77658.45,1776827518000
1776827519.654,119.654,0.6,0.62,0.36,0.39,0.02,0.03,77658.45,1776827518000
1776827520.018,120.018,0.6,0.62,0.38,0.4,0.02,0.02,77658.45,1776827518000
1776827520.363,120.363,0.6,0.61,0.38,0.4,0.01,0.02,77652.89,1776827519000
1776827520.835,120.835,0.59,0.62,0.38,0.41,0.03,0.03,77652.89,1776827519000
1776827521.346,121.346,0.61,0.62,0.38,0.39,0.01,0.01,77654.25,1776827520000
1776827521.711,121.711,0.61,0.62,0.38,0.4,0.01,0.02,77654.25,1776827520000
1776827522.05,122.05,0.63,0.65,0.36,0.37,0.02,0.01,77654.25,1776827520000
1776827522.421,122.421,0.65,0.66,0.34,0.35,0.01,0.01,77655.62,1776827521000
1776827522.786,122.786,0.65,0.66,0.34,0.35,0.01,0.01,77655.62,1776827521000
1776827523.139,123.139,0.66,0.67,0.33,0.35,0.01,0.02,77656.49,1776827522000
1776827523.817,123.817,0.66,0.67,0.33,0.34,0.01,0.01,77656.49,1776827522000
1776827524.554,124.554,0.66,0.67,0.33,0.34,0.01,0.01,77657.72,1776827523000
1776827525.049,125.049,0.66,0.67,0.33,0.34,0.01,0.01,77657.72,1776827523000
1776827525.396,125.396,0.68,0.69,0.31,0.33,0.01,0.02,77659.62,1776827524000
1776827525.745,125.745,0.69,0.7,0.3,0.31,0.01,0.01,77659.62,1776827524000
1776827526.135,126.135,0.71,0.72,0.28,0.29,0.01,0.01,77659.62,1776827524000
1776827526.539,126.539,0.71,0.72,0.28,0.29,0.01,0.01,77660.1,1776827525000
1776827527.28,127.28,0.71,0.72,0.28,0.29,0.01,0.01,77660.1,1776827525000
1776827527.628,127.628,0.71,0.72,0.28,0.29,0.01,0.01,77669.53,1776827526000
1776827527.977,127.977,0.72,0.73,0.27,0.28,0.01,0.01,77670.02,1776827527000
1776827528.326,128.326,0.72,0.73,0.27,0.28,0.01,0.01,77670.02,1776827527000
1776827528.709,128.709,0.7,0.72,0.27,0.28,0.02,0.01,77670.02,1776827527000
1776827529.123,129.123,0.7,0.71,0.29,0.3,0.01,0.01,77670.02,1776827527000
1776827529.522,129.522,0.7,0.71,0.29,0.3,0.01,0.01,77670.53,1776827528000
1776827530.146,130.146,0.7,0.71,0.29,0.3,0.01,0.01,77670.53,1776827528000
1776827530.511,130.511,0.7,0.71,0.29,0.3,0.01,0.01,77670.53,1776827528000
1776827530.878,130.878,0.7,0.71,0.29,0.3,0.01,0.01,77670.53,1776827528000
1776827531.266,131.266,0.68,0.69,0.29,0.31,0.01,0.02,77670.5,1776827529000
1776827531.714,131.714,0.68,0.69,0.31,0.32,0.01,0.01,77670.5,1776827529000
1776827532.307,132.307,0.68,0.69,0.31,0.32,0.01,0.01,77670.5,1776827530000
1776827532.819,132.819,0.68,0.69,0.31,0.32,0.01,0.01,77670.48,1776827531000
1776827533.223,133.223,0.68,0.69,0.31,0.32,0.01,0.01,77670.48,1776827531000
1776827534.096,134.096,0.68,0.69,0.31,0.32,0.01,0.01,77670.05,1776827532000
1776827534.456,134.456,0.67,0.68,0.32,0.33,0.01,0.01,77665.54,1776827533000
1776827534.809,134.809,0.67,0.68,0.32,0.33,0.01,0.01,77665.54,1776827533000
1776827535.204,135.204,0.62,0.63,0.37,0.38,0.01,0.01,77665.54,1776827533000
1776827535.629,135.629,0.62,0.63,0.37,0.38,0.01,0.01,77665.54,1776827533000
1776827536.042,136.042,0.62,0.63,0.37,0.38,0.01,0.01,77664.91,1776827534000
1776827536.457,136.457,0.62,0.63,0.37,0.38,0.01,0.01,77664.91,1776827534000
1776827536.794,136.794,0.62,0.63,0.37,0.38,0.01,0.01,77664.9,1776827535000
1776827537.221,137.221,0.62,0.63,0.37,0.38,0.01,0.01,77658.28,1776827536000
1776827537.634,137.634,0.62,0.63,0.37,0.38,0.01,0.01,77658.28,1776827536000
1776827538.138,138.138,0.62,0.63,0.37,0.38,0.01,0.01,77658.28,1776827536000
1776827538.597,138.597,0.62,0.63,0.37,0.38,0.01,0.01,77658.28,1776827536000
1776827539.097,139.097,0.62,0.63,0.37,0.38,0.01,0.01,77657.84,1776827537000
1776827539.486,139.486,0.62,0.63,0.37,0.38,0.01,0.01,77657.33,1776827538000
1776827540.036,140.036,0.62,0.63,0.37,0.38,0.01,0.01,77657.33,1776827538000
1776827540.423,140.423,0.62,0.63,0.37,0.38,0.01,0.01,77657.33,1776827539000
1776827541.34,141.34,0.62,0.63,0.37,0.38,0.01,0.01,77657.33,1776827539000
1776827541.729,141.729,0.62,0.64,0.36,0.38,0.02,0.02,77657.21,1776827540000
1776827542.181,142.181,0.63,0.64,0.36,0.37,0.01,0.01,77657.21,1776827540000
1776827543.213,143.213,0.63,0.64,0.36,0.37,0.01,0.01,77656.86,1776827542000
1776827543.582,143.582,0.63,0.64,0.36,0.37,0.01,0.01,77656.86,1776827542000
1776827543.973,143.973,0.63,0.64,0.36,0.37,0.01,0.01,77656.86,1776827542000
1776827544.403,144.403,0.56,0.62,0.38,0.41,0.06,0.03,77656.86,1776827542000
1776827544.74,144.74,0.58,0.6,0.38,0.44,0.02,0.06,77656.62,1776827543000
1776827545.078,145.078,0.57,0.58,0.42,0.43,0.01,0.01,77656.62,1776827543000
1776827545.576,145.576,0.57,0.58,0.42,0.43,0.01,0.01,77655.82,1776827544000
1776827546.266,146.266,0.57,0.58,0.42,0.43,0.01,0.01,77650.92,1776827545000
1776827546.806,146.806,0.57,0.58,0.42,0.43,0.01,0.01,77650.92,1776827545000
1776827547.237,147.237,0.57,0.58,0.42,0.43,0.01,0.01,77650.92,1776827545000
1776827547.573,147.573,0.57,0.58,0.42,0.43,0.01,0.01,77650.92,1776827545000
1776827548.147,148.147,0.57,0.58,0.42,0.43,0.01,0.01,77650.15,1776827546000
1776827548.555,148.555,0.56,0.57,0.43,0.44,0.01,0.01,77650.15,1776827546000
1776827548.988,148.988,0.51,0.52,0.48,0.49,0.01,0.01,77650.15,1776827546000
1776827549.355,149.355,0.51,0.52,0.48,0.49,0.01,0.01,77636.45,1776827548000
1776827549.737,149.737,0.51,0.52,0.48,0.49,0.01,0.01,77636.45,1776827548000
1776827550.088,150.088,0.51,0.52,0.48,0.49,0.01,0.01,77632.56,1776827549000
1776827550.635,150.635,0.51,0.52,0.48,0.49,0.01,0.01,77632.56,1776827549000
1776827551.199,151.199,0.51,0.52,0.48,0.49,0.01,0.01,77631.63,1776827550000
1776827551.563,151.563,0.51,0.52,0.48,0.49,0.01,0.01,77631.63,1776827550000
1776827551.926,151.926,0.51,0.52,0.48,0.49,0.01,0.01,77631.63,1776827550000
1776827552.288,152.288,0.5,0.51,0.49,0.5,0.01,0.01,77632.07,1776827551000
1776827553.382,153.382,0.5,0.51,0.49,0.5,0.01,0.01,77632.26,1776827552000
1776827554.029,154.029,0.5,0.51,0.49,0.5,0.01,0.01,77632.05,1776827553000
1776827554.436,154.436,0.5,0.51,0.49,0.5,0.01,0.01,77632.05,1776827553000
1776827554.81,154.81,0.6,0.61,0.39,0.4,0.01,0.01,77632.05,1776827553000
1776827555.159,155.159,0.61,0.64,0.37,0.39,0.03,0.02,77649.25,1776827554000
1776827555.668,155.668,0.61,0.64,0.36,0.39,0.03,0.03,77649.25,1776827554000
1776827556.001,156.001,0.63,0.65,0.35,0.37,0.02,0.02,77649.25,1776827554000
1776827556.602,156.602,0.63,0.65,0.35,0.37,0.02,0.02,77651.54,1776827555000
1776827557.011,157.011,0.63,0.65,0.35,0.37,0.02,0.02,77651.54,1776827555000
1776827557.531,157.531,0.64,0.65,0.35,0.36,0.01,0.01,77651.75,1776827556000
1776827557.866,157.866,0.64,0.65,0.35,0.36,0.01,0.01,77651.75,1776827556000
1776827558.267,158.267,0.64,0.65,0.35,0.36,0.01,0.01,77651.96,1776827557000
1776827558.602,158.602,0.62,0.65,0.35,0.36,0.03,0.01,77651.96,1776827557000
1776827559.089,159.089,0.62,0.64,0.35,0.36,0.02,0.01,77651.96,1776827557000
1776827559.498,159.498,0.61,0.62,0.37,0.39,0.01,0.02,77651.99,1776827558000
1776827560.231,160.231,0.61,0.62,0.38,0.39,0.01,0.01,77651.99,1776827558000
1776827560.861,160.861,0.61,0.62,0.38,0.39,0.01,0.01,77652.73,1776827559000
1776827561.2,161.2,0.61,0.62,0.38,0.39,0.01,0.01,77652.18,1776827560000
1776827561.663,161.663,0.61,0.62,0.38,0.39,0.01,0.01,77652.18,1776827560000
1776827562.01,162.01,0.61,0.62,0.38,0.39,0.01,0.01,77652.12,1776827561000
1776827562.447,162.447,0.61,0.62,0.38,0.39,0.01,0.01,77652.12,1776827561000
1776827562.794,162.794,0.61,0.62,0.38,0.39,0.01,0.01,77652.12,1776827561000
1776827563.227,163.227,0.61,0.62,0.38,0.39,0.01,0.01,77652.12,1776827562000
1776827563.6,163.6,0.61,0.62,0.38,0.39,0.01,0.01,77652.12,1776827562000
1776827564.225,164.225,0.61,0.62,0.38,0.39,0.01,0.01,77652.12,1776827562000
1776827564.964,164.964,0.61,0.62,0.38,0.39,0.01,0.01,77651.76,1776827563000
1776827565.839,165.839,0.61,0.62,0.38,0.39,0.01,0.01,77651.76,1776827564000
1776827566.272,166.272,0.61,0.62,0.38,0.39,0.01,0.01,77651.76,1776827564000
1776827566.618,166.618,0.61,0.62,0.38,0.39,0.01,0.01,77651.76,1776827565000
1776827566.973,166.973,0.6,0.61,0.38,0.4,0.01,0.02,77651.76,1776827565000
1776827567.368,167.368,0.6,0.61,0.39,0.4,0.01,0.01,77651.76,1776827565000
1776827567.716,167.716,0.66,0.67,0.34,0.4,0.01,0.06,77651.77,1776827566000
1776827568.059,168.059,0.66,0.67,0.33,0.34,0.01,0.01,77651.71,1776827567000
1776827568.415,168.415,0.66,0.67,0.33,0.34,0.01,0.01,77651.71,1776827567000
1776827568.855,168.855,0.66,0.67,0.33,0.34,0.01,0.01,77651.71,1776827567000
1776827569.372,169.372,0.65,0.67,0.33,0.34,0.02,0.01,77649.96,1776827568000
1776827570.003,170.003,0.66,0.67,0.33,0.35,0.01,0.02,77649.96,1776827568000
1776827570.34,170.34,0.66,0.67,0.33,0.34,0.01,0.01,77649.96,1776827568000
1776827571.165,171.165,0.66,0.67,0.33,0.34,0.01,0.01,77651.24,1776827569000
1776827571.826,171.826,0.66,0.67,0.33,0.34,0.01,0.01,77651.26,1776827570000
1776827572.25,172.25,0.66,0.67,0.33,0.34,0.01,0.01,77651.26,1776827570000
1776827573.043,173.043,0.66,0.67,0.33,0.34,0.01,0.01,77652.32,1776827571000
1776827573.585,173.585,0.66,0.67,0.33,0.34,0.01,0.01,77652.57,1776827572000
1776827573.954,173.954,0.66,0.67,0.33,0.34,0.01,0.01,77652.57,1776827572000
1776827574.562,174.562,0.66,0.67,0.33,0.34,0.01,0.01,77652.38,1776827573000
1776827575.006,175.006,0.66,0.67,0.33,0.34,0.01,0.01,77652.38,1776827573000
1776827575.512,175.512,0.66,0.67,0.33,0.34,0.01,0.01,77651.59,1776827574000
1776827576.136,176.136,0.66,0.67,0.33,0.34,0.01,0.01,77651.6,1776827575000
1776827576.476,176.476,0.66,0.67,0.33,0.34,0.01,0.01,77651.6,1776827575000
1776827576.931,176.931,0.66,0.67,0.33,0.34,0.01,0.01,77651.6,1776827575000
1776827577.278,177.278,0.66,0.67,0.33,0.34,0.01,0.01,77651.6,1776827575000
1776827578.004,178.004,0.66,0.67,0.33,0.34,0.01,0.01,77650.97,1776827576000
1776827578.357,178.357,0.66,0.67,0.33,0.34,0.01,0.01,77651.1,1776827577000
1776827579.081,179.081,0.66,0.67,0.33,0.34,0.01,0.01,77651.26,1776827578000
1776827579.557,179.557,0.66,0.67,0.33,0.34,0.01,0.01,77651.26,1776827578000
1776827580.006,180.006,0.66,0.67,0.33,0.34,0.01,0.01,77651.26,1776827578000
1776827580.487,180.487,0.66,0.67,0.33,0.34,0.01,0.01,77651.28,1776827579000
1776827581.199,181.199,0.66,0.68,0.33,0.34,0.02,0.01,77651.28,1776827579000
1776827581.726,181.726,0.66,0.67,0.33,0.34,0.01,0.01,77651.9,1776827580000
1776827582.132,182.132,0.66,0.67,0.31,0.34,0.01,0.03,77651.9,1776827580000
1776827582.692,182.692,0.66,0.67,0.33,0.34,0.01,0.01,77651.91,1776827581000
1776827583.036,183.036,0.6,0.62,0.33,0.34,0.02,0.01,77650.14,1776827582000
1776827583.372,183.372,0.51,0.56,0.44,0.49,0.05,0.05,77650.14,1776827582000
1776827583.734,183.734,0.5,0.56,0.44,0.49,0.06,0.05,77650.14,1776827582000
1776827584.076,184.076,0.54,0.56,0.44,0.5,0.02,0.06,77650.14,1776827582000
1776827584.422,184.422,0.54,0.56,0.44,0.48,0.02,0.04,77634.66,1776827583000
1776827584.762,184.762,0.55,0.57,0.44,0.45,0.02,0.01,77634.66,1776827583000
1776827585.113,185.113,0.61,0.63,0.37,0.39,0.02,0.02,77634.66,1776827583000
1776827585.476,185.476,0.62,0.64,0.34,0.38,0.02,0.04,77632.79,1776827584000
1776827585.862,185.862,0.63,0.65,0.36,0.37,0.02,0.01,77632.79,1776827584000
1776827586.222,186.222,0.66,0.67,0.33,0.34,0.01,0.01,77632.79,1776827584000
1776827586.64,186.64,0.66,0.67,0.33,0.34,0.01,0.01,77636.1,1776827585000
1776827586.983,186.983,0.66,0.67,0.33,0.34,0.01,0.01,77636.1,1776827585000
1776827587.32,187.32,0.66,0.67,0.33,0.34,0.01,0.01,77644.7,1776827586000
1776827587.893,187.893,0.66,0.67,0.33,0.34,0.01,0.01,77644.7,1776827586000
1776827588.345,188.345,0.66,0.67,0.33,0.34,0.01,0.01,77644.7,1776827586000
1776827588.95,188.95,0.66,0.67,0.32,0.34,0.01,0.02,77645.4,1776827587000
1776827589.304,189.304,0.66,0.68,0.32,0.34,0.02,0.02,77645.36,1776827588000
1776827589.744,189.744,0.66,0.67,0.33,0.34,0.01,0.01,77645.36,1776827588000
1776827590.403,190.403,0.67,0.68,0.32,0.33,0.01,0.01,77645.44,1776827589000
1776827590.858,190.858,0.67,0.68,0.32,0.33,0.01,0.01,77645.44,1776827589000
1776827591.604,191.604,0.67,0.68,0.32,0.33,0.01,0.01,77647.47,1776827590000
1776827591.948,191.948,0.66,0.68,0.32,0.34,0.02,0.02,77647.47,1776827590000
1776827592.469,192.469,0.54,0.55,0.45,0.47,0.01,0.02,77645.83,1776827591000
1776827592.883,192.883,0.58,0.63,0.37,0.42,0.05,0.05,77645.83,1776827591000
1776827593.217,193.217,0.62,0.63,0.37,0.38,0.01,0.01,77645.83,1776827591000
1776827593.601,193.601,0.64,0.65,0.35,0.36,0.01,0.01,77645.83,1776827591000
1776827593.976,193.976,0.64,0.65,0.35,0.36,0.01,0.01,77641.56,1776827592000
1776827594.319,194.319,0.64,0.65,0.35,0.36,0.01,0.01,77641.56,1776827592000
1776827594.654,194.654,0.64,0.65,0.35,0.36,0.01,0.01,77639.76,1776827593000
1776827595.578,195.578,0.65,0.66,0.34,0.35,0.01,0.01,77644.81,1776827594000
1776827596.111,196.111,0.65,0.66,0.34,0.35,0.01,0.01,77644.81,1776827594000
1776827596.625,196.625,0.65,0.66,0.34,0.35,0.01,0.01,77645.04,1776827595000
1776827597.222,197.222,0.65,0.66,0.34,0.35,0.01,0.01,77645.19,1776827596000
1776827597.87,197.87,0.65,0.66,0.34,0.35,0.01,0.01,77645.19,1776827596000
1776827598.367,198.367,0.65,0.66,0.34,0.36,0.01,0.02,77645.13,1776827597000
1776827599.3,199.3,0.65,0.66,0.34,0.35,0.01,0.01,77645.13,1776827597000
1776827599.698,199.698,0.65,0.66,0.34,0.35,0.01,0.01,77645.13,1776827597000
1776827600.037,200.037,0.65,0.67,0.33,0.35,0.02,0.02,77644.61,1776827598000
1776827600.503,200.503,0.65,0.67,0.33,0.35,0.02,0.02,77644.54,1776827599000
1776827601.015,201.015,0.66,0.67,0.33,0.34,0.01,0.01,77644.54,1776827599000
1776827601.784,201.784,0.66,0.67,0.33,0.34,0.01,0.01,77644.44,1776827600000
1776827602.543,202.543,0.66,0.67,0.33,0.34,0.01,0.01,77645.09,1776827601000
1776827603.064,203.064,0.66,0.67,0.33,0.34,0.01,0.01,77645.09,1776827601000
1776827603.457,203.457,0.66,0.67,0.33,0.34,0.01,0.01,77645.16,1776827602000
1776827604.062,204.062,0.66,0.67,0.33,0.34,0.01,0.01,77645.14,1776827603000
1776827604.415,204.415,0.66,0.67,0.33,0.34,0.01,0.01,77645.14,1776827603000
1776827605.229,205.229,0.66,0.67,0.33,0.34,0.01,0.01,77645.14,1776827603000
1776827605.632,205.632,0.66,0.67,0.33,0.34,0.01,0.01,77645.02,1776827604000
1776827605.97,205.97,0.66,0.67,0.33,0.34,0.01,0.01,77645.02,1776827604000
1776827606.646,206.646,0.66,0.67,0.33,0.34,0.01,0.01,77645.02,1776827605000
1776827607.02,207.02,0.66,0.67,0.33,0.34,0.01,0.01,77645.02,1776827605000
1776827607.679,207.679,0.66,0.67,0.33,0.34,0.01,0.01,77644.81,1776827606000
1776827608.021,208.021,0.63,0.67,0.33,0.37,0.04,0.04,77644.81,1776827606000
1776827608.36,208.36,0.63,0.67,0.33,0.37,0.04,0.04,77644.61,1776827607000
1776827608.858,208.858,0.66,0.67,0.33,0.37,0.01,0.04,77644.61,1776827607000
1776827609.236,209.236,0.64,0.65,0.35,0.37,0.01,0.02,77644.4,1776827608000
1776827609.704,209.704,0.64,0.65,0.35,0.36,0.01,0.01,77644.4,1776827608000
1776827610.079,210.079,0.64,0.65,0.35,0.36,0.01,0.01,77644.4,1776827608000
1776827610.489,210.489,0.63,0.64,0.36,0.37,0.01,0.01,77643.8,1776827609000
1776827611.204,211.204,0.63,0.64,0.36,0.37,0.01,0.01,77644.33,1776827610000
1776827611.912,211.912,0.63,0.64,0.36,0.37,0.01,0.01,77644.33,1776827610000
1776827612.541,212.541,0.63,0.64,0.36,0.37,0.01,0.01,77644.33,1776827610000
1776827613.031,213.031,0.63,0.64,0.36,0.37,0.01,0.01,77644.33,1776827610000
1776827614.197,214.197,0.63,0.64,0.36,0.37,0.01,0.01,77644.33,1776827613000
1776827615.035,215.035,0.63,0.64,0.36,0.37,0.01,0.01,77644.33,1776827613000
1776827615.382,215.382,0.63,0.64,0.36,0.37,0.01,0.01,77643.93,1776827614000
1776827616.059,216.059,0.63,0.64,0.36,0.37,0.01,0.01,77643.93,1776827614000
1776827616.451,216.451,0.65,0.66,0.34,0.35,0.01,0.01,77643.93,1776827615000
1776827617.053,217.053,0.65,0.66,0.34,0.35,0.01,0.01,77644.53,1776827616000
1776827617.593,217.593,0.65,0.67,0.34,0.35,0.02,0.01,77644.53,1776827616000
1776827618.007,218.007,0.65,0.67,0.33,0.35,0.02,0.02,77644.5,1776827617000
1776827618.969,218.969,0.66,0.67,0.33,0.34,0.01,0.01,77644.48,1776827618000
1776827619.678,219.678,0.66,0.67,0.33,0.34,0.01,0.01,77644.48,1776827618000
1776827620.062,220.062,0.66,0.67,0.33,0.34,0.01,0.01,77644.67,1776827619000
1776827620.561,220.561,0.67,0.68,0.32,0.33,0.01,0.01,77644.67,1776827619000
1776827621.14,221.14,0.67,0.69,0.31,0.33,0.02,0.02,77644.92,1776827620000
1776827622.163,222.163,0.67,0.69,0.31,0.33,0.02,0.02,77644.97,1776827621000
1776827622.854,222.854,0.68,0.69,0.31,0.32,0.01,0.01,77644.97,1776827621000
1776827623.198,223.198,0.68,0.69,0.31,0.32,0.01,0.01,77645.11,1776827622000
1776827624.145,224.145,0.68,0.69,0.31,0.32,0.01,0.01,77645.11,1776827623000
1776827624.557,224.557,0.68,0.69,0.31,0.32,0.01,0.01,77645.11,1776827623000
1776827624.931,224.931,0.68,0.69,0.31,0.32,0.01,0.01,77645.11,1776827623000
1776827625.774,225.774,0.68,0.69,0.31,0.32,0.01,0.01,77645.07,1776827624000
1776827626.481,226.481,0.65,0.66,0.34,0.35,0.01,0.01,77644.1,1776827625000
1776827626.842,226.842,0.55,0.6,0.4,0.45,0.05,0.05,77644.1,1776827625000
1776827627.185,227.185,0.5,0.58,0.42,0.5,0.08,0.08,77629.32,1776827626000
1776827627.558,227.558,0.49,0.55,0.47,0.51,0.06,0.04,77629.32,1776827626000
1776827627.914,227.914,0.47,0.55,0.46,0.53,0.08,0.07,77629.32,1776827626000
1776827628.249,228.249,0.46,0.47,0.51,0.54,0.01,0.03,77618.62,1776827627000
1776827628.591,228.591,0.46,0.49,0.51,0.54,0.03,0.03,77618.62,1776827627000
1776827629.126,229.126,0.46,0.49,0.51,0.54,0.03,0.03,77612.18,1776827628000
1776827629.461,229.461,0.46,0.48,0.52,0.54,0.02,0.02,77612.18,1776827628000
1776827629.864,229.864,0.46,0.48,0.52,0.54,0.02,0.02,77612.18,1776827628000
1776827630.566,230.566,0.48,0.49,0.52,0.54,0.01,0.02,77598.61,1776827629000
1776827630.933,230.933,0.46,0.49,0.51,0.54,0.03,0.03,77598.61,1776827629000
1776827631.372,231.372,0.46,0.48,0.52,0.54,0.02,0.02,77598.61,1776827629000
1776827631.759,231.759,0.46,0.48,0.52,0.54,0.02,0.02,77573.91,1776827630000
1776827632.129,232.129,0.46,0.48,0.52,0.54,0.02,0.02,77573.91,1776827630000
1776827632.495,232.495,0.45,0.48,0.52,0.54,0.03,0.02,77573.91,1776827630000
1776827632.9,232.9,0.41,0.46,0.54,0.59,0.05,0.05,77570.62,1776827631000
1776827633.247,233.247,0.4,0.44,0.54,0.6,0.04,0.06,77570.62,1776827631000
1776827633.626,233.626,0.35,0.44,0.56,0.65,0.09,0.09,77570.62,1776827631000
1776827633.99,233.99,0.32,0.44,0.56,0.68,0.12,0.12,77566.03,1776827632000
1776827634.36,234.36,0.25,0.44,0.6,0.75,0.19,0.15,77566.03,1776827632000
1776827634.999,234.999,0.36,0.41,0.59,0.64,0.05,0.05,77564.4,1776827633000
1776827635.347,235.347,0.36,0.37,0.63,0.64,0.01,0.01,77564.4,1776827633000
1776827635.682,235.682,0.36,0.4,0.6,0.64,0.04,0.04,77562.89,1776827634000
1776827636.043,236.043,0.32,0.37,0.63,0.68,0.05,0.05,77562.89,1776827634000
1776827636.488,236.488,0.15,0.17,0.66,0.85,0.02,0.19,77562.89,1776827634000
1776827636.833,236.833,0.15,0.2,0.78,0.84,0.05,0.06,77563.7,1776827635000
1776827637.194,237.194,0.16,0.18,0.82,0.84,0.02,0.02,77563.57,1776827636000
1776827637.632,237.632,0.14,0.17,0.82,0.84,0.03,0.02,77563.57,1776827636000
1776827637.966,237.966,0.14,0.17,0.83,0.86,0.03,0.03,77563.57,1776827636000
1776827638.32,238.32,0.15,0.18,0.82,0.84,0.03,0.02,77563.57,1776827636000
1776827638.724,238.724,0.15,0.18,0.82,0.85,0.03,0.03,77559.75,1776827637000
1776827639.104,239.104,0.15,0.18,0.82,0.85,0.03,0.03,77559.75,1776827637000
1776827639.745,239.745,0.15,0.16,0.84,0.85,0.01,0.01,77560.3,1776827638000
1776827640.267,240.267,0.15,0.16,0.84,0.85,0.01,0.01,77560.54,1776827639000
1776827640.963,240.963,0.16,0.23,0.83,0.88,0.07,0.05,77560.54,1776827639000
1776827641.33,241.33,0.16,0.17,0.83,0.84,0.01,0.01,77560.54,1776827639000
1776827641.756,241.756,0.16,0.17,0.83,0.84,0.01,0.01,77560.31,1776827640000
1776827642.142,242.142,0.21,0.26,0.76,0.84,0.05,0.08,77560.31,1776827640000
1776827642.498,242.498,0.19,0.23,0.81,0.82,0.04,0.01,77560.31,1776827640000
1776827642.91,242.91,0.19,0.26,0.74,0.81,0.07,0.07,77560.59,1776827641000
1776827643.244,243.244,0.14,0.15,0.74,0.85,0.01,0.11,77560.59,1776827641000
1776827643.6,243.6,0.1,0.13,0.84,0.9,0.03,0.06,77560.59,1776827641000
1776827643.934,243.934,0.16,0.2,0.8,0.83,0.04,0.03,77560.59,1776827641000
1776827644.268,244.268,0.16,0.22,0.78,0.84,0.06,0.06,77561.18,1776827642000
1776827644.687,244.687,0.18,0.19,0.83,0.85,0.01,0.02,77565.7,1776827643000
1776827645.022,245.022,0.19,0.2,0.8,0.81,0.01,0.01,77565.7,1776827643000
1776827645.405,245.405,0.19,0.2,0.8,0.81,0.01,0.01,77565.7,1776827643000
1776827645.998,245.998,0.19,0.2,0.8,0.81,0.01,0.01,77567.06,1776827645000
1776827646.84,246.84,0.19,0.2,0.8,0.81,0.01,0.01,77567.06,1776827645000
1776827647.209,247.209,0.19,0.2,0.8,0.81,0.01,0.01,77567.33,1776827646000
1776827647.726,247.726,0.18,0.2,0.8,0.81,0.02,0.01,77567.33,1776827646000
1776827648.221,248.221,0.18,0.2,0.8,0.82,0.02,0.02,77565.29,1776827647000
1776827648.726,248.726,0.18,0.2,0.8,0.82,0.02,0.02,77565.29,1776827647000
1776827649.145,249.145,0.18,0.2,0.8,0.82,0.02,0.02,77565.29,1776827647000
1776827649.619,249.619,0.18,0.2,0.8,0.82,0.02,0.02,77560.73,1776827648000
1776827649.964,249.964,0.13,0.2,0.8,0.85,0.07,0.05,77560.73,1776827648000
1776827650.339,250.339,0.19,0.2,0.8,0.81,0.01,0.01,77560.32,1776827649000
1776827650.707,250.707,0.15,0.19,0.82,0.87,0.04,0.05,77560.32,1776827649000
1776827651.045,251.045,0.1,0.14,0.8,0.87,0.04,0.07,77600.16,1776827650000
1776827651.503,251.503,0.15,0.19,0.85,0.9,0.04,0.05,77600.16,1776827650000
1776827651.887,251.887,0.18,0.2,0.8,0.82,0.02,0.02,77600.16,1776827650000
1776827652.221,252.221,0.25,0.34,0.66,0.75,0.09,0.09,77611.06,1776827651000
1776827652.561,252.561,0.25,0.39,0.61,0.75,0.14,0.14,77611.06,1776827651000
1776827652.895,252.895,0.35,0.39,0.61,0.68,0.04,0.07,77611.06,1776827651000
1776827653.232,253.232,0.37,0.41,0.59,0.63,0.04,0.04,77611.06,1776827651000
1776827653.619,253.619,0.37,0.4,0.6,0.63,0.03,0.03,77611.45,1776827652000
1776827654.025,254.025,0.38,0.4,0.6,0.62,0.02,0.02,77611.16,1776827653000
1776827654.544,254.544,0.38,0.4,0.6,0.63,0.02,0.03,77611.16,1776827653000
1776827655.037,255.037,0.38,0.4,0.6,0.62,0.02,0.02,77611.16,1776827653000
1776827655.461,255.461,0.37,0.4,0.6,0.63,0.03,0.03,77610.67,1776827654000
1776827655.863,255.863,0.37,0.4,0.6,0.63,0.03,0.03,77610.67,1776827654000
1776827656.242,256.242,0.37,0.39,0.61,0.63,0.02,0.02,77610.67,1776827654000
1776827656.737,256.737,0.37,0.39,0.61,0.63,0.02,0.02,77610.77,1776827655000
1776827657.139,257.139,0.37,0.39,0.61,0.63,0.02,0.02,77610.77,1776827655000
1776827657.536,257.536,0.37,0.39,0.61,0.63,0.02,0.02,77610.77,1776827655000
1776827657.877,257.877,0.38,0.39,0.61,0.62,0.01,0.01,77609.29,1776827656000
1776827658.318,258.318,0.38,0.39,0.6,0.62,0.01,0.02,77609.29,1776827656000
1776827658.768,258.768,0.38,0.39,0.61,0.62,0.01,0.01,77609.29,1776827656000
1776827659.191,259.191,0.38,0.39,0.61,0.62,0.01,0.01,77610.75,1776827657000
1776827659.63,259.63,0.38,0.39,0.61,0.62,0.01,0.01,77610.75,1776827658000
1776827659.965,259.965,0.37,0.39,0.61,0.63,0.02,0.02,77610.75,1776827658000
1776827660.321,260.321,0.37,0.39,0.61,0.63,0.02,0.02,77610.75,1776827658000
1776827660.717,260.717,0.39,0.4,0.6,0.61,0.01,0.01,77610.7,1776827659000
1776827661.076,261.076,0.37,0.4,0.6,0.63,0.03,0.03,77610.7,1776827659000
1776827661.409,261.409,0.38,0.39,0.61,0.62,0.01,0.01,77610.95,1776827660000
1776827661.754,261.754,0.38,0.39,0.61,0.62,0.01,0.01,77610.95,1776827660000
1776827662.297,262.297,0.41,0.42,0.58,0.59,0.01,0.01,77611.22,1776827661000
1776827662.639,262.639,0.41,0.42,0.58,0.59,0.01,0.01,77611.22,1776827661000
1776827662.976,262.976,0.42,0.43,0.57,0.58,0.01,0.01,77611.22,1776827661000
1776827663.467,263.467,0.42,0.43,0.57,0.58,0.01,0.01,77611.52,1776827662000
1776827663.809,263.809,0.42,0.43,0.57,0.58,0.01,0.01,77611.52,1776827662000
1776827664.287,264.287,0.42,0.43,0.57,0.58,0.01,0.01,77612.34,1776827663000
1776827664.967,264.967,0.42,0.43,0.57,0.58,0.01,0.01,77612.82,1776827664000
1776827665.963,265.963,0.42,0.43,0.57,0.58,0.01,0.01,77612.82,1776827664000
1776827666.567,266.567,0.42,0.43,0.57,0.58,0.01,0.01,77612.33,1776827665000
1776827666.993,266.993,0.42,0.43,0.57,0.58,0.01,0.01,77611.14,1776827666000
1776827667.349,267.349,0.42,0.43,0.57,0.58,0.01,0.01,77611.14,1776827666000
1776827667.966,267.966,0.42,0.43,0.57,0.58,0.01,0.01,77611.14,1776827666000
1776827668.384,268.384,0.42,0.43,0.57,0.58,0.01,0.01,77611.65,1776827667000
1776827668.731,268.731,0.42,0.43,0.57,0.58,0.01,0.01,77611.65,1776827667000
1776827669.123,269.123,0.42,0.43,0.57,0.58,0.01,0.01,77616.77,1776827668000
1776827669.489,269.489,0.43,0.44,0.56,0.57,0.01,0.01,77616.77,1776827668000
1776827669.834,269.834,0.43,0.49,0.52,0.57,0.06,0.05,77616.77,1776827668000
1776827670.171,270.171,0.48,0.5,0.51,0.52,0.02,0.01,77619.14,1776827669000
1776827670.588,270.588,0.48,0.56,0.45,0.52,0.08,0.07,77619.14,1776827669000
1776827670.946,270.946,0.49,0.51,0.49,0.51,0.02,0.02,77619.14,1776827669000
1776827671.29,271.29,0.41,0.42,0.55,0.57,0.01,0.02,77626.29,1776827670000
1776827671.648,271.648,0.41,0.43,0.57,0.59,0.02,0.02,77626.29,1776827670000
1776827671.996,271.996,0.42,0.43,0.57,0.58,0.01,0.01,77626.29,1776827670000
1776827672.338,272.338,0.42,0.43,0.57,0.58,0.01,0.01,77626.29,1776827671000
1776827672.77,272.77,0.38,0.39,0.6,0.62,0.01,0.02,77626.29,1776827671000
1776827673.108,273.108,0.38,0.39,0.61,0.62,0.01,0.01,77626.29,1776827671000
1776827673.479,273.479,0.37,0.38,0.62,0.63,0.01,0.01,77614.11,1776827672000
1776827674.004,274.004,0.37,0.38,0.62,0.63,0.01,0.01,77613.22,1776827673000
1776827674.38,274.38,0.37,0.38,0.62,0.63,0.01,0.01,77613.22,1776827673000
1776827674.713,274.713,0.37,0.38,0.62,0.63,0.01,0.01,77613.22,1776827673000
1776827675.116,275.116,0.37,0.39,0.61,0.63,0.02,0.02,77613.22,1776827673000
1776827675.478,275.478,0.37,0.39,0.61,0.63,0.02,0.02,77613.22,1776827673000
1776827675.94,275.94,0.37,0.38,0.61,0.63,0.01,0.02,77611.62,1776827674000
1776827676.421,276.421,0.37,0.38,0.62,0.63,0.01,0.01,77611.62,1776827674000
1776827676.923,276.923,0.37,0.38,0.62,0.63,0.01,0.01,77610.27,1776827675000
1776827677.319,277.319,0.37,0.38,0.62,0.63,0.01,0.01,77607.05,1776827676000
1776827677.657,277.657,0.36,0.38,0.62,0.64,0.02,0.02,77607.05,1776827676000
1776827678.127,278.127,0.32,0.36,0.64,0.67,0.04,0.03,77607.05,1776827676000
1776827678.509,278.509,0.31,0.33,0.64,0.69,0.02,0.05,77602.86,1776827677000
1776827678.858,278.858,0.31,0.33,0.67,0.69,0.02,0.02,77602.86,1776827677000
1776827679.591,279.591,0.3,0.32,0.68,0.7,0.02,0.02,77602.11,1776827678000
1776827679.935,279.935,0.2,0.25,0.75,0.8,0.05,0.05,77602.11,1776827678000
1776827680.569,280.569,0.2,0.28,0.75,0.8,0.08,0.05,77601.98,1776827679000
1776827680.926,280.926,0.21,0.24,0.74,0.77,0.03,0.03,77601.98,1776827679000
1776827681.273,281.273,0.22,0.24,0.76,0.78,0.02,0.02,77591.0,1776827680000
1776827681.61,281.61,0.19,0.23,0.77,0.81,0.04,0.04,77591.0,1776827680000
1776827681.955,281.955,0.19,0.2,0.8,0.81,0.01,0.01,77591.0,1776827680000
1776827682.3,282.3,0.18,0.2,0.8,0.81,0.02,0.01,77586.04,1776827681000
1776827682.65,282.65,0.26,0.27,0.73,0.81,0.01,0.08,77586.04,1776827681000
1776827682.991,282.991,0.31,0.48,0.56,0.7,0.17,0.14,77586.04,1776827681000
1776827683.345,283.345,0.31,0.59,0.48,0.69,0.28,0.21,77586.81,1776827682000
1776827683.687,283.687,0.35,0.45,0.55,0.69,0.1,0.14,77586.81,1776827682000
1776827684.035,284.035,0.53,0.59,0.41,0.47,0.06,0.06,77586.81,1776827682000
1776827684.456,284.456,0.53,0.54,0.46,0.47,0.01,0.01,77607.18,1776827683000
1776827684.916,284.916,0.53,0.54,0.46,0.47,0.01,0.01,77607.18,1776827683000
1776827685.378,285.378,0.51,0.54,0.46,0.47,0.03,0.01,77613.83,1776827684000
1776827685.749,285.749,0.51,0.52,0.48,0.49,0.01,0.01,77613.83,1776827684000
1776827686.085,286.085,0.51,0.52,0.48,0.49,0.01,0.01,77613.83,1776827684000
1776827686.501,286.501,0.48,0.54,0.48,0.52,0.06,0.04,77613.83,1776827684000
1776827686.843,286.843,0.41,0.59,0.41,0.58,0.18,0.17,77613.83,1776827684000
1776827687.367,287.367,0.55,0.59,0.41,0.59,0.04,0.18,77616.04,1776827685000
1776827687.702,287.702,0.56,0.59,0.41,0.44,0.03,0.03,77616.04,1776827685000
1776827688.056,288.056,0.58,0.59,0.41,0.42,0.01,0.01,77617.31,1776827686000
1776827688.501,288.501,0.58,0.65,0.41,0.42,0.07,0.01,77617.31,1776827686000
1776827688.839,288.839,0.74,0.8,0.2,0.26,0.06,0.06,77618.95,1776827687000
1776827689.198,289.198,0.74,0.75,0.25,0.26,0.01,0.01,77618.95,1776827687000
1776827689.561,289.561,0.7,0.75,0.25,0.3,0.05,0.05,77618.95,1776827687000
1776827689.922,289.922,0.74,0.75,0.25,0.26,0.01,0.01,77618.44,1776827688000
1776827690.354,290.354,0.74,0.75,0.25,0.26,0.01,0.01,77618.44,1776827688000
1776827690.694,290.694,0.75,0.76,0.24,0.25,0.01,0.01,77621.88,1776827689000
1776827691.131,291.131,0.76,0.77,0.23,0.25,0.01,0.02,77621.88,1776827689000
1776827691.483,291.483,0.78,0.8,0.2,0.23,0.02,0.03,77621.88,1776827689000
1776827691.883,291.883,0.79,0.8,0.2,0.21,0.01,0.01,77626.67,1776827690000
1776827692.31,292.31,0.78,0.79,0.2,0.22,0.01,0.02,77626.67,1776827690000
1776827692.745,292.745,0.78,0.79,0.21,0.22,0.01,0.01,77627.07,1776827691000
1776827693.226,293.226,0.77,0.78,0.21,0.22,0.01,0.01,77627.07,1776827691000
1776827693.692,293.692,0.77,0.78,0.22,0.23,0.01,0.01,77627.49,1776827692000
1776827694.133,294.133,0.58,0.79,0.21,0.26,0.21,0.05,77627.49,1776827692000
1776827694.468,294.468,0.77,0.79,0.21,0.23,0.02,0.02,77627.49,1776827692000
1776827694.971,294.971,0.77,0.78,0.22,0.23,0.01,0.01,77626.1,1776827694000
1776827695.312,295.312,0.77,0.78,0.22,0.23,0.01,0.01,77626.1,1776827694000
1776827695.901,295.901,0.77,0.78,0.22,0.23,0.01,0.01,77626.1,1776827694000
1776827696.315,296.315,0.77,0.83,0.2,0.23,0.06,0.03,77626.2,1776827695000
1776827696.681,296.681,0.77,0.78,0.22,0.23,0.01,0.01,77626.2,1776827695000
1776827697.027,297.027,0.76,0.78,0.22,0.24,0.02,0.02,77626.08,1776827696000
1776827697.398,297.398,0.79,0.88,0.12,0.21,0.09,0.09,77626.08,1776827696000
1776827697.76,297.76,0.9,0.91,0.02,0.12,0.01,0.1,77626.08,1776827696000
1776827698.104,298.104,0.86,0.88,0.11,0.14,0.02,0.03,77626.08,1776827696000
1776827698.439,298.439,0.87,0.88,0.12,0.13,0.01,0.01,77626.08,1776827696000
1776827698.786,298.786,0.91,0.92,0.07,0.11,0.01,0.04,77624.31,1776827697000
1776827699.169,299.169,0.95,0.98,0.05,0.07,0.03,0.02,77624.31,1776827697000
1776827699.508,299.508,0.99,0.85,0.15,0.01,-0.14,-0.14,77623.87,1776827698000
1776827699.858,299.858,0.99,0.85,0.15,0.01,-0.14,-0.14,77623.87,1776827698000
1776827700.296,300.296,0.99,0.85,0.15,0.01,-0.14,-0.14,77623.87,1776827698000
1776827700.647,300.647,0.99,0.85,0.15,0.01,-0.14,-0.14,77623.36,1776827699000

# RESULT,winner=Up,slug=btc-updown-5m-1776827400,ticks=667
