timestamp,elapsed_sec,up_bid,up_ask,down_bid,down_ask,up_spread,down_spread,btc_price,btc_oracle_ts
1776730500.504,0.504,0.46,0.49,0.51,0.54,0.03,0.03,75898.54,1776730499000
1776730500.879,0.879,0.45,0.46,0.54,0.55,0.01,0.01,75898.54,1776730499000
1776730501.219,1.219,0.45,0.46,0.54,0.55,0.01,0.01,75898.54,1776730499000
1776730501.705,1.705,0.45,0.46,0.54,0.55,0.01,0.01,75898.48,1776730500000
1776730502.154,2.154,0.45,0.46,0.54,0.55,0.01,0.01,75898.4,1776730501000
1776730502.536,2.536,0.45,0.46,0.54,0.55,0.01,0.01,75898.4,1776730501000
1776730502.893,2.893,0.41,0.46,0.54,0.55,0.05,0.01,75898.4,1776730501000
1776730503.544,3.544,0.44,0.46,0.54,0.59,0.02,0.05,75898.4,1776730501000
1776730503.902,3.902,0.41,0.43,0.57,0.59,0.02,0.02,75888.87,1776730502000
1776730504.361,4.361,0.42,0.43,0.57,0.58,0.01,0.01,75888.87,1776730502000
1776730504.833,4.833,0.39,0.41,0.59,0.61,0.02,0.02,75883.39,1776730503000
1776730505.185,5.185,0.36,0.41,0.59,0.62,0.05,0.03,75879.49,1776730504000
1776730505.528,5.528,0.38,0.4,0.6,0.62,0.02,0.02,75879.49,1776730504000
1776730505.919,5.919,0.36,0.37,0.63,0.64,0.01,0.01,75879.49,1776730504000
1776730506.255,6.255,0.36,0.37,0.63,0.64,0.01,0.01,75879.49,1776730504000
1776730506.597,6.597,0.39,0.42,0.6,0.62,0.03,0.02,75879.49,1776730504000
1776730506.933,6.933,0.46,0.49,0.51,0.54,0.03,0.03,75876.99,1776730505000
1776730507.29,7.29,0.48,0.49,0.51,0.53,0.01,0.02,75876.99,1776730505000
1776730507.631,7.631,0.48,0.49,0.51,0.52,0.01,0.01,75874.18,1776730506000
1776730508.042,8.042,0.48,0.49,0.51,0.52,0.01,0.01,75874.18,1776730506000
1776730508.628,8.628,0.47,0.48,0.52,0.53,0.01,0.01,75874.18,1776730506000
1776730508.993,8.993,0.43,0.44,0.56,0.57,0.01,0.01,75880.72,1776730507000
1776730509.337,9.337,0.4,0.42,0.57,0.59,0.02,0.02,75880.72,1776730507000
1776730509.697,9.697,0.37,0.41,0.59,0.6,0.04,0.01,75886.64,1776730508000
1776730510.468,10.468,0.36,0.37,0.62,0.64,0.01,0.02,75886.64,1776730508000
1776730511.088,11.088,0.36,0.37,0.63,0.64,0.01,0.01,75885.16,1776730509000
1776730511.523,11.523,0.36,0.37,0.63,0.64,0.01,0.01,75885.16,1776730509000
1776730511.959,11.959,0.36,0.37,0.63,0.64,0.01,0.01,75877.02,1776730510000
1776730512.3,12.3,0.36,0.37,0.63,0.64,0.01,0.01,75873.31,1776730511000
1776730512.65,12.65,0.38,0.39,0.61,0.62,0.01,0.01,75873.31,1776730511000
1776730513.001,13.001,0.38,0.39,0.61,0.62,0.01,0.01,75873.12,1776730512000
1776730513.464,13.464,0.38,0.39,0.61,0.62,0.01,0.01,75873.12,1776730512000
1776730513.801,13.801,0.38,0.39,0.61,0.62,0.01,0.01,75873.12,1776730512000
1776730514.291,14.291,0.38,0.39,0.61,0.62,0.01,0.01,75873.14,1776730513000
1776730514.868,14.868,0.38,0.39,0.61,0.62,0.01,0.01,75873.14,1776730513000
1776730515.213,15.213,0.38,0.39,0.61,0.62,0.01,0.01,75873.14,1776730513000
1776730515.89,15.89,0.38,0.39,0.61,0.62,0.01,0.01,75876.17,1776730514000
1776730516.239,16.239,0.38,0.39,0.61,0.62,0.01,0.01,75876.17,1776730514000
1776730516.595,16.595,0.38,0.39,0.61,0.62,0.01,0.01,75875.83,1776730515000
1776730516.931,16.931,0.38,0.39,0.6,0.62,0.01,0.02,75875.83,1776730515000
1776730517.366,17.366,0.39,0.41,0.6,0.61,0.02,0.01,75875.83,1776730515000
1776730518.174,18.174,0.39,0.4,0.59,0.61,0.01,0.02,75876.14,1776730516000
1776730518.526,18.526,0.41,0.43,0.58,0.6,0.02,0.02,75876.44,1776730517000
1776730519.021,19.021,0.42,0.43,0.58,0.59,0.01,0.01,75876.44,1776730517000
1776730519.43,19.43,0.42,0.43,0.57,0.58,0.01,0.01,75876.44,1776730517000
1776730519.945,19.945,0.42,0.43,0.57,0.58,0.01,0.01,75877.32,1776730518000
1776730520.295,20.295,0.42,0.43,0.57,0.58,0.01,0.01,75878.52,1776730519000
1776730520.864,20.864,0.41,0.42,0.58,0.59,0.01,0.01,75878.52,1776730519000
1776730521.913,21.913,0.41,0.42,0.58,0.59,0.01,0.01,75879.82,1776730520000
1776730523.196,23.196,0.41,0.42,0.58,0.59,0.01,0.01,75882.0,1776730522000
1776730523.673,23.673,0.41,0.42,0.58,0.59,0.01,0.01,75882.0,1776730522000
1776730524.075,24.075,0.41,0.42,0.58,0.59,0.01,0.01,75882.0,1776730522000
1776730524.442,24.442,0.45,0.49,0.51,0.59,0.04,0.08,75884.66,1776730523000
1776730524.783,24.783,0.46,0.49,0.51,0.54,0.03,0.03,75884.66,1776730523000
1776730525.225,25.225,0.42,0.43,0.53,0.59,0.01,0.06,75884.66,1776730523000
1776730525.571,25.571,0.42,0.43,0.57,0.58,0.01,0.01,75881.16,1776730524000
1776730525.909,25.909,0.41,0.42,0.58,0.59,0.01,0.01,75881.16,1776730524000
1776730526.279,26.279,0.39,0.4,0.59,0.62,0.01,0.03,75881.16,1776730524000
1776730526.673,26.673,0.39,0.4,0.6,0.61,0.01,0.01,75878.84,1776730525000
1776730527.317,27.317,0.39,0.4,0.6,0.61,0.01,0.01,75877.48,1776730526000
1776730527.82,27.82,0.39,0.4,0.6,0.61,0.01,0.01,75877.48,1776730526000
1776730528.466,28.466,0.39,0.4,0.6,0.61,0.01,0.01,75877.07,1776730527000
1776730528.89,28.89,0.39,0.4,0.6,0.61,0.01,0.01,75877.05,1776730528000
1776730529.232,29.232,0.4,0.41,0.59,0.61,0.01,0.02,75877.05,1776730528000
1776730529.946,29.946,0.4,0.41,0.59,0.6,0.01,0.01,75875.41,1776730529000
1776730530.988,30.988,0.4,0.41,0.59,0.6,0.01,0.01,75876.02,1776730530000
1776730531.37,31.37,0.4,0.41,0.59,0.6,0.01,0.01,75876.02,1776730530000
1776730531.725,31.725,0.4,0.42,0.58,0.6,0.02,0.02,75876.02,1776730530000
1776730532.113,32.113,0.4,0.41,0.58,0.6,0.01,0.02,75880.29,1776730531000
1776730532.492,32.492,0.43,0.44,0.55,0.57,0.01,0.02,75880.29,1776730531000
1776730532.93,32.93,0.45,0.46,0.54,0.56,0.01,0.02,75880.29,1776730531000
1776730533.281,33.281,0.45,0.46,0.54,0.55,0.01,0.01,75881.1,1776730532000
1776730533.619,33.619,0.48,0.49,0.51,0.53,0.01,0.02,75881.1,1776730532000
1776730534.295,34.295,0.48,0.49,0.51,0.52,0.01,0.01,75882.17,1776730533000
1776730534.639,34.639,0.48,0.49,0.51,0.52,0.01,0.01,75882.17,1776730533000
1776730535.174,35.174,0.48,0.49,0.51,0.52,0.01,0.01,75882.17,1776730533000
1776730535.522,35.522,0.48,0.49,0.51,0.52,0.01,0.01,75884.2,1776730534000
1776730535.876,35.876,0.48,0.49,0.51,0.52,0.01,0.01,75884.2,1776730534000
1776730536.441,36.441,0.48,0.51,0.51,0.52,0.03,0.01,75884.71,1776730535000
1776730536.967,36.967,0.5,0.51,0.49,0.5,0.01,0.01,75884.71,1776730535000
1776730537.344,37.344,0.5,0.51,0.49,0.5,0.01,0.01,75884.71,1776730535000
1776730537.722,37.722,0.49,0.5,0.5,0.51,0.01,0.01,75887.08,1776730536000
1776730538.285,38.285,0.49,0.5,0.5,0.51,0.01,0.01,75887.63,1776730537000
1776730538.655,38.655,0.49,0.5,0.5,0.51,0.01,0.01,75887.63,1776730537000
1776730539.019,39.019,0.49,0.5,0.5,0.51,0.01,0.01,75887.63,1776730537000
1776730539.375,39.375,0.49,0.5,0.5,0.51,0.01,0.01,75887.27,1776730538000
1776730539.84,39.84,0.49,0.5,0.5,0.51,0.01,0.01,75887.27,1776730538000
1776730540.207,40.207,0.49,0.5,0.5,0.51,0.01,0.01,75886.8,1776730539000
1776730540.55,40.55,0.48,0.5,0.5,0.51,0.02,0.01,75886.8,1776730539000
1776730540.948,40.948,0.48,0.5,0.5,0.52,0.02,0.02,75886.8,1776730539000
1776730541.32,41.32,0.48,0.49,0.51,0.52,0.01,0.01,75886.82,1776730540000
1776730541.75,41.75,0.48,0.49,0.51,0.52,0.01,0.01,75886.82,1776730540000
1776730542.399,42.399,0.48,0.49,0.51,0.52,0.01,0.01,75886.82,1776730540000
1776730543.002,43.002,0.48,0.49,0.51,0.52,0.01,0.01,75886.82,1776730542000
1776730543.433,43.433,0.48,0.49,0.51,0.52,0.01,0.01,75886.82,1776730542000
1776730544.083,44.083,0.44,0.47,0.53,0.56,0.03,0.03,75886.81,1776730543000
1776730545.301,45.301,0.44,0.46,0.54,0.56,0.02,0.02,75886.65,1776730544000
1776730545.677,45.677,0.44,0.45,0.55,0.57,0.01,0.02,75886.65,1776730544000
1776730546.221,46.221,0.44,0.45,0.55,0.57,0.01,0.02,75886.65,1776730544000
1776730546.588,46.588,0.44,0.45,0.55,0.56,0.01,0.01,75885.17,1776730545000
1776730547.005,47.005,0.44,0.45,0.55,0.56,0.01,0.01,75885.07,1776730546000
1776730547.435,47.435,0.44,0.45,0.55,0.56,0.01,0.01,75885.07,1776730546000
1776730547.879,47.879,0.44,0.45,0.55,0.56,0.01,0.01,75885.07,1776730546000
1776730548.285,48.285,0.44,0.45,0.55,0.56,0.01,0.01,75884.5,1776730547000
1776730548.693,48.693,0.44,0.45,0.55,0.56,0.01,0.01,75884.5,1776730547000
1776730549.421,49.421,0.44,0.45,0.55,0.56,0.01,0.01,75883.36,1776730548000
1776730549.764,49.764,0.44,0.45,0.55,0.56,0.01,0.01,75883.36,1776730548000
1776730550.133,50.133,0.44,0.45,0.55,0.56,0.01,0.01,75883.36,1776730548000
1776730550.58,50.58,0.44,0.45,0.55,0.56,0.01,0.01,75883.36,1776730548000
1776730551.083,51.083,0.44,0.45,0.55,0.56,0.01,0.01,75883.58,1776730549000
1776730551.682,51.682,0.44,0.45,0.55,0.56,0.01,0.01,75882.1,1776730550000
1776730552.016,52.016,0.46,0.47,0.53,0.54,0.01,0.01,75882.1,1776730550000
1776730552.377,52.377,0.46,0.47,0.53,0.54,0.01,0.01,75882.1,1776730550000
1776730552.744,52.744,0.46,0.47,0.53,0.54,0.01,0.01,75882.88,1776730551000
1776730553.18,53.18,0.46,0.47,0.53,0.54,0.01,0.01,75882.88,1776730551000
1776730553.531,53.531,0.46,0.47,0.53,0.54,0.01,0.01,75884.33,1776730552000
1776730554.146,54.146,0.47,0.48,0.52,0.53,0.01,0.01,75884.33,1776730552000
1776730554.483,54.483,0.54,0.58,0.42,0.46,0.04,0.04,75884.33,1776730552000
1776730554.829,54.829,0.54,0.6,0.4,0.46,0.06,0.06,75888.37,1776730553000
1776730555.163,55.163,0.58,0.6,0.41,0.42,0.02,0.01,75888.37,1776730553000
1776730555.52,55.52,0.59,0.61,0.39,0.4,0.02,0.01,75889.57,1776730554000
1776730555.904,55.904,0.61,0.62,0.38,0.39,0.01,0.01,75889.57,1776730554000
1776730556.239,56.239,0.61,0.63,0.37,0.39,0.02,0.02,75889.57,1776730554000
1776730556.596,56.596,0.62,0.63,0.37,0.38,0.01,0.01,75900.02,1776730555000
1776730556.936,56.936,0.63,0.64,0.36,0.37,0.01,0.01,75900.02,1776730555000
1776730557.273,57.273,0.63,0.64,0.36,0.37,0.01,0.01,75900.02,1776730555000
1776730557.611,57.611,0.63,0.64,0.36,0.37,0.01,0.01,75909.85,1776730556000
1776730557.965,57.965,0.63,0.64,0.36,0.37,0.01,0.01,75909.85,1776730556000
1776730558.36,58.36,0.63,0.64,0.36,0.37,0.01,0.01,75911.37,1776730557000
1776730558.71,58.71,0.63,0.64,0.36,0.37,0.01,0.01,75911.37,1776730557000
1776730559.108,59.108,0.63,0.64,0.36,0.37,0.01,0.01,75911.37,1776730557000
1776730559.509,59.509,0.63,0.64,0.36,0.37,0.01,0.01,75911.37,1776730557000
1776730559.913,59.913,0.63,0.64,0.36,0.37,0.01,0.01,75913.85,1776730558000
1776730560.265,60.265,0.63,0.64,0.36,0.37,0.01,0.01,75914.01,1776730559000
1776730560.612,60.612,0.63,0.64,0.36,0.37,0.01,0.01,75914.01,1776730559000
1776730561.03,61.03,0.63,0.64,0.36,0.37,0.01,0.01,75914.01,1776730559000
1776730561.474,61.474,0.63,0.64,0.36,0.37,0.01,0.01,75915.18,1776730560000
1776730561.833,61.833,0.63,0.64,0.36,0.37,0.01,0.01,75915.18,1776730560000
1776730562.175,62.175,0.63,0.64,0.36,0.37,0.01,0.01,75915.09,1776730561000
1776730562.538,62.538,0.63,0.64,0.36,0.37,0.01,0.01,75915.09,1776730561000
1776730562.914,62.914,0.63,0.64,0.36,0.37,0.01,0.01,75915.09,1776730561000
1776730563.255,63.255,0.63,0.64,0.36,0.37,0.01,0.01,75915.09,1776730561000
1776730563.623,63.623,0.63,0.64,0.36,0.37,0.01,0.01,75915.09,1776730561000
1776730564.018,64.018,0.63,0.64,0.36,0.37,0.01,0.01,75915.11,1776730562000
1776730564.458,64.458,0.63,0.64,0.36,0.37,0.01,0.01,75915.07,1776730563000
1776730565.202,65.202,0.63,0.64,0.36,0.37,0.01,0.01,75915.07,1776730563000
1776730565.672,65.672,0.63,0.64,0.36,0.37,0.01,0.01,75915.07,1776730563000
1776730566.079,66.079,0.63,0.64,0.36,0.37,0.01,0.01,75915.07,1776730563000
1776730566.459,66.459,0.63,0.64,0.36,0.37,0.01,0.01,75915.1,1776730565000
1776730566.799,66.799,0.6,0.64,0.36,0.4,0.04,0.04,75915.1,1776730565000
1776730567.225,67.225,0.59,0.6,0.4,0.41,0.01,0.01,75915.1,1776730565000
1776730567.719,67.719,0.59,0.6,0.4,0.41,0.01,0.01,75914.94,1776730566000
1776730568.059,68.059,0.58,0.59,0.41,0.42,0.01,0.01,75915.06,1776730567000
1776730568.489,68.489,0.58,0.59,0.41,0.42,0.01,0.01,75915.06,1776730567000
1776730568.992,68.992,0.58,0.59,0.41,0.42,0.01,0.01,75915.06,1776730567000
1776730569.366,69.366,0.58,0.59,0.41,0.42,0.01,0.01,75915.06,1776730567000
1776730569.853,69.853,0.58,0.59,0.41,0.42,0.01,0.01,75910.57,1776730568000
1776730570.225,70.225,0.58,0.59,0.41,0.42,0.01,0.01,75909.33,1776730569000
1776730570.579,70.579,0.58,0.59,0.41,0.42,0.01,0.01,75909.33,1776730569000
1776730570.943,70.943,0.58,0.59,0.41,0.42,0.01,0.01,75909.33,1776730569000
1776730571.289,71.289,0.58,0.59,0.41,0.42,0.01,0.01,75909.33,1776730569000
1776730571.633,71.633,0.58,0.59,0.41,0.42,0.01,0.01,75909.21,1776730570000
1776730572.111,72.111,0.58,0.59,0.41,0.42,0.01,0.01,75909.21,1776730570000
1776730572.481,72.481,0.58,0.59,0.41,0.42,0.01,0.01,75909.24,1776730571000
1776730572.832,72.832,0.58,0.59,0.41,0.42,0.01,0.01,75909.24,1776730571000
1776730573.503,73.503,0.58,0.59,0.41,0.42,0.01,0.01,75909.24,1776730572000
1776730573.859,73.859,0.58,0.59,0.41,0.42,0.01,0.01,75909.24,1776730572000
1776730574.287,74.287,0.61,0.62,0.38,0.4,0.01,0.02,75909.24,1776730572000
1776730574.871,74.871,0.61,0.62,0.38,0.39,0.01,0.01,75909.24,1776730573000
1776730575.396,75.396,0.62,0.63,0.37,0.38,0.01,0.01,75909.24,1776730574000
1776730575.739,75.739,0.61,0.62,0.37,0.39,0.01,0.02,75909.24,1776730574000
1776730576.202,76.202,0.59,0.6,0.4,0.41,0.01,0.01,75913.16,1776730575000
1776730576.682,76.682,0.59,0.6,0.4,0.41,0.01,0.01,75913.16,1776730575000
1776730577.118,77.118,0.59,0.6,0.4,0.41,0.01,0.01,75913.16,1776730575000
1776730577.503,77.503,0.59,0.6,0.4,0.41,0.01,0.01,75911.1,1776730576000
1776730577.85,77.85,0.59,0.6,0.4,0.41,0.01,0.01,75911.1,1776730576000
1776730579.114,79.114,0.59,0.6,0.4,0.41,0.01,0.01,75911.1,1776730577000
1776730579.476,79.476,0.61,0.65,0.35,0.39,0.04,0.04,75911.1,1776730577000
1776730579.948,79.948,0.62,0.66,0.34,0.39,0.04,0.05,75912.17,1776730578000
1776730580.347,80.347,0.62,0.66,0.34,0.38,0.04,0.04,75912.17,1776730578000
1776730580.704,80.704,0.63,0.66,0.34,0.37,0.03,0.03,75915.67,1776730579000
1776730581.663,81.663,0.63,0.66,0.34,0.37,0.03,0.03,75918.21,1776730580000
1776730582.086,82.086,0.64,0.65,0.34,0.36,0.01,0.02,75918.21,1776730580000
1776730582.428,82.428,0.61,0.63,0.37,0.39,0.02,0.02,75918.21,1776730580000
1776730582.881,82.881,0.54,0.55,0.45,0.46,0.01,0.01,75889.04,1776730581000
1776730583.328,83.328,0.42,0.54,0.46,0.58,0.12,0.12,75889.04,1776730581000
1776730583.676,83.676,0.42,0.44,0.56,0.58,0.02,0.02,75889.88,1776730582000
1776730584.01,84.01,0.46,0.47,0.53,0.54,0.01,0.01,75889.88,1776730582000
1776730584.351,84.351,0.46,0.47,0.53,0.54,0.01,0.01,75889.88,1776730582000
1776730584.697,84.697,0.43,0.46,0.54,0.57,0.03,0.03,75885.81,1776730583000
1776730585.049,85.049,0.43,0.44,0.56,0.57,0.01,0.01,75885.81,1776730583000
1776730585.391,85.391,0.43,0.44,0.56,0.57,0.01,0.01,75885.62,1776730584000
1776730585.775,85.775,0.43,0.44,0.56,0.57,0.01,0.01,75885.62,1776730584000
1776730586.139,86.139,0.43,0.44,0.56,0.57,0.01,0.01,75885.85,1776730585000
1776730586.641,86.641,0.43,0.44,0.56,0.57,0.01,0.01,75885.85,1776730585000
1776730587.025,87.025,0.43,0.44,0.56,0.57,0.01,0.01,75885.85,1776730585000
1776730587.493,87.493,0.43,0.44,0.56,0.57,0.01,0.01,75885.85,1776730585000
1776730588.027,88.027,0.43,0.44,0.56,0.57,0.01,0.01,75885.75,1776730586000
1776730588.443,88.443,0.43,0.44,0.56,0.57,0.01,0.01,75885.75,1776730586000
1776730588.776,88.776,0.43,0.44,0.56,0.57,0.01,0.01,75885.75,1776730587000
1776730589.341,89.341,0.43,0.44,0.56,0.57,0.01,0.01,75885.75,1776730587000
1776730589.674,89.674,0.44,0.45,0.55,0.56,0.01,0.01,75885.75,1776730587000
1776730590.39,90.39,0.45,0.46,0.54,0.56,0.01,0.02,75885.24,1776730588000
1776730590.758,90.758,0.45,0.46,0.54,0.55,0.01,0.01,75885.18,1776730589000
1776730591.433,91.433,0.45,0.46,0.54,0.55,0.01,0.01,75885.99,1776730590000
1776730591.85,91.85,0.45,0.47,0.54,0.55,0.02,0.01,75885.99,1776730590000
1776730592.183,92.183,0.51,0.54,0.46,0.49,0.03,0.03,75888.43,1776730591000
1776730592.519,92.519,0.54,0.55,0.45,0.46,0.01,0.01,75888.43,1776730591000
1776730593.665,93.665,0.54,0.55,0.45,0.46,0.01,0.01,75890.66,1776730592000
1776730594.039,94.039,0.54,0.55,0.45,0.46,0.01,0.01,75890.66,1776730592000
1776730594.473,94.473,0.54,0.55,0.45,0.46,0.01,0.01,75895.16,1776730593000
1776730594.812,94.812,0.54,0.55,0.45,0.46,0.01,0.01,75895.16,1776730593000
1776730595.197,95.197,0.54,0.55,0.45,0.46,0.01,0.01,75899.53,1776730594000
1776730595.578,95.578,0.54,0.56,0.44,0.46,0.02,0.02,75899.53,1776730594000
1776730596.305,96.305,0.54,0.55,0.45,0.46,0.01,0.01,75899.53,1776730594000
1776730596.702,96.702,0.55,0.56,0.43,0.45,0.01,0.02,75899.53,1776730594000
1776730597.042,97.042,0.57,0.58,0.42,0.43,0.01,0.01,75903.88,1776730595000
1776730597.473,97.473,0.52,0.53,0.47,0.48,0.01,0.01,75903.5,1776730596000
1776730597.877,97.877,0.52,0.53,0.47,0.48,0.01,0.01,75903.5,1776730596000
1776730598.237,98.237,0.52,0.53,0.47,0.48,0.01,0.01,75903.5,1776730597000
1776730598.645,98.645,0.52,0.53,0.47,0.48,0.01,0.01,75903.5,1776730597000
1776730599.147,99.147,0.52,0.53,0.47,0.48,0.01,0.01,75903.5,1776730597000
1776730599.669,99.669,0.52,0.53,0.47,0.48,0.01,0.01,75900.89,1776730598000
1776730600.109,100.109,0.52,0.53,0.47,0.48,0.01,0.01,75900.89,1776730598000
1776730600.702,100.702,0.53,0.54,0.46,0.48,0.01,0.02,75900.88,1776730599000
1776730601.086,101.086,0.53,0.54,0.46,0.47,0.01,0.01,75899.54,1776730600000
1776730601.444,101.444,0.53,0.54,0.46,0.47,0.01,0.01,75899.54,1776730600000
1776730601.919,101.919,0.53,0.54,0.46,0.47,0.01,0.01,75899.54,1776730600000
1776730602.505,102.505,0.53,0.54,0.46,0.47,0.01,0.01,75899.54,1776730600000
1776730602.888,102.888,0.53,0.54,0.46,0.47,0.01,0.01,75899.54,1776730600000
1776730603.449,103.449,0.53,0.54,0.46,0.47,0.01,0.01,75903.23,1776730601000
1776730603.784,103.784,0.53,0.54,0.46,0.47,0.01,0.01,75900.94,1776730602000
1776730604.21,104.21,0.53,0.54,0.46,0.47,0.01,0.01,75900.94,1776730603000
1776730604.751,104.751,0.53,0.54,0.46,0.47,0.01,0.01,75900.94,1776730603000
1776730605.099,105.099,0.53,0.54,0.46,0.47,0.01,0.01,75900.94,1776730603000
1776730605.525,105.525,0.53,0.54,0.46,0.47,0.01,0.01,75900.94,1776730604000
1776730606.004,106.004,0.53,0.54,0.46,0.47,0.01,0.01,75900.94,1776730604000
1776730606.37,106.37,0.53,0.54,0.46,0.47,0.01,0.01,75900.94,1776730605000
1776730606.748,106.748,0.53,0.54,0.46,0.47,0.01,0.01,75900.94,1776730605000
1776730607.081,107.081,0.53,0.54,0.46,0.47,0.01,0.01,75900.94,1776730606000
1776730607.576,107.576,0.53,0.54,0.46,0.47,0.01,0.01,75900.94,1776730606000
1776730607.975,107.975,0.53,0.54,0.46,0.47,0.01,0.01,75900.94,1776730607000
1776730608.395,108.395,0.53,0.54,0.46,0.47,0.01,0.01,75900.94,1776730607000
1776730608.763,108.763,0.53,0.54,0.46,0.47,0.01,0.01,75900.94,1776730607000
1776730609.201,109.201,0.53,0.54,0.46,0.47,0.01,0.01,75900.93,1776730608000
1776730609.785,109.785,0.52,0.53,0.47,0.48,0.01,0.01,75900.93,1776730608000
1776730610.138,110.138,0.52,0.53,0.47,0.48,0.01,0.01,75902.29,1776730609000
1776730610.515,110.515,0.52,0.53,0.47,0.48,0.01,0.01,75902.29,1776730609000
1776730610.917,110.917,0.52,0.53,0.47,0.48,0.01,0.01,75902.29,1776730609000
1776730611.381,111.381,0.52,0.53,0.47,0.48,0.01,0.01,75900.91,1776730610000
1776730611.822,111.822,0.51,0.52,0.47,0.49,0.01,0.02,75900.91,1776730610000
1776730612.45,112.45,0.51,0.52,0.48,0.49,0.01,0.01,75899.03,1776730611000
1776730612.94,112.94,0.51,0.52,0.48,0.49,0.01,0.01,75899.03,1776730611000
1776730613.34,113.34,0.5,0.52,0.48,0.49,0.02,0.01,75900.91,1776730612000
1776730613.725,113.725,0.5,0.51,0.49,0.5,0.01,0.01,75900.91,1776730612000
1776730614.071,114.071,0.5,0.51,0.49,0.5,0.01,0.01,75900.91,1776730612000
1776730614.413,114.413,0.5,0.51,0.49,0.5,0.01,0.01,75900.91,1776730612000
1776730614.813,114.813,0.5,0.51,0.49,0.5,0.01,0.01,75900.91,1776730612000
1776730615.182,115.182,0.5,0.51,0.49,0.5,0.01,0.01,75898.94,1776730613000
1776730615.581,115.581,0.5,0.51,0.49,0.5,0.01,0.01,75898.86,1776730614000
1776730615.988,115.988,0.5,0.51,0.49,0.5,0.01,0.01,75898.5,1776730615000
1776730616.489,116.489,0.5,0.52,0.49,0.5,0.02,0.01,75898.5,1776730615000
1776730616.854,116.854,0.52,0.53,0.47,0.49,0.01,0.02,75898.5,1776730615000
1776730617.217,117.217,0.53,0.54,0.47,0.48,0.01,0.01,75898.5,1776730615000
1776730617.584,117.584,0.53,0.54,0.46,0.47,0.01,0.01,75900.27,1776730616000
1776730617.967,117.967,0.53,0.54,0.46,0.47,0.01,0.01,75900.27,1776730616000
1776730618.37,118.37,0.52,0.54,0.46,0.47,0.02,0.01,75899.81,1776730617000
1776730619.206,119.206,0.51,0.52,0.48,0.49,0.01,0.01,75900.92,1776730618000
1776730619.593,119.593,0.51,0.52,0.48,0.49,0.01,0.01,75900.92,1776730618000
1776730619.943,119.943,0.51,0.52,0.48,0.49,0.01,0.01,75900.92,1776730618000
1776730620.356,120.356,0.51,0.52,0.48,0.49,0.01,0.01,75900.21,1776730619000
1776730620.702,120.702,0.5,0.52,0.48,0.5,0.02,0.02,75900.21,1776730619000
1776730621.313,121.313,0.51,0.52,0.48,0.5,0.01,0.02,75900.86,1776730620000
1776730621.766,121.766,0.52,0.53,0.47,0.48,0.01,0.01,75900.86,1776730620000
1776730622.133,122.133,0.54,0.55,0.45,0.46,0.01,0.01,75900.86,1776730621000
1776730622.702,122.702,0.54,0.55,0.45,0.46,0.01,0.01,75900.86,1776730621000
1776730623.074,123.074,0.54,0.55,0.45,0.46,0.01,0.01,75900.86,1776730621000
1776730623.623,123.623,0.54,0.55,0.45,0.46,0.01,0.01,75901.5,1776730622000
1776730623.985,123.985,0.6,0.65,0.38,0.4,0.05,0.02,75901.5,1776730622000
1776730624.489,124.489,0.61,0.66,0.35,0.4,0.05,0.05,75904.49,1776730623000
1776730624.84,124.84,0.66,0.67,0.33,0.34,0.01,0.01,75904.49,1776730623000
1776730625.381,125.381,0.66,0.67,0.33,0.34,0.01,0.01,75908.67,1776730624000
1776730625.79,125.79,0.66,0.67,0.33,0.34,0.01,0.01,75908.67,1776730624000
1776730626.256,126.256,0.66,0.67,0.33,0.34,0.01,0.01,75918.93,1776730625000
1776730626.675,126.675,0.66,0.67,0.33,0.34,0.01,0.01,75918.93,1776730625000
1776730627.085,127.085,0.66,0.67,0.33,0.34,0.01,0.01,75918.93,1776730625000
1776730627.539,127.539,0.66,0.67,0.33,0.34,0.01,0.01,75918.93,1776730625000
1776730627.944,127.944,0.66,0.67,0.33,0.34,0.01,0.01,75917.16,1776730627000
1776730628.436,128.436,0.66,0.67,0.33,0.34,0.01,0.01,75917.16,1776730627000
1776730629.087,129.087,0.66,0.67,0.33,0.34,0.01,0.01,75918.34,1776730628000
1776730629.44,129.44,0.66,0.67,0.33,0.34,0.01,0.01,75918.34,1776730628000
1776730630.151,130.151,0.65,0.67,0.33,0.35,0.02,0.02,75918.53,1776730629000
1776730630.505,130.505,0.65,0.67,0.34,0.35,0.02,0.01,75918.53,1776730629000
1776730630.86,130.86,0.67,0.69,0.31,0.33,0.02,0.02,75918.53,1776730629000
1776730631.219,131.219,0.68,0.69,0.31,0.32,0.01,0.01,75918.53,1776730629000
1776730631.622,131.622,0.68,0.69,0.31,0.32,0.01,0.01,75918.53,1776730629000
1776730631.98,131.98,0.69,0.7,0.3,0.31,0.01,0.01,75919.92,1776730630000
1776730632.425,132.425,0.69,0.7,0.3,0.31,0.01,0.01,75919.92,1776730630000
1776730632.886,132.886,0.68,0.7,0.3,0.32,0.02,0.02,75919.92,1776730630000
1776730633.243,133.243,0.63,0.64,0.36,0.37,0.01,0.01,75921.59,1776730631000
1776730633.584,133.584,0.63,0.64,0.36,0.37,0.01,0.01,75923.44,1776730632000
1776730633.94,133.94,0.67,0.7,0.3,0.35,0.03,0.05,75923.44,1776730632000
1776730634.277,134.277,0.68,0.69,0.31,0.32,0.01,0.01,75921.56,1776730633000
1776730634.625,134.625,0.68,0.69,0.31,0.32,0.01,0.01,75921.56,1776730633000
1776730635.091,135.091,0.67,0.68,0.32,0.33,0.01,0.01,75921.56,1776730633000
1776730635.541,135.541,0.67,0.68,0.32,0.33,0.01,0.01,75921.56,1776730633000
1776730635.878,135.878,0.67,0.68,0.32,0.33,0.01,0.01,75921.56,1776730633000
1776730636.283,136.283,0.67,0.68,0.32,0.33,0.01,0.01,75920.24,1776730634000
1776730636.881,136.881,0.67,0.68,0.32,0.33,0.01,0.01,75920.32,1776730635000
1776730637.235,137.235,0.67,0.68,0.32,0.33,0.01,0.01,75922.62,1776730636000
1776730637.828,137.828,0.67,0.68,0.32,0.33,0.01,0.01,75922.62,1776730636000
1776730638.366,138.366,0.67,0.68,0.32,0.33,0.01,0.01,75922.62,1776730636000
1776730638.709,138.709,0.66,0.68,0.32,0.34,0.02,0.02,75918.25,1776730637000
1776730639.146,139.146,0.55,0.56,0.44,0.45,0.01,0.01,75918.25,1776730637000
1776730639.505,139.505,0.55,0.56,0.44,0.45,0.01,0.01,75916.67,1776730638000
1776730639.94,139.94,0.55,0.56,0.44,0.45,0.01,0.01,75916.67,1776730638000
1776730640.279,140.279,0.55,0.56,0.44,0.45,0.01,0.01,75916.67,1776730638000
1776730640.619,140.619,0.61,0.62,0.35,0.39,0.01,0.04,75916.67,1776730638000
1776730641.035,141.035,0.64,0.65,0.35,0.38,0.01,0.03,75907.2,1776730639000
1776730641.481,141.481,0.64,0.65,0.35,0.36,0.01,0.01,75907.2,1776730639000
1776730641.897,141.897,0.64,0.65,0.35,0.36,0.01,0.01,75908.89,1776730640000
1776730642.244,142.244,0.64,0.65,0.35,0.36,0.01,0.01,75912.84,1776730641000
1776730643.396,143.396,0.64,0.65,0.35,0.36,0.01,0.01,75912.84,1776730641000
1776730643.817,143.817,0.64,0.65,0.35,0.36,0.01,0.01,75917.17,1776730642000
1776730644.643,144.643,0.64,0.65,0.35,0.36,0.01,0.01,75917.83,1776730643000
1776730645.239,145.239,0.64,0.65,0.35,0.36,0.01,0.01,75917.83,1776730643000
1776730645.627,145.627,0.64,0.65,0.35,0.36,0.01,0.01,75919.24,1776730644000
1776730646.015,146.015,0.64,0.65,0.35,0.36,0.01,0.01,75919.24,1776730644000
1776730646.555,146.555,0.64,0.65,0.35,0.36,0.01,0.01,75919.24,1776730644000
1776730646.94,146.94,0.64,0.65,0.35,0.36,0.01,0.01,75918.01,1776730645000
1776730647.424,147.424,0.64,0.65,0.35,0.36,0.01,0.01,75918.01,1776730645000
1776730647.804,147.804,0.64,0.65,0.35,0.36,0.01,0.01,75917.17,1776730646000
1776730648.157,148.157,0.64,0.65,0.35,0.36,0.01,0.01,75917.93,1776730647000
1776730648.794,148.794,0.64,0.65,0.35,0.36,0.01,0.01,75917.93,1776730647000
1776730649.13,149.13,0.64,0.65,0.35,0.36,0.01,0.01,75917.93,1776730647000
1776730649.512,149.512,0.64,0.65,0.35,0.36,0.01,0.01,75917.93,1776730647000
1776730649.983,149.983,0.64,0.65,0.35,0.36,0.01,0.01,75916.42,1776730648000
1776730650.318,150.318,0.64,0.65,0.35,0.36,0.01,0.01,75916.42,1776730648000
1776730650.731,150.731,0.64,0.65,0.35,0.36,0.01,0.01,75916.71,1776730649000
1776730651.243,151.243,0.64,0.65,0.35,0.36,0.01,0.01,75916.62,1776730650000
1776730652.014,152.014,0.64,0.65,0.35,0.36,0.01,0.01,75916.7,1776730651000
1776730652.36,152.36,0.64,0.65,0.35,0.36,0.01,0.01,75916.7,1776730651000
1776730652.858,152.858,0.67,0.7,0.35,0.36,0.03,0.01,75916.7,1776730651000
1776730653.198,153.198,0.72,0.76,0.24,0.28,0.04,0.04,75916.55,1776730652000
1776730653.665,153.665,0.75,0.76,0.22,0.25,0.01,0.03,75916.55,1776730652000
1776730653.999,153.999,0.75,0.76,0.24,0.25,0.01,0.01,75916.55,1776730652000
1776730654.334,154.334,0.75,0.76,0.24,0.25,0.01,0.01,75918.42,1776730653000
1776730654.69,154.69,0.75,0.76,0.24,0.25,0.01,0.01,75918.42,1776730653000
1776730655.07,155.07,0.75,0.76,0.24,0.25,0.01,0.01,75918.42,1776730653000
1776730655.456,155.456,0.75,0.76,0.24,0.25,0.01,0.01,75926.79,1776730654000
1776730655.8,155.8,0.76,0.77,0.23,0.24,0.01,0.01,75926.79,1776730654000
1776730656.388,156.388,0.76,0.77,0.23,0.24,0.01,0.01,75926.79,1776730654000
1776730656.788,156.788,0.76,0.77,0.23,0.24,0.01,0.01,75932.39,1776730655000
1776730657.199,157.199,0.76,0.78,0.23,0.24,0.02,0.01,75932.41,1776730656000
1776730657.917,157.917,0.8,0.81,0.19,0.2,0.01,0.01,75932.41,1776730656000
1776730658.455,158.455,0.79,0.8,0.19,0.21,0.01,0.02,75932.41,1776730657000
1776730658.861,158.861,0.77,0.78,0.2,0.21,0.01,0.01,75932.41,1776730657000
1776730659.2,159.2,0.77,0.78,0.22,0.23,0.01,0.01,75932.41,1776730657000
1776730659.658,159.658,0.76,0.77,0.22,0.24,0.01,0.02,75932.42,1776730658000
1776730660.219,160.219,0.76,0.77,0.23,0.24,0.01,0.01,75932.42,1776730658000
1776730660.662,160.662,0.76,0.77,0.23,0.24,0.01,0.01,75931.75,1776730659000
1776730661.15,161.15,0.76,0.77,0.23,0.24,0.01,0.01,75931.75,1776730659000
1776730661.533,161.533,0.76,0.77,0.23,0.24,0.01,0.01,75931.75,1776730659000
1776730661.875,161.875,0.75,0.77,0.23,0.24,0.02,0.01,75930.35,1776730660000
1776730662.313,162.313,0.75,0.76,0.24,0.25,0.01,0.01,75931.12,1776730661000
1776730662.967,162.967,0.75,0.76,0.24,0.25,0.01,0.01,75931.87,1776730662000
1776730663.573,163.573,0.75,0.76,0.24,0.25,0.01,0.01,75931.87,1776730662000
1776730663.95,163.95,0.75,0.76,0.24,0.25,0.01,0.01,75931.87,1776730662000
1776730664.337,164.337,0.75,0.76,0.24,0.25,0.01,0.01,75931.87,1776730662000
1776730664.731,164.731,0.75,0.76,0.24,0.25,0.01,0.01,75931.4,1776730663000
1776730665.122,165.122,0.75,0.76,0.24,0.25,0.01,0.01,75930.38,1776730664000
1776730665.506,165.506,0.75,0.76,0.24,0.25,0.01,0.01,75930.38,1776730664000
1776730665.84,165.84,0.75,0.76,0.24,0.25,0.01,0.01,75930.38,1776730664000
1776730666.208,166.208,0.77,0.78,0.22,0.23,0.01,0.01,75931.41,1776730665000
1776730666.627,166.627,0.77,0.78,0.22,0.23,0.01,0.01,75931.41,1776730665000
1776730667.052,167.052,0.77,0.78,0.22,0.23,0.01,0.01,75931.41,1776730665000
1776730667.404,167.404,0.77,0.78,0.22,0.23,0.01,0.01,75934.47,1776730666000
1776730667.81,167.81,0.77,0.78,0.22,0.23,0.01,0.01,75934.47,1776730666000
1776730668.256,168.256,0.77,0.78,0.22,0.23,0.01,0.01,75934.47,1776730666000
1776730668.704,168.704,0.77,0.78,0.22,0.23,0.01,0.01,75934.77,1776730667000
1776730669.074,169.074,0.75,0.76,0.22,0.23,0.01,0.01,75934.77,1776730667000
1776730669.654,169.654,0.75,0.76,0.24,0.25,0.01,0.01,75934.77,1776730668000
1776730670.269,170.269,0.75,0.76,0.24,0.25,0.01,0.01,75934.76,1776730669000
1776730670.892,170.892,0.75,0.76,0.24,0.25,0.01,0.01,75934.76,1776730669000
1776730671.3,171.3,0.75,0.76,0.24,0.25,0.01,0.01,75934.76,1776730669000
1776730671.963,171.963,0.75,0.76,0.24,0.25,0.01,0.01,75931.64,1776730670000
1776730672.387,172.387,0.75,0.76,0.24,0.25,0.01,0.01,75931.35,1776730671000
1776730672.96,172.96,0.75,0.76,0.24,0.25,0.01,0.01,75931.35,1776730672000
1776730673.314,173.314,0.66,0.72,0.29,0.34,0.06,0.05,75931.35,1776730672000
1776730673.659,173.659,0.69,0.7,0.3,0.31,0.01,0.01,75931.35,1776730672000
1776730674.252,174.252,0.69,0.7,0.3,0.31,0.01,0.01,75931.35,1776730672000
1776730674.615,174.615,0.69,0.7,0.3,0.31,0.01,0.01,75931.37,1776730673000
1776730674.961,174.961,0.69,0.7,0.3,0.31,0.01,0.01,75931.37,1776730673000
1776730675.341,175.341,0.69,0.7,0.3,0.31,0.01,0.01,75927.23,1776730674000
1776730675.704,175.704,0.69,0.7,0.3,0.31,0.01,0.01,75927.23,1776730674000
1776730676.226,176.226,0.69,0.7,0.3,0.31,0.01,0.01,75927.23,1776730674000
1776730676.622,176.622,0.69,0.7,0.3,0.31,0.01,0.01,75925.77,1776730675000
1776730677.165,177.165,0.69,0.7,0.3,0.31,0.01,0.01,75925.77,1776730675000
1776730677.532,177.532,0.69,0.7,0.3,0.31,0.01,0.01,75924.83,1776730676000
1776730677.876,177.876,0.71,0.72,0.28,0.29,0.01,0.01,75924.83,1776730676000
1776730678.271,178.271,0.73,0.74,0.26,0.27,0.01,0.01,75924.83,1776730676000
1776730678.617,178.617,0.76,0.82,0.18,0.24,0.06,0.06,75924.19,1776730677000
1776730678.961,178.961,0.79,0.8,0.2,0.21,0.01,0.01,75924.19,1776730677000
1776730679.297,179.297,0.79,0.81,0.19,0.21,0.02,0.02,75924.19,1776730677000
1776730679.688,179.688,0.83,0.86,0.14,0.15,0.03,0.01,75926.18,1776730678000
1776730680.022,180.022,0.85,0.87,0.13,0.15,0.02,0.02,75928.51,1776730679000
1776730680.359,180.359,0.85,0.86,0.14,0.15,0.01,0.01,75928.51,1776730679000
1776730680.701,180.701,0.82,0.83,0.17,0.19,0.01,0.02,75928.51,1776730679000
1776730681.056,181.056,0.81,0.82,0.17,0.18,0.01,0.01,75928.51,1776730679000
1776730681.419,181.419,0.8,0.81,0.19,0.2,0.01,0.01,75939.93,1776730680000
1776730681.769,181.769,0.78,0.79,0.21,0.22,0.01,0.01,75939.93,1776730680000
1776730682.11,182.11,0.77,0.78,0.22,0.23,0.01,0.01,75939.93,1776730680000
1776730682.47,182.47,0.77,0.78,0.22,0.23,0.01,0.01,75939.91,1776730681000
1776730682.819,182.819,0.76,0.77,0.23,0.26,0.01,0.03,75939.91,1776730681000
1776730683.332,183.332,0.75,0.76,0.24,0.25,0.01,0.01,75938.89,1776730682000
1776730683.692,183.692,0.75,0.76,0.24,0.25,0.01,0.01,75938.89,1776730682000
1776730684.076,184.076,0.74,0.76,0.24,0.26,0.02,0.02,75932.3,1776730683000
1776730684.429,184.429,0.74,0.75,0.25,0.26,0.01,0.01,75932.3,1776730683000
1776730684.932,184.932,0.74,0.75,0.25,0.26,0.01,0.01,75932.3,1776730683000
1776730685.301,185.301,0.71,0.75,0.25,0.29,0.04,0.04,75926.95,1776730684000
1776730685.726,185.726,0.72,0.73,0.27,0.28,0.01,0.01,75926.95,1776730684000
1776730686.087,186.087,0.72,0.73,0.27,0.28,0.01,0.01,75926.95,1776730684000
1776730686.432,186.432,0.72,0.73,0.27,0.28,0.01,0.01,75925.91,1776730685000
1776730686.783,186.783,0.72,0.73,0.27,0.28,0.01,0.01,75925.91,1776730685000
1776730687.178,187.178,0.7,0.71,0.29,0.3,0.01,0.01,75926.97,1776730686000
1776730687.515,187.515,0.7,0.71,0.29,0.3,0.01,0.01,75926.97,1776730686000
1776730687.965,187.965,0.69,0.71,0.29,0.31,0.02,0.02,75926.97,1776730686000
1776730688.317,188.317,0.67,0.69,0.31,0.33,0.02,0.02,75926.13,1776730687000
1776730688.684,188.684,0.67,0.68,0.32,0.33,0.01,0.01,75926.13,1776730687000
1776730689.037,189.037,0.67,0.68,0.32,0.33,0.01,0.01,75926.13,1776730687000
1776730689.535,189.535,0.67,0.68,0.32,0.33,0.01,0.01,75925.38,1776730688000
1776730689.9,189.9,0.67,0.68,0.32,0.33,0.01,0.01,75925.38,1776730688000
1776730690.306,190.306,0.67,0.68,0.32,0.33,0.01,0.01,75925.38,1776730688000
1776730690.664,190.664,0.67,0.68,0.32,0.33,0.01,0.01,75923.54,1776730689000
1776730691.3,191.3,0.67,0.68,0.32,0.33,0.01,0.01,75921.85,1776730690000
1776730691.649,191.649,0.67,0.68,0.32,0.33,0.01,0.01,75921.85,1776730690000
1776730692.099,192.099,0.67,0.68,0.32,0.33,0.01,0.01,75921.85,1776730690000
1776730692.549,192.549,0.67,0.68,0.32,0.33,0.01,0.01,75921.85,1776730690000
1776730692.984,192.984,0.67,0.68,0.32,0.33,0.01,0.01,75922.12,1776730691000
1776730693.374,193.374,0.67,0.68,0.32,0.33,0.01,0.01,75923.32,1776730692000
1776730693.75,193.75,0.67,0.68,0.32,0.33,0.01,0.01,75923.32,1776730692000
1776730694.383,194.383,0.67,0.68,0.32,0.33,0.01,0.01,75921.52,1776730693000
1776730694.721,194.721,0.67,0.68,0.32,0.33,0.01,0.01,75921.52,1776730693000
1776730695.109,195.109,0.67,0.68,0.32,0.33,0.01,0.01,75921.52,1776730694000
1776730695.463,195.463,0.67,0.68,0.32,0.33,0.01,0.01,75921.52,1776730694000
1776730695.811,195.811,0.67,0.68,0.32,0.33,0.01,0.01,75921.52,1776730694000
1776730696.256,196.256,0.67,0.68,0.32,0.33,0.01,0.01,75920.92,1776730695000
1776730696.714,196.714,0.67,0.68,0.32,0.33,0.01,0.01,75920.92,1776730695000
1776730697.189,197.189,0.67,0.68,0.32,0.33,0.01,0.01,75919.17,1776730696000
1776730698.105,198.105,0.67,0.68,0.32,0.33,0.01,0.01,75917.92,1776730697000
1776730698.454,198.454,0.67,0.68,0.32,0.33,0.01,0.01,75917.92,1776730697000
1776730699.121,199.121,0.67,0.68,0.32,0.33,0.01,0.01,75917.52,1776730698000
1776730699.466,199.466,0.65,0.68,0.32,0.35,0.03,0.03,75917.52,1776730698000
1776730699.901,199.901,0.65,0.68,0.32,0.35,0.03,0.03,75917.52,1776730698000
1776730700.454,200.454,0.67,0.68,0.32,0.35,0.01,0.03,75918.85,1776730699000
1776730700.909,200.909,0.67,0.68,0.32,0.33,0.01,0.01,75918.85,1776730699000
1776730701.281,201.281,0.67,0.68,0.32,0.33,0.01,0.01,75917.82,1776730700000
1776730701.925,201.925,0.67,0.68,0.32,0.33,0.01,0.01,75917.82,1776730700000
1776730702.757,202.757,0.65,0.66,0.33,0.34,0.01,0.01,75917.55,1776730701000
1776730703.55,203.55,0.65,0.66,0.34,0.35,0.01,0.01,75919.13,1776730702000
1776730703.898,203.898,0.6,0.61,0.39,0.41,0.01,0.02,75919.13,1776730702000
1776730704.538,204.538,0.59,0.6,0.39,0.41,0.01,0.02,75917.4,1776730703000
1776730705.374,205.374,0.59,0.6,0.4,0.41,0.01,0.01,75917.4,1776730703000
1776730705.717,205.717,0.59,0.6,0.4,0.41,0.01,0.01,75912.87,1776730704000
1776730706.063,206.063,0.59,0.6,0.4,0.41,0.01,0.01,75910.46,1776730705000
1776730706.802,206.802,0.59,0.6,0.4,0.41,0.01,0.01,75910.46,1776730705000
1776730707.159,207.159,0.59,0.6,0.4,0.41,0.01,0.01,75910.46,1776730705000
1776730707.693,207.693,0.59,0.6,0.4,0.41,0.01,0.01,75910.46,1776730705000
1776730708.138,208.138,0.59,0.6,0.4,0.41,0.01,0.01,75909.21,1776730706000
1776730708.499,208.499,0.59,0.6,0.4,0.41,0.01,0.01,75910.78,1776730707000
1776730708.885,208.885,0.59,0.6,0.4,0.41,0.01,0.01,75910.78,1776730707000
1776730709.224,209.224,0.59,0.6,0.4,0.41,0.01,0.01,75911.81,1776730708000
1776730709.691,209.691,0.59,0.6,0.4,0.41,0.01,0.01,75911.81,1776730708000
1776730710.032,210.032,0.59,0.6,0.4,0.41,0.01,0.01,75911.81,1776730708000
1776730710.409,210.409,0.59,0.6,0.4,0.41,0.01,0.01,75911.81,1776730708000
1776730710.753,210.753,0.6,0.61,0.39,0.4,0.01,0.01,75910.58,1776730709000
1776730712.486,212.486,0.61,0.62,0.38,0.39,0.01,0.01,75910.57,1776730711000
1776730712.91,212.91,0.61,0.62,0.38,0.39,0.01,0.01,75910.57,1776730711000
1776730713.71,213.71,0.61,0.62,0.38,0.39,0.01,0.01,75910.57,1776730712000
1776730714.092,214.092,0.61,0.62,0.38,0.39,0.01,0.01,75910.57,1776730712000
1776730714.965,214.965,0.61,0.62,0.38,0.39,0.01,0.01,75908.04,1776730714000
1776730715.558,215.558,0.61,0.62,0.38,0.39,0.01,0.01,75908.04,1776730714000
1776730715.897,215.897,0.59,0.61,0.38,0.42,0.02,0.04,75908.04,1776730714000
1776730716.243,216.243,0.58,0.61,0.39,0.42,0.03,0.03,75908.03,1776730715000
1776730716.577,216.577,0.57,0.58,0.42,0.43,0.01,0.01,75908.03,1776730715000
1776730716.943,216.943,0.57,0.58,0.42,0.43,0.01,0.01,75908.03,1776730715000
1776730717.438,217.438,0.57,0.58,0.42,0.43,0.01,0.01,75908.03,1776730715000
1776730717.859,217.859,0.57,0.58,0.42,0.43,0.01,0.01,75907.73,1776730716000
1776730718.897,218.897,0.57,0.58,0.42,0.43,0.01,0.01,75907.41,1776730717000
1776730719.254,219.254,0.57,0.58,0.42,0.43,0.01,0.01,75907.41,1776730717000
1776730720.268,220.268,0.57,0.58,0.42,0.43,0.01,0.01,75907.22,1776730719000
1776730721.459,221.459,0.57,0.58,0.42,0.43,0.01,0.01,75908.88,1776730720000
1776730722.043,222.043,0.55,0.58,0.42,0.43,0.03,0.01,75908.88,1776730720000
1776730722.558,222.558,0.57,0.58,0.42,0.43,0.01,0.01,75908.9,1776730721000
1776730723.019,223.019,0.57,0.58,0.42,0.43,0.01,0.01,75908.9,1776730721000
1776730723.465,223.465,0.57,0.59,0.42,0.43,0.02,0.01,75909.17,1776730722000
1776730723.816,223.816,0.57,0.58,0.42,0.43,0.01,0.01,75909.17,1776730722000
1776730724.181,224.181,0.58,0.59,0.41,0.42,0.01,0.01,75909.92,1776730723000
1776730724.628,224.628,0.6,0.61,0.38,0.42,0.01,0.04,75909.92,1776730723000
1776730725.045,225.045,0.6,0.61,0.39,0.4,0.01,0.01,75909.92,1776730723000
1776730725.455,225.455,0.6,0.61,0.39,0.4,0.01,0.01,75910.39,1776730724000
1776730726.051,226.051,0.6,0.61,0.39,0.4,0.01,0.01,75910.39,1776730724000
1776730727.156,227.156,0.6,0.61,0.39,0.4,0.01,0.01,75910.39,1776730724000
1776730727.545,227.545,0.6,0.61,0.39,0.4,0.01,0.01,75908.83,1776730725000
1776730727.949,227.949,0.6,0.61,0.39,0.4,0.01,0.01,75908.83,1776730725000
1776730728.487,228.487,0.58,0.61,0.39,0.42,0.03,0.03,75908.82,1776730727000
1776730729.124,229.124,0.58,0.59,0.41,0.42,0.01,0.01,75908.77,1776730728000
1776730729.467,229.467,0.58,0.59,0.41,0.42,0.01,0.01,75908.77,1776730728000
1776730729.849,229.849,0.56,0.57,0.43,0.44,0.01,0.01,75908.77,1776730728000
1776730730.479,230.479,0.56,0.59,0.43,0.44,0.03,0.01,75908.54,1776730729000
1776730730.918,230.918,0.56,0.57,0.43,0.44,0.01,0.01,75908.54,1776730729000
1776730731.457,231.457,0.56,0.57,0.43,0.44,0.01,0.01,75908.54,1776730729000
1776730731.926,231.926,0.54,0.55,0.45,0.46,0.01,0.01,75906.41,1776730730000
1776730732.295,232.295,0.54,0.55,0.45,0.46,0.01,0.01,75906.41,1776730730000
1776730732.635,232.635,0.54,0.55,0.45,0.46,0.01,0.01,75906.1,1776730731000
1776730733.108,233.108,0.54,0.55,0.45,0.46,0.01,0.01,75906.04,1776730732000
1776730733.487,233.487,0.53,0.54,0.46,0.47,0.01,0.01,75906.04,1776730732000
1776730734.191,234.191,0.52,0.54,0.46,0.48,0.02,0.02,75904.61,1776730733000
1776730735.307,235.307,0.52,0.53,0.47,0.48,0.01,0.01,75901.45,1776730734000
1776730735.75,235.75,0.49,0.53,0.47,0.48,0.04,0.01,75901.45,1776730734000
1776730736.152,236.152,0.43,0.5,0.5,0.57,0.07,0.07,75901.45,1776730734000
1776730736.627,236.627,0.42,0.46,0.54,0.58,0.04,0.04,75899.02,1776730735000
1776730737.001,237.001,0.44,0.45,0.54,0.58,0.01,0.04,75899.02,1776730735000
1776730737.394,237.394,0.44,0.45,0.55,0.56,0.01,0.01,75897.74,1776730736000
1776730737.751,237.751,0.44,0.45,0.55,0.56,0.01,0.01,75897.74,1776730736000
1776730738.124,238.124,0.44,0.45,0.55,0.56,0.01,0.01,75897.74,1776730736000
1776730738.498,238.498,0.43,0.44,0.56,0.57,0.01,0.01,75895.74,1776730737000
1776730738.957,238.957,0.43,0.44,0.56,0.57,0.01,0.01,75895.74,1776730737000
1776730739.397,239.397,0.42,0.44,0.56,0.57,0.02,0.01,75896.07,1776730738000
1776730739.75,239.75,0.42,0.43,0.56,0.58,0.01,0.02,75896.07,1776730738000
1776730740.242,240.242,0.42,0.43,0.57,0.58,0.01,0.01,75895.82,1776730739000
1776730740.649,240.649,0.42,0.43,0.57,0.58,0.01,0.01,75895.82,1776730739000
1776730741.134,241.134,0.42,0.43,0.57,0.58,0.01,0.01,75895.76,1776730740000
1776730741.479,241.479,0.42,0.43,0.57,0.58,0.01,0.01,75895.76,1776730740000
1776730741.823,241.823,0.42,0.43,0.57,0.58,0.01,0.01,75895.76,1776730740000
1776730742.17,242.17,0.42,0.45,0.57,0.58,0.03,0.01,75895.76,1776730740000
1776730742.519,242.519,0.45,0.46,0.55,0.56,0.01,0.01,75895.65,1776730741000
1776730743.127,243.127,0.45,0.46,0.54,0.55,0.01,0.01,75895.65,1776730741000
1776730743.747,243.747,0.45,0.46,0.54,0.55,0.01,0.01,75894.16,1776730742000
1776730744.281,244.281,0.41,0.42,0.57,0.59,0.01,0.02,75897.27,1776730743000
1776730744.788,244.788,0.41,0.42,0.58,0.59,0.01,0.01,75897.27,1776730743000
1776730745.239,245.239,0.41,0.42,0.58,0.59,0.01,0.01,75897.27,1776730744000
1776730745.694,245.694,0.41,0.42,0.58,0.59,0.01,0.01,75897.27,1776730744000
1776730746.062,246.062,0.41,0.42,0.58,0.59,0.01,0.01,75895.59,1776730745000
1776730746.479,246.479,0.4,0.42,0.58,0.59,0.02,0.01,75895.59,1776730745000
1776730746.85,246.85,0.37,0.38,0.62,0.63,0.01,0.01,75895.59,1776730745000
1776730747.205,247.205,0.36,0.37,0.63,0.64,0.01,0.01,75894.43,1776730746000
1776730747.657,247.657,0.36,0.37,0.63,0.64,0.01,0.01,75894.43,1776730746000
1776730748.094,248.094,0.36,0.37,0.63,0.64,0.01,0.01,75894.43,1776730746000
1776730748.814,248.814,0.36,0.37,0.63,0.64,0.01,0.01,75893.23,1776730747000
1776730749.173,249.173,0.36,0.37,0.63,0.64,0.01,0.01,75893.23,1776730747000
1776730749.585,249.585,0.37,0.38,0.62,0.63,0.01,0.01,75893.22,1776730748000
1776730749.936,249.936,0.37,0.38,0.6,0.63,0.01,0.03,75893.22,1776730748000
1776730750.283,250.283,0.41,0.43,0.61,0.63,0.02,0.02,75893.22,1776730748000
1776730750.629,250.629,0.51,0.52,0.48,0.49,0.01,0.01,75893.15,1776730749000
1776730750.987,250.987,0.51,0.52,0.48,0.49,0.01,0.01,75893.15,1776730749000
1776730751.529,251.529,0.51,0.52,0.48,0.49,0.01,0.01,75894.73,1776730750000
1776730751.934,251.934,0.51,0.52,0.48,0.49,0.01,0.01,75894.73,1776730750000
1776730752.349,252.349,0.51,0.52,0.48,0.49,0.01,0.01,75894.73,1776730750000
1776730752.683,252.683,0.51,0.52,0.48,0.49,0.01,0.01,75897.68,1776730751000
1776730753.073,253.073,0.51,0.52,0.48,0.49,0.01,0.01,75898.69,1776730752000
1776730753.517,253.517,0.51,0.55,0.48,0.49,0.04,0.01,75898.69,1776730752000
1776730753.898,253.898,0.54,0.55,0.45,0.46,0.01,0.01,75898.69,1776730752000
1776730754.314,254.314,0.54,0.55,0.45,0.46,0.01,0.01,75899.94,1776730753000
1776730754.687,254.687,0.54,0.55,0.45,0.46,0.01,0.01,75899.94,1776730753000
1776730755.321,255.321,0.54,0.55,0.45,0.46,0.01,0.01,75899.94,1776730754000
1776730756.086,256.086,0.54,0.55,0.45,0.46,0.01,0.01,75899.94,1776730754000
1776730756.472,256.472,0.49,0.5,0.5,0.51,0.01,0.01,75900.33,1776730755000
1776730757.01,257.01,0.49,0.5,0.5,0.51,0.01,0.01,75900.33,1776730755000
1776730757.362,257.362,0.49,0.5,0.5,0.51,0.01,0.01,75900.34,1776730756000
1776730757.768,257.768,0.64,0.65,0.35,0.4,0.01,0.05,75900.34,1776730756000
1776730758.102,258.102,0.65,0.66,0.34,0.35,0.01,0.01,75900.34,1776730756000
1776730758.56,258.56,0.65,0.66,0.34,0.35,0.01,0.01,75899.93,1776730757000
1776730758.931,258.931,0.65,0.66,0.34,0.35,0.01,0.01,75899.93,1776730757000
1776730759.311,259.311,0.65,0.66,0.34,0.35,0.01,0.01,75900.0,1776730758000
1776730759.891,259.891,0.65,0.66,0.34,0.35,0.01,0.01,75900.0,1776730758000
1776730760.276,260.276,0.65,0.66,0.34,0.35,0.01,0.01,75903.2,1776730759000
1776730760.745,260.745,0.65,0.66,0.34,0.35,0.01,0.01,75903.2,1776730759000
1776730761.458,261.458,0.65,0.66,0.34,0.35,0.01,0.01,75903.2,1776730759000
1776730761.832,261.832,0.71,0.72,0.28,0.31,0.01,0.03,75901.75,1776730760000
1776730762.197,262.197,0.74,0.76,0.24,0.29,0.02,0.05,75902.43,1776730761000
1776730762.54,262.54,0.75,0.8,0.22,0.25,0.05,0.03,75902.43,1776730761000
1776730762.884,262.884,0.85,0.88,0.12,0.15,0.03,0.03,75902.43,1776730761000
1776730763.241,263.241,0.86,0.88,0.12,0.16,0.02,0.04,75904.14,1776730762000
1776730763.574,263.574,0.75,0.77,0.23,0.25,0.02,0.02,75904.14,1776730762000
1776730763.912,263.912,0.72,0.73,0.26,0.28,0.01,0.02,75904.14,1776730762000
1776730764.357,264.357,0.74,0.75,0.25,0.26,0.01,0.01,75907.47,1776730763000
1776730764.692,264.692,0.74,0.75,0.25,0.26,0.01,0.01,75907.47,1776730763000
1776730765.07,265.07,0.73,0.74,0.26,0.27,0.01,0.01,75907.47,1776730763000
1776730765.407,265.407,0.73,0.74,0.26,0.27,0.01,0.01,75910.78,1776730764000
1776730765.776,265.776,0.73,0.74,0.26,0.27,0.01,0.01,75910.78,1776730764000
1776730766.358,266.358,0.74,0.75,0.25,0.27,0.01,0.02,75910.78,1776730764000
1776730766.705,266.705,0.73,0.75,0.25,0.26,0.02,0.01,75910.29,1776730765000
1776730767.093,267.093,0.73,0.74,0.26,0.27,0.01,0.01,75910.29,1776730765000
1776730767.447,267.447,0.73,0.74,0.26,0.27,0.01,0.01,75910.1,1776730766000
1776730767.788,267.788,0.73,0.74,0.26,0.27,0.01,0.01,75910.1,1776730766000
1776730768.318,268.318,0.73,0.74,0.26,0.27,0.01,0.01,75910.1,1776730766000
1776730768.809,268.809,0.73,0.74,0.26,0.27,0.01,0.01,75910.07,1776730767000
1776730769.169,269.169,0.73,0.74,0.26,0.27,0.01,0.01,75910.07,1776730767000
1776730769.511,269.511,0.73,0.74,0.26,0.27,0.01,0.01,75910.15,1776730768000
1776730769.855,269.855,0.74,0.75,0.25,0.26,0.01,0.01,75910.15,1776730768000
1776730770.203,270.203,0.75,0.76,0.24,0.25,0.01,0.01,75910.15,1776730768000
1776730770.657,270.657,0.74,0.75,0.25,0.26,0.01,0.01,75909.93,1776730769000
1776730771.038,271.038,0.74,0.75,0.25,0.26,0.01,0.01,75909.93,1776730769000
1776730771.39,271.39,0.74,0.75,0.25,0.26,0.01,0.01,75909.93,1776730770000
1776730771.969,271.969,0.74,0.75,0.25,0.26,0.01,0.01,75909.93,1776730770000
1776730772.502,272.502,0.75,0.76,0.24,0.25,0.01,0.01,75910.37,1776730771000
1776730772.866,272.866,0.75,0.76,0.24,0.25,0.01,0.01,75910.37,1776730771000
1776730773.304,273.304,0.78,0.79,0.2,0.24,0.01,0.04,75910.27,1776730772000
1776730774.064,274.064,0.81,0.82,0.2,0.22,0.01,0.02,75910.27,1776730772000
1776730774.41,274.41,0.86,0.87,0.13,0.14,0.01,0.01,75910.27,1776730773000
1776730774.766,274.766,0.86,0.88,0.13,0.14,0.02,0.01,75910.27,1776730773000
1776730775.125,275.125,0.87,0.88,0.12,0.13,0.01,0.01,75911.0,1776730774000
1776730775.517,275.517,0.8,0.87,0.13,0.14,0.07,0.01,75911.0,1776730774000
1776730775.874,275.874,0.79,0.8,0.2,0.21,0.01,0.01,75911.0,1776730774000
1776730776.213,276.213,0.79,0.8,0.2,0.21,0.01,0.01,75911.36,1776730775000
1776730776.641,276.641,0.72,0.73,0.2,0.29,0.01,0.09,75911.36,1776730775000
1776730776.979,276.979,0.71,0.72,0.28,0.29,0.01,0.01,75911.36,1776730775000
1776730777.318,277.318,0.75,0.76,0.24,0.25,0.01,0.01,75912.8,1776730776000
1776730778.041,278.041,0.75,0.76,0.24,0.25,0.01,0.01,75912.8,1776730776000
1776730778.396,278.396,0.79,0.84,0.15,0.24,0.05,0.09,75908.27,1776730777000
1776730778.961,278.961,0.82,0.85,0.15,0.18,0.03,0.03,75908.7,1776730778000
1776730779.336,279.336,0.87,0.88,0.12,0.14,0.01,0.02,75908.7,1776730778000
1776730779.803,279.803,0.87,0.88,0.12,0.13,0.01,0.01,75908.7,1776730778000
1776730780.149,280.149,0.87,0.88,0.12,0.13,0.01,0.01,75908.7,1776730778000
1776730780.503,280.503,0.87,0.88,0.12,0.13,0.01,0.01,75910.73,1776730779000
1776730780.896,280.896,0.87,0.88,0.12,0.13,0.01,0.01,75910.73,1776730779000
1776730781.347,281.347,0.91,0.92,0.08,0.09,0.01,0.01,75911.4,1776730780000
1776730781.715,281.715,0.91,0.92,0.08,0.09,0.01,0.01,75911.4,1776730780000
1776730782.053,282.053,0.85,0.86,0.14,0.15,0.01,0.01,75911.44,1776730781000
1776730782.439,282.439,0.8,0.81,0.14,0.21,0.01,0.07,75911.44,1776730781000
1776730782.784,282.784,0.79,0.8,0.2,0.21,0.01,0.01,75911.44,1776730781000
1776730783.149,283.149,0.79,0.8,0.2,0.21,0.01,0.01,75911.01,1776730782000
1776730783.546,283.546,0.77,0.8,0.2,0.21,0.03,0.01,75911.01,1776730782000
1776730783.882,283.882,0.78,0.82,0.15,0.18,0.04,0.03,75911.01,1776730782000
1776730784.22,284.22,0.76,0.78,0.22,0.24,0.02,0.02,75906.66,1776730783000
1776730784.728,284.728,0.78,0.79,0.22,0.23,0.01,0.01,75906.66,1776730783000
1776730785.117,285.117,0.78,0.79,0.21,0.22,0.01,0.01,75906.66,1776730783000
1776730785.455,285.455,0.8,0.81,0.2,0.21,0.01,0.01,75906.85,1776730784000
1776730785.799,285.799,0.81,0.82,0.18,0.19,0.01,0.01,75906.85,1776730784000
1776730786.136,286.136,0.71,0.82,0.18,0.29,0.11,0.11,75906.85,1776730784000
1776730786.487,286.487,0.79,0.8,0.2,0.21,0.01,0.01,75904.16,1776730785000
1776730786.879,286.879,0.79,0.8,0.2,0.21,0.01,0.01,75904.16,1776730785000
1776730787.231,287.231,0.83,0.84,0.16,0.18,0.01,0.02,75904.16,1776730785000
1776730787.623,287.623,0.83,0.84,0.16,0.17,0.01,0.01,75903.02,1776730786000
1776730787.96,287.96,0.83,0.84,0.16,0.17,0.01,0.01,75903.03,1776730787000
1776730788.345,288.345,0.82,0.83,0.16,0.17,0.01,0.01,75903.03,1776730787000
1776730788.811,288.811,0.81,0.82,0.18,0.19,0.01,0.01,75903.03,1776730787000
1776730789.187,289.187,0.81,0.82,0.18,0.19,0.01,0.01,75904.35,1776730788000
1776730789.52,289.52,0.71,0.72,0.18,0.19,0.01,0.01,75904.35,1776730788000
1776730789.899,289.899,0.84,0.85,0.17,0.23,0.01,0.06,75904.35,1776730788000
1776730790.405,290.405,0.84,0.85,0.15,0.16,0.01,0.01,75904.83,1776730789000
1776730790.874,290.874,0.83,0.84,0.16,0.17,0.01,0.01,75904.83,1776730789000
1776730791.236,291.236,0.83,0.84,0.16,0.17,0.01,0.01,75904.87,1776730790000
1776730791.588,291.588,0.83,0.84,0.16,0.17,0.01,0.01,75904.87,1776730790000
1776730791.957,291.957,0.81,0.82,0.17,0.18,0.01,0.01,75904.87,1776730790000
1776730792.319,292.319,0.82,0.83,0.17,0.18,0.01,0.01,75904.87,1776730790000
1776730792.807,292.807,0.85,0.86,0.13,0.16,0.01,0.03,75903.02,1776730791000
1776730793.16,293.16,0.86,0.87,0.13,0.14,0.01,0.01,75903.02,1776730791000
1776730793.575,293.575,0.86,0.87,0.13,0.14,0.01,0.01,75903.02,1776730791000
1776730793.909,293.909,0.87,0.88,0.12,0.13,0.01,0.01,75903.1,1776730792000
1776730794.315,294.315,0.87,0.88,0.12,0.13,0.01,0.01,75903.1,1776730792000
1776730794.925,294.925,0.87,0.88,0.12,0.13,0.01,0.01,75903.06,1776730793000
1776730795.3,295.3,0.86,0.89,0.12,0.13,0.03,0.01,75903.06,1776730793000
1776730795.691,295.691,0.93,0.94,0.06,0.07,0.01,0.01,75903.07,1776730794000
1776730796.043,296.043,0.89,0.9,0.1,0.11,0.01,0.01,75903.07,1776730794000
1776730796.463,296.463,0.92,0.97,0.07,0.08,0.05,0.01,75903.01,1776730795000
1776730796.801,296.801,0.96,0.97,0.03,0.05,0.01,0.02,75903.01,1776730795000
1776730797.135,297.135,0.96,0.97,0.03,0.04,0.01,0.01,75903.01,1776730795000
1776730797.521,297.521,0.96,0.97,0.02,0.04,0.01,0.02,75903.01,1776730796000
1776730797.954,297.954,0.98,0.99,0.01,0.02,0.01,0.01,75903.01,1776730796000
1776730798.294,298.294,0.62,0.75,0.25,0.38,0.13,0.13,75903.02,1776730797000
1776730798.641,298.641,0.6,0.91,0.38,0.4,0.31,0.02,75903.02,1776730797000
1776730799.003,299.003,0.62,0.63,0.37,0.38,0.01,0.01,75903.02,1776730797000
1776730799.371,299.371,0.95,0.96,0.04,0.05,0.01,0.01,75903.0,1776730798000
1776730799.72,299.72,0.97,0.99,0.01,0.03,0.02,0.02,75903.0,1776730798000
1776730800.075,300.075,0.99,0.98,0.02,0.01,-0.01,-0.01,75903.0,1776730798000
1776730800.414,300.414,0.99,0.98,0.02,0.01,-0.01,-0.01,75901.39,1776730799000
1776730800.758,300.758,0.99,0.01,0.99,0.01,-0.98,-0.98,75901.39,1776730799000

# RESULT,winner=Up,slug=btc-updown-5m-1776730500,ticks=679
