timestamp,elapsed_sec,up_bid,up_ask,down_bid,down_ask,up_spread,down_spread,btc_price,btc_oracle_ts
1776620700.518,0.518,0.51,0.52,0.48,0.49,0.01,0.01,75205.16,1776620698000
1776620700.863,0.863,0.5,0.51,0.49,0.51,0.01,0.02,75204.95,1776620699000
1776620701.366,1.366,0.5,0.51,0.49,0.5,0.01,0.01,75204.95,1776620699000
1776620701.769,1.769,0.5,0.51,0.49,0.5,0.01,0.01,75204.64,1776620700000
1776620702.165,2.165,0.5,0.51,0.49,0.5,0.01,0.01,75204.64,1776620700000
1776620702.653,2.653,0.5,0.51,0.49,0.5,0.01,0.01,75204.64,1776620700000
1776620703.007,3.007,0.5,0.51,0.49,0.5,0.01,0.01,75205.96,1776620701000
1776620703.431,3.431,0.5,0.51,0.49,0.5,0.01,0.01,75204.7,1776620702000
1776620703.798,3.798,0.5,0.51,0.49,0.5,0.01,0.01,75204.7,1776620702000
1776620704.196,4.196,0.5,0.51,0.49,0.5,0.01,0.01,75204.7,1776620702000
1776620704.642,4.642,0.5,0.51,0.49,0.5,0.01,0.01,75206,1776620703000
1776620705.209,5.209,0.5,0.51,0.49,0.5,0.01,0.01,75206,1776620704000
1776620705.984,5.984,0.5,0.51,0.49,0.5,0.01,0.01,75206,1776620704000
1776620706.324,6.324,0.49,0.51,0.49,0.51,0.02,0.02,75206,1776620704000
1776620706.672,6.672,0.4,0.42,0.58,0.6,0.02,0.02,75203.25,1776620705000
1776620707.089,7.089,0.38,0.4,0.6,0.63,0.02,0.03,75203.25,1776620705000
1776620707.436,7.436,0.37,0.38,0.62,0.63,0.01,0.01,75194.51,1776620706000
1776620707.779,7.779,0.37,0.38,0.62,0.63,0.01,0.01,75194.51,1776620706000
1776620708.193,8.193,0.36,0.37,0.63,0.64,0.01,0.01,75194.51,1776620706000
1776620708.543,8.543,0.36,0.37,0.63,0.64,0.01,0.01,75183.57,1776620707000
1776620708.928,8.928,0.35,0.36,0.64,0.65,0.01,0.01,75183.57,1776620707000
1776620709.367,9.367,0.35,0.36,0.64,0.65,0.01,0.01,75182.69,1776620708000
1776620709.825,9.825,0.35,0.36,0.64,0.65,0.01,0.01,75182.69,1776620708000
1776620710.184,10.184,0.35,0.36,0.64,0.65,0.01,0.01,75182.69,1776620708000
1776620710.668,10.668,0.35,0.36,0.64,0.65,0.01,0.01,75182.69,1776620708000
1776620711.039,11.039,0.35,0.36,0.64,0.65,0.01,0.01,75178.98,1776620709000
1776620711.377,11.377,0.33,0.34,0.66,0.67,0.01,0.01,75178.98,1776620709000
1776620711.73,11.73,0.33,0.34,0.66,0.67,0.01,0.01,75178.59,1776620710000
1776620712.197,12.197,0.33,0.34,0.66,0.67,0.01,0.01,75178.59,1776620710000
1776620712.809,12.809,0.33,0.34,0.66,0.67,0.01,0.01,75178.59,1776620710000
1776620713.23,13.23,0.33,0.34,0.66,0.67,0.01,0.01,75178.18,1776620711000
1776620713.575,13.575,0.35,0.37,0.63,0.65,0.02,0.02,75177.75,1776620712000
1776620713.981,13.981,0.37,0.38,0.62,0.65,0.01,0.03,75177.75,1776620712000
1776620714.327,14.327,0.37,0.39,0.62,0.63,0.02,0.01,75177.75,1776620712000
1776620714.761,14.761,0.38,0.39,0.61,0.62,0.01,0.01,75175.92,1776620713000
1776620715.129,15.129,0.38,0.4,0.61,0.62,0.02,0.01,75175.92,1776620713000
1776620715.496,15.496,0.38,0.4,0.6,0.62,0.02,0.02,75181.35,1776620714000
1776620715.854,15.854,0.4,0.41,0.59,0.61,0.01,0.02,75181.35,1776620714000
1776620716.19,16.19,0.4,0.41,0.59,0.6,0.01,0.01,75184.32,1776620715000
1776620716.589,16.589,0.41,0.43,0.58,0.59,0.02,0.01,75184.32,1776620715000
1776620716.999,16.999,0.43,0.44,0.56,0.57,0.01,0.01,75184.32,1776620715000
1776620717.347,17.347,0.43,0.44,0.56,0.57,0.01,0.01,75188.41,1776620716000
1776620717.896,17.896,0.43,0.44,0.56,0.57,0.01,0.01,75188.41,1776620716000
1776620718.254,18.254,0.43,0.44,0.56,0.57,0.01,0.01,75188.41,1776620716000
1776620718.757,18.757,0.43,0.44,0.56,0.57,0.01,0.01,75188.41,1776620716000
1776620719.22,19.22,0.43,0.44,0.56,0.57,0.01,0.01,75189.34,1776620717000
1776620719.965,19.965,0.43,0.44,0.56,0.57,0.01,0.01,75189.08,1776620718000
1776620720.318,20.318,0.43,0.44,0.56,0.57,0.01,0.01,75189.15,1776620719000
1776620720.667,20.667,0.44,0.45,0.55,0.56,0.01,0.01,75189.15,1776620719000
1776620721.037,21.037,0.44,0.45,0.55,0.56,0.01,0.01,75189.15,1776620719000
1776620721.392,21.392,0.44,0.45,0.55,0.56,0.01,0.01,75189.15,1776620719000
1776620721.868,21.868,0.45,0.46,0.54,0.55,0.01,0.01,75189.73,1776620720000
1776620722.259,22.259,0.45,0.46,0.54,0.55,0.01,0.01,75189.06,1776620721000
1776620722.791,22.791,0.45,0.46,0.54,0.55,0.01,0.01,75189.06,1776620721000
1776620723.184,23.184,0.45,0.46,0.54,0.55,0.01,0.01,75189.06,1776620721000
1776620723.526,23.526,0.45,0.47,0.54,0.55,0.02,0.01,75189.06,1776620721000
1776620723.933,23.933,0.46,0.48,0.53,0.54,0.02,0.01,75190.14,1776620722000
1776620724.275,24.275,0.49,0.5,0.5,0.51,0.01,0.01,75192.59,1776620723000
1776620724.641,24.641,0.49,0.5,0.5,0.51,0.01,0.01,75192.59,1776620723000
1776620725.035,25.035,0.49,0.5,0.5,0.51,0.01,0.01,75192.59,1776620723000
1776620725.368,25.368,0.51,0.52,0.48,0.49,0.01,0.01,75192.59,1776620723000
1776620725.78,25.78,0.51,0.52,0.48,0.49,0.01,0.01,75193.68,1776620724000
1776620726.229,26.229,0.51,0.52,0.48,0.49,0.01,0.01,75196.22,1776620725000
1776620726.628,26.628,0.51,0.52,0.48,0.49,0.01,0.01,75196.22,1776620725000
1776620727.17,27.17,0.51,0.52,0.48,0.49,0.01,0.01,75196.22,1776620725000
1776620727.616,27.616,0.51,0.52,0.48,0.49,0.01,0.01,75196.22,1776620725000
1776620728.197,28.197,0.51,0.52,0.48,0.49,0.01,0.01,75203.14,1776620726000
1776620728.544,28.544,0.51,0.52,0.48,0.49,0.01,0.01,75203.14,1776620726000
1776620728.947,28.947,0.51,0.52,0.48,0.49,0.01,0.01,75204.22,1776620727000
1776620729.544,29.544,0.51,0.52,0.48,0.49,0.01,0.01,75203.75,1776620728000
1776620729.897,29.897,0.51,0.52,0.48,0.49,0.01,0.01,75203.75,1776620728000
1776620730.321,30.321,0.51,0.52,0.48,0.49,0.01,0.01,75203.43,1776620729000
1776620730.706,30.706,0.51,0.52,0.48,0.49,0.01,0.01,75203.43,1776620729000
1776620731.212,31.212,0.51,0.52,0.48,0.49,0.01,0.01,75203.43,1776620729000
1776620731.6,31.6,0.51,0.52,0.48,0.49,0.01,0.01,75204.99,1776620730000
1776620732.153,32.153,0.51,0.52,0.48,0.49,0.01,0.01,75204.99,1776620730000
1776620732.509,32.509,0.51,0.52,0.48,0.49,0.01,0.01,75205.33,1776620731000
1776620733.037,33.037,0.51,0.52,0.48,0.49,0.01,0.01,75205.33,1776620731000
1776620733.419,33.419,0.51,0.52,0.48,0.49,0.01,0.01,75205.34,1776620732000
1776620733.789,33.789,0.51,0.52,0.48,0.49,0.01,0.01,75205.34,1776620733000
1776620734.179,34.179,0.51,0.52,0.48,0.49,0.01,0.01,75205.34,1776620733000
1776620734.835,34.835,0.51,0.52,0.48,0.49,0.01,0.01,75205.34,1776620733000
1776620735.169,35.169,0.56,0.58,0.43,0.44,0.02,0.01,75205.47,1776620734000
1776620735.538,35.538,0.58,0.59,0.41,0.42,0.01,0.01,75205.47,1776620734000
1776620735.909,35.909,0.58,0.59,0.41,0.42,0.01,0.01,75205.47,1776620734000
1776620736.279,36.279,0.58,0.59,0.41,0.42,0.01,0.01,75205.47,1776620734000
1776620736.682,36.682,0.58,0.59,0.41,0.42,0.01,0.01,75205.55,1776620735000
1776620737.168,37.168,0.58,0.59,0.41,0.42,0.01,0.01,75205.55,1776620735000
1776620737.554,37.554,0.58,0.59,0.41,0.42,0.01,0.01,75206.44,1776620736000
1776620737.929,37.929,0.58,0.59,0.41,0.42,0.01,0.01,75206.44,1776620736000
1776620738.281,38.281,0.59,0.6,0.4,0.41,0.01,0.01,75212.88,1776620737000
1776620738.652,38.652,0.59,0.6,0.4,0.41,0.01,0.01,75212.88,1776620737000
1776620738.989,38.989,0.59,0.6,0.4,0.41,0.01,0.01,75212.88,1776620737000
1776620739.4,39.4,0.59,0.6,0.4,0.41,0.01,0.01,75212.92,1776620738000
1776620740.083,40.083,0.59,0.6,0.4,0.41,0.01,0.01,75212.92,1776620738000
1776620740.784,40.784,0.59,0.6,0.4,0.41,0.01,0.01,75214.22,1776620739000
1776620741.286,41.286,0.59,0.6,0.4,0.41,0.01,0.01,75214.23,1776620740000
1776620741.972,41.972,0.59,0.6,0.4,0.41,0.01,0.01,75214.23,1776620740000
1776620742.327,42.327,0.53,0.55,0.45,0.46,0.02,0.01,75214.22,1776620741000
1776620742.856,42.856,0.53,0.54,0.45,0.47,0.01,0.02,75214.22,1776620741000
1776620743.253,43.253,0.53,0.54,0.46,0.47,0.01,0.01,75214.22,1776620742000
1776620743.682,43.682,0.53,0.54,0.46,0.47,0.01,0.01,75214.22,1776620742000
1776620744.268,44.268,0.53,0.54,0.46,0.47,0.01,0.01,75214.22,1776620742000
1776620745.451,45.451,0.53,0.54,0.46,0.47,0.01,0.01,75210.18,1776620743000
1776620745.859,45.859,0.53,0.54,0.46,0.47,0.01,0.01,75208.74,1776620744000
1776620746.211,46.211,0.53,0.54,0.46,0.47,0.01,0.01,75208.75,1776620745000
1776620746.56,46.56,0.53,0.54,0.46,0.47,0.01,0.01,75208.75,1776620745000
1776620746.932,46.932,0.53,0.54,0.46,0.47,0.01,0.01,75208.75,1776620745000
1776620747.589,47.589,0.53,0.54,0.46,0.47,0.01,0.01,75208.75,1776620746000
1776620748.152,48.152,0.53,0.54,0.46,0.47,0.01,0.01,75208.75,1776620746000
1776620748.492,48.492,0.53,0.54,0.46,0.47,0.01,0.01,75208.59,1776620747000
1776620748.891,48.891,0.53,0.54,0.46,0.47,0.01,0.01,75208.59,1776620747000
1776620749.317,49.317,0.53,0.54,0.46,0.47,0.01,0.01,75208.59,1776620747000
1776620749.663,49.663,0.53,0.54,0.46,0.47,0.01,0.01,75208.37,1776620748000
1776620750.04,50.04,0.53,0.54,0.46,0.47,0.01,0.01,75208.37,1776620749000
1776620750.39,50.39,0.53,0.54,0.46,0.47,0.01,0.01,75208.37,1776620749000
1776620751.159,51.159,0.53,0.56,0.46,0.47,0.03,0.01,75208.37,1776620749000
1776620751.509,51.509,0.56,0.57,0.43,0.44,0.01,0.01,75208.55,1776620750000
1776620751.843,51.843,0.56,0.6,0.4,0.44,0.04,0.04,75208.55,1776620750000
1776620752.2,52.2,0.59,0.6,0.4,0.41,0.01,0.01,75208.55,1776620750000
1776620752.696,52.696,0.59,0.6,0.4,0.41,0.01,0.01,75208.01,1776620751000
1776620753.073,53.073,0.61,0.62,0.38,0.39,0.01,0.01,75208.01,1776620751000
1776620753.466,53.466,0.61,0.62,0.38,0.39,0.01,0.01,75212.44,1776620752000
1776620753.83,53.83,0.61,0.62,0.38,0.39,0.01,0.01,75212.44,1776620752000
1776620754.422,54.422,0.61,0.62,0.38,0.39,0.01,0.01,75212.78,1776620753000
1776620754.82,54.82,0.61,0.62,0.38,0.39,0.01,0.01,75212.78,1776620753000
1776620755.258,55.258,0.61,0.62,0.38,0.39,0.01,0.01,75217.59,1776620754000
1776620755.601,55.601,0.61,0.62,0.38,0.39,0.01,0.01,75217.59,1776620754000
1776620755.939,55.939,0.61,0.62,0.38,0.39,0.01,0.01,75217.59,1776620754000
1776620756.317,56.317,0.61,0.62,0.38,0.39,0.01,0.01,75218.19,1776620755000
1776620756.798,56.798,0.61,0.62,0.38,0.39,0.01,0.01,75218.19,1776620755000
1776620757.153,57.153,0.61,0.62,0.38,0.39,0.01,0.01,75218.19,1776620755000
1776620757.555,57.555,0.61,0.62,0.38,0.39,0.01,0.01,75218.19,1776620755000
1776620758.146,58.146,0.61,0.62,0.38,0.39,0.01,0.01,75218.41,1776620756000
1776620758.587,58.587,0.61,0.62,0.38,0.39,0.01,0.01,75218.41,1776620757000
1776620758.975,58.975,0.6,0.62,0.38,0.39,0.02,0.01,75218.41,1776620757000
1776620759.329,59.329,0.6,0.61,0.39,0.4,0.01,0.01,75218.56,1776620758000
1776620759.67,59.67,0.6,0.61,0.39,0.4,0.01,0.01,75218.56,1776620758000
1776620760.495,60.495,0.6,0.61,0.39,0.4,0.01,0.01,75218.56,1776620758000
1776620760.846,60.846,0.59,0.6,0.4,0.41,0.01,0.01,75218.63,1776620759000
1776620761.199,61.199,0.59,0.6,0.4,0.41,0.01,0.01,75217.93,1776620760000
1776620761.608,61.608,0.59,0.6,0.4,0.41,0.01,0.01,75217.93,1776620760000
1776620761.973,61.973,0.6,0.63,0.37,0.41,0.03,0.04,75217.93,1776620760000
1776620762.312,62.312,0.69,0.7,0.3,0.31,0.01,0.01,75217.93,1776620760000
1776620762.796,62.796,0.68,0.7,0.3,0.32,0.02,0.02,75217.96,1776620761000
1776620763.139,63.139,0.69,0.7,0.3,0.31,0.01,0.01,75217.96,1776620761000
1776620763.482,63.482,0.69,0.7,0.3,0.31,0.01,0.01,75222.45,1776620762000
1776620763.827,63.827,0.69,0.7,0.3,0.31,0.01,0.01,75222.45,1776620762000
1776620764.355,64.355,0.69,0.7,0.3,0.31,0.01,0.01,75224.67,1776620763000
1776620764.711,64.711,0.69,0.7,0.3,0.31,0.01,0.01,75224.67,1776620763000
1776620765.131,65.131,0.69,0.7,0.3,0.31,0.01,0.01,75224.67,1776620763000
1776620765.479,65.479,0.69,0.7,0.3,0.31,0.01,0.01,75229.4,1776620764000
1776620765.962,65.962,0.71,0.72,0.28,0.29,0.01,0.01,75229.4,1776620764000
1776620766.32,66.32,0.71,0.72,0.28,0.29,0.01,0.01,75229.4,1776620764000
1776620766.709,66.709,0.71,0.72,0.28,0.29,0.01,0.01,75229.85,1776620765000
1776620767.074,67.074,0.71,0.72,0.28,0.29,0.01,0.01,75234.64,1776620766000
1776620767.463,67.463,0.71,0.72,0.28,0.29,0.01,0.01,75234.64,1776620766000
1776620767.819,67.819,0.71,0.72,0.28,0.29,0.01,0.01,75234.64,1776620766000
1776620768.168,68.168,0.71,0.72,0.28,0.29,0.01,0.01,75234.64,1776620766000
1776620768.549,68.549,0.71,0.72,0.28,0.29,0.01,0.01,75235.04,1776620767000
1776620768.903,68.903,0.71,0.72,0.28,0.29,0.01,0.01,75235.04,1776620767000
1776620769.449,69.449,0.7,0.72,0.28,0.29,0.02,0.01,75235.04,1776620767000
1776620769.782,69.782,0.6,0.61,0.39,0.4,0.01,0.01,75235.32,1776620768000
1776620770.142,70.142,0.6,0.61,0.39,0.4,0.01,0.01,75235.44,1776620769000
1776620770.511,70.511,0.6,0.61,0.38,0.4,0.01,0.02,75235.44,1776620769000
1776620770.853,70.853,0.62,0.63,0.37,0.38,0.01,0.01,75235.44,1776620769000
1776620771.22,71.22,0.62,0.63,0.37,0.38,0.01,0.01,75230.44,1776620770000
1776620771.713,71.713,0.62,0.63,0.37,0.38,0.01,0.01,75230.44,1776620770000
1776620772.046,72.046,0.62,0.63,0.37,0.38,0.01,0.01,75230.44,1776620770000
1776620772.39,72.39,0.62,0.64,0.37,0.38,0.02,0.01,75223.53,1776620771000
1776620772.729,72.729,0.64,0.65,0.35,0.37,0.01,0.02,75223.53,1776620771000
1776620773.259,73.259,0.65,0.66,0.34,0.35,0.01,0.01,75223.58,1776620772000
1776620774.072,74.072,0.65,0.66,0.34,0.35,0.01,0.01,75223.58,1776620772000
1776620774.502,74.502,0.64,0.65,0.35,0.36,0.01,0.01,75223.58,1776620772000
1776620775.014,75.014,0.64,0.65,0.35,0.36,0.01,0.01,75223.94,1776620773000
1776620775.668,75.668,0.64,0.65,0.35,0.36,0.01,0.01,75224.38,1776620774000
1776620776.248,76.248,0.64,0.65,0.35,0.36,0.01,0.01,75224.38,1776620774000
1776620776.665,76.665,0.64,0.65,0.35,0.36,0.01,0.01,75224.36,1776620775000
1776620777.011,77.011,0.64,0.65,0.35,0.36,0.01,0.01,75224.36,1776620775000
1776620777.428,77.428,0.64,0.65,0.35,0.37,0.01,0.02,75224.29,1776620776000
1776620777.786,77.786,0.64,0.65,0.35,0.36,0.01,0.01,75224.29,1776620776000
1776620778.122,78.122,0.64,0.65,0.35,0.36,0.01,0.01,75224.29,1776620776000
1776620778.553,78.553,0.64,0.65,0.35,0.36,0.01,0.01,75224.11,1776620777000
1776620778.9,78.9,0.64,0.65,0.35,0.36,0.01,0.01,75224.11,1776620777000
1776620779.245,79.245,0.64,0.65,0.35,0.36,0.01,0.01,75224.11,1776620777000
1776620779.589,79.589,0.64,0.65,0.35,0.36,0.01,0.01,75224.08,1776620778000
1776620780.137,80.137,0.65,0.66,0.34,0.35,0.01,0.01,75224.08,1776620778000
1776620780.846,80.846,0.65,0.66,0.34,0.35,0.01,0.01,75224.08,1776620779000
1776620781.211,81.211,0.65,0.66,0.34,0.35,0.01,0.01,75224.09,1776620780000
1776620781.974,81.974,0.65,0.66,0.34,0.35,0.01,0.01,75224.09,1776620780000
1776620782.407,82.407,0.65,0.66,0.34,0.35,0.01,0.01,75224.25,1776620781000
1776620782.764,82.764,0.63,0.64,0.36,0.37,0.01,0.01,75224.25,1776620781000
1776620783.205,83.205,0.63,0.64,0.36,0.37,0.01,0.01,75224.25,1776620781000
1776620783.551,83.551,0.63,0.64,0.36,0.37,0.01,0.01,75224.27,1776620782000
1776620783.903,83.903,0.63,0.64,0.36,0.37,0.01,0.01,75224.27,1776620782000
1776620784.929,84.929,0.63,0.64,0.36,0.37,0.01,0.01,75223.71,1776620783000
1776620785.293,85.293,0.63,0.65,0.36,0.37,0.02,0.01,75223.09,1776620784000
1776620785.663,85.663,0.66,0.67,0.32,0.36,0.01,0.04,75223.09,1776620784000
1776620786.039,86.039,0.66,0.67,0.33,0.34,0.01,0.01,75223.09,1776620784000
1776620786.525,86.525,0.66,0.67,0.33,0.34,0.01,0.01,75223.08,1776620785000
1776620786.924,86.924,0.66,0.67,0.33,0.34,0.01,0.01,75223.08,1776620785000
1776620787.267,87.267,0.66,0.67,0.33,0.34,0.01,0.01,75223.08,1776620785000
1776620787.643,87.643,0.66,0.67,0.33,0.34,0.01,0.01,75223.18,1776620786000
1776620788.043,88.043,0.66,0.67,0.33,0.34,0.01,0.01,75223.18,1776620786000
1776620788.564,88.564,0.65,0.67,0.33,0.34,0.02,0.01,75223.76,1776620787000
1776620789.012,89.012,0.66,0.67,0.33,0.35,0.01,0.02,75223.76,1776620787000
1776620789.519,89.519,0.66,0.67,0.33,0.34,0.01,0.01,75223.76,1776620787000
1776620790.054,90.054,0.66,0.67,0.33,0.34,0.01,0.01,75223.8,1776620788000
1776620790.436,90.436,0.66,0.67,0.33,0.34,0.01,0.01,75223.81,1776620789000
1776620790.802,90.802,0.66,0.67,0.33,0.34,0.01,0.01,75223.81,1776620790000
1776620791.172,91.172,0.66,0.67,0.33,0.34,0.01,0.01,75223.81,1776620790000
1776620791.538,91.538,0.69,0.7,0.3,0.32,0.01,0.02,75223.81,1776620790000
1776620791.903,91.903,0.69,0.7,0.3,0.31,0.01,0.01,75223.82,1776620791000
1776620792.242,92.242,0.67,0.69,0.31,0.33,0.02,0.02,75223.82,1776620791000
1776620792.749,92.749,0.66,0.67,0.33,0.34,0.01,0.01,75223.82,1776620791000
1776620793.14,93.14,0.65,0.67,0.33,0.35,0.02,0.02,75225.73,1776620792000
1776620793.507,93.507,0.65,0.66,0.34,0.35,0.01,0.01,75225.73,1776620792000
1776620793.855,93.855,0.65,0.66,0.34,0.35,0.01,0.01,75225.73,1776620792000
1776620794.475,94.475,0.65,0.66,0.34,0.35,0.01,0.01,75228.06,1776620793000
1776620794.863,94.863,0.65,0.66,0.34,0.35,0.01,0.01,75228.06,1776620793000
1776620795.245,95.245,0.65,0.66,0.34,0.35,0.01,0.01,75227.87,1776620794000
1776620795.588,95.588,0.65,0.66,0.34,0.35,0.01,0.01,75227.87,1776620794000
1776620795.981,95.981,0.65,0.66,0.34,0.35,0.01,0.01,75227.87,1776620794000
1776620796.321,96.321,0.65,0.66,0.34,0.35,0.01,0.01,75228.0,1776620795000
1776620796.762,96.762,0.65,0.66,0.34,0.35,0.01,0.01,75228.0,1776620795000
1776620797.107,97.107,0.65,0.66,0.34,0.35,0.01,0.01,75228.0,1776620795000
1776620797.457,97.457,0.65,0.66,0.34,0.35,0.01,0.01,75227.94,1776620796000
1776620797.911,97.911,0.65,0.66,0.34,0.35,0.01,0.01,75227.94,1776620796000
1776620798.508,98.508,0.64,0.66,0.34,0.35,0.02,0.01,75227.94,1776620797000
1776620798.843,98.843,0.64,0.65,0.35,0.36,0.01,0.01,75227.94,1776620797000
1776620799.222,99.222,0.64,0.65,0.35,0.36,0.01,0.01,75227.93,1776620798000
1776620799.806,99.806,0.64,0.65,0.35,0.36,0.01,0.01,75227.93,1776620798000
1776620800.145,100.145,0.64,0.65,0.35,0.36,0.01,0.01,75227.93,1776620798000
1776620800.632,100.632,0.66,0.67,0.33,0.34,0.01,0.01,75226.22,1776620799000
1776620800.981,100.981,0.66,0.67,0.33,0.34,0.01,0.01,75226.22,1776620799000
1776620801.54,101.54,0.66,0.67,0.33,0.34,0.01,0.01,75226.12,1776620800000
1776620802.25,102.25,0.66,0.67,0.33,0.34,0.01,0.01,75226.9,1776620801000
1776620802.646,102.646,0.66,0.67,0.33,0.34,0.01,0.01,75226.9,1776620801000
1776620803.322,103.322,0.66,0.67,0.33,0.34,0.01,0.01,75226.9,1776620801000
1776620803.656,103.656,0.66,0.67,0.33,0.34,0.01,0.01,75227.62,1776620802000
1776620804.364,104.364,0.66,0.67,0.33,0.34,0.01,0.01,75227.62,1776620803000
1776620804.957,104.957,0.66,0.67,0.33,0.34,0.01,0.01,75227.6,1776620804000
1776620805.39,105.39,0.66,0.67,0.33,0.34,0.01,0.01,75227.6,1776620804000
1776620806.032,106.032,0.66,0.67,0.33,0.34,0.01,0.01,75227.6,1776620804000
1776620806.86,106.86,0.66,0.67,0.33,0.34,0.01,0.01,75227.45,1776620805000
1776620807.278,107.278,0.66,0.67,0.33,0.34,0.01,0.01,75227.4,1776620806000
1776620807.828,107.828,0.66,0.67,0.33,0.34,0.01,0.01,75227.4,1776620806000
1776620808.175,108.175,0.55,0.58,0.42,0.45,0.03,0.03,75227.4,1776620806000
1776620808.516,108.516,0.47,0.51,0.49,0.53,0.04,0.04,75227.46,1776620807000
1776620808.86,108.86,0.48,0.49,0.51,0.52,0.01,0.01,75227.46,1776620807000
1776620809.201,109.201,0.48,0.49,0.51,0.52,0.01,0.01,75227.46,1776620807000
1776620809.591,109.591,0.47,0.48,0.52,0.54,0.01,0.02,75219.77,1776620808000
1776620809.953,109.953,0.4,0.42,0.58,0.6,0.02,0.02,75219.77,1776620808000
1776620810.304,110.304,0.37,0.4,0.6,0.63,0.03,0.03,75209.29,1776620809000
1776620810.644,110.644,0.35,0.38,0.61,0.64,0.03,0.03,75209.29,1776620809000
1776620811.004,111.004,0.34,0.36,0.63,0.66,0.02,0.03,75209.29,1776620809000
1776620811.346,111.346,0.34,0.35,0.65,0.68,0.01,0.03,75201.01,1776620810000
1776620811.695,111.695,0.32,0.35,0.65,0.66,0.03,0.01,75201.01,1776620810000
1776620812.248,112.248,0.31,0.32,0.68,0.69,0.01,0.01,75189.91,1776620811000
1776620812.68,112.68,0.31,0.32,0.68,0.69,0.01,0.01,75189.91,1776620811000
1776620813.099,113.099,0.31,0.32,0.68,0.69,0.01,0.01,75189.91,1776620811000
1776620813.55,113.55,0.31,0.32,0.68,0.69,0.01,0.01,75183.75,1776620812000
1776620813.885,113.885,0.31,0.32,0.68,0.69,0.01,0.01,75183.75,1776620812000
1776620814.351,114.351,0.31,0.32,0.68,0.69,0.01,0.01,75183.75,1776620812000
1776620814.707,114.707,0.31,0.32,0.68,0.69,0.01,0.01,75180.8,1776620813000
1776620815.113,115.113,0.31,0.32,0.68,0.69,0.01,0.01,75180.8,1776620813000
1776620815.495,115.495,0.29,0.3,0.7,0.71,0.01,0.01,75180.8,1776620813000
1776620815.835,115.835,0.29,0.3,0.7,0.71,0.01,0.01,75178.4,1776620814000
1776620816.235,116.235,0.29,0.3,0.7,0.71,0.01,0.01,75178.6,1776620815000
1776620816.782,116.782,0.26,0.27,0.73,0.75,0.01,0.02,75178.6,1776620815000
1776620817.183,117.183,0.26,0.27,0.73,0.74,0.01,0.01,75177.17,1776620816000
1776620817.524,117.524,0.26,0.27,0.73,0.74,0.01,0.01,75177.17,1776620816000
1776620818.181,118.181,0.23,0.24,0.76,0.77,0.01,0.01,75177.17,1776620816000
1776620818.521,118.521,0.26,0.28,0.72,0.74,0.02,0.02,75177.17,1776620816000
1776620818.86,118.86,0.28,0.29,0.71,0.72,0.01,0.01,75169.63,1776620817000
1776620819.203,119.203,0.29,0.3,0.7,0.72,0.01,0.02,75169.63,1776620817000
1776620819.538,119.538,0.29,0.3,0.7,0.71,0.01,0.01,75169.63,1776620817000
1776620820.247,120.247,0.29,0.3,0.7,0.71,0.01,0.01,75168.9,1776620818000
1776620820.617,120.617,0.29,0.3,0.7,0.71,0.01,0.01,75168.9,1776620818000
1776620821.04,121.04,0.29,0.3,0.7,0.71,0.01,0.01,75168.7,1776620819000
1776620821.57,121.57,0.29,0.3,0.7,0.71,0.01,0.01,75168.7,1776620819000
1776620822.207,122.207,0.29,0.3,0.7,0.71,0.01,0.01,75168.7,1776620819000
1776620822.59,122.59,0.29,0.3,0.7,0.71,0.01,0.01,75168.7,1776620819000
1776620822.968,122.968,0.3,0.31,0.69,0.7,0.01,0.01,75168.7,1776620819000
1776620823.31,123.31,0.3,0.31,0.69,0.7,0.01,0.01,75168.7,1776620819000
1776620823.687,123.687,0.3,0.31,0.69,0.7,0.01,0.01,75168.7,1776620819000
1776620824.074,124.074,0.3,0.31,0.69,0.7,0.01,0.01,75168.7,1776620819000
1776620824.506,124.506,0.3,0.31,0.69,0.7,0.01,0.01,75168.7,1776620819000
1776620824.868,124.868,0.3,0.31,0.69,0.7,0.01,0.01,75168.7,1776620819000
1776620825.249,125.249,0.3,0.31,0.69,0.7,0.01,0.01,75168.7,1776620819000
1776620825.91,125.91,0.3,0.31,0.69,0.7,0.01,0.01,75168.7,1776620819000
1776620826.411,126.411,0.3,0.31,0.69,0.7,0.01,0.01,75168.7,1776620819000
1776620826.806,126.806,0.3,0.31,0.69,0.7,0.01,0.01,75168.7,1776620819000
1776620827.192,127.192,0.3,0.31,0.69,0.7,0.01,0.01,75168.7,1776620819000
1776620827.667,127.667,0.3,0.31,0.69,0.7,0.01,0.01,75168.7,1776620819000
1776620828.055,128.055,0.3,0.31,0.69,0.7,0.01,0.01,75168.7,1776620819000
1776620828.447,128.447,0.3,0.31,0.69,0.7,0.01,0.01,75168.7,1776620819000
1776620828.797,128.797,0.3,0.31,0.69,0.7,0.01,0.01,75174.52,1776620827000
1776620829.184,129.184,0.3,0.31,0.69,0.7,0.01,0.01,75174.52,1776620827000
1776620829.935,129.935,0.3,0.31,0.69,0.7,0.01,0.01,75174.5,1776620828000
1776620830.322,130.322,0.3,0.31,0.69,0.7,0.01,0.01,75174.52,1776620829000
1776620830.897,130.897,0.3,0.31,0.69,0.7,0.01,0.01,75174.52,1776620829000
1776620831.527,131.527,0.3,0.31,0.69,0.7,0.01,0.01,75174.52,1776620829000
1776620831.887,131.887,0.32,0.33,0.67,0.68,0.01,0.01,75174.54,1776620830000
1776620832.296,132.296,0.32,0.33,0.67,0.68,0.01,0.01,75174.54,1776620830000
1776620832.638,132.638,0.3,0.31,0.69,0.7,0.01,0.01,75174.57,1776620831000
1776620833.031,133.031,0.29,0.3,0.7,0.71,0.01,0.01,75174.57,1776620831000
1776620833.464,133.464,0.29,0.3,0.7,0.71,0.01,0.01,75174.6,1776620832000
1776620833.908,133.908,0.29,0.3,0.7,0.71,0.01,0.01,75174.6,1776620832000
1776620834.253,134.253,0.29,0.3,0.7,0.71,0.01,0.01,75174.6,1776620832000
1776620834.646,134.646,0.29,0.3,0.7,0.71,0.01,0.01,75174.72,1776620833000
1776620835.154,135.154,0.29,0.3,0.7,0.71,0.01,0.01,75174.72,1776620833000
1776620835.567,135.567,0.29,0.3,0.7,0.71,0.01,0.01,75173.43,1776620834000
1776620836.234,136.234,0.29,0.3,0.7,0.71,0.01,0.01,75173.43,1776620834000
1776620836.642,136.642,0.28,0.3,0.7,0.72,0.02,0.02,75172.4,1776620835000
1776620837.192,137.192,0.26,0.27,0.73,0.74,0.01,0.01,75172.54,1776620836000
1776620837.546,137.546,0.26,0.27,0.73,0.74,0.01,0.01,75172.54,1776620836000
1776620837.898,137.898,0.26,0.27,0.73,0.74,0.01,0.01,75172.54,1776620836000
1776620838.313,138.313,0.26,0.27,0.73,0.74,0.01,0.01,75171.42,1776620837000
1776620838.965,138.965,0.26,0.27,0.73,0.74,0.01,0.01,75171.1,1776620838000
1776620839.51,139.51,0.26,0.27,0.73,0.74,0.01,0.01,75171.1,1776620838000
1776620839.863,139.863,0.25,0.26,0.74,0.75,0.01,0.01,75171.1,1776620838000
1776620840.232,140.232,0.25,0.26,0.74,0.75,0.01,0.01,75169.25,1776620839000
1776620840.569,140.569,0.25,0.26,0.74,0.75,0.01,0.01,75169.25,1776620839000
1776620840.93,140.93,0.25,0.26,0.74,0.75,0.01,0.01,75169.25,1776620839000
1776620841.392,141.392,0.25,0.26,0.74,0.75,0.01,0.01,75169.01,1776620840000
1776620841.726,141.726,0.25,0.26,0.74,0.75,0.01,0.01,75169.01,1776620840000
1776620842.116,142.116,0.25,0.26,0.74,0.75,0.01,0.01,75169.01,1776620840000
1776620842.49,142.49,0.25,0.26,0.74,0.75,0.01,0.01,75170.35,1776620841000
1776620842.951,142.951,0.25,0.26,0.74,0.75,0.01,0.01,75170.35,1776620841000
1776620843.688,143.688,0.25,0.26,0.74,0.75,0.01,0.01,75170.95,1776620842000
1776620844.104,144.104,0.25,0.26,0.74,0.75,0.01,0.01,75170.98,1776620843000
1776620844.633,144.633,0.25,0.26,0.74,0.75,0.01,0.01,75170.98,1776620843000
1776620844.998,144.998,0.25,0.26,0.74,0.75,0.01,0.01,75170.98,1776620843000
1776620845.454,145.454,0.25,0.26,0.74,0.75,0.01,0.01,75170.94,1776620844000
1776620845.91,145.91,0.25,0.26,0.74,0.75,0.01,0.01,75170.94,1776620844000
1776620846.395,146.395,0.25,0.26,0.74,0.75,0.01,0.01,75170.94,1776620844000
1776620846.847,146.847,0.25,0.26,0.74,0.75,0.01,0.01,75171.0,1776620845000
1776620847.249,147.249,0.25,0.26,0.74,0.75,0.01,0.01,75171.0,1776620846000
1776620847.583,147.583,0.25,0.26,0.74,0.75,0.01,0.01,75171.0,1776620846000
1776620848.011,148.011,0.25,0.26,0.74,0.75,0.01,0.01,75171.0,1776620846000
1776620848.401,148.401,0.25,0.26,0.74,0.75,0.01,0.01,75171.08,1776620847000
1776620848.906,148.906,0.25,0.26,0.74,0.75,0.01,0.01,75171.08,1776620847000
1776620849.347,149.347,0.25,0.26,0.74,0.75,0.01,0.01,75171.08,1776620847000
1776620849.707,149.707,0.28,0.29,0.71,0.73,0.01,0.02,75171.15,1776620848000
1776620850.093,150.093,0.28,0.29,0.71,0.72,0.01,0.01,75171.15,1776620848000
1776620850.485,150.485,0.28,0.29,0.71,0.72,0.01,0.01,75171.15,1776620849000
1776620850.823,150.823,0.28,0.29,0.71,0.72,0.01,0.01,75171.15,1776620849000
1776620851.412,151.412,0.28,0.29,0.71,0.72,0.01,0.01,75171.15,1776620849000
1776620851.754,151.754,0.28,0.29,0.71,0.72,0.01,0.01,75171.35,1776620850000
1776620852.14,152.14,0.27,0.28,0.72,0.73,0.01,0.01,75172.88,1776620851000
1776620852.636,152.636,0.27,0.28,0.72,0.73,0.01,0.01,75172.88,1776620851000
1776620853.278,153.278,0.26,0.27,0.72,0.74,0.01,0.02,75172.88,1776620851000
1776620853.675,153.675,0.26,0.27,0.73,0.74,0.01,0.01,75173.26,1776620852000
1776620854.076,154.076,0.26,0.27,0.73,0.74,0.01,0.01,75173.26,1776620852000
1776620854.425,154.425,0.26,0.27,0.73,0.74,0.01,0.01,75172.22,1776620853000
1776620855.021,155.021,0.26,0.27,0.73,0.74,0.01,0.01,75172.22,1776620853000
1776620855.386,155.386,0.26,0.27,0.73,0.74,0.01,0.01,75172.13,1776620854000
1776620855.756,155.756,0.25,0.26,0.73,0.75,0.01,0.02,75172.13,1776620854000
1776620856.475,156.475,0.25,0.26,0.74,0.75,0.01,0.01,75172.25,1776620855000
1776620856.883,156.883,0.25,0.26,0.74,0.75,0.01,0.01,75171.72,1776620856000
1776620857.41,157.41,0.25,0.26,0.74,0.75,0.01,0.01,75171.72,1776620856000
1776620857.751,157.751,0.24,0.25,0.74,0.75,0.01,0.01,75171.72,1776620856000
1776620858.305,158.305,0.24,0.25,0.75,0.76,0.01,0.01,75171.54,1776620857000
1776620858.645,158.645,0.24,0.25,0.75,0.76,0.01,0.01,75171.54,1776620857000
1776620858.999,158.999,0.23,0.24,0.76,0.77,0.01,0.01,75171.54,1776620857000
1776620859.773,159.773,0.22,0.23,0.76,0.77,0.01,0.01,75170.56,1776620858000
1776620860.223,160.223,0.21,0.23,0.77,0.79,0.02,0.02,75169.69,1776620859000
1776620860.592,160.592,0.21,0.22,0.78,0.79,0.01,0.01,75169.69,1776620859000
1776620860.977,160.977,0.21,0.22,0.78,0.79,0.01,0.01,75169.69,1776620859000
1776620861.602,161.602,0.21,0.22,0.78,0.79,0.01,0.01,75167.17,1776620860000
1776620861.937,161.937,0.21,0.22,0.78,0.79,0.01,0.01,75167.17,1776620860000
1776620862.28,162.28,0.21,0.22,0.78,0.79,0.01,0.01,75167.17,1776620860000
1776620862.678,162.678,0.21,0.22,0.78,0.79,0.01,0.01,75166.66,1776620861000
1776620863.046,163.046,0.21,0.22,0.78,0.79,0.01,0.01,75166.66,1776620861000
1776620863.384,163.384,0.21,0.22,0.78,0.79,0.01,0.01,75166.36,1776620862000
1776620863.734,163.734,0.21,0.22,0.78,0.79,0.01,0.01,75166.36,1776620862000
1776620864.403,164.403,0.21,0.22,0.78,0.79,0.01,0.01,75166.36,1776620863000
1776620864.977,164.977,0.21,0.22,0.78,0.79,0.01,0.01,75165.97,1776620864000
1776620865.892,165.892,0.21,0.22,0.78,0.79,0.01,0.01,75165.97,1776620864000
1776620866.237,166.237,0.21,0.22,0.78,0.79,0.01,0.01,75165.97,1776620865000
1776620867.02,167.02,0.21,0.22,0.78,0.79,0.01,0.01,75165.97,1776620865000
1776620867.632,167.632,0.21,0.22,0.78,0.79,0.01,0.01,75167.78,1776620866000
1776620868.071,168.071,0.2,0.22,0.78,0.79,0.02,0.01,75167.78,1776620866000
1776620868.407,168.407,0.17,0.19,0.81,0.83,0.02,0.02,75167.24,1776620867000
1776620868.823,168.823,0.16,0.18,0.82,0.84,0.02,0.02,75167.24,1776620867000
1776620869.18,169.18,0.16,0.17,0.83,0.84,0.01,0.01,75167.24,1776620867000
1776620869.533,169.533,0.14,0.16,0.84,0.86,0.02,0.02,75166.21,1776620868000
1776620869.868,169.868,0.14,0.15,0.85,0.86,0.01,0.01,75166.21,1776620868000
1776620870.24,170.24,0.14,0.15,0.85,0.86,0.01,0.01,75155.6,1776620869000
1776620870.581,170.581,0.14,0.15,0.85,0.86,0.01,0.01,75155.6,1776620869000
1776620871.151,171.151,0.14,0.15,0.85,0.86,0.01,0.01,75155.6,1776620869000
1776620871.509,171.509,0.14,0.15,0.85,0.86,0.01,0.01,75151.89,1776620870000
1776620872.454,172.454,0.14,0.15,0.85,0.86,0.01,0.01,75151.02,1776620871000
1776620872.792,172.792,0.14,0.15,0.85,0.86,0.01,0.01,75151.02,1776620871000
1776620873.344,173.344,0.14,0.15,0.85,0.86,0.01,0.01,75151.0,1776620872000
1776620873.984,173.984,0.14,0.15,0.85,0.86,0.01,0.01,75151.63,1776620873000
1776620874.325,174.325,0.14,0.15,0.85,0.86,0.01,0.01,75151.63,1776620873000
1776620874.674,174.674,0.14,0.15,0.85,0.86,0.01,0.01,75151.63,1776620873000
1776620875.035,175.035,0.14,0.15,0.85,0.86,0.01,0.01,75152.41,1776620874000
1776620875.808,175.808,0.14,0.15,0.85,0.86,0.01,0.01,75152.41,1776620874000
1776620876.189,176.189,0.13,0.14,0.85,0.87,0.01,0.02,75152.29,1776620875000
1776620876.595,176.595,0.13,0.14,0.86,0.87,0.01,0.01,75152.29,1776620875000
1776620876.987,176.987,0.13,0.14,0.86,0.87,0.01,0.01,75152.29,1776620875000
1776620877.34,177.34,0.12,0.13,0.86,0.88,0.01,0.02,75151.77,1776620876000
1776620877.69,177.69,0.11,0.13,0.87,0.89,0.02,0.02,75151.77,1776620876000
1776620878.08,178.08,0.11,0.12,0.88,0.89,0.01,0.01,75151.18,1776620877000
1776620878.526,178.526,0.11,0.12,0.88,0.89,0.01,0.01,75151.18,1776620877000
1776620879.046,179.046,0.11,0.12,0.88,0.89,0.01,0.01,75148.32,1776620878000
1776620879.669,179.669,0.11,0.12,0.88,0.89,0.01,0.01,75148.32,1776620878000
1776620880.01,180.01,0.11,0.12,0.88,0.89,0.01,0.01,75148.32,1776620878000
1776620881.096,181.096,0.11,0.13,0.88,0.89,0.02,0.01,75147.48,1776620879000
1776620881.856,181.856,0.11,0.12,0.88,0.89,0.01,0.01,75147.18,1776620880000
1776620882.217,182.217,0.11,0.12,0.88,0.89,0.01,0.01,75146.33,1776620881000
1776620882.559,182.559,0.11,0.12,0.88,0.89,0.01,0.01,75146.33,1776620881000
1776620883.254,183.254,0.1,0.11,0.88,0.9,0.01,0.02,75146.33,1776620881000
1776620883.591,183.591,0.1,0.12,0.88,0.9,0.02,0.02,75146.33,1776620881000
1776620883.926,183.926,0.11,0.12,0.88,0.89,0.01,0.01,75146.33,1776620882000
1776620884.269,184.269,0.11,0.12,0.88,0.89,0.01,0.01,75146.33,1776620882000
1776620884.65,184.65,0.11,0.13,0.87,0.89,0.02,0.02,75147.46,1776620883000
1776620885.081,185.081,0.12,0.13,0.87,0.88,0.01,0.01,75147.46,1776620883000
1776620885.541,185.541,0.12,0.13,0.87,0.88,0.01,0.01,75148.71,1776620884000
1776620885.938,185.938,0.12,0.13,0.87,0.88,0.01,0.01,75148.71,1776620884000
1776620886.298,186.298,0.12,0.13,0.87,0.88,0.01,0.01,75148.71,1776620884000
1776620886.956,186.956,0.12,0.13,0.87,0.88,0.01,0.01,75151.47,1776620885000
1776620887.954,187.954,0.12,0.13,0.87,0.88,0.01,0.01,75151.75,1776620886000
1776620888.311,188.311,0.12,0.13,0.87,0.88,0.01,0.01,75151.75,1776620886000
1776620888.737,188.737,0.12,0.13,0.87,0.88,0.01,0.01,75150.69,1776620887000
1776620889.669,189.669,0.12,0.13,0.87,0.88,0.01,0.01,75150.75,1776620888000
1776620890.198,190.198,0.12,0.13,0.87,0.88,0.01,0.01,75150.75,1776620888000
1776620890.632,190.632,0.12,0.13,0.87,0.88,0.01,0.01,75151.83,1776620889000
1776620891.014,191.014,0.12,0.13,0.87,0.88,0.01,0.01,75151.83,1776620889000
1776620891.967,191.967,0.12,0.13,0.87,0.88,0.01,0.01,75151.83,1776620890000
1776620892.314,192.314,0.12,0.13,0.87,0.88,0.01,0.01,75151.83,1776620890000
1776620892.771,192.771,0.12,0.13,0.87,0.88,0.01,0.01,75151.25,1776620891000
1776620893.116,193.116,0.11,0.13,0.87,0.89,0.02,0.02,75151.25,1776620891000
1776620893.474,193.474,0.1,0.11,0.89,0.9,0.01,0.01,75151.83,1776620892000
1776620893.986,193.986,0.1,0.11,0.89,0.9,0.01,0.01,75151.83,1776620892000
1776620894.333,194.333,0.11,0.12,0.88,0.89,0.01,0.01,75151.83,1776620892000
1776620894.685,194.685,0.11,0.12,0.88,0.89,0.01,0.01,75139.76,1776620893000
1776620895.077,195.077,0.11,0.12,0.88,0.89,0.01,0.01,75135.57,1776620894000
1776620895.464,195.464,0.11,0.12,0.88,0.89,0.01,0.01,75135.57,1776620894000
1776620895.832,195.832,0.11,0.12,0.88,0.89,0.01,0.01,75135.57,1776620894000
1776620896.201,196.201,0.11,0.12,0.88,0.89,0.01,0.01,75135.57,1776620894000
1776620896.612,196.612,0.11,0.12,0.88,0.89,0.01,0.01,75135.57,1776620894000
1776620897.143,197.143,0.11,0.12,0.88,0.89,0.01,0.01,75139.15,1776620895000
1776620897.696,197.696,0.1,0.11,0.88,0.89,0.01,0.01,75139.32,1776620896000
1776620898.127,198.127,0.1,0.11,0.89,0.9,0.01,0.01,75141.55,1776620897000
1776620898.495,198.495,0.1,0.11,0.89,0.9,0.01,0.01,75141.55,1776620897000
1776620898.963,198.963,0.09,0.1,0.89,0.9,0.01,0.01,75141.55,1776620897000
1776620899.539,199.539,0.08,0.09,0.91,0.92,0.01,0.01,75141.54,1776620898000
1776620900.14,200.14,0.08,0.09,0.91,0.92,0.01,0.01,75141.54,1776620898000
1776620900.485,200.485,0.08,0.09,0.91,0.92,0.01,0.01,75140.23,1776620899000
1776620900.953,200.953,0.08,0.09,0.91,0.92,0.01,0.01,75140.23,1776620899000
1776620901.319,201.319,0.06,0.07,0.91,0.94,0.01,0.03,75140.23,1776620899000
1776620901.897,201.897,0.06,0.07,0.93,0.94,0.01,0.01,75135.95,1776620900000
1776620902.435,202.435,0.06,0.07,0.93,0.94,0.01,0.01,75135.34,1776620901000
1776620902.783,202.783,0.06,0.07,0.93,0.94,0.01,0.01,75135.34,1776620901000
1776620903.284,203.284,0.06,0.07,0.93,0.94,0.01,0.01,75135.34,1776620901000
1776620903.803,203.803,0.06,0.07,0.93,0.94,0.01,0.01,75134.29,1776620902000
1776620904.297,204.297,0.06,0.07,0.93,0.94,0.01,0.01,75132.04,1776620903000
1776620904.656,204.656,0.06,0.07,0.93,0.94,0.01,0.01,75132.04,1776620903000
1776620905.069,205.069,0.06,0.07,0.93,0.94,0.01,0.01,75132.04,1776620903000
1776620905.425,205.425,0.06,0.07,0.93,0.94,0.01,0.01,75130.05,1776620904000
1776620905.78,205.78,0.06,0.07,0.93,0.94,0.01,0.01,75130.05,1776620904000
1776620906.331,206.331,0.06,0.07,0.93,0.94,0.01,0.01,75130.79,1776620905000
1776620906.906,206.906,0.06,0.07,0.93,0.94,0.01,0.01,75130.79,1776620905000
1776620907.312,207.312,0.05,0.06,0.94,0.95,0.01,0.01,75130.79,1776620905000
1776620907.718,207.718,0.05,0.06,0.94,0.95,0.01,0.01,75130.79,1776620906000
1776620908.073,208.073,0.05,0.06,0.94,0.95,0.01,0.01,75130.79,1776620907000
1776620908.49,208.49,0.05,0.06,0.94,0.95,0.01,0.01,75130.79,1776620907000
1776620908.986,208.986,0.05,0.06,0.94,0.95,0.01,0.01,75130.79,1776620907000
1776620909.418,209.418,0.05,0.06,0.94,0.95,0.01,0.01,75130.54,1776620908000
1776620909.864,209.864,0.05,0.06,0.94,0.95,0.01,0.01,75130.54,1776620908000
1776620910.229,210.229,0.05,0.06,0.94,0.95,0.01,0.01,75130.54,1776620908000
1776620910.577,210.577,0.04,0.06,0.94,0.96,0.02,0.02,75130.68,1776620909000
1776620910.917,210.917,0.04,0.05,0.95,0.96,0.01,0.01,75130.73,1776620910000
1776620911.313,211.313,0.04,0.05,0.95,0.96,0.01,0.01,75130.73,1776620910000
1776620911.76,211.76,0.04,0.05,0.95,0.96,0.01,0.01,75130.73,1776620910000
1776620912.303,212.303,0.04,0.05,0.95,0.96,0.01,0.01,75130.73,1776620910000
1776620912.726,212.726,0.04,0.05,0.95,0.96,0.01,0.01,75129.3,1776620911000
1776620913.21,213.21,0.04,0.05,0.95,0.96,0.01,0.01,75129.1,1776620912000
1776620913.77,213.77,0.04,0.05,0.95,0.96,0.01,0.01,75129.1,1776620912000
1776620914.126,214.126,0.04,0.05,0.95,0.96,0.01,0.01,75128.83,1776620913000
1776620914.513,214.513,0.03,0.04,0.95,0.97,0.01,0.02,75128.83,1776620913000
1776620914.855,214.855,0.03,0.04,0.96,0.97,0.01,0.01,75128.83,1776620913000
1776620915.253,215.253,0.03,0.04,0.96,0.97,0.01,0.01,75126.63,1776620914000
1776620915.602,215.602,0.03,0.04,0.96,0.97,0.01,0.01,75126.63,1776620914000
1776620916.001,216.001,0.03,0.04,0.96,0.97,0.01,0.01,75126.63,1776620914000
1776620916.441,216.441,0.03,0.04,0.96,0.97,0.01,0.01,75125.95,1776620915000
1776620916.9,216.9,0.03,0.04,0.96,0.97,0.01,0.01,75125.95,1776620915000
1776620917.331,217.331,0.03,0.04,0.96,0.97,0.01,0.01,75122.14,1776620916000
1776620917.704,217.704,0.03,0.04,0.96,0.97,0.01,0.01,75122.14,1776620916000
1776620918.069,218.069,0.03,0.04,0.96,0.97,0.01,0.01,75122.14,1776620916000
1776620918.44,218.44,0.03,0.04,0.96,0.97,0.01,0.01,75122.14,1776620916000
1776620918.829,218.829,0.03,0.04,0.96,0.97,0.01,0.01,75122.21,1776620917000
1776620919.346,219.346,0.03,0.04,0.96,0.97,0.01,0.01,75122.03,1776620918000
1776620919.697,219.697,0.03,0.04,0.96,0.97,0.01,0.01,75122.03,1776620918000
1776620920.206,220.206,0.03,0.04,0.96,0.97,0.01,0.01,75120.07,1776620919000
1776620920.555,220.555,0.03,0.04,0.96,0.97,0.01,0.01,75120.07,1776620919000
1776620921.082,221.082,0.03,0.04,0.96,0.97,0.01,0.01,75120.07,1776620919000
1776620921.44,221.44,0.03,0.04,0.96,0.97,0.01,0.01,75119.26,1776620920000
1776620921.831,221.831,0.03,0.04,0.96,0.97,0.01,0.01,75119.26,1776620920000
1776620922.178,222.178,0.03,0.04,0.96,0.97,0.01,0.01,75119.39,1776620921000
1776620922.565,222.565,0.03,0.04,0.96,0.97,0.01,0.01,75119.39,1776620921000
1776620923.004,223.004,0.03,0.04,0.96,0.97,0.01,0.01,75119.39,1776620921000
1776620923.338,223.338,0.03,0.04,0.96,0.97,0.01,0.01,75120.19,1776620922000
1776620923.789,223.789,0.02,0.03,0.96,0.98,0.01,0.02,75120.19,1776620922000
1776620924.14,224.14,0.02,0.03,0.97,0.98,0.01,0.01,75120.19,1776620922000
1776620924.506,224.506,0.02,0.03,0.97,0.98,0.01,0.01,75119.67,1776620923000
1776620924.849,224.849,0.02,0.03,0.97,0.98,0.01,0.01,75119.67,1776620923000
1776620925.269,225.269,0.02,0.03,0.97,0.98,0.01,0.01,75119.47,1776620924000
1776620925.729,225.729,0.02,0.03,0.97,0.98,0.01,0.01,75119.47,1776620924000
1776620926.228,226.228,0.02,0.03,0.97,0.98,0.01,0.01,75119.47,1776620924000
1776620927.024,227.024,0.02,0.03,0.97,0.98,0.01,0.01,75116.92,1776620925000
1776620927.4,227.4,0.03,0.04,0.96,0.98,0.01,0.02,75116.92,1776620925000
1776620927.741,227.741,0.04,0.05,0.95,0.96,0.01,0.01,75115.55,1776620926000
1776620928.153,228.153,0.05,0.06,0.94,0.95,0.01,0.01,75115.55,1776620926000
1776620928.505,228.505,0.05,0.06,0.94,0.95,0.01,0.01,75114.48,1776620927000
1776620928.907,228.907,0.05,0.06,0.94,0.95,0.01,0.01,75114.48,1776620927000
1776620929.267,229.267,0.05,0.06,0.94,0.95,0.01,0.01,75114.48,1776620927000
1776620929.79,229.79,0.04,0.05,0.95,0.96,0.01,0.01,75131.7,1776620928000
1776620930.194,230.194,0.04,0.05,0.95,0.96,0.01,0.01,75141.03,1776620929000
1776620930.552,230.552,0.03,0.04,0.96,0.97,0.01,0.01,75141.03,1776620929000
1776620931.011,231.011,0.02,0.03,0.97,0.98,0.01,0.01,75141.03,1776620929000
1776620931.357,231.357,0.02,0.03,0.97,0.98,0.01,0.01,75136.61,1776620930000
1776620932.142,232.142,0.02,0.03,0.97,0.98,0.01,0.01,75136.61,1776620930000
1776620932.501,232.501,0.02,0.03,0.97,0.98,0.01,0.01,75129.71,1776620931000
1776620932.902,232.902,0.02,0.03,0.97,0.98,0.01,0.01,75121.4,1776620932000
1776620933.506,233.506,0.02,0.03,0.97,0.98,0.01,0.01,75121.4,1776620932000
1776620934.018,234.018,0.02,0.03,0.97,0.98,0.01,0.01,75118.08,1776620933000
1776620934.396,234.396,0.02,0.03,0.97,0.98,0.01,0.01,75118.08,1776620933000
1776620934.956,234.956,0.02,0.03,0.97,0.98,0.01,0.01,75118.08,1776620933000
1776620935.528,235.528,0.02,0.03,0.97,0.98,0.01,0.01,75117.83,1776620934000
1776620935.882,235.882,0.02,0.03,0.97,0.98,0.01,0.01,75117.83,1776620934000
1776620936.229,236.229,0.02,0.03,0.97,0.98,0.01,0.01,75117.83,1776620934000
1776620936.562,236.562,0.02,0.03,0.97,0.98,0.01,0.01,75116.1,1776620935000
1776620936.903,236.903,0.02,0.03,0.97,0.98,0.01,0.01,75116.1,1776620935000
1776620937.313,237.313,0.02,0.03,0.97,0.98,0.01,0.01,75116.1,1776620935000
1776620937.74,237.74,0.02,0.03,0.97,0.98,0.01,0.01,75114.66,1776620936000
1776620938.101,238.101,0.02,0.03,0.97,0.98,0.01,0.01,75110.47,1776620937000
1776620938.622,238.622,0.02,0.03,0.97,0.98,0.01,0.01,75110.47,1776620937000
1776620939.212,239.212,0.02,0.03,0.97,0.98,0.01,0.01,75107.92,1776620938000
1776620939.686,239.686,0.02,0.03,0.97,0.98,0.01,0.01,75107.92,1776620938000
1776620940.113,240.113,0.02,0.03,0.97,0.98,0.01,0.01,75106.56,1776620939000
1776620940.447,240.447,0.01,0.02,0.98,0.99,0.01,0.01,75106.56,1776620939000
1776620940.801,240.801,0.01,0.02,0.98,0.99,0.01,0.01,75106.56,1776620939000
1776620941.168,241.168,0.01,0.02,0.98,0.99,0.01,0.01,75106.46,1776620940000
1776620941.504,241.504,0.01,0.02,0.98,0.99,0.01,0.01,75106.46,1776620940000
1776620942.116,242.116,0.01,0.02,0.98,0.99,0.01,0.01,75106.46,1776620940000
1776620942.56,242.56,0.01,0.02,0.98,0.99,0.01,0.01,75108.93,1776620941000
1776620942.997,242.997,0.01,0.02,0.98,0.99,0.01,0.01,75108.93,1776620941000
1776620943.571,243.571,0.01,0.02,0.98,0.99,0.01,0.01,75112.02,1776620942000
1776620944.131,244.131,0.01,0.02,0.98,0.99,0.01,0.01,75112.02,1776620942000
1776620944.621,244.621,0.01,0.02,0.98,0.99,0.01,0.01,75112.77,1776620943000
1776620945.034,245.034,0.01,0.02,0.98,0.99,0.01,0.01,75112.77,1776620943000
1776620945.55,245.55,0.01,0.02,0.98,0.99,0.01,0.01,75113.24,1776620944000
1776620946.134,246.134,0.01,0.02,0.98,0.99,0.01,0.01,75113.24,1776620944000
1776620946.915,246.915,0.01,0.02,0.98,0.99,0.01,0.01,75107.33,1776620945000
1776620947.697,247.697,0.01,0.02,0.98,0.99,0.01,0.01,75106.29,1776620946000
1776620948.048,248.048,0.01,0.02,0.98,0.99,0.01,0.01,75106.29,1776620946000
1776620948.397,248.397,0.01,0.02,0.98,0.99,0.01,0.01,75105.59,1776620947000
1776620948.761,248.761,0.01,0.02,0.98,0.99,0.01,0.01,75105.59,1776620947000
1776620949.125,249.125,0.01,0.02,0.98,0.99,0.01,0.01,75105.59,1776620947000
1776620949.465,249.465,0.01,0.02,0.98,0.99,0.01,0.01,75105.1,1776620948000
1776620949.799,249.799,0.01,0.02,0.98,0.99,0.01,0.01,75105.1,1776620948000
1776620950.31,250.31,0.01,0.02,0.98,0.99,0.01,0.01,75105.1,1776620948000
1776620950.662,250.662,0.01,0.02,0.98,0.99,0.01,0.01,75103.35,1776620949000
1776620951.166,251.166,0.01,0.02,0.98,0.99,0.01,0.01,75099.85,1776620950000
1776620951.533,251.533,0.01,0.02,0.98,0.99,0.01,0.01,75099.85,1776620950000
1776620951.96,251.96,0.01,0.02,0.98,0.99,0.01,0.01,75099.85,1776620950000
1776620952.512,252.512,0.01,0.02,0.98,0.99,0.01,0.01,75100.38,1776620951000
1776620952.877,252.877,0.01,0.02,0.98,0.99,0.01,0.01,75100.38,1776620951000
1776620953.258,253.258,0.01,0.02,0.98,0.99,0.01,0.01,75100.38,1776620951000
1776620953.616,253.616,0.01,0.02,0.98,0.99,0.01,0.01,75101.42,1776620952000
1776620953.949,253.949,0.01,0.02,0.98,0.99,0.01,0.01,75101.42,1776620952000
1776620954.285,254.285,0.01,0.02,0.98,0.99,0.01,0.01,75101.3,1776620953000
1776620954.656,254.656,0.01,0.02,0.98,0.99,0.01,0.01,75101.3,1776620953000
1776620955.01,255.01,0.01,0.02,0.98,0.99,0.01,0.01,75101.3,1776620953000
1776620955.407,255.407,0.01,0.02,0.98,0.99,0.01,0.01,75101.3,1776620953000
1776620955.857,255.857,0.01,0.01,0.99,0.99,0.0,0.0,75093.79,1776620954000
1776620956.243,256.243,0.01,0.01,0.99,0.99,0.0,0.0,75093.79,1776620954000
1776620956.583,256.583,0.01,0.01,0.99,0.99,0.0,0.0,75089.59,1776620955000
1776620956.944,256.944,0.01,0.01,0.99,0.99,0.0,0.0,75089.59,1776620955000
1776620957.622,257.622,0.01,0.01,0.99,0.99,0.0,0.0,75095.57,1776620956000
1776620958.22,258.22,0.01,0.01,0.99,0.99,0.0,0.0,75097.07,1776620957000
1776620958.579,258.579,0.01,0.01,0.99,0.99,0.0,0.0,75097.07,1776620957000
1776620959.426,259.426,0.01,0.01,0.99,0.99,0.0,0.0,75095.03,1776620958000
1776620959.796,259.796,0.01,0.01,0.99,0.99,0.0,0.0,75095.03,1776620958000
1776620960.172,260.172,0.01,0.01,0.99,0.99,0.0,0.0,75095.01,1776620959000
1776620960.561,260.561,0.01,0.01,0.99,0.99,0.0,0.0,75095.01,1776620959000
1776620961.205,261.205,0.01,0.01,0.99,0.99,0.0,0.0,75095.04,1776620960000
1776620962.321,262.321,0.01,0.01,0.99,0.99,0.0,0.0,75095.9,1776620961000
1776620962.957,262.957,0.01,0.01,0.99,0.99,0.0,0.0,75095.74,1776620962000
1776620963.542,263.542,0.01,0.01,0.99,0.99,0.0,0.0,75095.74,1776620962000
1776620964.098,264.098,0.01,0.01,0.99,0.99,0.0,0.0,75095.34,1776620963000
1776620964.582,264.582,0.01,0.01,0.99,0.99,0.0,0.0,75095.34,1776620963000
1776620964.963,264.963,0.01,0.01,0.99,0.99,0.0,0.0,75095.34,1776620963000
1776620965.4,265.4,0.01,0.01,0.99,0.99,0.0,0.0,75094.37,1776620964000
1776620965.764,265.764,0.01,0.01,0.99,0.99,0.0,0.0,75094.37,1776620964000
1776620966.518,266.518,0.01,0.01,0.99,0.99,0.0,0.0,75094.46,1776620965000
1776620967.055,267.055,0.01,0.01,0.99,0.99,0.0,0.0,75094.46,1776620966000
1776620968.307,268.307,0.01,0.01,0.99,0.99,0.0,0.0,75095.13,1776620967000
1776620968.987,268.987,0.01,0.01,0.99,0.99,0.0,0.0,75095.13,1776620967000
1776620969.535,269.535,0.01,0.01,0.99,0.99,0.0,0.0,75089.52,1776620968000
1776620970.145,270.145,0.01,0.01,0.99,0.99,0.0,0.0,75088.33,1776620969000
1776620970.603,270.603,0.01,0.01,0.99,0.99,0.0,0.0,75088.33,1776620969000
1776620971.041,271.041,0.01,0.01,0.99,0.99,0.0,0.0,75088.33,1776620969000
1776620971.667,271.667,0.01,0.01,0.99,0.99,0.0,0.0,75086.32,1776620970000
1776620972.321,272.321,0.01,0.01,0.99,0.99,0.0,0.0,75086.32,1776620970000
1776620973.066,273.066,0.01,0.01,0.99,0.99,0.0,0.0,75086.5,1776620972000
1776620974.346,274.346,0.01,0.01,0.99,0.99,0.0,0.0,75086.2,1776620973000
1776620974.884,274.884,0.01,0.01,0.99,0.99,0.0,0.0,75086.2,1776620973000
1776620976.018,276.018,0.01,0.01,0.99,0.99,0.0,0.0,75082.57,1776620975000
1776620977.168,277.168,0.01,0.01,0.99,0.99,0.0,0.0,75080.79,1776620976000
1776620978.23,278.23,0.01,0.01,0.99,0.99,0.0,0.0,75086.02,1776620977000
1776620979.142,279.142,0.01,0.01,0.99,0.99,0.0,0.0,75086.02,1776620977000
1776620980.207,280.207,0.01,0.01,0.99,0.99,0.0,0.0,75090.53,1776620979000
1776620980.828,280.828,0.01,0.01,0.99,0.99,0.0,0.0,75090.53,1776620979000
1776620981.332,281.332,0.01,0.01,0.99,0.99,0.0,0.0,75093.95,1776620980000
1776620982.47,282.47,0.01,0.01,0.99,0.99,0.0,0.0,75093.95,1776620981000
1776620983.448,283.448,0.01,0.01,0.99,0.99,0.0,0.0,75093.96,1776620982000
1776620984.023,284.023,0.01,0.01,0.99,0.99,0.0,0.0,75093.28,1776620983000
1776620985.047,285.047,0.01,0.01,0.99,0.99,0.0,0.0,75094.06,1776620984000
1776620985.679,285.679,0.01,0.01,0.99,0.99,0.0,0.0,75094.06,1776620984000
1776620986.677,286.677,0.01,0.01,0.99,0.99,0.0,0.0,75094.06,1776620984000
1776620987.349,287.349,0.01,0.01,0.99,0.99,0.0,0.0,75093.98,1776620986000
1776620988.089,288.089,0.01,0.01,0.99,0.99,0.0,0.0,75093.98,1776620986000
1776620988.641,288.641,0.01,0.01,0.99,0.99,0.0,0.0,75095.68,1776620987000
1776620989.283,289.283,0.01,0.01,0.99,0.99,0.0,0.0,75099.02,1776620988000
1776620990.332,290.332,0.01,0.01,0.99,0.99,0.0,0.0,75100.12,1776620989000
1776620991.144,291.144,0.01,0.01,0.99,0.99,0.0,0.0,75100.12,1776620989000
1776620991.962,291.962,0.01,0.01,0.99,0.99,0.0,0.0,75100.38,1776620990000
1776620992.472,292.472,0.01,0.01,0.99,0.99,0.0,0.0,75100.37,1776620991000
1776620992.806,292.806,0.01,0.01,0.99,0.99,0.0,0.0,75100.37,1776620991000
1776620993.194,293.194,0.01,0.01,0.99,0.99,0.0,0.0,75100.28,1776620992000
1776620994.19,294.19,0.01,0.01,0.99,0.99,0.0,0.0,75099.59,1776620993000
1776620994.804,294.804,0.01,0.01,0.99,0.99,0.0,0.0,75099.59,1776620993000
1776620995.291,295.291,0.01,0.01,0.99,0.99,0.0,0.0,75100.3,1776620994000
1776620995.718,295.718,0.01,0.01,0.99,0.99,0.0,0.0,75100.3,1776620994000
1776620996.093,296.093,0.01,0.01,0.99,0.99,0.0,0.0,75100.3,1776620994000
1776620997.125,297.125,0.01,0.01,0.99,0.99,0.0,0.0,75100.6,1776620996000
1776620997.835,297.835,0.01,0.01,0.99,0.99,0.0,0.0,75100.6,1776620996000
1776620999.592,299.592,0.01,0.01,0.99,0.99,0.0,0.0,75090.38,1776620998000
1776621000.203,300.203,0.01,0.01,0.99,0.99,0.0,0.0,75085.9,1776620999000
1776621000.567,300.567,0.01,0.01,0.99,0.99,0.0,0.0,75085.9,1776620999000

# RESULT,winner=Down,slug=btc-updown-5m-1776620700,ticks=646
