timestamp,elapsed_sec,up_bid,up_ask,down_bid,down_ask,up_spread,down_spread,btc_price,btc_oracle_ts
1776234001.02,1.02,0.51,0.52,0.48,0.49,0.01,0.01,74020.96,1776233999000
1776234001.705,1.705,0.52,0.55,0.45,0.49,0.03,0.04,74021.04,1776234000000
1776234002.327,2.327,0.52,0.55,0.45,0.48,0.03,0.03,74021.29,1776234001000
1776234002.792,2.792,0.53,0.54,0.45,0.48,0.01,0.03,74021.29,1776234001000
1776234003.191,3.191,0.53,0.54,0.46,0.47,0.01,0.01,74021.29,1776234001000
1776234003.681,3.681,0.53,0.54,0.46,0.47,0.01,0.01,74024.45,1776234002000
1776234004.09,4.09,0.53,0.54,0.46,0.47,0.01,0.01,74030.06,1776234003000
1776234004.625,4.625,0.53,0.54,0.46,0.47,0.01,0.01,74030.06,1776234003000
1776234004.994,4.994,0.53,0.54,0.46,0.47,0.01,0.01,74030.06,1776234003000
1776234005.33,5.33,0.53,0.54,0.46,0.47,0.01,0.01,74032.97,1776234004000
1776234005.694,5.694,0.53,0.55,0.45,0.47,0.02,0.02,74032.97,1776234004000
1776234006.032,6.032,0.53,0.55,0.45,0.47,0.02,0.02,74032.97,1776234004000
1776234006.428,6.428,0.55,0.58,0.43,0.45,0.03,0.02,74042.61,1776234005000
1776234006.771,6.771,0.53,0.54,0.46,0.47,0.01,0.01,74042.61,1776234005000
1776234007.111,7.111,0.56,0.57,0.42,0.44,0.01,0.02,74042.61,1776234005000
1776234007.52,7.52,0.57,0.58,0.41,0.44,0.01,0.03,74042.61,1776234005000
1776234007.855,7.855,0.58,0.59,0.41,0.42,0.01,0.01,74042.54,1776234006000
1776234008.204,8.204,0.58,0.59,0.41,0.42,0.01,0.01,74042.54,1776234006000
1776234008.569,8.569,0.58,0.59,0.41,0.42,0.01,0.01,74042.54,1776234007000
1776234008.992,8.992,0.58,0.59,0.41,0.42,0.01,0.01,74042.54,1776234007000
1776234009.496,9.496,0.58,0.59,0.41,0.42,0.01,0.01,74042.54,1776234007000
1776234009.927,9.927,0.58,0.59,0.41,0.42,0.01,0.01,74042.76,1776234008000
1776234010.419,10.419,0.58,0.59,0.4,0.42,0.01,0.02,74043.01,1776234009000
1776234010.872,10.872,0.58,0.59,0.41,0.42,0.01,0.01,74043.01,1776234009000
1776234011.339,11.339,0.58,0.59,0.4,0.42,0.01,0.02,74043.01,1776234009000
1776234011.687,11.687,0.58,0.59,0.41,0.42,0.01,0.01,74043.31,1776234010000
1776234012.036,12.036,0.58,0.61,0.38,0.42,0.03,0.04,74043.31,1776234010000
1776234012.369,12.369,0.58,0.62,0.38,0.41,0.04,0.03,74043.31,1776234010000
1776234012.716,12.716,0.59,0.6,0.39,0.41,0.01,0.02,74043.22,1776234011000
1776234013.118,13.118,0.59,0.6,0.4,0.41,0.01,0.01,74043.22,1776234012000
1776234013.573,13.573,0.6,0.61,0.39,0.4,0.01,0.01,74043.22,1776234012000
1776234013.921,13.921,0.6,0.61,0.39,0.4,0.01,0.01,74043.22,1776234012000
1776234014.284,14.284,0.6,0.61,0.39,0.4,0.01,0.01,74043.33,1776234013000
1776234014.631,14.631,0.6,0.61,0.39,0.4,0.01,0.01,74043.33,1776234013000
1776234015.05,15.05,0.6,0.61,0.39,0.4,0.01,0.01,74043.33,1776234013000
1776234015.426,15.426,0.6,0.61,0.39,0.4,0.01,0.01,74043.25,1776234014000
1776234015.778,15.778,0.6,0.61,0.39,0.4,0.01,0.01,74043.25,1776234014000
1776234016.147,16.147,0.6,0.61,0.39,0.4,0.01,0.01,74042.92,1776234015000
1776234016.481,16.481,0.6,0.61,0.39,0.4,0.01,0.01,74042.92,1776234015000
1776234016.926,16.926,0.59,0.6,0.4,0.41,0.01,0.01,74042.92,1776234015000
1776234017.291,17.291,0.59,0.6,0.4,0.41,0.01,0.01,74042.48,1776234016000
1776234018.149,18.149,0.59,0.6,0.4,0.41,0.01,0.01,74042.48,1776234016000
1776234018.485,18.485,0.58,0.59,0.4,0.42,0.01,0.02,74041.9,1776234017000
1776234018.973,18.973,0.58,0.59,0.4,0.42,0.01,0.02,74041.9,1776234017000
1776234019.309,19.309,0.57,0.59,0.41,0.42,0.02,0.01,74041.9,1776234017000
1776234019.668,19.668,0.57,0.59,0.41,0.43,0.02,0.02,74040.29,1776234018000
1776234020.182,20.182,0.58,0.59,0.41,0.42,0.01,0.01,74040.29,1776234018000
1776234020.584,20.584,0.58,0.59,0.41,0.43,0.01,0.02,74040.18,1776234019000
1776234020.929,20.929,0.57,0.58,0.42,0.43,0.01,0.01,74040.18,1776234019000
1776234021.273,21.273,0.57,0.58,0.42,0.43,0.01,0.01,74039.85,1776234020000
1776234021.638,21.638,0.57,0.58,0.42,0.43,0.01,0.01,74039.85,1776234020000
1776234022.003,22.003,0.57,0.58,0.42,0.43,0.01,0.01,74039.85,1776234020000
1776234022.438,22.438,0.57,0.58,0.42,0.43,0.01,0.01,74039.83,1776234021000
1776234022.851,22.851,0.57,0.58,0.42,0.43,0.01,0.01,74039.83,1776234021000
1776234023.756,23.756,0.57,0.58,0.42,0.43,0.01,0.01,74039.63,1776234022000
1776234024.165,24.165,0.57,0.58,0.42,0.43,0.01,0.01,74039.84,1776234023000
1776234024.943,24.943,0.57,0.58,0.42,0.43,0.01,0.01,74039.84,1776234023000
1776234025.423,25.423,0.57,0.58,0.42,0.43,0.01,0.01,74039.89,1776234024000
1776234025.805,25.805,0.57,0.58,0.42,0.43,0.01,0.01,74039.89,1776234024000
1776234026.197,26.197,0.57,0.58,0.42,0.43,0.01,0.01,74039.95,1776234025000
1776234026.651,26.651,0.57,0.58,0.42,0.43,0.01,0.01,74039.95,1776234025000
1776234026.987,26.987,0.57,0.58,0.42,0.43,0.01,0.01,74039.95,1776234025000
1776234027.68,27.68,0.57,0.58,0.42,0.43,0.01,0.01,74039.9,1776234026000
1776234028.057,28.057,0.58,0.59,0.41,0.42,0.01,0.01,74039.9,1776234026000
1776234028.431,28.431,0.58,0.59,0.41,0.42,0.01,0.01,74039.95,1776234027000
1776234028.791,28.791,0.58,0.59,0.41,0.42,0.01,0.01,74039.95,1776234027000
1776234029.151,29.151,0.58,0.59,0.41,0.42,0.01,0.01,74039.95,1776234027000
1776234030.217,30.217,0.58,0.59,0.41,0.42,0.01,0.01,74040.08,1776234029000
1776234030.576,30.576,0.58,0.59,0.41,0.42,0.01,0.01,74040.08,1776234029000
1776234030.92,30.92,0.58,0.59,0.41,0.42,0.01,0.01,74040.08,1776234029000
1776234031.457,31.457,0.58,0.59,0.41,0.42,0.01,0.01,74040.08,1776234030000
1776234031.995,31.995,0.58,0.59,0.41,0.42,0.01,0.01,74040.08,1776234030000
1776234032.418,32.418,0.58,0.59,0.41,0.42,0.01,0.01,74040.08,1776234031000
1776234033.068,33.068,0.58,0.59,0.41,0.42,0.01,0.01,74040.08,1776234031000
1776234033.506,33.506,0.61,0.62,0.38,0.39,0.01,0.01,74040.08,1776234031000
1776234033.922,33.922,0.62,0.63,0.37,0.38,0.01,0.01,74040.08,1776234031000
1776234034.263,34.263,0.63,0.64,0.36,0.37,0.01,0.01,74040.01,1776234032000
1776234034.767,34.767,0.63,0.64,0.36,0.37,0.01,0.01,74040.01,1776234032000
1776234035.126,35.126,0.64,0.65,0.35,0.36,0.01,0.01,74040.01,1776234032000
1776234035.506,35.506,0.64,0.65,0.35,0.36,0.01,0.01,74040.1,1776234033000
1776234035.958,35.958,0.64,0.65,0.35,0.36,0.01,0.01,74042.65,1776234034000
1776234036.291,36.291,0.64,0.65,0.35,0.37,0.01,0.02,74042.65,1776234034000
1776234036.704,36.704,0.64,0.65,0.35,0.36,0.01,0.01,74042.65,1776234034000
1776234037.04,37.04,0.64,0.65,0.35,0.36,0.01,0.01,74043.88,1776234035000
1776234037.395,37.395,0.63,0.64,0.36,0.37,0.01,0.01,74043.88,1776234035000
1776234037.844,37.844,0.62,0.63,0.37,0.38,0.01,0.01,74044.49,1776234036000
1776234038.198,38.198,0.6,0.62,0.37,0.4,0.02,0.03,74044.49,1776234036000
1776234038.632,38.632,0.6,0.61,0.39,0.4,0.01,0.01,74044.34,1776234037000
1776234039.093,39.093,0.6,0.61,0.39,0.4,0.01,0.01,74044.34,1776234037000
1776234039.593,39.593,0.59,0.6,0.4,0.41,0.01,0.01,74044.34,1776234037000
1776234040.524,40.524,0.59,0.6,0.4,0.41,0.01,0.01,74043.65,1776234039000
1776234041.005,41.005,0.59,0.6,0.4,0.41,0.01,0.01,74043.65,1776234039000
1776234041.377,41.377,0.59,0.6,0.4,0.41,0.01,0.01,74043.65,1776234040000
1776234042.53,42.53,0.59,0.6,0.4,0.41,0.01,0.01,74043.65,1776234040000
1776234043.004,43.004,0.59,0.6,0.4,0.41,0.01,0.01,74043.02,1776234041000
1776234043.393,43.393,0.59,0.6,0.4,0.41,0.01,0.01,74043.02,1776234041000
1776234044.274,44.274,0.59,0.6,0.4,0.41,0.01,0.01,74043.58,1776234042000
1776234044.651,44.651,0.59,0.6,0.4,0.41,0.01,0.01,74043.56,1776234043000
1776234045.027,45.027,0.55,0.57,0.42,0.44,0.02,0.02,74043.56,1776234043000
1776234045.391,45.391,0.55,0.56,0.44,0.45,0.01,0.01,74043.53,1776234044000
1776234045.8,45.8,0.55,0.56,0.44,0.45,0.01,0.01,74043.53,1776234044000
1776234046.203,46.203,0.54,0.55,0.45,0.46,0.01,0.01,74043.53,1776234044000
1776234046.57,46.57,0.54,0.55,0.45,0.46,0.01,0.01,74043.53,1776234044000
1776234046.957,46.957,0.54,0.55,0.45,0.46,0.01,0.01,74041.69,1776234045000
1776234047.325,47.325,0.54,0.55,0.45,0.46,0.01,0.01,74041.69,1776234045000
1776234047.727,47.727,0.54,0.55,0.45,0.46,0.01,0.01,74036.4,1776234046000
1776234048.117,48.117,0.54,0.55,0.45,0.46,0.01,0.01,74036.4,1776234046000
1776234048.468,48.468,0.54,0.55,0.45,0.46,0.01,0.01,74035.39,1776234047000
1776234048.855,48.855,0.54,0.55,0.45,0.46,0.01,0.01,74035.39,1776234047000
1776234049.262,49.262,0.54,0.55,0.45,0.46,0.01,0.01,74034.66,1776234048000
1776234050.053,50.053,0.53,0.54,0.45,0.47,0.01,0.02,74034.66,1776234048000
1776234050.687,50.687,0.52,0.53,0.46,0.48,0.01,0.02,74034.66,1776234048000
1776234051.101,51.101,0.52,0.53,0.47,0.48,0.01,0.01,74033.57,1776234049000
1776234051.602,51.602,0.52,0.53,0.47,0.48,0.01,0.01,74033.53,1776234050000
1776234051.976,51.976,0.51,0.52,0.48,0.49,0.01,0.01,74033.53,1776234050000
1776234052.343,52.343,0.51,0.52,0.48,0.49,0.01,0.01,74033.53,1776234051000
1776234052.762,52.762,0.51,0.52,0.48,0.49,0.01,0.01,74033.53,1776234051000
1776234053.188,53.188,0.51,0.52,0.48,0.49,0.01,0.01,74033.53,1776234052000
1776234054.015,54.015,0.51,0.52,0.48,0.49,0.01,0.01,74033.53,1776234052000
1776234054.541,54.541,0.51,0.52,0.48,0.49,0.01,0.01,74033.54,1776234053000
1776234054.906,54.906,0.5,0.51,0.49,0.5,0.01,0.01,74033.54,1776234053000
1776234055.396,55.396,0.5,0.51,0.49,0.5,0.01,0.01,74033.55,1776234054000
1776234055.732,55.732,0.49,0.5,0.5,0.51,0.01,0.01,74033.55,1776234054000
1776234056.103,56.103,0.49,0.5,0.5,0.51,0.01,0.01,74033.55,1776234054000
1776234056.451,56.451,0.49,0.5,0.5,0.51,0.01,0.01,74033.57,1776234055000
1776234056.822,56.822,0.49,0.5,0.5,0.51,0.01,0.01,74033.57,1776234055000
1776234057.268,57.268,0.49,0.5,0.5,0.51,0.01,0.01,74029.45,1776234056000
1776234057.671,57.671,0.49,0.5,0.5,0.51,0.01,0.01,74029.45,1776234056000
1776234058.171,58.171,0.49,0.5,0.5,0.51,0.01,0.01,74029.45,1776234056000
1776234058.555,58.555,0.48,0.5,0.5,0.51,0.02,0.01,74030.45,1776234057000
1776234059.113,59.113,0.48,0.49,0.51,0.52,0.01,0.01,74030.45,1776234057000
1776234059.597,59.597,0.48,0.49,0.51,0.52,0.01,0.01,74030.54,1776234058000
1776234060.305,60.305,0.48,0.49,0.51,0.52,0.01,0.01,74030.57,1776234059000
1776234060.735,60.735,0.48,0.49,0.51,0.52,0.01,0.01,74030.57,1776234059000
1776234061.41,61.41,0.48,0.49,0.51,0.52,0.01,0.01,74030.57,1776234059000
1776234061.83,61.83,0.48,0.49,0.51,0.52,0.01,0.01,74030.57,1776234060000
1776234062.343,62.343,0.49,0.53,0.47,0.51,0.04,0.04,74030.62,1776234061000
1776234063.122,63.122,0.52,0.53,0.47,0.48,0.01,0.01,74030.62,1776234061000
1776234063.519,63.519,0.52,0.53,0.47,0.48,0.01,0.01,74030.62,1776234062000
1776234063.86,63.86,0.51,0.52,0.48,0.49,0.01,0.01,74030.62,1776234062000
1776234064.242,64.242,0.51,0.52,0.48,0.49,0.01,0.01,74030.62,1776234062000
1776234064.786,64.786,0.51,0.52,0.48,0.49,0.01,0.01,74032.36,1776234063000
1776234065.157,65.157,0.51,0.52,0.48,0.49,0.01,0.01,74032.36,1776234063000
1776234065.688,65.688,0.51,0.52,0.48,0.49,0.01,0.01,74032.82,1776234064000
1776234066.153,66.153,0.51,0.52,0.48,0.49,0.01,0.01,74032.82,1776234064000
1776234066.675,66.675,0.51,0.52,0.48,0.49,0.01,0.01,74032.82,1776234065000
1776234067.008,67.008,0.51,0.52,0.48,0.49,0.01,0.01,74032.82,1776234065000
1776234067.358,67.358,0.51,0.52,0.48,0.49,0.01,0.01,74032.89,1776234066000
1776234067.711,67.711,0.52,0.53,0.47,0.48,0.01,0.01,74032.89,1776234066000
1776234068.171,68.171,0.52,0.53,0.47,0.48,0.01,0.01,74032.89,1776234066000
1776234068.584,68.584,0.54,0.55,0.44,0.48,0.01,0.04,74032.89,1776234067000
1776234068.956,68.956,0.53,0.54,0.46,0.48,0.01,0.02,74032.89,1776234067000
1776234069.341,69.341,0.52,0.54,0.46,0.47,0.02,0.01,74032.81,1776234068000
1776234069.737,69.737,0.52,0.53,0.47,0.48,0.01,0.01,74032.81,1776234068000
1776234070.31,70.31,0.52,0.53,0.47,0.48,0.01,0.01,74032.81,1776234068000
1776234070.759,70.759,0.52,0.53,0.47,0.48,0.01,0.01,74032.9,1776234069000
1776234071.31,71.31,0.52,0.53,0.47,0.48,0.01,0.01,74032.9,1776234069000
1776234071.648,71.648,0.52,0.53,0.47,0.48,0.01,0.01,74032.81,1776234070000
1776234072.208,72.208,0.52,0.54,0.47,0.48,0.02,0.01,74032.81,1776234070000
1776234072.552,72.552,0.52,0.54,0.46,0.47,0.02,0.01,74032.82,1776234071000
1776234072.919,72.919,0.53,0.54,0.46,0.47,0.01,0.01,74032.82,1776234071000
1776234073.262,73.262,0.53,0.54,0.46,0.47,0.01,0.01,74032.81,1776234072000
1776234073.634,73.634,0.53,0.54,0.46,0.47,0.01,0.01,74032.81,1776234072000
1776234074.13,74.13,0.53,0.54,0.46,0.47,0.01,0.01,74032.86,1776234073000
1776234074.634,74.634,0.53,0.54,0.46,0.47,0.01,0.01,74032.86,1776234073000
1776234075.14,75.14,0.53,0.54,0.46,0.47,0.01,0.01,74032.78,1776234074000
1776234075.614,75.614,0.52,0.53,0.47,0.48,0.01,0.01,74032.78,1776234074000
1776234076.169,76.169,0.52,0.53,0.47,0.48,0.01,0.01,74032.78,1776234075000
1776234076.647,76.647,0.53,0.54,0.46,0.48,0.01,0.02,74032.78,1776234075000
1776234077.236,77.236,0.53,0.54,0.46,0.47,0.01,0.01,74032.78,1776234075000
1776234077.671,77.671,0.52,0.53,0.47,0.48,0.01,0.01,74032.77,1776234076000
1776234078.129,78.129,0.51,0.52,0.48,0.49,0.01,0.01,74032.77,1776234076000
1776234078.992,78.992,0.51,0.52,0.48,0.49,0.01,0.01,74032.85,1776234077000
1776234079.406,79.406,0.51,0.52,0.48,0.49,0.01,0.01,74032.85,1776234078000
1776234080.087,80.087,0.51,0.52,0.48,0.49,0.01,0.01,74032.03,1776234079000
1776234080.473,80.473,0.51,0.52,0.48,0.49,0.01,0.01,74032.03,1776234079000
1776234080.944,80.944,0.51,0.52,0.48,0.49,0.01,0.01,74032.03,1776234079000
1776234081.484,81.484,0.51,0.52,0.48,0.49,0.01,0.01,74032.03,1776234079000
1776234081.872,81.872,0.51,0.52,0.48,0.49,0.01,0.01,74032.03,1776234080000
1776234082.207,82.207,0.45,0.48,0.52,0.54,0.03,0.02,74032.03,1776234080000
1776234082.542,82.542,0.37,0.39,0.59,0.63,0.02,0.04,74032.03,1776234080000
1776234082.886,82.886,0.32,0.36,0.64,0.68,0.04,0.04,74032.03,1776234081000
1776234083.25,83.25,0.32,0.35,0.65,0.68,0.03,0.03,74032.03,1776234081000
1776234083.754,83.754,0.33,0.35,0.65,0.67,0.02,0.02,74028.97,1776234082000
1776234084.16,84.16,0.33,0.34,0.66,0.67,0.01,0.01,74007.79,1776234083000
1776234084.633,84.633,0.3,0.31,0.69,0.7,0.01,0.01,74007.79,1776234083000
1776234084.998,84.998,0.3,0.31,0.69,0.7,0.01,0.01,74007.79,1776234083000
1776234085.369,85.369,0.3,0.31,0.69,0.7,0.01,0.01,74000.67,1776234084000
1776234085.718,85.718,0.36,0.37,0.63,0.64,0.01,0.01,74000.67,1776234084000
1776234086.157,86.157,0.36,0.37,0.63,0.64,0.01,0.01,74000.67,1776234085000
1776234086.553,86.553,0.36,0.37,0.63,0.64,0.01,0.01,74000.67,1776234085000
1776234086.892,86.892,0.36,0.37,0.63,0.64,0.01,0.01,74000.67,1776234085000
1776234087.295,87.295,0.37,0.38,0.62,0.63,0.01,0.01,74002.35,1776234086000
1776234087.632,87.632,0.37,0.38,0.62,0.63,0.01,0.01,74002.35,1776234086000
1776234087.97,87.97,0.37,0.38,0.62,0.63,0.01,0.01,74002.35,1776234086000
1776234088.314,88.314,0.37,0.38,0.62,0.63,0.01,0.01,74009.06,1776234087000
1776234088.652,88.652,0.37,0.38,0.62,0.63,0.01,0.01,74009.06,1776234087000
1776234089.096,89.096,0.37,0.38,0.62,0.63,0.01,0.01,74009.06,1776234087000
1776234089.453,89.453,0.37,0.38,0.62,0.63,0.01,0.01,74009.06,1776234087000
1776234089.944,89.944,0.37,0.38,0.62,0.63,0.01,0.01,74010.22,1776234088000
1776234090.292,90.292,0.37,0.38,0.62,0.63,0.01,0.01,74010.68,1776234089000
1776234090.65,90.65,0.37,0.38,0.62,0.63,0.01,0.01,74010.68,1776234089000
1776234090.995,90.995,0.37,0.38,0.62,0.63,0.01,0.01,74010.68,1776234089000
1776234091.33,91.33,0.38,0.39,0.61,0.63,0.01,0.02,74010.77,1776234090000
1776234091.753,91.753,0.38,0.39,0.61,0.62,0.01,0.01,74010.77,1776234090000
1776234092.09,92.09,0.38,0.39,0.61,0.62,0.01,0.01,74010.77,1776234090000
1776234092.597,92.597,0.39,0.4,0.61,0.62,0.01,0.01,74010.77,1776234091000
1776234092.944,92.944,0.39,0.4,0.6,0.61,0.01,0.01,74010.77,1776234091000
1776234093.302,93.302,0.39,0.4,0.6,0.61,0.01,0.01,74010.77,1776234091000
1776234093.709,93.709,0.39,0.4,0.6,0.61,0.01,0.01,74010.77,1776234091000
1776234094.164,94.164,0.39,0.4,0.6,0.61,0.01,0.01,74012.02,1776234092000
1776234094.499,94.499,0.39,0.4,0.6,0.61,0.01,0.01,74012.02,1776234092000
1776234094.888,94.888,0.38,0.39,0.61,0.62,0.01,0.01,74012.02,1776234093000
1776234095.399,95.399,0.38,0.39,0.61,0.62,0.01,0.01,74012.42,1776234094000
1776234095.741,95.741,0.38,0.39,0.61,0.62,0.01,0.01,74012.42,1776234094000
1776234096.092,96.092,0.38,0.39,0.61,0.62,0.01,0.01,74012.4,1776234095000
1776234096.464,96.464,0.37,0.38,0.62,0.63,0.01,0.01,74012.4,1776234095000
1776234097.097,97.097,0.37,0.38,0.62,0.63,0.01,0.01,74012.4,1776234095000
1776234097.707,97.707,0.37,0.38,0.62,0.63,0.01,0.01,74012.4,1776234095000
1776234098.269,98.269,0.37,0.38,0.62,0.63,0.01,0.01,74012.03,1776234097000
1776234098.942,98.942,0.37,0.38,0.62,0.63,0.01,0.01,74012.03,1776234097000
1776234099.384,99.384,0.37,0.38,0.62,0.63,0.01,0.01,74012.04,1776234098000
1776234099.815,99.815,0.37,0.38,0.62,0.63,0.01,0.01,74012.04,1776234098000
1776234100.27,100.27,0.37,0.38,0.62,0.63,0.01,0.01,74012.04,1776234098000
1776234100.724,100.724,0.37,0.38,0.62,0.63,0.01,0.01,74012.03,1776234099000
1776234101.113,101.113,0.37,0.38,0.62,0.63,0.01,0.01,74012.03,1776234099000
1776234101.532,101.532,0.36,0.37,0.63,0.64,0.01,0.01,74012.05,1776234100000
1776234101.881,101.881,0.36,0.37,0.63,0.64,0.01,0.01,74012.05,1776234100000
1776234102.261,102.261,0.36,0.37,0.63,0.64,0.01,0.01,74012.04,1776234101000
1776234102.659,102.659,0.36,0.37,0.63,0.64,0.01,0.01,74012.04,1776234101000
1776234103.085,103.085,0.36,0.37,0.63,0.64,0.01,0.01,74012.04,1776234101000
1776234103.432,103.432,0.36,0.37,0.63,0.64,0.01,0.01,74012.05,1776234102000
1776234103.809,103.809,0.36,0.37,0.63,0.64,0.01,0.01,74012.05,1776234102000
1776234104.219,104.219,0.36,0.37,0.63,0.64,0.01,0.01,74012.05,1776234102000
1776234104.66,104.66,0.36,0.37,0.63,0.64,0.01,0.01,74011.42,1776234103000
1776234105.159,105.159,0.37,0.38,0.62,0.64,0.01,0.02,74011.42,1776234103000
1776234105.52,105.52,0.37,0.38,0.62,0.63,0.01,0.01,74011.4,1776234104000
1776234105.881,105.881,0.37,0.38,0.62,0.63,0.01,0.01,74011.4,1776234104000
1776234106.317,106.317,0.36,0.38,0.62,0.64,0.02,0.02,74011.98,1776234105000
1776234106.75,106.75,0.32,0.33,0.67,0.68,0.01,0.01,74011.98,1776234105000
1776234107.206,107.206,0.32,0.33,0.67,0.68,0.01,0.01,74011.98,1776234105000
1776234107.836,107.836,0.31,0.32,0.67,0.69,0.01,0.02,74011.96,1776234106000
1776234108.338,108.338,0.3,0.31,0.69,0.7,0.01,0.01,74009.42,1776234107000
1776234108.7,108.7,0.29,0.31,0.69,0.7,0.02,0.01,74009.42,1776234107000
1776234109.31,109.31,0.29,0.31,0.69,0.7,0.02,0.01,74009.42,1776234107000
1776234109.698,109.698,0.28,0.29,0.7,0.72,0.01,0.02,74009.1,1776234108000
1776234110.198,110.198,0.28,0.29,0.71,0.72,0.01,0.01,74009.1,1776234108000
1776234110.645,110.645,0.28,0.29,0.71,0.72,0.01,0.01,74009.1,1776234108000
1776234111.129,111.129,0.28,0.29,0.71,0.72,0.01,0.01,74004.1,1776234109000
1776234111.561,111.561,0.28,0.29,0.71,0.72,0.01,0.01,74003.44,1776234110000
1776234112.002,112.002,0.29,0.3,0.7,0.71,0.01,0.01,74003.44,1776234110000
1776234112.369,112.369,0.3,0.31,0.69,0.71,0.01,0.02,74003.44,1776234110000
1776234112.712,112.712,0.3,0.31,0.69,0.7,0.01,0.01,74003.47,1776234111000
1776234113.104,113.104,0.3,0.31,0.69,0.7,0.01,0.01,74003.47,1776234112000
1776234113.58,113.58,0.3,0.31,0.69,0.7,0.01,0.01,74003.47,1776234112000
1776234113.966,113.966,0.3,0.31,0.69,0.7,0.01,0.01,74004.15,1776234113000
1776234114.485,114.485,0.3,0.31,0.69,0.7,0.01,0.01,74004.15,1776234113000
1776234114.885,114.885,0.3,0.31,0.69,0.7,0.01,0.01,74004.15,1776234113000
1776234115.397,115.397,0.3,0.31,0.69,0.7,0.01,0.01,74004.82,1776234114000
1776234115.89,115.89,0.31,0.32,0.68,0.69,0.01,0.01,74004.82,1776234114000
1776234116.242,116.242,0.31,0.32,0.68,0.69,0.01,0.01,74005.18,1776234115000
1776234116.649,116.649,0.31,0.32,0.68,0.69,0.01,0.01,74005.18,1776234115000
1776234117.188,117.188,0.31,0.32,0.68,0.69,0.01,0.01,74005.6,1776234116000
1776234117.577,117.577,0.31,0.32,0.68,0.69,0.01,0.01,74005.6,1776234116000
1776234117.94,117.94,0.31,0.32,0.68,0.69,0.01,0.01,74005.6,1776234116000
1776234118.455,118.455,0.31,0.32,0.68,0.69,0.01,0.01,74005.6,1776234117000
1776234118.807,118.807,0.31,0.32,0.68,0.69,0.01,0.01,74005.6,1776234117000
1776234119.19,119.19,0.31,0.32,0.68,0.69,0.01,0.01,74005.6,1776234117000
1776234119.568,119.568,0.31,0.32,0.68,0.69,0.01,0.01,74004.18,1776234118000
1776234119.996,119.996,0.31,0.32,0.68,0.69,0.01,0.01,74004.18,1776234118000
1776234120.367,120.367,0.28,0.29,0.71,0.72,0.01,0.01,74005.61,1776234119000
1776234120.708,120.708,0.26,0.27,0.73,0.74,0.01,0.01,74005.61,1776234119000
1776234121.086,121.086,0.22,0.25,0.75,0.76,0.03,0.01,74005.61,1776234119000
1776234121.53,121.53,0.2,0.23,0.77,0.78,0.03,0.01,74005.61,1776234120000
1776234121.912,121.912,0.2,0.22,0.79,0.8,0.02,0.01,74005.61,1776234120000
1776234122.283,122.283,0.2,0.21,0.79,0.8,0.01,0.01,74005.61,1776234120000
1776234122.633,122.633,0.2,0.21,0.79,0.8,0.01,0.01,73997.4,1776234121000
1776234122.977,122.977,0.2,0.21,0.79,0.8,0.01,0.01,73997.4,1776234121000
1776234123.323,123.323,0.2,0.21,0.79,0.8,0.01,0.01,73997.4,1776234121000
1776234123.671,123.671,0.2,0.21,0.79,0.8,0.01,0.01,73992.79,1776234122000
1776234124.124,124.124,0.2,0.21,0.79,0.8,0.01,0.01,73992.79,1776234122000
1776234124.567,124.567,0.2,0.21,0.79,0.8,0.01,0.01,73990.96,1776234123000
1776234124.921,124.921,0.2,0.21,0.79,0.8,0.01,0.01,73990.96,1776234123000
1776234125.26,125.26,0.2,0.21,0.79,0.8,0.01,0.01,73990.3,1776234124000
1776234125.626,125.626,0.19,0.2,0.8,0.81,0.01,0.01,73990.3,1776234124000
1776234125.995,125.995,0.17,0.19,0.81,0.82,0.02,0.01,73990.3,1776234124000
1776234126.342,126.342,0.18,0.19,0.81,0.82,0.01,0.01,73990.41,1776234125000
1776234126.684,126.684,0.18,0.19,0.81,0.82,0.01,0.01,73990.41,1776234125000
1776234127.021,127.021,0.17,0.18,0.82,0.83,0.01,0.01,73990.41,1776234125000
1776234127.4,127.4,0.17,0.18,0.82,0.83,0.01,0.01,73990.41,1776234125000
1776234127.916,127.916,0.17,0.18,0.82,0.83,0.01,0.01,73983.99,1776234126000
1776234128.317,128.317,0.17,0.18,0.82,0.83,0.01,0.01,73983.99,1776234126000
1776234128.711,128.711,0.17,0.18,0.82,0.83,0.01,0.01,73984.1,1776234127000
1776234129.16,129.16,0.16,0.18,0.82,0.84,0.02,0.02,73984.1,1776234128000
1776234129.507,129.507,0.16,0.17,0.83,0.84,0.01,0.01,73984.1,1776234128000
1776234129.841,129.841,0.16,0.17,0.83,0.84,0.01,0.01,73984.1,1776234128000
1776234130.208,130.208,0.15,0.17,0.83,0.84,0.02,0.01,73984.1,1776234128000
1776234130.722,130.722,0.15,0.16,0.84,0.85,0.01,0.01,73984.1,1776234128000
1776234131.065,131.065,0.15,0.16,0.84,0.85,0.01,0.01,73982.93,1776234129000
1776234131.476,131.476,0.14,0.15,0.84,0.86,0.01,0.02,73982.93,1776234129000
1776234132.013,132.013,0.14,0.15,0.85,0.86,0.01,0.01,73980.27,1776234130000
1776234132.42,132.42,0.14,0.15,0.85,0.86,0.01,0.01,73980.27,1776234130000
1776234132.931,132.931,0.14,0.15,0.85,0.86,0.01,0.01,73979.84,1776234131000
1776234133.266,133.266,0.14,0.15,0.85,0.86,0.01,0.01,73979.84,1776234132000
1776234133.834,133.834,0.14,0.15,0.85,0.86,0.01,0.01,73979.84,1776234132000
1776234134.303,134.303,0.14,0.15,0.85,0.86,0.01,0.01,73981.75,1776234133000
1776234134.866,134.866,0.13,0.14,0.85,0.87,0.01,0.02,73981.75,1776234133000
1776234135.409,135.409,0.13,0.14,0.86,0.87,0.01,0.01,73981.75,1776234133000
1776234135.745,135.745,0.13,0.14,0.86,0.87,0.01,0.01,73981.67,1776234134000
1776234136.106,136.106,0.13,0.14,0.86,0.87,0.01,0.01,73981.67,1776234135000
1776234136.658,136.658,0.13,0.14,0.86,0.87,0.01,0.01,73981.67,1776234135000
1776234137.17,137.17,0.13,0.14,0.86,0.87,0.01,0.01,73981.67,1776234135000
1776234137.505,137.505,0.12,0.13,0.86,0.88,0.01,0.02,73981.67,1776234136000
1776234137.95,137.95,0.12,0.13,0.87,0.88,0.01,0.01,73981.67,1776234136000
1776234138.303,138.303,0.12,0.13,0.87,0.88,0.01,0.01,73981.67,1776234136000
1776234138.675,138.675,0.11,0.12,0.88,0.89,0.01,0.01,73980.7,1776234137000
1776234139.17,139.17,0.09,0.1,0.9,0.91,0.01,0.01,73979.58,1776234138000
1776234139.549,139.549,0.08,0.09,0.91,0.92,0.01,0.01,73979.58,1776234138000
1776234139.986,139.986,0.08,0.09,0.91,0.92,0.01,0.01,73979.58,1776234138000
1776234140.328,140.328,0.08,0.09,0.91,0.92,0.01,0.01,73979.58,1776234138000
1776234140.8,140.8,0.08,0.09,0.91,0.92,0.01,0.01,73979.58,1776234138000
1776234141.136,141.136,0.09,0.1,0.9,0.91,0.01,0.01,73970.18,1776234139000
1776234141.551,141.551,0.09,0.1,0.9,0.91,0.01,0.01,73970.18,1776234139000
1776234141.935,141.935,0.1,0.11,0.89,0.9,0.01,0.01,73970.18,1776234139000
1776234142.308,142.308,0.1,0.11,0.89,0.9,0.01,0.01,73968.92,1776234140000
1776234142.688,142.688,0.1,0.11,0.89,0.9,0.01,0.01,73968.92,1776234140000
1776234143.039,143.039,0.1,0.11,0.89,0.9,0.01,0.01,73968.92,1776234140000
1776234143.402,143.402,0.1,0.11,0.89,0.9,0.01,0.01,73971.15,1776234141000
1776234143.771,143.771,0.11,0.12,0.88,0.9,0.01,0.02,73971.15,1776234141000
1776234144.242,144.242,0.12,0.13,0.87,0.89,0.01,0.02,73974.11,1776234142000
1776234144.6,144.6,0.13,0.14,0.86,0.88,0.01,0.02,73974.11,1776234142000
1776234144.939,144.939,0.13,0.14,0.86,0.87,0.01,0.01,73976.4,1776234143000
1776234145.293,145.293,0.14,0.15,0.85,0.86,0.01,0.01,73976.4,1776234143000
1776234145.634,145.634,0.15,0.16,0.84,0.85,0.01,0.01,73976.42,1776234144000
1776234145.994,145.994,0.16,0.17,0.83,0.84,0.01,0.01,73976.42,1776234144000
1776234146.37,146.37,0.16,0.17,0.83,0.84,0.01,0.01,73976.42,1776234144000
1776234146.749,146.749,0.16,0.17,0.83,0.84,0.01,0.01,73976.42,1776234144000
1776234147.241,147.241,0.16,0.17,0.83,0.84,0.01,0.01,73979.37,1776234145000
1776234147.666,147.666,0.16,0.17,0.83,0.84,0.01,0.01,73982.61,1776234146000
1776234148.016,148.016,0.16,0.17,0.83,0.84,0.01,0.01,73982.61,1776234146000
1776234148.404,148.404,0.16,0.17,0.83,0.84,0.01,0.01,73982.61,1776234147000
1776234148.788,148.788,0.16,0.17,0.83,0.84,0.01,0.01,73982.61,1776234147000
1776234149.147,149.147,0.16,0.17,0.83,0.84,0.01,0.01,73982.61,1776234147000
1776234149.585,149.585,0.17,0.18,0.83,0.84,0.01,0.01,73983.92,1776234148000
1776234150.223,150.223,0.17,0.18,0.82,0.83,0.01,0.01,73983.92,1776234148000
1776234150.752,150.752,0.17,0.18,0.82,0.83,0.01,0.01,73983.97,1776234149000
1776234151.152,151.152,0.17,0.18,0.82,0.83,0.01,0.01,73983.97,1776234149000
1776234151.756,151.756,0.17,0.18,0.82,0.83,0.01,0.01,73984.05,1776234150000
1776234152.186,152.186,0.16,0.17,0.82,0.85,0.01,0.03,73984.05,1776234150000
1776234152.608,152.608,0.16,0.17,0.83,0.84,0.01,0.01,73982.79,1776234151000
1776234152.942,152.942,0.16,0.17,0.83,0.84,0.01,0.01,73982.79,1776234151000
1776234153.345,153.345,0.16,0.17,0.83,0.84,0.01,0.01,73983.98,1776234152000
1776234153.715,153.715,0.16,0.17,0.83,0.84,0.01,0.01,73983.98,1776234152000
1776234154.175,154.175,0.16,0.17,0.83,0.84,0.01,0.01,73984.12,1776234153000
1776234154.735,154.735,0.16,0.17,0.83,0.84,0.01,0.01,73984.12,1776234153000
1776234155.25,155.25,0.16,0.17,0.83,0.84,0.01,0.01,73984.12,1776234153000
1776234155.669,155.669,0.16,0.17,0.83,0.84,0.01,0.01,73984.24,1776234154000
1776234156.112,156.112,0.16,0.17,0.83,0.84,0.01,0.01,73982.62,1776234155000
1776234156.617,156.617,0.16,0.17,0.83,0.84,0.01,0.01,73982.62,1776234155000
1776234156.957,156.957,0.16,0.17,0.83,0.84,0.01,0.01,73982.62,1776234155000
1776234157.391,157.391,0.16,0.17,0.83,0.84,0.01,0.01,73984.21,1776234156000
1776234157.831,157.831,0.16,0.17,0.83,0.84,0.01,0.01,73984.21,1776234156000
1776234158.288,158.288,0.16,0.17,0.83,0.84,0.01,0.01,73984.21,1776234156000
1776234159.029,159.029,0.16,0.17,0.83,0.84,0.01,0.01,73982.76,1776234157000
1776234159.395,159.395,0.16,0.17,0.83,0.84,0.01,0.01,73984.22,1776234158000
1776234159.805,159.805,0.16,0.17,0.83,0.84,0.01,0.01,73984.22,1776234158000
1776234160.301,160.301,0.16,0.17,0.83,0.84,0.01,0.01,73984.22,1776234159000
1776234160.694,160.694,0.16,0.17,0.83,0.84,0.01,0.01,73984.22,1776234159000
1776234161.314,161.314,0.16,0.17,0.83,0.84,0.01,0.01,73984.25,1776234160000
1776234161.688,161.688,0.17,0.18,0.82,0.84,0.01,0.02,73984.25,1776234160000
1776234162.066,162.066,0.17,0.18,0.82,0.83,0.01,0.01,73984.25,1776234160000
1776234162.438,162.438,0.17,0.18,0.82,0.83,0.01,0.01,73984.35,1776234161000
1776234162.791,162.791,0.17,0.18,0.82,0.83,0.01,0.01,73984.35,1776234161000
1776234163.16,163.16,0.17,0.18,0.82,0.83,0.01,0.01,73984.35,1776234161000
1776234163.514,163.514,0.17,0.18,0.82,0.83,0.01,0.01,73986.41,1776234162000
1776234164.119,164.119,0.17,0.18,0.82,0.83,0.01,0.01,73986.41,1776234162000
1776234164.47,164.47,0.17,0.18,0.82,0.83,0.01,0.01,73989.11,1776234163000
1776234165.021,165.021,0.17,0.18,0.82,0.83,0.01,0.01,73989.11,1776234163000
1776234165.451,165.451,0.15,0.17,0.82,0.84,0.02,0.02,73989.28,1776234164000
1776234165.828,165.828,0.15,0.16,0.84,0.85,0.01,0.01,73989.28,1776234164000
1776234166.192,166.192,0.15,0.16,0.84,0.85,0.01,0.01,73989.28,1776234165000
1776234166.533,166.533,0.15,0.16,0.84,0.85,0.01,0.01,73989.28,1776234165000
1776234166.882,166.882,0.15,0.16,0.84,0.85,0.01,0.01,73989.28,1776234165000
1776234167.247,167.247,0.14,0.15,0.84,0.86,0.01,0.02,73989.2,1776234166000
1776234167.761,167.761,0.14,0.15,0.85,0.86,0.01,0.01,73989.2,1776234166000
1776234168.14,168.14,0.12,0.14,0.86,0.88,0.02,0.02,73989.2,1776234166000
1776234168.626,168.626,0.12,0.13,0.87,0.88,0.01,0.01,73989.13,1776234167000
1776234169.004,169.004,0.11,0.12,0.87,0.88,0.01,0.01,73989.13,1776234167000
1776234169.349,169.349,0.11,0.12,0.88,0.89,0.01,0.01,73989.15,1776234168000
1776234169.723,169.723,0.11,0.12,0.88,0.89,0.01,0.01,73989.15,1776234168000
1776234170.101,170.101,0.11,0.12,0.88,0.89,0.01,0.01,73989.15,1776234168000
1776234170.447,170.447,0.11,0.12,0.88,0.89,0.01,0.01,73986.28,1776234169000
1776234170.792,170.792,0.11,0.12,0.88,0.89,0.01,0.01,73986.28,1776234169000
1776234171.128,171.128,0.11,0.12,0.88,0.89,0.01,0.01,73986.28,1776234169000
1776234171.517,171.517,0.11,0.12,0.88,0.89,0.01,0.01,73986.24,1776234170000
1776234171.904,171.904,0.11,0.12,0.88,0.89,0.01,0.01,73986.24,1776234170000
1776234172.447,172.447,0.1,0.11,0.88,0.9,0.01,0.02,73986.24,1776234170000
1776234172.949,172.949,0.1,0.11,0.89,0.9,0.01,0.01,73986.24,1776234170000
1776234173.369,173.369,0.1,0.11,0.89,0.9,0.01,0.01,73986.3,1776234171000
1776234174.093,174.093,0.1,0.11,0.89,0.9,0.01,0.01,73986.07,1776234172000
1776234174.575,174.575,0.1,0.11,0.89,0.9,0.01,0.01,73985.95,1776234173000
1776234175.059,175.059,0.1,0.11,0.89,0.9,0.01,0.01,73985.95,1776234173000
1776234175.407,175.407,0.1,0.11,0.89,0.9,0.01,0.01,73985.95,1776234173000
1776234175.887,175.887,0.1,0.11,0.89,0.9,0.01,0.01,73985.95,1776234174000
1776234176.228,176.228,0.1,0.11,0.89,0.9,0.01,0.01,73985.95,1776234175000
1776234176.826,176.826,0.1,0.11,0.89,0.9,0.01,0.01,73985.95,1776234175000
1776234177.426,177.426,0.1,0.11,0.89,0.9,0.01,0.01,73985.95,1776234175000
1776234177.867,177.867,0.1,0.11,0.89,0.9,0.01,0.01,73985.86,1776234176000
1776234178.201,178.201,0.1,0.11,0.89,0.9,0.01,0.01,73985.86,1776234177000
1776234178.641,178.641,0.1,0.11,0.89,0.9,0.01,0.01,73985.86,1776234177000
1776234179.203,179.203,0.1,0.11,0.89,0.9,0.01,0.01,73985.86,1776234177000
1776234179.551,179.551,0.1,0.11,0.89,0.9,0.01,0.01,73985.96,1776234178000
1776234180.111,180.111,0.1,0.11,0.89,0.9,0.01,0.01,73985.77,1776234179000
1776234180.447,180.447,0.1,0.11,0.89,0.9,0.01,0.01,73985.77,1776234179000
1776234180.879,180.879,0.1,0.11,0.89,0.9,0.01,0.01,73985.77,1776234179000
1776234181.277,181.277,0.1,0.11,0.89,0.9,0.01,0.01,73985.51,1776234180000
1776234181.805,181.805,0.09,0.1,0.9,0.91,0.01,0.01,73985.51,1776234180000
1776234182.225,182.225,0.09,0.1,0.9,0.92,0.01,0.02,73985.51,1776234180000
1776234182.641,182.641,0.08,0.09,0.91,0.92,0.01,0.01,73985.13,1776234181000
1776234183.12,183.12,0.08,0.09,0.91,0.92,0.01,0.01,73985.13,1776234181000
1776234183.463,183.463,0.08,0.09,0.91,0.92,0.01,0.01,73985.13,1776234182000
1776234183.955,183.955,0.08,0.09,0.91,0.92,0.01,0.01,73985.13,1776234182000
1776234184.414,184.414,0.09,0.1,0.9,0.91,0.01,0.01,73983.96,1776234183000
1776234184.967,184.967,0.09,0.1,0.9,0.91,0.01,0.01,73983.96,1776234184000
1776234185.342,185.342,0.09,0.1,0.9,0.91,0.01,0.01,73983.96,1776234184000
1776234186.025,186.025,0.09,0.12,0.9,0.91,0.03,0.01,73983.96,1776234184000
1776234186.533,186.533,0.09,0.1,0.9,0.91,0.01,0.01,73984.55,1776234185000
1776234186.892,186.892,0.09,0.1,0.9,0.92,0.01,0.02,73984.55,1776234185000
1776234187.675,187.675,0.09,0.1,0.9,0.91,0.01,0.01,73984.55,1776234185000
1776234188.12,188.12,0.09,0.1,0.9,0.91,0.01,0.01,73984.27,1776234186000
1776234188.551,188.551,0.08,0.1,0.9,0.91,0.02,0.01,73984.27,1776234186000
1776234188.943,188.943,0.08,0.09,0.91,0.92,0.01,0.01,73980.7,1776234187000
1776234189.51,189.51,0.08,0.09,0.91,0.92,0.01,0.01,73979.37,1776234188000
1776234189.85,189.85,0.08,0.09,0.91,0.92,0.01,0.01,73979.37,1776234188000
1776234190.258,190.258,0.08,0.09,0.91,0.92,0.01,0.01,73978.38,1776234189000
1776234191.293,191.293,0.08,0.09,0.91,0.92,0.01,0.01,73978.38,1776234189000
1776234191.628,191.628,0.08,0.09,0.91,0.92,0.01,0.01,73972.88,1776234190000
1776234191.965,191.965,0.08,0.09,0.91,0.92,0.01,0.01,73972.88,1776234190000
1776234192.434,192.434,0.08,0.09,0.91,0.92,0.01,0.01,73972.65,1776234191000
1776234192.78,192.78,0.08,0.09,0.91,0.92,0.01,0.01,73972.65,1776234191000
1776234193.424,193.424,0.08,0.09,0.91,0.92,0.01,0.01,73972.65,1776234191000
1776234193.81,193.81,0.08,0.09,0.91,0.92,0.01,0.01,73971.23,1776234192000
1776234194.166,194.166,0.08,0.09,0.91,0.92,0.01,0.01,73971.23,1776234193000
1776234194.604,194.604,0.08,0.09,0.91,0.92,0.01,0.01,73971.23,1776234193000
1776234194.985,194.985,0.08,0.09,0.91,0.92,0.01,0.01,73971.23,1776234193000
1776234195.395,195.395,0.08,0.09,0.91,0.92,0.01,0.01,73971.23,1776234193000
1776234195.84,195.84,0.08,0.09,0.91,0.92,0.01,0.01,73971.27,1776234194000
1776234196.269,196.269,0.08,0.09,0.91,0.92,0.01,0.01,73971.27,1776234194000
1776234196.743,196.743,0.08,0.09,0.91,0.92,0.01,0.01,73971.27,1776234195000
1776234197.088,197.088,0.08,0.09,0.91,0.92,0.01,0.01,73971.24,1776234196000
1776234197.66,197.66,0.08,0.09,0.91,0.92,0.01,0.01,73971.24,1776234196000
1776234197.998,197.998,0.08,0.09,0.91,0.92,0.01,0.01,73971.24,1776234196000
1776234198.341,198.341,0.08,0.09,0.91,0.92,0.01,0.01,73971.24,1776234196000
1776234198.982,198.982,0.08,0.09,0.91,0.92,0.01,0.01,73971.3,1776234197000
1776234199.524,199.524,0.08,0.09,0.91,0.92,0.01,0.01,73971.35,1776234198000
1776234200.134,200.134,0.08,0.09,0.91,0.92,0.01,0.01,73971.35,1776234198000
1776234200.564,200.564,0.08,0.09,0.91,0.92,0.01,0.01,73971.35,1776234198000
1776234200.959,200.959,0.08,0.09,0.91,0.92,0.01,0.01,73971.41,1776234199000
1776234201.367,201.367,0.08,0.09,0.91,0.92,0.01,0.01,73971.41,1776234199000
1776234201.704,201.704,0.09,0.1,0.9,0.91,0.01,0.01,73972.19,1776234200000
1776234202.093,202.093,0.11,0.12,0.88,0.89,0.01,0.01,73972.19,1776234200000
1776234203.171,203.171,0.11,0.12,0.88,0.89,0.01,0.01,73972.52,1776234201000
1776234203.708,203.708,0.11,0.12,0.88,0.89,0.01,0.01,73972.52,1776234201000
1776234204.298,204.298,0.11,0.12,0.88,0.89,0.01,0.01,73980.76,1776234203000
1776234204.898,204.898,0.11,0.12,0.88,0.89,0.01,0.01,73980.76,1776234203000
1776234205.489,205.489,0.11,0.12,0.88,0.89,0.01,0.01,73983.24,1776234204000
1776234206.092,206.092,0.11,0.12,0.88,0.89,0.01,0.01,73983.24,1776234204000
1776234206.543,206.543,0.11,0.12,0.88,0.89,0.01,0.01,73983.44,1776234205000
1776234207.051,207.051,0.11,0.12,0.88,0.89,0.01,0.01,73983.44,1776234205000
1776234207.389,207.389,0.09,0.12,0.88,0.9,0.03,0.02,73983.44,1776234205000
1776234207.727,207.727,0.08,0.09,0.91,0.92,0.01,0.01,73983.38,1776234206000
1776234208.103,208.103,0.08,0.09,0.91,0.92,0.01,0.01,73983.38,1776234206000
1776234208.44,208.44,0.08,0.09,0.91,0.92,0.01,0.01,73983.38,1776234206000
1776234208.823,208.823,0.08,0.09,0.91,0.92,0.01,0.01,73981.01,1776234207000
1776234209.171,209.171,0.08,0.09,0.91,0.92,0.01,0.01,73979.78,1776234208000
1776234209.616,209.616,0.07,0.08,0.91,0.93,0.01,0.02,73979.78,1776234208000
1776234210.236,210.236,0.07,0.08,0.92,0.93,0.01,0.01,73979.78,1776234208000
1776234210.642,210.642,0.07,0.08,0.92,0.93,0.01,0.01,73978.62,1776234209000
1776234211.503,211.503,0.07,0.08,0.92,0.93,0.01,0.01,73978.62,1776234209000
1776234211.881,211.881,0.07,0.08,0.92,0.93,0.01,0.01,73978.6,1776234210000
1776234212.215,212.215,0.07,0.08,0.92,0.93,0.01,0.01,73977.97,1776234211000
1776234212.553,212.553,0.07,0.08,0.92,0.93,0.01,0.01,73977.97,1776234211000
1776234212.984,212.984,0.07,0.08,0.92,0.93,0.01,0.01,73977.97,1776234211000
1776234213.368,213.368,0.07,0.08,0.92,0.93,0.01,0.01,73977.97,1776234211000
1776234213.881,213.881,0.07,0.08,0.92,0.93,0.01,0.01,73978.53,1776234212000
1776234214.23,214.23,0.07,0.08,0.92,0.93,0.01,0.01,73977.13,1776234213000
1776234214.637,214.637,0.06,0.07,0.93,0.94,0.01,0.01,73977.13,1776234213000
1776234215.048,215.048,0.06,0.07,0.93,0.94,0.01,0.01,73977.13,1776234213000
1776234215.497,215.497,0.06,0.07,0.93,0.94,0.01,0.01,73977.98,1776234214000
1776234215.836,215.836,0.06,0.07,0.93,0.94,0.01,0.01,73977.98,1776234214000
1776234216.416,216.416,0.06,0.07,0.93,0.94,0.01,0.01,73978.06,1776234215000
1776234216.922,216.922,0.06,0.07,0.93,0.94,0.01,0.01,73978.06,1776234215000
1776234217.537,217.537,0.06,0.07,0.93,0.94,0.01,0.01,73976.86,1776234216000
1776234218.161,218.161,0.06,0.07,0.93,0.94,0.01,0.01,73978.11,1776234217000
1776234218.927,218.927,0.06,0.07,0.93,0.94,0.01,0.01,73978.11,1776234217000
1776234219.353,219.353,0.06,0.07,0.93,0.94,0.01,0.01,73978.11,1776234217000
1776234219.884,219.884,0.06,0.07,0.93,0.94,0.01,0.01,73978.11,1776234218000
1776234220.286,220.286,0.06,0.07,0.93,0.94,0.01,0.01,73978.11,1776234218000
1776234220.628,220.628,0.06,0.07,0.93,0.94,0.01,0.01,73978.13,1776234219000
1776234221.05,221.05,0.06,0.07,0.93,0.94,0.01,0.01,73978.13,1776234219000
1776234221.533,221.533,0.05,0.06,0.93,0.95,0.01,0.02,73978.11,1776234220000
1776234221.93,221.93,0.05,0.06,0.94,0.95,0.01,0.01,73978.11,1776234220000
1776234222.282,222.282,0.05,0.06,0.94,0.95,0.01,0.01,73976.9,1776234221000
1776234222.67,222.67,0.05,0.06,0.94,0.95,0.01,0.01,73976.9,1776234221000
1776234223.135,223.135,0.05,0.06,0.94,0.95,0.01,0.01,73976.9,1776234221000
1776234223.657,223.657,0.05,0.06,0.94,0.95,0.01,0.01,73976.92,1776234222000
1776234224.037,224.037,0.05,0.06,0.94,0.95,0.01,0.01,73978.08,1776234223000
1776234224.38,224.38,0.05,0.06,0.94,0.95,0.01,0.01,73978.08,1776234223000
1776234225.123,225.123,0.05,0.06,0.94,0.95,0.01,0.01,73978.08,1776234223000
1776234225.571,225.571,0.05,0.06,0.94,0.95,0.01,0.01,73977.96,1776234224000
1776234226.067,226.067,0.05,0.06,0.94,0.95,0.01,0.01,73977.96,1776234224000
1776234226.729,226.729,0.05,0.06,0.94,0.95,0.01,0.01,73977.95,1776234225000
1776234227.292,227.292,0.05,0.06,0.94,0.95,0.01,0.01,73977.95,1776234226000
1776234227.82,227.82,0.05,0.06,0.94,0.95,0.01,0.01,73977.95,1776234226000
1776234228.319,228.319,0.05,0.06,0.94,0.95,0.01,0.01,73977.92,1776234227000
1776234229.166,229.166,0.05,0.06,0.94,0.95,0.01,0.01,73977.92,1776234227000
1776234230.24,230.24,0.05,0.06,0.94,0.95,0.01,0.01,73977.86,1776234228000
1776234230.612,230.612,0.05,0.06,0.94,0.95,0.01,0.01,73977.88,1776234229000
1776234230.951,230.951,0.05,0.06,0.94,0.95,0.01,0.01,73977.86,1776234230000
1776234231.555,231.555,0.05,0.06,0.94,0.95,0.01,0.01,73977.86,1776234230000
1776234231.97,231.97,0.05,0.06,0.94,0.95,0.01,0.01,73977.86,1776234230000
1776234232.379,232.379,0.05,0.06,0.94,0.95,0.01,0.01,73977.85,1776234231000
1776234232.749,232.749,0.05,0.06,0.94,0.95,0.01,0.01,73977.85,1776234231000
1776234233.211,233.211,0.05,0.06,0.94,0.95,0.01,0.01,73977.07,1776234232000
1776234233.761,233.761,0.05,0.06,0.94,0.95,0.01,0.01,73977.07,1776234232000
1776234234.094,234.094,0.05,0.06,0.94,0.95,0.01,0.01,73977.07,1776234232000
1776234234.636,234.636,0.05,0.06,0.94,0.95,0.01,0.01,73977.89,1776234233000
1776234234.977,234.977,0.05,0.06,0.94,0.95,0.01,0.01,73977.9,1776234234000
1776234235.876,235.876,0.05,0.06,0.94,0.95,0.01,0.01,73977.9,1776234234000
1776234236.47,236.47,0.05,0.06,0.94,0.95,0.01,0.01,73980.19,1776234235000
1776234236.902,236.902,0.05,0.06,0.94,0.95,0.01,0.01,73980.19,1776234235000
1776234237.287,237.287,0.05,0.06,0.94,0.95,0.01,0.01,73981.26,1776234236000
1776234238.003,238.003,0.05,0.06,0.94,0.95,0.01,0.01,73981.26,1776234236000
1776234238.368,238.368,0.05,0.06,0.94,0.95,0.01,0.01,73981.4,1776234237000
1776234238.89,238.89,0.05,0.06,0.94,0.95,0.01,0.01,73981.4,1776234237000
1776234239.289,239.289,0.05,0.06,0.94,0.95,0.01,0.01,73981.44,1776234238000
1776234239.916,239.916,0.05,0.06,0.94,0.95,0.01,0.01,73981.44,1776234238000
1776234240.277,240.277,0.05,0.06,0.94,0.95,0.01,0.01,73981.68,1776234239000
1776234240.693,240.693,0.05,0.06,0.94,0.95,0.01,0.01,73981.68,1776234239000
1776234241.182,241.182,0.05,0.06,0.94,0.95,0.01,0.01,73981.68,1776234239000
1776234241.58,241.58,0.05,0.06,0.94,0.95,0.01,0.01,73981.62,1776234240000
1776234241.987,241.987,0.05,0.06,0.94,0.95,0.01,0.01,73981.62,1776234240000
1776234242.403,242.403,0.05,0.06,0.94,0.95,0.01,0.01,73981.68,1776234241000
1776234242.74,242.74,0.05,0.06,0.94,0.95,0.01,0.01,73981.68,1776234241000
1776234243.266,243.266,0.05,0.06,0.94,0.95,0.01,0.01,73981.68,1776234241000
1776234243.78,243.78,0.05,0.06,0.94,0.95,0.01,0.01,73981.68,1776234242000
1776234244.128,244.128,0.05,0.06,0.94,0.95,0.01,0.01,73981.68,1776234242000
1776234244.562,244.562,0.05,0.06,0.94,0.95,0.01,0.01,73981.69,1776234243000
1776234245.239,245.239,0.05,0.06,0.94,0.95,0.01,0.01,73981.69,1776234243000
1776234245.648,245.648,0.05,0.06,0.94,0.95,0.01,0.01,73981.69,1776234244000
1776234246.371,246.371,0.05,0.06,0.94,0.95,0.01,0.01,73982.31,1776234245000
1776234246.93,246.93,0.05,0.06,0.94,0.95,0.01,0.01,73982.34,1776234246000
1776234247.486,247.486,0.05,0.06,0.94,0.95,0.01,0.01,73982.34,1776234246000
1776234247.951,247.951,0.04,0.05,0.95,0.96,0.01,0.01,73982.23,1776234247000
1776234248.355,248.355,0.04,0.05,0.95,0.96,0.01,0.01,73982.23,1776234247000
1776234248.905,248.905,0.04,0.05,0.95,0.96,0.01,0.01,73982.23,1776234247000
1776234249.498,249.498,0.04,0.05,0.95,0.96,0.01,0.01,73982.23,1776234248000
1776234250.023,250.023,0.04,0.05,0.95,0.96,0.01,0.01,73982.23,1776234248000
1776234250.378,250.378,0.04,0.05,0.95,0.96,0.01,0.01,73982.2,1776234249000
1776234250.904,250.904,0.04,0.05,0.95,0.96,0.01,0.01,73982.2,1776234249000
1776234251.301,251.301,0.04,0.05,0.95,0.96,0.01,0.01,73982.2,1776234249000
1776234251.71,251.71,0.04,0.05,0.95,0.96,0.01,0.01,73982.19,1776234250000
1776234252.07,252.07,0.04,0.05,0.95,0.96,0.01,0.01,73982.26,1776234251000
1776234252.459,252.459,0.04,0.05,0.95,0.96,0.01,0.01,73982.26,1776234251000
1776234253.139,253.139,0.04,0.05,0.95,0.96,0.01,0.01,73982.24,1776234252000
1776234253.854,253.854,0.04,0.05,0.95,0.96,0.01,0.01,73982.24,1776234252000
1776234254.216,254.216,0.04,0.05,0.95,0.96,0.01,0.01,73982.22,1776234253000
1776234254.569,254.569,0.04,0.05,0.95,0.96,0.01,0.01,73982.22,1776234253000
1776234255.17,255.17,0.04,0.05,0.95,0.96,0.01,0.01,73982.22,1776234253000
1776234255.908,255.908,0.04,0.05,0.95,0.96,0.01,0.01,73982.22,1776234254000
1776234256.28,256.28,0.04,0.05,0.95,0.96,0.01,0.01,73982.22,1776234254000
1776234256.881,256.881,0.04,0.05,0.95,0.96,0.01,0.01,73982.23,1776234255000
1776234257.369,257.369,0.03,0.04,0.96,0.97,0.01,0.01,73982.16,1776234256000
1776234257.941,257.941,0.03,0.04,0.96,0.97,0.01,0.01,73982.16,1776234256000
1776234258.377,258.377,0.03,0.04,0.96,0.97,0.01,0.01,73982.16,1776234256000
1776234258.771,258.771,0.03,0.04,0.96,0.97,0.01,0.01,73981.59,1776234257000
1776234259.199,259.199,0.03,0.04,0.96,0.97,0.01,0.01,73978.82,1776234258000
1776234259.555,259.555,0.03,0.04,0.96,0.97,0.01,0.01,73978.82,1776234258000
1776234259.924,259.924,0.03,0.04,0.96,0.97,0.01,0.01,73978.82,1776234258000
1776234260.593,260.593,0.03,0.04,0.96,0.97,0.01,0.01,73976.83,1776234259000
1776234260.961,260.961,0.03,0.04,0.96,0.97,0.01,0.01,73976.83,1776234259000
1776234261.54,261.54,0.03,0.04,0.96,0.97,0.01,0.01,73976.36,1776234260000
1776234261.986,261.986,0.03,0.04,0.96,0.97,0.01,0.01,73976.36,1776234260000
1776234262.369,262.369,0.03,0.04,0.96,0.97,0.01,0.01,73976.36,1776234261000
1776234262.952,262.952,0.03,0.04,0.96,0.97,0.01,0.01,73976.36,1776234261000
1776234263.294,263.294,0.03,0.04,0.96,0.97,0.01,0.01,73976.65,1776234262000
1776234263.68,263.68,0.03,0.04,0.96,0.97,0.01,0.01,73976.65,1776234262000
1776234264.119,264.119,0.02,0.03,0.97,0.98,0.01,0.01,73976.65,1776234262000
1776234264.475,264.475,0.02,0.03,0.97,0.98,0.01,0.01,73976.33,1776234263000
1776234264.823,264.823,0.02,0.03,0.97,0.98,0.01,0.01,73976.33,1776234263000
1776234265.159,265.159,0.02,0.03,0.97,0.98,0.01,0.01,73976.35,1776234264000
1776234265.597,265.597,0.02,0.03,0.97,0.98,0.01,0.01,73976.35,1776234264000
1776234265.933,265.933,0.02,0.03,0.97,0.98,0.01,0.01,73976.35,1776234264000
1776234266.363,266.363,0.02,0.03,0.97,0.98,0.01,0.01,73977.13,1776234265000
1776234266.745,266.745,0.02,0.03,0.97,0.98,0.01,0.01,73977.13,1776234265000
1776234267.204,267.204,0.02,0.03,0.97,0.98,0.01,0.01,73977.13,1776234266000
1776234267.576,267.576,0.02,0.03,0.97,0.98,0.01,0.01,73977.13,1776234266000
1776234268.078,268.078,0.02,0.03,0.97,0.98,0.01,0.01,73977.85,1776234267000
1776234268.411,268.411,0.02,0.03,0.97,0.98,0.01,0.01,73977.85,1776234267000
1776234268.898,268.898,0.02,0.03,0.97,0.98,0.01,0.01,73977.85,1776234267000
1776234269.249,269.249,0.02,0.03,0.97,0.98,0.01,0.01,73979.29,1776234268000
1776234269.636,269.636,0.02,0.03,0.97,0.98,0.01,0.01,73979.29,1776234268000
1776234270.046,270.046,0.02,0.03,0.97,0.98,0.01,0.01,73979.6,1776234269000
1776234270.514,270.514,0.02,0.03,0.97,0.98,0.01,0.01,73979.6,1776234269000
1776234270.918,270.918,0.02,0.03,0.97,0.98,0.01,0.01,73979.6,1776234269000
1776234271.297,271.297,0.02,0.03,0.97,0.98,0.01,0.01,73979.59,1776234270000
1776234271.738,271.738,0.02,0.03,0.97,0.98,0.01,0.01,73979.59,1776234270000
1776234272.081,272.081,0.02,0.03,0.97,0.98,0.01,0.01,73979.52,1776234271000
1776234272.424,272.424,0.02,0.03,0.97,0.98,0.01,0.01,73979.52,1776234271000
1776234272.83,272.83,0.02,0.03,0.97,0.98,0.01,0.01,73979.52,1776234271000
1776234273.491,273.491,0.02,0.03,0.97,0.98,0.01,0.01,73979.58,1776234272000
1776234273.89,273.89,0.02,0.03,0.97,0.98,0.01,0.01,73979.58,1776234272000
1776234274.244,274.244,0.02,0.03,0.97,0.98,0.01,0.01,73979.53,1776234273000
1776234274.673,274.673,0.02,0.03,0.97,0.98,0.01,0.01,73979.53,1776234273000
1776234275.173,275.173,0.02,0.03,0.97,0.98,0.01,0.01,73979.5,1776234274000
1776234275.53,275.53,0.02,0.03,0.97,0.98,0.01,0.01,73979.5,1776234274000
1776234275.894,275.894,0.02,0.03,0.97,0.98,0.01,0.01,73979.5,1776234274000
1776234276.294,276.294,0.02,0.03,0.97,0.98,0.01,0.01,73979.54,1776234275000
1776234276.73,276.73,0.02,0.03,0.97,0.98,0.01,0.01,73979.54,1776234275000
1776234277.084,277.084,0.02,0.03,0.97,0.98,0.01,0.01,73979.54,1776234275000
1776234277.544,277.544,0.02,0.03,0.97,0.98,0.01,0.01,73979.54,1776234275000
1776234277.877,277.877,0.02,0.03,0.97,0.98,0.01,0.01,73979.56,1776234276000
1776234278.262,278.262,0.02,0.03,0.97,0.98,0.01,0.01,73979.57,1776234277000
1776234278.682,278.682,0.02,0.03,0.97,0.98,0.01,0.01,73979.57,1776234277000
1776234279.166,279.166,0.02,0.03,0.97,0.98,0.01,0.01,73979.57,1776234277000
1776234279.53,279.53,0.02,0.03,0.97,0.98,0.01,0.01,73979.63,1776234278000
1776234279.919,279.919,0.02,0.03,0.97,0.98,0.01,0.01,73979.63,1776234278000
1776234280.468,280.468,0.02,0.03,0.97,0.98,0.01,0.01,73979.59,1776234279000
1776234280.833,280.833,0.02,0.03,0.97,0.98,0.01,0.01,73979.59,1776234279000
1776234281.175,281.175,0.02,0.03,0.97,0.98,0.01,0.01,73979.59,1776234279000
1776234281.561,281.561,0.02,0.03,0.97,0.98,0.01,0.01,73979.63,1776234280000
1776234282.02,282.02,0.02,0.03,0.97,0.98,0.01,0.01,73979.63,1776234280000
1776234282.37,282.37,0.02,0.03,0.97,0.98,0.01,0.01,73979.63,1776234280000
1776234282.719,282.719,0.02,0.03,0.97,0.98,0.01,0.01,73979.5,1776234281000
1776234283.3,283.3,0.02,0.03,0.97,0.98,0.01,0.01,73979.53,1776234282000
1776234283.663,283.663,0.02,0.03,0.97,0.98,0.01,0.01,73979.53,1776234282000
1776234284.161,284.161,0.02,0.03,0.97,0.99,0.01,0.02,73979.53,1776234282000
1776234284.515,284.515,0.02,0.03,0.97,0.98,0.01,0.01,73979.4,1776234283000
1776234284.912,284.912,0.01,0.02,0.97,0.99,0.01,0.02,73979.4,1776234283000
1776234285.259,285.259,0.01,0.02,0.98,0.99,0.01,0.01,73979.4,1776234283000
1776234285.62,285.62,0.01,0.02,0.98,0.99,0.01,0.01,73979.4,1776234284000
1776234285.962,285.962,0.01,0.02,0.98,0.99,0.01,0.01,73979.4,1776234284000
1776234286.331,286.331,0.01,0.02,0.98,0.99,0.01,0.01,73979.46,1776234285000
1776234286.684,286.684,0.01,0.02,0.98,0.99,0.01,0.01,73979.46,1776234285000
1776234287.033,287.033,0.01,0.02,0.98,0.99,0.01,0.01,73979.46,1776234285000
1776234287.386,287.386,0.01,0.02,0.98,0.99,0.01,0.01,73979.46,1776234285000
1776234287.728,287.728,0.01,0.02,0.98,0.99,0.01,0.01,73979.46,1776234286000
1776234288.292,288.292,0.01,0.01,0.99,0.99,0.0,0.0,73979.43,1776234287000
1776234288.672,288.672,0.01,0.01,0.99,0.99,0.0,0.0,73979.43,1776234287000
1776234289.008,289.008,0.01,0.01,0.99,0.99,0.0,0.0,73979.43,1776234287000
1776234289.354,289.354,0.01,0.01,0.99,0.99,0.0,0.0,73979.46,1776234288000
1776234289.736,289.736,0.01,0.01,0.99,0.99,0.0,0.0,73979.46,1776234288000
1776234290.196,290.196,0.01,0.01,0.99,0.99,0.0,0.0,73979.46,1776234288000
1776234290.678,290.678,0.01,0.01,0.99,0.99,0.0,0.0,73979.46,1776234288000
1776234291.051,291.051,0.01,0.01,0.99,0.99,0.0,0.0,73979.37,1776234289000
1776234291.432,291.432,0.01,0.01,0.99,0.99,0.0,0.0,73979.4,1776234290000
1776234291.984,291.984,0.01,0.01,0.99,0.99,0.0,0.0,73979.4,1776234290000
1776234292.382,292.382,0.01,0.01,0.99,0.99,0.0,0.0,73979.47,1776234291000
1776234292.951,292.951,0.01,0.01,0.99,0.99,0.0,0.0,73979.47,1776234291000
1776234293.318,293.318,0.01,0.01,0.99,0.99,0.0,0.0,73979.47,1776234292000
1776234293.864,293.864,0.01,0.01,0.99,0.99,0.0,0.0,73979.47,1776234292000
1776234294.381,294.381,0.01,0.01,0.99,0.99,0.0,0.0,73979.48,1776234293000
1776234294.817,294.817,0.01,0.01,0.99,0.99,0.0,0.0,73979.48,1776234293000
1776234295.368,295.368,0.01,0.01,0.99,0.99,0.0,0.0,73979.48,1776234294000
1776234295.779,295.779,0.01,0.01,0.99,0.99,0.0,0.0,73979.48,1776234294000
1776234296.313,296.313,0.01,0.01,0.99,0.99,0.0,0.0,73979.47,1776234295000
1776234296.71,296.71,0.01,0.01,0.99,0.99,0.0,0.0,73979.47,1776234295000
1776234297.07,297.07,0.01,0.01,0.99,0.99,0.0,0.0,73979.47,1776234295000
1776234297.407,297.407,0.01,0.01,0.99,0.99,0.0,0.0,73979.41,1776234296000
1776234297.984,297.984,0.01,0.01,0.99,0.99,0.0,0.0,73979.41,1776234296000
1776234298.61,298.61,0.01,0.01,0.99,0.99,0.0,0.0,73979.41,1776234297000
1776234299.03,299.03,0.01,0.01,0.99,0.99,0.0,0.0,73979.44,1776234298000
1776234299.862,299.862,0.01,0.01,0.99,0.99,0.0,0.0,73979.44,1776234298000
1776234300.467,300.467,0.01,0.01,0.99,0.99,0.0,0.0,73979.4,1776234299000
1776234301.105,301.105,0.01,0.01,0.99,0.99,0.0,0.0,73979.17,1776234300000
1776234302.063,302.063,0.01,0.01,0.99,0.99,0.0,0.0,73979.12,1776234301000

# RESULT,winner=Down,slug=btc-updown-5m-1776234000,ticks=676
