timestamp,elapsed_sec,up_bid,up_ask,down_bid,down_ask,up_spread,down_spread,btc_price,btc_oracle_ts
1777185300.711,0.711,0.49,0.5,0.5,0.51,0.01,0.01,77958.79,1777185299000
1777185301.107,1.107,0.49,0.51,0.5,0.51,0.02,0.01,77958.79,1777185299000
1777185301.453,1.453,0.49,0.51,0.5,0.51,0.02,0.01,77958.77,1777185300000
1777185301.809,1.809,0.49,0.5,0.49,0.51,0.01,0.02,77958.77,1777185300000
1777185302.163,2.163,0.49,0.5,0.5,0.51,0.01,0.01,77958.77,1777185300000
1777185302.875,2.875,0.49,0.5,0.5,0.51,0.01,0.01,77958.74,1777185301000
1777185303.431,3.431,0.49,0.5,0.5,0.51,0.01,0.01,77958.74,1777185302000
1777185303.979,3.979,0.49,0.5,0.5,0.51,0.01,0.01,77958.74,1777185302000
1777185304.314,4.314,0.49,0.5,0.5,0.51,0.01,0.01,77958.75,1777185303000
1777185305.112,5.112,0.5,0.51,0.49,0.51,0.01,0.02,77958.75,1777185303000
1777185305.566,5.566,0.5,0.51,0.49,0.5,0.01,0.01,77958.75,1777185304000
1777185306.128,6.128,0.5,0.51,0.49,0.5,0.01,0.01,77958.75,1777185304000
1777185306.923,6.923,0.5,0.51,0.49,0.5,0.01,0.01,77958.77,1777185305000
1777185307.359,7.359,0.49,0.5,0.5,0.51,0.01,0.01,77958.73,1777185306000
1777185307.697,7.697,0.49,0.5,0.5,0.51,0.01,0.01,77958.73,1777185306000
1777185308.368,8.368,0.49,0.5,0.5,0.51,0.01,0.01,77958.01,1777185307000
1777185308.784,8.784,0.49,0.5,0.5,0.51,0.01,0.01,77957.33,1777185308000
1777185309.172,9.172,0.49,0.5,0.5,0.51,0.01,0.01,77957.33,1777185308000
1777185309.642,9.642,0.5,0.51,0.49,0.5,0.01,0.01,77957.33,1777185308000
1777185310.025,10.025,0.5,0.51,0.49,0.5,0.01,0.01,77957.33,1777185309000
1777185310.492,10.492,0.5,0.51,0.49,0.5,0.01,0.01,77957.33,1777185309000
1777185311.32,11.32,0.5,0.51,0.49,0.5,0.01,0.01,77957.55,1777185310000
1777185311.925,11.925,0.5,0.51,0.49,0.5,0.01,0.01,77957.55,1777185310000
1777185312.258,12.258,0.5,0.51,0.49,0.5,0.01,0.01,77957.46,1777185311000
1777185313.11,13.11,0.49,0.51,0.49,0.5,0.02,0.01,77957.46,1777185311000
1777185313.56,13.56,0.49,0.5,0.5,0.51,0.01,0.01,77957.46,1777185312000
1777185313.905,13.905,0.49,0.5,0.5,0.51,0.01,0.01,77956.64,1777185313000
1777185314.484,14.484,0.49,0.5,0.5,0.51,0.01,0.01,77956.64,1777185313000
1777185314.878,14.878,0.49,0.5,0.5,0.51,0.01,0.01,77956.64,1777185314000
1777185315.432,15.432,0.49,0.5,0.5,0.51,0.01,0.01,77956.64,1777185314000
1777185315.779,15.779,0.49,0.5,0.5,0.51,0.01,0.01,77956.64,1777185314000
1777185316.219,16.219,0.49,0.5,0.5,0.53,0.01,0.03,77956.27,1777185315000
1777185316.826,16.826,0.47,0.5,0.5,0.51,0.03,0.01,77956.27,1777185315000
1777185317.55,17.55,0.47,0.48,0.52,0.53,0.01,0.01,77956.15,1777185316000
1777185318.082,18.082,0.47,0.48,0.52,0.53,0.01,0.01,77956.15,1777185317000
1777185318.747,18.747,0.47,0.48,0.52,0.53,0.01,0.01,77956.15,1777185317000
1777185319.219,19.219,0.45,0.48,0.52,0.53,0.03,0.01,77956.15,1777185317000
1777185319.554,19.554,0.44,0.45,0.55,0.56,0.01,0.01,77956.15,1777185318000
1777185320.052,20.052,0.44,0.45,0.55,0.56,0.01,0.01,77956.15,1777185318000
1777185320.44,20.44,0.44,0.45,0.55,0.56,0.01,0.01,77956.17,1777185319000
1777185321.202,21.202,0.44,0.45,0.55,0.56,0.01,0.01,77955.64,1777185320000
1777185321.928,21.928,0.44,0.45,0.55,0.56,0.01,0.01,77955.64,1777185320000
1777185322.286,22.286,0.44,0.45,0.55,0.56,0.01,0.01,77955.2,1777185321000
1777185322.939,22.939,0.44,0.45,0.55,0.56,0.01,0.01,77955.2,1777185321000
1777185323.351,23.351,0.44,0.45,0.55,0.56,0.01,0.01,77955.2,1777185321000
1777185323.688,23.688,0.44,0.45,0.55,0.56,0.01,0.01,77955.73,1777185322000
1777185324.418,24.418,0.44,0.45,0.55,0.56,0.01,0.01,77955.73,1777185323000
1777185324.83,24.83,0.48,0.49,0.51,0.52,0.01,0.01,77955.73,1777185323000
1777185325.169,25.169,0.49,0.5,0.5,0.51,0.01,0.01,77955.73,1777185323000
1777185325.744,25.744,0.49,0.5,0.5,0.51,0.01,0.01,77955.44,1777185324000
1777185326.192,26.192,0.49,0.5,0.5,0.51,0.01,0.01,77955.44,1777185324000
1777185326.631,26.631,0.49,0.5,0.5,0.51,0.01,0.01,77955.35,1777185325000
1777185327.149,27.149,0.49,0.5,0.5,0.51,0.01,0.01,77955.35,1777185325000
1777185327.788,27.788,0.49,0.5,0.5,0.51,0.01,0.01,77955.35,1777185326000
1777185328.407,28.407,0.49,0.5,0.5,0.51,0.01,0.01,77958.73,1777185327000
1777185328.958,28.958,0.49,0.5,0.5,0.51,0.01,0.01,77958.54,1777185328000
1777185329.407,29.407,0.49,0.5,0.5,0.51,0.01,0.01,77958.54,1777185328000
1777185329.911,29.911,0.49,0.5,0.5,0.51,0.01,0.01,77958.54,1777185328000
1777185330.29,30.29,0.49,0.5,0.5,0.51,0.01,0.01,77958.1,1777185329000
1777185330.769,30.769,0.49,0.5,0.5,0.51,0.01,0.01,77958.1,1777185329000
1777185331.166,31.166,0.49,0.5,0.5,0.51,0.01,0.01,77957.74,1777185330000
1777185331.505,31.505,0.49,0.5,0.5,0.51,0.01,0.01,77957.74,1777185330000
1777185332.473,32.473,0.49,0.5,0.5,0.51,0.01,0.01,77957.74,1777185330000
1777185333.087,33.087,0.49,0.5,0.5,0.51,0.01,0.01,77957.41,1777185331000
1777185333.744,33.744,0.49,0.5,0.5,0.51,0.01,0.01,77957.41,1777185331000
1777185334.227,34.227,0.49,0.5,0.5,0.51,0.01,0.01,77957.41,1777185332000
1777185334.661,34.661,0.49,0.5,0.5,0.51,0.01,0.01,77957.07,1777185333000
1777185335.195,35.195,0.49,0.5,0.5,0.51,0.01,0.01,77957.07,1777185334000
1777185336.13,36.13,0.49,0.5,0.5,0.51,0.01,0.01,77957.19,1777185335000
1777185337.214,37.214,0.48,0.49,0.5,0.52,0.01,0.02,77957.19,1777185335000
1777185337.554,37.554,0.48,0.49,0.51,0.52,0.01,0.01,77957.23,1777185336000
1777185338.065,38.065,0.48,0.49,0.51,0.52,0.01,0.01,77957.23,1777185337000
1777185338.714,38.714,0.46,0.49,0.51,0.52,0.03,0.01,77957.23,1777185337000
1777185339.12,39.12,0.46,0.47,0.53,0.54,0.01,0.01,77957.64,1777185338000
1777185340.03,40.03,0.46,0.47,0.53,0.54,0.01,0.01,77957.64,1777185338000
1777185340.438,40.438,0.46,0.47,0.53,0.54,0.01,0.01,77957.41,1777185339000
1777185340.925,40.925,0.46,0.47,0.53,0.54,0.01,0.01,77955.32,1777185340000
1777185341.648,41.648,0.46,0.47,0.53,0.54,0.01,0.01,77955.32,1777185340000
1777185342.133,42.133,0.46,0.47,0.53,0.54,0.01,0.01,77955.32,1777185341000
1777185342.725,42.725,0.46,0.47,0.53,0.54,0.01,0.01,77955.32,1777185341000
1777185343.463,43.463,0.46,0.47,0.53,0.54,0.01,0.01,77955.32,1777185341000
1777185343.814,43.814,0.46,0.47,0.53,0.54,0.01,0.01,77955.74,1777185342000
1777185344.353,44.353,0.46,0.47,0.53,0.54,0.01,0.01,77955.74,1777185343000
1777185344.92,44.92,0.46,0.47,0.53,0.54,0.01,0.01,77955.74,1777185343000
1777185345.522,45.522,0.46,0.47,0.53,0.54,0.01,0.01,77955.32,1777185344000
1777185346.011,46.011,0.5,0.51,0.49,0.5,0.01,0.01,77955.32,1777185344000
1777185346.67,46.67,0.5,0.51,0.49,0.5,0.01,0.01,77955.32,1777185345000
1777185347.074,47.074,0.5,0.51,0.49,0.5,0.01,0.01,77955.39,1777185346000
1777185347.977,47.977,0.5,0.51,0.49,0.5,0.01,0.01,77955.39,1777185346000
1777185348.359,48.359,0.5,0.51,0.49,0.5,0.01,0.01,77954.4,1777185347000
1777185348.921,48.921,0.5,0.51,0.49,0.5,0.01,0.01,77954.4,1777185347000
1777185349.288,49.288,0.5,0.51,0.49,0.5,0.01,0.01,77954.4,1777185348000
1777185349.663,49.663,0.5,0.51,0.49,0.5,0.01,0.01,77954.4,1777185348000
1777185350.394,50.394,0.5,0.51,0.49,0.5,0.01,0.01,77954.54,1777185349000
1777185350.911,50.911,0.5,0.51,0.49,0.5,0.01,0.01,77956.02,1777185350000
1777185351.629,51.629,0.5,0.51,0.49,0.5,0.01,0.01,77956.02,1777185350000
1777185352.063,52.063,0.5,0.51,0.49,0.5,0.01,0.01,77956.02,1777185351000
1777185353.137,53.137,0.5,0.51,0.49,0.5,0.01,0.01,77955.7,1777185352000
1777185353.777,53.777,0.5,0.51,0.49,0.5,0.01,0.01,77955.7,1777185352000
1777185354.493,54.493,0.5,0.51,0.49,0.5,0.01,0.01,77955.7,1777185352000
1777185354.837,54.837,0.5,0.51,0.49,0.5,0.01,0.01,77955.7,1777185352000
1777185355.19,55.19,0.5,0.51,0.49,0.5,0.01,0.01,77955.02,1777185353000
1777185356.117,56.117,0.5,0.51,0.49,0.5,0.01,0.01,77954.84,1777185354000
1777185356.614,56.614,0.5,0.51,0.49,0.5,0.01,0.01,77954.38,1777185355000
1777185357.103,57.103,0.5,0.51,0.49,0.5,0.01,0.01,77954.38,1777185356000
1777185357.706,57.706,0.5,0.51,0.49,0.5,0.01,0.01,77954.38,1777185356000
1777185358.232,58.232,0.5,0.51,0.49,0.5,0.01,0.01,77954.63,1777185357000
1777185358.841,58.841,0.5,0.51,0.49,0.5,0.01,0.01,77954.63,1777185357000
1777185359.262,59.262,0.5,0.51,0.49,0.5,0.01,0.01,77954.62,1777185358000
1777185359.703,59.703,0.5,0.51,0.49,0.5,0.01,0.01,77954.62,1777185358000
1777185360.271,60.271,0.5,0.51,0.49,0.5,0.01,0.01,77954.76,1777185359000
1777185360.656,60.656,0.5,0.51,0.49,0.5,0.01,0.01,77954.76,1777185359000
1777185361.415,61.415,0.5,0.51,0.49,0.5,0.01,0.01,77954.76,1777185359000
1777185361.859,61.859,0.5,0.51,0.49,0.5,0.01,0.01,77954.51,1777185360000
1777185362.267,62.267,0.5,0.51,0.49,0.5,0.01,0.01,77954.51,1777185361000
1777185362.972,62.972,0.5,0.51,0.49,0.5,0.01,0.01,77954.51,1777185361000
1777185363.396,63.396,0.5,0.51,0.49,0.5,0.01,0.01,77954.51,1777185361000
1777185363.862,63.862,0.5,0.51,0.49,0.5,0.01,0.01,77955.5,1777185362000
1777185364.436,64.436,0.5,0.51,0.49,0.5,0.01,0.01,77955.12,1777185363000
1777185364.934,64.934,0.5,0.51,0.49,0.5,0.01,0.01,77955.02,1777185364000
1777185365.293,65.293,0.5,0.51,0.49,0.5,0.01,0.01,77955.02,1777185364000
1777185365.938,65.938,0.5,0.51,0.49,0.5,0.01,0.01,77954.97,1777185365000
1777185366.334,66.334,0.5,0.51,0.49,0.5,0.01,0.01,77954.97,1777185365000
1777185366.912,66.912,0.5,0.51,0.49,0.5,0.01,0.01,77954.97,1777185366000
1777185367.934,67.934,0.5,0.51,0.49,0.5,0.01,0.01,77954.98,1777185367000
1777185368.478,68.478,0.5,0.51,0.49,0.5,0.01,0.01,77954.98,1777185367000
1777185368.843,68.843,0.5,0.51,0.49,0.5,0.01,0.01,77954.75,1777185368000
1777185369.197,69.197,0.5,0.51,0.49,0.5,0.01,0.01,77954.75,1777185368000
1777185369.672,69.672,0.5,0.51,0.49,0.5,0.01,0.01,77954.75,1777185368000
1777185370.237,70.237,0.5,0.51,0.49,0.5,0.01,0.01,77954.68,1777185369000
1777185371.029,71.029,0.5,0.51,0.49,0.5,0.01,0.01,77954.68,1777185369000
1777185371.471,71.471,0.5,0.51,0.49,0.5,0.01,0.01,77954.61,1777185370000
1777185371.82,71.82,0.5,0.51,0.49,0.5,0.01,0.01,77954.61,1777185370000
1777185372.278,72.278,0.5,0.51,0.49,0.5,0.01,0.01,77954.61,1777185370000
1777185372.619,72.619,0.5,0.51,0.49,0.5,0.01,0.01,77954.58,1777185371000
1777185373.055,73.055,0.5,0.51,0.49,0.5,0.01,0.01,77954.58,1777185371000
1777185373.539,73.539,0.5,0.51,0.49,0.5,0.01,0.01,77954.58,1777185372000
1777185374.57,74.57,0.5,0.51,0.49,0.5,0.01,0.01,77955.3,1777185373000
1777185374.911,74.911,0.5,0.51,0.49,0.5,0.01,0.01,77955.37,1777185374000
1777185375.378,75.378,0.5,0.51,0.49,0.5,0.01,0.01,77955.37,1777185374000
1777185375.893,75.893,0.49,0.5,0.5,0.51,0.01,0.01,77955.37,1777185374000
1777185376.358,76.358,0.48,0.5,0.5,0.51,0.02,0.01,77955.26,1777185375000
1777185377.232,77.232,0.46,0.49,0.51,0.54,0.03,0.03,77955.25,1777185376000
1777185377.674,77.674,0.46,0.47,0.51,0.54,0.01,0.03,77955.25,1777185376000
1777185378.262,78.262,0.44,0.45,0.55,0.56,0.01,0.01,77955.25,1777185376000
1777185378.631,78.631,0.44,0.45,0.55,0.56,0.01,0.01,77955.25,1777185376000
1777185378.982,78.982,0.44,0.45,0.55,0.56,0.01,0.01,77954.82,1777185377000
1777185379.351,79.351,0.44,0.45,0.55,0.56,0.01,0.01,77952.06,1777185378000
1777185379.992,79.992,0.44,0.45,0.55,0.56,0.01,0.01,77952.06,1777185378000
1777185380.378,80.378,0.44,0.45,0.55,0.56,0.01,0.01,77952.06,1777185378000
1777185380.742,80.742,0.44,0.45,0.55,0.56,0.01,0.01,77951.75,1777185379000
1777185381.81,81.81,0.44,0.45,0.55,0.56,0.01,0.01,77951.75,1777185380000
1777185382.244,82.244,0.44,0.45,0.55,0.56,0.01,0.01,77951.63,1777185381000
1777185382.71,82.71,0.43,0.44,0.55,0.57,0.01,0.02,77951.63,1777185381000
1777185383.089,83.089,0.43,0.44,0.56,0.57,0.01,0.01,77951.63,1777185381000
1777185383.5,83.5,0.43,0.44,0.56,0.57,0.01,0.01,77950.95,1777185382000
1777185383.848,83.848,0.43,0.44,0.56,0.57,0.01,0.01,77950.95,1777185382000
1777185384.232,84.232,0.45,0.46,0.54,0.55,0.01,0.01,77950.95,1777185383000
1777185384.817,84.817,0.46,0.47,0.53,0.55,0.01,0.02,77950.95,1777185383000
1777185385.209,85.209,0.46,0.47,0.53,0.54,0.01,0.01,77950.82,1777185384000
1777185385.689,85.689,0.45,0.46,0.53,0.55,0.01,0.02,77950.82,1777185384000
1777185386.206,86.206,0.45,0.46,0.54,0.55,0.01,0.01,77950.82,1777185384000
1777185386.655,86.655,0.45,0.46,0.54,0.55,0.01,0.01,77951.25,1777185385000
1777185387.17,87.17,0.45,0.46,0.54,0.55,0.01,0.01,77951.84,1777185386000
1777185387.648,87.648,0.45,0.46,0.54,0.55,0.01,0.01,77951.84,1777185386000
1777185388.36,88.36,0.45,0.46,0.54,0.55,0.01,0.01,77954.45,1777185387000
1777185388.699,88.699,0.45,0.46,0.54,0.55,0.01,0.01,77954.45,1777185387000
1777185389.238,89.238,0.45,0.46,0.54,0.55,0.01,0.01,77954.45,1777185387000
1777185389.582,89.582,0.45,0.46,0.54,0.55,0.01,0.01,77954.47,1777185388000
1777185389.917,89.917,0.45,0.46,0.54,0.55,0.01,0.01,77954.47,1777185388000
1777185390.638,90.638,0.45,0.46,0.54,0.55,0.01,0.01,77954.47,1777185389000
1777185392.018,92.018,0.45,0.46,0.54,0.55,0.01,0.01,77953.05,1777185391000
1777185393.425,93.425,0.45,0.46,0.54,0.55,0.01,0.01,77953.05,1777185391000
1777185393.838,93.838,0.45,0.46,0.54,0.55,0.01,0.01,77953.74,1777185392000
1777185394.174,94.174,0.45,0.46,0.54,0.55,0.01,0.01,77953.74,1777185392000
1777185395.088,95.088,0.45,0.46,0.54,0.55,0.01,0.01,77953.51,1777185394000
1777185395.466,95.466,0.45,0.46,0.54,0.55,0.01,0.01,77953.51,1777185394000
1777185396.61,96.61,0.45,0.46,0.54,0.55,0.01,0.01,77953.58,1777185395000
1777185397.034,97.034,0.45,0.46,0.54,0.55,0.01,0.01,77953.58,1777185395000
1777185397.916,97.916,0.45,0.46,0.54,0.55,0.01,0.01,77953.58,1777185396000
1777185398.38,98.38,0.45,0.46,0.54,0.55,0.01,0.01,77953.58,1777185396000
1777185398.768,98.768,0.45,0.46,0.54,0.55,0.01,0.01,77953.61,1777185397000
1777185399.41,99.41,0.45,0.46,0.54,0.55,0.01,0.01,77953.53,1777185398000
1777185399.743,99.743,0.45,0.46,0.54,0.55,0.01,0.01,77953.53,1777185398000
1777185400.264,100.264,0.45,0.46,0.54,0.55,0.01,0.01,77953.53,1777185398000
1777185401.055,101.055,0.45,0.46,0.54,0.55,0.01,0.01,77951.43,1777185400000
1777185401.868,101.868,0.45,0.46,0.54,0.55,0.01,0.01,77951.43,1777185400000
1777185402.466,102.466,0.45,0.46,0.54,0.55,0.01,0.01,77951.43,1777185400000
1777185403.49,103.49,0.45,0.46,0.54,0.55,0.01,0.01,77950.12,1777185401000
1777185403.826,103.826,0.46,0.47,0.53,0.55,0.01,0.02,77950.12,1777185402000
1777185404.198,104.198,0.46,0.47,0.53,0.54,0.01,0.01,77950.16,1777185403000
1777185404.566,104.566,0.46,0.47,0.53,0.54,0.01,0.01,77950.16,1777185403000
1777185404.942,104.942,0.46,0.47,0.53,0.54,0.01,0.01,77950.16,1777185403000
1777185405.443,105.443,0.46,0.47,0.53,0.54,0.01,0.01,77950.37,1777185404000
1777185405.861,105.861,0.46,0.47,0.53,0.54,0.01,0.01,77950.37,1777185404000
1777185406.72,106.72,0.46,0.47,0.53,0.54,0.01,0.01,77950.37,1777185405000
1777185407.435,107.435,0.46,0.47,0.53,0.54,0.01,0.01,77950.37,1777185405000
1777185407.851,107.851,0.46,0.47,0.53,0.54,0.01,0.01,77953.9,1777185406000
1777185408.245,108.245,0.46,0.47,0.53,0.54,0.01,0.01,77953.9,1777185407000
1777185408.598,108.598,0.46,0.47,0.53,0.54,0.01,0.01,77953.9,1777185407000
1777185408.965,108.965,0.46,0.47,0.53,0.54,0.01,0.01,77953.9,1777185407000
1777185409.539,109.539,0.46,0.47,0.53,0.54,0.01,0.01,77952.85,1777185408000
1777185410.544,110.544,0.46,0.47,0.53,0.54,0.01,0.01,77952.85,1777185408000
1777185410.921,110.921,0.46,0.47,0.53,0.54,0.01,0.01,77952.85,1777185408000
1777185411.32,111.32,0.46,0.47,0.53,0.54,0.01,0.01,77952.77,1777185409000
1777185411.733,111.733,0.46,0.47,0.53,0.54,0.01,0.01,77952.77,1777185409000
1777185412.142,112.142,0.46,0.47,0.53,0.54,0.01,0.01,77952.77,1777185409000
1777185412.48,112.48,0.46,0.47,0.53,0.54,0.01,0.01,77952.77,1777185409000
1777185412.837,112.837,0.46,0.47,0.53,0.54,0.01,0.01,77952.62,1777185411000
1777185413.358,113.358,0.46,0.47,0.53,0.54,0.01,0.01,77952.62,1777185411000
1777185414.314,114.314,0.46,0.47,0.53,0.54,0.01,0.01,77953.16,1777185413000
1777185415.226,115.226,0.46,0.47,0.53,0.54,0.01,0.01,77952.88,1777185414000
1777185415.602,115.602,0.46,0.47,0.53,0.54,0.01,0.01,77952.88,1777185414000
1777185415.935,115.935,0.46,0.47,0.53,0.54,0.01,0.01,77952.88,1777185414000
1777185416.308,116.308,0.46,0.47,0.53,0.54,0.01,0.01,77952.88,1777185414000
1777185416.836,116.836,0.46,0.47,0.53,0.54,0.01,0.01,77952.88,1777185414000
1777185417.187,117.187,0.46,0.47,0.53,0.54,0.01,0.01,77952.88,1777185414000
1777185417.58,117.58,0.46,0.47,0.53,0.54,0.01,0.01,77952.94,1777185415000
1777185417.982,117.982,0.46,0.47,0.53,0.54,0.01,0.01,77950.53,1777185416000
1777185418.337,118.337,0.46,0.47,0.53,0.54,0.01,0.01,77950.53,1777185416000
1777185418.884,118.884,0.46,0.47,0.53,0.54,0.01,0.01,77950.53,1777185417000
1777185419.34,119.34,0.46,0.47,0.53,0.54,0.01,0.01,77950.53,1777185417000
1777185419.705,119.705,0.46,0.47,0.53,0.54,0.01,0.01,77950.0,1777185418000
1777185420.056,120.056,0.46,0.47,0.53,0.54,0.01,0.01,77950.0,1777185418000
1777185420.394,120.394,0.46,0.47,0.53,0.54,0.01,0.01,77943.38,1777185419000
1777185420.755,120.755,0.45,0.46,0.54,0.55,0.01,0.01,77943.38,1777185419000
1777185421.117,121.117,0.33,0.34,0.54,0.72,0.01,0.18,77943.38,1777185419000
1777185421.549,121.549,0.32,0.33,0.67,0.68,0.01,0.01,77943.38,1777185419000
1777185421.948,121.948,0.32,0.33,0.67,0.68,0.01,0.01,77947.18,1777185420000
1777185422.334,122.334,0.31,0.32,0.68,0.69,0.01,0.01,77947.18,1777185420000
1777185422.801,122.801,0.31,0.32,0.68,0.69,0.01,0.01,77943.37,1777185421000
1777185423.214,123.214,0.31,0.32,0.68,0.69,0.01,0.01,77943.63,1777185422000
1777185423.671,123.671,0.31,0.32,0.68,0.69,0.01,0.01,77943.63,1777185422000
1777185424.146,124.146,0.31,0.32,0.68,0.69,0.01,0.01,77943.63,1777185422000
1777185424.637,124.637,0.31,0.32,0.68,0.69,0.01,0.01,77943.63,1777185422000
1777185425.258,125.258,0.3,0.32,0.68,0.69,0.02,0.01,77944.19,1777185423000
1777185425.636,125.636,0.3,0.31,0.69,0.7,0.01,0.01,77944.19,1777185424000
1777185425.988,125.988,0.3,0.31,0.69,0.7,0.01,0.01,77944.19,1777185424000
1777185426.329,126.329,0.3,0.31,0.69,0.7,0.01,0.01,77944.19,1777185424000
1777185427.206,127.206,0.28,0.31,0.69,0.7,0.03,0.01,77943.86,1777185425000
1777185427.539,127.539,0.28,0.29,0.71,0.72,0.01,0.01,77942.71,1777185426000
1777185427.985,127.985,0.28,0.29,0.71,0.72,0.01,0.01,77942.71,1777185426000
1777185428.403,128.403,0.28,0.29,0.71,0.72,0.01,0.01,77942.71,1777185426000
1777185428.771,128.771,0.28,0.29,0.71,0.72,0.01,0.01,77943.78,1777185427000
1777185429.442,129.442,0.28,0.29,0.71,0.72,0.01,0.01,77942.51,1777185428000
1777185429.936,129.936,0.28,0.29,0.71,0.72,0.01,0.01,77942.51,1777185428000
1777185430.3,130.3,0.28,0.29,0.71,0.72,0.01,0.01,77941.96,1777185429000
1777185430.704,130.704,0.28,0.29,0.71,0.72,0.01,0.01,77941.96,1777185429000
1777185431.164,131.164,0.28,0.29,0.71,0.72,0.01,0.01,77944.75,1777185430000
1777185431.68,131.68,0.28,0.29,0.71,0.72,0.01,0.01,77944.75,1777185430000
1777185432.022,132.022,0.27,0.28,0.72,0.73,0.01,0.01,77943.9,1777185431000
1777185432.364,132.364,0.26,0.27,0.73,0.74,0.01,0.01,77943.9,1777185431000
1777185432.727,132.727,0.26,0.27,0.73,0.74,0.01,0.01,77943.9,1777185431000
1777185433.068,133.068,0.26,0.27,0.73,0.74,0.01,0.01,77942.13,1777185432000
1777185433.438,133.438,0.26,0.27,0.73,0.74,0.01,0.01,77942.13,1777185432000
1777185433.854,133.854,0.26,0.27,0.73,0.74,0.01,0.01,77941.71,1777185433000
1777185434.359,134.359,0.27,0.28,0.73,0.74,0.01,0.01,77941.71,1777185433000
1777185434.726,134.726,0.27,0.28,0.72,0.73,0.01,0.01,77941.71,1777185433000
1777185435.083,135.083,0.27,0.28,0.72,0.73,0.01,0.01,77941.36,1777185434000
1777185435.645,135.645,0.27,0.28,0.72,0.73,0.01,0.01,77941.36,1777185434000
1777185436.025,136.025,0.27,0.28,0.72,0.73,0.01,0.01,77942.01,1777185435000
1777185436.617,136.617,0.27,0.28,0.72,0.73,0.01,0.01,77942.01,1777185435000
1777185437.39,137.39,0.27,0.28,0.72,0.73,0.01,0.01,77942.47,1777185436000
1777185437.891,137.891,0.27,0.28,0.72,0.73,0.01,0.01,77942.47,1777185436000
1777185438.502,138.502,0.27,0.28,0.72,0.73,0.01,0.01,77942.48,1777185437000
1777185438.855,138.855,0.27,0.28,0.72,0.73,0.01,0.01,77942.48,1777185437000
1777185439.238,139.238,0.27,0.28,0.72,0.73,0.01,0.01,77942.8,1777185438000
1777185439.575,139.575,0.27,0.28,0.72,0.73,0.01,0.01,77942.8,1777185438000
1777185439.972,139.972,0.26,0.27,0.72,0.73,0.01,0.01,77942.8,1777185439000
1777185440.642,140.642,0.26,0.27,0.73,0.74,0.01,0.01,77942.8,1777185439000
1777185441.139,141.139,0.26,0.27,0.73,0.74,0.01,0.01,77942.77,1777185440000
1777185441.679,141.679,0.26,0.28,0.73,0.74,0.02,0.01,77942.77,1777185440000
1777185442.018,142.018,0.27,0.28,0.72,0.73,0.01,0.01,77942.93,1777185441000
1777185442.572,142.572,0.27,0.28,0.72,0.73,0.01,0.01,77942.93,1777185441000
1777185443.084,143.084,0.27,0.28,0.72,0.73,0.01,0.01,77944.91,1777185442000
1777185443.65,143.65,0.27,0.28,0.72,0.73,0.01,0.01,77944.91,1777185442000
1777185443.985,143.985,0.27,0.28,0.72,0.73,0.01,0.01,77944.91,1777185442000
1777185444.465,144.465,0.27,0.28,0.72,0.73,0.01,0.01,77944.91,1777185442000
1777185444.835,144.835,0.27,0.28,0.72,0.73,0.01,0.01,77944.91,1777185442000
1777185445.213,145.213,0.27,0.28,0.72,0.73,0.01,0.01,77944.91,1777185442000
1777185445.569,145.569,0.32,0.33,0.67,0.69,0.01,0.02,77944.91,1777185442000
1777185445.915,145.915,0.33,0.34,0.66,0.67,0.01,0.01,77944.91,1777185442000
1777185446.27,146.27,0.33,0.34,0.66,0.67,0.01,0.01,77944.91,1777185442000
1777185446.652,146.652,0.39,0.41,0.59,0.62,0.02,0.03,77948.18,1777185445000
1777185446.995,146.995,0.44,0.47,0.53,0.56,0.03,0.03,77948.18,1777185445000
1777185447.342,147.342,0.46,0.47,0.53,0.54,0.01,0.01,77948.18,1777185446000
1777185447.76,147.76,0.44,0.45,0.55,0.56,0.01,0.01,77948.18,1777185446000
1777185448.233,148.233,0.43,0.44,0.56,0.57,0.01,0.01,77950.4,1777185447000
1777185448.599,148.599,0.43,0.44,0.56,0.57,0.01,0.01,77950.4,1777185447000
1777185448.991,148.991,0.43,0.44,0.56,0.57,0.01,0.01,77950.4,1777185447000
1777185449.335,149.335,0.42,0.43,0.57,0.58,0.01,0.01,77956.45,1777185448000
1777185449.744,149.744,0.42,0.43,0.57,0.58,0.01,0.01,77956.45,1777185448000
1777185450.106,150.106,0.48,0.49,0.52,0.55,0.01,0.03,77956.45,1777185448000
1777185450.442,150.442,0.48,0.49,0.51,0.52,0.01,0.01,77956.45,1777185448000
1777185450.847,150.847,0.47,0.48,0.52,0.53,0.01,0.01,77956.08,1777185449000
1777185451.382,151.382,0.46,0.48,0.52,0.53,0.02,0.01,77956.08,1777185450000
1777185451.728,151.728,0.45,0.46,0.53,0.55,0.01,0.02,77956.08,1777185450000
1777185452.211,152.211,0.45,0.46,0.54,0.55,0.01,0.01,77956.08,1777185450000
1777185452.798,152.798,0.45,0.46,0.54,0.55,0.01,0.01,77956.13,1777185451000
1777185453.158,153.158,0.44,0.45,0.55,0.56,0.01,0.01,77956.13,1777185451000
1777185453.535,153.535,0.44,0.45,0.55,0.56,0.01,0.01,77956.62,1777185452000
1777185453.969,153.969,0.44,0.45,0.55,0.56,0.01,0.01,77956.62,1777185452000
1777185454.304,154.304,0.43,0.45,0.55,0.57,0.02,0.02,77956.62,1777185453000
1777185454.732,154.732,0.43,0.44,0.56,0.57,0.01,0.01,77956.62,1777185453000
1777185455.08,155.08,0.43,0.44,0.56,0.57,0.01,0.01,77956.62,1777185454000
1777185455.839,155.839,0.43,0.44,0.56,0.57,0.01,0.01,77956.62,1777185454000
1777185456.176,156.176,0.44,0.45,0.55,0.56,0.01,0.01,77956.63,1777185455000
1777185456.928,156.928,0.44,0.46,0.55,0.56,0.02,0.01,77956.63,1777185455000
1777185457.276,157.276,0.45,0.46,0.54,0.55,0.01,0.01,77956.6,1777185456000
1777185458.407,158.407,0.44,0.45,0.55,0.56,0.01,0.01,77956.61,1777185457000
1777185458.962,158.962,0.44,0.45,0.55,0.56,0.01,0.01,77956.6,1777185458000
1777185459.531,159.531,0.44,0.46,0.54,0.56,0.02,0.02,77956.6,1777185458000
1777185459.929,159.929,0.45,0.46,0.54,0.56,0.01,0.02,77956.6,1777185458000
1777185460.37,160.37,0.46,0.47,0.54,0.55,0.01,0.01,77956.6,1777185459000
1777185460.752,160.752,0.46,0.47,0.53,0.54,0.01,0.01,77956.6,1777185459000
1777185461.176,161.176,0.46,0.47,0.53,0.54,0.01,0.01,77956.61,1777185460000
1777185461.58,161.58,0.46,0.47,0.53,0.54,0.01,0.01,77956.61,1777185460000
1777185462.013,162.013,0.46,0.47,0.53,0.54,0.01,0.01,77956.61,1777185460000
1777185462.346,162.346,0.46,0.47,0.53,0.54,0.01,0.01,77956.81,1777185461000
1777185462.962,162.962,0.46,0.47,0.53,0.54,0.01,0.01,77956.62,1777185462000
1777185463.997,163.997,0.46,0.47,0.53,0.54,0.01,0.01,77956.62,1777185463000
1777185464.604,164.604,0.48,0.49,0.51,0.54,0.01,0.03,77956.62,1777185463000
1777185465.043,165.043,0.48,0.49,0.51,0.52,0.01,0.01,77956.66,1777185464000
1777185465.659,165.659,0.48,0.49,0.51,0.52,0.01,0.01,77956.66,1777185464000
1777185466.014,166.014,0.38,0.52,0.48,0.49,0.14,0.01,77956.66,1777185464000
1777185466.425,166.425,0.53,0.55,0.45,0.47,0.02,0.02,77956.64,1777185465000
1777185466.759,166.759,0.6,0.62,0.38,0.4,0.02,0.02,77956.64,1777185465000
1777185467.096,167.096,0.64,0.67,0.34,0.36,0.03,0.02,77956.64,1777185465000
1777185467.549,167.549,0.66,0.67,0.33,0.34,0.01,0.01,77956.64,1777185466000
1777185467.904,167.904,0.66,0.67,0.33,0.34,0.01,0.01,77956.64,1777185466000
1777185468.397,168.397,0.66,0.67,0.33,0.34,0.01,0.01,77956.64,1777185466000
1777185469.064,169.064,0.66,0.67,0.33,0.34,0.01,0.01,77963.11,1777185468000
1777185469.405,169.405,0.66,0.67,0.33,0.34,0.01,0.01,77963.11,1777185468000
1777185469.757,169.757,0.66,0.67,0.33,0.34,0.01,0.01,77963.11,1777185468000
1777185470.2,170.2,0.66,0.67,0.33,0.34,0.01,0.01,77967.38,1777185469000
1777185470.936,170.936,0.66,0.67,0.33,0.34,0.01,0.01,77967.38,1777185469000
1777185471.331,171.331,0.66,0.67,0.33,0.34,0.01,0.01,77967.38,1777185470000
1777185471.76,171.76,0.66,0.67,0.33,0.34,0.01,0.01,77967.38,1777185470000
1777185472.297,172.297,0.66,0.67,0.33,0.34,0.01,0.01,77967.38,1777185471000
1777185472.691,172.691,0.67,0.68,0.32,0.34,0.01,0.02,77967.38,1777185471000
1777185473.045,173.045,0.67,0.68,0.32,0.33,0.01,0.01,77967.38,1777185471000
1777185473.62,173.62,0.68,0.69,0.31,0.32,0.01,0.01,77967.38,1777185472000
1777185474.108,174.108,0.68,0.69,0.31,0.32,0.01,0.01,77967.76,1777185473000
1777185474.553,174.553,0.68,0.69,0.31,0.32,0.01,0.01,77967.76,1777185473000
1777185475.298,175.298,0.68,0.69,0.31,0.32,0.01,0.01,77967.76,1777185473000
1777185475.656,175.656,0.68,0.69,0.31,0.32,0.01,0.01,77967.31,1777185474000
1777185476.002,176.002,0.69,0.7,0.3,0.31,0.01,0.01,77968.5,1777185475000
1777185476.342,176.342,0.69,0.7,0.3,0.31,0.01,0.01,77968.5,1777185475000
1777185476.694,176.694,0.69,0.7,0.3,0.31,0.01,0.01,77968.5,1777185475000
1777185477.062,177.062,0.69,0.7,0.3,0.31,0.01,0.01,77968.5,1777185475000
1777185477.487,177.487,0.69,0.7,0.3,0.31,0.01,0.01,77968.89,1777185476000
1777185477.962,177.962,0.69,0.7,0.3,0.31,0.01,0.01,77968.89,1777185476000
1777185478.362,178.362,0.69,0.7,0.3,0.31,0.01,0.01,77969.0,1777185477000
1777185478.867,178.867,0.69,0.7,0.3,0.31,0.01,0.01,77969.0,1777185477000
1777185479.264,179.264,0.69,0.7,0.3,0.31,0.01,0.01,77973.29,1777185478000
1777185479.603,179.603,0.69,0.7,0.3,0.31,0.01,0.01,77973.29,1777185478000
1777185480.003,180.003,0.69,0.7,0.3,0.31,0.01,0.01,77973.29,1777185478000
1777185480.505,180.505,0.69,0.7,0.3,0.31,0.01,0.01,77973.65,1777185479000
1777185480.934,180.934,0.69,0.7,0.3,0.31,0.01,0.01,77973.65,1777185479000
1777185481.321,181.321,0.69,0.7,0.3,0.31,0.01,0.01,77973.65,1777185479000
1777185481.727,181.727,0.69,0.7,0.3,0.31,0.01,0.01,77973.67,1777185480000
1777185482.111,182.111,0.69,0.7,0.3,0.31,0.01,0.01,77973.69,1777185481000
1777185482.558,182.558,0.69,0.7,0.3,0.31,0.01,0.01,77973.69,1777185481000
1777185482.914,182.914,0.69,0.7,0.3,0.31,0.01,0.01,77973.69,1777185481000
1777185483.248,183.248,0.69,0.7,0.3,0.31,0.01,0.01,77973.69,1777185481000
1777185483.672,183.672,0.66,0.67,0.33,0.34,0.01,0.01,77973.7,1777185482000
1777185484.101,184.101,0.66,0.67,0.33,0.34,0.01,0.01,77973.7,1777185482000
1777185484.507,184.507,0.66,0.67,0.33,0.34,0.01,0.01,77973.7,1777185482000
1777185484.842,184.842,0.65,0.66,0.34,0.35,0.01,0.01,77973.77,1777185483000
1777185485.321,185.321,0.65,0.66,0.34,0.35,0.01,0.01,77973.75,1777185484000
1777185485.697,185.697,0.65,0.66,0.34,0.35,0.01,0.01,77973.75,1777185484000
1777185486.036,186.036,0.65,0.66,0.34,0.35,0.01,0.01,77973.75,1777185484000
1777185486.378,186.378,0.65,0.66,0.34,0.35,0.01,0.01,77973.75,1777185485000
1777185486.726,186.726,0.65,0.66,0.34,0.35,0.01,0.01,77973.75,1777185485000
1777185487.077,187.077,0.65,0.66,0.34,0.35,0.01,0.01,77973.75,1777185485000
1777185487.412,187.412,0.65,0.66,0.34,0.35,0.01,0.01,77973.75,1777185485000
1777185487.802,187.802,0.65,0.66,0.34,0.35,0.01,0.01,77973.77,1777185486000
1777185488.182,188.182,0.65,0.66,0.34,0.35,0.01,0.01,77973.75,1777185487000
1777185488.89,188.89,0.65,0.66,0.34,0.35,0.01,0.01,77973.75,1777185487000
1777185489.293,189.293,0.65,0.66,0.34,0.35,0.01,0.01,77973.89,1777185488000
1777185489.731,189.731,0.65,0.66,0.34,0.35,0.01,0.01,77973.89,1777185488000
1777185490.195,190.195,0.66,0.67,0.34,0.35,0.01,0.01,77973.89,1777185489000
1777185490.656,190.656,0.66,0.67,0.33,0.34,0.01,0.01,77973.89,1777185489000
1777185491.083,191.083,0.66,0.67,0.33,0.34,0.01,0.01,77971.74,1777185490000
1777185491.66,191.66,0.66,0.67,0.33,0.34,0.01,0.01,77971.74,1777185490000
1777185492.242,192.242,0.66,0.7,0.33,0.34,0.04,0.01,77971.74,1777185490000
1777185492.654,192.654,0.69,0.71,0.3,0.31,0.02,0.01,77971.74,1777185490000
1777185493.02,193.02,0.7,0.72,0.29,0.3,0.02,0.01,77971.81,1777185491000
1777185493.387,193.387,0.71,0.72,0.28,0.3,0.01,0.02,77971.81,1777185491000
1777185493.772,193.772,0.71,0.73,0.28,0.29,0.02,0.01,77971.81,1777185492000
1777185494.201,194.201,0.72,0.73,0.27,0.29,0.01,0.02,77971.81,1777185492000
1777185494.93,194.93,0.72,0.73,0.27,0.28,0.01,0.01,77973.96,1777185493000
1777185495.323,195.323,0.72,0.73,0.27,0.28,0.01,0.01,77973.96,1777185494000
1777185495.971,195.971,0.72,0.73,0.27,0.28,0.01,0.01,77973.96,1777185495000
1777185496.653,196.653,0.72,0.73,0.27,0.28,0.01,0.01,77973.96,1777185495000
1777185497.016,197.016,0.72,0.73,0.27,0.28,0.01,0.01,77973.97,1777185496000
1777185497.472,197.472,0.72,0.73,0.27,0.28,0.01,0.01,77973.97,1777185496000
1777185498.227,198.227,0.72,0.73,0.27,0.28,0.01,0.01,77973.97,1777185496000
1777185498.665,198.665,0.72,0.73,0.27,0.28,0.01,0.01,77971.74,1777185497000
1777185499.032,199.032,0.72,0.75,0.27,0.28,0.03,0.01,77971.74,1777185497000
1777185499.537,199.537,0.74,0.75,0.27,0.28,0.01,0.01,77973.95,1777185498000
1777185499.953,199.953,0.74,0.75,0.25,0.26,0.01,0.01,77973.95,1777185498000
1777185500.33,200.33,0.74,0.75,0.25,0.26,0.01,0.01,77973.95,1777185498000
1777185500.829,200.829,0.74,0.75,0.25,0.26,0.01,0.01,77973.96,1777185499000
1777185501.166,201.166,0.74,0.75,0.25,0.26,0.01,0.01,77973.96,1777185499000
1777185501.683,201.683,0.74,0.75,0.25,0.26,0.01,0.01,77973.96,1777185500000
1777185502.04,202.04,0.74,0.75,0.25,0.26,0.01,0.01,77973.96,1777185500000
1777185502.408,202.408,0.74,0.75,0.25,0.26,0.01,0.01,77973.96,1777185500000
1777185503.02,203.02,0.74,0.75,0.25,0.26,0.01,0.01,77973.95,1777185501000
1777185503.394,203.394,0.74,0.75,0.25,0.26,0.01,0.01,77973.95,1777185502000
1777185504.452,204.452,0.74,0.75,0.25,0.26,0.01,0.01,77973.98,1777185503000
1777185505.045,205.045,0.74,0.75,0.25,0.26,0.01,0.01,77973.96,1777185504000
1777185505.704,205.704,0.74,0.75,0.25,0.26,0.01,0.01,77973.96,1777185504000
1777185506.139,206.139,0.74,0.75,0.25,0.26,0.01,0.01,77973.96,1777185504000
1777185506.692,206.692,0.72,0.75,0.25,0.26,0.03,0.01,77973.96,1777185504000
1777185507.273,207.273,0.73,0.74,0.26,0.27,0.01,0.01,77973.97,1777185505000
1777185507.64,207.64,0.74,0.76,0.25,0.27,0.02,0.02,77973.96,1777185506000
1777185508.006,208.006,0.75,0.77,0.24,0.26,0.02,0.02,77973.96,1777185506000
1777185508.851,208.851,0.76,0.77,0.23,0.24,0.01,0.01,77973.97,1777185507000
1777185509.413,209.413,0.76,0.77,0.23,0.24,0.01,0.01,77973.98,1777185508000
1777185509.831,209.831,0.76,0.77,0.23,0.24,0.01,0.01,77973.98,1777185508000
1777185510.362,210.362,0.75,0.76,0.23,0.25,0.01,0.02,77973.95,1777185509000
1777185510.861,210.861,0.75,0.76,0.24,0.25,0.01,0.01,77973.98,1777185510000
1777185511.259,211.259,0.78,0.8,0.2,0.24,0.02,0.04,77973.98,1777185510000
1777185511.623,211.623,0.8,0.81,0.19,0.2,0.01,0.01,77973.98,1777185510000
1777185511.956,211.956,0.8,0.81,0.19,0.2,0.01,0.01,77973.98,1777185510000
1777185512.328,212.328,0.8,0.81,0.19,0.2,0.01,0.01,77973.88,1777185511000
1777185512.683,212.683,0.8,0.81,0.19,0.2,0.01,0.01,77973.88,1777185511000
1777185513.124,213.124,0.8,0.81,0.19,0.2,0.01,0.01,77973.88,1777185511000
1777185513.686,213.686,0.8,0.81,0.19,0.2,0.01,0.01,77975.45,1777185512000
1777185514.099,214.099,0.8,0.81,0.19,0.2,0.01,0.01,77975.45,1777185512000
1777185514.739,214.739,0.8,0.81,0.19,0.2,0.01,0.01,77975.64,1777185513000
1777185515.084,215.084,0.8,0.81,0.19,0.2,0.01,0.01,77975.64,1777185513000
1777185515.621,215.621,0.8,0.81,0.19,0.2,0.01,0.01,77975.82,1777185514000
1777185515.961,215.961,0.8,0.81,0.19,0.2,0.01,0.01,77975.82,1777185514000
1777185516.69,216.69,0.8,0.81,0.19,0.2,0.01,0.01,77975.79,1777185515000
1777185517.036,217.036,0.74,0.75,0.19,0.2,0.01,0.01,77975.79,1777185515000
1777185517.385,217.385,0.74,0.75,0.25,0.26,0.01,0.01,77975.79,1777185516000
1777185517.738,217.738,0.74,0.75,0.25,0.26,0.01,0.01,77975.79,1777185516000
1777185518.27,218.27,0.74,0.75,0.25,0.26,0.01,0.01,77976.1,1777185517000
1777185518.692,218.692,0.74,0.75,0.25,0.26,0.01,0.01,77976.1,1777185517000
1777185519.13,219.13,0.74,0.75,0.25,0.26,0.01,0.01,77976.1,1777185517000
1777185519.65,219.65,0.74,0.75,0.25,0.26,0.01,0.01,77976.14,1777185518000
1777185520.157,220.157,0.74,0.75,0.25,0.26,0.01,0.01,77976.15,1777185519000
1777185520.605,220.605,0.74,0.75,0.25,0.26,0.01,0.01,77976.15,1777185519000
1777185520.991,220.991,0.74,0.75,0.25,0.26,0.01,0.01,77976.15,1777185519000
1777185521.335,221.335,0.74,0.75,0.25,0.26,0.01,0.01,77976.15,1777185519000
1777185521.91,221.91,0.74,0.75,0.25,0.26,0.01,0.01,77976.14,1777185520000
1777185522.447,222.447,0.83,0.85,0.16,0.17,0.02,0.01,77976.14,1777185520000
1777185522.818,222.818,0.84,0.85,0.15,0.16,0.01,0.01,77976.16,1777185521000
1777185523.381,223.381,0.84,0.85,0.15,0.16,0.01,0.01,77976.17,1777185522000
1777185523.918,223.918,0.84,0.85,0.15,0.16,0.01,0.01,77976.17,1777185522000
1777185524.497,224.497,0.84,0.85,0.15,0.16,0.01,0.01,77976.47,1777185523000
1777185524.83,224.83,0.84,0.85,0.15,0.16,0.01,0.01,77976.47,1777185523000
1777185525.367,225.367,0.84,0.85,0.15,0.16,0.01,0.01,77981.99,1777185524000
1777185525.929,225.929,0.84,0.85,0.15,0.16,0.01,0.01,77981.99,1777185524000
1777185526.832,226.832,0.84,0.85,0.15,0.16,0.01,0.01,77984.15,1777185525000
1777185527.198,227.198,0.84,0.85,0.15,0.16,0.01,0.01,77984.03,1777185526000
1777185527.708,227.708,0.84,0.85,0.15,0.16,0.01,0.01,77984.03,1777185526000
1777185528.085,228.085,0.84,0.85,0.15,0.16,0.01,0.01,77984.03,1777185526000
1777185528.432,228.432,0.84,0.85,0.15,0.16,0.01,0.01,77984.36,1777185527000
1777185528.769,228.769,0.84,0.85,0.15,0.16,0.01,0.01,77984.36,1777185527000
1777185529.126,229.126,0.88,0.89,0.1,0.12,0.01,0.02,77984.36,1777185527000
1777185529.545,229.545,0.89,0.91,0.1,0.12,0.02,0.02,77984.36,1777185527000
1777185529.932,229.932,0.9,0.91,0.09,0.1,0.01,0.01,77985.12,1777185528000
1777185530.275,230.275,0.9,0.91,0.09,0.1,0.01,0.01,77984.95,1777185529000
1777185530.614,230.614,0.9,0.91,0.09,0.1,0.01,0.01,77984.95,1777185529000
1777185531.012,231.012,0.9,0.91,0.09,0.1,0.01,0.01,77984.95,1777185529000
1777185531.358,231.358,0.9,0.91,0.09,0.1,0.01,0.01,77988.57,1777185530000
1777185531.752,231.752,0.9,0.91,0.09,0.1,0.01,0.01,77988.57,1777185530000
1777185532.108,232.108,0.9,0.91,0.09,0.1,0.01,0.01,77988.57,1777185530000
1777185532.444,232.444,0.9,0.91,0.09,0.1,0.01,0.01,77991.44,1777185531000
1777185532.952,232.952,0.9,0.91,0.09,0.1,0.01,0.01,77991.44,1777185531000
1777185533.374,233.374,0.9,0.91,0.09,0.1,0.01,0.01,77990.87,1777185532000
1777185533.952,233.952,0.9,0.92,0.09,0.1,0.02,0.01,77990.87,1777185532000
1777185534.307,234.307,0.91,0.92,0.08,0.09,0.01,0.01,77990.85,1777185533000
1777185534.93,234.93,0.91,0.92,0.08,0.09,0.01,0.01,77990.85,1777185533000
1777185535.482,235.482,0.91,0.92,0.08,0.09,0.01,0.01,77990.85,1777185534000
1777185535.875,235.875,0.91,0.92,0.08,0.09,0.01,0.01,77990.85,1777185534000
1777185536.229,236.229,0.91,0.92,0.08,0.09,0.01,0.01,77990.85,1777185534000
1777185536.741,236.741,0.89,0.9,0.1,0.11,0.01,0.01,77990.85,1777185535000
1777185537.224,237.224,0.89,0.9,0.1,0.11,0.01,0.01,77990.52,1777185536000
1777185537.735,237.735,0.89,0.9,0.1,0.11,0.01,0.01,77990.52,1777185536000
1777185538.13,238.13,0.9,0.91,0.08,0.1,0.01,0.02,77990.52,1777185536000
1777185538.554,238.554,0.9,0.91,0.09,0.1,0.01,0.01,77991.24,1777185537000
1777185538.896,238.896,0.89,0.91,0.09,0.11,0.02,0.02,77991.24,1777185537000
1777185539.231,239.231,0.89,0.9,0.1,0.11,0.01,0.01,77991.21,1777185538000
1777185539.761,239.761,0.9,0.91,0.09,0.1,0.01,0.01,77991.21,1777185538000
1777185540.301,240.301,0.9,0.91,0.09,0.1,0.01,0.01,77991.21,1777185538000
1777185540.686,240.686,0.89,0.9,0.1,0.11,0.01,0.01,77991.29,1777185539000
1777185541.023,241.023,0.89,0.9,0.1,0.11,0.01,0.01,77991.0,1777185540000
1777185541.435,241.435,0.89,0.9,0.1,0.11,0.01,0.01,77991.0,1777185540000
1777185541.849,241.849,0.89,0.9,0.1,0.11,0.01,0.01,77991.0,1777185540000
1777185542.242,242.242,0.89,0.9,0.1,0.11,0.01,0.01,77991.01,1777185541000
1777185542.7,242.7,0.89,0.9,0.1,0.11,0.01,0.01,77991.01,1777185541000
1777185543.13,243.13,0.89,0.9,0.1,0.11,0.01,0.01,77991.01,1777185541000
1777185543.582,243.582,0.89,0.9,0.1,0.11,0.01,0.01,77991.01,1777185542000
1777185543.953,243.953,0.89,0.9,0.1,0.11,0.01,0.01,77988.4,1777185543000
1777185544.409,244.409,0.89,0.9,0.1,0.11,0.01,0.01,77988.4,1777185543000
1777185544.756,244.756,0.89,0.9,0.1,0.11,0.01,0.01,77988.4,1777185543000
1777185545.226,245.226,0.89,0.9,0.1,0.11,0.01,0.01,77991.02,1777185544000
1777185545.888,245.888,0.89,0.9,0.1,0.11,0.01,0.01,77991.02,1777185544000
1777185546.368,246.368,0.89,0.9,0.1,0.11,0.01,0.01,77991.25,1777185545000
1777185547.051,247.051,0.89,0.9,0.1,0.11,0.01,0.01,77991.25,1777185545000
1777185547.394,247.394,0.89,0.9,0.1,0.11,0.01,0.01,77991.25,1777185545000
1777185547.913,247.913,0.89,0.9,0.1,0.11,0.01,0.01,77991.07,1777185546000
1777185548.362,248.362,0.89,0.9,0.1,0.11,0.01,0.01,77991.06,1777185547000
1777185548.699,248.699,0.89,0.9,0.1,0.11,0.01,0.01,77991.06,1777185547000
1777185549.18,249.18,0.89,0.9,0.1,0.11,0.01,0.01,77991.06,1777185547000
1777185549.607,249.607,0.89,0.9,0.1,0.11,0.01,0.01,77991.21,1777185548000
1777185550.236,250.236,0.89,0.9,0.1,0.11,0.01,0.01,77991.21,1777185548000
1777185550.947,250.947,0.89,0.9,0.1,0.11,0.01,0.01,77991.21,1777185550000
1777185551.326,251.326,0.89,0.9,0.1,0.11,0.01,0.01,77991.21,1777185550000
1777185551.883,251.883,0.88,0.89,0.1,0.13,0.01,0.03,77991.21,1777185550000
1777185552.286,252.286,0.88,0.89,0.11,0.12,0.01,0.01,77991.21,1777185550000
1777185552.643,252.643,0.88,0.89,0.11,0.12,0.01,0.01,77991.2,1777185551000
1777185553.067,253.067,0.88,0.9,0.11,0.12,0.02,0.01,77991.24,1777185552000
1777185553.438,253.438,0.89,0.9,0.1,0.11,0.01,0.01,77991.24,1777185552000
1777185553.905,253.905,0.89,0.9,0.1,0.11,0.01,0.01,77991.24,1777185552000
1777185554.355,254.355,0.89,0.9,0.1,0.11,0.01,0.01,77991.23,1777185553000
1777185554.723,254.723,0.89,0.9,0.1,0.11,0.01,0.01,77991.23,1777185553000
1777185555.141,255.141,0.89,0.9,0.1,0.11,0.01,0.01,77991.19,1777185554000
1777185555.669,255.669,0.89,0.9,0.1,0.11,0.01,0.01,77991.19,1777185554000
1777185556.063,256.063,0.89,0.9,0.1,0.11,0.01,0.01,77991.19,1777185554000
1777185556.411,256.411,0.89,0.9,0.1,0.11,0.01,0.01,77991.28,1777185555000
1777185556.868,256.868,0.83,0.89,0.11,0.13,0.06,0.02,77991.28,1777185555000
1777185557.297,257.297,0.86,0.88,0.12,0.14,0.02,0.02,77992.02,1777185556000
1777185557.66,257.66,0.88,0.9,0.1,0.13,0.02,0.03,77992.02,1777185556000
1777185558.052,258.052,0.71,0.72,0.24,0.3,0.01,0.06,77992.02,1777185556000
1777185558.393,258.393,0.88,0.89,0.11,0.12,0.01,0.01,77992.03,1777185557000
1777185558.858,258.858,0.88,0.89,0.11,0.12,0.01,0.01,77992.03,1777185557000
1777185559.647,259.647,0.88,0.89,0.11,0.12,0.01,0.01,77992.03,1777185558000
1777185560.022,260.022,0.89,0.9,0.1,0.11,0.01,0.01,77991.45,1777185559000
1777185560.372,260.372,0.89,0.9,0.1,0.11,0.01,0.01,77991.45,1777185559000
1777185560.844,260.844,0.89,0.9,0.1,0.11,0.01,0.01,77991.45,1777185559000
1777185561.74,261.74,0.89,0.9,0.1,0.11,0.01,0.01,77988.39,1777185560000
1777185562.087,262.087,0.89,0.9,0.1,0.11,0.01,0.01,77988.39,1777185560000
1777185562.545,262.545,0.89,0.9,0.1,0.11,0.01,0.01,77988.13,1777185561000
1777185562.894,262.894,0.89,0.9,0.1,0.11,0.01,0.01,77988.13,1777185561000
1777185563.234,263.234,0.89,0.9,0.1,0.11,0.01,0.01,77988.13,1777185561000
1777185563.796,263.796,0.89,0.9,0.1,0.11,0.01,0.01,77987.08,1777185562000
1777185564.322,264.322,0.89,0.9,0.1,0.11,0.01,0.01,77987.08,1777185562000
1777185564.801,264.801,0.89,0.9,0.1,0.11,0.01,0.01,77987.08,1777185563000
1777185565.343,265.343,0.89,0.9,0.1,0.11,0.01,0.01,77986.55,1777185564000
1777185565.736,265.736,0.89,0.9,0.1,0.11,0.01,0.01,77986.55,1777185564000
1777185566.069,266.069,0.89,0.9,0.1,0.11,0.01,0.01,77986.55,1777185564000
1777185566.511,266.511,0.89,0.9,0.1,0.11,0.01,0.01,77989.33,1777185565000
1777185566.85,266.85,0.89,0.9,0.1,0.11,0.01,0.01,77989.33,1777185566000
1777185567.184,267.184,0.89,0.9,0.1,0.11,0.01,0.01,77989.33,1777185566000
1777185567.743,267.743,0.89,0.9,0.1,0.11,0.01,0.01,77989.33,1777185566000
1777185568.94,268.94,0.89,0.9,0.1,0.11,0.01,0.01,77990.79,1777185568000
1777185569.333,269.333,0.89,0.9,0.1,0.11,0.01,0.01,77990.79,1777185568000
1777185569.887,269.887,0.89,0.9,0.1,0.11,0.01,0.01,77990.79,1777185568000
1777185570.259,270.259,0.89,0.9,0.1,0.11,0.01,0.01,77990.79,1777185569000
1777185570.882,270.882,0.89,0.9,0.1,0.11,0.01,0.01,77990.79,1777185569000
1777185571.24,271.24,0.89,0.9,0.1,0.11,0.01,0.01,77990.89,1777185570000
1777185571.581,271.581,0.88,0.89,0.11,0.12,0.01,0.01,77990.89,1777185570000
1777185571.922,271.922,0.88,0.89,0.11,0.12,0.01,0.01,77990.89,1777185571000
1777185572.339,272.339,0.89,0.9,0.1,0.11,0.01,0.01,77990.89,1777185571000
1777185572.677,272.677,0.89,0.9,0.1,0.11,0.01,0.01,77990.89,1777185571000
1777185573.023,273.023,0.89,0.9,0.1,0.11,0.01,0.01,77990.89,1777185571000
1777185573.373,273.373,0.89,0.9,0.1,0.11,0.01,0.01,77991.13,1777185572000
1777185573.742,273.742,0.89,0.9,0.1,0.11,0.01,0.01,77991.13,1777185572000
1777185574.09,274.09,0.89,0.9,0.1,0.11,0.01,0.01,77991.13,1777185572000
1777185574.451,274.451,0.89,0.9,0.1,0.11,0.01,0.01,77991.12,1777185573000
1777185575.172,275.172,0.89,0.9,0.1,0.11,0.01,0.01,77991.12,1777185573000
1777185575.757,275.757,0.89,0.9,0.1,0.11,0.01,0.01,77993.0,1777185574000
1777185576.188,276.188,0.89,0.9,0.1,0.11,0.01,0.01,77991.05,1777185575000
1777185576.699,276.699,0.89,0.9,0.1,0.11,0.01,0.01,77991.05,1777185575000
1777185577.149,277.149,0.89,0.9,0.1,0.11,0.01,0.01,77991.02,1777185576000
1777185577.482,277.482,0.89,0.9,0.1,0.11,0.01,0.01,77991.02,1777185576000
1777185577.857,277.857,0.89,0.9,0.1,0.11,0.01,0.01,77991.02,1777185576000
1777185578.265,278.265,0.89,0.9,0.1,0.11,0.01,0.01,77991.02,1777185576000
1777185578.649,278.649,0.88,0.89,0.11,0.12,0.01,0.01,77991.02,1777185576000
1777185579.018,279.018,0.71,0.86,0.25,0.29,0.15,0.04,77991.05,1777185577000
1777185579.408,279.408,0.78,0.81,0.14,0.28,0.03,0.14,77991.09,1777185578000
1777185579.77,279.77,0.82,0.83,0.17,0.18,0.01,0.01,77991.09,1777185578000
1777185580.219,280.219,0.89,0.9,0.1,0.12,0.01,0.02,77991.09,1777185578000
1777185580.719,280.719,0.88,0.9,0.1,0.12,0.02,0.02,77990.69,1777185579000
1777185581.251,281.251,0.89,0.9,0.1,0.11,0.01,0.01,77988.32,1777185580000
1777185581.645,281.645,0.89,0.9,0.1,0.11,0.01,0.01,77988.32,1777185580000
1777185582.167,282.167,0.89,0.9,0.1,0.11,0.01,0.01,77988.32,1777185581000
1777185582.52,282.52,0.89,0.9,0.1,0.11,0.01,0.01,77988.32,1777185581000
1777185583.092,283.092,0.89,0.9,0.1,0.11,0.01,0.01,77988.32,1777185581000
1777185583.446,283.446,0.89,0.9,0.1,0.11,0.01,0.01,77988.32,1777185582000
1777185583.964,283.964,0.89,0.9,0.1,0.11,0.01,0.01,77988.32,1777185582000
1777185584.37,284.37,0.89,0.9,0.1,0.11,0.01,0.01,77988.5,1777185583000
1777185585.152,285.152,0.89,0.9,0.1,0.11,0.01,0.01,77991.79,1777185584000
1777185585.493,285.493,0.89,0.9,0.1,0.11,0.01,0.01,77991.79,1777185584000
1777185585.854,285.854,0.9,0.93,0.06,0.11,0.03,0.05,77991.79,1777185584000
1777185586.237,286.237,0.93,0.94,0.06,0.07,0.01,0.01,77991.86,1777185585000
1777185586.572,286.572,0.93,0.94,0.06,0.07,0.01,0.01,77991.86,1777185585000
1777185586.934,286.934,0.93,0.94,0.06,0.07,0.01,0.01,77991.86,1777185585000
1777185587.328,287.328,0.93,0.96,0.06,0.08,0.03,0.02,77991.86,1777185586000
1777185587.683,287.683,0.95,0.96,0.04,0.05,0.01,0.01,77991.86,1777185586000
1777185588.144,288.144,0.95,0.96,0.04,0.05,0.01,0.01,77991.86,1777185586000
1777185588.54,288.54,0.96,0.97,0.03,0.04,0.01,0.01,77991.86,1777185587000
1777185588.941,288.941,0.96,0.97,0.03,0.04,0.01,0.01,77991.86,1777185587000
1777185589.295,289.295,0.95,0.97,0.03,0.05,0.02,0.02,77991.82,1777185588000
1777185589.669,289.669,0.96,0.97,0.03,0.04,0.01,0.01,77991.82,1777185588000
1777185590.266,290.266,0.96,0.97,0.03,0.04,0.01,0.01,77991.82,1777185588000
1777185590.623,290.623,0.96,0.97,0.03,0.04,0.01,0.01,77991.86,1777185589000
1777185591.029,291.029,0.96,0.97,0.03,0.05,0.01,0.02,77991.86,1777185589000
1777185591.386,291.386,0.96,0.98,0.03,0.05,0.02,0.02,77991.86,1777185589000
1777185591.781,291.781,0.98,0.99,0.01,0.02,0.01,0.01,77991.86,1777185590000
1777185592.124,292.124,0.99,0.99,0.01,0.01,0.0,0.0,77991.86,1777185590000
1777185592.466,292.466,0.99,0.99,0.01,0.01,0.0,0.0,77991.83,1777185591000
1777185592.908,292.908,0.99,0.99,0.01,0.01,0.0,0.0,77991.83,1777185591000
1777185593.287,293.287,0.99,0.99,0.01,0.01,0.0,0.0,77991.83,1777185591000
1777185593.651,293.651,0.99,0.99,0.01,0.01,0.0,0.0,77991.84,1777185592000
1777185594.115,294.115,0.99,0.99,0.01,0.01,0.0,0.0,77991.84,1777185592000
1777185594.618,294.618,0.99,0.99,0.01,0.01,0.0,0.0,77991.85,1777185593000
1777185595.027,295.027,0.99,0.99,0.01,0.01,0.0,0.0,77991.85,1777185593000
1777185595.47,295.47,0.99,0.99,0.01,0.01,0.0,0.0,77991.85,1777185594000
1777185595.884,295.884,0.99,0.99,0.01,0.01,0.0,0.0,77991.85,1777185594000
1777185596.872,296.872,0.99,0.99,0.01,0.01,0.0,0.0,77991.83,1777185595000
1777185597.288,297.288,0.99,0.99,0.01,0.01,0.0,0.0,77991.83,1777185596000
1777185597.834,297.834,0.99,0.99,0.01,0.01,0.0,0.0,77991.83,1777185596000
1777185598.197,298.197,0.99,0.99,0.01,0.01,0.0,0.0,77992.84,1777185597000
1777185599.247,299.247,0.99,0.99,0.01,0.01,0.0,0.0,77993.35,1777185598000
1777185600.161,300.161,0.99,0.99,0.01,0.01,0.0,0.0,77993.37,1777185599000
1777185600.523,300.523,0.99,0.99,0.01,0.01,0.0,0.0,77993.37,1777185599000
1777185600.862,300.862,0.99,0.99,0.01,0.01,0.0,0.0,77993.37,1777185599000
1777185602.107,302.107,0.99,0.99,0.01,0.01,0.0,0.0,77997.71,1777185601000

# RESULT,winner=Up,slug=btc-updown-5m-1777185300,ticks=624
