timestamp,elapsed_sec,up_bid,up_ask,down_bid,down_ask,up_spread,down_spread,btc_price,btc_oracle_ts
1777300200.772,0.772,0.49,0.5,0.5,0.51,0.01,0.01,77883.14,1777300199000
1777300201.112,1.112,0.49,0.5,0.5,0.51,0.01,0.01,77883.54,1777300200000
1777300201.552,1.552,0.49,0.5,0.5,0.51,0.01,0.01,77883.54,1777300200000
1777300202.008,2.008,0.49,0.5,0.5,0.51,0.01,0.01,77883.54,1777300200000
1777300202.354,2.354,0.49,0.5,0.5,0.51,0.01,0.01,77882.66,1777300201000
1777300202.888,2.888,0.49,0.5,0.5,0.51,0.01,0.01,77882.66,1777300201000
1777300203.271,3.271,0.49,0.5,0.5,0.51,0.01,0.01,77882.66,1777300201000
1777300203.69,3.69,0.49,0.5,0.5,0.51,0.01,0.01,77881.23,1777300202000
1777300204.095,4.095,0.49,0.5,0.5,0.51,0.01,0.01,77880.25,1777300203000
1777300204.43,4.43,0.48,0.5,0.5,0.51,0.02,0.01,77880.25,1777300203000
1777300205.238,5.238,0.48,0.49,0.51,0.52,0.01,0.01,77880.25,1777300203000
1777300205.649,5.649,0.48,0.49,0.51,0.52,0.01,0.01,77881.33,1777300204000
1777300206.067,6.067,0.48,0.49,0.51,0.52,0.01,0.01,77881.33,1777300204000
1777300206.422,6.422,0.48,0.49,0.51,0.52,0.01,0.01,77881.33,1777300204000
1777300206.922,6.922,0.48,0.49,0.51,0.52,0.01,0.01,77881.47,1777300205000
1777300207.8,7.8,0.48,0.49,0.51,0.52,0.01,0.01,77881.47,1777300205000
1777300208.199,8.199,0.48,0.49,0.51,0.52,0.01,0.01,77881.47,1777300205000
1777300208.763,8.763,0.48,0.49,0.51,0.52,0.01,0.01,77879.11,1777300207000
1777300209.1,9.1,0.48,0.49,0.51,0.52,0.01,0.01,77879.11,1777300207000
1777300209.567,9.567,0.48,0.49,0.51,0.52,0.01,0.01,77880.4,1777300208000
1777300210.452,10.452,0.48,0.49,0.51,0.52,0.01,0.01,77880.36,1777300209000
1777300210.881,10.881,0.44,0.45,0.55,0.56,0.01,0.01,77880.36,1777300209000
1777300211.236,11.236,0.44,0.45,0.55,0.56,0.01,0.01,77880.28,1777300210000
1777300211.628,11.628,0.44,0.46,0.55,0.56,0.02,0.01,77880.28,1777300210000
1777300211.978,11.978,0.45,0.48,0.52,0.55,0.03,0.03,77880.28,1777300210000
1777300212.391,12.391,0.45,0.48,0.52,0.55,0.03,0.03,77877.21,1777300211000
1777300212.777,12.777,0.46,0.47,0.53,0.54,0.01,0.01,77877.21,1777300211000
1777300213.141,13.141,0.46,0.47,0.53,0.54,0.01,0.01,77877.21,1777300211000
1777300213.481,13.481,0.46,0.47,0.53,0.54,0.01,0.01,77877.21,1777300211000
1777300213.964,13.964,0.46,0.47,0.53,0.54,0.01,0.01,77876.06,1777300212000
1777300214.495,14.495,0.46,0.47,0.53,0.54,0.01,0.01,77876.06,1777300212000
1777300215.262,15.262,0.45,0.46,0.54,0.55,0.01,0.01,77877.72,1777300213000
1777300215.672,15.672,0.45,0.46,0.54,0.55,0.01,0.01,77877.59,1777300214000
1777300216.049,16.049,0.45,0.46,0.54,0.55,0.01,0.01,77877.59,1777300214000
1777300216.391,16.391,0.45,0.47,0.53,0.55,0.02,0.02,77877.58,1777300215000
1777300216.822,16.822,0.46,0.47,0.53,0.55,0.01,0.02,77877.58,1777300215000
1777300217.425,17.425,0.45,0.46,0.54,0.55,0.01,0.01,77877.58,1777300215000
1777300217.764,17.764,0.42,0.43,0.57,0.58,0.01,0.01,77878.03,1777300216000
1777300218.219,18.219,0.41,0.42,0.57,0.59,0.01,0.02,77878.03,1777300216000
1777300218.553,18.553,0.39,0.42,0.58,0.6,0.03,0.02,77878.38,1777300217000
1777300218.895,18.895,0.39,0.4,0.59,0.61,0.01,0.02,77878.38,1777300217000
1777300219.23,19.23,0.36,0.38,0.62,0.64,0.02,0.02,77877.31,1777300218000
1777300219.628,19.628,0.32,0.34,0.66,0.67,0.02,0.01,77877.31,1777300218000
1777300219.978,19.978,0.3,0.34,0.66,0.7,0.04,0.04,77877.31,1777300218000
1777300220.343,20.343,0.31,0.33,0.67,0.68,0.02,0.01,77877.31,1777300218000
1777300220.787,20.787,0.32,0.33,0.67,0.68,0.01,0.01,77877.31,1777300218000
1777300221.469,21.469,0.33,0.34,0.65,0.68,0.01,0.03,77851.12,1777300219000
1777300221.816,21.816,0.35,0.37,0.63,0.65,0.02,0.02,77847.92,1777300220000
1777300222.188,22.188,0.39,0.4,0.6,0.61,0.01,0.01,77847.4,1777300221000
1777300222.67,22.67,0.39,0.41,0.6,0.61,0.02,0.01,77847.4,1777300221000
1777300223.169,23.169,0.39,0.4,0.59,0.61,0.01,0.02,77847.4,1777300221000
1777300223.543,23.543,0.39,0.4,0.6,0.61,0.01,0.01,77847.4,1777300221000
1777300223.998,23.998,0.39,0.4,0.6,0.61,0.01,0.01,77857.9,1777300222000
1777300224.49,24.49,0.39,0.4,0.6,0.61,0.01,0.01,77859.06,1777300223000
1777300224.84,24.84,0.39,0.4,0.6,0.61,0.01,0.01,77859.06,1777300223000
1777300225.207,25.207,0.39,0.4,0.6,0.61,0.01,0.01,77859.06,1777300223000
1777300225.756,25.756,0.39,0.4,0.6,0.62,0.01,0.02,77860.25,1777300224000
1777300226.346,26.346,0.38,0.39,0.6,0.63,0.01,0.03,77860.25,1777300224000
1777300226.83,26.83,0.38,0.41,0.61,0.62,0.03,0.01,77860.25,1777300224000
1777300227.217,27.217,0.46,0.47,0.53,0.54,0.01,0.01,77860.09,1777300226000
1777300227.574,27.574,0.46,0.47,0.53,0.54,0.01,0.01,77860.09,1777300226000
1777300227.969,27.969,0.41,0.44,0.54,0.6,0.03,0.06,77860.09,1777300226000
1777300228.327,28.327,0.4,0.41,0.58,0.6,0.01,0.02,77860.09,1777300226000
1777300229.332,29.332,0.4,0.41,0.59,0.61,0.01,0.02,77864.02,1777300227000
1777300230.22,30.22,0.4,0.41,0.59,0.6,0.01,0.01,77865.54,1777300229000
1777300230.584,30.584,0.4,0.41,0.59,0.6,0.01,0.01,77865.54,1777300229000
1777300231.223,31.223,0.38,0.42,0.58,0.62,0.04,0.04,77867.65,1777300230000
1777300231.561,31.561,0.43,0.44,0.56,0.59,0.01,0.03,77867.65,1777300230000
1777300231.984,31.984,0.45,0.46,0.53,0.55,0.01,0.02,77867.65,1777300230000
1777300232.358,32.358,0.45,0.46,0.54,0.55,0.01,0.01,77867.65,1777300230000
1777300232.746,32.746,0.45,0.46,0.54,0.56,0.01,0.02,77871.09,1777300231000
1777300233.135,33.135,0.44,0.45,0.55,0.56,0.01,0.01,77871.77,1777300232000
1777300233.491,33.491,0.43,0.45,0.55,0.57,0.02,0.02,77871.77,1777300232000
1777300233.99,33.99,0.4,0.41,0.57,0.6,0.01,0.03,77871.77,1777300232000
1777300234.454,34.454,0.4,0.41,0.59,0.6,0.01,0.01,77870.8,1777300233000
1777300234.8,34.8,0.4,0.43,0.57,0.59,0.03,0.02,77870.8,1777300233000
1777300235.298,35.298,0.42,0.43,0.57,0.58,0.01,0.01,77870.8,1777300233000
1777300235.631,35.631,0.42,0.43,0.57,0.58,0.01,0.01,77869.99,1777300234000
1777300236.003,36.003,0.46,0.47,0.53,0.54,0.01,0.01,77869.99,1777300234000
1777300236.47,36.47,0.46,0.48,0.52,0.54,0.02,0.02,77868.8,1777300235000
1777300236.843,36.843,0.46,0.48,0.52,0.54,0.02,0.02,77868.8,1777300235000
1777300237.196,37.196,0.47,0.48,0.52,0.53,0.01,0.01,77870.16,1777300236000
1777300237.967,37.967,0.48,0.5,0.5,0.52,0.02,0.02,77870.16,1777300236000
1777300238.313,38.313,0.48,0.5,0.5,0.52,0.02,0.02,77870.16,1777300236000
1777300238.673,38.673,0.48,0.49,0.51,0.52,0.01,0.01,77879.75,1777300237000
1777300239.149,39.149,0.49,0.5,0.49,0.51,0.01,0.02,77879.75,1777300237000
1777300239.768,39.768,0.49,0.51,0.5,0.51,0.02,0.01,77879.75,1777300237000
1777300240.105,40.105,0.5,0.52,0.48,0.5,0.02,0.02,77880.68,1777300238000
1777300240.442,40.442,0.5,0.51,0.48,0.5,0.01,0.02,77881.72,1777300239000
1777300240.914,40.914,0.5,0.51,0.49,0.5,0.01,0.01,77881.72,1777300239000
1777300241.357,41.357,0.5,0.51,0.49,0.5,0.01,0.01,77881.72,1777300239000
1777300241.878,41.878,0.5,0.52,0.48,0.5,0.02,0.02,77884.95,1777300240000
1777300242.236,42.236,0.54,0.55,0.45,0.46,0.01,0.01,77884.95,1777300240000
1777300242.586,42.586,0.54,0.55,0.45,0.46,0.01,0.01,77886.35,1777300241000
1777300242.977,42.977,0.54,0.55,0.45,0.46,0.01,0.01,77886.35,1777300241000
1777300243.313,43.313,0.54,0.55,0.45,0.46,0.01,0.01,77886.35,1777300241000
1777300243.647,43.647,0.53,0.54,0.45,0.49,0.01,0.04,77887.41,1777300242000
1777300244.141,44.141,0.49,0.52,0.48,0.51,0.03,0.03,77887.85,1777300243000
1777300244.505,44.505,0.49,0.5,0.5,0.51,0.01,0.01,77887.85,1777300243000
1777300244.881,44.881,0.49,0.5,0.5,0.51,0.01,0.01,77887.85,1777300243000
1777300245.498,45.498,0.49,0.51,0.49,0.51,0.02,0.02,77890.0,1777300244000
1777300246.207,46.207,0.49,0.51,0.49,0.51,0.02,0.02,77888.69,1777300245000
1777300246.544,46.544,0.5,0.51,0.49,0.51,0.01,0.02,77888.69,1777300245000
1777300246.932,46.932,0.5,0.51,0.49,0.5,0.01,0.01,77888.69,1777300245000
1777300247.274,47.274,0.5,0.51,0.47,0.5,0.01,0.03,77888.69,1777300245000
1777300247.609,47.609,0.5,0.51,0.49,0.5,0.01,0.01,77888.69,1777300245000
1777300247.973,47.973,0.5,0.51,0.49,0.5,0.01,0.01,77890.41,1777300246000
1777300248.426,48.426,0.49,0.5,0.49,0.51,0.01,0.02,77889.71,1777300247000
1777300249.079,49.079,0.49,0.5,0.5,0.51,0.01,0.01,77889.71,1777300247000
1777300249.495,49.495,0.49,0.5,0.5,0.51,0.01,0.01,77889.1,1777300248000
1777300249.884,49.884,0.49,0.5,0.5,0.51,0.01,0.01,77889.1,1777300248000
1777300250.527,50.527,0.49,0.5,0.5,0.51,0.01,0.01,77889.1,1777300248000
1777300250.989,50.989,0.49,0.51,0.5,0.51,0.02,0.01,77888.66,1777300249000
1777300252.13,52.13,0.5,0.51,0.49,0.51,0.01,0.02,77888.65,1777300250000
1777300252.464,52.464,0.54,0.55,0.45,0.46,0.01,0.01,77888.65,1777300250000
1777300253.122,53.122,0.57,0.58,0.41,0.43,0.01,0.02,77888.65,1777300250000
1777300253.472,53.472,0.57,0.59,0.41,0.43,0.02,0.02,77891.55,1777300251000
1777300254.043,54.043,0.57,0.59,0.42,0.43,0.02,0.01,77900.86,1777300252000
1777300254.492,54.492,0.55,0.58,0.42,0.45,0.03,0.03,77901.7,1777300253000
1777300254.865,54.865,0.57,0.58,0.42,0.44,0.01,0.02,77901.7,1777300253000
1777300255.301,55.301,0.57,0.58,0.42,0.43,0.01,0.01,77901.7,1777300253000
1777300255.678,55.678,0.56,0.57,0.43,0.44,0.01,0.01,77901.7,1777300253000
1777300256.171,56.171,0.56,0.57,0.43,0.44,0.01,0.01,77901.75,1777300254000
1777300256.529,56.529,0.56,0.58,0.43,0.44,0.02,0.01,77901.27,1777300255000
1777300256.904,56.904,0.57,0.58,0.42,0.44,0.01,0.02,77901.27,1777300255000
1777300257.29,57.29,0.57,0.58,0.42,0.43,0.01,0.01,77901.27,1777300255000
1777300257.633,57.633,0.57,0.58,0.42,0.43,0.01,0.01,77899.54,1777300256000
1777300258.325,58.325,0.57,0.58,0.42,0.43,0.01,0.01,77899.54,1777300256000
1777300259.176,59.176,0.57,0.58,0.42,0.43,0.01,0.01,77900.76,1777300258000
1777300259.551,59.551,0.57,0.58,0.42,0.43,0.01,0.01,77900.76,1777300258000
1777300259.974,59.974,0.57,0.58,0.42,0.43,0.01,0.01,77900.76,1777300258000
1777300260.361,60.361,0.57,0.58,0.42,0.43,0.01,0.01,77900.97,1777300259000
1777300260.949,60.949,0.57,0.58,0.42,0.43,0.01,0.01,77900.97,1777300259000
1777300261.477,61.477,0.57,0.58,0.42,0.43,0.01,0.01,77900.97,1777300259000
1777300262.103,62.103,0.56,0.57,0.43,0.44,0.01,0.01,77900.54,1777300261000
1777300262.563,62.563,0.56,0.57,0.43,0.44,0.01,0.01,77900.54,1777300261000
1777300262.985,62.985,0.56,0.57,0.43,0.44,0.01,0.01,77900.54,1777300261000
1777300263.348,63.348,0.56,0.57,0.43,0.44,0.01,0.01,77900.54,1777300261000
1777300263.689,63.689,0.56,0.57,0.43,0.44,0.01,0.01,77900.34,1777300262000
1777300264.066,64.066,0.56,0.57,0.43,0.44,0.01,0.01,77900.37,1777300263000
1777300264.419,64.419,0.56,0.57,0.43,0.44,0.01,0.01,77900.37,1777300263000
1777300265.359,65.359,0.56,0.57,0.43,0.44,0.01,0.01,77900.95,1777300264000
1777300265.714,65.714,0.56,0.58,0.43,0.44,0.02,0.01,77900.95,1777300264000
1777300266.2,66.2,0.56,0.59,0.42,0.44,0.03,0.02,77900.95,1777300264000
1777300266.56,66.56,0.56,0.6,0.4,0.44,0.04,0.04,77900.95,1777300264000
1777300266.995,66.995,0.62,0.63,0.4,0.44,0.01,0.04,77900.17,1777300265000
1777300267.472,67.472,0.63,0.66,0.34,0.38,0.03,0.04,77912.92,1777300266000
1777300268.034,68.034,0.63,0.66,0.34,0.37,0.03,0.03,77912.92,1777300266000
1777300268.568,68.568,0.63,0.66,0.34,0.37,0.03,0.03,77912.92,1777300266000
1777300268.956,68.956,0.63,0.66,0.34,0.37,0.03,0.03,77917.22,1777300267000
1777300269.458,69.458,0.63,0.66,0.36,0.37,0.03,0.01,77917.22,1777300267000
1777300269.793,69.793,0.65,0.69,0.31,0.35,0.04,0.04,77917.64,1777300268000
1777300270.148,70.148,0.67,0.69,0.31,0.33,0.02,0.02,77920.22,1777300269000
1777300270.507,70.507,0.68,0.69,0.31,0.32,0.01,0.01,77920.22,1777300269000
1777300270.846,70.846,0.68,0.69,0.31,0.32,0.01,0.01,77920.22,1777300269000
1777300271.348,71.348,0.68,0.7,0.31,0.32,0.02,0.01,77925.49,1777300270000
1777300271.703,71.703,0.69,0.7,0.3,0.31,0.01,0.01,77925.49,1777300270000
1777300272.115,72.115,0.69,0.7,0.3,0.31,0.01,0.01,77926.2,1777300271000
1777300272.532,72.532,0.71,0.72,0.28,0.29,0.01,0.01,77926.2,1777300271000
1777300272.888,72.888,0.71,0.72,0.28,0.29,0.01,0.01,77926.2,1777300271000
1777300273.264,73.264,0.71,0.72,0.28,0.29,0.01,0.01,77925.6,1777300272000
1777300273.666,73.666,0.71,0.72,0.28,0.29,0.01,0.01,77925.6,1777300272000
1777300274.162,74.162,0.71,0.72,0.28,0.29,0.01,0.01,77925.34,1777300273000
1777300274.641,74.641,0.71,0.72,0.28,0.29,0.01,0.01,77925.34,1777300273000
1777300275.878,75.878,0.71,0.72,0.28,0.29,0.01,0.01,77925.61,1777300274000
1777300276.662,76.662,0.7,0.72,0.28,0.29,0.02,0.01,77925.33,1777300275000
1777300276.996,76.996,0.6,0.64,0.36,0.4,0.04,0.04,77909.88,1777300276000
1777300277.353,77.353,0.6,0.66,0.34,0.4,0.06,0.06,77909.88,1777300276000
1777300277.691,77.691,0.62,0.64,0.35,0.4,0.02,0.05,77909.88,1777300276000
1777300278.054,78.054,0.55,0.56,0.44,0.45,0.01,0.01,77906.63,1777300277000
1777300278.491,78.491,0.55,0.56,0.44,0.45,0.01,0.01,77906.63,1777300277000
1777300278.827,78.827,0.49,0.56,0.44,0.5,0.07,0.06,77906.63,1777300277000
1777300279.243,79.243,0.47,0.49,0.48,0.53,0.02,0.05,77906.63,1777300277000
1777300279.582,79.582,0.49,0.5,0.5,0.51,0.01,0.01,77896.22,1777300278000
1777300279.939,79.939,0.43,0.49,0.51,0.57,0.06,0.06,77896.22,1777300278000
1777300280.371,80.371,0.43,0.44,0.55,0.57,0.01,0.02,77890.16,1777300279000
1777300280.709,80.709,0.42,0.44,0.55,0.57,0.02,0.02,77890.16,1777300279000
1777300281.091,81.091,0.43,0.44,0.56,0.57,0.01,0.01,77878.71,1777300280000
1777300281.45,81.45,0.4,0.43,0.57,0.6,0.03,0.03,77878.71,1777300280000
1777300282.018,82.018,0.43,0.44,0.56,0.57,0.01,0.01,77878.71,1777300280000
1777300282.523,82.523,0.43,0.44,0.56,0.57,0.01,0.01,77874.51,1777300281000
1777300283.436,83.436,0.44,0.45,0.56,0.57,0.01,0.01,77874.51,1777300281000
1777300283.828,83.828,0.44,0.48,0.52,0.56,0.04,0.04,77870.27,1777300282000
1777300284.399,84.399,0.45,0.49,0.51,0.53,0.04,0.02,77870.27,1777300282000
1777300284.809,84.809,0.47,0.49,0.51,0.53,0.02,0.02,77873.76,1777300283000
1777300285.245,85.245,0.48,0.49,0.51,0.52,0.01,0.01,77873.76,1777300283000
1777300285.582,85.582,0.48,0.49,0.51,0.52,0.01,0.01,77872.52,1777300284000
1777300286.088,86.088,0.48,0.49,0.51,0.52,0.01,0.01,77872.52,1777300284000
1777300286.423,86.423,0.47,0.49,0.51,0.52,0.02,0.01,77874.54,1777300285000
1777300286.876,86.876,0.47,0.48,0.51,0.53,0.01,0.02,77874.54,1777300285000
1777300287.261,87.261,0.46,0.47,0.53,0.54,0.01,0.01,77874.54,1777300285000
1777300287.769,87.769,0.45,0.46,0.53,0.55,0.01,0.02,77874.57,1777300286000
1777300288.27,88.27,0.44,0.45,0.55,0.56,0.01,0.01,77874.57,1777300286000
1777300288.651,88.651,0.45,0.46,0.54,0.55,0.01,0.01,77874.8,1777300287000
1777300288.987,88.987,0.44,0.45,0.55,0.56,0.01,0.01,77874.8,1777300287000
1777300289.354,89.354,0.42,0.45,0.55,0.56,0.03,0.01,77874.11,1777300288000
1777300290.066,90.066,0.45,0.46,0.55,0.56,0.01,0.01,77874.11,1777300288000
1777300291.437,91.437,0.45,0.51,0.49,0.55,0.06,0.06,77873.83,1777300290000
1777300291.784,91.784,0.44,0.48,0.52,0.56,0.04,0.04,77873.83,1777300290000
1777300292.3,92.3,0.44,0.45,0.55,0.56,0.01,0.01,77873.83,1777300290000
1777300292.658,92.658,0.44,0.45,0.55,0.56,0.01,0.01,77870.93,1777300291000
1777300293.103,93.103,0.44,0.45,0.55,0.56,0.01,0.01,77869.61,1777300292000
1777300293.451,93.451,0.44,0.45,0.55,0.56,0.01,0.01,77869.61,1777300292000
1777300293.814,93.814,0.44,0.45,0.55,0.56,0.01,0.01,77869.61,1777300292000
1777300294.148,94.148,0.44,0.45,0.55,0.56,0.01,0.01,77872.57,1777300293000
1777300294.513,94.513,0.44,0.45,0.55,0.56,0.01,0.01,77872.57,1777300293000
1777300294.883,94.883,0.44,0.45,0.55,0.56,0.01,0.01,77872.57,1777300293000
1777300295.231,95.231,0.44,0.48,0.52,0.56,0.04,0.04,77872.57,1777300293000
1777300295.698,95.698,0.48,0.5,0.49,0.52,0.02,0.03,77872.59,1777300294000
1777300296.078,96.078,0.5,0.52,0.48,0.5,0.02,0.02,77872.59,1777300294000
1777300296.629,96.629,0.5,0.51,0.49,0.5,0.01,0.01,77872.59,1777300294000
1777300296.979,96.979,0.48,0.49,0.51,0.52,0.01,0.01,77876.0,1777300295000
1777300297.32,97.32,0.48,0.49,0.51,0.52,0.01,0.01,77878.68,1777300296000
1777300298.436,98.436,0.48,0.49,0.51,0.52,0.01,0.01,77878.57,1777300297000
1777300298.935,98.935,0.48,0.49,0.51,0.52,0.01,0.01,77878.57,1777300297000
1777300299.322,99.322,0.47,0.48,0.51,0.53,0.01,0.02,77878.57,1777300297000
1777300299.694,99.694,0.47,0.48,0.52,0.53,0.01,0.01,77877.81,1777300298000
1777300300.17,100.17,0.46,0.48,0.52,0.54,0.02,0.02,77877.81,1777300299000
1777300300.559,100.559,0.45,0.47,0.52,0.54,0.02,0.02,77877.81,1777300299000
1777300300.975,100.975,0.43,0.44,0.56,0.57,0.01,0.01,77877.81,1777300299000
1777300301.34,101.34,0.43,0.44,0.56,0.57,0.01,0.01,77877.81,1777300299000
1777300301.705,101.705,0.41,0.43,0.56,0.6,0.02,0.04,77877.81,1777300300000
1777300302.486,102.486,0.41,0.43,0.57,0.59,0.02,0.02,77873.58,1777300301000
1777300302.859,102.859,0.4,0.41,0.59,0.6,0.01,0.01,77873.58,1777300301000
1777300303.362,103.362,0.42,0.43,0.58,0.6,0.01,0.02,77870.9,1777300302000
1777300303.719,103.719,0.42,0.43,0.57,0.58,0.01,0.01,77870.9,1777300302000
1777300304.063,104.063,0.42,0.43,0.57,0.58,0.01,0.01,77870.9,1777300302000
1777300304.439,104.439,0.41,0.42,0.57,0.59,0.01,0.02,77870.13,1777300303000
1777300304.848,104.848,0.41,0.42,0.58,0.59,0.01,0.01,77870.13,1777300303000
1777300305.379,105.379,0.41,0.42,0.58,0.59,0.01,0.01,77869.31,1777300304000
1777300305.864,105.864,0.41,0.42,0.58,0.59,0.01,0.01,77869.31,1777300304000
1777300306.388,106.388,0.4,0.41,0.59,0.6,0.01,0.01,77869.31,1777300304000
1777300306.743,106.743,0.4,0.41,0.59,0.6,0.01,0.01,77870.31,1777300305000
1777300307.082,107.082,0.4,0.42,0.58,0.6,0.02,0.02,77868.2,1777300306000
1777300307.702,107.702,0.41,0.42,0.58,0.59,0.01,0.01,77868.2,1777300306000
1777300308.125,108.125,0.41,0.42,0.58,0.59,0.01,0.01,77870.68,1777300307000
1777300308.482,108.482,0.41,0.46,0.58,0.59,0.05,0.01,77870.68,1777300307000
1777300308.844,108.844,0.46,0.47,0.5,0.54,0.01,0.04,77870.68,1777300307000
1777300309.244,109.244,0.47,0.48,0.52,0.53,0.01,0.01,77870.68,1777300307000
1777300309.639,109.639,0.46,0.47,0.53,0.54,0.01,0.01,77870.83,1777300308000
1777300310.337,110.337,0.46,0.47,0.53,0.54,0.01,0.01,77870.83,1777300308000
1777300310.719,110.719,0.46,0.47,0.53,0.54,0.01,0.01,77877.56,1777300309000
1777300311.168,111.168,0.46,0.47,0.53,0.54,0.01,0.01,77877.56,1777300309000
1777300311.614,111.614,0.45,0.46,0.53,0.55,0.01,0.02,77877.56,1777300309000
1777300311.978,111.978,0.45,0.46,0.54,0.55,0.01,0.01,77877.56,1777300309000
1777300312.404,112.404,0.45,0.47,0.53,0.55,0.02,0.02,77877.81,1777300311000
1777300313.051,113.051,0.45,0.46,0.53,0.55,0.01,0.02,77877.81,1777300311000
1777300313.453,113.453,0.45,0.46,0.53,0.55,0.01,0.02,77877.81,1777300311000
1777300314.058,114.058,0.45,0.46,0.54,0.55,0.01,0.01,77876.97,1777300312000
1777300314.396,114.396,0.44,0.46,0.54,0.56,0.02,0.02,77876.97,1777300313000
1777300314.738,114.738,0.44,0.46,0.54,0.56,0.02,0.02,77876.97,1777300313000
1777300315.131,115.131,0.43,0.45,0.54,0.57,0.02,0.03,77876.97,1777300313000
1777300315.479,115.479,0.43,0.44,0.56,0.57,0.01,0.01,77876.28,1777300314000
1777300315.939,115.939,0.43,0.44,0.56,0.57,0.01,0.01,77876.28,1777300314000
1777300316.501,116.501,0.44,0.45,0.55,0.57,0.01,0.02,77873.81,1777300315000
1777300317.043,117.043,0.48,0.49,0.51,0.53,0.01,0.02,77873.81,1777300315000
1777300317.388,117.388,0.48,0.49,0.51,0.52,0.01,0.01,77874.02,1777300316000
1777300317.777,117.777,0.48,0.49,0.51,0.52,0.01,0.01,77874.02,1777300316000
1777300318.247,118.247,0.52,0.54,0.47,0.48,0.02,0.01,77874.02,1777300316000
1777300318.954,118.954,0.52,0.56,0.45,0.48,0.04,0.03,77877.12,1777300317000
1777300319.389,119.389,0.54,0.56,0.44,0.46,0.02,0.02,77877.12,1777300317000
1777300319.745,119.745,0.56,0.58,0.42,0.44,0.02,0.02,77882.72,1777300318000
1777300320.085,120.085,0.57,0.6,0.4,0.43,0.03,0.03,77882.72,1777300318000
1777300320.442,120.442,0.57,0.61,0.39,0.43,0.04,0.04,77889.2,1777300319000
1777300320.985,120.985,0.57,0.61,0.39,0.43,0.04,0.04,77893.61,1777300320000
1777300321.477,121.477,0.57,0.59,0.41,0.43,0.02,0.02,77893.61,1777300320000
1777300321.824,121.824,0.57,0.59,0.41,0.43,0.02,0.02,77893.61,1777300320000
1777300322.2,122.2,0.58,0.59,0.41,0.42,0.01,0.01,77896.03,1777300321000
1777300322.547,122.547,0.58,0.61,0.39,0.42,0.03,0.03,77896.03,1777300321000
1777300322.921,122.921,0.59,0.6,0.4,0.41,0.01,0.01,77896.03,1777300321000
1777300323.275,123.275,0.6,0.61,0.39,0.4,0.01,0.01,77896.03,1777300321000
1777300323.668,123.668,0.61,0.62,0.37,0.4,0.01,0.03,77896.1,1777300322000
1777300324.023,124.023,0.59,0.62,0.38,0.39,0.03,0.01,77896.1,1777300322000
1777300324.538,124.538,0.6,0.61,0.39,0.4,0.01,0.01,77896.1,1777300322000
1777300324.88,124.88,0.57,0.58,0.42,0.43,0.01,0.01,77901.16,1777300323000
1777300325.277,125.277,0.53,0.54,0.43,0.45,0.01,0.02,77901.5,1777300324000
1777300325.672,125.672,0.52,0.54,0.46,0.47,0.02,0.01,77901.5,1777300324000
1777300326.231,126.231,0.52,0.53,0.47,0.48,0.01,0.01,77899.37,1777300325000
1777300326.711,126.711,0.5,0.53,0.47,0.48,0.03,0.01,77899.37,1777300325000
1777300327.151,127.151,0.49,0.52,0.48,0.5,0.03,0.02,77899.37,1777300325000
1777300327.536,127.536,0.5,0.51,0.49,0.5,0.01,0.01,77890.45,1777300326000
1777300328.079,128.079,0.5,0.51,0.49,0.5,0.01,0.01,77890.45,1777300326000
1777300328.488,128.488,0.5,0.51,0.49,0.5,0.01,0.01,77890.45,1777300326000
1777300329.071,129.071,0.51,0.53,0.46,0.5,0.02,0.04,77887.45,1777300327000
1777300329.806,129.806,0.51,0.53,0.47,0.49,0.02,0.02,77886.99,1777300328000
1777300330.144,130.144,0.51,0.53,0.47,0.48,0.02,0.01,77886.99,1777300328000
1777300330.526,130.526,0.51,0.52,0.47,0.49,0.01,0.02,77886.96,1777300329000
1777300330.9,130.9,0.5,0.52,0.48,0.49,0.02,0.01,77886.96,1777300329000
1777300331.364,131.364,0.5,0.51,0.49,0.5,0.01,0.01,77886.96,1777300329000
1777300331.763,131.763,0.51,0.52,0.48,0.49,0.01,0.01,77887.23,1777300330000
1777300332.208,132.208,0.51,0.52,0.48,0.49,0.01,0.01,77887.23,1777300330000
1777300332.974,132.974,0.51,0.52,0.48,0.49,0.01,0.01,77886.4,1777300332000
1777300333.315,133.315,0.5,0.51,0.49,0.5,0.01,0.01,77886.4,1777300332000
1777300333.708,133.708,0.5,0.51,0.49,0.5,0.01,0.01,77886.4,1777300332000
1777300334.127,134.127,0.51,0.52,0.48,0.49,0.01,0.01,77886.4,1777300332000
1777300334.534,134.534,0.54,0.56,0.45,0.49,0.02,0.04,77886.51,1777300333000
1777300335.317,135.317,0.54,0.55,0.45,0.46,0.01,0.01,77886.51,1777300333000
1777300335.671,135.671,0.53,0.55,0.45,0.46,0.02,0.01,77886.88,1777300334000
1777300336.274,136.274,0.54,0.55,0.45,0.47,0.01,0.02,77886.88,1777300334000
1777300336.728,136.728,0.53,0.54,0.45,0.47,0.01,0.02,77889.58,1777300335000
1777300337.299,137.299,0.54,0.56,0.45,0.47,0.02,0.02,77889.58,1777300335000
1777300337.681,137.681,0.54,0.55,0.45,0.46,0.01,0.01,77889.58,1777300335000
1777300338.201,138.201,0.52,0.54,0.46,0.47,0.02,0.01,77889.83,1777300336000
1777300338.592,138.592,0.52,0.53,0.46,0.48,0.01,0.02,77887.44,1777300337000
1777300338.976,138.976,0.48,0.52,0.47,0.52,0.04,0.05,77887.44,1777300337000
1777300339.448,139.448,0.48,0.49,0.51,0.53,0.01,0.02,77888.32,1777300338000
1777300340.062,140.062,0.49,0.5,0.5,0.51,0.01,0.01,77888.32,1777300338000
1777300340.465,140.465,0.47,0.5,0.5,0.53,0.03,0.03,77887.45,1777300339000
1777300340.802,140.802,0.47,0.49,0.51,0.53,0.02,0.02,77887.45,1777300339000
1777300341.326,141.326,0.44,0.45,0.54,0.56,0.01,0.02,77884.12,1777300340000
1777300341.679,141.679,0.42,0.45,0.55,0.58,0.03,0.03,77884.12,1777300340000
1777300342.069,142.069,0.41,0.42,0.58,0.6,0.01,0.02,77884.12,1777300340000
1777300342.438,142.438,0.38,0.39,0.59,0.62,0.01,0.03,77883.98,1777300341000
1777300342.939,142.939,0.38,0.39,0.61,0.62,0.01,0.01,77883.98,1777300341000
1777300343.278,143.278,0.39,0.4,0.6,0.62,0.01,0.02,77883.98,1777300341000
1777300343.672,143.672,0.4,0.41,0.59,0.6,0.01,0.01,77880.63,1777300342000
1777300344.345,144.345,0.4,0.41,0.59,0.6,0.01,0.01,77880.63,1777300342000
1777300344.888,144.888,0.45,0.46,0.54,0.55,0.01,0.01,77880.63,1777300342000
1777300345.274,145.274,0.45,0.46,0.54,0.55,0.01,0.01,77872.27,1777300343000
1777300345.653,145.653,0.45,0.46,0.54,0.55,0.01,0.01,77872.27,1777300343000
1777300346.162,146.162,0.45,0.46,0.54,0.55,0.01,0.01,77873.62,1777300345000
1777300346.495,146.495,0.42,0.43,0.57,0.58,0.01,0.01,77873.62,1777300345000
1777300346.91,146.91,0.4,0.43,0.57,0.58,0.03,0.01,77873.62,1777300345000
1777300347.408,147.408,0.4,0.41,0.59,0.6,0.01,0.01,77875.57,1777300346000
1777300347.816,147.816,0.38,0.39,0.6,0.62,0.01,0.02,77875.57,1777300346000
1777300348.42,148.42,0.37,0.38,0.61,0.63,0.01,0.02,77875.5,1777300347000
1777300348.757,148.757,0.36,0.38,0.62,0.63,0.02,0.01,77875.5,1777300347000
1777300349.099,149.099,0.35,0.36,0.64,0.65,0.01,0.01,77875.5,1777300347000
1777300349.451,149.451,0.35,0.36,0.64,0.65,0.01,0.01,77873.97,1777300348000
1777300349.85,149.85,0.35,0.36,0.64,0.65,0.01,0.01,77873.97,1777300348000
1777300350.466,150.466,0.35,0.36,0.64,0.65,0.01,0.01,77870.33,1777300349000
1777300350.809,150.809,0.35,0.37,0.63,0.65,0.02,0.02,77870.33,1777300349000
1777300351.373,151.373,0.35,0.36,0.64,0.65,0.01,0.01,77869.57,1777300350000
1777300351.722,151.722,0.41,0.42,0.58,0.61,0.01,0.03,77869.57,1777300350000
1777300352.203,152.203,0.41,0.44,0.58,0.59,0.03,0.01,77869.57,1777300350000
1777300352.568,152.568,0.43,0.45,0.55,0.56,0.02,0.01,77863.84,1777300351000
1777300352.914,152.914,0.43,0.44,0.56,0.57,0.01,0.01,77863.84,1777300351000
1777300353.405,153.405,0.42,0.44,0.56,0.58,0.02,0.02,77866.79,1777300352000
1777300353.757,153.757,0.42,0.44,0.56,0.58,0.02,0.02,77866.79,1777300352000
1777300354.287,154.287,0.45,0.46,0.54,0.55,0.01,0.01,77866.79,1777300352000
1777300354.809,154.809,0.45,0.46,0.54,0.55,0.01,0.01,77868.11,1777300353000
1777300355.218,155.218,0.45,0.46,0.54,0.55,0.01,0.01,77868.34,1777300354000
1777300355.561,155.561,0.45,0.46,0.54,0.55,0.01,0.01,77868.34,1777300354000
1777300355.895,155.895,0.45,0.46,0.54,0.55,0.01,0.01,77868.34,1777300354000
1777300356.464,156.464,0.44,0.46,0.54,0.55,0.02,0.01,77868.34,1777300354000
1777300356.883,156.883,0.42,0.44,0.56,0.57,0.02,0.01,77874.91,1777300355000
1777300357.235,157.235,0.42,0.43,0.57,0.58,0.01,0.01,77874.91,1777300355000
1777300357.67,157.67,0.42,0.44,0.56,0.58,0.02,0.02,77875.88,1777300356000
1777300358.149,158.149,0.44,0.45,0.55,0.56,0.01,0.01,77875.88,1777300356000
1777300358.643,158.643,0.44,0.46,0.55,0.56,0.02,0.01,77875.0,1777300357000
1777300359.159,159.159,0.45,0.46,0.54,0.55,0.01,0.01,77875.0,1777300357000
1777300359.516,159.516,0.45,0.46,0.54,0.55,0.01,0.01,77875.0,1777300357000
1777300359.85,159.85,0.45,0.46,0.54,0.55,0.01,0.01,77876.15,1777300358000
1777300360.277,160.277,0.46,0.47,0.53,0.55,0.01,0.02,77876.15,1777300358000
1777300360.73,160.73,0.48,0.49,0.51,0.52,0.01,0.01,77875.41,1777300359000
1777300361.072,161.072,0.49,0.5,0.5,0.51,0.01,0.01,77875.41,1777300359000
1777300361.532,161.532,0.49,0.53,0.47,0.51,0.04,0.04,77876.55,1777300360000
1777300361.879,161.879,0.53,0.54,0.46,0.47,0.01,0.01,77876.55,1777300360000
1777300362.279,162.279,0.53,0.54,0.46,0.47,0.01,0.01,77876.55,1777300360000
1777300362.635,162.635,0.53,0.54,0.46,0.47,0.01,0.01,77879.49,1777300361000
1777300363.321,163.321,0.53,0.54,0.46,0.47,0.01,0.01,77879.49,1777300361000
1777300363.661,163.661,0.53,0.54,0.46,0.47,0.01,0.01,77880.26,1777300362000
1777300364.027,164.027,0.49,0.53,0.46,0.48,0.04,0.02,77881.12,1777300363000
1777300364.704,164.704,0.47,0.48,0.5,0.52,0.01,0.02,77881.12,1777300363000
1777300365.057,165.057,0.47,0.48,0.52,0.53,0.01,0.01,77880.87,1777300364000
1777300365.529,165.529,0.47,0.48,0.52,0.53,0.01,0.01,77880.87,1777300364000
1777300365.948,165.948,0.47,0.48,0.52,0.53,0.01,0.01,77880.87,1777300364000
1777300366.683,166.683,0.47,0.48,0.52,0.53,0.01,0.01,77880.42,1777300365000
1777300367.143,167.143,0.47,0.48,0.52,0.53,0.01,0.01,77884.03,1777300366000
1777300367.479,167.479,0.47,0.48,0.52,0.53,0.01,0.01,77884.03,1777300366000
1777300367.862,167.862,0.48,0.49,0.51,0.52,0.01,0.01,77884.03,1777300366000
1777300368.419,168.419,0.5,0.51,0.49,0.5,0.01,0.01,77881.0,1777300367000
1777300368.781,168.781,0.5,0.51,0.49,0.5,0.01,0.01,77881.0,1777300367000
1777300369.159,169.159,0.5,0.51,0.49,0.5,0.01,0.01,77882.31,1777300368000
1777300369.544,169.544,0.5,0.51,0.49,0.5,0.01,0.01,77882.31,1777300368000
1777300370.034,170.034,0.5,0.51,0.49,0.5,0.01,0.01,77882.31,1777300368000
1777300370.538,170.538,0.5,0.51,0.49,0.5,0.01,0.01,77882.29,1777300369000
1777300371.053,171.053,0.5,0.51,0.49,0.5,0.01,0.01,77882.29,1777300369000
1777300371.45,171.45,0.47,0.48,0.52,0.53,0.01,0.01,77882.35,1777300370000
1777300372.064,172.064,0.45,0.48,0.52,0.53,0.03,0.01,77882.35,1777300370000
1777300372.489,172.489,0.44,0.46,0.54,0.58,0.02,0.04,77880.66,1777300371000
1777300373.046,173.046,0.4,0.41,0.55,0.62,0.01,0.07,77880.66,1777300371000
1777300373.735,173.735,0.39,0.4,0.6,0.61,0.01,0.01,77880.66,1777300371000
1777300374.257,174.257,0.39,0.4,0.6,0.61,0.01,0.01,77879.32,1777300372000
1777300374.637,174.637,0.39,0.4,0.6,0.61,0.01,0.01,77875.23,1777300373000
1777300374.996,174.996,0.39,0.4,0.6,0.61,0.01,0.01,77875.23,1777300373000
1777300375.46,175.46,0.39,0.4,0.6,0.62,0.01,0.02,77873.16,1777300374000
1777300375.861,175.861,0.39,0.4,0.6,0.61,0.01,0.01,77873.16,1777300374000
1777300376.213,176.213,0.38,0.39,0.61,0.62,0.01,0.01,77873.16,1777300374000
1777300376.56,176.56,0.38,0.39,0.61,0.62,0.01,0.01,77873.17,1777300375000
1777300376.917,176.917,0.38,0.39,0.61,0.62,0.01,0.01,77873.17,1777300375000
1777300377.284,177.284,0.38,0.39,0.61,0.63,0.01,0.02,77873.13,1777300376000
1777300377.927,177.927,0.38,0.39,0.61,0.62,0.01,0.01,77873.13,1777300376000
1777300378.689,178.689,0.4,0.41,0.58,0.62,0.01,0.04,77872.95,1777300377000
1777300379.043,179.043,0.4,0.41,0.59,0.6,0.01,0.01,77872.95,1777300377000
1777300379.413,179.413,0.4,0.41,0.59,0.6,0.01,0.01,77872.95,1777300377000
1777300379.962,179.962,0.41,0.42,0.58,0.59,0.01,0.01,77872.11,1777300378000
1777300381.056,181.056,0.41,0.42,0.58,0.59,0.01,0.01,77872.76,1777300379000
1777300381.391,181.391,0.41,0.45,0.56,0.59,0.04,0.03,77873.78,1777300380000
1777300381.766,181.766,0.45,0.52,0.49,0.55,0.07,0.06,77873.78,1777300380000
1777300382.366,182.366,0.45,0.52,0.48,0.55,0.07,0.07,77873.78,1777300380000
1777300382.855,182.855,0.47,0.48,0.48,0.53,0.01,0.05,77878.05,1777300381000
1777300383.208,183.208,0.48,0.5,0.5,0.52,0.02,0.02,77881.27,1777300382000
1777300383.587,183.587,0.49,0.5,0.5,0.51,0.01,0.01,77881.27,1777300382000
1777300383.987,183.987,0.49,0.5,0.5,0.51,0.01,0.01,77881.27,1777300382000
1777300384.32,184.32,0.53,0.54,0.46,0.47,0.01,0.01,77881.27,1777300382000
1777300384.752,184.752,0.53,0.54,0.46,0.47,0.01,0.01,77880.05,1777300383000
1777300385.087,185.087,0.64,0.66,0.34,0.4,0.02,0.06,77880.88,1777300384000
1777300385.548,185.548,0.65,0.69,0.32,0.36,0.04,0.04,77880.88,1777300384000
1777300385.898,185.898,0.67,0.7,0.3,0.33,0.03,0.03,77880.88,1777300384000
1777300386.239,186.239,0.69,0.7,0.25,0.31,0.01,0.06,77893.22,1777300385000
1777300386.61,186.61,0.74,0.75,0.25,0.26,0.01,0.01,77893.22,1777300385000
1777300387.04,187.04,0.75,0.78,0.22,0.26,0.03,0.04,77893.22,1777300385000
1777300387.377,187.377,0.76,0.8,0.2,0.24,0.04,0.04,77893.22,1777300385000
1777300387.714,187.714,0.77,0.78,0.22,0.23,0.01,0.01,77904.76,1777300386000
1777300388.131,188.131,0.77,0.79,0.22,0.23,0.02,0.01,77904.76,1777300386000
1777300388.487,188.487,0.78,0.79,0.21,0.22,0.01,0.01,77913.71,1777300387000
1777300388.833,188.833,0.78,0.79,0.21,0.22,0.01,0.01,77913.71,1777300387000
1777300389.189,189.189,0.78,0.79,0.21,0.22,0.01,0.01,77913.71,1777300387000
1777300389.54,189.54,0.78,0.8,0.21,0.22,0.02,0.01,77913.71,1777300387000
1777300390.053,190.053,0.79,0.8,0.21,0.22,0.01,0.01,77916.78,1777300388000
1777300390.408,190.408,0.79,0.8,0.2,0.21,0.01,0.01,77916.78,1777300388000
1777300390.83,190.83,0.79,0.8,0.2,0.21,0.01,0.01,77917.12,1777300389000
1777300391.185,191.185,0.79,0.8,0.2,0.21,0.01,0.01,77919.87,1777300390000
1777300391.562,191.562,0.78,0.79,0.21,0.22,0.01,0.01,77919.87,1777300390000
1777300392.002,192.002,0.78,0.79,0.21,0.22,0.01,0.01,77919.87,1777300390000
1777300392.348,192.348,0.79,0.8,0.2,0.22,0.01,0.02,77916.88,1777300391000
1777300392.722,192.722,0.77,0.78,0.22,0.23,0.01,0.01,77916.88,1777300391000
1777300393.083,193.083,0.77,0.78,0.22,0.23,0.01,0.01,77916.9,1777300392000
1777300393.417,193.417,0.77,0.78,0.22,0.23,0.01,0.01,77916.9,1777300392000
1777300393.762,193.762,0.77,0.78,0.22,0.23,0.01,0.01,77916.9,1777300392000
1777300394.113,194.113,0.77,0.78,0.22,0.23,0.01,0.01,77917.44,1777300393000
1777300394.536,194.536,0.77,0.78,0.22,0.23,0.01,0.01,77917.44,1777300393000
1777300394.9,194.9,0.75,0.76,0.24,0.25,0.01,0.01,77917.44,1777300393000
1777300395.243,195.243,0.75,0.76,0.24,0.25,0.01,0.01,77917.52,1777300394000
1777300395.598,195.598,0.73,0.74,0.26,0.27,0.01,0.01,77917.52,1777300394000
1777300395.954,195.954,0.72,0.73,0.27,0.28,0.01,0.01,77917.52,1777300394000
1777300396.288,196.288,0.72,0.74,0.27,0.28,0.02,0.01,77917.38,1777300395000
1777300396.628,196.628,0.74,0.76,0.24,0.27,0.02,0.03,77917.38,1777300395000
1777300396.977,196.977,0.74,0.75,0.25,0.26,0.01,0.01,77917.38,1777300395000
1777300397.328,197.328,0.74,0.76,0.24,0.26,0.02,0.02,77916.75,1777300396000
1777300397.672,197.672,0.74,0.76,0.24,0.26,0.02,0.02,77916.75,1777300396000
1777300398.172,198.172,0.75,0.76,0.24,0.26,0.01,0.02,77916.75,1777300396000
1777300398.609,198.609,0.75,0.76,0.24,0.25,0.01,0.01,77916.12,1777300397000
1777300398.96,198.96,0.76,0.77,0.23,0.25,0.01,0.02,77916.12,1777300397000
1777300399.361,199.361,0.76,0.77,0.23,0.24,0.01,0.01,77917.43,1777300398000
1777300399.758,199.758,0.78,0.8,0.21,0.23,0.02,0.02,77917.43,1777300398000
1777300400.171,200.171,0.79,0.8,0.2,0.21,0.01,0.01,77918.03,1777300399000
1777300400.533,200.533,0.79,0.81,0.2,0.21,0.02,0.01,77918.03,1777300399000
1777300400.907,200.907,0.8,0.81,0.19,0.2,0.01,0.01,77918.03,1777300399000
1777300401.254,201.254,0.8,0.81,0.19,0.2,0.01,0.01,77917.68,1777300400000
1777300401.631,201.631,0.8,0.81,0.19,0.2,0.01,0.01,77917.68,1777300400000
1777300402.005,202.005,0.81,0.82,0.18,0.19,0.01,0.01,77917.68,1777300400000
1777300402.375,202.375,0.81,0.82,0.18,0.19,0.01,0.01,77917.68,1777300400000
1777300402.725,202.725,0.81,0.82,0.18,0.19,0.01,0.01,77917.68,1777300400000
1777300403.091,203.091,0.82,0.83,0.17,0.18,0.01,0.01,77918.42,1777300401000
1777300403.434,203.434,0.83,0.84,0.16,0.17,0.01,0.01,77918.42,1777300401000
1777300403.858,203.858,0.83,0.84,0.16,0.17,0.01,0.01,77918.42,1777300401000
1777300404.194,204.194,0.83,0.84,0.16,0.17,0.01,0.01,77919.31,1777300402000
1777300404.536,204.536,0.82,0.83,0.17,0.18,0.01,0.01,77919.31,1777300402000
1777300404.905,204.905,0.8,0.82,0.18,0.19,0.02,0.01,77923.81,1777300403000
1777300405.248,205.248,0.79,0.8,0.2,0.21,0.01,0.01,77923.81,1777300403000
1777300405.596,205.596,0.81,0.82,0.18,0.19,0.01,0.01,77924.11,1777300404000
1777300405.956,205.956,0.81,0.82,0.18,0.19,0.01,0.01,77924.11,1777300404000
1777300406.578,206.578,0.82,0.83,0.17,0.18,0.01,0.01,77924.11,1777300404000
1777300406.921,206.921,0.83,0.84,0.16,0.17,0.01,0.01,77924.11,1777300404000
1777300407.325,207.325,0.83,0.84,0.16,0.17,0.01,0.01,77922.36,1777300405000
1777300407.761,207.761,0.84,0.87,0.13,0.16,0.03,0.03,77921.97,1777300406000
1777300408.204,208.204,0.86,0.87,0.13,0.14,0.01,0.01,77921.97,1777300406000
1777300408.545,208.545,0.86,0.87,0.13,0.14,0.01,0.01,77922.62,1777300407000
1777300408.924,208.924,0.86,0.87,0.13,0.14,0.01,0.01,77922.62,1777300407000
1777300409.27,209.27,0.88,0.89,0.11,0.12,0.01,0.01,77922.62,1777300407000
1777300409.668,209.668,0.86,0.9,0.1,0.11,0.04,0.01,77922.62,1777300407000
1777300410.04,210.04,0.87,0.89,0.12,0.13,0.02,0.01,77923.78,1777300408000
1777300410.407,210.407,0.88,0.89,0.11,0.12,0.01,0.01,77923.78,1777300408000
1777300410.788,210.788,0.89,0.9,0.1,0.11,0.01,0.01,77930.5,1777300409000
1777300411.141,211.141,0.89,0.9,0.1,0.11,0.01,0.01,77930.5,1777300409000
1777300411.487,211.487,0.89,0.9,0.1,0.11,0.01,0.01,77933.77,1777300410000
1777300411.839,211.839,0.89,0.91,0.1,0.11,0.02,0.01,77933.77,1777300410000
1777300412.499,212.499,0.9,0.91,0.09,0.1,0.01,0.01,77933.77,1777300410000
1777300413.045,213.045,0.9,0.91,0.09,0.1,0.01,0.01,77934.03,1777300411000
1777300413.517,213.517,0.89,0.9,0.1,0.11,0.01,0.01,77933.67,1777300412000
1777300413.86,213.86,0.89,0.9,0.1,0.11,0.01,0.01,77933.67,1777300412000
1777300414.202,214.202,0.89,0.9,0.1,0.11,0.01,0.01,77933.77,1777300413000
1777300414.591,214.591,0.89,0.9,0.1,0.11,0.01,0.01,77933.77,1777300413000
1777300414.994,214.994,0.9,0.92,0.09,0.1,0.02,0.01,77933.77,1777300413000
1777300415.37,215.37,0.91,0.92,0.08,0.09,0.01,0.01,77933.77,1777300413000
1777300415.709,215.709,0.92,0.93,0.07,0.08,0.01,0.01,77934.52,1777300414000
1777300416.066,216.066,0.93,0.95,0.05,0.07,0.02,0.02,77934.52,1777300414000
1777300416.401,216.401,0.94,0.95,0.05,0.06,0.01,0.01,77935.02,1777300415000
1777300416.759,216.759,0.94,0.95,0.05,0.06,0.01,0.01,77935.02,1777300415000
1777300417.141,217.141,0.94,0.95,0.05,0.06,0.01,0.01,77935.02,1777300415000
1777300417.477,217.477,0.94,0.95,0.05,0.06,0.01,0.01,77935.02,1777300415000
1777300417.859,217.859,0.94,0.95,0.05,0.06,0.01,0.01,77948.21,1777300416000
1777300418.296,218.296,0.94,0.95,0.05,0.06,0.01,0.01,77949.97,1777300417000
1777300418.733,218.733,0.94,0.95,0.05,0.06,0.01,0.01,77949.97,1777300417000
1777300419.807,219.807,0.94,0.96,0.04,0.06,0.02,0.02,77950.99,1777300418000
1777300420.157,220.157,0.95,0.96,0.04,0.05,0.01,0.01,77950.99,1777300418000
1777300420.506,220.506,0.95,0.96,0.04,0.05,0.01,0.01,77950.99,1777300419000
1777300420.844,220.844,0.95,0.97,0.03,0.05,0.02,0.02,77950.99,1777300419000
1777300421.184,221.184,0.96,0.98,0.02,0.04,0.02,0.02,77950.99,1777300419000
1777300421.543,221.543,0.97,0.98,0.02,0.04,0.01,0.02,77950.99,1777300419000
1777300421.884,221.884,0.97,0.98,0.02,0.03,0.01,0.01,77950.99,1777300419000
1777300422.244,222.244,0.97,0.98,0.02,0.03,0.01,0.01,77950.99,1777300419000
1777300422.589,222.589,0.97,0.98,0.02,0.03,0.01,0.01,77964.59,1777300420000
1777300422.986,222.986,0.97,0.98,0.02,0.03,0.01,0.01,77977.66,1777300421000
1777300423.351,223.351,0.97,0.98,0.02,0.03,0.01,0.01,77977.66,1777300421000
1777300423.77,223.77,0.97,0.98,0.02,0.03,0.01,0.01,77977.66,1777300421000
1777300424.204,224.204,0.97,0.98,0.02,0.03,0.01,0.01,77978.22,1777300422000
1777300424.693,224.693,0.97,0.98,0.02,0.03,0.01,0.01,77978.22,1777300422000
1777300425.253,225.253,0.97,0.98,0.02,0.03,0.01,0.01,77980.28,1777300423000
1777300425.709,225.709,0.97,0.98,0.02,0.03,0.01,0.01,77980.28,1777300423000
1777300426.128,226.128,0.96,0.97,0.02,0.04,0.01,0.02,77980.28,1777300423000
1777300426.48,226.48,0.96,0.97,0.03,0.04,0.01,0.01,77980.28,1777300424000
1777300427.006,227.006,0.96,0.97,0.03,0.04,0.01,0.01,77979.91,1777300425000
1777300427.34,227.34,0.96,0.97,0.03,0.04,0.01,0.01,77979.93,1777300426000
1777300427.678,227.678,0.96,0.97,0.03,0.04,0.01,0.01,77979.93,1777300426000
1777300428.174,228.174,0.95,0.97,0.03,0.04,0.02,0.01,77979.93,1777300426000
1777300428.514,228.514,0.94,0.95,0.05,0.06,0.01,0.01,77979.93,1777300426000
1777300428.869,228.869,0.92,0.95,0.05,0.07,0.03,0.02,77978.53,1777300427000
1777300429.239,229.239,0.9,0.91,0.09,0.12,0.01,0.03,77978.53,1777300427000
1777300429.579,229.579,0.9,0.91,0.09,0.1,0.01,0.01,77976.51,1777300428000
1777300429.927,229.927,0.9,0.91,0.09,0.1,0.01,0.01,77976.51,1777300428000
1777300430.272,230.272,0.9,0.91,0.09,0.1,0.01,0.01,77976.51,1777300428000
1777300430.63,230.63,0.9,0.91,0.09,0.1,0.01,0.01,77973.03,1777300429000
1777300430.977,230.977,0.89,0.91,0.09,0.11,0.02,0.02,77973.03,1777300429000
1777300431.313,231.313,0.85,0.86,0.14,0.15,0.01,0.01,77973.03,1777300429000
1777300431.657,231.657,0.85,0.86,0.14,0.15,0.01,0.01,77953.12,1777300430000
1777300432.027,232.027,0.87,0.88,0.12,0.13,0.01,0.01,77953.12,1777300430000
1777300432.38,232.38,0.9,0.92,0.08,0.1,0.02,0.02,77946.39,1777300431000
1777300432.805,232.805,0.91,0.92,0.08,0.1,0.01,0.02,77946.39,1777300431000
1777300433.229,233.229,0.92,0.93,0.07,0.09,0.01,0.02,77946.39,1777300431000
1777300433.59,233.59,0.92,0.93,0.07,0.08,0.01,0.01,77946.39,1777300431000
1777300434.049,234.049,0.92,0.93,0.07,0.08,0.01,0.01,77951.75,1777300432000
1777300434.431,234.431,0.92,0.93,0.07,0.08,0.01,0.01,77951.75,1777300432000
1777300434.791,234.791,0.92,0.93,0.07,0.08,0.01,0.01,77951.13,1777300433000
1777300435.232,235.232,0.92,0.93,0.07,0.08,0.01,0.01,77951.13,1777300433000
1777300435.592,235.592,0.92,0.93,0.07,0.08,0.01,0.01,77951.13,1777300433000
1777300435.986,235.986,0.91,0.92,0.08,0.09,0.01,0.01,77950.92,1777300434000
1777300436.361,236.361,0.91,0.92,0.08,0.09,0.01,0.01,77950.92,1777300434000
1777300436.702,236.702,0.9,0.92,0.08,0.1,0.02,0.02,77950.05,1777300435000
1777300437.048,237.048,0.85,0.86,0.13,0.14,0.01,0.01,77950.05,1777300435000
1777300437.467,237.467,0.85,0.86,0.14,0.15,0.01,0.01,77949.78,1777300436000
1777300437.833,237.833,0.85,0.86,0.14,0.15,0.01,0.01,77949.78,1777300436000
1777300438.442,238.442,0.86,0.87,0.14,0.15,0.01,0.01,77949.78,1777300436000
1777300438.975,238.975,0.87,0.88,0.12,0.14,0.01,0.02,77944.71,1777300437000
1777300439.41,239.41,0.87,0.89,0.12,0.13,0.02,0.01,77938.89,1777300438000
1777300439.791,239.791,0.88,0.89,0.11,0.13,0.01,0.02,77938.89,1777300438000
1777300440.262,240.262,0.87,0.88,0.11,0.12,0.01,0.01,77938.89,1777300438000
1777300440.613,240.613,0.87,0.88,0.12,0.13,0.01,0.01,77938.89,1777300438000
1777300440.965,240.965,0.87,0.88,0.12,0.13,0.01,0.01,77934.28,1777300439000
1777300441.308,241.308,0.86,0.88,0.12,0.13,0.02,0.01,77934.28,1777300439000
1777300442.142,242.142,0.81,0.85,0.15,0.19,0.04,0.04,77933.59,1777300441000
1777300442.505,242.505,0.83,0.85,0.15,0.19,0.02,0.04,77933.59,1777300441000
1777300442.859,242.859,0.83,0.85,0.15,0.17,0.02,0.02,77933.59,1777300441000
1777300443.192,243.192,0.81,0.83,0.17,0.19,0.02,0.02,77933.59,1777300441000
1777300443.653,243.653,0.82,0.84,0.16,0.18,0.02,0.02,77931.71,1777300442000
1777300444.012,244.012,0.8,0.81,0.19,0.2,0.01,0.01,77931.71,1777300442000
1777300444.385,244.385,0.8,0.81,0.19,0.2,0.01,0.01,77919.53,1777300443000
1777300444.72,244.72,0.8,0.81,0.19,0.2,0.01,0.01,77919.53,1777300443000
1777300445.053,245.053,0.8,0.81,0.19,0.2,0.01,0.01,77919.53,1777300443000
1777300445.433,245.433,0.8,0.81,0.19,0.2,0.01,0.01,77919.53,1777300443000
1777300445.767,245.767,0.76,0.81,0.19,0.24,0.05,0.05,77916.74,1777300444000
1777300446.132,246.132,0.73,0.75,0.25,0.27,0.02,0.02,77916.74,1777300444000
1777300446.53,246.53,0.68,0.73,0.26,0.31,0.05,0.05,77916.64,1777300445000
1777300446.97,246.97,0.63,0.64,0.36,0.37,0.01,0.01,77916.64,1777300445000
1777300447.313,247.313,0.63,0.64,0.36,0.37,0.01,0.01,77916.64,1777300445000
1777300447.66,247.66,0.63,0.64,0.36,0.37,0.01,0.01,77916.64,1777300445000
1777300448.0,248.0,0.63,0.64,0.36,0.37,0.01,0.01,77916.12,1777300446000
1777300448.351,248.351,0.65,0.68,0.33,0.36,0.03,0.03,77915.45,1777300447000
1777300448.687,248.687,0.67,0.68,0.32,0.33,0.01,0.01,77915.45,1777300447000
1777300449.02,249.02,0.66,0.68,0.32,0.34,0.02,0.02,77915.45,1777300447000
1777300449.357,249.357,0.59,0.61,0.4,0.41,0.02,0.01,77903.09,1777300448000
1777300449.7,249.7,0.6,0.61,0.37,0.41,0.01,0.04,77903.09,1777300448000
1777300450.175,250.175,0.62,0.64,0.37,0.4,0.02,0.03,77903.09,1777300448000
1777300450.51,250.51,0.62,0.63,0.37,0.38,0.01,0.01,77903.09,1777300448000
1777300450.87,250.87,0.59,0.63,0.37,0.39,0.04,0.02,77900.87,1777300449000
1777300451.262,251.262,0.59,0.6,0.4,0.41,0.01,0.01,77899.27,1777300450000
1777300451.623,251.623,0.59,0.6,0.4,0.41,0.01,0.01,77899.27,1777300450000
1777300451.959,251.959,0.59,0.6,0.4,0.41,0.01,0.01,77899.27,1777300450000
1777300452.315,252.315,0.57,0.58,0.41,0.48,0.01,0.07,77895.52,1777300451000
1777300452.773,252.773,0.54,0.56,0.44,0.45,0.02,0.01,77895.52,1777300451000
1777300453.112,253.112,0.5,0.52,0.48,0.5,0.02,0.02,77893.03,1777300452000
1777300453.502,253.502,0.45,0.47,0.53,0.57,0.02,0.04,77893.03,1777300452000
1777300453.841,253.841,0.47,0.54,0.5,0.54,0.07,0.04,77893.03,1777300452000
1777300454.183,254.183,0.53,0.54,0.46,0.47,0.01,0.01,77892.01,1777300453000
1777300454.521,254.521,0.52,0.54,0.46,0.48,0.02,0.02,77892.01,1777300453000
1777300454.938,254.938,0.51,0.52,0.48,0.49,0.01,0.01,77892.01,1777300453000
1777300455.321,255.321,0.52,0.53,0.47,0.49,0.01,0.02,77886.12,1777300454000
1777300455.658,255.658,0.53,0.54,0.46,0.48,0.01,0.02,77886.12,1777300454000
1777300456.019,256.019,0.55,0.56,0.44,0.45,0.01,0.01,77886.12,1777300454000
1777300456.364,256.364,0.54,0.55,0.45,0.46,0.01,0.01,77886.12,1777300454000
1777300457.241,257.241,0.54,0.55,0.45,0.46,0.01,0.01,77885.88,1777300455000
1777300457.745,257.745,0.54,0.56,0.44,0.46,0.02,0.02,77885.75,1777300456000
1777300458.212,258.212,0.56,0.61,0.37,0.45,0.05,0.08,77885.75,1777300456000
1777300458.556,258.556,0.58,0.59,0.41,0.42,0.01,0.01,77885.89,1777300457000
1777300459.005,259.005,0.56,0.59,0.41,0.42,0.03,0.01,77885.89,1777300457000
1777300459.371,259.371,0.53,0.57,0.43,0.47,0.04,0.04,77887.46,1777300458000
1777300459.716,259.716,0.51,0.52,0.48,0.49,0.01,0.01,77887.46,1777300458000
1777300460.064,260.064,0.51,0.56,0.48,0.49,0.05,0.01,77887.46,1777300458000
1777300460.402,260.402,0.54,0.55,0.45,0.46,0.01,0.01,77887.46,1777300458000
1777300460.742,260.742,0.54,0.56,0.44,0.46,0.02,0.02,77888.83,1777300459000
1777300461.126,261.126,0.54,0.55,0.41,0.46,0.01,0.05,77888.52,1777300460000
1777300461.617,261.617,0.56,0.57,0.43,0.44,0.01,0.01,77888.52,1777300460000
1777300462.082,262.082,0.56,0.57,0.43,0.44,0.01,0.01,77886.67,1777300461000
1777300462.554,262.554,0.56,0.57,0.43,0.44,0.01,0.01,77886.67,1777300461000
1777300463.016,263.016,0.58,0.59,0.41,0.42,0.01,0.01,77886.86,1777300462000
1777300463.352,263.352,0.58,0.59,0.41,0.42,0.01,0.01,77886.86,1777300462000
1777300463.718,263.718,0.55,0.56,0.44,0.45,0.01,0.01,77886.86,1777300462000
1777300464.059,264.059,0.55,0.59,0.41,0.45,0.04,0.04,77886.42,1777300463000
1777300464.649,264.649,0.55,0.56,0.44,0.45,0.01,0.01,77886.42,1777300463000
1777300465.085,265.085,0.45,0.51,0.49,0.54,0.06,0.05,77886.42,1777300463000
1777300465.613,265.613,0.54,0.55,0.45,0.47,0.01,0.02,77886.04,1777300464000
1777300465.955,265.955,0.73,0.75,0.25,0.27,0.02,0.02,77886.04,1777300464000
1777300466.328,266.328,0.76,0.77,0.23,0.24,0.01,0.01,77885.11,1777300465000
1777300466.679,266.679,0.76,0.77,0.23,0.24,0.01,0.01,77885.11,1777300465000
1777300467.048,267.048,0.76,0.77,0.23,0.24,0.01,0.01,77885.11,1777300465000
1777300467.399,267.399,0.67,0.68,0.32,0.33,0.01,0.01,77887.99,1777300466000
1777300467.942,267.942,0.6,0.61,0.39,0.41,0.01,0.02,77887.99,1777300466000
1777300468.282,268.282,0.68,0.69,0.31,0.32,0.01,0.01,77887.99,1777300466000
1777300468.658,268.658,0.68,0.69,0.31,0.32,0.01,0.01,77893.78,1777300467000
1777300469.007,269.007,0.7,0.71,0.31,0.32,0.01,0.01,77893.78,1777300467000
1777300469.386,269.386,0.69,0.75,0.29,0.3,0.06,0.01,77893.78,1777300467000
1777300469.722,269.722,0.78,0.8,0.2,0.22,0.02,0.02,77894.02,1777300468000
1777300470.2,270.2,0.88,0.89,0.11,0.13,0.01,0.02,77894.02,1777300468000
1777300470.545,270.545,0.89,0.9,0.1,0.11,0.01,0.01,77894.01,1777300469000
1777300470.954,270.954,0.91,0.92,0.08,0.1,0.01,0.02,77894.01,1777300469000
1777300471.437,271.437,0.92,0.94,0.06,0.08,0.02,0.02,77898.49,1777300470000
1777300471.984,271.984,0.92,0.94,0.06,0.08,0.02,0.02,77898.49,1777300470000
1777300472.358,272.358,0.93,0.94,0.06,0.07,0.01,0.01,77904.31,1777300471000
1777300472.695,272.695,0.85,0.95,0.05,0.15,0.1,0.1,77904.31,1777300471000
1777300473.052,273.052,0.94,0.95,0.05,0.06,0.01,0.01,77904.31,1777300471000
1777300473.407,273.407,0.95,0.96,0.04,0.05,0.01,0.01,77917.95,1777300472000
1777300473.802,273.802,0.95,0.96,0.04,0.05,0.01,0.01,77917.95,1777300472000
1777300474.18,274.18,0.95,0.96,0.04,0.05,0.01,0.01,77917.95,1777300472000
1777300474.515,274.515,0.95,0.96,0.04,0.05,0.01,0.01,77929.08,1777300473000
1777300474.867,274.867,0.95,0.96,0.04,0.05,0.01,0.01,77929.08,1777300473000
1777300475.213,275.213,0.95,0.96,0.04,0.05,0.01,0.01,77931.06,1777300474000
1777300475.56,275.56,0.95,0.96,0.04,0.05,0.01,0.01,77931.06,1777300474000
1777300476.038,276.038,0.97,0.98,0.02,0.03,0.01,0.01,77931.06,1777300474000
1777300476.376,276.376,0.97,0.98,0.02,0.03,0.01,0.01,77931.06,1777300474000
1777300476.922,276.922,0.97,0.98,0.02,0.03,0.01,0.01,77931.67,1777300475000
1777300477.283,277.283,0.97,0.98,0.02,0.03,0.01,0.01,77931.67,1777300475000
1777300477.618,277.618,0.98,0.99,0.01,0.02,0.01,0.01,77930.64,1777300476000
1777300477.977,277.977,0.97,0.99,0.01,0.03,0.02,0.02,77930.64,1777300476000
1777300478.394,278.394,0.97,0.99,0.01,0.03,0.02,0.02,77937.13,1777300477000
1777300478.839,278.839,0.98,0.99,0.02,0.03,0.01,0.01,77937.13,1777300477000
1777300479.186,279.186,0.98,0.99,0.01,0.02,0.01,0.01,77940.41,1777300478000
1777300479.559,279.559,0.98,0.99,0.01,0.02,0.01,0.01,77940.41,1777300478000
1777300479.927,279.927,0.98,0.99,0.01,0.02,0.01,0.01,77940.41,1777300478000
1777300480.399,280.399,0.98,0.99,0.01,0.02,0.01,0.01,77940.58,1777300479000
1777300480.733,280.733,0.98,0.99,0.01,0.02,0.01,0.01,77940.58,1777300479000
1777300481.071,281.071,0.98,0.99,0.01,0.02,0.01,0.01,77940.58,1777300479000
1777300481.417,281.417,0.98,0.99,0.01,0.02,0.01,0.01,77940.46,1777300480000
1777300481.784,281.784,0.98,0.99,0.01,0.02,0.01,0.01,77940.46,1777300480000
1777300482.129,282.129,0.99,0.99,0.01,0.01,0.0,0.0,77940.46,1777300480000
1777300482.691,282.691,0.99,0.99,0.01,0.01,0.0,0.0,77948.22,1777300481000
1777300483.56,283.56,0.99,0.99,0.01,0.01,0.0,0.0,77948.22,1777300481000
1777300484.112,284.112,0.99,0.99,0.01,0.01,0.0,0.0,77948.22,1777300481000
1777300484.467,284.467,0.99,0.99,0.01,0.01,0.0,0.0,77951.41,1777300482000
1777300484.819,284.819,0.99,0.99,0.01,0.01,0.0,0.0,77950.06,1777300483000
1777300485.165,285.165,0.99,0.99,0.01,0.01,0.0,0.0,77950.06,1777300483000
1777300485.504,285.504,0.99,0.99,0.01,0.01,0.0,0.0,77952.52,1777300484000
1777300485.903,285.903,0.99,0.99,0.01,0.01,0.0,0.0,77952.52,1777300484000
1777300486.236,286.236,0.99,0.99,0.01,0.01,0.0,0.0,77952.52,1777300484000
1777300486.62,286.62,0.99,0.99,0.01,0.01,0.0,0.0,77951.93,1777300485000
1777300486.959,286.959,0.99,0.99,0.01,0.01,0.0,0.0,77951.93,1777300485000
1777300487.416,287.416,0.99,0.99,0.01,0.01,0.0,0.0,77951.93,1777300485000
1777300487.94,287.94,0.99,0.99,0.01,0.01,0.0,0.0,77951.58,1777300486000
1777300488.369,288.369,0.99,0.99,0.01,0.01,0.0,0.0,77951.42,1777300487000
1777300489.325,289.325,0.99,0.99,0.01,0.01,0.0,0.0,77950.78,1777300488000
1777300489.662,289.662,0.99,0.99,0.01,0.01,0.0,0.0,77950.78,1777300488000
1777300490.538,290.538,0.99,0.99,0.01,0.01,0.0,0.0,77952.56,1777300489000
1777300491.184,291.184,0.99,0.99,0.01,0.01,0.0,0.0,77952.24,1777300490000
1777300492.3,292.3,0.99,0.99,0.01,0.01,0.0,0.0,77959.93,1777300491000
1777300493.318,293.318,0.99,0.99,0.01,0.01,0.0,0.0,77959.93,1777300491000
1777300493.656,293.656,0.99,0.99,0.01,0.01,0.0,0.0,77963.14,1777300492000
1777300494.241,294.241,0.99,0.99,0.01,0.01,0.0,0.0,77967.62,1777300493000
1777300494.858,294.858,0.99,0.99,0.01,0.01,0.0,0.0,77967.62,1777300493000
1777300495.497,295.497,0.99,0.99,0.01,0.01,0.0,0.0,77968.5,1777300494000
1777300496.363,296.363,0.99,0.99,0.01,0.01,0.0,0.0,77975.22,1777300495000
1777300496.74,296.74,0.99,0.99,0.01,0.01,0.0,0.0,77975.22,1777300495000
1777300497.108,297.108,0.99,0.99,0.01,0.01,0.0,0.0,77975.22,1777300495000
1777300497.453,297.453,0.99,0.99,0.01,0.01,0.0,0.0,77976.62,1777300496000
1777300497.964,297.964,0.99,0.99,0.01,0.01,0.0,0.0,77978.03,1777300497000
1777300498.338,298.338,0.99,0.99,0.01,0.01,0.0,0.0,77978.03,1777300497000
1777300498.865,298.865,0.99,0.99,0.01,0.01,0.0,0.0,77978.03,1777300497000
1777300499.446,299.446,0.99,0.99,0.01,0.01,0.0,0.0,77972.83,1777300498000
1777300500.374,300.374,0.99,0.99,0.01,0.01,0.0,0.0,77972.83,1777300498000
1777300500.734,300.734,0.99,0.99,0.01,0.01,0.0,0.0,77954.25,1777300499000
1777300501.351,301.351,0.99,0.99,0.01,0.01,0.0,0.0,77948.47,1777300500000
1777300502.144,302.144,0.99,0.99,0.01,0.01,0.0,0.0,77947.93,1777300501000

# RESULT,winner=Up,slug=btc-updown-5m-1777300200,ticks=692
