timestamp,elapsed_sec,up_bid,up_ask,down_bid,down_ask,up_spread,down_spread,btc_price,btc_oracle_ts
1776398400.721,0.721,0.52,0.53,0.48,0.49,0.01,0.01,74629.61,1776398399000
1776398401.2,1.2,0.52,0.53,0.47,0.48,0.01,0.01,74629.61,1776398399000
1776398401.584,1.584,0.52,0.53,0.47,0.48,0.01,0.01,74629.5,1776398400000
1776398402.02,2.02,0.52,0.53,0.46,0.48,0.01,0.02,74629.5,1776398400000
1776398402.36,2.36,0.52,0.53,0.47,0.48,0.01,0.01,74629.5,1776398400000
1776398402.736,2.736,0.52,0.53,0.47,0.48,0.01,0.01,74629.5,1776398401000
1776398403.179,3.179,0.52,0.53,0.47,0.48,0.01,0.01,74629.25,1776398402000
1776398403.592,3.592,0.52,0.53,0.47,0.48,0.01,0.01,74629.25,1776398402000
1776398403.942,3.942,0.56,0.57,0.43,0.44,0.01,0.01,74629.25,1776398402000
1776398404.279,4.279,0.58,0.59,0.41,0.42,0.01,0.01,74629.25,1776398403000
1776398404.66,4.66,0.59,0.6,0.4,0.41,0.01,0.01,74629.25,1776398403000
1776398405.052,5.052,0.61,0.62,0.38,0.39,0.01,0.01,74629.25,1776398403000
1776398405.447,5.447,0.61,0.62,0.38,0.39,0.01,0.01,74629.26,1776398404000
1776398405.853,5.853,0.61,0.62,0.38,0.39,0.01,0.01,74629.26,1776398404000
1776398406.286,6.286,0.63,0.64,0.36,0.37,0.01,0.01,74629.26,1776398404000
1776398406.724,6.724,0.63,0.64,0.36,0.39,0.01,0.03,74634.54,1776398405000
1776398407.292,7.292,0.63,0.64,0.36,0.37,0.01,0.01,74634.54,1776398405000
1776398407.668,7.668,0.64,0.66,0.35,0.37,0.02,0.02,74636.05,1776398406000
1776398408.094,8.094,0.65,0.66,0.34,0.35,0.01,0.01,74636.05,1776398406000
1776398408.521,8.521,0.65,0.66,0.34,0.35,0.01,0.01,74636.05,1776398406000
1776398409.036,9.036,0.65,0.66,0.34,0.35,0.01,0.01,74638.26,1776398407000
1776398409.666,9.666,0.65,0.66,0.34,0.35,0.01,0.01,74638.72,1776398408000
1776398410.096,10.096,0.63,0.64,0.34,0.38,0.01,0.04,74638.72,1776398408000
1776398410.71,10.71,0.63,0.64,0.36,0.37,0.01,0.01,74640.0,1776398409000
1776398411.069,11.069,0.64,0.65,0.35,0.37,0.01,0.02,74640.0,1776398409000
1776398411.423,11.423,0.63,0.64,0.35,0.36,0.01,0.01,74640.08,1776398410000
1776398411.776,11.776,0.63,0.64,0.36,0.37,0.01,0.01,74640.08,1776398410000
1776398412.224,12.224,0.63,0.64,0.36,0.37,0.01,0.01,74640.08,1776398410000
1776398413.005,13.005,0.63,0.64,0.36,0.37,0.01,0.01,74640.77,1776398411000
1776398413.362,13.362,0.65,0.66,0.34,0.35,0.01,0.01,74640.78,1776398412000
1776398413.932,13.932,0.65,0.66,0.34,0.35,0.01,0.01,74640.78,1776398412000
1776398414.423,14.423,0.65,0.66,0.34,0.35,0.01,0.01,74642.75,1776398413000
1776398414.933,14.933,0.65,0.66,0.34,0.35,0.01,0.01,74642.75,1776398413000
1776398415.371,15.371,0.65,0.66,0.34,0.35,0.01,0.01,74642.75,1776398413000
1776398415.738,15.738,0.65,0.66,0.34,0.35,0.01,0.01,74640.79,1776398414000
1776398416.143,16.143,0.65,0.66,0.34,0.35,0.01,0.01,74640.79,1776398415000
1776398416.555,16.555,0.65,0.66,0.34,0.35,0.01,0.01,74640.79,1776398415000
1776398416.941,16.941,0.65,0.66,0.34,0.35,0.01,0.01,74640.91,1776398416000
1776398417.276,17.276,0.66,0.7,0.31,0.34,0.04,0.03,74640.91,1776398416000
1776398417.646,17.646,0.71,0.72,0.28,0.29,0.01,0.01,74640.91,1776398416000
1776398418.103,18.103,0.71,0.72,0.28,0.29,0.01,0.01,74641.74,1776398417000
1776398418.533,18.533,0.71,0.72,0.28,0.29,0.01,0.01,74641.74,1776398417000
1776398418.891,18.891,0.71,0.72,0.28,0.29,0.01,0.01,74641.74,1776398417000
1776398419.248,19.248,0.73,0.74,0.26,0.28,0.01,0.02,74642.69,1776398418000
1776398419.633,19.633,0.74,0.75,0.25,0.27,0.01,0.02,74642.69,1776398418000
1776398420.021,20.021,0.73,0.75,0.25,0.27,0.02,0.02,74647.23,1776398419000
1776398420.406,20.406,0.74,0.75,0.25,0.26,0.01,0.01,74647.23,1776398419000
1776398421.009,21.009,0.74,0.75,0.25,0.26,0.01,0.01,74647.23,1776398419000
1776398421.392,21.392,0.72,0.75,0.25,0.26,0.03,0.01,74650.42,1776398420000
1776398422.044,22.044,0.7,0.71,0.27,0.3,0.01,0.03,74650.42,1776398420000
1776398422.406,22.406,0.69,0.71,0.29,0.3,0.02,0.01,74653.15,1776398421000
1776398422.86,22.86,0.65,0.67,0.33,0.34,0.02,0.01,74653.15,1776398421000
1776398423.337,23.337,0.65,0.66,0.34,0.35,0.01,0.01,74653.66,1776398422000
1776398423.688,23.688,0.65,0.66,0.34,0.35,0.01,0.01,74653.66,1776398422000
1776398424.05,24.05,0.66,0.67,0.33,0.34,0.01,0.01,74653.66,1776398422000
1776398424.405,24.405,0.66,0.67,0.33,0.34,0.01,0.01,74650.96,1776398423000
1776398424.79,24.79,0.66,0.67,0.33,0.34,0.01,0.01,74650.96,1776398423000
1776398425.27,25.27,0.66,0.67,0.33,0.34,0.01,0.01,74650.3,1776398424000
1776398425.926,25.926,0.66,0.67,0.33,0.34,0.01,0.01,74650.3,1776398424000
1776398426.728,26.728,0.66,0.67,0.33,0.34,0.01,0.01,74648.5,1776398425000
1776398427.097,27.097,0.68,0.69,0.31,0.32,0.01,0.01,74648.29,1776398426000
1776398427.447,27.447,0.66,0.68,0.31,0.33,0.02,0.02,74648.29,1776398426000
1776398427.792,27.792,0.66,0.69,0.33,0.34,0.03,0.01,74648.29,1776398426000
1776398428.236,28.236,0.66,0.67,0.33,0.34,0.01,0.01,74647.49,1776398427000
1776398428.966,28.966,0.66,0.67,0.33,0.34,0.01,0.01,74647.49,1776398427000
1776398429.316,29.316,0.66,0.67,0.33,0.34,0.01,0.01,74649.28,1776398428000
1776398429.816,29.816,0.66,0.67,0.33,0.34,0.01,0.01,74649.28,1776398428000
1776398430.242,30.242,0.66,0.67,0.33,0.34,0.01,0.01,74649.28,1776398428000
1776398430.64,30.64,0.66,0.67,0.33,0.34,0.01,0.01,74649.28,1776398429000
1776398431.007,31.007,0.66,0.67,0.33,0.34,0.01,0.01,74649.28,1776398429000
1776398431.455,31.455,0.66,0.67,0.33,0.34,0.01,0.01,74647.63,1776398430000
1776398432.035,32.035,0.66,0.67,0.33,0.34,0.01,0.01,74648.16,1776398431000
1776398432.383,32.383,0.66,0.67,0.33,0.34,0.01,0.01,74648.16,1776398431000
1776398432.73,32.73,0.66,0.67,0.33,0.34,0.01,0.01,74648.16,1776398431000
1776398433.09,33.09,0.66,0.67,0.33,0.34,0.01,0.01,74648.38,1776398432000
1776398433.601,33.601,0.66,0.67,0.33,0.34,0.01,0.01,74648.38,1776398432000
1776398433.972,33.972,0.66,0.67,0.33,0.34,0.01,0.01,74648.38,1776398432000
1776398434.44,34.44,0.69,0.7,0.31,0.33,0.01,0.02,74649.19,1776398433000
1776398434.794,34.794,0.71,0.72,0.28,0.29,0.01,0.01,74649.19,1776398433000
1776398435.306,35.306,0.71,0.72,0.28,0.29,0.01,0.01,74649.44,1776398434000
1776398435.771,35.771,0.71,0.72,0.28,0.29,0.01,0.01,74649.44,1776398434000
1776398436.149,36.149,0.72,0.73,0.27,0.28,0.01,0.01,74649.9,1776398435000
1776398436.587,36.587,0.72,0.73,0.27,0.28,0.01,0.01,74649.9,1776398435000
1776398437.27,37.27,0.72,0.73,0.27,0.28,0.01,0.01,74649.9,1776398435000
1776398438.046,38.046,0.72,0.73,0.27,0.3,0.01,0.03,74649.9,1776398436000
1776398438.405,38.405,0.71,0.72,0.27,0.29,0.01,0.02,74649.9,1776398436000
1776398438.82,38.82,0.7,0.71,0.28,0.3,0.01,0.02,74650.01,1776398437000
1776398439.154,39.154,0.7,0.71,0.29,0.3,0.01,0.01,74650.01,1776398437000
1776398439.59,39.59,0.68,0.71,0.29,0.3,0.03,0.01,74650.01,1776398438000
1776398439.935,39.935,0.68,0.69,0.31,0.32,0.01,0.01,74650.01,1776398438000
1776398440.535,40.535,0.66,0.67,0.32,0.33,0.01,0.01,74650.01,1776398438000
1776398440.927,40.927,0.66,0.67,0.33,0.34,0.01,0.01,74650.01,1776398438000
1776398441.391,41.391,0.66,0.67,0.33,0.34,0.01,0.01,74649.99,1776398439000
1776398441.932,41.932,0.66,0.67,0.33,0.34,0.01,0.01,74649.45,1776398440000
1776398442.321,42.321,0.66,0.67,0.33,0.34,0.01,0.01,74648.76,1776398441000
1776398442.772,42.772,0.67,0.68,0.32,0.33,0.01,0.01,74648.76,1776398441000
1776398443.205,43.205,0.67,0.68,0.32,0.33,0.01,0.01,74648.76,1776398441000
1776398443.587,43.587,0.65,0.66,0.34,0.35,0.01,0.01,74648.38,1776398442000
1776398443.991,43.991,0.63,0.65,0.35,0.36,0.02,0.01,74648.38,1776398442000
1776398444.627,44.627,0.6,0.64,0.36,0.37,0.04,0.01,74648.39,1776398443000
1776398445.089,45.089,0.6,0.61,0.38,0.39,0.01,0.01,74648.39,1776398443000
1776398445.452,45.452,0.6,0.61,0.39,0.4,0.01,0.01,74647.7,1776398444000
1776398446.003,46.003,0.6,0.61,0.39,0.4,0.01,0.01,74647.7,1776398444000
1776398446.38,46.38,0.6,0.61,0.39,0.4,0.01,0.01,74647.19,1776398445000
1776398446.842,46.842,0.6,0.61,0.39,0.4,0.01,0.01,74647.19,1776398445000
1776398447.18,47.18,0.6,0.61,0.39,0.4,0.01,0.01,74647.19,1776398445000
1776398447.667,47.667,0.59,0.61,0.39,0.4,0.02,0.01,74646.58,1776398446000
1776398448.219,48.219,0.59,0.6,0.4,0.41,0.01,0.01,74646.58,1776398446000
1776398448.574,48.574,0.59,0.6,0.4,0.41,0.01,0.01,74646.27,1776398447000
1776398449.127,49.127,0.59,0.6,0.4,0.41,0.01,0.01,74646.27,1776398447000
1776398449.465,49.465,0.59,0.6,0.4,0.41,0.01,0.01,74645.24,1776398448000
1776398449.868,49.868,0.58,0.59,0.4,0.42,0.01,0.02,74645.24,1776398448000
1776398450.393,50.393,0.58,0.59,0.41,0.42,0.01,0.01,74645.24,1776398448000
1776398450.81,50.81,0.58,0.59,0.41,0.42,0.01,0.01,74644.8,1776398449000
1776398451.162,51.162,0.54,0.55,0.45,0.46,0.01,0.01,74644.8,1776398449000
1776398451.573,51.573,0.54,0.55,0.45,0.46,0.01,0.01,74644.37,1776398450000
1776398452.005,52.005,0.54,0.55,0.45,0.46,0.01,0.01,74643.44,1776398451000
1776398452.671,52.671,0.54,0.55,0.45,0.46,0.01,0.01,74643.44,1776398451000
1776398453.007,53.007,0.54,0.55,0.45,0.46,0.01,0.01,74643.44,1776398451000
1776398453.341,53.341,0.54,0.55,0.45,0.46,0.01,0.01,74642.66,1776398452000
1776398453.769,53.769,0.54,0.55,0.45,0.46,0.01,0.01,74642.66,1776398452000
1776398454.185,54.185,0.54,0.55,0.45,0.46,0.01,0.01,74642.66,1776398452000
1776398454.595,54.595,0.54,0.55,0.45,0.46,0.01,0.01,74639.39,1776398453000
1776398454.975,54.975,0.54,0.55,0.45,0.46,0.01,0.01,74639.39,1776398453000
1776398455.35,55.35,0.55,0.56,0.45,0.46,0.01,0.01,74639.39,1776398453000
1776398455.801,55.801,0.56,0.57,0.43,0.45,0.01,0.02,74638.6,1776398454000
1776398456.164,56.164,0.56,0.57,0.43,0.44,0.01,0.01,74638.64,1776398455000
1776398456.621,56.621,0.57,0.58,0.42,0.43,0.01,0.01,74638.64,1776398455000
1776398457.16,57.16,0.57,0.59,0.41,0.43,0.02,0.02,74638.92,1776398456000
1776398457.493,57.493,0.58,0.6,0.41,0.42,0.02,0.01,74638.92,1776398456000
1776398457.832,57.832,0.59,0.6,0.4,0.41,0.01,0.01,74638.92,1776398456000
1776398458.216,58.216,0.59,0.6,0.4,0.41,0.01,0.01,74638.92,1776398457000
1776398458.562,58.562,0.59,0.6,0.4,0.41,0.01,0.01,74638.92,1776398457000
1776398458.956,58.956,0.59,0.61,0.4,0.41,0.02,0.01,74638.92,1776398457000
1776398459.38,59.38,0.6,0.61,0.39,0.4,0.01,0.01,74638.92,1776398458000
1776398459.978,59.978,0.57,0.61,0.39,0.4,0.04,0.01,74638.92,1776398458000
1776398460.446,60.446,0.59,0.6,0.4,0.41,0.01,0.01,74638.93,1776398459000
1776398461.034,61.034,0.59,0.6,0.4,0.41,0.01,0.01,74638.93,1776398459000
1776398461.483,61.483,0.6,0.61,0.39,0.4,0.01,0.01,74639.28,1776398460000
1776398461.915,61.915,0.61,0.62,0.39,0.4,0.01,0.01,74639.28,1776398460000
1776398462.262,62.262,0.61,0.62,0.38,0.39,0.01,0.01,74639.28,1776398461000
1776398462.699,62.699,0.59,0.6,0.38,0.39,0.01,0.01,74639.28,1776398461000
1776398463.092,63.092,0.59,0.6,0.4,0.41,0.01,0.01,74639.28,1776398461000
1776398463.519,63.519,0.59,0.6,0.4,0.41,0.01,0.01,74639.56,1776398462000
1776398463.96,63.96,0.59,0.6,0.4,0.41,0.01,0.01,74639.49,1776398463000
1776398464.503,64.503,0.59,0.6,0.4,0.41,0.01,0.01,74639.49,1776398463000
1776398465.119,65.119,0.59,0.6,0.4,0.41,0.01,0.01,74638.79,1776398464000
1776398465.455,65.455,0.55,0.6,0.4,0.41,0.05,0.01,74638.79,1776398464000
1776398465.807,65.807,0.57,0.58,0.4,0.45,0.01,0.05,74638.79,1776398464000
1776398466.268,66.268,0.58,0.59,0.41,0.42,0.01,0.01,74638.02,1776398465000
1776398466.627,66.627,0.58,0.59,0.41,0.42,0.01,0.01,74638.02,1776398465000
1776398467.03,67.03,0.58,0.59,0.41,0.42,0.01,0.01,74638.02,1776398465000
1776398467.499,67.499,0.59,0.6,0.41,0.42,0.01,0.01,74638.02,1776398465000
1776398468.16,68.16,0.59,0.61,0.39,0.41,0.02,0.02,74638.39,1776398467000
1776398468.547,68.547,0.6,0.61,0.38,0.4,0.01,0.02,74638.39,1776398467000
1776398468.91,68.91,0.6,0.61,0.39,0.4,0.01,0.01,74638.39,1776398467000
1776398469.259,69.259,0.6,0.61,0.39,0.4,0.01,0.01,74638.56,1776398468000
1776398470.1,70.1,0.58,0.59,0.41,0.42,0.01,0.01,74638.56,1776398468000
1776398470.455,70.455,0.55,0.56,0.44,0.45,0.01,0.01,74638.56,1776398468000
1776398470.813,70.813,0.55,0.56,0.44,0.45,0.01,0.01,74638.28,1776398469000
1776398471.232,71.232,0.55,0.56,0.44,0.45,0.01,0.01,74638.28,1776398469000
1776398471.606,71.606,0.54,0.55,0.44,0.45,0.01,0.01,74638.28,1776398470000
1776398472.339,72.339,0.54,0.55,0.45,0.46,0.01,0.01,74637.61,1776398471000
1776398472.7,72.7,0.54,0.55,0.45,0.46,0.01,0.01,74637.61,1776398471000
1776398473.169,73.169,0.54,0.55,0.45,0.46,0.01,0.01,74637.61,1776398471000
1776398473.628,73.628,0.53,0.54,0.46,0.47,0.01,0.01,74636.86,1776398472000
1776398473.976,73.976,0.51,0.52,0.48,0.49,0.01,0.01,74636.86,1776398472000
1776398474.323,74.323,0.5,0.51,0.49,0.5,0.01,0.01,74637.04,1776398473000
1776398474.659,74.659,0.5,0.51,0.49,0.5,0.01,0.01,74637.04,1776398473000
1776398475.043,75.043,0.5,0.51,0.49,0.5,0.01,0.01,74637.04,1776398474000
1776398475.407,75.407,0.5,0.51,0.49,0.5,0.01,0.01,74637.04,1776398474000
1776398475.785,75.785,0.5,0.51,0.49,0.5,0.01,0.01,74637.04,1776398474000
1776398476.142,76.142,0.51,0.52,0.48,0.49,0.01,0.01,74636.73,1776398475000
1776398476.993,76.993,0.51,0.52,0.48,0.49,0.01,0.01,74635.91,1776398476000
1776398477.494,77.494,0.51,0.52,0.48,0.49,0.01,0.01,74635.91,1776398476000
1776398478.115,78.115,0.51,0.52,0.48,0.49,0.01,0.01,74635.91,1776398477000
1776398478.595,78.595,0.51,0.52,0.48,0.49,0.01,0.01,74635.91,1776398477000
1776398478.935,78.935,0.51,0.52,0.48,0.49,0.01,0.01,74635.91,1776398477000
1776398479.61,79.61,0.51,0.52,0.48,0.49,0.01,0.01,74635.85,1776398478000
1776398480.042,80.042,0.51,0.52,0.48,0.49,0.01,0.01,74635.85,1776398478000
1776398480.515,80.515,0.52,0.53,0.47,0.48,0.01,0.01,74635.85,1776398479000
1776398480.909,80.909,0.52,0.53,0.47,0.48,0.01,0.01,74635.85,1776398479000
1776398481.316,81.316,0.52,0.53,0.47,0.48,0.01,0.01,74635.32,1776398480000
1776398481.69,81.69,0.5,0.51,0.48,0.49,0.01,0.01,74635.32,1776398480000
1776398482.217,82.217,0.5,0.51,0.49,0.5,0.01,0.01,74635.32,1776398481000
1776398483.212,83.212,0.5,0.51,0.49,0.5,0.01,0.01,74635.32,1776398481000
1776398483.668,83.668,0.5,0.51,0.49,0.5,0.01,0.01,74635.32,1776398482000
1776398484.041,84.041,0.43,0.45,0.54,0.56,0.02,0.02,74635.32,1776398482000
1776398484.404,84.404,0.44,0.45,0.55,0.56,0.01,0.01,74634.96,1776398483000
1776398484.936,84.936,0.43,0.44,0.56,0.57,0.01,0.01,74634.96,1776398483000
1776398485.44,85.44,0.43,0.44,0.56,0.57,0.01,0.01,74634.96,1776398483000
1776398485.8,85.8,0.43,0.44,0.56,0.57,0.01,0.01,74631.98,1776398484000
1776398486.404,86.404,0.43,0.44,0.56,0.57,0.01,0.01,74631.98,1776398484000
1776398486.917,86.917,0.43,0.44,0.56,0.57,0.01,0.01,74628.23,1776398485000
1776398487.317,87.317,0.43,0.44,0.56,0.57,0.01,0.01,74627.31,1776398486000
1776398487.966,87.966,0.43,0.44,0.56,0.57,0.01,0.01,74627.31,1776398486000
1776398488.328,88.328,0.43,0.44,0.56,0.57,0.01,0.01,74627.31,1776398486000
1776398488.84,88.84,0.43,0.44,0.56,0.57,0.01,0.01,74627.04,1776398487000
1776398489.175,89.175,0.43,0.44,0.56,0.57,0.01,0.01,74627.08,1776398488000
1776398489.521,89.521,0.43,0.44,0.56,0.57,0.01,0.01,74627.08,1776398488000
1776398490.553,90.553,0.43,0.44,0.56,0.57,0.01,0.01,74627.02,1776398489000
1776398490.944,90.944,0.43,0.44,0.56,0.57,0.01,0.01,74627.02,1776398489000
1776398491.382,91.382,0.43,0.44,0.56,0.57,0.01,0.01,74627.02,1776398489000
1776398491.797,91.797,0.43,0.44,0.56,0.57,0.01,0.01,74627.02,1776398490000
1776398492.215,92.215,0.43,0.44,0.56,0.57,0.01,0.01,74627.02,1776398490000
1776398492.696,92.696,0.44,0.45,0.55,0.56,0.01,0.01,74627.24,1776398491000
1776398493.039,93.039,0.45,0.46,0.54,0.55,0.01,0.01,74627.24,1776398491000
1776398493.389,93.389,0.45,0.46,0.54,0.55,0.01,0.01,74627.24,1776398492000
1776398493.77,93.77,0.44,0.45,0.54,0.56,0.01,0.02,74627.24,1776398492000
1776398494.321,94.321,0.44,0.45,0.55,0.56,0.01,0.01,74627.24,1776398493000
1776398494.672,94.672,0.44,0.45,0.55,0.56,0.01,0.01,74627.24,1776398493000
1776398495.074,95.074,0.44,0.45,0.55,0.56,0.01,0.01,74627.24,1776398493000
1776398495.792,95.792,0.43,0.45,0.55,0.56,0.02,0.01,74627.41,1776398494000
1776398496.13,96.13,0.43,0.44,0.56,0.57,0.01,0.01,74627.06,1776398495000
1776398496.54,96.54,0.43,0.44,0.56,0.57,0.01,0.01,74627.06,1776398495000
1776398496.919,96.919,0.44,0.45,0.55,0.57,0.01,0.02,74627.06,1776398495000
1776398497.403,97.403,0.44,0.45,0.55,0.56,0.01,0.01,74627.06,1776398495000
1776398497.787,97.787,0.42,0.45,0.55,0.56,0.03,0.01,74625.56,1776398496000
1776398498.308,98.308,0.42,0.43,0.56,0.57,0.01,0.01,74625.56,1776398497000
1776398498.664,98.664,0.42,0.43,0.57,0.58,0.01,0.01,74625.56,1776398497000
1776398499.441,99.441,0.42,0.43,0.57,0.58,0.01,0.01,74625.81,1776398498000
1776398500.149,100.149,0.42,0.43,0.57,0.58,0.01,0.01,74626.0,1776398499000
1776398500.545,100.545,0.42,0.43,0.57,0.58,0.01,0.01,74626.0,1776398499000
1776398500.879,100.879,0.42,0.43,0.57,0.58,0.01,0.01,74626.0,1776398499000
1776398501.37,101.37,0.42,0.43,0.57,0.58,0.01,0.01,74626.0,1776398499000
1776398502.206,102.206,0.42,0.43,0.57,0.58,0.01,0.01,74625.67,1776398501000
1776398502.603,102.603,0.44,0.45,0.57,0.58,0.01,0.01,74625.67,1776398501000
1776398503.248,103.248,0.46,0.48,0.52,0.54,0.02,0.02,74625.59,1776398502000
1776398503.781,103.781,0.47,0.48,0.52,0.54,0.01,0.02,74625.59,1776398502000
1776398504.51,104.51,0.47,0.5,0.52,0.53,0.03,0.01,74625.59,1776398502000
1776398504.844,104.844,0.53,0.54,0.46,0.47,0.01,0.01,74625.89,1776398503000
1776398505.182,105.182,0.52,0.53,0.46,0.48,0.01,0.02,74626.05,1776398504000
1776398505.559,105.559,0.52,0.53,0.47,0.48,0.01,0.01,74626.05,1776398504000
1776398505.973,105.973,0.52,0.53,0.47,0.48,0.01,0.01,74626.05,1776398504000
1776398506.45,106.45,0.52,0.53,0.47,0.48,0.01,0.01,74627.38,1776398505000
1776398506.847,106.847,0.52,0.53,0.47,0.48,0.01,0.01,74627.38,1776398505000
1776398507.868,107.868,0.52,0.53,0.47,0.48,0.01,0.01,74629.17,1776398506000
1776398508.223,108.223,0.52,0.53,0.47,0.48,0.01,0.01,74629.94,1776398507000
1776398508.572,108.572,0.44,0.45,0.55,0.56,0.01,0.01,74629.94,1776398507000
1776398508.919,108.919,0.44,0.45,0.55,0.56,0.01,0.01,74629.94,1776398507000
1776398509.265,109.265,0.55,0.62,0.38,0.48,0.07,0.1,74629.94,1776398507000
1776398509.712,109.712,0.59,0.62,0.41,0.43,0.03,0.02,74630.0,1776398508000
1776398510.052,110.052,0.61,0.62,0.38,0.39,0.01,0.01,74628.09,1776398509000
1776398510.792,110.792,0.61,0.62,0.38,0.39,0.01,0.01,74628.09,1776398509000
1776398511.142,111.142,0.62,0.63,0.37,0.38,0.01,0.01,74633.52,1776398510000
1776398511.52,111.52,0.62,0.63,0.37,0.38,0.01,0.01,74633.52,1776398510000
1776398511.954,111.954,0.62,0.63,0.37,0.38,0.01,0.01,74633.52,1776398510000
1776398512.364,112.364,0.62,0.63,0.37,0.38,0.01,0.01,74634.78,1776398511000
1776398513.006,113.006,0.61,0.62,0.38,0.39,0.01,0.01,74634.78,1776398511000
1776398513.483,113.483,0.61,0.62,0.38,0.39,0.01,0.01,74634.81,1776398512000
1776398514.141,114.141,0.59,0.61,0.39,0.41,0.02,0.02,74634.86,1776398513000
1776398514.497,114.497,0.56,0.57,0.42,0.44,0.01,0.02,74634.86,1776398513000
1776398515.169,115.169,0.56,0.57,0.43,0.44,0.01,0.01,74634.86,1776398513000
1776398515.605,115.605,0.56,0.57,0.43,0.44,0.01,0.01,74635.12,1776398514000
1776398516.298,116.298,0.56,0.57,0.43,0.44,0.01,0.01,74635.12,1776398514000
1776398516.931,116.931,0.56,0.57,0.43,0.44,0.01,0.01,74635.06,1776398515000
1776398517.587,117.587,0.56,0.57,0.43,0.44,0.01,0.01,74635.05,1776398516000
1776398517.934,117.934,0.58,0.61,0.39,0.44,0.03,0.05,74635.05,1776398516000
1776398518.328,118.328,0.62,0.63,0.37,0.38,0.01,0.01,74635.29,1776398517000
1776398518.688,118.688,0.62,0.63,0.37,0.38,0.01,0.01,74635.29,1776398517000
1776398519.088,119.088,0.62,0.63,0.37,0.38,0.01,0.01,74635.29,1776398517000
1776398519.984,119.984,0.62,0.63,0.37,0.38,0.01,0.01,74636.53,1776398519000
1776398520.491,120.491,0.62,0.63,0.37,0.38,0.01,0.01,74636.53,1776398519000
1776398520.849,120.849,0.62,0.63,0.37,0.38,0.01,0.01,74636.53,1776398519000
1776398521.31,121.31,0.62,0.63,0.37,0.38,0.01,0.01,74637.55,1776398520000
1776398521.727,121.727,0.62,0.63,0.37,0.38,0.01,0.01,74637.55,1776398520000
1776398522.302,122.302,0.62,0.63,0.37,0.38,0.01,0.01,74637.38,1776398521000
1776398522.763,122.763,0.62,0.63,0.37,0.38,0.01,0.01,74637.38,1776398521000
1776398523.129,123.129,0.62,0.63,0.37,0.38,0.01,0.01,74637.38,1776398521000
1776398523.467,123.467,0.62,0.63,0.37,0.38,0.01,0.01,74637.37,1776398522000
1776398523.807,123.807,0.62,0.63,0.37,0.38,0.01,0.01,74637.37,1776398522000
1776398524.4,124.4,0.62,0.63,0.37,0.38,0.01,0.01,74637.39,1776398523000
1776398524.797,124.797,0.62,0.63,0.37,0.38,0.01,0.01,74637.39,1776398523000
1776398525.506,125.506,0.62,0.63,0.37,0.38,0.01,0.01,74637.65,1776398524000
1776398526.088,126.088,0.62,0.63,0.37,0.38,0.01,0.01,74637.65,1776398525000
1776398527.303,127.303,0.62,0.63,0.37,0.38,0.01,0.01,74637.71,1776398526000
1776398527.79,127.79,0.62,0.63,0.37,0.38,0.01,0.01,74637.71,1776398526000
1776398528.465,128.465,0.62,0.63,0.37,0.38,0.01,0.01,74637.72,1776398527000
1776398528.854,128.854,0.71,0.72,0.28,0.31,0.01,0.03,74637.72,1776398527000
1776398529.23,129.23,0.71,0.73,0.28,0.29,0.02,0.01,74637.72,1776398528000
1776398529.689,129.689,0.72,0.73,0.27,0.28,0.01,0.01,74637.72,1776398528000
1776398530.123,130.123,0.73,0.74,0.26,0.27,0.01,0.01,74637.72,1776398528000
1776398530.709,130.709,0.74,0.75,0.26,0.27,0.01,0.01,74638.5,1776398529000
1776398531.106,131.106,0.74,0.75,0.25,0.26,0.01,0.01,74638.5,1776398529000
1776398531.58,131.58,0.75,0.76,0.24,0.26,0.01,0.02,74644.57,1776398530000
1776398531.989,131.989,0.75,0.76,0.24,0.25,0.01,0.01,74644.57,1776398530000
1776398532.324,132.324,0.75,0.76,0.24,0.25,0.01,0.01,74644.57,1776398530000
1776398532.683,132.683,0.76,0.77,0.23,0.24,0.01,0.01,74645.35,1776398531000
1776398533.087,133.087,0.76,0.77,0.23,0.24,0.01,0.01,74646.05,1776398532000
1776398533.472,133.472,0.76,0.77,0.23,0.24,0.01,0.01,74646.05,1776398532000
1776398533.887,133.887,0.76,0.77,0.23,0.24,0.01,0.01,74646.05,1776398532000
1776398534.34,134.34,0.76,0.78,0.23,0.24,0.02,0.01,74647.95,1776398533000
1776398534.721,134.721,0.79,0.81,0.2,0.21,0.02,0.01,74647.95,1776398533000
1776398535.099,135.099,0.8,0.81,0.19,0.25,0.01,0.06,74647.95,1776398533000
1776398535.447,135.447,0.78,0.79,0.21,0.22,0.01,0.01,74649.49,1776398534000
1776398536.318,136.318,0.78,0.79,0.21,0.22,0.01,0.01,74650.32,1776398535000
1776398536.925,136.925,0.78,0.79,0.21,0.22,0.01,0.01,74650.32,1776398535000
1776398537.319,137.319,0.78,0.79,0.21,0.22,0.01,0.01,74650.32,1776398535000
1776398537.999,137.999,0.78,0.8,0.2,0.22,0.02,0.02,74651.4,1776398537000
1776398538.335,138.335,0.78,0.79,0.21,0.22,0.01,0.01,74651.4,1776398537000
1776398539.097,139.097,0.79,0.8,0.2,0.21,0.01,0.01,74651.46,1776398538000
1776398539.435,139.435,0.79,0.8,0.2,0.21,0.01,0.01,74651.46,1776398538000
1776398539.793,139.793,0.83,0.85,0.15,0.18,0.02,0.03,74651.46,1776398538000
1776398540.303,140.303,0.85,0.86,0.14,0.15,0.01,0.01,74651.8,1776398539000
1776398540.661,140.661,0.85,0.86,0.14,0.15,0.01,0.01,74651.8,1776398539000
1776398541.017,141.017,0.86,0.87,0.13,0.15,0.01,0.02,74651.8,1776398539000
1776398541.373,141.373,0.84,0.85,0.15,0.16,0.01,0.01,74654.03,1776398540000
1776398541.711,141.711,0.84,0.85,0.15,0.16,0.01,0.01,74654.03,1776398540000
1776398542.045,142.045,0.84,0.85,0.15,0.16,0.01,0.01,74657.72,1776398541000
1776398542.671,142.671,0.83,0.84,0.15,0.17,0.01,0.02,74657.72,1776398541000
1776398543.012,143.012,0.83,0.84,0.16,0.17,0.01,0.01,74661.98,1776398542000
1776398543.422,143.422,0.85,0.86,0.13,0.17,0.01,0.04,74661.98,1776398542000
1776398543.797,143.797,0.85,0.86,0.14,0.15,0.01,0.01,74661.98,1776398542000
1776398544.223,144.223,0.86,0.87,0.13,0.14,0.01,0.01,74664.33,1776398543000
1776398544.679,144.679,0.86,0.87,0.13,0.14,0.01,0.01,74664.33,1776398543000
1776398545.186,145.186,0.83,0.85,0.14,0.16,0.02,0.02,74664.33,1776398543000
1776398545.538,145.538,0.78,0.8,0.2,0.22,0.02,0.02,74664.38,1776398544000
1776398545.964,145.964,0.78,0.8,0.2,0.21,0.02,0.01,74664.38,1776398544000
1776398546.298,146.298,0.79,0.8,0.2,0.21,0.01,0.01,74664.38,1776398544000
1776398546.639,146.639,0.78,0.79,0.2,0.22,0.01,0.02,74664.38,1776398544000
1776398547.019,147.019,0.78,0.79,0.21,0.22,0.01,0.01,74664.67,1776398545000
1776398547.371,147.371,0.77,0.78,0.22,0.23,0.01,0.01,74663.15,1776398546000
1776398547.827,147.827,0.77,0.78,0.22,0.23,0.01,0.01,74663.15,1776398546000
1776398548.286,148.286,0.76,0.77,0.23,0.24,0.01,0.01,74660.33,1776398547000
1776398548.848,148.848,0.76,0.77,0.23,0.24,0.01,0.01,74660.33,1776398547000
1776398549.239,149.239,0.76,0.77,0.23,0.24,0.01,0.01,74660.33,1776398547000
1776398549.689,149.689,0.72,0.73,0.27,0.28,0.01,0.01,74659.81,1776398548000
1776398550.033,150.033,0.72,0.73,0.27,0.28,0.01,0.01,74659.81,1776398548000
1776398550.37,150.37,0.72,0.73,0.27,0.28,0.01,0.01,74657.85,1776398549000
1776398550.764,150.764,0.72,0.73,0.27,0.28,0.01,0.01,74657.85,1776398549000
1776398551.161,151.161,0.72,0.73,0.27,0.28,0.01,0.01,74657.85,1776398549000
1776398551.635,151.635,0.72,0.73,0.27,0.28,0.01,0.01,74655.61,1776398550000
1776398551.985,151.985,0.72,0.73,0.27,0.28,0.01,0.01,74655.61,1776398550000
1776398552.435,152.435,0.72,0.73,0.27,0.28,0.01,0.01,74655.06,1776398551000
1776398552.837,152.837,0.72,0.73,0.27,0.28,0.01,0.01,74655.06,1776398551000
1776398553.199,153.199,0.72,0.73,0.27,0.28,0.01,0.01,74655.06,1776398551000
1776398553.598,153.598,0.72,0.73,0.27,0.28,0.01,0.01,74654.86,1776398552000
1776398554.138,154.138,0.72,0.73,0.27,0.28,0.01,0.01,74654.86,1776398552000
1776398554.474,154.474,0.72,0.73,0.27,0.28,0.01,0.01,74652.94,1776398553000
1776398554.969,154.969,0.72,0.73,0.27,0.28,0.01,0.01,74652.73,1776398554000
1776398555.324,155.324,0.72,0.73,0.27,0.28,0.01,0.01,74652.73,1776398554000
1776398555.729,155.729,0.72,0.73,0.27,0.28,0.01,0.01,74652.73,1776398554000
1776398556.208,156.208,0.72,0.73,0.27,0.28,0.01,0.01,74652.57,1776398555000
1776398556.708,156.708,0.72,0.73,0.27,0.28,0.01,0.01,74652.57,1776398555000
1776398557.179,157.179,0.72,0.73,0.27,0.28,0.01,0.01,74652.33,1776398556000
1776398557.874,157.874,0.72,0.73,0.27,0.28,0.01,0.01,74652.33,1776398556000
1776398558.271,158.271,0.72,0.73,0.27,0.28,0.01,0.01,74652.21,1776398557000
1776398558.704,158.704,0.72,0.73,0.27,0.28,0.01,0.01,74652.21,1776398557000
1776398559.293,159.293,0.72,0.73,0.27,0.28,0.01,0.01,74651.31,1776398558000
1776398559.685,159.685,0.73,0.74,0.26,0.28,0.01,0.02,74651.31,1776398558000
1776398560.091,160.091,0.73,0.74,0.26,0.27,0.01,0.01,74651.31,1776398558000
1776398560.579,160.579,0.73,0.74,0.26,0.27,0.01,0.01,74651.31,1776398558000
1776398560.95,160.95,0.73,0.74,0.26,0.27,0.01,0.01,74651.04,1776398559000
1776398561.315,161.315,0.73,0.74,0.26,0.27,0.01,0.01,74651.07,1776398560000
1776398561.734,161.734,0.73,0.74,0.26,0.27,0.01,0.01,74651.07,1776398560000
1776398562.103,162.103,0.73,0.74,0.26,0.27,0.01,0.01,74651.07,1776398560000
1776398562.471,162.471,0.73,0.74,0.26,0.27,0.01,0.01,74650.94,1776398561000
1776398563.104,163.104,0.73,0.74,0.26,0.27,0.01,0.01,74650.94,1776398561000
1776398563.486,163.486,0.73,0.74,0.26,0.27,0.01,0.01,74650.81,1776398562000
1776398563.862,163.862,0.74,0.76,0.25,0.27,0.02,0.02,74650.81,1776398562000
1776398564.381,164.381,0.76,0.77,0.24,0.25,0.01,0.01,74650.82,1776398563000
1776398564.755,164.755,0.76,0.77,0.23,0.24,0.01,0.01,74650.82,1776398563000
1776398565.111,165.111,0.76,0.77,0.23,0.24,0.01,0.01,74650.82,1776398564000
1776398565.45,165.45,0.77,0.78,0.22,0.23,0.01,0.01,74650.82,1776398564000
1776398565.942,165.942,0.77,0.78,0.22,0.23,0.01,0.01,74650.82,1776398564000
1776398566.392,166.392,0.77,0.78,0.22,0.23,0.01,0.01,74650.27,1776398565000
1776398566.96,166.96,0.75,0.76,0.24,0.25,0.01,0.01,74650.27,1776398565000
1776398567.318,167.318,0.75,0.76,0.24,0.25,0.01,0.01,74651.3,1776398566000
1776398568.237,168.237,0.77,0.78,0.23,0.25,0.01,0.02,74651.3,1776398566000
1776398568.723,168.723,0.77,0.78,0.22,0.23,0.01,0.01,74651.26,1776398567000
1776398569.122,169.122,0.77,0.78,0.22,0.23,0.01,0.01,74651.26,1776398567000
1776398569.927,169.927,0.77,0.78,0.22,0.23,0.01,0.01,74650.57,1776398569000
1776398570.326,170.326,0.74,0.76,0.23,0.26,0.02,0.03,74650.57,1776398569000
1776398571.0,171.0,0.74,0.75,0.24,0.26,0.01,0.02,74650.57,1776398569000
1776398571.334,171.334,0.74,0.75,0.25,0.26,0.01,0.01,74650.57,1776398569000
1776398571.851,171.851,0.74,0.75,0.25,0.26,0.01,0.01,74650.91,1776398570000
1776398572.264,172.264,0.66,0.67,0.29,0.3,0.01,0.01,74650.91,1776398570000
1776398572.602,172.602,0.66,0.67,0.33,0.34,0.01,0.01,74650.27,1776398571000
1776398573.02,173.02,0.66,0.67,0.33,0.34,0.01,0.01,74650.26,1776398572000
1776398573.382,173.382,0.66,0.67,0.33,0.34,0.01,0.01,74650.26,1776398572000
1776398573.968,173.968,0.68,0.7,0.31,0.34,0.02,0.03,74650.26,1776398572000
1776398574.394,174.394,0.69,0.7,0.3,0.31,0.01,0.01,74650.26,1776398572000
1776398575.081,175.081,0.68,0.69,0.31,0.32,0.01,0.01,74646.32,1776398574000
1776398575.7,175.7,0.68,0.69,0.31,0.32,0.01,0.01,74646.32,1776398574000
1776398576.357,176.357,0.68,0.69,0.31,0.32,0.01,0.01,74646.25,1776398575000
1776398576.829,176.829,0.68,0.69,0.31,0.32,0.01,0.01,74646.25,1776398575000
1776398577.278,177.278,0.68,0.69,0.31,0.32,0.01,0.01,74645.15,1776398576000
1776398577.761,177.761,0.62,0.63,0.37,0.38,0.01,0.01,74645.15,1776398576000
1776398578.16,178.16,0.61,0.63,0.37,0.38,0.02,0.01,74644.99,1776398577000
1776398578.576,178.576,0.6,0.61,0.39,0.4,0.01,0.01,74644.99,1776398577000
1776398578.91,178.91,0.6,0.61,0.39,0.4,0.01,0.01,74644.99,1776398577000
1776398579.433,179.433,0.6,0.61,0.39,0.4,0.01,0.01,74644.99,1776398578000
1776398579.827,179.827,0.6,0.61,0.39,0.4,0.01,0.01,74644.99,1776398578000
1776398580.184,180.184,0.6,0.61,0.39,0.4,0.01,0.01,74642.2,1776398579000
1776398580.52,180.52,0.6,0.61,0.39,0.4,0.01,0.01,74642.2,1776398579000
1776398580.925,180.925,0.6,0.61,0.39,0.4,0.01,0.01,74642.2,1776398579000
1776398581.739,181.739,0.6,0.62,0.39,0.4,0.02,0.01,74639.36,1776398580000
1776398582.123,182.123,0.67,0.68,0.32,0.33,0.01,0.01,74639.26,1776398581000
1776398582.497,182.497,0.68,0.69,0.31,0.32,0.01,0.01,74639.26,1776398581000
1776398582.896,182.896,0.7,0.71,0.29,0.31,0.01,0.02,74639.26,1776398581000
1776398583.244,183.244,0.73,0.75,0.26,0.27,0.02,0.01,74639.26,1776398582000
1776398583.666,183.666,0.74,0.75,0.25,0.26,0.01,0.01,74639.26,1776398582000
1776398584.0,184.0,0.74,0.75,0.25,0.26,0.01,0.01,74639.26,1776398582000
1776398584.465,184.465,0.74,0.76,0.25,0.26,0.02,0.01,74640.07,1776398583000
1776398585.062,185.062,0.74,0.75,0.25,0.26,0.01,0.01,74645.02,1776398584000
1776398585.651,185.651,0.74,0.75,0.25,0.26,0.01,0.01,74645.02,1776398584000
1776398586.172,186.172,0.75,0.76,0.24,0.26,0.01,0.02,74645.02,1776398584000
1776398586.628,186.628,0.75,0.76,0.24,0.25,0.01,0.01,74643.86,1776398585000
1776398587.257,187.257,0.75,0.76,0.24,0.25,0.01,0.01,74643.86,1776398585000
1776398587.597,187.597,0.75,0.76,0.24,0.25,0.01,0.01,74643.86,1776398585000
1776398587.994,187.994,0.75,0.76,0.24,0.25,0.01,0.01,74645.12,1776398586000
1776398588.438,188.438,0.75,0.76,0.24,0.25,0.01,0.01,74644.66,1776398587000
1776398588.815,188.815,0.73,0.76,0.24,0.25,0.03,0.01,74644.66,1776398587000
1776398589.21,189.21,0.73,0.74,0.26,0.27,0.01,0.01,74644.66,1776398587000
1776398589.736,189.736,0.7,0.73,0.27,0.28,0.03,0.01,74644.74,1776398588000
1776398590.116,190.116,0.64,0.65,0.32,0.36,0.01,0.04,74644.74,1776398588000
1776398590.861,190.861,0.64,0.65,0.35,0.36,0.01,0.01,74645.28,1776398589000
1776398591.3,191.3,0.6,0.61,0.39,0.4,0.01,0.01,74645.28,1776398589000
1776398591.694,191.694,0.6,0.61,0.39,0.4,0.01,0.01,74643.71,1776398590000
1776398592.349,192.349,0.6,0.61,0.39,0.4,0.01,0.01,74642.62,1776398591000
1776398592.74,192.74,0.6,0.61,0.39,0.4,0.01,0.01,74642.62,1776398591000
1776398593.125,193.125,0.6,0.61,0.39,0.4,0.01,0.01,74642.62,1776398591000
1776398593.479,193.479,0.6,0.61,0.39,0.4,0.01,0.01,74642.62,1776398591000
1776398594.085,194.085,0.6,0.61,0.39,0.4,0.01,0.01,74641.33,1776398593000
1776398594.472,194.472,0.6,0.61,0.39,0.4,0.01,0.01,74641.33,1776398593000
1776398595.069,195.069,0.6,0.61,0.39,0.4,0.01,0.01,74641.33,1776398593000
1776398595.413,195.413,0.6,0.61,0.39,0.4,0.01,0.01,74641.06,1776398594000
1776398596.011,196.011,0.6,0.61,0.39,0.4,0.01,0.01,74641.06,1776398594000
1776398596.386,196.386,0.6,0.61,0.39,0.4,0.01,0.01,74641.1,1776398595000
1776398596.855,196.855,0.6,0.61,0.39,0.4,0.01,0.01,74641.1,1776398595000
1776398597.249,197.249,0.6,0.61,0.39,0.4,0.01,0.01,74641.1,1776398595000
1776398597.692,197.692,0.58,0.59,0.41,0.42,0.01,0.01,74641.01,1776398596000
1776398598.243,198.243,0.58,0.59,0.41,0.42,0.01,0.01,74641.01,1776398596000
1776398598.611,198.611,0.58,0.59,0.41,0.42,0.01,0.01,74639.86,1776398597000
1776398598.963,198.963,0.58,0.59,0.41,0.42,0.01,0.01,74639.86,1776398597000
1776398599.382,199.382,0.58,0.59,0.41,0.42,0.01,0.01,74639.48,1776398598000
1776398599.752,199.752,0.56,0.58,0.42,0.43,0.02,0.01,74639.48,1776398598000
1776398600.197,200.197,0.57,0.58,0.42,0.43,0.01,0.01,74638.34,1776398599000
1776398600.553,200.553,0.57,0.58,0.42,0.43,0.01,0.01,74638.34,1776398599000
1776398600.949,200.949,0.58,0.59,0.41,0.42,0.01,0.01,74638.34,1776398599000
1776398601.306,201.306,0.59,0.6,0.4,0.42,0.01,0.02,74638.34,1776398599000
1776398601.657,201.657,0.6,0.61,0.39,0.4,0.01,0.01,74638.34,1776398599000
1776398602.07,202.07,0.6,0.61,0.39,0.4,0.01,0.01,74637.85,1776398600000
1776398602.443,202.443,0.6,0.61,0.39,0.4,0.01,0.01,74637.85,1776398600000
1776398603.065,203.065,0.6,0.61,0.39,0.4,0.01,0.01,74637.65,1776398602000
1776398603.413,203.413,0.6,0.61,0.39,0.4,0.01,0.01,74637.65,1776398602000
1776398604.429,204.429,0.57,0.6,0.4,0.43,0.03,0.03,74637.75,1776398603000
1776398604.778,204.778,0.51,0.53,0.44,0.49,0.02,0.05,74637.75,1776398603000
1776398605.165,205.165,0.52,0.53,0.47,0.48,0.01,0.01,74637.75,1776398604000
1776398605.697,205.697,0.52,0.53,0.47,0.48,0.01,0.01,74637.75,1776398604000
1776398606.047,206.047,0.52,0.53,0.47,0.48,0.01,0.01,74637.75,1776398604000
1776398606.44,206.44,0.46,0.52,0.47,0.49,0.06,0.02,74637.29,1776398605000
1776398606.842,206.842,0.47,0.48,0.52,0.53,0.01,0.01,74637.29,1776398605000
1776398607.18,207.18,0.47,0.48,0.52,0.53,0.01,0.01,74637.29,1776398605000
1776398607.773,207.773,0.47,0.48,0.52,0.53,0.01,0.01,74634.01,1776398606000
1776398608.552,208.552,0.47,0.48,0.52,0.53,0.01,0.01,74632.0,1776398607000
1776398608.984,208.984,0.47,0.48,0.52,0.53,0.01,0.01,74632.0,1776398607000
1776398609.448,209.448,0.46,0.47,0.52,0.54,0.01,0.02,74631.55,1776398608000
1776398609.896,209.896,0.45,0.46,0.53,0.55,0.01,0.02,74631.55,1776398608000
1776398610.62,210.62,0.45,0.46,0.54,0.55,0.01,0.01,74631.26,1776398609000
1776398611.283,211.283,0.45,0.46,0.54,0.55,0.01,0.01,74631.26,1776398609000
1776398611.741,211.741,0.45,0.46,0.54,0.55,0.01,0.01,74630.39,1776398610000
1776398612.215,212.215,0.45,0.46,0.54,0.55,0.01,0.01,74629.77,1776398611000
1776398613.134,213.134,0.45,0.46,0.54,0.55,0.01,0.01,74629.99,1776398612000
1776398613.779,213.779,0.45,0.46,0.54,0.55,0.01,0.01,74629.99,1776398612000
1776398614.157,214.157,0.45,0.46,0.54,0.55,0.01,0.01,74629.99,1776398612000
1776398614.955,214.955,0.45,0.46,0.54,0.55,0.01,0.01,74629.68,1776398613000
1776398615.721,215.721,0.45,0.46,0.54,0.55,0.01,0.01,74629.89,1776398614000
1776398616.275,216.275,0.45,0.46,0.54,0.55,0.01,0.01,74629.89,1776398614000
1776398616.624,216.624,0.45,0.46,0.54,0.55,0.01,0.01,74629.89,1776398614000
1776398617.075,217.075,0.45,0.46,0.54,0.55,0.01,0.01,74629.89,1776398615000
1776398617.519,217.519,0.45,0.46,0.54,0.55,0.01,0.01,74629.89,1776398616000
1776398617.987,217.987,0.45,0.46,0.54,0.55,0.01,0.01,74629.89,1776398616000
1776398618.468,218.468,0.45,0.46,0.54,0.55,0.01,0.01,74629.78,1776398617000
1776398618.906,218.906,0.44,0.45,0.55,0.56,0.01,0.01,74629.78,1776398617000
1776398619.46,219.46,0.44,0.45,0.55,0.56,0.01,0.01,74629.78,1776398617000
1776398620.302,220.302,0.44,0.45,0.55,0.56,0.01,0.01,74629.48,1776398619000
1776398620.657,220.657,0.44,0.45,0.55,0.56,0.01,0.01,74629.48,1776398619000
1776398621.35,221.35,0.44,0.45,0.55,0.56,0.01,0.01,74629.48,1776398619000
1776398621.711,221.711,0.37,0.38,0.62,0.64,0.01,0.02,74629.39,1776398620000
1776398622.066,222.066,0.36,0.37,0.63,0.64,0.01,0.01,74629.39,1776398620000
1776398622.479,222.479,0.36,0.37,0.63,0.64,0.01,0.01,74629.33,1776398621000
1776398622.828,222.828,0.36,0.37,0.63,0.64,0.01,0.01,74629.33,1776398621000
1776398623.302,223.302,0.36,0.37,0.63,0.64,0.01,0.01,74627.92,1776398622000
1776398623.707,223.707,0.36,0.37,0.63,0.64,0.01,0.01,74627.92,1776398622000
1776398624.293,224.293,0.36,0.37,0.63,0.64,0.01,0.01,74627.92,1776398622000
1776398625.088,225.088,0.35,0.36,0.63,0.65,0.01,0.02,74624.38,1776398623000
1776398625.443,225.443,0.33,0.36,0.64,0.65,0.03,0.01,74622.76,1776398624000
1776398625.93,225.93,0.31,0.32,0.66,0.69,0.01,0.03,74622.76,1776398624000
1776398626.364,226.364,0.31,0.32,0.68,0.69,0.01,0.01,74623.11,1776398625000
1776398626.711,226.711,0.31,0.32,0.68,0.69,0.01,0.01,74623.11,1776398625000
1776398627.153,227.153,0.25,0.32,0.68,0.71,0.07,0.03,74623.11,1776398625000
1776398627.829,227.829,0.21,0.25,0.75,0.79,0.04,0.04,74621.5,1776398626000
1776398628.281,228.281,0.21,0.25,0.75,0.79,0.04,0.04,74613.19,1776398627000
1776398628.617,228.617,0.21,0.25,0.75,0.79,0.04,0.04,74613.19,1776398627000
1776398628.967,228.967,0.21,0.25,0.75,0.79,0.04,0.04,74613.19,1776398627000
1776398629.421,229.421,0.14,0.25,0.73,0.79,0.11,0.06,74613.19,1776398627000
1776398629.766,229.766,0.21,0.23,0.8,0.9,0.02,0.1,74613.19,1776398627000
1776398630.137,230.137,0.16,0.17,0.8,0.85,0.01,0.05,74609.69,1776398628000
1776398630.51,230.51,0.17,0.18,0.82,0.83,0.01,0.01,74604.77,1776398629000
1776398630.999,230.999,0.17,0.18,0.82,0.83,0.01,0.01,74604.77,1776398629000
1776398631.332,231.332,0.17,0.19,0.82,0.83,0.02,0.01,74604.77,1776398629000
1776398631.669,231.669,0.22,0.24,0.76,0.78,0.02,0.02,74602.26,1776398630000
1776398632.017,232.017,0.24,0.25,0.75,0.76,0.01,0.01,74602.17,1776398631000
1776398632.354,232.354,0.24,0.26,0.74,0.76,0.02,0.02,74602.17,1776398631000
1776398632.713,232.713,0.27,0.29,0.7,0.73,0.02,0.03,74602.17,1776398631000
1776398633.067,233.067,0.3,0.32,0.69,0.72,0.02,0.03,74602.17,1776398631000
1776398633.407,233.407,0.31,0.33,0.67,0.7,0.02,0.03,74602.17,1776398631000
1776398634.185,234.185,0.32,0.35,0.65,0.68,0.03,0.03,74609.2,1776398633000
1776398634.779,234.779,0.33,0.34,0.67,0.68,0.01,0.01,74609.2,1776398633000
1776398635.127,235.127,0.33,0.34,0.66,0.67,0.01,0.01,74609.2,1776398633000
1776398635.496,235.496,0.33,0.37,0.66,0.67,0.04,0.01,74614.12,1776398634000
1776398635.846,235.846,0.33,0.43,0.57,0.67,0.1,0.1,74614.12,1776398634000
1776398636.218,236.218,0.32,0.33,0.54,0.68,0.01,0.14,74614.12,1776398634000
1776398636.551,236.551,0.34,0.37,0.63,0.66,0.03,0.03,74617.52,1776398635000
1776398637.041,237.041,0.34,0.39,0.61,0.66,0.05,0.05,74618.6,1776398636000
1776398637.374,237.374,0.34,0.35,0.65,0.67,0.01,0.02,74618.6,1776398636000
1776398637.716,237.716,0.35,0.39,0.61,0.65,0.04,0.04,74618.6,1776398636000
1776398638.061,238.061,0.34,0.39,0.61,0.67,0.05,0.06,74618.6,1776398636000
1776398638.401,238.401,0.34,0.35,0.65,0.66,0.01,0.01,74618.43,1776398637000
1776398638.734,238.734,0.36,0.37,0.63,0.64,0.01,0.01,74618.43,1776398637000
1776398639.083,239.083,0.35,0.37,0.63,0.65,0.02,0.02,74618.43,1776398637000
1776398639.439,239.439,0.35,0.36,0.64,0.65,0.01,0.01,74618.22,1776398638000
1776398639.838,239.838,0.34,0.35,0.65,0.66,0.01,0.01,74618.22,1776398638000
1776398640.239,240.239,0.34,0.35,0.65,0.66,0.01,0.01,74618.22,1776398638000
1776398640.6,240.6,0.34,0.35,0.65,0.66,0.01,0.01,74618.22,1776398638000
1776398640.987,240.987,0.34,0.35,0.65,0.66,0.01,0.01,74618.4,1776398639000
1776398641.486,241.486,0.34,0.35,0.65,0.66,0.01,0.01,74618.4,1776398639000
1776398642.197,242.197,0.33,0.35,0.65,0.67,0.02,0.02,74618.42,1776398641000
1776398642.639,242.639,0.32,0.34,0.65,0.67,0.02,0.02,74618.42,1776398641000
1776398643.003,243.003,0.32,0.34,0.66,0.68,0.02,0.02,74618.42,1776398641000
1776398643.367,243.367,0.32,0.34,0.66,0.68,0.02,0.02,74618.37,1776398642000
1776398643.775,243.775,0.32,0.33,0.67,0.68,0.01,0.01,74618.37,1776398642000
1776398644.249,244.249,0.31,0.33,0.67,0.68,0.02,0.01,74618.37,1776398642000
1776398644.958,244.958,0.32,0.33,0.67,0.69,0.01,0.02,74618.4,1776398643000
1776398645.314,245.314,0.32,0.34,0.67,0.68,0.02,0.01,74618.4,1776398643000
1776398645.647,245.647,0.58,0.9,0.1,0.47,0.32,0.37,74618.4,1776398643000
1776398645.981,245.981,0.72,0.91,0.09,0.41,0.19,0.32,74618.42,1776398644000
1776398646.327,246.327,0.84,0.89,0.11,0.14,0.05,0.03,74618.42,1776398644000
1776398646.682,246.682,0.92,0.93,0.07,0.14,0.01,0.07,74636.79,1776398645000
1776398647.016,247.016,0.92,0.93,0.07,0.08,0.01,0.01,74636.79,1776398645000
1776398647.386,247.386,0.92,0.93,0.05,0.08,0.01,0.03,74649.33,1776398646000
1776398647.843,247.843,0.92,0.93,0.07,0.08,0.01,0.01,74649.33,1776398646000
1776398648.25,248.25,0.91,0.93,0.06,0.09,0.02,0.03,74649.33,1776398646000
1776398648.801,248.801,0.91,0.92,0.08,0.09,0.01,0.01,74659.35,1776398647000
1776398649.159,249.159,0.91,0.92,0.08,0.09,0.01,0.01,74658.73,1776398648000
1776398649.845,249.845,0.91,0.92,0.08,0.09,0.01,0.01,74658.73,1776398648000
1776398650.183,250.183,0.9,0.92,0.08,0.1,0.02,0.02,74658.73,1776398648000
1776398650.523,250.523,0.9,0.92,0.08,0.1,0.02,0.02,74658.77,1776398649000
1776398650.867,250.867,0.89,0.92,0.08,0.09,0.03,0.01,74658.77,1776398649000
1776398651.435,251.435,0.9,0.91,0.09,0.11,0.01,0.02,74658.77,1776398650000
1776398651.777,251.777,0.9,0.91,0.09,0.1,0.01,0.01,74658.77,1776398650000
1776398652.167,252.167,0.9,0.91,0.09,0.1,0.01,0.01,74658.77,1776398650000
1776398652.55,252.55,0.9,0.91,0.09,0.11,0.01,0.02,74658.77,1776398651000
1776398652.918,252.918,0.9,0.91,0.09,0.1,0.01,0.01,74658.77,1776398651000
1776398653.264,253.264,0.9,0.91,0.09,0.1,0.01,0.01,74658.77,1776398651000
1776398653.622,253.622,0.87,0.88,0.11,0.13,0.01,0.02,74658.55,1776398652000
1776398654.004,254.004,0.86,0.87,0.13,0.14,0.01,0.01,74658.55,1776398653000
1776398654.338,254.338,0.85,0.86,0.13,0.15,0.01,0.02,74658.55,1776398653000
1776398654.696,254.696,0.85,0.86,0.14,0.15,0.01,0.01,74658.55,1776398653000
1776398655.061,255.061,0.83,0.85,0.15,0.16,0.02,0.01,74658.55,1776398653000
1776398655.4,255.4,0.84,0.85,0.15,0.16,0.01,0.01,74658.53,1776398654000
1776398655.768,255.768,0.84,0.85,0.15,0.16,0.01,0.01,74658.53,1776398654000
1776398656.183,256.183,0.84,0.85,0.15,0.16,0.01,0.01,74658.53,1776398654000
1776398656.544,256.544,0.84,0.86,0.14,0.16,0.02,0.02,74656.01,1776398655000
1776398656.971,256.971,0.84,0.85,0.15,0.16,0.01,0.01,74656.01,1776398655000
1776398657.487,257.487,0.84,0.85,0.12,0.16,0.01,0.04,74656.01,1776398656000
1776398658.328,258.328,0.83,0.84,0.16,0.17,0.01,0.01,74655.99,1776398657000
1776398658.736,258.736,0.83,0.84,0.16,0.17,0.01,0.01,74655.99,1776398657000
1776398659.075,259.075,0.83,0.84,0.16,0.17,0.01,0.01,74656.66,1776398658000
1776398659.452,259.452,0.82,0.83,0.17,0.18,0.01,0.01,74656.66,1776398658000
1776398659.87,259.87,0.82,0.83,0.17,0.18,0.01,0.01,74656.66,1776398658000
1776398660.255,260.255,0.82,0.83,0.17,0.18,0.01,0.01,74656.66,1776398658000
1776398660.661,260.661,0.82,0.83,0.17,0.18,0.01,0.01,74656.22,1776398659000
1776398661.011,261.011,0.82,0.83,0.17,0.18,0.01,0.01,74653.04,1776398660000
1776398661.369,261.369,0.82,0.83,0.17,0.18,0.01,0.01,74653.04,1776398660000
1776398661.81,261.81,0.82,0.83,0.17,0.18,0.01,0.01,74653.04,1776398660000
1776398662.33,262.33,0.82,0.83,0.17,0.18,0.01,0.01,74653.04,1776398660000
1776398662.666,262.666,0.82,0.83,0.17,0.18,0.01,0.01,74652.48,1776398661000
1776398663.017,263.017,0.82,0.84,0.17,0.18,0.02,0.01,74652.48,1776398661000
1776398663.505,263.505,0.83,0.84,0.16,0.18,0.01,0.02,74652.52,1776398662000
1776398663.88,263.88,0.83,0.84,0.16,0.17,0.01,0.01,74652.52,1776398662000
1776398664.247,264.247,0.84,0.85,0.15,0.16,0.01,0.01,74652.47,1776398663000
1776398664.671,264.671,0.85,0.86,0.14,0.16,0.01,0.02,74652.47,1776398663000
1776398665.249,265.249,0.85,0.86,0.14,0.15,0.01,0.01,74652.47,1776398663000
1776398665.727,265.727,0.86,0.87,0.13,0.14,0.01,0.01,74651.42,1776398664000
1776398666.127,266.127,0.87,0.89,0.13,0.14,0.02,0.01,74651.42,1776398664000
1776398667.275,267.275,0.89,0.9,0.1,0.11,0.01,0.01,74651.64,1776398666000
1776398667.903,267.903,0.89,0.9,0.1,0.11,0.01,0.01,74651.64,1776398666000
1776398668.258,268.258,0.89,0.9,0.1,0.11,0.01,0.01,74651.9,1776398667000
1776398668.785,268.785,0.91,0.92,0.08,0.1,0.01,0.02,74651.9,1776398667000
1776398669.195,269.195,0.91,0.92,0.08,0.09,0.01,0.01,74651.9,1776398667000
1776398669.624,269.624,0.91,0.92,0.08,0.09,0.01,0.01,74652.2,1776398668000
1776398670.019,270.019,0.91,0.92,0.08,0.09,0.01,0.01,74652.2,1776398668000
1776398670.395,270.395,0.91,0.92,0.08,0.09,0.01,0.01,74652.12,1776398669000
1776398670.84,270.84,0.91,0.92,0.08,0.09,0.01,0.01,74652.12,1776398669000
1776398671.183,271.183,0.91,0.92,0.08,0.09,0.01,0.01,74652.12,1776398669000
1776398671.994,271.994,0.92,0.93,0.07,0.09,0.01,0.02,74651.94,1776398670000
1776398672.357,272.357,0.94,0.95,0.05,0.06,0.01,0.01,74652,1776398671000
1776398672.776,272.776,0.95,0.96,0.04,0.06,0.01,0.02,74652,1776398671000
1776398673.111,273.111,0.95,0.96,0.04,0.05,0.01,0.01,74652,1776398671000
1776398673.449,273.449,0.92,0.93,0.07,0.08,0.01,0.01,74652,1776398671000
1776398673.824,273.824,0.91,0.92,0.08,0.09,0.01,0.01,74654.23,1776398672000
1776398674.245,274.245,0.91,0.92,0.08,0.09,0.01,0.01,74660.21,1776398673000
1776398674.628,274.628,0.91,0.92,0.08,0.09,0.01,0.01,74660.21,1776398673000
1776398674.965,274.965,0.9,0.91,0.09,0.1,0.01,0.01,74660.21,1776398673000
1776398675.398,275.398,0.9,0.91,0.09,0.1,0.01,0.01,74660.21,1776398673000
1776398675.861,275.861,0.9,0.94,0.09,0.1,0.04,0.01,74661.31,1776398674000
1776398676.313,276.313,0.92,0.94,0.06,0.08,0.02,0.02,74659.4,1776398675000
1776398676.695,276.695,0.93,0.94,0.06,0.07,0.01,0.01,74659.4,1776398675000
1776398677.084,277.084,0.93,0.94,0.06,0.07,0.01,0.01,74659.4,1776398675000
1776398677.558,277.558,0.92,0.93,0.07,0.08,0.01,0.01,74659.07,1776398676000
1776398677.898,277.898,0.89,0.9,0.1,0.11,0.01,0.01,74659.07,1776398676000
1776398678.232,278.232,0.9,0.91,0.09,0.1,0.01,0.01,74659.07,1776398676000
1776398678.568,278.568,0.9,0.94,0.09,0.1,0.04,0.01,74659.08,1776398677000
1776398678.969,278.969,0.93,0.94,0.06,0.07,0.01,0.01,74659.08,1776398677000
1776398679.303,279.303,0.92,0.94,0.06,0.09,0.02,0.03,74659.08,1776398677000
1776398679.709,279.709,0.94,0.95,0.05,0.06,0.01,0.01,74655.88,1776398678000
1776398680.076,280.076,0.95,0.96,0.04,0.06,0.01,0.02,74655.88,1776398678000
1776398680.437,280.437,0.95,0.96,0.04,0.05,0.01,0.01,74655.88,1776398679000
1776398680.888,280.888,0.94,0.95,0.04,0.06,0.01,0.02,74655.88,1776398679000
1776398681.414,281.414,0.94,0.95,0.05,0.06,0.01,0.01,74655.88,1776398679000
1776398681.847,281.847,0.94,0.96,0.05,0.06,0.02,0.01,74656.4,1776398680000
1776398682.184,282.184,0.95,0.96,0.04,0.05,0.01,0.01,74656.4,1776398680000
1776398682.518,282.518,0.95,0.96,0.04,0.05,0.01,0.01,74656.4,1776398681000
1776398682.918,282.918,0.94,0.95,0.05,0.06,0.01,0.01,74656.4,1776398681000
1776398683.339,283.339,0.95,0.96,0.04,0.05,0.01,0.01,74656.4,1776398681000
1776398683.682,283.682,0.95,0.96,0.04,0.05,0.01,0.01,74657.0,1776398682000
1776398684.021,284.021,0.95,0.96,0.04,0.05,0.01,0.01,74657.0,1776398682000
1776398684.378,284.378,0.94,0.96,0.04,0.06,0.02,0.02,74656.4,1776398683000
1776398684.729,284.729,0.95,0.96,0.04,0.05,0.01,0.01,74656.4,1776398683000
1776398685.224,285.224,0.95,0.96,0.04,0.05,0.01,0.01,74656.4,1776398683000
1776398685.586,285.586,0.95,0.96,0.04,0.05,0.01,0.01,74656.4,1776398683000
1776398686.103,286.103,0.95,0.96,0.04,0.05,0.01,0.01,74655.89,1776398684000
1776398686.441,286.441,0.94,0.96,0.04,0.05,0.02,0.01,74655.79,1776398685000
1776398686.864,286.864,0.95,0.96,0.04,0.05,0.01,0.01,74655.79,1776398685000
1776398687.347,287.347,0.95,0.96,0.04,0.07,0.01,0.03,74655.79,1776398685000
1776398687.847,287.847,0.95,0.96,0.04,0.05,0.01,0.01,74654.97,1776398686000
1776398688.358,288.358,0.95,0.96,0.04,0.05,0.01,0.01,74655.74,1776398687000
1776398688.829,288.829,0.95,0.96,0.04,0.05,0.01,0.01,74655.74,1776398687000
1776398689.176,289.176,0.96,0.97,0.03,0.04,0.01,0.01,74655.74,1776398687000
1776398689.511,289.511,0.96,0.97,0.03,0.04,0.01,0.01,74655.74,1776398687000
1776398689.892,289.892,0.96,0.97,0.03,0.04,0.01,0.01,74658.03,1776398688000
1776398690.314,290.314,0.96,0.97,0.03,0.04,0.01,0.01,74658.03,1776398688000
1776398690.713,290.713,0.96,0.97,0.03,0.04,0.01,0.01,74658.03,1776398689000
1776398691.103,291.103,0.96,0.97,0.03,0.04,0.01,0.01,74658.03,1776398689000
1776398691.51,291.51,0.97,0.98,0.03,0.04,0.01,0.01,74658.03,1776398689000
1776398691.846,291.846,0.97,0.98,0.02,0.03,0.01,0.01,74663.62,1776398690000
1776398692.192,292.192,0.97,0.98,0.02,0.03,0.01,0.01,74663.62,1776398690000
1776398692.567,292.567,0.97,0.98,0.02,0.03,0.01,0.01,74663.62,1776398690000
1776398692.917,292.917,0.97,0.98,0.02,0.03,0.01,0.01,74663.78,1776398691000
1776398693.26,293.26,0.97,0.98,0.02,0.03,0.01,0.01,74663.78,1776398692000
1776398693.631,293.631,0.98,0.99,0.01,0.03,0.01,0.02,74663.78,1776398692000
1776398694.007,294.007,0.98,0.99,0.01,0.02,0.01,0.01,74663.78,1776398692000
1776398694.352,294.352,0.98,0.99,0.01,0.02,0.01,0.01,74663.78,1776398692000
1776398694.851,294.851,0.99,0.99,0.01,0.01,0.0,0.0,74664.67,1776398693000
1776398695.342,295.342,0.99,0.99,0.01,0.01,0.0,0.0,74664.67,1776398694000
1776398695.833,295.833,0.99,0.99,0.01,0.01,0.0,0.0,74664.67,1776398694000
1776398696.167,296.167,0.99,0.99,0.01,0.01,0.0,0.0,74664.67,1776398695000
1776398696.673,296.673,0.99,0.99,0.01,0.01,0.0,0.0,74664.67,1776398695000
1776398697.202,297.202,0.99,0.99,0.01,0.01,0.0,0.0,74664.67,1776398695000
1776398697.64,297.64,0.99,0.99,0.01,0.01,0.0,0.0,74664.31,1776398696000
1776398698.026,298.026,0.99,0.99,0.01,0.01,0.0,0.0,74664.31,1776398696000
1776398698.639,298.639,0.99,0.99,0.01,0.01,0.0,0.0,74664.66,1776398697000
1776398699.45,299.45,0.99,0.99,0.01,0.01,0.0,0.0,74664.29,1776398698000
1776398699.862,299.862,0.99,0.99,0.01,0.01,0.0,0.0,74664.29,1776398698000
1776398700.378,300.378,0.99,0.99,0.01,0.01,0.0,0.0,74664.38,1776398699000
1776398700.716,300.716,0.99,0.99,0.01,0.01,0.0,0.0,74664.38,1776398699000
1776398701.101,301.101,0.99,0.99,0.01,0.01,0.0,0.0,74664.34,1776398700000

# RESULT,winner=Up,slug=btc-updown-5m-1776398400,ticks=669
