timestamp,elapsed_sec,up_bid,up_ask,down_bid,down_ask,up_spread,down_spread,btc_price,btc_oracle_ts
1776681300.618,0.618,0.49,0.5,0.5,0.51,0.01,0.01,75200.02,1776681299000
1776681301.051,1.051,0.48,0.49,0.5,0.52,0.01,0.02,75200.02,1776681299000
1776681301.506,1.506,0.48,0.49,0.51,0.52,0.01,0.01,75200.03,1776681300000
1776681301.857,1.857,0.49,0.5,0.5,0.51,0.01,0.01,75200.03,1776681300000
1776681302.33,2.33,0.49,0.5,0.5,0.51,0.01,0.01,75200.03,1776681300000
1776681302.708,2.708,0.49,0.5,0.5,0.51,0.01,0.01,75199.91,1776681301000
1776681303.069,3.069,0.49,0.5,0.5,0.51,0.01,0.01,75199.91,1776681301000
1776681303.659,3.659,0.48,0.5,0.5,0.51,0.02,0.01,75199.8,1776681302000
1776681304.286,4.286,0.48,0.5,0.5,0.52,0.02,0.02,75199.83,1776681303000
1776681304.847,4.847,0.48,0.49,0.5,0.52,0.01,0.02,75199.83,1776681303000
1776681305.251,5.251,0.41,0.44,0.56,0.59,0.03,0.03,75198.08,1776681304000
1776681305.639,5.639,0.42,0.44,0.56,0.6,0.02,0.04,75198.08,1776681304000
1776681306.115,6.115,0.42,0.44,0.56,0.58,0.02,0.02,75198.08,1776681304000
1776681306.687,6.687,0.43,0.44,0.56,0.58,0.01,0.02,75191.86,1776681305000
1776681307.052,7.052,0.43,0.47,0.56,0.57,0.04,0.01,75191.86,1776681305000
1776681307.402,7.402,0.43,0.44,0.56,0.57,0.01,0.01,75192.14,1776681306000
1776681307.782,7.782,0.43,0.44,0.56,0.57,0.01,0.01,75192.14,1776681306000
1776681308.152,8.152,0.45,0.46,0.54,0.56,0.01,0.02,75192.14,1776681306000
1776681308.603,8.603,0.45,0.46,0.54,0.55,0.01,0.01,75195.96,1776681307000
1776681308.945,8.945,0.45,0.46,0.54,0.55,0.01,0.01,75195.96,1776681307000
1776681309.285,9.285,0.45,0.46,0.54,0.55,0.01,0.01,75195.13,1776681308000
1776681309.632,9.632,0.47,0.49,0.52,0.53,0.02,0.01,75195.13,1776681308000
1776681310.057,10.057,0.48,0.49,0.51,0.52,0.01,0.01,75195.13,1776681308000
1776681310.452,10.452,0.48,0.49,0.51,0.52,0.01,0.01,75195.15,1776681309000
1776681310.871,10.871,0.49,0.5,0.5,0.52,0.01,0.02,75195.15,1776681309000
1776681311.228,11.228,0.49,0.5,0.5,0.51,0.01,0.01,75196.42,1776681310000
1776681311.769,11.769,0.49,0.5,0.5,0.51,0.01,0.01,75196.42,1776681310000
1776681312.48,12.48,0.49,0.5,0.5,0.51,0.01,0.01,75196.42,1776681310000
1776681312.908,12.908,0.49,0.5,0.5,0.51,0.01,0.01,75198.89,1776681311000
1776681313.778,13.778,0.49,0.5,0.5,0.51,0.01,0.01,75198.89,1776681311000
1776681314.24,14.24,0.49,0.5,0.5,0.51,0.01,0.01,75198.9,1776681312000
1776681314.898,14.898,0.49,0.5,0.5,0.51,0.01,0.01,75198.91,1776681313000
1776681315.794,15.794,0.49,0.5,0.5,0.51,0.01,0.01,75198.93,1776681314000
1776681316.221,16.221,0.5,0.51,0.49,0.5,0.01,0.01,75198.93,1776681314000
1776681316.619,16.619,0.53,0.54,0.46,0.48,0.01,0.02,75198.97,1776681315000
1776681317.117,17.117,0.53,0.54,0.46,0.47,0.01,0.01,75201.91,1776681316000
1776681317.725,17.725,0.53,0.55,0.46,0.47,0.02,0.01,75201.91,1776681316000
1776681318.12,18.12,0.54,0.55,0.45,0.47,0.01,0.02,75201.91,1776681316000
1776681318.594,18.594,0.54,0.55,0.45,0.46,0.01,0.01,75201.91,1776681316000
1776681319.173,19.173,0.54,0.55,0.45,0.46,0.01,0.01,75204.57,1776681317000
1776681319.541,19.541,0.54,0.55,0.45,0.46,0.01,0.01,75204.74,1776681318000
1776681320.022,20.022,0.54,0.55,0.45,0.46,0.01,0.01,75204.74,1776681318000
1776681320.465,20.465,0.54,0.55,0.45,0.46,0.01,0.01,75204.79,1776681319000
1776681320.799,20.799,0.54,0.55,0.45,0.46,0.01,0.01,75204.79,1776681319000
1776681321.148,21.148,0.54,0.55,0.45,0.46,0.01,0.01,75204.79,1776681319000
1776681321.513,21.513,0.54,0.55,0.45,0.46,0.01,0.01,75204.79,1776681319000
1776681322.275,22.275,0.54,0.55,0.45,0.46,0.01,0.01,75205.0,1776681321000
1776681323.257,23.257,0.54,0.55,0.45,0.46,0.01,0.01,75205.0,1776681321000
1776681323.632,23.632,0.54,0.55,0.45,0.46,0.01,0.01,75205.0,1776681321000
1776681324.015,24.015,0.54,0.55,0.45,0.46,0.01,0.01,75205.4,1776681322000
1776681324.353,24.353,0.54,0.55,0.45,0.46,0.01,0.01,75205.39,1776681323000
1776681325.094,25.094,0.54,0.55,0.45,0.46,0.01,0.01,75205.33,1776681324000
1776681325.971,25.971,0.54,0.55,0.45,0.46,0.01,0.01,75205.33,1776681324000
1776681326.355,26.355,0.54,0.55,0.45,0.46,0.01,0.01,75205.33,1776681324000
1776681327.277,27.277,0.54,0.55,0.45,0.46,0.01,0.01,75205.37,1776681325000
1776681327.683,27.683,0.54,0.56,0.45,0.46,0.02,0.01,75205.37,1776681326000
1776681328.356,28.356,0.55,0.56,0.44,0.45,0.01,0.01,75205.37,1776681326000
1776681328.737,28.737,0.55,0.56,0.44,0.45,0.01,0.01,75205.37,1776681326000
1776681329.294,29.294,0.55,0.56,0.44,0.45,0.01,0.01,75205.34,1776681327000
1776681329.734,29.734,0.55,0.56,0.44,0.45,0.01,0.01,75205.34,1776681328000
1776681330.117,30.117,0.55,0.56,0.44,0.45,0.01,0.01,75205.34,1776681328000
1776681330.485,30.485,0.55,0.56,0.44,0.45,0.01,0.01,75205.41,1776681329000
1776681331.038,31.038,0.55,0.57,0.44,0.45,0.02,0.01,75205.41,1776681329000
1776681331.463,31.463,0.56,0.57,0.43,0.44,0.01,0.01,75205.41,1776681329000
1776681331.931,31.931,0.56,0.57,0.43,0.44,0.01,0.01,75201.82,1776681330000
1776681332.276,32.276,0.56,0.57,0.43,0.44,0.01,0.01,75201.82,1776681330000
1776681332.62,32.62,0.56,0.57,0.43,0.44,0.01,0.01,75201.82,1776681331000
1776681333.137,33.137,0.56,0.57,0.43,0.44,0.01,0.01,75201.82,1776681331000
1776681333.835,33.835,0.56,0.57,0.43,0.44,0.01,0.01,75205.41,1776681332000
1776681334.213,34.213,0.56,0.57,0.43,0.44,0.01,0.01,75205.33,1776681333000
1776681334.556,34.556,0.56,0.57,0.43,0.44,0.01,0.01,75205.33,1776681333000
1776681334.913,34.913,0.56,0.57,0.43,0.44,0.01,0.01,75205.33,1776681333000
1776681335.258,35.258,0.55,0.56,0.43,0.45,0.01,0.02,75205.33,1776681334000
1776681335.743,35.743,0.55,0.56,0.44,0.45,0.01,0.01,75205.33,1776681334000
1776681336.142,36.142,0.55,0.56,0.44,0.45,0.01,0.01,75205.57,1776681335000
1776681336.494,36.494,0.55,0.56,0.44,0.45,0.01,0.01,75205.57,1776681335000
1776681337.13,37.13,0.55,0.56,0.44,0.45,0.01,0.01,75205.56,1776681336000
1776681337.687,37.687,0.55,0.56,0.44,0.45,0.01,0.01,75205.56,1776681336000
1776681338.061,38.061,0.55,0.56,0.44,0.45,0.01,0.01,75205.56,1776681337000
1776681338.489,38.489,0.55,0.56,0.44,0.45,0.01,0.01,75205.56,1776681337000
1776681339.044,39.044,0.55,0.56,0.44,0.45,0.01,0.01,75205.56,1776681338000
1776681339.514,39.514,0.55,0.56,0.44,0.45,0.01,0.01,75205.56,1776681338000
1776681340.017,40.017,0.55,0.56,0.44,0.45,0.01,0.01,75205.56,1776681339000
1776681340.352,40.352,0.48,0.5,0.5,0.52,0.02,0.02,75205.56,1776681339000
1776681340.977,40.977,0.48,0.5,0.5,0.52,0.02,0.02,75205.52,1776681340000
1776681341.597,41.597,0.48,0.49,0.51,0.52,0.01,0.01,75205.52,1776681340000
1776681341.994,41.994,0.47,0.49,0.51,0.53,0.02,0.02,75200.96,1776681341000
1776681342.358,42.358,0.47,0.49,0.51,0.53,0.02,0.02,75200.96,1776681341000
1776681342.709,42.709,0.48,0.49,0.51,0.52,0.01,0.01,75200.96,1776681341000
1776681343.052,43.052,0.44,0.46,0.54,0.56,0.02,0.02,75194.72,1776681342000
1776681343.442,43.442,0.44,0.45,0.55,0.56,0.01,0.01,75194.72,1776681342000
1776681343.777,43.777,0.42,0.44,0.56,0.58,0.02,0.02,75194.72,1776681342000
1776681344.21,44.21,0.4,0.42,0.58,0.59,0.02,0.01,75194.72,1776681342000
1776681344.58,44.58,0.4,0.41,0.59,0.6,0.01,0.01,75193.44,1776681343000
1776681345.022,45.022,0.39,0.41,0.59,0.6,0.02,0.01,75193.44,1776681343000
1776681345.421,45.421,0.39,0.4,0.6,0.61,0.01,0.01,75191.46,1776681344000
1776681345.783,45.783,0.38,0.39,0.6,0.62,0.01,0.02,75191.46,1776681344000
1776681346.139,46.139,0.38,0.39,0.61,0.62,0.01,0.01,75191.46,1776681344000
1776681346.513,46.513,0.38,0.39,0.61,0.62,0.01,0.01,75186.86,1776681345000
1776681346.984,46.984,0.38,0.39,0.61,0.62,0.01,0.01,75186.86,1776681345000
1776681347.361,47.361,0.38,0.39,0.61,0.62,0.01,0.01,75186.86,1776681345000
1776681347.729,47.729,0.38,0.39,0.61,0.62,0.01,0.01,75186.13,1776681346000
1776681348.075,48.075,0.35,0.36,0.64,0.65,0.01,0.01,75186.13,1776681346000
1776681348.444,48.444,0.35,0.36,0.61,0.65,0.01,0.04,75184.74,1776681347000
1776681348.791,48.791,0.35,0.36,0.64,0.65,0.01,0.01,75184.74,1776681347000
1776681349.33,49.33,0.35,0.36,0.64,0.65,0.01,0.01,75183.18,1776681348000
1776681350.039,50.039,0.35,0.36,0.64,0.65,0.01,0.01,75183.18,1776681348000
1776681350.39,50.39,0.37,0.38,0.61,0.63,0.01,0.02,75183.18,1776681348000
1776681350.761,50.761,0.37,0.38,0.62,0.63,0.01,0.01,75179.26,1776681349000
1776681351.364,51.364,0.37,0.38,0.62,0.63,0.01,0.01,75179.1,1776681350000
1776681351.728,51.728,0.36,0.37,0.63,0.64,0.01,0.01,75179.1,1776681350000
1776681352.127,52.127,0.35,0.36,0.64,0.65,0.01,0.01,75179.1,1776681350000
1776681352.533,52.533,0.34,0.35,0.65,0.66,0.01,0.01,75179.46,1776681351000
1776681352.896,52.896,0.34,0.35,0.65,0.66,0.01,0.01,75179.46,1776681351000
1776681353.403,53.403,0.34,0.35,0.65,0.66,0.01,0.01,75179.46,1776681351000
1776681353.772,53.772,0.34,0.35,0.65,0.66,0.01,0.01,75180.72,1776681352000
1776681354.202,54.202,0.33,0.34,0.66,0.67,0.01,0.01,75179.34,1776681353000
1776681354.554,54.554,0.32,0.33,0.67,0.68,0.01,0.01,75179.34,1776681353000
1776681354.913,54.913,0.32,0.33,0.67,0.68,0.01,0.01,75179.34,1776681353000
1776681355.255,55.255,0.31,0.32,0.68,0.69,0.01,0.01,75177.54,1776681354000
1776681355.648,55.648,0.31,0.32,0.68,0.69,0.01,0.01,75177.54,1776681354000
1776681356.047,56.047,0.3,0.31,0.69,0.7,0.01,0.01,75177.54,1776681354000
1776681356.527,56.527,0.3,0.31,0.69,0.7,0.01,0.01,75173.69,1776681355000
1776681356.938,56.938,0.3,0.31,0.66,0.7,0.01,0.04,75173.69,1776681355000
1776681357.617,57.617,0.3,0.31,0.69,0.7,0.01,0.01,75173.06,1776681356000
1776681358.011,58.011,0.3,0.31,0.69,0.7,0.01,0.01,75172.76,1776681357000
1776681358.447,58.447,0.3,0.31,0.69,0.7,0.01,0.01,75172.76,1776681357000
1776681358.846,58.846,0.31,0.35,0.68,0.7,0.04,0.02,75172.76,1776681357000
1776681359.334,59.334,0.31,0.35,0.65,0.69,0.04,0.04,75172.76,1776681357000
1776681359.726,59.726,0.34,0.35,0.65,0.66,0.01,0.01,75172.76,1776681357000
1776681360.121,60.121,0.34,0.36,0.65,0.66,0.02,0.01,75172.76,1776681357000
1776681360.458,60.458,0.34,0.35,0.65,0.66,0.01,0.01,75172.76,1776681357000
1776681360.852,60.852,0.34,0.35,0.65,0.66,0.01,0.01,75173.12,1776681359000
1776681361.236,61.236,0.34,0.35,0.65,0.66,0.01,0.01,75174.61,1776681360000
1776681361.649,61.649,0.34,0.35,0.65,0.66,0.01,0.01,75174.61,1776681360000
1776681361.993,61.993,0.37,0.39,0.61,0.65,0.02,0.04,75174.61,1776681360000
1776681362.417,62.417,0.39,0.41,0.6,0.61,0.02,0.01,75174.56,1776681361000
1776681362.754,62.754,0.42,0.43,0.58,0.6,0.01,0.02,75174.56,1776681361000
1776681363.093,63.093,0.42,0.43,0.57,0.58,0.01,0.01,75174.56,1776681361000
1776681363.435,63.435,0.42,0.44,0.57,0.58,0.02,0.01,75175.38,1776681362000
1776681363.769,63.769,0.49,0.52,0.48,0.51,0.03,0.03,75175.38,1776681362000
1776681364.102,64.102,0.51,0.52,0.48,0.5,0.01,0.02,75175.38,1776681362000
1776681364.437,64.437,0.51,0.54,0.46,0.49,0.03,0.03,75176.07,1776681363000
1776681364.795,64.795,0.53,0.55,0.45,0.48,0.02,0.03,75176.07,1776681363000
1776681365.134,65.134,0.54,0.6,0.4,0.46,0.06,0.06,75176.07,1776681363000
1776681365.477,65.477,0.58,0.59,0.4,0.44,0.01,0.04,75176.07,1776681363000
1776681366.109,66.109,0.58,0.6,0.4,0.42,0.02,0.02,75198.35,1776681365000
1776681366.493,66.493,0.58,0.6,0.4,0.42,0.02,0.02,75198.35,1776681365000
1776681366.827,66.827,0.59,0.6,0.4,0.43,0.01,0.03,75198.35,1776681365000
1776681367.593,67.593,0.59,0.61,0.39,0.41,0.02,0.02,75204.52,1776681366000
1776681367.96,67.96,0.59,0.6,0.4,0.41,0.01,0.01,75204.52,1776681366000
1776681368.354,68.354,0.58,0.6,0.4,0.42,0.02,0.02,75209.74,1776681367000
1776681368.877,68.877,0.59,0.6,0.4,0.41,0.01,0.01,75209.74,1776681367000
1776681369.232,69.232,0.58,0.59,0.4,0.43,0.01,0.03,75209.74,1776681367000
1776681369.594,69.594,0.57,0.59,0.42,0.43,0.02,0.01,75209.74,1776681368000
1776681370.031,70.031,0.57,0.58,0.42,0.43,0.01,0.01,75209.74,1776681368000
1776681370.393,70.393,0.56,0.58,0.42,0.44,0.02,0.02,75208.21,1776681369000
1776681370.736,70.736,0.56,0.57,0.42,0.44,0.01,0.02,75208.21,1776681369000
1776681371.074,71.074,0.56,0.57,0.43,0.44,0.01,0.01,75208.21,1776681369000
1776681371.463,71.463,0.55,0.56,0.44,0.45,0.01,0.01,75206.93,1776681370000
1776681372.111,72.111,0.54,0.55,0.45,0.46,0.01,0.01,75206.93,1776681370000
1776681372.529,72.529,0.54,0.55,0.45,0.46,0.01,0.01,75206.49,1776681371000
1776681372.868,72.868,0.54,0.55,0.45,0.46,0.01,0.01,75206.49,1776681371000
1776681373.281,73.281,0.54,0.55,0.45,0.46,0.01,0.01,75206.32,1776681372000
1776681373.646,73.646,0.54,0.55,0.45,0.46,0.01,0.01,75206.32,1776681372000
1776681374.048,74.048,0.54,0.55,0.45,0.46,0.01,0.01,75206.32,1776681372000
1776681374.596,74.596,0.54,0.55,0.45,0.46,0.01,0.01,75203.98,1776681373000
1776681374.969,74.969,0.54,0.55,0.45,0.46,0.01,0.01,75203.98,1776681373000
1776681375.31,75.31,0.54,0.55,0.45,0.46,0.01,0.01,75203.98,1776681374000
1776681376.547,76.547,0.51,0.55,0.45,0.46,0.04,0.01,75203.98,1776681374000
1776681376.924,76.924,0.5,0.55,0.45,0.5,0.05,0.05,75200.78,1776681375000
1776681377.293,77.293,0.47,0.48,0.51,0.53,0.01,0.02,75200.78,1776681375000
1776681377.677,77.677,0.51,0.52,0.48,0.49,0.01,0.01,75200.78,1776681375000
1776681378.262,78.262,0.51,0.53,0.47,0.49,0.02,0.02,75198.93,1776681377000
1776681378.674,78.674,0.52,0.54,0.46,0.48,0.02,0.02,75198.93,1776681377000
1776681379.15,79.15,0.55,0.56,0.44,0.45,0.01,0.01,75198.93,1776681377000
1776681379.498,79.498,0.56,0.57,0.43,0.44,0.01,0.01,75198.93,1776681377000
1776681379.851,79.851,0.56,0.57,0.43,0.44,0.01,0.01,75205.11,1776681378000
1776681380.269,80.269,0.57,0.58,0.42,0.43,0.01,0.01,75205.11,1776681378000
1776681380.621,80.621,0.57,0.58,0.42,0.43,0.01,0.01,75208.86,1776681379000
1776681380.985,80.985,0.57,0.58,0.42,0.43,0.01,0.01,75208.86,1776681379000
1776681381.365,81.365,0.57,0.58,0.42,0.43,0.01,0.01,75208.86,1776681379000
1776681381.834,81.834,0.57,0.58,0.42,0.43,0.01,0.01,75208.86,1776681379000
1776681382.23,82.23,0.57,0.58,0.42,0.43,0.01,0.01,75208.65,1776681380000
1776681382.875,82.875,0.57,0.58,0.42,0.43,0.01,0.01,75208.65,1776681381000
1776681383.392,83.392,0.57,0.58,0.42,0.43,0.01,0.01,75208.65,1776681381000
1776681383.771,83.771,0.57,0.59,0.41,0.43,0.02,0.02,75208.3,1776681382000
1776681384.396,84.396,0.58,0.59,0.41,0.42,0.01,0.01,75207.9,1776681383000
1776681384.775,84.775,0.58,0.59,0.41,0.42,0.01,0.01,75207.9,1776681383000
1776681385.122,85.122,0.58,0.59,0.41,0.42,0.01,0.01,75208.0,1776681384000
1776681385.499,85.499,0.59,0.6,0.4,0.41,0.01,0.01,75208.0,1776681384000
1776681385.834,85.834,0.6,0.62,0.38,0.4,0.02,0.02,75208.0,1776681384000
1776681386.169,86.169,0.6,0.63,0.37,0.4,0.03,0.03,75208.0,1776681384000
1776681386.504,86.504,0.62,0.63,0.36,0.38,0.01,0.02,75214.74,1776681385000
1776681386.864,86.864,0.63,0.65,0.35,0.37,0.02,0.02,75214.74,1776681385000
1776681387.201,87.201,0.63,0.64,0.36,0.37,0.01,0.01,75214.74,1776681385000
1776681387.681,87.681,0.63,0.64,0.36,0.37,0.01,0.01,75216.24,1776681386000
1776681388.173,88.173,0.63,0.64,0.36,0.37,0.01,0.01,75216.24,1776681386000
1776681388.56,88.56,0.63,0.64,0.36,0.37,0.01,0.01,75216.24,1776681386000
1776681388.91,88.91,0.63,0.64,0.36,0.37,0.01,0.01,75217.38,1776681387000
1776681389.276,89.276,0.63,0.64,0.36,0.37,0.01,0.01,75217.38,1776681387000
1776681389.67,89.67,0.63,0.64,0.36,0.37,0.01,0.01,75217.38,1776681387000
1776681390.015,90.015,0.63,0.65,0.35,0.37,0.02,0.02,75217.57,1776681388000
1776681390.404,90.404,0.64,0.65,0.35,0.36,0.01,0.01,75217.56,1776681389000
1776681390.793,90.793,0.64,0.65,0.35,0.36,0.01,0.01,75217.56,1776681389000
1776681391.142,91.142,0.64,0.65,0.35,0.36,0.01,0.01,75217.56,1776681389000
1776681391.653,91.653,0.64,0.65,0.35,0.36,0.01,0.01,75217.56,1776681389000
1776681392.164,92.164,0.64,0.65,0.35,0.36,0.01,0.01,75217.37,1776681390000
1776681392.551,92.551,0.64,0.65,0.35,0.36,0.01,0.01,75217.37,1776681390000
1776681392.912,92.912,0.64,0.65,0.35,0.36,0.01,0.01,75217.37,1776681390000
1776681393.25,93.25,0.64,0.65,0.35,0.36,0.01,0.01,75217.37,1776681390000
1776681393.916,93.916,0.63,0.65,0.35,0.36,0.02,0.01,75217.58,1776681392000
1776681394.513,94.513,0.62,0.64,0.35,0.37,0.02,0.02,75217.58,1776681392000
1776681394.914,94.914,0.55,0.57,0.43,0.44,0.02,0.01,75217.68,1776681393000
1776681395.255,95.255,0.55,0.57,0.43,0.45,0.02,0.02,75217.68,1776681393000
1776681395.633,95.633,0.56,0.57,0.43,0.44,0.01,0.01,75217.68,1776681393000
1776681396.015,96.015,0.56,0.57,0.43,0.44,0.01,0.01,75217.51,1776681394000
1776681396.406,96.406,0.56,0.58,0.43,0.44,0.02,0.01,75217.51,1776681394000
1776681396.922,96.922,0.57,0.58,0.42,0.43,0.01,0.01,75214.02,1776681395000
1776681397.282,97.282,0.57,0.58,0.42,0.43,0.01,0.01,75214.02,1776681395000
1776681397.669,97.669,0.57,0.58,0.42,0.43,0.01,0.01,75209.03,1776681396000
1776681398.101,98.101,0.57,0.58,0.42,0.43,0.01,0.01,75209.03,1776681396000
1776681398.525,98.525,0.55,0.57,0.43,0.45,0.02,0.02,75212.23,1776681397000
1776681398.873,98.873,0.55,0.56,0.44,0.45,0.01,0.01,75212.23,1776681397000
1776681399.312,99.312,0.55,0.56,0.44,0.45,0.01,0.01,75212.23,1776681397000
1776681399.757,99.757,0.55,0.56,0.44,0.45,0.01,0.01,75211.12,1776681398000
1776681400.2,100.2,0.54,0.56,0.44,0.45,0.02,0.01,75210.77,1776681399000
1776681401.176,101.176,0.54,0.55,0.45,0.46,0.01,0.01,75210.77,1776681399000
1776681401.552,101.552,0.54,0.55,0.45,0.46,0.01,0.01,75210.77,1776681400000
1776681402.214,102.214,0.54,0.55,0.45,0.46,0.01,0.01,75208.16,1776681401000
1776681402.756,102.756,0.54,0.55,0.45,0.46,0.01,0.01,75208.16,1776681401000
1776681403.092,103.092,0.54,0.56,0.44,0.46,0.02,0.02,75208.16,1776681401000
1776681403.449,103.449,0.55,0.56,0.44,0.45,0.01,0.01,75208.16,1776681401000
1776681403.886,103.886,0.55,0.56,0.44,0.45,0.01,0.01,75209.52,1776681402000
1776681404.219,104.219,0.55,0.56,0.44,0.45,0.01,0.01,75209.59,1776681403000
1776681404.806,104.806,0.55,0.56,0.44,0.45,0.01,0.01,75209.59,1776681403000
1776681405.528,105.528,0.55,0.56,0.44,0.45,0.01,0.01,75209.59,1776681403000
1776681405.865,105.865,0.55,0.56,0.44,0.45,0.01,0.01,75209.69,1776681404000
1776681406.203,106.203,0.55,0.56,0.44,0.45,0.01,0.01,75207.03,1776681405000
1776681406.614,106.614,0.55,0.56,0.44,0.45,0.01,0.01,75207.03,1776681405000
1776681407.325,107.325,0.55,0.56,0.44,0.45,0.01,0.01,75207.03,1776681405000
1776681407.89,107.89,0.55,0.56,0.44,0.45,0.01,0.01,75209.77,1776681406000
1776681408.323,108.323,0.56,0.57,0.43,0.45,0.01,0.02,75209.8,1776681407000
1776681409.233,109.233,0.56,0.57,0.43,0.44,0.01,0.01,75209.8,1776681407000
1776681409.63,109.63,0.56,0.58,0.43,0.44,0.02,0.01,75209.8,1776681407000
1776681410.206,110.206,0.56,0.58,0.42,0.44,0.02,0.02,75206.94,1776681409000
1776681411.31,111.31,0.57,0.58,0.42,0.43,0.01,0.01,75208.21,1776681410000
1776681411.862,111.862,0.57,0.58,0.42,0.43,0.01,0.01,75208.21,1776681410000
1776681412.227,112.227,0.57,0.58,0.42,0.43,0.01,0.01,75209.8,1776681411000
1776681413.279,113.279,0.57,0.58,0.42,0.43,0.01,0.01,75207.46,1776681412000
1776681413.787,113.787,0.57,0.58,0.42,0.43,0.01,0.01,75207.46,1776681412000
1776681414.215,114.215,0.57,0.58,0.42,0.43,0.01,0.01,75207.46,1776681412000
1776681414.629,114.629,0.57,0.58,0.42,0.43,0.01,0.01,75209.55,1776681413000
1776681415.05,115.05,0.57,0.58,0.42,0.43,0.01,0.01,75209.55,1776681413000
1776681415.398,115.398,0.57,0.58,0.42,0.43,0.01,0.01,75209.55,1776681414000
1776681415.806,115.806,0.57,0.59,0.41,0.43,0.02,0.02,75209.55,1776681414000
1776681416.29,116.29,0.57,0.58,0.42,0.43,0.01,0.01,75209.67,1776681415000
1776681416.959,116.959,0.57,0.58,0.42,0.43,0.01,0.01,75209.67,1776681415000
1776681417.629,117.629,0.57,0.58,0.42,0.43,0.01,0.01,75209.54,1776681416000
1776681418.208,118.208,0.57,0.58,0.42,0.43,0.01,0.01,75209.54,1776681417000
1776681418.605,118.605,0.58,0.59,0.41,0.42,0.01,0.01,75209.54,1776681417000
1776681419.047,119.047,0.58,0.6,0.41,0.42,0.02,0.01,75209.54,1776681417000
1776681420.173,120.173,0.59,0.6,0.4,0.42,0.01,0.02,75209.66,1776681418000
1776681421.317,121.317,0.58,0.6,0.4,0.42,0.02,0.02,75210.09,1776681420000
1776681421.75,121.75,0.58,0.6,0.4,0.42,0.02,0.02,75210.09,1776681420000
1776681422.127,122.127,0.58,0.6,0.4,0.42,0.02,0.02,75210.09,1776681420000
1776681422.484,122.484,0.58,0.6,0.4,0.42,0.02,0.02,75210.01,1776681421000
1776681422.897,122.897,0.57,0.6,0.4,0.42,0.03,0.02,75210.01,1776681421000
1776681423.233,123.233,0.52,0.54,0.46,0.48,0.02,0.02,75200.61,1776681422000
1776681423.605,123.605,0.51,0.54,0.46,0.49,0.03,0.03,75200.61,1776681422000
1776681424.054,124.054,0.5,0.54,0.46,0.49,0.04,0.03,75200.61,1776681422000
1776681424.738,124.738,0.5,0.51,0.49,0.5,0.01,0.01,75199.82,1776681423000
1776681425.144,125.144,0.5,0.51,0.49,0.5,0.01,0.01,75199.82,1776681423000
1776681425.489,125.489,0.49,0.5,0.5,0.51,0.01,0.01,75197.46,1776681424000
1776681425.902,125.902,0.49,0.5,0.5,0.51,0.01,0.01,75197.46,1776681424000
1776681426.293,126.293,0.47,0.48,0.52,0.53,0.01,0.01,75197.46,1776681424000
1776681426.84,126.84,0.46,0.47,0.52,0.53,0.01,0.01,75197.57,1776681425000
1776681427.179,127.179,0.46,0.47,0.53,0.54,0.01,0.01,75196.39,1776681426000
1776681427.958,127.958,0.46,0.47,0.53,0.54,0.01,0.01,75196.39,1776681426000
1776681428.342,128.342,0.46,0.47,0.53,0.54,0.01,0.01,75195.69,1776681427000
1776681428.695,128.695,0.46,0.47,0.53,0.54,0.01,0.01,75195.69,1776681427000
1776681429.127,129.127,0.46,0.47,0.53,0.54,0.01,0.01,75195.41,1776681428000
1776681429.486,129.486,0.46,0.47,0.53,0.54,0.01,0.01,75195.41,1776681428000
1776681429.882,129.882,0.46,0.47,0.53,0.54,0.01,0.01,75195.41,1776681428000
1776681430.218,130.218,0.46,0.47,0.53,0.54,0.01,0.01,75195.41,1776681428000
1776681430.66,130.66,0.45,0.46,0.53,0.55,0.01,0.02,75195.5,1776681429000
1776681430.993,130.993,0.43,0.44,0.56,0.57,0.01,0.01,75195.5,1776681429000
1776681431.379,131.379,0.42,0.43,0.56,0.58,0.01,0.02,75196.55,1776681430000
1776681431.758,131.758,0.41,0.43,0.57,0.58,0.02,0.01,75196.55,1776681430000
1776681432.104,132.104,0.41,0.42,0.58,0.59,0.01,0.01,75196.55,1776681430000
1776681432.468,132.468,0.4,0.41,0.59,0.6,0.01,0.01,75196.07,1776681431000
1776681432.862,132.862,0.39,0.4,0.59,0.61,0.01,0.02,75196.07,1776681431000
1776681433.219,133.219,0.39,0.4,0.6,0.61,0.01,0.01,75196.07,1776681431000
1776681433.794,133.794,0.39,0.4,0.6,0.61,0.01,0.01,75194.19,1776681432000
1776681434.212,134.212,0.39,0.4,0.6,0.61,0.01,0.01,75192.32,1776681433000
1776681434.583,134.583,0.39,0.4,0.6,0.61,0.01,0.01,75192.32,1776681433000
1776681434.924,134.924,0.39,0.4,0.6,0.61,0.01,0.01,75188.66,1776681434000
1776681435.338,135.338,0.39,0.4,0.6,0.61,0.01,0.01,75188.66,1776681434000
1776681435.849,135.849,0.39,0.4,0.6,0.61,0.01,0.01,75188.66,1776681434000
1776681436.204,136.204,0.39,0.4,0.6,0.61,0.01,0.01,75188.96,1776681435000
1776681436.537,136.537,0.39,0.4,0.6,0.61,0.01,0.01,75188.96,1776681435000
1776681436.967,136.967,0.41,0.42,0.58,0.59,0.01,0.01,75188.96,1776681435000
1776681437.588,137.588,0.41,0.42,0.58,0.59,0.01,0.01,75189.35,1776681436000
1776681437.945,137.945,0.41,0.42,0.58,0.59,0.01,0.01,75189.35,1776681436000
1776681438.284,138.284,0.41,0.42,0.58,0.59,0.01,0.01,75189.52,1776681437000
1776681438.851,138.851,0.41,0.42,0.58,0.59,0.01,0.01,75189.52,1776681437000
1776681439.2,139.2,0.4,0.41,0.59,0.6,0.01,0.01,75189.52,1776681437000
1776681439.536,139.536,0.38,0.39,0.61,0.62,0.01,0.01,75191.15,1776681438000
1776681439.946,139.946,0.38,0.39,0.61,0.62,0.01,0.01,75191.15,1776681438000
1776681440.306,140.306,0.38,0.39,0.61,0.62,0.01,0.01,75191.15,1776681439000
1776681440.661,140.661,0.38,0.39,0.61,0.62,0.01,0.01,75191.15,1776681439000
1776681441.069,141.069,0.38,0.39,0.61,0.62,0.01,0.01,75191.15,1776681439000
1776681441.534,141.534,0.38,0.39,0.61,0.62,0.01,0.01,75191.15,1776681439000
1776681441.873,141.873,0.38,0.39,0.61,0.62,0.01,0.01,75187.58,1776681440000
1776681442.301,142.301,0.37,0.38,0.61,0.63,0.01,0.02,75187.29,1776681441000
1776681442.99,142.99,0.37,0.38,0.62,0.63,0.01,0.01,75187.29,1776681441000
1776681443.485,143.485,0.37,0.38,0.62,0.63,0.01,0.01,75187.52,1776681442000
1776681444.012,144.012,0.37,0.38,0.62,0.63,0.01,0.01,75187.52,1776681442000
1776681444.385,144.385,0.37,0.38,0.62,0.63,0.01,0.01,75187.52,1776681442000
1776681444.932,144.932,0.37,0.38,0.62,0.63,0.01,0.01,75187.85,1776681443000
1776681445.446,145.446,0.37,0.38,0.62,0.63,0.01,0.01,75185.87,1776681444000
1776681445.88,145.88,0.37,0.38,0.62,0.63,0.01,0.01,75185.87,1776681444000
1776681446.285,146.285,0.37,0.38,0.62,0.63,0.01,0.01,75185.87,1776681445000
1776681446.933,146.933,0.37,0.38,0.62,0.63,0.01,0.01,75185.87,1776681445000
1776681447.383,147.383,0.38,0.43,0.61,0.63,0.05,0.02,75185.61,1776681446000
1776681447.732,147.732,0.42,0.43,0.57,0.58,0.01,0.01,75185.61,1776681446000
1776681448.142,148.142,0.42,0.43,0.57,0.58,0.01,0.01,75185.61,1776681446000
1776681448.48,148.48,0.42,0.43,0.57,0.58,0.01,0.01,75185.62,1776681447000
1776681448.881,148.881,0.42,0.43,0.57,0.58,0.01,0.01,75185.62,1776681447000
1776681449.236,149.236,0.42,0.43,0.57,0.58,0.01,0.01,75185.62,1776681447000
1776681449.964,149.964,0.39,0.4,0.6,0.61,0.01,0.01,75186.88,1776681448000
1776681450.335,150.335,0.38,0.4,0.6,0.62,0.02,0.02,75187.32,1776681449000
1776681451.142,151.142,0.38,0.39,0.61,0.62,0.01,0.01,75187.32,1776681449000
1776681451.627,151.627,0.38,0.39,0.61,0.62,0.01,0.01,75186.76,1776681450000
1776681452.07,152.07,0.38,0.39,0.61,0.62,0.01,0.01,75186.73,1776681451000
1776681452.421,152.421,0.37,0.38,0.61,0.63,0.01,0.02,75186.73,1776681451000
1776681452.885,152.885,0.37,0.38,0.62,0.63,0.01,0.01,75186.73,1776681451000
1776681453.232,153.232,0.37,0.38,0.62,0.65,0.01,0.03,75186.65,1776681452000
1776681453.652,153.652,0.36,0.37,0.63,0.64,0.01,0.01,75186.65,1776681452000
1776681454.162,154.162,0.36,0.37,0.63,0.64,0.01,0.01,75186.65,1776681452000
1776681454.502,154.502,0.3,0.35,0.65,0.7,0.05,0.05,75186.51,1776681453000
1776681454.841,154.841,0.32,0.33,0.66,0.68,0.01,0.02,75186.51,1776681453000
1776681455.186,155.186,0.32,0.33,0.67,0.68,0.01,0.01,75186.51,1776681453000
1776681455.651,155.651,0.31,0.32,0.67,0.69,0.01,0.02,75186.38,1776681454000
1776681456.365,156.365,0.3,0.31,0.69,0.7,0.01,0.01,75181.05,1776681455000
1776681456.722,156.722,0.35,0.37,0.61,0.66,0.02,0.05,75181.05,1776681455000
1776681457.121,157.121,0.37,0.38,0.62,0.63,0.01,0.01,75179.96,1776681456000
1776681457.541,157.541,0.37,0.38,0.62,0.63,0.01,0.01,75179.96,1776681456000
1776681457.894,157.894,0.37,0.38,0.62,0.63,0.01,0.01,75179.96,1776681456000
1776681458.29,158.29,0.37,0.38,0.62,0.63,0.01,0.01,75179.96,1776681457000
1776681458.873,158.873,0.38,0.39,0.61,0.62,0.01,0.01,75179.96,1776681457000
1776681459.216,159.216,0.38,0.39,0.61,0.62,0.01,0.01,75179.96,1776681457000
1776681460.23,160.23,0.38,0.39,0.61,0.62,0.01,0.01,75183.97,1776681459000
1776681460.574,160.574,0.45,0.49,0.52,0.55,0.04,0.03,75183.97,1776681459000
1776681460.95,160.95,0.46,0.47,0.51,0.56,0.01,0.05,75183.97,1776681459000
1776681461.329,161.329,0.49,0.54,0.47,0.51,0.05,0.04,75185.49,1776681460000
1776681461.669,161.669,0.5,0.54,0.46,0.5,0.04,0.04,75185.49,1776681460000
1776681462.104,162.104,0.52,0.54,0.45,0.49,0.02,0.04,75185.49,1776681460000
1776681462.55,162.55,0.53,0.54,0.46,0.47,0.01,0.01,75185.49,1776681460000
1776681462.915,162.915,0.53,0.54,0.46,0.47,0.01,0.01,75199.99,1776681461000
1776681463.52,163.52,0.53,0.54,0.46,0.47,0.01,0.01,75200.54,1776681462000
1776681464.175,164.175,0.53,0.54,0.46,0.47,0.01,0.01,75200.54,1776681462000
1776681464.715,164.715,0.53,0.54,0.46,0.47,0.01,0.01,75199.19,1776681463000
1776681465.287,165.287,0.53,0.54,0.46,0.47,0.01,0.01,75199.19,1776681463000
1776681465.768,165.768,0.53,0.54,0.46,0.47,0.01,0.01,75197.64,1776681464000
1776681466.241,166.241,0.53,0.54,0.46,0.47,0.01,0.01,75197.64,1776681464000
1776681466.92,166.92,0.53,0.54,0.46,0.47,0.01,0.01,75197.68,1776681465000
1776681467.276,167.276,0.53,0.54,0.46,0.47,0.01,0.01,75197.68,1776681465000
1776681467.739,167.739,0.54,0.55,0.46,0.47,0.01,0.01,75197.68,1776681465000
1776681468.076,168.076,0.55,0.57,0.43,0.45,0.02,0.02,75197.68,1776681465000
1776681468.515,168.515,0.56,0.57,0.43,0.44,0.01,0.01,75197.68,1776681467000
1776681468.859,168.859,0.58,0.59,0.41,0.44,0.01,0.03,75197.68,1776681467000
1776681469.294,169.294,0.58,0.59,0.41,0.42,0.01,0.01,75198.19,1776681468000
1776681469.731,169.731,0.56,0.57,0.43,0.45,0.01,0.02,75198.19,1776681468000
1776681470.315,170.315,0.56,0.57,0.43,0.44,0.01,0.01,75200.55,1776681469000
1776681470.828,170.828,0.55,0.56,0.43,0.45,0.01,0.02,75200.55,1776681469000
1776681471.461,171.461,0.55,0.56,0.44,0.45,0.01,0.01,75202.99,1776681470000
1776681472.091,172.091,0.53,0.55,0.45,0.47,0.02,0.02,75202.99,1776681471000
1776681472.843,172.843,0.53,0.54,0.45,0.47,0.01,0.02,75202.99,1776681471000
1776681473.694,173.694,0.53,0.54,0.46,0.47,0.01,0.01,75201.09,1776681472000
1776681474.052,174.052,0.52,0.54,0.46,0.48,0.02,0.02,75201.09,1776681472000
1776681474.397,174.397,0.52,0.54,0.46,0.48,0.02,0.02,75199.7,1776681473000
1776681474.849,174.849,0.52,0.54,0.46,0.48,0.02,0.02,75199.7,1776681473000
1776681475.211,175.211,0.52,0.54,0.46,0.48,0.02,0.02,75199.7,1776681473000
1776681475.545,175.545,0.52,0.53,0.47,0.48,0.01,0.01,75199.71,1776681474000
1776681476.181,176.181,0.52,0.53,0.47,0.48,0.01,0.01,75199.71,1776681475000
1776681476.573,176.573,0.52,0.53,0.47,0.48,0.01,0.01,75199.71,1776681475000
1776681476.998,176.998,0.52,0.53,0.47,0.48,0.01,0.01,75199.71,1776681475000
1776681477.396,177.396,0.52,0.53,0.47,0.48,0.01,0.01,75199.7,1776681476000
1776681477.83,177.83,0.52,0.53,0.47,0.48,0.01,0.01,75199.7,1776681476000
1776681478.395,178.395,0.52,0.53,0.47,0.48,0.01,0.01,75199.78,1776681477000
1776681478.74,178.74,0.52,0.53,0.47,0.48,0.01,0.01,75199.78,1776681477000
1776681479.11,179.11,0.52,0.53,0.47,0.48,0.01,0.01,75199.77,1776681478000
1776681479.822,179.822,0.53,0.54,0.46,0.47,0.01,0.01,75199.77,1776681478000
1776681480.294,180.294,0.53,0.54,0.46,0.47,0.01,0.01,75199.72,1776681479000
1776681481.173,181.173,0.53,0.54,0.46,0.47,0.01,0.01,75199.72,1776681479000
1776681481.952,181.952,0.53,0.54,0.46,0.47,0.01,0.01,75200.57,1776681481000
1776681482.38,182.38,0.53,0.54,0.46,0.47,0.01,0.01,75200.57,1776681481000
1776681482.859,182.859,0.52,0.54,0.46,0.47,0.02,0.01,75200.57,1776681481000
1776681483.234,183.234,0.52,0.54,0.46,0.48,0.02,0.02,75200.14,1776681482000
1776681483.582,183.582,0.51,0.52,0.46,0.48,0.01,0.02,75200.14,1776681482000
1776681484.038,184.038,0.5,0.52,0.47,0.5,0.02,0.03,75200.14,1776681482000
1776681484.635,184.635,0.5,0.52,0.48,0.5,0.02,0.02,75199.61,1776681483000
1776681484.968,184.968,0.42,0.44,0.56,0.58,0.02,0.02,75199.61,1776681483000
1776681485.364,185.364,0.4,0.41,0.59,0.6,0.01,0.01,75199.78,1776681484000
1776681485.697,185.697,0.37,0.41,0.59,0.63,0.04,0.04,75199.78,1776681484000
1776681486.09,186.09,0.36,0.41,0.59,0.63,0.05,0.04,75199.78,1776681484000
1776681486.46,186.46,0.37,0.39,0.61,0.64,0.02,0.03,75199.78,1776681484000
1776681486.908,186.908,0.37,0.38,0.62,0.63,0.01,0.01,75190.12,1776681485000
1776681487.265,187.265,0.36,0.37,0.63,0.64,0.01,0.01,75188.27,1776681486000
1776681487.836,187.836,0.35,0.36,0.64,0.65,0.01,0.01,75188.27,1776681486000
1776681488.217,188.217,0.35,0.36,0.64,0.65,0.01,0.01,75186.14,1776681487000
1776681488.944,188.944,0.35,0.36,0.64,0.65,0.01,0.01,75186.14,1776681487000
1776681489.378,189.378,0.35,0.36,0.64,0.65,0.01,0.01,75186.14,1776681487000
1776681489.873,189.873,0.35,0.36,0.64,0.65,0.01,0.01,75185.12,1776681488000
1776681490.244,190.244,0.35,0.36,0.64,0.65,0.01,0.01,75184.12,1776681489000
1776681491.173,191.173,0.35,0.36,0.64,0.65,0.01,0.01,75184.12,1776681489000
1776681491.725,191.725,0.35,0.36,0.64,0.65,0.01,0.01,75184.12,1776681490000
1776681492.163,192.163,0.35,0.36,0.64,0.65,0.01,0.01,75184.12,1776681490000
1776681492.512,192.512,0.36,0.37,0.63,0.65,0.01,0.02,75184.88,1776681491000
1776681492.974,192.974,0.36,0.37,0.63,0.64,0.01,0.01,75185.38,1776681492000
1776681493.417,193.417,0.36,0.37,0.63,0.64,0.01,0.01,75185.38,1776681492000
1776681494.208,194.208,0.4,0.41,0.59,0.6,0.01,0.01,75185.38,1776681492000
1776681494.563,194.563,0.41,0.42,0.58,0.59,0.01,0.01,75186.97,1776681493000
1776681494.913,194.913,0.43,0.44,0.56,0.57,0.01,0.01,75186.97,1776681493000
1776681495.307,195.307,0.43,0.44,0.56,0.57,0.01,0.01,75189.15,1776681494000
1776681495.816,195.816,0.42,0.43,0.56,0.57,0.01,0.01,75189.15,1776681494000
1776681496.19,196.19,0.42,0.43,0.57,0.58,0.01,0.01,75189.15,1776681494000
1776681496.616,196.616,0.42,0.43,0.57,0.58,0.01,0.01,75189.21,1776681495000
1776681497.031,197.031,0.42,0.43,0.57,0.58,0.01,0.01,75189.21,1776681495000
1776681498.647,198.647,0.41,0.42,0.57,0.59,0.01,0.02,75189.2,1776681496000
1776681499.019,199.019,0.41,0.42,0.58,0.59,0.01,0.01,75189.36,1776681497000
1776681499.397,199.397,0.41,0.42,0.58,0.59,0.01,0.01,75189.37,1776681498000
1776681500.092,200.092,0.41,0.42,0.58,0.59,0.01,0.01,75189.37,1776681498000
1776681500.476,200.476,0.41,0.42,0.58,0.59,0.01,0.01,75189.33,1776681499000
1776681500.82,200.82,0.41,0.42,0.58,0.59,0.01,0.01,75189.33,1776681499000
1776681501.335,201.335,0.41,0.42,0.58,0.6,0.01,0.02,75189.33,1776681499000
1776681501.711,201.711,0.41,0.42,0.58,0.59,0.01,0.01,75189.39,1776681500000
1776681502.08,202.08,0.41,0.42,0.58,0.59,0.01,0.01,75189.4,1776681501000
1776681502.674,202.674,0.41,0.42,0.58,0.59,0.01,0.01,75189.4,1776681501000
1776681503.1,203.1,0.41,0.42,0.58,0.59,0.01,0.01,75189.4,1776681501000
1776681503.436,203.436,0.41,0.42,0.58,0.59,0.01,0.01,75189.42,1776681502000
1776681503.871,203.871,0.41,0.42,0.58,0.59,0.01,0.01,75189.42,1776681502000
1776681504.323,204.323,0.41,0.42,0.58,0.59,0.01,0.01,75189.53,1776681503000
1776681504.79,204.79,0.41,0.42,0.58,0.59,0.01,0.01,75189.53,1776681503000
1776681505.139,205.139,0.41,0.42,0.58,0.59,0.01,0.01,75189.53,1776681503000
1776681505.475,205.475,0.41,0.42,0.58,0.59,0.01,0.01,75189.53,1776681504000
1776681506.377,206.377,0.41,0.42,0.58,0.59,0.01,0.01,75189.33,1776681505000
1776681507.344,207.344,0.41,0.42,0.58,0.59,0.01,0.01,75189.37,1776681506000
1776681508.079,208.079,0.41,0.42,0.58,0.59,0.01,0.01,75189.37,1776681506000
1776681509.497,209.497,0.41,0.42,0.58,0.59,0.01,0.01,75189.35,1776681508000
1776681509.986,209.986,0.41,0.42,0.58,0.59,0.01,0.01,75189.36,1776681509000
1776681510.432,210.432,0.41,0.42,0.58,0.59,0.01,0.01,75189.36,1776681509000
1776681510.803,210.803,0.41,0.42,0.58,0.59,0.01,0.01,75189.36,1776681509000
1776681511.205,211.205,0.41,0.42,0.58,0.59,0.01,0.01,75189.28,1776681510000
1776681511.601,211.601,0.41,0.42,0.58,0.59,0.01,0.01,75189.28,1776681510000
1776681512.077,212.077,0.41,0.42,0.58,0.59,0.01,0.01,75189.28,1776681510000
1776681512.511,212.511,0.49,0.55,0.49,0.52,0.06,0.03,75189.28,1776681510000
1776681512.904,212.904,0.52,0.54,0.46,0.48,0.02,0.02,75192.29,1776681511000
1776681513.259,213.259,0.53,0.55,0.45,0.47,0.02,0.02,75192.29,1776681511000
1776681514.201,214.201,0.53,0.54,0.46,0.47,0.01,0.01,75201.32,1776681513000
1776681515.451,215.451,0.53,0.54,0.46,0.47,0.01,0.01,75202.7,1776681514000
1776681515.963,215.963,0.53,0.54,0.46,0.47,0.01,0.01,75202.74,1776681515000
1776681516.631,216.631,0.55,0.56,0.46,0.47,0.01,0.01,75202.74,1776681515000
1776681517.218,217.218,0.55,0.56,0.44,0.45,0.01,0.01,75202.7,1776681516000
1776681517.84,217.84,0.53,0.56,0.44,0.45,0.03,0.01,75202.7,1776681516000
1776681518.446,218.446,0.53,0.56,0.46,0.47,0.03,0.01,75202.7,1776681516000
1776681518.816,218.816,0.53,0.57,0.44,0.47,0.04,0.03,75202.71,1776681517000
1776681519.192,219.192,0.53,0.54,0.46,0.47,0.01,0.01,75203.28,1776681518000
1776681519.837,219.837,0.54,0.57,0.43,0.46,0.03,0.03,75203.28,1776681518000
1776681520.18,220.18,0.57,0.59,0.4,0.43,0.02,0.03,75203.28,1776681518000
1776681520.562,220.562,0.58,0.6,0.4,0.42,0.02,0.02,75207.56,1776681519000
1776681520.981,220.981,0.59,0.6,0.4,0.42,0.01,0.02,75207.56,1776681519000
1776681521.32,221.32,0.59,0.6,0.4,0.41,0.01,0.01,75207.56,1776681520000
1776681521.675,221.675,0.59,0.6,0.4,0.41,0.01,0.01,75207.56,1776681520000
1776681522.022,222.022,0.59,0.6,0.4,0.41,0.01,0.01,75207.56,1776681520000
1776681522.512,222.512,0.6,0.61,0.39,0.41,0.01,0.02,75207.13,1776681521000
1776681523.046,223.046,0.6,0.61,0.39,0.4,0.01,0.01,75207.13,1776681521000
1776681523.503,223.503,0.6,0.61,0.39,0.4,0.01,0.01,75207.13,1776681522000
1776681523.842,223.842,0.6,0.61,0.39,0.4,0.01,0.01,75207.13,1776681522000
1776681524.178,224.178,0.6,0.61,0.39,0.4,0.01,0.01,75207.13,1776681522000
1776681525.402,225.402,0.6,0.61,0.39,0.4,0.01,0.01,75206.77,1776681524000
1776681525.91,225.91,0.6,0.61,0.39,0.4,0.01,0.01,75206.77,1776681524000
1776681526.328,226.328,0.6,0.61,0.39,0.4,0.01,0.01,75206.77,1776681525000
1776681526.681,226.681,0.6,0.61,0.39,0.4,0.01,0.01,75206.77,1776681525000
1776681527.198,227.198,0.6,0.61,0.39,0.4,0.01,0.01,75206.77,1776681526000
1776681527.615,227.615,0.6,0.61,0.39,0.4,0.01,0.01,75206.77,1776681526000
1776681527.989,227.989,0.6,0.61,0.39,0.4,0.01,0.01,75206.77,1776681526000
1776681528.356,228.356,0.6,0.61,0.39,0.4,0.01,0.01,75206.76,1776681527000
1776681528.707,228.707,0.6,0.61,0.39,0.4,0.01,0.01,75206.76,1776681527000
1776681529.247,229.247,0.6,0.61,0.39,0.4,0.01,0.01,75206.76,1776681527000
1776681529.594,229.594,0.44,0.54,0.46,0.56,0.1,0.1,75206.76,1776681527000
1776681530.029,230.029,0.42,0.45,0.54,0.61,0.03,0.07,75206.76,1776681527000
1776681530.376,230.376,0.4,0.41,0.55,0.61,0.01,0.06,75204.61,1776681529000
1776681530.722,230.722,0.38,0.39,0.6,0.62,0.01,0.02,75204.61,1776681529000
1776681531.057,231.057,0.38,0.39,0.61,0.62,0.01,0.01,75204.61,1776681529000
1776681531.41,231.41,0.37,0.39,0.61,0.63,0.02,0.02,75204.61,1776681529000
1776681532.161,232.161,0.38,0.39,0.61,0.62,0.01,0.01,75192.57,1776681531000
1776681532.647,232.647,0.38,0.39,0.61,0.62,0.01,0.01,75192.57,1776681531000
1776681533.01,233.01,0.38,0.41,0.57,0.62,0.03,0.05,75192.57,1776681531000
1776681533.354,233.354,0.38,0.4,0.6,0.62,0.02,0.02,75192.57,1776681531000
1776681533.778,233.778,0.38,0.4,0.6,0.62,0.02,0.02,75190.33,1776681532000
1776681534.268,234.268,0.38,0.39,0.61,0.62,0.01,0.01,75192.3,1776681533000
1776681535.49,235.49,0.39,0.4,0.6,0.61,0.01,0.01,75193.29,1776681534000
1776681536.156,236.156,0.39,0.4,0.6,0.61,0.01,0.01,75193.33,1776681535000
1776681536.803,236.803,0.39,0.4,0.6,0.61,0.01,0.01,75193.33,1776681535000
1776681537.219,237.219,0.39,0.4,0.6,0.61,0.01,0.01,75193.33,1776681535000
1776681537.61,237.61,0.41,0.42,0.58,0.59,0.01,0.01,75194.31,1776681536000
1776681538.137,238.137,0.4,0.42,0.58,0.59,0.02,0.01,75194.31,1776681536000
1776681538.474,238.474,0.41,0.43,0.58,0.59,0.02,0.01,75194.34,1776681537000
1776681538.862,238.862,0.42,0.43,0.57,0.58,0.01,0.01,75194.34,1776681537000
1776681539.316,239.316,0.42,0.43,0.57,0.58,0.01,0.01,75194.34,1776681537000
1776681539.733,239.733,0.42,0.43,0.57,0.58,0.01,0.01,75194.33,1776681538000
1776681540.237,240.237,0.42,0.43,0.57,0.58,0.01,0.01,75194.33,1776681538000
1776681540.609,240.609,0.42,0.43,0.57,0.58,0.01,0.01,75194.33,1776681539000
1776681541.045,241.045,0.42,0.43,0.57,0.58,0.01,0.01,75194.33,1776681539000
1776681541.449,241.449,0.42,0.43,0.57,0.58,0.01,0.01,75194.33,1776681539000
1776681541.799,241.799,0.42,0.43,0.57,0.58,0.01,0.01,75194.34,1776681540000
1776681542.185,242.185,0.42,0.43,0.57,0.58,0.01,0.01,75194.34,1776681540000
1776681543.242,243.242,0.45,0.46,0.54,0.58,0.01,0.04,75194.32,1776681541000
1776681543.577,243.577,0.56,0.58,0.43,0.44,0.02,0.01,75194.32,1776681541000
1776681543.919,243.919,0.58,0.59,0.41,0.42,0.01,0.01,75195.86,1776681542000
1776681544.299,244.299,0.63,0.66,0.34,0.37,0.03,0.03,75195.86,1776681542000
1776681544.642,244.642,0.63,0.64,0.36,0.37,0.01,0.01,75194.33,1776681543000
1776681544.994,244.994,0.63,0.64,0.35,0.37,0.01,0.02,75194.33,1776681543000
1776681545.333,245.333,0.63,0.64,0.36,0.37,0.01,0.01,75194.53,1776681544000
1776681545.719,245.719,0.65,0.66,0.34,0.35,0.01,0.01,75194.53,1776681544000
1776681546.158,246.158,0.65,0.66,0.34,0.35,0.01,0.01,75194.53,1776681544000
1776681546.62,246.62,0.65,0.66,0.34,0.35,0.01,0.01,75194.53,1776681544000
1776681546.997,246.997,0.65,0.66,0.34,0.35,0.01,0.01,75194.53,1776681544000
1776681547.338,247.338,0.65,0.66,0.34,0.35,0.01,0.01,75194.53,1776681544000
1776681547.675,247.675,0.65,0.67,0.34,0.35,0.02,0.01,75194.53,1776681544000
1776681548.1,248.1,0.65,0.67,0.34,0.35,0.02,0.01,75194.53,1776681544000
1776681548.575,248.575,0.65,0.66,0.33,0.35,0.01,0.02,75205.55,1776681546000
1776681549.042,249.042,0.66,0.67,0.33,0.34,0.01,0.01,75205.55,1776681547000
1776681549.439,249.439,0.66,0.67,0.33,0.34,0.01,0.01,75205.55,1776681548000
1776681549.78,249.78,0.66,0.67,0.33,0.34,0.01,0.01,75205.55,1776681548000
1776681550.162,250.162,0.67,0.69,0.32,0.33,0.02,0.01,75205.55,1776681548000
1776681550.625,250.625,0.68,0.69,0.31,0.32,0.01,0.01,75205.56,1776681549000
1776681550.974,250.974,0.68,0.69,0.31,0.32,0.01,0.01,75205.56,1776681549000
1776681551.375,251.375,0.69,0.7,0.3,0.32,0.01,0.02,75205.56,1776681549000
1776681551.746,251.746,0.69,0.71,0.3,0.31,0.02,0.01,75205.56,1776681550000
1776681552.144,252.144,0.71,0.72,0.28,0.3,0.01,0.02,75205.56,1776681550000
1776681552.482,252.482,0.71,0.72,0.28,0.29,0.01,0.01,75205.58,1776681551000
1776681552.907,252.907,0.71,0.72,0.28,0.29,0.01,0.01,75205.58,1776681551000
1776681553.251,253.251,0.71,0.72,0.28,0.29,0.01,0.01,75205.91,1776681552000
1776681553.756,253.756,0.71,0.72,0.28,0.29,0.01,0.01,75205.91,1776681552000
1776681554.135,254.135,0.72,0.73,0.27,0.28,0.01,0.01,75206.47,1776681553000
1776681554.584,254.584,0.72,0.73,0.27,0.28,0.01,0.01,75206.47,1776681553000
1776681555.083,255.083,0.73,0.74,0.26,0.28,0.01,0.02,75206.47,1776681553000
1776681555.436,255.436,0.73,0.74,0.26,0.27,0.01,0.01,75207.03,1776681554000
1776681555.782,255.782,0.73,0.74,0.26,0.27,0.01,0.01,75207.03,1776681554000
1776681556.119,256.119,0.72,0.73,0.27,0.28,0.01,0.01,75207.03,1776681554000
1776681556.52,256.52,0.65,0.66,0.34,0.37,0.01,0.03,75210.27,1776681555000
1776681556.868,256.868,0.65,0.66,0.34,0.35,0.01,0.01,75210.27,1776681555000
1776681557.212,257.212,0.65,0.66,0.34,0.35,0.01,0.01,75210.27,1776681555000
1776681557.64,257.64,0.66,0.67,0.33,0.34,0.01,0.01,75214.25,1776681556000
1776681558.178,258.178,0.66,0.67,0.33,0.34,0.01,0.01,75214.25,1776681556000
1776681558.586,258.586,0.66,0.67,0.33,0.34,0.01,0.01,75209.97,1776681557000
1776681558.983,258.983,0.66,0.67,0.33,0.34,0.01,0.01,75209.97,1776681557000
1776681559.321,259.321,0.66,0.67,0.33,0.34,0.01,0.01,75209.97,1776681557000
1776681560.186,260.186,0.66,0.67,0.33,0.34,0.01,0.01,75206.13,1776681559000
1776681560.524,260.524,0.66,0.67,0.33,0.34,0.01,0.01,75206.13,1776681559000
1776681561.124,261.124,0.66,0.67,0.33,0.34,0.01,0.01,75206.13,1776681559000
1776681561.503,261.503,0.62,0.66,0.37,0.38,0.04,0.01,75206.12,1776681560000
1776681562.026,262.026,0.65,0.66,0.34,0.35,0.01,0.01,75206.12,1776681560000
1776681562.361,262.361,0.57,0.62,0.38,0.39,0.05,0.01,75206.12,1776681560000
1776681562.768,262.768,0.64,0.65,0.35,0.36,0.01,0.01,75206.12,1776681561000
1776681563.151,263.151,0.74,0.75,0.25,0.26,0.01,0.01,75206.12,1776681561000
1776681563.53,263.53,0.72,0.73,0.27,0.28,0.01,0.01,75206.09,1776681562000
1776681563.876,263.876,0.72,0.73,0.27,0.28,0.01,0.01,75206.09,1776681562000
1776681564.277,264.277,0.72,0.73,0.27,0.28,0.01,0.01,75205.79,1776681563000
1776681564.685,264.685,0.69,0.7,0.3,0.31,0.01,0.01,75205.79,1776681563000
1776681565.101,265.101,0.69,0.7,0.3,0.31,0.01,0.01,75205.79,1776681563000
1776681565.588,265.588,0.69,0.7,0.3,0.31,0.01,0.01,75205.37,1776681564000
1776681565.952,265.952,0.69,0.7,0.3,0.31,0.01,0.01,75205.37,1776681564000
1776681566.863,266.863,0.69,0.7,0.3,0.31,0.01,0.01,75206.04,1776681565000
1776681567.212,267.212,0.69,0.7,0.3,0.31,0.01,0.01,75206.04,1776681565000
1776681567.567,267.567,0.69,0.71,0.3,0.31,0.02,0.01,75205.93,1776681566000
1776681567.941,267.941,0.7,0.71,0.29,0.31,0.01,0.02,75205.93,1776681566000
1776681568.28,268.28,0.7,0.71,0.29,0.3,0.01,0.01,75205.93,1776681567000
1776681568.853,268.853,0.7,0.71,0.29,0.3,0.01,0.01,75205.93,1776681567000
1776681569.265,269.265,0.69,0.7,0.3,0.31,0.01,0.01,75205.93,1776681568000
1776681569.738,269.738,0.7,0.72,0.29,0.31,0.02,0.02,75205.93,1776681568000
1776681570.212,270.212,0.71,0.72,0.28,0.29,0.01,0.01,75205.95,1776681569000
1776681570.869,270.869,0.71,0.72,0.28,0.29,0.01,0.01,75205.95,1776681569000
1776681571.22,271.22,0.65,0.68,0.32,0.33,0.03,0.01,75205.95,1776681569000
1776681571.866,271.866,0.66,0.68,0.32,0.35,0.02,0.03,75205.95,1776681570000
1776681572.231,272.231,0.5,0.59,0.41,0.5,0.09,0.09,75205.95,1776681570000
1776681572.59,272.59,0.48,0.5,0.41,0.5,0.02,0.09,75205.84,1776681571000
1776681573.231,273.231,0.48,0.64,0.5,0.52,0.16,0.02,75205.84,1776681571000
1776681573.571,273.571,0.5,0.59,0.35,0.52,0.09,0.17,75202.83,1776681572000
1776681573.904,273.904,0.54,0.55,0.45,0.46,0.01,0.01,75202.83,1776681572000
1776681574.27,274.27,0.54,0.55,0.45,0.46,0.01,0.01,75200.24,1776681573000
1776681574.813,274.813,0.52,0.53,0.46,0.47,0.01,0.01,75200.24,1776681573000
1776681575.148,275.148,0.51,0.52,0.48,0.49,0.01,0.01,75200.24,1776681573000
1776681575.484,275.484,0.51,0.52,0.48,0.49,0.01,0.01,75200.16,1776681574000
1776681575.887,275.887,0.51,0.52,0.48,0.49,0.01,0.01,75200.16,1776681574000
1776681576.437,276.437,0.51,0.52,0.48,0.49,0.01,0.01,75200.16,1776681574000
1776681577.267,277.267,0.48,0.5,0.48,0.51,0.02,0.03,75200.16,1776681574000
1776681577.618,277.618,0.45,0.46,0.54,0.55,0.01,0.01,75200.16,1776681574000
1776681578.003,278.003,0.45,0.46,0.54,0.55,0.01,0.01,75199.38,1776681576000
1776681578.469,278.469,0.45,0.46,0.54,0.55,0.01,0.01,75199.38,1776681576000
1776681578.883,278.883,0.47,0.48,0.52,0.54,0.01,0.02,75199.59,1776681577000
1776681579.217,279.217,0.47,0.48,0.52,0.53,0.01,0.01,75199.59,1776681578000
1776681579.636,279.636,0.47,0.48,0.52,0.53,0.01,0.01,75199.59,1776681578000
1776681580.019,280.019,0.45,0.48,0.52,0.53,0.03,0.01,75199.59,1776681578000
1776681580.457,280.457,0.45,0.46,0.52,0.55,0.01,0.03,75199.59,1776681578000
1776681580.887,280.887,0.45,0.46,0.54,0.55,0.01,0.01,75199.23,1776681579000
1776681581.48,281.48,0.45,0.46,0.54,0.55,0.01,0.01,75199.23,1776681579000
1776681582.302,282.302,0.45,0.46,0.54,0.55,0.01,0.01,75199.63,1776681581000
1776681582.873,282.873,0.44,0.45,0.55,0.56,0.01,0.01,75199.63,1776681581000
1776681583.333,283.333,0.44,0.45,0.55,0.56,0.01,0.01,75199.63,1776681581000
1776681583.905,283.905,0.44,0.45,0.55,0.56,0.01,0.01,75199.63,1776681582000
1776681584.259,284.259,0.44,0.45,0.55,0.56,0.01,0.01,75199.57,1776681583000
1776681585.127,285.127,0.44,0.45,0.55,0.56,0.01,0.01,75199.57,1776681583000
1776681585.72,285.72,0.44,0.45,0.55,0.56,0.01,0.01,75199.64,1776681584000
1776681586.156,286.156,0.49,0.5,0.5,0.52,0.01,0.02,75199.64,1776681584000
1776681586.568,286.568,0.49,0.5,0.5,0.51,0.01,0.01,75199.55,1776681585000
1776681586.909,286.909,0.49,0.5,0.5,0.51,0.01,0.01,75199.55,1776681585000
1776681587.43,287.43,0.49,0.5,0.5,0.51,0.01,0.01,75199.55,1776681586000
1776681587.997,287.997,0.49,0.51,0.5,0.51,0.02,0.01,75199.55,1776681586000
1776681588.422,288.422,0.58,0.59,0.41,0.42,0.01,0.01,75199.64,1776681587000
1776681588.828,288.828,0.58,0.59,0.41,0.42,0.01,0.01,75199.64,1776681587000
1776681589.217,289.217,0.58,0.59,0.41,0.42,0.01,0.01,75199.64,1776681587000
1776681589.552,289.552,0.58,0.59,0.41,0.42,0.01,0.01,75199.68,1776681588000
1776681589.951,289.951,0.59,0.6,0.4,0.41,0.01,0.01,75199.68,1776681588000
1776681590.288,290.288,0.6,0.61,0.4,0.41,0.01,0.01,75199.68,1776681589000
1776681590.763,290.763,0.62,0.63,0.35,0.4,0.01,0.05,75199.68,1776681589000
1776681591.156,291.156,0.67,0.69,0.33,0.34,0.02,0.01,75199.68,1776681589000
1776681591.503,291.503,0.79,0.83,0.17,0.21,0.04,0.04,75199.68,1776681589000
1776681591.893,291.893,0.87,0.88,0.12,0.13,0.01,0.01,75200.51,1776681590000
1776681592.369,292.369,0.88,0.9,0.1,0.12,0.02,0.02,75200.5,1776681591000
1776681592.766,292.766,0.92,0.93,0.07,0.08,0.01,0.01,75200.5,1776681591000
1776681593.195,293.195,0.94,0.95,0.05,0.06,0.01,0.01,75200.5,1776681591000
1776681593.537,293.537,0.94,0.95,0.05,0.06,0.01,0.01,75200.5,1776681591000
1776681593.88,293.88,0.95,0.96,0.04,0.05,0.01,0.01,75200.5,1776681591000
1776681594.238,294.238,0.95,0.96,0.04,0.05,0.01,0.01,75204.18,1776681592000
1776681594.61,294.61,0.96,0.97,0.03,0.04,0.01,0.01,75204.18,1776681592000
1776681594.945,294.945,0.96,0.97,0.03,0.04,0.01,0.01,75207.39,1776681593000
1776681595.28,295.28,0.96,0.97,0.03,0.04,0.01,0.01,75207.39,1776681593000
1776681595.632,295.632,0.96,0.97,0.03,0.04,0.01,0.01,75213.19,1776681594000
1776681595.979,295.979,0.97,0.98,0.02,0.03,0.01,0.01,75213.19,1776681594000
1776681596.349,296.349,0.97,0.98,0.02,0.03,0.01,0.01,75213.38,1776681595000
1776681596.699,296.699,0.97,0.98,0.02,0.03,0.01,0.01,75213.38,1776681595000
1776681597.043,297.043,0.98,0.99,0.01,0.02,0.01,0.01,75213.38,1776681595000
1776681597.383,297.383,0.98,0.99,0.01,0.02,0.01,0.01,75217.64,1776681596000
1776681597.748,297.748,0.98,0.99,0.01,0.02,0.01,0.01,75217.64,1776681596000
1776681598.081,298.081,0.98,0.99,0.01,0.02,0.01,0.01,75217.64,1776681596000
1776681598.42,298.42,0.98,0.99,0.01,0.02,0.01,0.01,75217.64,1776681596000
1776681598.753,298.753,0.98,0.99,0.01,0.02,0.01,0.01,75216.21,1776681597000
1776681599.107,299.107,0.99,0.99,0.01,0.01,0.0,0.0,75216.21,1776681597000
1776681599.537,299.537,0.99,0.99,0.01,0.01,0.0,0.0,75216.21,1776681597000
1776681600.193,300.193,0.99,0.99,0.01,0.01,0.0,0.0,75216.21,1776681598000
1776681600.55,300.55,0.99,0.99,0.01,0.01,0.0,0.0,75215.43,1776681599000
1776681601.687,301.687,0.99,0.99,0.01,0.01,0.0,0.0,75215.46,1776681600000
1776681602.474,302.474,0.99,0.99,0.01,0.01,0.0,0.0,75215.39,1776681601000

# RESULT,winner=Up,slug=btc-updown-5m-1776681300,ticks=657
