timestamp,elapsed_sec,up_bid,up_ask,down_bid,down_ask,up_spread,down_spread,btc_price,btc_oracle_ts
1776887100.61,0.61,0.51,0.52,0.48,0.49,0.01,0.01,78884.98,1776887098000
1776887101.16,1.16,0.51,0.52,0.48,0.49,0.01,0.01,78885.1,1776887100000
1776887101.529,1.529,0.51,0.52,0.48,0.49,0.01,0.01,78885.1,1776887100000
1776887102.747,2.747,0.51,0.52,0.48,0.49,0.01,0.01,78883.87,1776887101000
1776887103.157,3.157,0.51,0.53,0.48,0.49,0.02,0.01,78883.87,1776887101000
1776887103.563,3.563,0.51,0.52,0.48,0.49,0.01,0.01,78883.78,1776887102000
1776887103.947,3.947,0.51,0.53,0.47,0.49,0.02,0.02,78883.78,1776887102000
1776887104.313,4.313,0.51,0.53,0.47,0.49,0.02,0.02,78883.78,1776887102000
1776887104.718,4.718,0.51,0.52,0.46,0.49,0.01,0.03,78885.49,1776887103000
1776887105.062,5.062,0.54,0.55,0.46,0.49,0.01,0.03,78885.49,1776887103000
1776887105.41,5.41,0.53,0.54,0.45,0.46,0.01,0.01,78885.49,1776887103000
1776887105.79,5.79,0.53,0.55,0.46,0.47,0.02,0.01,78885.09,1776887104000
1776887106.139,6.139,0.51,0.52,0.46,0.49,0.01,0.03,78885.09,1776887104000
1776887106.474,6.474,0.46,0.5,0.5,0.54,0.04,0.04,78885.09,1776887104000
1776887106.901,6.901,0.46,0.47,0.53,0.54,0.01,0.01,78883.52,1776887105000
1776887107.241,7.241,0.45,0.46,0.53,0.54,0.01,0.01,78883.52,1776887105000
1776887107.592,7.592,0.46,0.47,0.53,0.54,0.01,0.01,78879.71,1776887106000
1776887108.13,8.13,0.46,0.47,0.53,0.54,0.01,0.01,78875.77,1776887107000
1776887108.477,8.477,0.46,0.47,0.53,0.54,0.01,0.01,78875.77,1776887107000
1776887109.323,9.323,0.46,0.47,0.53,0.54,0.01,0.01,78875.77,1776887107000
1776887109.691,9.691,0.46,0.47,0.53,0.54,0.01,0.01,78874.73,1776887108000
1776887110.079,10.079,0.47,0.48,0.52,0.53,0.01,0.01,78874.73,1776887108000
1776887110.809,10.809,0.47,0.48,0.52,0.53,0.01,0.01,78877.43,1776887109000
1776887111.394,11.394,0.47,0.48,0.52,0.53,0.01,0.01,78877.47,1776887110000
1776887111.745,11.745,0.47,0.48,0.52,0.53,0.01,0.01,78877.47,1776887110000
1776887112.106,12.106,0.47,0.48,0.52,0.53,0.01,0.01,78877.89,1776887111000
1776887112.499,12.499,0.47,0.48,0.52,0.53,0.01,0.01,78877.89,1776887111000
1776887113.029,13.029,0.45,0.46,0.54,0.55,0.01,0.01,78877.89,1776887111000
1776887113.379,13.379,0.45,0.46,0.54,0.55,0.01,0.01,78877.89,1776887111000
1776887113.73,13.73,0.39,0.4,0.58,0.61,0.01,0.03,78878.3,1776887112000
1776887114.093,14.093,0.38,0.39,0.61,0.62,0.01,0.01,78878.3,1776887112000
1776887114.456,14.456,0.38,0.39,0.61,0.62,0.01,0.01,78878.3,1776887112000
1776887114.836,14.836,0.38,0.39,0.61,0.62,0.01,0.01,78877.72,1776887113000
1776887115.18,15.18,0.38,0.39,0.61,0.62,0.01,0.01,78873.18,1776887114000
1776887115.538,15.538,0.38,0.39,0.61,0.62,0.01,0.01,78873.18,1776887114000
1776887115.887,15.887,0.38,0.39,0.61,0.62,0.01,0.01,78873.18,1776887114000
1776887116.312,16.312,0.38,0.39,0.61,0.62,0.01,0.01,78873.18,1776887114000
1776887116.686,16.686,0.38,0.39,0.61,0.62,0.01,0.01,78863.32,1776887115000
1776887117.359,17.359,0.38,0.39,0.61,0.62,0.01,0.01,78862.88,1776887116000
1776887117.973,17.973,0.38,0.39,0.61,0.62,0.01,0.01,78862.88,1776887116000
1776887118.4,18.4,0.38,0.39,0.61,0.62,0.01,0.01,78862.84,1776887117000
1776887118.785,18.785,0.37,0.38,0.61,0.63,0.01,0.02,78862.84,1776887117000
1776887119.183,19.183,0.37,0.38,0.62,0.63,0.01,0.01,78862.84,1776887118000
1776887119.517,19.517,0.37,0.38,0.62,0.63,0.01,0.01,78862.84,1776887118000
1776887119.899,19.899,0.37,0.38,0.62,0.63,0.01,0.01,78862.84,1776887118000
1776887120.322,20.322,0.37,0.38,0.62,0.63,0.01,0.01,78863.15,1776887119000
1776887120.687,20.687,0.37,0.38,0.62,0.63,0.01,0.01,78863.15,1776887119000
1776887121.154,21.154,0.37,0.38,0.62,0.63,0.01,0.01,78863.15,1776887119000
1776887121.544,21.544,0.37,0.38,0.62,0.63,0.01,0.01,78863.03,1776887120000
1776887121.909,21.909,0.37,0.39,0.61,0.63,0.02,0.02,78863.03,1776887120000
1776887122.356,22.356,0.38,0.39,0.61,0.62,0.01,0.01,78863.03,1776887120000
1776887122.727,22.727,0.37,0.39,0.61,0.62,0.02,0.01,78862.37,1776887121000
1776887123.191,23.191,0.37,0.38,0.62,0.63,0.01,0.01,78862.94,1776887122000
1776887123.748,23.748,0.37,0.38,0.62,0.63,0.01,0.01,78862.94,1776887122000
1776887124.104,24.104,0.37,0.38,0.62,0.63,0.01,0.01,78862.94,1776887122000
1776887124.55,24.55,0.37,0.38,0.62,0.63,0.01,0.01,78864.45,1776887123000
1776887125.005,25.005,0.37,0.38,0.62,0.63,0.01,0.01,78864.45,1776887123000
1776887125.434,25.434,0.37,0.38,0.62,0.63,0.01,0.01,78863.8,1776887124000
1776887125.795,25.795,0.38,0.39,0.61,0.62,0.01,0.01,78863.8,1776887124000
1776887126.394,26.394,0.38,0.39,0.61,0.62,0.01,0.01,78863.8,1776887125000
1776887126.827,26.827,0.38,0.39,0.61,0.62,0.01,0.01,78863.8,1776887125000
1776887127.17,27.17,0.38,0.39,0.61,0.62,0.01,0.01,78863.8,1776887125000
1776887127.568,27.568,0.39,0.4,0.6,0.61,0.01,0.01,78863.38,1776887126000
1776887128.102,28.102,0.39,0.4,0.6,0.61,0.01,0.01,78863.38,1776887126000
1776887128.605,28.605,0.39,0.4,0.6,0.61,0.01,0.01,78864.49,1776887127000
1776887128.956,28.956,0.37,0.38,0.62,0.63,0.01,0.01,78864.47,1776887128000
1776887129.523,29.523,0.36,0.38,0.62,0.64,0.02,0.02,78864.47,1776887128000
1776887129.872,29.872,0.36,0.38,0.62,0.64,0.02,0.02,78864.47,1776887128000
1776887130.271,30.271,0.33,0.35,0.65,0.67,0.02,0.02,78864.51,1776887129000
1776887130.611,30.611,0.29,0.33,0.67,0.7,0.04,0.03,78864.51,1776887129000
1776887130.946,30.946,0.31,0.32,0.67,0.69,0.01,0.02,78864.51,1776887129000
1776887131.288,31.288,0.31,0.32,0.68,0.69,0.01,0.01,78854.67,1776887130000
1776887131.633,31.633,0.31,0.32,0.68,0.69,0.01,0.01,78854.67,1776887130000
1776887131.969,31.969,0.31,0.32,0.68,0.69,0.01,0.01,78854.67,1776887130000
1776887132.319,32.319,0.31,0.32,0.68,0.69,0.01,0.01,78845.09,1776887131000
1776887132.698,32.698,0.31,0.32,0.68,0.69,0.01,0.01,78845.09,1776887131000
1776887133.072,33.072,0.31,0.32,0.68,0.69,0.01,0.01,78845.09,1776887131000
1776887133.464,33.464,0.32,0.33,0.67,0.68,0.01,0.01,78849.18,1776887132000
1776887133.975,33.975,0.32,0.33,0.67,0.68,0.01,0.01,78849.18,1776887132000
1776887134.347,34.347,0.32,0.33,0.67,0.68,0.01,0.01,78849.18,1776887133000
1776887135.173,35.173,0.32,0.33,0.67,0.68,0.01,0.01,78849.64,1776887134000
1776887136.11,36.11,0.32,0.33,0.67,0.68,0.01,0.01,78849.64,1776887134000
1776887136.463,36.463,0.26,0.32,0.68,0.74,0.06,0.06,78849.14,1776887135000
1776887136.824,36.824,0.3,0.32,0.68,0.7,0.02,0.02,78849.14,1776887135000
1776887137.169,37.169,0.3,0.32,0.68,0.7,0.02,0.02,78848.19,1776887136000
1776887137.513,37.513,0.32,0.33,0.67,0.68,0.01,0.01,78848.19,1776887136000
1776887137.886,37.886,0.31,0.32,0.67,0.69,0.01,0.02,78848.19,1776887136000
1776887138.262,38.262,0.32,0.33,0.67,0.68,0.01,0.01,78848.4,1776887137000
1776887138.605,38.605,0.32,0.33,0.67,0.68,0.01,0.01,78848.4,1776887137000
1776887138.971,38.971,0.32,0.33,0.67,0.68,0.01,0.01,78848.4,1776887137000
1776887139.333,39.333,0.32,0.33,0.67,0.68,0.01,0.01,78849.76,1776887138000
1776887139.873,39.873,0.32,0.33,0.67,0.68,0.01,0.01,78849.76,1776887138000
1776887140.304,40.304,0.32,0.33,0.67,0.68,0.01,0.01,78850.05,1776887139000
1776887140.705,40.705,0.33,0.34,0.66,0.67,0.01,0.01,78850.05,1776887139000
1776887141.193,41.193,0.33,0.34,0.66,0.67,0.01,0.01,78850.05,1776887139000
1776887141.538,41.538,0.33,0.34,0.66,0.67,0.01,0.01,78850.05,1776887139000
1776887141.872,41.872,0.33,0.34,0.66,0.67,0.01,0.01,78850.05,1776887139000
1776887142.31,42.31,0.31,0.32,0.66,0.69,0.01,0.03,78850.46,1776887140000
1776887142.708,42.708,0.31,0.32,0.68,0.69,0.01,0.01,78850.78,1776887141000
1776887143.07,43.07,0.31,0.32,0.68,0.69,0.01,0.01,78850.78,1776887141000
1776887143.487,43.487,0.31,0.32,0.68,0.69,0.01,0.01,78850.78,1776887141000
1776887143.97,43.97,0.31,0.32,0.68,0.69,0.01,0.01,78852.63,1776887142000
1776887144.574,44.574,0.31,0.32,0.68,0.69,0.01,0.01,78851.28,1776887143000
1776887145.166,45.166,0.31,0.32,0.68,0.69,0.01,0.01,78851.28,1776887143000
1776887145.547,45.547,0.31,0.32,0.68,0.69,0.01,0.01,78851.42,1776887144000
1776887145.998,45.998,0.31,0.32,0.68,0.69,0.01,0.01,78851.42,1776887144000
1776887146.403,46.403,0.31,0.32,0.68,0.69,0.01,0.01,78851.47,1776887145000
1776887146.774,46.774,0.31,0.32,0.68,0.69,0.01,0.01,78851.47,1776887145000
1776887147.223,47.223,0.31,0.32,0.68,0.69,0.01,0.01,78852.34,1776887146000
1776887147.783,47.783,0.31,0.32,0.68,0.69,0.01,0.01,78852.34,1776887146000
1776887148.318,48.318,0.31,0.32,0.68,0.69,0.01,0.01,78851.68,1776887147000
1776887148.766,48.766,0.31,0.32,0.68,0.69,0.01,0.01,78851.68,1776887147000
1776887149.135,49.135,0.31,0.32,0.68,0.69,0.01,0.01,78851.68,1776887147000
1776887149.587,49.587,0.31,0.32,0.68,0.69,0.01,0.01,78851.66,1776887148000
1776887149.922,49.922,0.31,0.32,0.68,0.69,0.01,0.01,78851.66,1776887148000
1776887150.313,50.313,0.31,0.32,0.68,0.69,0.01,0.01,78851.66,1776887148000
1776887150.844,50.844,0.31,0.32,0.68,0.69,0.01,0.01,78850.47,1776887149000
1776887151.345,51.345,0.31,0.32,0.68,0.69,0.01,0.01,78850.47,1776887149000
1776887151.756,51.756,0.31,0.32,0.68,0.69,0.01,0.01,78850.46,1776887150000
1776887152.13,52.13,0.31,0.32,0.68,0.69,0.01,0.01,78850.46,1776887151000
1776887152.481,52.481,0.31,0.32,0.68,0.69,0.01,0.01,78850.46,1776887151000
1776887152.842,52.842,0.31,0.32,0.68,0.69,0.01,0.01,78850.46,1776887151000
1776887153.199,53.199,0.31,0.32,0.68,0.69,0.01,0.01,78850.46,1776887151000
1776887153.553,53.553,0.31,0.32,0.68,0.69,0.01,0.01,78851.21,1776887152000
1776887153.949,53.949,0.31,0.32,0.68,0.69,0.01,0.01,78851.21,1776887152000
1776887154.455,54.455,0.31,0.32,0.68,0.69,0.01,0.01,78850.85,1776887153000
1776887154.835,54.835,0.32,0.33,0.68,0.69,0.01,0.01,78850.85,1776887153000
1776887155.188,55.188,0.32,0.33,0.67,0.68,0.01,0.01,78849.32,1776887154000
1776887155.636,55.636,0.37,0.38,0.62,0.63,0.01,0.01,78849.32,1776887154000
1776887156.226,56.226,0.37,0.38,0.62,0.63,0.01,0.01,78849.32,1776887154000
1776887156.624,56.624,0.37,0.38,0.62,0.63,0.01,0.01,78850.18,1776887155000
1776887156.966,56.966,0.37,0.38,0.62,0.63,0.01,0.01,78850.18,1776887155000
1776887157.38,57.38,0.37,0.38,0.62,0.63,0.01,0.01,78852.24,1776887156000
1776887158.156,58.156,0.37,0.38,0.62,0.63,0.01,0.01,78852.24,1776887156000
1776887158.582,58.582,0.37,0.38,0.62,0.63,0.01,0.01,78852.24,1776887156000
1776887159.011,59.011,0.37,0.38,0.62,0.63,0.01,0.01,78852.24,1776887156000
1776887159.382,59.382,0.37,0.38,0.62,0.63,0.01,0.01,78857.21,1776887157000
1776887159.82,59.82,0.37,0.38,0.62,0.63,0.01,0.01,78857.21,1776887157000
1776887160.189,60.189,0.37,0.38,0.62,0.63,0.01,0.01,78858.85,1776887158000
1776887160.667,60.667,0.37,0.38,0.62,0.63,0.01,0.01,78858.85,1776887158000
1776887161.001,61.001,0.44,0.45,0.55,0.56,0.01,0.01,78858.85,1776887159000
1776887161.509,61.509,0.44,0.45,0.55,0.56,0.01,0.01,78859.45,1776887160000
1776887161.89,61.89,0.44,0.45,0.55,0.56,0.01,0.01,78859.45,1776887160000
1776887162.286,62.286,0.44,0.45,0.55,0.61,0.01,0.06,78859.62,1776887161000
1776887162.621,62.621,0.44,0.45,0.55,0.56,0.01,0.01,78859.62,1776887161000
1776887163.079,63.079,0.4,0.42,0.58,0.6,0.02,0.02,78859.62,1776887161000
1776887163.415,63.415,0.4,0.41,0.59,0.6,0.01,0.01,78865.81,1776887162000
1776887163.771,63.771,0.39,0.41,0.6,0.61,0.02,0.01,78865.81,1776887162000
1776887164.276,64.276,0.39,0.4,0.6,0.61,0.01,0.01,78865.81,1776887162000
1776887164.715,64.715,0.39,0.4,0.6,0.61,0.01,0.01,78862.03,1776887163000
1776887165.131,65.131,0.39,0.4,0.6,0.61,0.01,0.01,78860.18,1776887164000
1776887165.488,65.488,0.39,0.4,0.6,0.61,0.01,0.01,78860.18,1776887164000
1776887166.157,66.157,0.39,0.4,0.6,0.61,0.01,0.01,78860.18,1776887164000
1776887166.751,66.751,0.35,0.37,0.63,0.64,0.02,0.01,78860.71,1776887165000
1776887167.108,67.108,0.3,0.33,0.67,0.7,0.03,0.03,78860.71,1776887165000
1776887167.506,67.506,0.3,0.31,0.69,0.7,0.01,0.01,78862.84,1776887166000
1776887167.842,67.842,0.3,0.31,0.69,0.7,0.01,0.01,78862.84,1776887166000
1776887168.395,68.395,0.3,0.31,0.69,0.7,0.01,0.01,78860.11,1776887167000
1776887168.783,68.783,0.28,0.3,0.7,0.72,0.02,0.02,78860.11,1776887167000
1776887169.132,69.132,0.27,0.29,0.71,0.73,0.02,0.02,78853.76,1776887168000
1776887169.647,69.647,0.28,0.29,0.71,0.72,0.01,0.01,78853.76,1776887168000
1776887170.031,70.031,0.27,0.28,0.72,0.73,0.01,0.01,78853.76,1776887168000
1776887170.462,70.462,0.27,0.28,0.72,0.73,0.01,0.01,78847.44,1776887169000
1776887170.832,70.832,0.27,0.28,0.71,0.73,0.01,0.02,78847.44,1776887169000
1776887171.361,71.361,0.27,0.28,0.72,0.73,0.01,0.01,78847.44,1776887169000
1776887172.094,72.094,0.27,0.28,0.72,0.73,0.01,0.01,78842.8,1776887170000
1776887172.593,72.593,0.27,0.28,0.72,0.73,0.01,0.01,78842.8,1776887170000
1776887173.274,73.274,0.27,0.28,0.72,0.73,0.01,0.01,78845.64,1776887171000
1776887173.645,73.645,0.27,0.28,0.72,0.73,0.01,0.01,78843.31,1776887172000
1776887173.993,73.993,0.27,0.29,0.71,0.73,0.02,0.02,78843.31,1776887173000
1776887174.326,74.326,0.27,0.29,0.71,0.73,0.02,0.02,78843.31,1776887173000
1776887174.666,74.666,0.27,0.29,0.71,0.73,0.02,0.02,78843.31,1776887173000
1776887175.016,75.016,0.29,0.3,0.7,0.71,0.01,0.01,78845.72,1776887174000
1776887175.366,75.366,0.35,0.36,0.64,0.65,0.01,0.01,78845.72,1776887174000
1776887175.803,75.803,0.35,0.36,0.64,0.65,0.01,0.01,78845.72,1776887174000
1776887176.163,76.163,0.35,0.36,0.64,0.65,0.01,0.01,78845.72,1776887174000
1776887176.555,76.555,0.35,0.36,0.64,0.65,0.01,0.01,78848.37,1776887175000
1776887176.996,76.996,0.35,0.36,0.64,0.65,0.01,0.01,78848.37,1776887175000
1776887177.337,77.337,0.35,0.36,0.64,0.65,0.01,0.01,78848.37,1776887175000
1776887177.683,77.683,0.36,0.37,0.63,0.64,0.01,0.01,78852.25,1776887176000
1776887178.318,78.318,0.36,0.37,0.63,0.64,0.01,0.01,78852.52,1776887177000
1776887178.717,78.717,0.36,0.37,0.63,0.64,0.01,0.01,78852.52,1776887177000
1776887179.098,79.098,0.36,0.38,0.62,0.64,0.02,0.02,78852.46,1776887178000
1776887179.671,79.671,0.38,0.39,0.61,0.63,0.01,0.02,78852.46,1776887178000
1776887180.105,80.105,0.38,0.39,0.61,0.62,0.01,0.01,78852.42,1776887179000
1776887180.686,80.686,0.38,0.39,0.61,0.62,0.01,0.01,78852.42,1776887179000
1776887181.04,81.04,0.38,0.39,0.61,0.62,0.01,0.01,78852.42,1776887179000
1776887182.071,82.071,0.38,0.39,0.61,0.62,0.01,0.01,78855.64,1776887180000
1776887182.446,82.446,0.42,0.43,0.58,0.61,0.01,0.03,78857.13,1776887181000
1776887182.842,82.842,0.42,0.43,0.57,0.58,0.01,0.01,78857.13,1776887181000
1776887183.189,83.189,0.38,0.4,0.6,0.62,0.02,0.02,78857.13,1776887181000
1776887183.537,83.537,0.33,0.37,0.63,0.64,0.04,0.01,78857.2,1776887182000
1776887183.973,83.973,0.35,0.36,0.64,0.65,0.01,0.01,78857.79,1776887183000
1776887184.341,84.341,0.31,0.32,0.68,0.69,0.01,0.01,78857.79,1776887183000
1776887184.763,84.763,0.31,0.32,0.68,0.69,0.01,0.01,78857.79,1776887183000
1776887185.233,85.233,0.31,0.32,0.68,0.69,0.01,0.01,78857.79,1776887183000
1776887185.653,85.653,0.31,0.32,0.68,0.69,0.01,0.01,78860.07,1776887184000
1776887186.029,86.029,0.31,0.32,0.68,0.69,0.01,0.01,78860.07,1776887184000
1776887186.429,86.429,0.31,0.32,0.68,0.69,0.01,0.01,78860.07,1776887184000
1776887186.899,86.899,0.31,0.32,0.68,0.69,0.01,0.01,78860.07,1776887184000
1776887187.299,87.299,0.31,0.32,0.68,0.69,0.01,0.01,78854.44,1776887185000
1776887187.638,87.638,0.31,0.32,0.68,0.69,0.01,0.01,78854.44,1776887185000
1776887188.432,88.432,0.31,0.32,0.68,0.69,0.01,0.01,78855.24,1776887186000
1776887188.838,88.838,0.31,0.32,0.68,0.69,0.01,0.01,78855.28,1776887187000
1776887189.358,89.358,0.31,0.32,0.68,0.69,0.01,0.01,78855.2,1776887188000
1776887189.709,89.709,0.31,0.32,0.68,0.69,0.01,0.01,78855.2,1776887188000
1776887190.377,90.377,0.29,0.3,0.7,0.71,0.01,0.01,78855.2,1776887188000
1776887190.742,90.742,0.29,0.3,0.7,0.71,0.01,0.01,78854.47,1776887189000
1776887191.246,91.246,0.29,0.3,0.7,0.71,0.01,0.01,78853.15,1776887190000
1776887191.663,91.663,0.29,0.3,0.7,0.71,0.01,0.01,78853.15,1776887190000
1776887192.141,92.141,0.29,0.3,0.7,0.71,0.01,0.01,78853.15,1776887190000
1776887192.577,92.577,0.29,0.3,0.7,0.71,0.01,0.01,78853.15,1776887190000
1776887192.922,92.922,0.29,0.3,0.7,0.71,0.01,0.01,78853.15,1776887190000
1776887193.352,93.352,0.29,0.3,0.7,0.71,0.01,0.01,78852.06,1776887191000
1776887193.949,93.949,0.29,0.3,0.7,0.71,0.01,0.01,78850.22,1776887192000
1776887194.322,94.322,0.29,0.3,0.7,0.71,0.01,0.01,78852.21,1776887193000
1776887194.778,94.778,0.28,0.29,0.71,0.72,0.01,0.01,78852.21,1776887193000
1776887195.315,95.315,0.28,0.29,0.71,0.72,0.01,0.01,78852.21,1776887193000
1776887195.666,95.666,0.28,0.29,0.71,0.72,0.01,0.01,78852.08,1776887194000
1776887196.11,96.11,0.28,0.29,0.71,0.72,0.01,0.01,78852.08,1776887194000
1776887196.51,96.51,0.28,0.29,0.71,0.72,0.01,0.01,78851.25,1776887195000
1776887196.883,96.883,0.28,0.29,0.71,0.72,0.01,0.01,78851.25,1776887195000
1776887197.385,97.385,0.28,0.29,0.71,0.72,0.01,0.01,78851.17,1776887196000
1776887197.939,97.939,0.29,0.3,0.7,0.71,0.01,0.01,78851.17,1776887196000
1776887198.274,98.274,0.29,0.3,0.7,0.71,0.01,0.01,78851.17,1776887196000
1776887198.713,98.713,0.29,0.3,0.7,0.71,0.01,0.01,78850.33,1776887197000
1776887199.108,99.108,0.29,0.3,0.7,0.71,0.01,0.01,78851.23,1776887198000
1776887199.474,99.474,0.31,0.32,0.68,0.69,0.01,0.01,78851.23,1776887198000
1776887199.841,99.841,0.31,0.32,0.68,0.69,0.01,0.01,78851.23,1776887198000
1776887200.237,100.237,0.32,0.33,0.67,0.68,0.01,0.01,78851.23,1776887198000
1776887200.582,100.582,0.32,0.33,0.67,0.68,0.01,0.01,78851.27,1776887199000
1776887200.936,100.936,0.3,0.31,0.68,0.7,0.01,0.02,78851.27,1776887199000
1776887201.319,101.319,0.3,0.31,0.69,0.7,0.01,0.01,78851.27,1776887199000
1776887201.769,101.769,0.3,0.31,0.69,0.7,0.01,0.01,78852.82,1776887200000
1776887202.152,102.152,0.18,0.24,0.76,0.82,0.06,0.06,78852.82,1776887200000
1776887202.546,102.546,0.18,0.19,0.81,0.82,0.01,0.01,78852.82,1776887200000
1776887202.921,102.921,0.18,0.19,0.81,0.82,0.01,0.01,78853.48,1776887201000
1776887203.265,103.265,0.19,0.2,0.8,0.81,0.01,0.01,78853.48,1776887201000
1776887203.604,103.604,0.19,0.2,0.8,0.81,0.01,0.01,78853.3,1776887202000
1776887203.939,103.939,0.19,0.2,0.8,0.81,0.01,0.01,78853.3,1776887202000
1776887204.318,104.318,0.19,0.2,0.8,0.81,0.01,0.01,78853.3,1776887202000
1776887204.653,104.653,0.19,0.2,0.8,0.81,0.01,0.01,78853.3,1776887202000
1776887205.106,105.106,0.19,0.2,0.8,0.81,0.01,0.01,78853.3,1776887202000
1776887205.501,105.501,0.19,0.2,0.8,0.81,0.01,0.01,78853.3,1776887202000
1776887205.867,105.867,0.23,0.24,0.76,0.77,0.01,0.01,78834.23,1776887204000
1776887206.271,106.271,0.23,0.24,0.76,0.77,0.01,0.01,78834.32,1776887205000
1776887206.637,106.637,0.23,0.24,0.76,0.77,0.01,0.01,78834.32,1776887205000
1776887206.995,106.995,0.23,0.24,0.76,0.77,0.01,0.01,78834.32,1776887205000
1776887207.349,107.349,0.23,0.24,0.76,0.77,0.01,0.01,78834.42,1776887206000
1776887207.806,107.806,0.23,0.24,0.76,0.77,0.01,0.01,78834.42,1776887206000
1776887208.156,108.156,0.26,0.29,0.71,0.74,0.03,0.03,78836.35,1776887207000
1776887208.492,108.492,0.27,0.28,0.72,0.73,0.01,0.01,78836.35,1776887207000
1776887209.062,109.062,0.27,0.28,0.72,0.73,0.01,0.01,78836.35,1776887207000
1776887209.405,109.405,0.27,0.28,0.72,0.73,0.01,0.01,78839.43,1776887208000
1776887209.797,109.797,0.27,0.28,0.72,0.73,0.01,0.01,78839.43,1776887208000
1776887210.19,110.19,0.27,0.28,0.72,0.73,0.01,0.01,78839.43,1776887208000
1776887210.652,110.652,0.27,0.28,0.72,0.73,0.01,0.01,78839.43,1776887208000
1776887211.02,111.02,0.27,0.28,0.72,0.73,0.01,0.01,78845.06,1776887209000
1776887211.491,111.491,0.27,0.28,0.72,0.73,0.01,0.01,78845.06,1776887209000
1776887212.03,112.03,0.27,0.28,0.72,0.73,0.01,0.01,78845.28,1776887211000
1776887212.382,112.382,0.27,0.28,0.72,0.73,0.01,0.01,78845.28,1776887211000
1776887212.726,112.726,0.3,0.31,0.69,0.7,0.01,0.01,78845.28,1776887211000
1776887213.082,113.082,0.3,0.31,0.69,0.7,0.01,0.01,78845.28,1776887211000
1776887213.453,113.453,0.31,0.32,0.68,0.69,0.01,0.01,78845.28,1776887211000
1776887213.9,113.9,0.31,0.32,0.68,0.69,0.01,0.01,78845.67,1776887212000
1776887214.239,114.239,0.31,0.32,0.68,0.69,0.01,0.01,78845.67,1776887212000
1776887214.583,114.583,0.31,0.32,0.68,0.69,0.01,0.01,78847.79,1776887213000
1776887215.089,115.089,0.31,0.32,0.68,0.69,0.01,0.01,78847.79,1776887213000
1776887215.447,115.447,0.31,0.32,0.68,0.69,0.01,0.01,78851.73,1776887214000
1776887215.785,115.785,0.31,0.32,0.68,0.69,0.01,0.01,78851.73,1776887214000
1776887216.118,116.118,0.31,0.32,0.68,0.69,0.01,0.01,78852.02,1776887215000
1776887216.608,116.608,0.31,0.32,0.68,0.69,0.01,0.01,78852.02,1776887215000
1776887217.002,117.002,0.31,0.32,0.68,0.69,0.01,0.01,78852.02,1776887215000
1776887217.344,117.344,0.31,0.32,0.68,0.69,0.01,0.01,78853.08,1776887216000
1776887217.806,117.806,0.31,0.32,0.68,0.69,0.01,0.01,78853.08,1776887216000
1776887218.177,118.177,0.31,0.33,0.67,0.69,0.02,0.02,78853.31,1776887217000
1776887218.804,118.804,0.32,0.33,0.67,0.68,0.01,0.01,78853.31,1776887217000
1776887219.18,119.18,0.32,0.33,0.67,0.68,0.01,0.01,78853.31,1776887217000
1776887219.91,119.91,0.32,0.33,0.67,0.68,0.01,0.01,78853.45,1776887218000
1776887220.266,120.266,0.32,0.33,0.67,0.68,0.01,0.01,78853.45,1776887218000
1776887220.745,120.745,0.32,0.33,0.67,0.68,0.01,0.01,78853.93,1776887219000
1776887221.202,121.202,0.31,0.32,0.67,0.69,0.01,0.02,78853.93,1776887219000
1776887221.947,121.947,0.31,0.32,0.68,0.69,0.01,0.01,78855.1,1776887220000
1776887222.382,122.382,0.31,0.32,0.68,0.69,0.01,0.01,78855.1,1776887220000
1776887222.889,122.889,0.33,0.34,0.68,0.69,0.01,0.01,78854.72,1776887221000
1776887223.318,123.318,0.33,0.34,0.66,0.67,0.01,0.01,78854.72,1776887221000
1776887223.738,123.738,0.34,0.35,0.65,0.66,0.01,0.01,78854.68,1776887222000
1776887224.304,124.304,0.35,0.36,0.64,0.65,0.01,0.01,78854.68,1776887222000
1776887224.852,124.852,0.35,0.36,0.64,0.65,0.01,0.01,78854.68,1776887223000
1776887225.295,125.295,0.36,0.37,0.63,0.64,0.01,0.01,78854.68,1776887223000
1776887226.107,126.107,0.36,0.37,0.63,0.64,0.01,0.01,78858.93,1776887225000
1776887226.489,126.489,0.36,0.37,0.63,0.64,0.01,0.01,78858.93,1776887225000
1776887226.937,126.937,0.36,0.37,0.63,0.64,0.01,0.01,78858.93,1776887225000
1776887227.279,127.279,0.36,0.37,0.63,0.64,0.01,0.01,78861.24,1776887226000
1776887228.082,128.082,0.36,0.37,0.63,0.64,0.01,0.01,78861.26,1776887227000
1776887228.447,128.447,0.36,0.37,0.63,0.64,0.01,0.01,78861.26,1776887227000
1776887229.155,129.155,0.36,0.37,0.63,0.64,0.01,0.01,78861.28,1776887228000
1776887229.547,129.547,0.36,0.37,0.63,0.64,0.01,0.01,78861.28,1776887228000
1776887230.043,130.043,0.36,0.37,0.63,0.64,0.01,0.01,78861.49,1776887229000
1776887230.577,130.577,0.36,0.37,0.63,0.64,0.01,0.01,78861.49,1776887229000
1776887231.05,131.05,0.35,0.37,0.63,0.65,0.02,0.02,78859.96,1776887230000
1776887231.511,131.511,0.34,0.35,0.65,0.66,0.01,0.01,78859.96,1776887230000
1776887231.976,131.976,0.34,0.35,0.65,0.66,0.01,0.01,78859.96,1776887230000
1776887232.405,132.405,0.34,0.35,0.65,0.66,0.01,0.01,78859.52,1776887231000
1776887232.789,132.789,0.34,0.35,0.65,0.66,0.01,0.01,78859.52,1776887231000
1776887233.253,133.253,0.34,0.35,0.65,0.66,0.01,0.01,78859.52,1776887231000
1776887233.648,133.648,0.34,0.35,0.65,0.66,0.01,0.01,78859.25,1776887232000
1776887234.014,134.014,0.34,0.35,0.65,0.66,0.01,0.01,78859.65,1776887233000
1776887234.461,134.461,0.34,0.35,0.65,0.66,0.01,0.01,78859.65,1776887233000
1776887235.039,135.039,0.36,0.37,0.63,0.64,0.01,0.01,78859.65,1776887233000
1776887235.418,135.418,0.35,0.37,0.63,0.64,0.02,0.01,78859.63,1776887234000
1776887236.082,136.082,0.34,0.35,0.64,0.65,0.01,0.01,78859.63,1776887234000
1776887236.417,136.417,0.33,0.35,0.65,0.66,0.02,0.01,78860.97,1776887235000
1776887237.218,137.218,0.33,0.34,0.66,0.67,0.01,0.01,78860.01,1776887236000
1776887237.577,137.577,0.33,0.34,0.66,0.67,0.01,0.01,78860.01,1776887236000
1776887237.917,137.917,0.33,0.34,0.66,0.67,0.01,0.01,78860.01,1776887236000
1776887238.32,138.32,0.34,0.35,0.65,0.66,0.01,0.01,78859.96,1776887237000
1776887238.676,138.676,0.34,0.35,0.65,0.66,0.01,0.01,78859.96,1776887237000
1776887239.279,139.279,0.34,0.35,0.65,0.66,0.01,0.01,78859.96,1776887237000
1776887239.936,139.936,0.34,0.35,0.65,0.66,0.01,0.01,78859.96,1776887238000
1776887241.104,141.104,0.34,0.35,0.65,0.66,0.01,0.01,78860.34,1776887239000
1776887241.863,141.863,0.34,0.35,0.65,0.66,0.01,0.01,78860.8,1776887240000
1776887242.263,142.263,0.34,0.35,0.65,0.66,0.01,0.01,78860.88,1776887241000
1776887242.955,142.955,0.33,0.35,0.65,0.66,0.02,0.01,78860.88,1776887241000
1776887243.322,143.322,0.33,0.34,0.65,0.67,0.01,0.02,78860.88,1776887241000
1776887244.089,144.089,0.33,0.34,0.66,0.67,0.01,0.01,78860.88,1776887242000
1776887244.81,144.81,0.33,0.34,0.66,0.67,0.01,0.01,78860.87,1776887243000
1776887245.355,145.355,0.33,0.34,0.66,0.67,0.01,0.01,78861.43,1776887244000
1776887245.779,145.779,0.33,0.34,0.66,0.67,0.01,0.01,78861.43,1776887244000
1776887246.122,146.122,0.49,0.53,0.47,0.51,0.04,0.04,78861.43,1776887245000
1776887246.472,146.472,0.49,0.52,0.48,0.51,0.03,0.03,78861.43,1776887245000
1776887246.832,146.832,0.5,0.54,0.46,0.5,0.04,0.04,78861.43,1776887245000
1776887247.262,147.262,0.51,0.52,0.48,0.49,0.01,0.01,78861.43,1776887245000
1776887247.663,147.663,0.51,0.52,0.48,0.49,0.01,0.01,78878.18,1776887246000
1776887248.147,148.147,0.51,0.52,0.48,0.49,0.01,0.01,78885.17,1776887247000
1776887249.065,149.065,0.51,0.52,0.48,0.49,0.01,0.01,78887.0,1776887248000
1776887250.308,150.308,0.51,0.52,0.48,0.49,0.01,0.01,78890.28,1776887249000
1776887250.699,150.699,0.51,0.52,0.48,0.49,0.01,0.01,78890.28,1776887249000
1776887251.043,151.043,0.51,0.53,0.48,0.49,0.02,0.01,78890.28,1776887249000
1776887251.379,151.379,0.53,0.55,0.45,0.47,0.02,0.02,78891.79,1776887250000
1776887251.79,151.79,0.54,0.55,0.45,0.46,0.01,0.01,78891.79,1776887250000
1776887252.123,152.123,0.55,0.58,0.42,0.45,0.03,0.03,78891.79,1776887250000
1776887252.467,152.467,0.57,0.59,0.41,0.45,0.02,0.04,78894.85,1776887251000
1776887252.801,152.801,0.57,0.58,0.42,0.43,0.01,0.01,78894.85,1776887251000
1776887253.139,153.139,0.58,0.59,0.39,0.43,0.01,0.04,78894.85,1776887251000
1776887253.514,153.514,0.58,0.59,0.41,0.42,0.01,0.01,78895.23,1776887252000
1776887253.942,153.942,0.58,0.59,0.41,0.42,0.01,0.01,78895.23,1776887252000
1776887254.329,154.329,0.58,0.59,0.41,0.42,0.01,0.01,78895.23,1776887252000
1776887254.674,154.674,0.6,0.61,0.4,0.42,0.01,0.02,78895.11,1776887253000
1776887255.06,155.06,0.6,0.61,0.39,0.4,0.01,0.01,78895.11,1776887254000
1776887255.668,155.668,0.6,0.61,0.39,0.4,0.01,0.01,78895.11,1776887254000
1776887256.098,156.098,0.6,0.61,0.39,0.4,0.01,0.01,78895.17,1776887255000
1776887256.842,156.842,0.6,0.61,0.39,0.4,0.01,0.01,78895.17,1776887255000
1776887258.004,158.004,0.6,0.61,0.39,0.4,0.01,0.01,78895.0,1776887257000
1776887259.081,159.081,0.6,0.61,0.39,0.4,0.01,0.01,78904.25,1776887258000
1776887259.815,159.815,0.6,0.61,0.39,0.4,0.01,0.01,78904.25,1776887258000
1776887260.26,160.26,0.6,0.61,0.39,0.4,0.01,0.01,78904.25,1776887258000
1776887260.625,160.625,0.6,0.62,0.38,0.4,0.02,0.02,78904.25,1776887258000
1776887260.965,160.965,0.61,0.64,0.38,0.39,0.03,0.01,78904.25,1776887258000
1776887261.324,161.324,0.66,0.74,0.26,0.34,0.08,0.08,78906.67,1776887259000
1776887261.699,161.699,0.6,0.67,0.33,0.4,0.07,0.07,78906.1,1776887260000
1776887262.049,162.049,0.63,0.69,0.31,0.4,0.06,0.09,78906.1,1776887260000
1776887262.473,162.473,0.66,0.7,0.3,0.34,0.04,0.04,78906.12,1776887261000
1776887262.825,162.825,0.68,0.69,0.31,0.32,0.01,0.01,78906.12,1776887261000
1776887263.195,163.195,0.69,0.7,0.3,0.31,0.01,0.01,78906.89,1776887262000
1776887263.547,163.547,0.7,0.71,0.29,0.3,0.01,0.01,78906.89,1776887262000
1776887263.915,163.915,0.7,0.71,0.29,0.3,0.01,0.01,78906.89,1776887262000
1776887264.251,164.251,0.7,0.71,0.29,0.3,0.01,0.01,78906.92,1776887263000
1776887264.592,164.592,0.69,0.74,0.26,0.3,0.05,0.04,78906.92,1776887263000
1776887265.069,165.069,0.69,0.74,0.26,0.31,0.05,0.05,78910.63,1776887264000
1776887265.503,165.503,0.7,0.72,0.26,0.31,0.02,0.05,78910.63,1776887264000
1776887265.916,165.916,0.71,0.73,0.27,0.29,0.02,0.02,78910.63,1776887264000
1776887266.397,166.397,0.71,0.72,0.28,0.29,0.01,0.01,78910.63,1776887264000
1776887266.927,166.927,0.7,0.72,0.28,0.3,0.02,0.02,78912.73,1776887265000
1776887267.26,167.26,0.71,0.74,0.28,0.29,0.03,0.01,78912.73,1776887265000
1776887267.67,167.67,0.72,0.73,0.27,0.28,0.01,0.01,78911.04,1776887266000
1776887268.108,168.108,0.71,0.73,0.27,0.29,0.02,0.02,78911.04,1776887266000
1776887268.483,168.483,0.72,0.73,0.27,0.28,0.01,0.01,78910.74,1776887267000
1776887268.822,168.822,0.72,0.73,0.27,0.28,0.01,0.01,78910.74,1776887267000
1776887269.192,169.192,0.72,0.73,0.27,0.28,0.01,0.01,78910.74,1776887267000
1776887269.527,169.527,0.71,0.72,0.28,0.29,0.01,0.01,78910.84,1776887268000
1776887269.929,169.929,0.71,0.72,0.28,0.29,0.01,0.01,78910.84,1776887268000
1776887270.44,170.44,0.71,0.72,0.28,0.29,0.01,0.01,78910.84,1776887269000
1776887270.898,170.898,0.69,0.71,0.29,0.31,0.02,0.02,78910.84,1776887269000
1776887271.245,171.245,0.67,0.68,0.32,0.33,0.01,0.01,78910.86,1776887270000
1776887271.616,171.616,0.67,0.68,0.32,0.33,0.01,0.01,78910.86,1776887270000
1776887272.194,172.194,0.66,0.67,0.32,0.34,0.01,0.02,78910.86,1776887270000
1776887272.561,172.561,0.66,0.67,0.33,0.34,0.01,0.01,78908.87,1776887271000
1776887272.99,172.99,0.66,0.69,0.31,0.34,0.03,0.03,78908.87,1776887271000
1776887273.387,173.387,0.68,0.69,0.31,0.32,0.01,0.01,78908.87,1776887271000
1776887273.761,173.761,0.68,0.69,0.31,0.32,0.01,0.01,78907.72,1776887272000
1776887274.152,174.152,0.68,0.69,0.31,0.32,0.01,0.01,78907.72,1776887272000
1776887276.129,176.129,0.68,0.69,0.31,0.32,0.01,0.01,78908.72,1776887274000
1776887276.855,176.855,0.69,0.7,0.31,0.32,0.01,0.01,78908.72,1776887274000
1776887277.202,177.202,0.69,0.7,0.3,0.31,0.01,0.01,78909.36,1776887275000
1776887277.562,177.562,0.69,0.7,0.3,0.31,0.01,0.01,78908.7,1776887276000
1776887277.984,177.984,0.69,0.7,0.3,0.31,0.01,0.01,78908.7,1776887276000
1776887278.413,178.413,0.69,0.7,0.3,0.31,0.01,0.01,78908.7,1776887276000
1776887278.767,178.767,0.69,0.7,0.3,0.31,0.01,0.01,78908.7,1776887277000
1776887279.116,179.116,0.69,0.7,0.3,0.31,0.01,0.01,78908.7,1776887277000
1776887279.474,179.474,0.69,0.7,0.3,0.31,0.01,0.01,78908.86,1776887278000
1776887279.815,179.815,0.68,0.7,0.3,0.32,0.02,0.02,78908.86,1776887278000
1776887280.258,180.258,0.69,0.7,0.3,0.31,0.01,0.01,78908.86,1776887278000
1776887280.597,180.597,0.69,0.7,0.3,0.31,0.01,0.01,78908.86,1776887278000
1776887280.981,180.981,0.69,0.7,0.3,0.31,0.01,0.01,78908.87,1776887279000
1776887281.394,181.394,0.69,0.7,0.3,0.31,0.01,0.01,78908.87,1776887279000
1776887281.874,181.874,0.69,0.7,0.3,0.31,0.01,0.01,78908.43,1776887280000
1776887282.334,182.334,0.69,0.7,0.3,0.31,0.01,0.01,78908.43,1776887280000
1776887282.768,182.768,0.69,0.7,0.3,0.31,0.01,0.01,78908.43,1776887281000
1776887283.263,183.263,0.69,0.7,0.3,0.31,0.01,0.01,78908.69,1776887282000
1776887283.649,183.649,0.69,0.7,0.3,0.31,0.01,0.01,78908.69,1776887282000
1776887283.987,183.987,0.69,0.71,0.29,0.31,0.02,0.02,78908.69,1776887282000
1776887284.332,184.332,0.69,0.71,0.29,0.31,0.02,0.02,78908.69,1776887282000
1776887284.769,184.769,0.69,0.71,0.29,0.31,0.02,0.02,78908.72,1776887283000
1776887285.591,185.591,0.69,0.7,0.29,0.31,0.01,0.02,78908.72,1776887283000
1776887285.994,185.994,0.69,0.72,0.29,0.31,0.03,0.02,78908.73,1776887284000
1776887286.442,186.442,0.7,0.72,0.28,0.3,0.02,0.02,78910.05,1776887285000
1776887286.812,186.812,0.7,0.72,0.28,0.3,0.02,0.02,78910.05,1776887285000
1776887287.389,187.389,0.71,0.72,0.28,0.29,0.01,0.01,78910.55,1776887286000
1776887287.742,187.742,0.69,0.72,0.28,0.31,0.03,0.03,78910.55,1776887286000
1776887288.092,188.092,0.7,0.71,0.29,0.3,0.01,0.01,78910.55,1776887286000
1776887288.501,188.501,0.71,0.72,0.28,0.29,0.01,0.01,78910.55,1776887286000
1776887288.836,188.836,0.71,0.72,0.28,0.29,0.01,0.01,78910.55,1776887286000
1776887289.234,189.234,0.72,0.73,0.27,0.28,0.01,0.01,78908.72,1776887287000
1776887289.583,189.583,0.72,0.73,0.27,0.28,0.01,0.01,78908.72,1776887287000
1776887290.016,190.016,0.72,0.73,0.27,0.28,0.01,0.01,78907.96,1776887288000
1776887290.411,190.411,0.71,0.72,0.28,0.29,0.01,0.01,78909.28,1776887289000
1776887290.797,190.797,0.69,0.72,0.28,0.29,0.03,0.01,78909.28,1776887289000
1776887291.169,191.169,0.69,0.7,0.3,0.31,0.01,0.01,78909.28,1776887289000
1776887291.6,191.6,0.68,0.69,0.31,0.32,0.01,0.01,78909.19,1776887290000
1776887292.033,192.033,0.68,0.69,0.31,0.32,0.01,0.01,78909.19,1776887290000
1776887292.442,192.442,0.68,0.69,0.31,0.32,0.01,0.01,78909.19,1776887290000
1776887292.943,192.943,0.68,0.69,0.31,0.32,0.01,0.01,78907.79,1776887291000
1776887293.686,193.686,0.68,0.69,0.31,0.32,0.01,0.01,78906.64,1776887292000
1776887294.363,194.363,0.68,0.69,0.31,0.32,0.01,0.01,78906.69,1776887293000
1776887294.739,194.739,0.68,0.69,0.31,0.32,0.01,0.01,78906.69,1776887293000
1776887295.628,195.628,0.68,0.69,0.31,0.32,0.01,0.01,78906.66,1776887294000
1776887296.572,196.572,0.68,0.69,0.31,0.32,0.01,0.01,78906.61,1776887295000
1776887297.204,197.204,0.68,0.69,0.31,0.32,0.01,0.01,78906.39,1776887296000
1776887297.603,197.603,0.68,0.69,0.31,0.32,0.01,0.01,78906.39,1776887296000
1776887298.007,198.007,0.68,0.69,0.31,0.32,0.01,0.01,78906.39,1776887296000
1776887298.483,198.483,0.6,0.61,0.39,0.4,0.01,0.01,78906.39,1776887296000
1776887298.91,198.91,0.56,0.61,0.39,0.44,0.05,0.05,78898.46,1776887297000
1776887299.248,199.248,0.57,0.6,0.4,0.41,0.03,0.01,78898.46,1776887297000
1776887299.631,199.631,0.58,0.59,0.41,0.42,0.01,0.01,78897.06,1776887298000
1776887299.974,199.974,0.58,0.59,0.41,0.42,0.01,0.01,78897.06,1776887298000
1776887300.462,200.462,0.58,0.59,0.41,0.42,0.01,0.01,78897.06,1776887298000
1776887300.849,200.849,0.58,0.59,0.41,0.42,0.01,0.01,78896.09,1776887299000
1776887301.204,201.204,0.58,0.59,0.41,0.42,0.01,0.01,78896.09,1776887299000
1776887301.583,201.583,0.58,0.59,0.41,0.42,0.01,0.01,78895.8,1776887300000
1776887302.031,202.031,0.58,0.59,0.41,0.42,0.01,0.01,78895.8,1776887300000
1776887302.473,202.473,0.5,0.52,0.45,0.54,0.02,0.09,78895.8,1776887301000
1776887303.024,203.024,0.46,0.47,0.53,0.54,0.01,0.01,78895.8,1776887301000
1776887303.382,203.382,0.46,0.47,0.53,0.54,0.01,0.01,78895.8,1776887301000
1776887303.746,203.746,0.46,0.47,0.53,0.54,0.01,0.01,78895.12,1776887302000
1776887304.216,204.216,0.46,0.47,0.53,0.54,0.01,0.01,78895.12,1776887302000
1776887304.733,204.733,0.46,0.47,0.53,0.54,0.01,0.01,78891.3,1776887303000
1776887305.094,205.094,0.45,0.47,0.53,0.54,0.02,0.01,78891.3,1776887303000
1776887305.427,205.427,0.44,0.46,0.54,0.56,0.02,0.02,78891.3,1776887303000
1776887305.787,205.787,0.44,0.45,0.55,0.56,0.01,0.01,78891.3,1776887303000
1776887306.127,206.127,0.44,0.45,0.55,0.56,0.01,0.01,78886.12,1776887304000
1776887306.633,206.633,0.44,0.45,0.55,0.56,0.01,0.01,78886.12,1776887305000
1776887307.138,207.138,0.44,0.45,0.55,0.56,0.01,0.01,78884.9,1776887306000
1776887307.525,207.525,0.44,0.45,0.55,0.56,0.01,0.01,78884.9,1776887306000
1776887308.021,208.021,0.44,0.45,0.55,0.56,0.01,0.01,78884.9,1776887306000
1776887308.356,208.356,0.44,0.45,0.55,0.56,0.01,0.01,78884.9,1776887306000
1776887308.701,208.701,0.46,0.47,0.53,0.54,0.01,0.01,78883.28,1776887307000
1776887309.103,209.103,0.48,0.49,0.51,0.53,0.01,0.02,78883.28,1776887307000
1776887309.446,209.446,0.48,0.49,0.51,0.52,0.01,0.01,78883.28,1776887308000
1776887309.828,209.828,0.48,0.49,0.51,0.52,0.01,0.01,78883.28,1776887308000
1776887310.307,210.307,0.48,0.49,0.51,0.52,0.01,0.01,78883.28,1776887308000
1776887310.699,210.699,0.48,0.49,0.51,0.52,0.01,0.01,78883.28,1776887308000
1776887311.42,211.42,0.47,0.49,0.51,0.52,0.02,0.01,78883.64,1776887309000
1776887311.866,211.866,0.45,0.47,0.53,0.55,0.02,0.02,78885.68,1776887310000
1776887312.265,212.265,0.41,0.42,0.57,0.6,0.01,0.03,78885.68,1776887310000
1776887312.713,212.713,0.4,0.41,0.58,0.6,0.01,0.02,78885.67,1776887311000
1776887313.132,213.132,0.4,0.41,0.59,0.6,0.01,0.01,78885.67,1776887311000
1776887313.586,213.586,0.39,0.4,0.59,0.61,0.01,0.02,78885.67,1776887311000
1776887313.922,213.922,0.39,0.4,0.6,0.61,0.01,0.01,78885.67,1776887311000
1776887314.326,214.326,0.38,0.39,0.61,0.62,0.01,0.01,78884.41,1776887313000
1776887314.663,214.663,0.38,0.39,0.61,0.62,0.01,0.01,78884.41,1776887313000
1776887315.083,215.083,0.38,0.39,0.61,0.62,0.01,0.01,78880.3,1776887314000
1776887315.456,215.456,0.38,0.39,0.61,0.62,0.01,0.01,78880.3,1776887314000
1776887315.841,215.841,0.38,0.39,0.61,0.62,0.01,0.01,78880.3,1776887314000
1776887316.281,216.281,0.38,0.39,0.61,0.62,0.01,0.01,78878.63,1776887315000
1776887316.674,216.674,0.39,0.4,0.6,0.61,0.01,0.01,78878.63,1776887315000
1776887317.101,217.101,0.39,0.4,0.6,0.61,0.01,0.01,78877.04,1776887316000
1776887317.598,217.598,0.39,0.4,0.6,0.61,0.01,0.01,78877.04,1776887316000
1776887318.063,218.063,0.38,0.39,0.61,0.62,0.01,0.01,78877.64,1776887317000
1776887318.57,218.57,0.38,0.39,0.61,0.62,0.01,0.01,78877.64,1776887317000
1776887318.963,218.963,0.38,0.39,0.61,0.62,0.01,0.01,78877.64,1776887317000
1776887319.305,219.305,0.38,0.39,0.61,0.62,0.01,0.01,78878.85,1776887318000
1776887319.682,219.682,0.38,0.39,0.61,0.62,0.01,0.01,78878.85,1776887318000
1776887320.02,220.02,0.38,0.39,0.61,0.62,0.01,0.01,78878.85,1776887318000
1776887320.406,220.406,0.38,0.39,0.61,0.62,0.01,0.01,78878.85,1776887319000
1776887320.767,220.767,0.38,0.39,0.61,0.62,0.01,0.01,78878.85,1776887319000
1776887321.209,221.209,0.38,0.39,0.61,0.62,0.01,0.01,78878.9,1776887320000
1776887321.562,221.562,0.38,0.39,0.61,0.62,0.01,0.01,78878.9,1776887320000
1776887321.907,221.907,0.38,0.39,0.61,0.62,0.01,0.01,78878.9,1776887320000
1776887322.396,222.396,0.38,0.39,0.61,0.62,0.01,0.01,78878.93,1776887321000
1776887322.744,222.744,0.38,0.39,0.61,0.62,0.01,0.01,78878.93,1776887321000
1776887323.085,223.085,0.38,0.39,0.61,0.62,0.01,0.01,78879.06,1776887322000
1776887323.461,223.461,0.39,0.4,0.6,0.61,0.01,0.01,78879.06,1776887322000
1776887324.02,224.02,0.38,0.39,0.61,0.62,0.01,0.01,78879.06,1776887322000
1776887324.42,224.42,0.38,0.39,0.61,0.62,0.01,0.01,78878.59,1776887323000
1776887324.941,224.941,0.38,0.39,0.61,0.62,0.01,0.01,78878.59,1776887323000
1776887325.285,225.285,0.38,0.39,0.61,0.62,0.01,0.01,78878.18,1776887324000
1776887325.642,225.642,0.38,0.39,0.61,0.62,0.01,0.01,78878.18,1776887324000
1776887325.983,225.983,0.38,0.39,0.61,0.62,0.01,0.01,78878.18,1776887324000
1776887326.388,226.388,0.38,0.39,0.61,0.62,0.01,0.01,78877.97,1776887325000
1776887326.899,226.899,0.38,0.39,0.61,0.62,0.01,0.01,78877.97,1776887325000
1776887327.369,227.369,0.38,0.39,0.61,0.62,0.01,0.01,78877.97,1776887325000
1776887327.766,227.766,0.38,0.39,0.61,0.62,0.01,0.01,78878.21,1776887326000
1776887328.328,228.328,0.38,0.39,0.61,0.62,0.01,0.01,78878.21,1776887327000
1776887328.882,228.882,0.38,0.39,0.61,0.62,0.01,0.01,78878.21,1776887327000
1776887329.218,229.218,0.44,0.46,0.54,0.56,0.02,0.02,78878.42,1776887328000
1776887329.552,229.552,0.44,0.45,0.55,0.56,0.01,0.01,78878.42,1776887328000
1776887329.897,229.897,0.44,0.45,0.55,0.56,0.01,0.01,78878.42,1776887328000
1776887330.233,230.233,0.44,0.45,0.55,0.56,0.01,0.01,78878.21,1776887329000
1776887330.585,230.585,0.44,0.45,0.55,0.56,0.01,0.01,78878.21,1776887329000
1776887331.004,231.004,0.44,0.45,0.55,0.56,0.01,0.01,78878.21,1776887329000
1776887331.339,231.339,0.44,0.45,0.55,0.56,0.01,0.01,78881.87,1776887330000
1776887331.689,231.689,0.44,0.45,0.55,0.56,0.01,0.01,78881.87,1776887330000
1776887332.039,232.039,0.44,0.45,0.55,0.56,0.01,0.01,78881.87,1776887330000
1776887332.47,232.47,0.44,0.45,0.55,0.56,0.01,0.01,78881.63,1776887331000
1776887332.846,232.846,0.45,0.46,0.54,0.55,0.01,0.01,78881.63,1776887331000
1776887333.247,233.247,0.45,0.46,0.54,0.55,0.01,0.01,78881.63,1776887331000
1776887333.721,233.721,0.45,0.46,0.54,0.55,0.01,0.01,78881.82,1776887332000
1776887334.116,234.116,0.45,0.46,0.54,0.55,0.01,0.01,78881.85,1776887333000
1776887334.638,234.638,0.45,0.46,0.54,0.55,0.01,0.01,78881.85,1776887333000
1776887335.056,235.056,0.45,0.46,0.54,0.55,0.01,0.01,78881.85,1776887333000
1776887335.538,235.538,0.45,0.46,0.54,0.55,0.01,0.01,78883.38,1776887334000
1776887336.069,236.069,0.44,0.45,0.55,0.56,0.01,0.01,78883.38,1776887334000
1776887336.489,236.489,0.44,0.45,0.55,0.56,0.01,0.01,78881.94,1776887335000
1776887336.847,236.847,0.46,0.47,0.53,0.56,0.01,0.03,78881.94,1776887335000
1776887337.221,237.221,0.46,0.47,0.53,0.54,0.01,0.01,78881.94,1776887335000
1776887337.626,237.626,0.46,0.47,0.53,0.54,0.01,0.01,78881.94,1776887336000
1776887337.97,237.97,0.46,0.47,0.53,0.54,0.01,0.01,78881.94,1776887336000
1776887338.329,238.329,0.46,0.47,0.53,0.54,0.01,0.01,78883.51,1776887337000
1776887338.8,238.8,0.46,0.47,0.53,0.54,0.01,0.01,78883.51,1776887337000
1776887339.253,239.253,0.46,0.47,0.53,0.54,0.01,0.01,78883.51,1776887337000
1776887339.65,239.65,0.46,0.47,0.53,0.54,0.01,0.01,78883.6,1776887338000
1776887339.996,239.996,0.48,0.49,0.51,0.52,0.01,0.01,78883.6,1776887338000
1776887340.389,240.389,0.56,0.57,0.43,0.44,0.01,0.01,78884.19,1776887339000
1776887340.756,240.756,0.53,0.57,0.43,0.47,0.04,0.04,78884.19,1776887339000
1776887341.09,241.09,0.39,0.4,0.6,0.61,0.01,0.01,78884.19,1776887339000
1776887341.47,241.47,0.39,0.4,0.6,0.61,0.01,0.01,78884.2,1776887340000
1776887341.82,241.82,0.38,0.4,0.6,0.61,0.02,0.01,78884.2,1776887340000
1776887342.174,242.174,0.38,0.39,0.61,0.62,0.01,0.01,78884.2,1776887340000
1776887342.613,242.613,0.38,0.39,0.61,0.62,0.01,0.01,78884.33,1776887341000
1776887343.1,243.1,0.38,0.39,0.61,0.62,0.01,0.01,78884.33,1776887341000
1776887343.455,243.455,0.38,0.39,0.61,0.62,0.01,0.01,78884.33,1776887341000
1776887343.798,243.798,0.38,0.39,0.61,0.62,0.01,0.01,78879.37,1776887342000
1776887344.473,244.473,0.38,0.39,0.61,0.62,0.01,0.01,78878.46,1776887343000
1776887344.981,244.981,0.38,0.39,0.61,0.62,0.01,0.01,78878.46,1776887343000
1776887345.378,245.378,0.38,0.39,0.61,0.62,0.01,0.01,78877.05,1776887344000
1776887345.79,245.79,0.39,0.4,0.61,0.62,0.01,0.01,78877.05,1776887344000
1776887346.199,246.199,0.41,0.42,0.58,0.61,0.01,0.03,78877.05,1776887344000
1776887346.667,246.667,0.48,0.49,0.51,0.52,0.01,0.01,78876.74,1776887345000
1776887347.025,247.025,0.45,0.46,0.54,0.55,0.01,0.01,78876.74,1776887345000
1776887347.507,247.507,0.44,0.46,0.54,0.56,0.02,0.02,78875.14,1776887346000
1776887347.878,247.878,0.43,0.44,0.56,0.57,0.01,0.01,78875.14,1776887346000
1776887348.271,248.271,0.43,0.44,0.56,0.57,0.01,0.01,78877.29,1776887347000
1776887348.639,248.639,0.42,0.44,0.56,0.57,0.02,0.01,78877.29,1776887347000
1776887349.104,249.104,0.42,0.43,0.57,0.58,0.01,0.01,78880.9,1776887348000
1776887349.443,249.443,0.42,0.43,0.57,0.58,0.01,0.01,78880.9,1776887348000
1776887349.927,249.927,0.42,0.43,0.57,0.58,0.01,0.01,78880.9,1776887348000
1776887350.275,250.275,0.42,0.43,0.57,0.58,0.01,0.01,78880.76,1776887349000
1776887350.616,250.616,0.42,0.43,0.57,0.58,0.01,0.01,78880.76,1776887349000
1776887350.965,250.965,0.41,0.44,0.56,0.59,0.03,0.03,78881.15,1776887350000
1776887351.541,251.541,0.42,0.43,0.56,0.58,0.01,0.02,78881.15,1776887350000
1776887351.976,251.976,0.42,0.43,0.57,0.58,0.01,0.01,78881.15,1776887351000
1776887352.526,252.526,0.41,0.42,0.58,0.59,0.01,0.01,78881.15,1776887351000
1776887353.121,253.121,0.41,0.42,0.58,0.59,0.01,0.01,78881.15,1776887351000
1776887353.494,253.494,0.41,0.42,0.58,0.59,0.01,0.01,78881.61,1776887352000
1776887354.071,254.071,0.41,0.42,0.58,0.59,0.01,0.01,78881.61,1776887352000
1776887354.406,254.406,0.41,0.42,0.58,0.59,0.01,0.01,78881.88,1776887353000
1776887354.784,254.784,0.42,0.43,0.58,0.59,0.01,0.01,78881.88,1776887353000
1776887355.209,255.209,0.41,0.42,0.57,0.58,0.01,0.01,78881.88,1776887354000
1776887355.635,255.635,0.41,0.42,0.58,0.59,0.01,0.01,78881.88,1776887354000
1776887355.992,255.992,0.41,0.42,0.58,0.59,0.01,0.01,78881.88,1776887354000
1776887356.388,256.388,0.42,0.43,0.58,0.59,0.01,0.01,78881.59,1776887355000
1776887356.847,256.847,0.42,0.43,0.57,0.58,0.01,0.01,78881.59,1776887355000
1776887357.253,257.253,0.41,0.42,0.58,0.59,0.01,0.01,78881.59,1776887356000
1776887357.92,257.92,0.41,0.42,0.58,0.59,0.01,0.01,78881.59,1776887356000
1776887358.301,258.301,0.29,0.32,0.68,0.71,0.03,0.03,78881.77,1776887357000
1776887358.635,258.635,0.23,0.24,0.76,0.77,0.01,0.01,78881.77,1776887357000
1776887358.981,258.981,0.16,0.17,0.79,0.82,0.01,0.03,78881.77,1776887357000
1776887359.366,259.366,0.15,0.16,0.84,0.85,0.01,0.01,78881.56,1776887358000
1776887359.718,259.718,0.15,0.16,0.84,0.85,0.01,0.01,78881.56,1776887358000
1776887360.09,260.09,0.15,0.16,0.84,0.85,0.01,0.01,78881.56,1776887358000
1776887360.449,260.449,0.24,0.28,0.71,0.77,0.04,0.06,78869.98,1776887359000
1776887360.793,260.793,0.28,0.29,0.71,0.72,0.01,0.01,78869.98,1776887359000
1776887361.145,261.145,0.28,0.29,0.71,0.72,0.01,0.01,78863.62,1776887360000
1776887361.486,261.486,0.28,0.29,0.71,0.72,0.01,0.01,78863.62,1776887360000
1776887361.877,261.877,0.28,0.29,0.71,0.72,0.01,0.01,78863.62,1776887360000
1776887362.249,262.249,0.28,0.29,0.71,0.72,0.01,0.01,78865.31,1776887361000
1776887362.735,262.735,0.28,0.29,0.71,0.72,0.01,0.01,78865.31,1776887361000
1776887363.089,263.089,0.28,0.29,0.71,0.72,0.01,0.01,78865.31,1776887361000
1776887363.594,263.594,0.28,0.29,0.71,0.72,0.01,0.01,78871.08,1776887362000
1776887363.931,263.931,0.24,0.25,0.75,0.76,0.01,0.01,78871.08,1776887362000
1776887364.411,264.411,0.24,0.25,0.75,0.76,0.01,0.01,78871.11,1776887363000
1776887364.819,264.819,0.23,0.24,0.75,0.77,0.01,0.02,78871.11,1776887363000
1776887365.29,265.29,0.22,0.23,0.77,0.78,0.01,0.01,78871.23,1776887364000
1776887365.656,265.656,0.22,0.23,0.77,0.78,0.01,0.01,78871.23,1776887364000
1776887365.999,265.999,0.21,0.22,0.77,0.79,0.01,0.02,78871.23,1776887364000
1776887366.613,266.613,0.2,0.21,0.78,0.79,0.01,0.01,78868.75,1776887365000
1776887366.988,266.988,0.2,0.21,0.79,0.8,0.01,0.01,78868.75,1776887365000
1776887367.513,267.513,0.2,0.21,0.79,0.8,0.01,0.01,78867.18,1776887366000
1776887367.855,267.855,0.2,0.21,0.79,0.8,0.01,0.01,78867.18,1776887366000
1776887368.192,268.192,0.28,0.33,0.67,0.72,0.05,0.05,78867.18,1776887366000
1776887368.631,268.631,0.36,0.41,0.63,0.64,0.05,0.01,78867.85,1776887367000
1776887369.014,269.014,0.4,0.41,0.59,0.6,0.01,0.01,78868.32,1776887368000
1776887369.538,269.538,0.4,0.41,0.59,0.6,0.01,0.01,78868.32,1776887368000
1776887369.897,269.897,0.61,0.78,0.22,0.39,0.17,0.17,78868.32,1776887368000
1776887370.23,270.23,0.71,0.79,0.23,0.29,0.08,0.06,78872.47,1776887369000
1776887370.581,270.581,0.72,0.79,0.25,0.28,0.07,0.03,78872.47,1776887369000
1776887370.941,270.941,0.8,0.81,0.16,0.22,0.01,0.06,78872.47,1776887369000
1776887371.301,271.301,0.8,0.85,0.15,0.2,0.05,0.05,78878.92,1776887370000
1776887371.651,271.651,0.83,0.84,0.16,0.2,0.01,0.04,78878.92,1776887370000
1776887371.997,271.997,0.83,0.84,0.16,0.17,0.01,0.01,78878.92,1776887370000
1776887372.351,272.351,0.83,0.84,0.16,0.17,0.01,0.01,78878.92,1776887370000
1776887372.8,272.8,0.83,0.84,0.16,0.17,0.01,0.01,78892.92,1776887371000
1776887373.246,273.246,0.83,0.84,0.16,0.17,0.01,0.01,78896.91,1776887372000
1776887373.585,273.585,0.83,0.84,0.16,0.17,0.01,0.01,78896.91,1776887372000
1776887374.048,274.048,0.86,0.89,0.11,0.14,0.03,0.03,78896.91,1776887372000
1776887374.401,274.401,0.87,0.89,0.11,0.13,0.02,0.02,78901.54,1776887373000
1776887374.754,274.754,0.87,0.88,0.12,0.13,0.01,0.01,78901.54,1776887373000
1776887375.106,275.106,0.86,0.88,0.12,0.13,0.02,0.01,78901.54,1776887373000
1776887375.444,275.444,0.84,0.85,0.15,0.16,0.01,0.01,78901.54,1776887373000
1776887375.814,275.814,0.83,0.84,0.16,0.17,0.01,0.01,78903.17,1776887374000
1776887376.162,276.162,0.83,0.84,0.16,0.17,0.01,0.01,78903.17,1776887374000
1776887376.534,276.534,0.87,0.88,0.12,0.13,0.01,0.01,78903.17,1776887374000
1776887376.903,276.903,0.87,0.88,0.12,0.13,0.01,0.01,78905.73,1776887375000
1776887377.344,277.344,0.87,0.88,0.12,0.13,0.01,0.01,78905.63,1776887376000
1776887377.678,277.678,0.84,0.85,0.15,0.16,0.01,0.01,78905.63,1776887376000
1776887378.074,278.074,0.84,0.85,0.15,0.16,0.01,0.01,78905.63,1776887376000
1776887378.418,278.418,0.84,0.85,0.15,0.16,0.01,0.01,78905.63,1776887376000
1776887378.788,278.788,0.84,0.85,0.15,0.16,0.01,0.01,78905.64,1776887377000
1776887379.132,279.132,0.91,0.92,0.08,0.09,0.01,0.01,78905.64,1776887377000
1776887379.477,279.477,0.9,0.91,0.08,0.1,0.01,0.02,78905.64,1776887377000
1776887379.84,279.84,0.87,0.88,0.11,0.12,0.01,0.01,78905.65,1776887378000
1776887380.221,280.221,0.85,0.86,0.13,0.15,0.01,0.02,78905.65,1776887378000
1776887380.573,280.573,0.85,0.86,0.14,0.15,0.01,0.01,78905.91,1776887379000
1776887380.951,280.951,0.85,0.86,0.14,0.15,0.01,0.01,78905.91,1776887379000
1776887381.326,281.326,0.85,0.86,0.14,0.15,0.01,0.01,78905.91,1776887379000
1776887381.707,281.707,0.8,0.81,0.19,0.2,0.01,0.01,78907.29,1776887380000
1776887382.1,282.1,0.8,0.81,0.19,0.2,0.01,0.01,78907.29,1776887380000
1776887382.518,282.518,0.78,0.81,0.19,0.2,0.03,0.01,78908.38,1776887381000
1776887382.884,282.884,0.78,0.8,0.19,0.22,0.02,0.03,78908.38,1776887381000
1776887383.244,283.244,0.75,0.79,0.2,0.22,0.04,0.02,78908.82,1776887382000
1776887383.765,283.765,0.78,0.79,0.21,0.22,0.01,0.01,78908.82,1776887382000
1776887384.127,284.127,0.78,0.79,0.21,0.22,0.01,0.01,78908.82,1776887382000
1776887384.493,284.493,0.78,0.8,0.2,0.22,0.02,0.02,78906.71,1776887383000
1776887384.843,284.843,0.79,0.8,0.2,0.21,0.01,0.01,78906.71,1776887383000
1776887385.235,285.235,0.8,0.82,0.18,0.2,0.02,0.02,78906.46,1776887384000
1776887385.6,285.6,0.81,0.82,0.18,0.19,0.01,0.01,78906.46,1776887384000
1776887385.934,285.934,0.81,0.82,0.18,0.19,0.01,0.01,78906.46,1776887384000
1776887386.302,286.302,0.81,0.83,0.18,0.19,0.02,0.01,78906.46,1776887384000
1776887386.69,286.69,0.81,0.82,0.18,0.19,0.01,0.01,78906.19,1776887385000
1776887387.032,287.032,0.81,0.82,0.18,0.19,0.01,0.01,78906.19,1776887386000
1776887387.464,287.464,0.81,0.82,0.18,0.19,0.01,0.01,78906.19,1776887386000
1776887388.0,288.0,0.8,0.81,0.19,0.2,0.01,0.01,78906.19,1776887386000
1776887388.405,288.405,0.8,0.81,0.19,0.2,0.01,0.01,78906.56,1776887387000
1776887388.757,288.757,0.82,0.83,0.18,0.19,0.01,0.01,78906.56,1776887387000
1776887389.156,289.156,0.82,0.83,0.17,0.18,0.01,0.01,78906.58,1776887388000
1776887389.698,289.698,0.83,0.84,0.17,0.18,0.01,0.01,78906.58,1776887388000
1776887390.078,290.078,0.88,0.91,0.12,0.13,0.03,0.01,78906.58,1776887388000
1776887390.413,290.413,0.94,0.95,0.06,0.07,0.01,0.01,78905.71,1776887389000
1776887390.753,290.753,0.94,0.95,0.05,0.06,0.01,0.01,78905.71,1776887389000
1776887391.098,291.098,0.94,0.95,0.05,0.06,0.01,0.01,78905.71,1776887389000
1776887391.458,291.458,0.95,0.96,0.04,0.06,0.01,0.02,78906.36,1776887390000
1776887391.796,291.796,0.95,0.96,0.04,0.05,0.01,0.01,78906.36,1776887390000
1776887392.163,292.163,0.96,0.97,0.03,0.04,0.01,0.01,78906.36,1776887390000
1776887392.666,292.666,0.96,0.97,0.03,0.04,0.01,0.01,78907.61,1776887391000
1776887393.039,293.039,0.96,0.97,0.03,0.04,0.01,0.01,78907.61,1776887392000
1776887393.387,293.387,0.96,0.97,0.03,0.04,0.01,0.01,78907.61,1776887392000
1776887393.802,293.802,0.96,0.97,0.03,0.04,0.01,0.01,78907.61,1776887392000
1776887394.139,294.139,0.96,0.97,0.03,0.04,0.01,0.01,78908.65,1776887393000
1776887394.483,294.483,0.96,0.97,0.03,0.04,0.01,0.01,78908.65,1776887393000
1776887394.957,294.957,0.97,0.98,0.02,0.03,0.01,0.01,78908.65,1776887393000
1776887395.315,295.315,0.97,0.98,0.02,0.03,0.01,0.01,78911.13,1776887394000
1776887395.658,295.658,0.97,0.98,0.02,0.03,0.01,0.01,78911.13,1776887394000
1776887396.038,296.038,0.96,0.97,0.03,0.04,0.01,0.01,78911.13,1776887394000
1776887396.371,296.371,0.98,0.99,0.01,0.02,0.01,0.01,78911.13,1776887395000
1776887396.782,296.782,0.98,0.99,0.01,0.02,0.01,0.01,78911.13,1776887395000
1776887397.119,297.119,0.98,0.99,0.01,0.02,0.01,0.01,78911.13,1776887395000
1776887397.455,297.455,0.98,0.99,0.01,0.02,0.01,0.01,78911.18,1776887396000
1776887397.803,297.803,0.98,0.99,0.01,0.02,0.01,0.01,78911.18,1776887396000
1776887398.281,298.281,0.99,0.99,0.01,0.01,0.0,0.0,78911.18,1776887396000
1776887398.661,298.661,0.99,0.99,0.01,0.01,0.0,0.0,78909.19,1776887397000
1776887399.178,299.178,0.99,0.99,0.01,0.01,0.0,0.0,78909.3,1776887398000
1776887399.609,299.609,0.99,0.99,0.01,0.01,0.0,0.0,78909.3,1776887398000
1776887399.949,299.949,0.99,0.99,0.01,0.01,0.0,0.0,78909.3,1776887398000
1776887400.34,300.34,0.99,0.99,0.01,0.01,0.0,0.0,78909.3,1776887398000
1776887400.714,300.714,0.99,0.99,0.01,0.01,0.0,0.0,78909.3,1776887398000

# RESULT,winner=Up,slug=btc-updown-5m-1776887100,ticks=696
