timestamp,elapsed_sec,up_bid,up_ask,down_bid,down_ask,up_spread,down_spread,btc_price,btc_oracle_ts
1776539100.702,0.702,0.52,0.53,0.47,0.48,0.01,0.01,75731.03,1776539099000
1776539101.244,1.244,0.52,0.53,0.47,0.48,0.01,0.01,75731.03,1776539099000
1776539101.759,1.759,0.52,0.53,0.47,0.48,0.01,0.01,75731.03,1776539099000
1776539102.371,2.371,0.52,0.53,0.47,0.48,0.01,0.01,75731.02,1776539101000
1776539102.759,2.759,0.51,0.52,0.47,0.48,0.01,0.01,75731.02,1776539101000
1776539103.175,3.175,0.51,0.52,0.48,0.5,0.01,0.02,75731.02,1776539101000
1776539103.698,3.698,0.51,0.52,0.48,0.49,0.01,0.01,75729.46,1776539102000
1776539104.195,4.195,0.51,0.52,0.48,0.49,0.01,0.01,75729.46,1776539102000
1776539104.542,4.542,0.51,0.52,0.48,0.49,0.01,0.01,75729.46,1776539102000
1776539104.889,4.889,0.51,0.52,0.48,0.49,0.01,0.01,75730.83,1776539103000
1776539105.42,5.42,0.51,0.52,0.48,0.49,0.01,0.01,75730.83,1776539103000
1776539105.821,5.821,0.51,0.52,0.48,0.49,0.01,0.01,75732.33,1776539104000
1776539106.24,6.24,0.51,0.52,0.48,0.49,0.01,0.01,75732.33,1776539104000
1776539106.573,6.573,0.51,0.52,0.48,0.49,0.01,0.01,75733.3,1776539105000
1776539106.915,6.915,0.53,0.54,0.46,0.49,0.01,0.03,75733.3,1776539105000
1776539107.324,7.324,0.53,0.54,0.46,0.47,0.01,0.01,75733.3,1776539106000
1776539107.803,7.803,0.53,0.54,0.46,0.47,0.01,0.01,75733.3,1776539106000
1776539108.154,8.154,0.53,0.54,0.46,0.47,0.01,0.01,75733.3,1776539106000
1776539108.497,8.497,0.53,0.54,0.46,0.47,0.01,0.01,75733.33,1776539107000
1776539108.848,8.848,0.53,0.54,0.46,0.47,0.01,0.01,75733.33,1776539107000
1776539109.199,9.199,0.53,0.54,0.46,0.47,0.01,0.01,75733.87,1776539108000
1776539109.631,9.631,0.53,0.54,0.46,0.47,0.01,0.01,75733.87,1776539108000
1776539110.215,10.215,0.53,0.54,0.46,0.47,0.01,0.01,75733.87,1776539108000
1776539110.617,10.617,0.53,0.54,0.46,0.47,0.01,0.01,75733.9,1776539109000
1776539111.395,11.395,0.53,0.54,0.46,0.47,0.01,0.01,75733.83,1776539110000
1776539111.811,11.811,0.53,0.54,0.46,0.47,0.01,0.01,75733.83,1776539110000
1776539112.499,12.499,0.53,0.54,0.46,0.47,0.01,0.01,75733.97,1776539111000
1776539113.456,13.456,0.53,0.54,0.46,0.47,0.01,0.01,75733.97,1776539111000
1776539113.816,13.816,0.53,0.54,0.46,0.47,0.01,0.01,75733.83,1776539112000
1776539114.16,14.16,0.53,0.54,0.46,0.47,0.01,0.01,75733.83,1776539112000
1776539114.703,14.703,0.53,0.54,0.46,0.47,0.01,0.01,75733.97,1776539113000
1776539115.146,15.146,0.53,0.54,0.46,0.47,0.01,0.01,75733.97,1776539113000
1776539116.321,16.321,0.53,0.54,0.46,0.47,0.01,0.01,75733.97,1776539114000
1776539116.662,16.662,0.53,0.54,0.46,0.47,0.01,0.01,75733.92,1776539115000
1776539117.459,17.459,0.53,0.54,0.46,0.47,0.01,0.01,75733.92,1776539115000
1776539117.924,17.924,0.53,0.54,0.46,0.47,0.01,0.01,75733.92,1776539116000
1776539118.26,18.26,0.53,0.54,0.46,0.47,0.01,0.01,75733.92,1776539116000
1776539118.921,18.921,0.53,0.54,0.46,0.47,0.01,0.01,75733.89,1776539117000
1776539119.531,19.531,0.53,0.54,0.46,0.47,0.01,0.01,75733.89,1776539117000
1776539119.869,19.869,0.49,0.5,0.5,0.51,0.01,0.01,75733.89,1776539117000
1776539120.236,20.236,0.47,0.49,0.5,0.53,0.02,0.03,75733.89,1776539118000
1776539120.627,20.627,0.46,0.48,0.52,0.53,0.02,0.01,75733.89,1776539118000
1776539120.977,20.977,0.4,0.46,0.54,0.59,0.06,0.05,75733.89,1776539118000
1776539121.316,21.316,0.38,0.41,0.59,0.62,0.03,0.03,75732.44,1776539119000
1776539121.65,21.65,0.38,0.39,0.61,0.62,0.01,0.01,75732.44,1776539119000
1776539121.999,21.999,0.36,0.37,0.63,0.64,0.01,0.01,75722.87,1776539120000
1776539122.349,22.349,0.36,0.37,0.63,0.64,0.01,0.01,75722.87,1776539120000
1776539122.702,22.702,0.36,0.37,0.63,0.64,0.01,0.01,75722.87,1776539120000
1776539123.078,23.078,0.36,0.37,0.63,0.64,0.01,0.01,75722.87,1776539120000
1776539123.606,23.606,0.36,0.37,0.63,0.64,0.01,0.01,75715.33,1776539121000
1776539123.976,23.976,0.36,0.37,0.63,0.64,0.01,0.01,75705.88,1776539122000
1776539124.326,24.326,0.36,0.37,0.63,0.64,0.01,0.01,75705.88,1776539122000
1776539124.72,24.72,0.36,0.37,0.63,0.64,0.01,0.01,75705.88,1776539122000
1776539125.09,25.09,0.36,0.37,0.63,0.64,0.01,0.01,75705.88,1776539123000
1776539125.491,25.491,0.36,0.37,0.63,0.64,0.01,0.01,75705.88,1776539123000
1776539125.859,25.859,0.36,0.37,0.62,0.64,0.01,0.02,75705.87,1776539124000
1776539126.214,26.214,0.36,0.37,0.63,0.64,0.01,0.01,75705.87,1776539124000
1776539126.566,26.566,0.36,0.37,0.63,0.64,0.01,0.01,75704.5,1776539125000
1776539126.902,26.902,0.36,0.37,0.63,0.64,0.01,0.01,75704.5,1776539125000
1776539127.876,27.876,0.36,0.37,0.63,0.64,0.01,0.01,75704.78,1776539126000
1776539128.337,28.337,0.36,0.37,0.63,0.64,0.01,0.01,75704.78,1776539126000
1776539128.708,28.708,0.36,0.37,0.63,0.64,0.01,0.01,75704.78,1776539127000
1776539129.51,29.51,0.36,0.37,0.63,0.64,0.01,0.01,75706.81,1776539128000
1776539129.855,29.855,0.37,0.4,0.6,0.62,0.03,0.02,75706.81,1776539128000
1776539130.238,30.238,0.37,0.4,0.6,0.63,0.03,0.03,75706.81,1776539128000
1776539130.744,30.744,0.4,0.41,0.59,0.6,0.01,0.01,75707.66,1776539129000
1776539131.088,31.088,0.4,0.41,0.59,0.6,0.01,0.01,75707.66,1776539129000
1776539131.429,31.429,0.4,0.41,0.58,0.6,0.01,0.02,75707.66,1776539129000
1776539131.791,31.791,0.41,0.42,0.58,0.59,0.01,0.01,75707.66,1776539129000
1776539132.127,32.127,0.41,0.42,0.58,0.59,0.01,0.01,75712.36,1776539130000
1776539132.47,32.47,0.41,0.42,0.58,0.59,0.01,0.01,75712.36,1776539130000
1776539132.869,32.869,0.41,0.42,0.58,0.59,0.01,0.01,75714.53,1776539131000
1776539133.212,33.212,0.41,0.42,0.58,0.59,0.01,0.01,75714.53,1776539132000
1776539133.558,33.558,0.41,0.42,0.58,0.59,0.01,0.01,75714.53,1776539132000
1776539134.15,34.15,0.41,0.42,0.58,0.59,0.01,0.01,75714.53,1776539132000
1776539134.765,34.765,0.41,0.42,0.58,0.59,0.01,0.01,75714.54,1776539133000
1776539135.168,35.168,0.41,0.42,0.57,0.59,0.01,0.02,75714.54,1776539133000
1776539135.609,35.609,0.41,0.43,0.57,0.59,0.02,0.02,75714.54,1776539134000
1776539136.172,36.172,0.42,0.43,0.57,0.58,0.01,0.01,75714.54,1776539134000
1776539136.696,36.696,0.35,0.37,0.63,0.66,0.02,0.03,75714.11,1776539135000
1776539137.064,37.064,0.36,0.37,0.63,0.64,0.01,0.01,75714.11,1776539135000
1776539137.405,37.405,0.36,0.37,0.63,0.64,0.01,0.01,75714.11,1776539135000
1776539137.764,37.764,0.36,0.37,0.63,0.64,0.01,0.01,75714.11,1776539135000
1776539138.127,38.127,0.37,0.38,0.62,0.63,0.01,0.01,75709.11,1776539136000
1776539138.662,38.662,0.37,0.38,0.62,0.63,0.01,0.01,75705.91,1776539137000
1776539139.128,39.128,0.37,0.39,0.62,0.63,0.02,0.01,75705.91,1776539137000
1776539139.477,39.477,0.38,0.39,0.61,0.62,0.01,0.01,75705.91,1776539138000
1776539139.934,39.934,0.38,0.39,0.61,0.62,0.01,0.01,75705.91,1776539138000
1776539140.309,40.309,0.39,0.4,0.6,0.62,0.01,0.02,75705.91,1776539138000
1776539140.733,40.733,0.39,0.4,0.6,0.61,0.01,0.01,75709.76,1776539139000
1776539141.33,41.33,0.39,0.4,0.6,0.61,0.01,0.01,75709.76,1776539140000
1776539141.766,41.766,0.39,0.4,0.6,0.61,0.01,0.01,75709.76,1776539140000
1776539142.394,42.394,0.39,0.4,0.6,0.61,0.01,0.01,75709.76,1776539141000
1776539142.879,42.879,0.39,0.4,0.6,0.61,0.01,0.01,75709.76,1776539141000
1776539143.395,43.395,0.39,0.4,0.6,0.61,0.01,0.01,75709.76,1776539142000
1776539143.807,43.807,0.39,0.4,0.6,0.61,0.01,0.01,75709.76,1776539142000
1776539144.152,44.152,0.39,0.4,0.6,0.61,0.01,0.01,75709.76,1776539143000
1776539144.556,44.556,0.38,0.4,0.6,0.61,0.02,0.01,75709.76,1776539143000
1776539145.027,45.027,0.38,0.39,0.61,0.62,0.01,0.01,75709.76,1776539143000
1776539145.42,45.42,0.38,0.39,0.61,0.62,0.01,0.01,75709.76,1776539143000
1776539145.913,45.913,0.38,0.39,0.61,0.62,0.01,0.01,75709.81,1776539145000
1776539146.781,46.781,0.4,0.41,0.61,0.62,0.01,0.01,75709.81,1776539145000
1776539147.173,47.173,0.41,0.43,0.57,0.59,0.02,0.02,75709.81,1776539146000
1776539147.542,47.542,0.42,0.43,0.57,0.58,0.01,0.01,75709.81,1776539146000
1776539147.945,47.945,0.42,0.43,0.57,0.58,0.01,0.01,75709.81,1776539146000
1776539148.33,48.33,0.42,0.43,0.57,0.58,0.01,0.01,75709.81,1776539147000
1776539148.739,48.739,0.42,0.43,0.57,0.58,0.01,0.01,75709.81,1776539147000
1776539149.108,49.108,0.42,0.43,0.57,0.58,0.01,0.01,75713.56,1776539148000
1776539149.471,49.471,0.42,0.43,0.57,0.58,0.01,0.01,75713.56,1776539148000
1776539149.906,49.906,0.42,0.43,0.57,0.58,0.01,0.01,75713.56,1776539148000
1776539150.559,50.559,0.42,0.43,0.57,0.58,0.01,0.01,75715.0,1776539149000
1776539151.092,51.092,0.42,0.43,0.57,0.58,0.01,0.01,75715.66,1776539150000
1776539151.549,51.549,0.42,0.44,0.57,0.58,0.02,0.01,75715.66,1776539150000
1776539151.905,51.905,0.43,0.44,0.56,0.58,0.01,0.02,75715.66,1776539150000
1776539152.335,52.335,0.45,0.46,0.54,0.55,0.01,0.01,75715.66,1776539150000
1776539152.736,52.736,0.45,0.46,0.54,0.55,0.01,0.01,75715.8,1776539151000
1776539153.101,53.101,0.46,0.47,0.53,0.55,0.01,0.02,75715.8,1776539151000
1776539153.669,53.669,0.46,0.47,0.53,0.54,0.01,0.01,75715.8,1776539152000
1776539154.065,54.065,0.46,0.47,0.53,0.54,0.01,0.01,75715.8,1776539152000
1776539154.451,54.451,0.47,0.48,0.52,0.53,0.01,0.01,75718.14,1776539153000
1776539155.546,55.546,0.47,0.48,0.52,0.53,0.01,0.01,75718.14,1776539153000
1776539156.029,56.029,0.48,0.49,0.52,0.53,0.01,0.01,75718.14,1776539153000
1776539156.363,56.363,0.48,0.5,0.51,0.52,0.02,0.01,75720.56,1776539154000
1776539156.788,56.788,0.49,0.5,0.5,0.51,0.01,0.01,75720.56,1776539154000
1776539157.121,57.121,0.49,0.5,0.5,0.51,0.01,0.01,75721.97,1776539155000
1776539157.639,57.639,0.49,0.5,0.5,0.51,0.01,0.01,75722.14,1776539156000
1776539158.317,58.317,0.49,0.5,0.5,0.51,0.01,0.01,75723.36,1776539157000
1776539158.758,58.758,0.49,0.5,0.5,0.51,0.01,0.01,75723.36,1776539157000
1776539159.102,59.102,0.47,0.48,0.51,0.52,0.01,0.01,75723.36,1776539157000
1776539159.458,59.458,0.47,0.48,0.52,0.53,0.01,0.01,75723.36,1776539157000
1776539159.835,59.835,0.47,0.48,0.52,0.53,0.01,0.01,75724.54,1776539158000
1776539160.196,60.196,0.47,0.48,0.52,0.53,0.01,0.01,75724.54,1776539158000
1776539160.768,60.768,0.47,0.48,0.52,0.53,0.01,0.01,75724.51,1776539159000
1776539161.184,61.184,0.45,0.47,0.52,0.54,0.02,0.02,75724.51,1776539159000
1776539161.695,61.695,0.45,0.46,0.53,0.56,0.01,0.03,75724.51,1776539159000
1776539162.171,62.171,0.45,0.46,0.54,0.55,0.01,0.01,75723.89,1776539160000
1776539162.508,62.508,0.45,0.47,0.54,0.55,0.02,0.01,75723.79,1776539161000
1776539162.842,62.842,0.46,0.47,0.53,0.54,0.01,0.01,75723.79,1776539161000
1776539163.178,63.178,0.46,0.47,0.53,0.54,0.01,0.01,75723.85,1776539162000
1776539163.958,63.958,0.47,0.48,0.52,0.54,0.01,0.02,75723.85,1776539162000
1776539164.413,64.413,0.47,0.48,0.52,0.53,0.01,0.01,75724.18,1776539163000
1776539165.21,65.21,0.47,0.48,0.52,0.53,0.01,0.01,75724.18,1776539164000
1776539165.617,65.617,0.49,0.5,0.5,0.53,0.01,0.03,75724.18,1776539164000
1776539165.973,65.973,0.49,0.5,0.5,0.51,0.01,0.01,75724.18,1776539164000
1776539166.347,66.347,0.49,0.5,0.5,0.51,0.01,0.01,75724.18,1776539164000
1776539166.688,66.688,0.49,0.5,0.5,0.51,0.01,0.01,75724.18,1776539165000
1776539167.074,67.074,0.49,0.5,0.5,0.51,0.01,0.01,75724.18,1776539165000
1776539167.469,67.469,0.49,0.5,0.5,0.51,0.01,0.01,75724.18,1776539166000
1776539167.897,67.897,0.49,0.5,0.5,0.51,0.01,0.01,75724.18,1776539166000
1776539168.402,68.402,0.49,0.5,0.5,0.51,0.01,0.01,75725.2,1776539167000
1776539168.886,68.886,0.49,0.5,0.5,0.51,0.01,0.01,75725.2,1776539167000
1776539169.233,69.233,0.48,0.5,0.5,0.51,0.02,0.01,75725.97,1776539168000
1776539169.575,69.575,0.47,0.48,0.52,0.53,0.01,0.01,75725.97,1776539168000
1776539170.148,70.148,0.47,0.48,0.52,0.53,0.01,0.01,75725.97,1776539168000
1776539170.599,70.599,0.46,0.47,0.53,0.54,0.01,0.01,75724.77,1776539169000
1776539170.951,70.951,0.46,0.47,0.53,0.54,0.01,0.01,75724.77,1776539169000
1776539171.34,71.34,0.46,0.47,0.53,0.54,0.01,0.01,75724.77,1776539170000
1776539171.956,71.956,0.46,0.47,0.53,0.54,0.01,0.01,75724.77,1776539170000
1776539172.575,72.575,0.45,0.47,0.53,0.55,0.02,0.02,75725.37,1776539171000
1776539172.919,72.919,0.44,0.45,0.54,0.56,0.01,0.02,75725.37,1776539171000
1776539173.256,73.256,0.44,0.45,0.55,0.56,0.01,0.01,75725.37,1776539171000
1776539173.657,73.657,0.44,0.45,0.55,0.56,0.01,0.01,75724.84,1776539172000
1776539174.102,74.102,0.44,0.45,0.55,0.56,0.01,0.01,75724.53,1776539173000
1776539174.507,74.507,0.44,0.45,0.55,0.56,0.01,0.01,75724.53,1776539173000
1776539175.035,75.035,0.44,0.45,0.55,0.56,0.01,0.01,75724.53,1776539173000
1776539175.447,75.447,0.44,0.45,0.55,0.56,0.01,0.01,75724.69,1776539174000
1776539176.389,76.389,0.44,0.45,0.55,0.56,0.01,0.01,75723.39,1776539175000
1776539176.723,76.723,0.44,0.45,0.55,0.56,0.01,0.01,75723.39,1776539175000
1776539177.384,77.384,0.44,0.45,0.55,0.56,0.01,0.01,75723.39,1776539175000
1776539178.126,78.126,0.44,0.45,0.55,0.56,0.01,0.01,75724.37,1776539177000
1776539178.48,78.48,0.44,0.46,0.55,0.56,0.02,0.01,75724.37,1776539177000
1776539178.901,78.901,0.46,0.48,0.54,0.55,0.02,0.01,75724.37,1776539177000
1776539179.601,79.601,0.47,0.48,0.52,0.54,0.01,0.02,75723.32,1776539178000
1776539180.041,80.041,0.47,0.48,0.52,0.53,0.01,0.01,75723.32,1776539178000
1776539180.389,80.389,0.47,0.48,0.52,0.53,0.01,0.01,75724.77,1776539179000
1776539180.724,80.724,0.48,0.49,0.52,0.53,0.01,0.01,75724.77,1776539179000
1776539181.205,81.205,0.48,0.49,0.51,0.52,0.01,0.01,75722.42,1776539180000
1776539181.572,81.572,0.48,0.49,0.51,0.52,0.01,0.01,75722.42,1776539180000
1776539182.271,82.271,0.48,0.49,0.51,0.52,0.01,0.01,75725.29,1776539181000
1776539183.071,83.071,0.48,0.49,0.51,0.52,0.01,0.01,75725.29,1776539181000
1776539183.423,83.423,0.36,0.38,0.62,0.64,0.02,0.02,75725.29,1776539182000
1776539184.17,84.17,0.37,0.38,0.62,0.63,0.01,0.01,75725.29,1776539182000
1776539184.735,84.735,0.37,0.38,0.62,0.63,0.01,0.01,75721.86,1776539183000
1776539185.072,85.072,0.37,0.38,0.62,0.63,0.01,0.01,75721.86,1776539183000
1776539185.41,85.41,0.37,0.38,0.62,0.63,0.01,0.01,75717.86,1776539184000
1776539185.836,85.836,0.37,0.38,0.62,0.63,0.01,0.01,75717.86,1776539184000
1776539186.29,86.29,0.37,0.38,0.62,0.63,0.01,0.01,75717.86,1776539184000
1776539186.728,86.728,0.37,0.38,0.62,0.63,0.01,0.01,75714.64,1776539185000
1776539187.501,87.501,0.36,0.37,0.63,0.64,0.01,0.01,75714.63,1776539186000
1776539188.141,88.141,0.36,0.37,0.63,0.64,0.01,0.01,75714.63,1776539187000
1776539188.488,88.488,0.36,0.37,0.63,0.64,0.01,0.01,75714.63,1776539187000
1776539189.37,89.37,0.36,0.37,0.63,0.64,0.01,0.01,75713.81,1776539188000
1776539190.427,90.427,0.36,0.37,0.63,0.64,0.01,0.01,75713.81,1776539188000
1776539190.784,90.784,0.36,0.37,0.63,0.64,0.01,0.01,75714.9,1776539189000
1776539191.133,91.133,0.37,0.38,0.62,0.63,0.01,0.01,75714.84,1776539190000
1776539191.655,91.655,0.37,0.38,0.62,0.63,0.01,0.01,75714.84,1776539190000
1776539192.092,92.092,0.37,0.38,0.62,0.63,0.01,0.01,75714.84,1776539190000
1776539192.753,92.753,0.36,0.37,0.62,0.63,0.01,0.01,75714.84,1776539191000
1776539193.174,93.174,0.36,0.37,0.63,0.64,0.01,0.01,75714.84,1776539191000
1776539193.615,93.615,0.36,0.37,0.63,0.64,0.01,0.01,75716.18,1776539192000
1776539194.096,94.096,0.36,0.37,0.63,0.64,0.01,0.01,75716.18,1776539192000
1776539194.533,94.533,0.36,0.37,0.63,0.64,0.01,0.01,75715.85,1776539193000
1776539194.868,94.868,0.36,0.37,0.63,0.64,0.01,0.01,75715.85,1776539193000
1776539195.634,95.634,0.36,0.37,0.63,0.64,0.01,0.01,75715.85,1776539194000
1776539196.062,96.062,0.36,0.37,0.63,0.64,0.01,0.01,75715.85,1776539194000
1776539196.56,96.56,0.36,0.37,0.63,0.64,0.01,0.01,75715.58,1776539195000
1776539197.29,97.29,0.37,0.38,0.62,0.64,0.01,0.02,75715.58,1776539195000
1776539197.694,97.694,0.37,0.38,0.62,0.63,0.01,0.01,75715.32,1776539196000
1776539198.06,98.06,0.37,0.38,0.62,0.63,0.01,0.01,75715.32,1776539196000
1776539198.416,98.416,0.37,0.38,0.62,0.63,0.01,0.01,75715.32,1776539197000
1776539198.953,98.953,0.37,0.38,0.62,0.63,0.01,0.01,75715.35,1776539198000
1776539199.878,99.878,0.37,0.38,0.62,0.63,0.01,0.01,75715.35,1776539198000
1776539200.55,100.55,0.37,0.38,0.62,0.63,0.01,0.01,75717.06,1776539199000
1776539200.9,100.9,0.37,0.38,0.62,0.63,0.01,0.01,75717.06,1776539199000
1776539201.254,101.254,0.37,0.38,0.62,0.63,0.01,0.01,75717.06,1776539200000
1776539201.817,101.817,0.37,0.38,0.62,0.63,0.01,0.01,75717.06,1776539200000
1776539202.258,102.258,0.37,0.38,0.62,0.63,0.01,0.01,75717.06,1776539201000
1776539202.82,102.82,0.37,0.38,0.62,0.63,0.01,0.01,75717.06,1776539201000
1776539203.309,103.309,0.37,0.38,0.62,0.63,0.01,0.01,75717.53,1776539202000
1776539203.894,103.894,0.37,0.38,0.62,0.63,0.01,0.01,75717.53,1776539202000
1776539204.413,104.413,0.37,0.38,0.62,0.63,0.01,0.01,75717.54,1776539203000
1776539204.769,104.769,0.37,0.38,0.62,0.63,0.01,0.01,75717.54,1776539203000
1776539205.121,105.121,0.37,0.38,0.62,0.63,0.01,0.01,75717.53,1776539204000
1776539205.579,105.579,0.37,0.38,0.62,0.63,0.01,0.01,75717.53,1776539204000
1776539206.065,106.065,0.37,0.38,0.62,0.63,0.01,0.01,75717.53,1776539204000
1776539206.938,106.938,0.37,0.38,0.62,0.63,0.01,0.01,75717.53,1776539205000
1776539207.444,107.444,0.37,0.38,0.62,0.63,0.01,0.01,75717.53,1776539206000
1776539207.866,107.866,0.37,0.38,0.62,0.63,0.01,0.01,75717.53,1776539206000
1776539208.273,108.273,0.37,0.38,0.62,0.63,0.01,0.01,75717.54,1776539207000
1776539208.611,108.611,0.38,0.39,0.61,0.62,0.01,0.01,75717.54,1776539207000
1776539209.228,109.228,0.38,0.39,0.61,0.62,0.01,0.01,75717.54,1776539207000
1776539209.707,109.707,0.38,0.39,0.61,0.62,0.01,0.01,75717.54,1776539208000
1776539210.145,110.145,0.38,0.39,0.61,0.62,0.01,0.01,75717.54,1776539209000
1776539210.791,110.791,0.38,0.39,0.61,0.62,0.01,0.01,75717.54,1776539209000
1776539211.207,111.207,0.38,0.39,0.61,0.62,0.01,0.01,75715.55,1776539210000
1776539211.803,111.803,0.38,0.39,0.61,0.62,0.01,0.01,75715.55,1776539210000
1776539212.214,112.214,0.38,0.39,0.61,0.62,0.01,0.01,75717.54,1776539211000
1776539212.837,112.837,0.38,0.39,0.61,0.62,0.01,0.01,75717.54,1776539211000
1776539213.24,113.24,0.38,0.39,0.61,0.62,0.01,0.01,75717.54,1776539211000
1776539213.677,113.677,0.38,0.39,0.61,0.62,0.01,0.01,75717.54,1776539211000
1776539214.459,114.459,0.39,0.4,0.6,0.61,0.01,0.01,75717.54,1776539211000
1776539215.011,115.011,0.39,0.4,0.6,0.61,0.01,0.01,75717.54,1776539211000
1776539215.468,115.468,0.39,0.4,0.6,0.61,0.01,0.01,75717.54,1776539211000
1776539215.921,115.921,0.39,0.4,0.6,0.61,0.01,0.01,75717.54,1776539211000
1776539216.277,116.277,0.39,0.4,0.6,0.61,0.01,0.01,75717.54,1776539211000
1776539216.831,116.831,0.39,0.4,0.6,0.61,0.01,0.01,75717.54,1776539211000
1776539217.502,117.502,0.39,0.4,0.6,0.61,0.01,0.01,75717.54,1776539211000
1776539217.937,117.937,0.38,0.39,0.61,0.62,0.01,0.01,75717.54,1776539211000
1776539218.928,118.928,0.38,0.39,0.61,0.62,0.01,0.01,75717.54,1776539211000
1776539219.469,119.469,0.38,0.39,0.61,0.62,0.01,0.01,75717.54,1776539211000
1776539219.829,119.829,0.38,0.39,0.61,0.62,0.01,0.01,75717.54,1776539211000
1776539220.174,120.174,0.38,0.39,0.61,0.62,0.01,0.01,75717.54,1776539211000
1776539220.648,120.648,0.38,0.39,0.61,0.62,0.01,0.01,75717.54,1776539211000
1776539221.039,121.039,0.38,0.39,0.61,0.62,0.01,0.01,75717.54,1776539211000
1776539221.809,121.809,0.38,0.39,0.61,0.62,0.01,0.01,75717.54,1776539220000
1776539222.583,122.583,0.38,0.39,0.61,0.62,0.01,0.01,75717.5,1776539221000
1776539222.982,122.982,0.37,0.39,0.61,0.62,0.02,0.01,75717.5,1776539221000
1776539223.409,123.409,0.37,0.38,0.61,0.63,0.01,0.02,75717.49,1776539222000
1776539223.857,123.857,0.37,0.38,0.62,0.63,0.01,0.01,75717.49,1776539222000
1776539224.605,124.605,0.37,0.38,0.62,0.63,0.01,0.01,75717.49,1776539222000
1776539225.022,125.022,0.37,0.38,0.62,0.63,0.01,0.01,75717.5,1776539223000
1776539225.583,125.583,0.37,0.38,0.62,0.63,0.01,0.01,75717.51,1776539224000
1776539226.136,126.136,0.36,0.38,0.62,0.63,0.02,0.01,75717.51,1776539224000
1776539226.535,126.535,0.36,0.37,0.63,0.64,0.01,0.01,75717.5,1776539225000
1776539226.909,126.909,0.36,0.37,0.63,0.64,0.01,0.01,75717.5,1776539225000
1776539227.26,127.26,0.36,0.37,0.63,0.64,0.01,0.01,75717.5,1776539226000
1776539227.674,127.674,0.36,0.37,0.63,0.64,0.01,0.01,75717.5,1776539226000
1776539228.011,128.011,0.36,0.37,0.63,0.64,0.01,0.01,75717.5,1776539226000
1776539228.434,128.434,0.36,0.37,0.63,0.64,0.01,0.01,75717.5,1776539227000
1776539228.871,128.871,0.36,0.37,0.63,0.64,0.01,0.01,75717.5,1776539227000
1776539229.254,129.254,0.36,0.37,0.63,0.64,0.01,0.01,75717.5,1776539228000
1776539229.738,129.738,0.36,0.37,0.63,0.64,0.01,0.01,75717.5,1776539228000
1776539230.173,130.173,0.36,0.37,0.63,0.64,0.01,0.01,75717.5,1776539229000
1776539230.741,130.741,0.36,0.37,0.63,0.64,0.01,0.01,75717.5,1776539229000
1776539231.408,131.408,0.36,0.37,0.63,0.64,0.01,0.01,75717.5,1776539229000
1776539232.068,132.068,0.36,0.37,0.63,0.64,0.01,0.01,75717.5,1776539230000
1776539232.411,132.411,0.36,0.37,0.63,0.64,0.01,0.01,75717.5,1776539231000
1776539232.891,132.891,0.36,0.37,0.63,0.64,0.01,0.01,75717.5,1776539231000
1776539233.302,133.302,0.36,0.37,0.63,0.64,0.01,0.01,75717.5,1776539231000
1776539233.67,133.67,0.37,0.38,0.62,0.63,0.01,0.01,75717.5,1776539232000
1776539234.169,134.169,0.37,0.38,0.62,0.63,0.01,0.01,75717.5,1776539232000
1776539234.523,134.523,0.36,0.37,0.62,0.63,0.01,0.01,75717.49,1776539233000
1776539235.16,135.16,0.37,0.38,0.62,0.64,0.01,0.02,75717.49,1776539233000
1776539235.709,135.709,0.37,0.38,0.62,0.63,0.01,0.01,75717.49,1776539234000
1776539236.222,136.222,0.37,0.38,0.62,0.63,0.01,0.01,75717.49,1776539235000
1776539236.608,136.608,0.37,0.38,0.62,0.63,0.01,0.01,75717.49,1776539235000
1776539237.398,137.398,0.37,0.38,0.62,0.63,0.01,0.01,75717.5,1776539236000
1776539237.835,137.835,0.37,0.38,0.62,0.63,0.01,0.01,75717.5,1776539236000
1776539238.239,138.239,0.37,0.38,0.62,0.63,0.01,0.01,75717.5,1776539237000
1776539239.028,139.028,0.37,0.38,0.62,0.63,0.01,0.01,75717.5,1776539237000
1776539239.457,139.457,0.37,0.38,0.62,0.63,0.01,0.01,75717.5,1776539238000
1776539240.157,140.157,0.37,0.38,0.62,0.63,0.01,0.01,75717.5,1776539238000
1776539240.586,140.586,0.37,0.38,0.62,0.63,0.01,0.01,75717.5,1776539239000
1776539241.137,141.137,0.37,0.38,0.62,0.63,0.01,0.01,75717.5,1776539239000
1776539241.557,141.557,0.37,0.38,0.62,0.63,0.01,0.01,75717.5,1776539240000
1776539242.156,142.156,0.37,0.38,0.62,0.63,0.01,0.01,75717.5,1776539240000
1776539242.935,142.935,0.36,0.37,0.63,0.64,0.01,0.01,75717.49,1776539241000
1776539243.362,143.362,0.36,0.37,0.63,0.64,0.01,0.01,75717.49,1776539241000
1776539243.738,143.738,0.36,0.37,0.63,0.64,0.01,0.01,75717.49,1776539242000
1776539244.353,144.353,0.36,0.37,0.63,0.64,0.01,0.01,75717.51,1776539243000
1776539244.758,144.758,0.36,0.37,0.63,0.64,0.01,0.01,75717.51,1776539243000
1776539245.181,145.181,0.36,0.39,0.63,0.64,0.03,0.01,75717.51,1776539243000
1776539245.52,145.52,0.37,0.38,0.61,0.64,0.01,0.03,75717.51,1776539244000
1776539245.907,145.907,0.37,0.38,0.62,0.63,0.01,0.01,75717.51,1776539244000
1776539246.388,146.388,0.37,0.38,0.62,0.63,0.01,0.01,75717.5,1776539245000
1776539246.77,146.77,0.37,0.38,0.62,0.63,0.01,0.01,75717.5,1776539245000
1776539247.241,147.241,0.37,0.38,0.62,0.63,0.01,0.01,75717.5,1776539246000
1776539247.624,147.624,0.37,0.38,0.62,0.63,0.01,0.01,75717.5,1776539246000
1776539248.099,148.099,0.36,0.38,0.62,0.63,0.02,0.01,75717.5,1776539246000
1776539248.5,148.5,0.36,0.37,0.62,0.64,0.01,0.02,75717.5,1776539246000
1776539248.896,148.896,0.36,0.37,0.63,0.64,0.01,0.01,75717.5,1776539247000
1776539249.508,149.508,0.36,0.37,0.63,0.64,0.01,0.01,75717.5,1776539248000
1776539249.868,149.868,0.36,0.37,0.63,0.64,0.01,0.01,75717.5,1776539248000
1776539250.32,150.32,0.36,0.37,0.63,0.64,0.01,0.01,75717.73,1776539249000
1776539250.771,150.771,0.36,0.37,0.63,0.64,0.01,0.01,75717.73,1776539249000
1776539251.348,151.348,0.36,0.37,0.63,0.64,0.01,0.01,75717.49,1776539250000
1776539251.883,151.883,0.36,0.37,0.63,0.64,0.01,0.01,75717.49,1776539250000
1776539252.375,152.375,0.36,0.37,0.63,0.64,0.01,0.01,75717.5,1776539251000
1776539252.914,152.914,0.36,0.37,0.63,0.64,0.01,0.01,75717.5,1776539251000
1776539254.031,154.031,0.36,0.37,0.63,0.64,0.01,0.01,75717.5,1776539253000
1776539254.603,154.603,0.36,0.37,0.63,0.64,0.01,0.01,75717.5,1776539253000
1776539255.109,155.109,0.36,0.37,0.63,0.64,0.01,0.01,75717.48,1776539254000
1776539255.613,155.613,0.36,0.37,0.63,0.64,0.01,0.01,75717.48,1776539254000
1776539255.981,155.981,0.36,0.37,0.63,0.64,0.01,0.01,75717.48,1776539254000
1776539256.593,156.593,0.36,0.37,0.63,0.64,0.01,0.01,75717.47,1776539255000
1776539257.395,157.395,0.36,0.37,0.63,0.64,0.01,0.01,75717.49,1776539256000
1776539257.744,157.744,0.43,0.44,0.56,0.57,0.01,0.01,75717.49,1776539256000
1776539258.096,158.096,0.44,0.46,0.54,0.58,0.02,0.04,75717.49,1776539256000
1776539258.445,158.445,0.44,0.45,0.55,0.56,0.01,0.01,75717.5,1776539257000
1776539258.792,158.792,0.45,0.47,0.54,0.56,0.02,0.02,75717.5,1776539257000
1776539259.183,159.183,0.46,0.47,0.53,0.54,0.01,0.01,75717.5,1776539257000
1776539259.55,159.55,0.46,0.48,0.52,0.54,0.02,0.02,75720.81,1776539258000
1776539259.986,159.986,0.46,0.48,0.53,0.54,0.02,0.01,75720.81,1776539258000
1776539260.327,160.327,0.48,0.52,0.48,0.52,0.04,0.04,75727.02,1776539259000
1776539260.691,160.691,0.54,0.56,0.44,0.46,0.02,0.02,75727.02,1776539259000
1776539261.112,161.112,0.57,0.59,0.41,0.46,0.02,0.05,75727.02,1776539259000
1776539261.446,161.446,0.57,0.58,0.42,0.43,0.01,0.01,75727.71,1776539260000
1776539261.784,161.784,0.57,0.58,0.42,0.43,0.01,0.01,75727.71,1776539260000
1776539262.303,162.303,0.57,0.58,0.42,0.43,0.01,0.01,75727.71,1776539260000
1776539262.672,162.672,0.57,0.58,0.42,0.43,0.01,0.01,75727.71,1776539260000
1776539263.159,163.159,0.57,0.58,0.42,0.43,0.01,0.01,75733.14,1776539261000
1776539263.557,163.557,0.57,0.58,0.42,0.43,0.01,0.01,75734.25,1776539262000
1776539263.908,163.908,0.57,0.58,0.42,0.43,0.01,0.01,75734.25,1776539262000
1776539264.291,164.291,0.57,0.58,0.42,0.43,0.01,0.01,75734.25,1776539262000
1776539264.818,164.818,0.57,0.58,0.42,0.43,0.01,0.01,75734.25,1776539262000
1776539265.152,165.152,0.55,0.56,0.44,0.45,0.01,0.01,75732.29,1776539263000
1776539265.535,165.535,0.55,0.56,0.44,0.45,0.01,0.01,75732.29,1776539263000
1776539265.985,165.985,0.54,0.55,0.44,0.46,0.01,0.02,75733.27,1776539264000
1776539266.524,166.524,0.53,0.54,0.45,0.47,0.01,0.02,75731.88,1776539265000
1776539267.123,167.123,0.53,0.54,0.46,0.47,0.01,0.01,75731.45,1776539266000
1776539267.515,167.515,0.47,0.54,0.46,0.53,0.07,0.07,75731.45,1776539266000
1776539267.959,167.959,0.47,0.48,0.52,0.53,0.01,0.01,75731.45,1776539266000
1776539268.36,168.36,0.47,0.48,0.52,0.53,0.01,0.01,75731.09,1776539267000
1776539268.724,168.724,0.47,0.48,0.52,0.54,0.01,0.02,75731.09,1776539267000
1776539269.2,169.2,0.47,0.48,0.52,0.53,0.01,0.01,75730.53,1776539268000
1776539269.793,169.793,0.47,0.48,0.52,0.53,0.01,0.01,75730.53,1776539268000
1776539270.134,170.134,0.47,0.48,0.52,0.53,0.01,0.01,75730.53,1776539268000
1776539270.608,170.608,0.47,0.48,0.52,0.53,0.01,0.01,75729.04,1776539269000
1776539270.987,170.987,0.47,0.48,0.52,0.53,0.01,0.01,75729.04,1776539269000
1776539271.356,171.356,0.47,0.48,0.52,0.53,0.01,0.01,75729.04,1776539270000
1776539271.69,171.69,0.46,0.47,0.53,0.54,0.01,0.01,75729.04,1776539270000
1776539272.062,172.062,0.46,0.47,0.53,0.54,0.01,0.01,75729.04,1776539270000
1776539272.691,172.691,0.46,0.47,0.53,0.54,0.01,0.01,75728.33,1776539271000
1776539273.091,173.091,0.46,0.47,0.53,0.54,0.01,0.01,75728.33,1776539271000
1776539273.448,173.448,0.46,0.47,0.53,0.54,0.01,0.01,75728.33,1776539272000
1776539273.896,173.896,0.46,0.47,0.53,0.54,0.01,0.01,75726.57,1776539273000
1776539274.232,174.232,0.46,0.47,0.53,0.54,0.01,0.01,75726.57,1776539273000
1776539274.619,174.619,0.46,0.47,0.53,0.54,0.01,0.01,75726.57,1776539273000
1776539274.955,174.955,0.47,0.48,0.52,0.53,0.01,0.01,75726.57,1776539273000
1776539275.289,175.289,0.47,0.48,0.52,0.53,0.01,0.01,75726.6,1776539274000
1776539275.69,175.69,0.47,0.48,0.52,0.53,0.01,0.01,75726.6,1776539274000
1776539276.032,176.032,0.47,0.48,0.52,0.53,0.01,0.01,75726.6,1776539274000
1776539276.647,176.647,0.48,0.49,0.51,0.53,0.01,0.02,75728.33,1776539275000
1776539277.876,177.876,0.48,0.49,0.51,0.52,0.01,0.01,75728.36,1776539276000
1776539278.349,178.349,0.5,0.51,0.49,0.51,0.01,0.02,75728.36,1776539276000
1776539278.807,178.807,0.5,0.52,0.49,0.5,0.02,0.01,75728.94,1776539277000
1776539279.146,179.146,0.5,0.51,0.49,0.5,0.01,0.01,75728.94,1776539277000
1776539279.566,179.566,0.54,0.55,0.45,0.46,0.01,0.01,75728.19,1776539278000
1776539279.92,179.92,0.54,0.55,0.45,0.46,0.01,0.01,75728.19,1776539278000
1776539280.266,180.266,0.54,0.55,0.45,0.46,0.01,0.01,75728.19,1776539278000
1776539280.705,180.705,0.54,0.55,0.45,0.46,0.01,0.01,75730.1,1776539279000
1776539281.165,181.165,0.54,0.55,0.45,0.46,0.01,0.01,75730.11,1776539280000
1776539281.603,181.603,0.54,0.55,0.45,0.46,0.01,0.01,75730.11,1776539280000
1776539282.098,182.098,0.54,0.55,0.45,0.46,0.01,0.01,75730.11,1776539280000
1776539282.485,182.485,0.54,0.55,0.45,0.46,0.01,0.01,75731.28,1776539281000
1776539282.984,182.984,0.54,0.55,0.45,0.46,0.01,0.01,75731.28,1776539281000
1776539283.463,183.463,0.54,0.55,0.45,0.46,0.01,0.01,75731.98,1776539282000
1776539283.967,183.967,0.54,0.55,0.45,0.46,0.01,0.01,75731.98,1776539283000
1776539284.315,184.315,0.54,0.55,0.45,0.46,0.01,0.01,75731.98,1776539283000
1776539284.932,184.932,0.54,0.55,0.45,0.46,0.01,0.01,75731.98,1776539283000
1776539285.44,185.44,0.54,0.55,0.45,0.46,0.01,0.01,75731.98,1776539284000
1776539285.932,185.932,0.54,0.55,0.45,0.46,0.01,0.01,75731.98,1776539284000
1776539286.369,186.369,0.54,0.55,0.45,0.46,0.01,0.01,75731.98,1776539285000
1776539286.723,186.723,0.54,0.55,0.45,0.46,0.01,0.01,75731.98,1776539285000
1776539287.283,187.283,0.54,0.55,0.45,0.46,0.01,0.01,75731.98,1776539286000
1776539288.14,188.14,0.54,0.55,0.45,0.46,0.01,0.01,75732.24,1776539287000
1776539288.787,188.787,0.54,0.59,0.45,0.46,0.05,0.01,75732.24,1776539287000
1776539289.133,189.133,0.6,0.62,0.38,0.4,0.02,0.02,75732.24,1776539287000
1776539289.471,189.471,0.6,0.62,0.39,0.4,0.02,0.01,75732.24,1776539288000
1776539289.84,189.84,0.61,0.62,0.38,0.39,0.01,0.01,75732.24,1776539288000
1776539290.264,190.264,0.61,0.62,0.38,0.39,0.01,0.01,75732.24,1776539288000
1776539290.727,190.727,0.62,0.65,0.37,0.39,0.03,0.02,75734.12,1776539289000
1776539291.165,191.165,0.64,0.65,0.35,0.36,0.01,0.01,75734.12,1776539290000
1776539291.507,191.507,0.64,0.66,0.35,0.36,0.02,0.01,75734.12,1776539290000
1776539291.911,191.911,0.65,0.66,0.34,0.35,0.01,0.01,75734.12,1776539290000
1776539292.246,192.246,0.65,0.66,0.34,0.35,0.01,0.01,75734.12,1776539290000
1776539292.595,192.595,0.65,0.66,0.34,0.35,0.01,0.01,75734.36,1776539291000
1776539292.987,192.987,0.67,0.68,0.32,0.35,0.01,0.03,75734.36,1776539291000
1776539293.355,193.355,0.67,0.68,0.32,0.33,0.01,0.01,75734.36,1776539291000
1776539293.748,193.748,0.67,0.69,0.32,0.33,0.02,0.01,75739.1,1776539292000
1776539294.083,194.083,0.68,0.69,0.31,0.32,0.01,0.01,75739.1,1776539292000
1776539294.676,194.676,0.68,0.69,0.31,0.32,0.01,0.01,75740.94,1776539293000
1776539295.009,195.009,0.68,0.7,0.3,0.32,0.02,0.02,75740.94,1776539294000
1776539295.587,195.587,0.69,0.72,0.3,0.32,0.03,0.02,75740.94,1776539294000
1776539295.923,195.923,0.71,0.72,0.3,0.31,0.01,0.01,75740.94,1776539294000
1776539296.292,196.292,0.71,0.73,0.28,0.29,0.02,0.01,75741.51,1776539295000
1776539296.636,196.636,0.71,0.72,0.28,0.29,0.01,0.01,75741.51,1776539295000
1776539297.032,197.032,0.73,0.74,0.26,0.29,0.01,0.03,75741.51,1776539295000
1776539297.381,197.381,0.73,0.75,0.26,0.27,0.02,0.01,75743.8,1776539296000
1776539297.763,197.763,0.75,0.76,0.24,0.25,0.01,0.01,75743.8,1776539296000
1776539298.117,198.117,0.75,0.76,0.24,0.25,0.01,0.01,75747.0,1776539297000
1776539298.5,198.5,0.75,0.76,0.24,0.25,0.01,0.01,75747.0,1776539297000
1776539298.847,198.847,0.75,0.76,0.24,0.25,0.01,0.01,75747.0,1776539297000
1776539299.219,199.219,0.75,0.76,0.24,0.25,0.01,0.01,75747.7,1776539298000
1776539299.912,199.912,0.75,0.76,0.24,0.25,0.01,0.01,75747.7,1776539298000
1776539300.508,200.508,0.75,0.76,0.24,0.25,0.01,0.01,75747.75,1776539299000
1776539300.863,200.863,0.75,0.76,0.24,0.25,0.01,0.01,75747.75,1776539299000
1776539301.229,201.229,0.75,0.76,0.24,0.25,0.01,0.01,75747.95,1776539300000
1776539301.705,201.705,0.75,0.76,0.24,0.25,0.01,0.01,75747.95,1776539300000
1776539302.05,202.05,0.75,0.76,0.24,0.25,0.01,0.01,75747.95,1776539300000
1776539302.416,202.416,0.75,0.76,0.24,0.25,0.01,0.01,75748.03,1776539301000
1776539302.769,202.769,0.75,0.76,0.24,0.25,0.01,0.01,75748.03,1776539301000
1776539303.163,203.163,0.75,0.76,0.24,0.25,0.01,0.01,75748.03,1776539301000
1776539303.506,203.506,0.75,0.76,0.24,0.25,0.01,0.01,75748.74,1776539302000
1776539303.901,203.901,0.76,0.77,0.23,0.25,0.01,0.02,75748.74,1776539302000
1776539304.344,204.344,0.77,0.78,0.22,0.24,0.01,0.02,75748.69,1776539303000
1776539304.684,204.684,0.79,0.8,0.2,0.21,0.01,0.01,75748.69,1776539303000
1776539305.03,205.03,0.79,0.8,0.2,0.21,0.01,0.01,75748.69,1776539303000
1776539305.447,205.447,0.79,0.8,0.2,0.21,0.01,0.01,75748.78,1776539304000
1776539305.865,205.865,0.79,0.8,0.2,0.21,0.01,0.01,75748.78,1776539304000
1776539306.352,206.352,0.81,0.82,0.18,0.19,0.01,0.01,75748.78,1776539304000
1776539306.766,206.766,0.81,0.82,0.18,0.19,0.01,0.01,75748.78,1776539304000
1776539307.198,207.198,0.81,0.82,0.18,0.19,0.01,0.01,75752.55,1776539305000
1776539307.538,207.538,0.81,0.82,0.18,0.19,0.01,0.01,75752.84,1776539306000
1776539307.928,207.928,0.81,0.82,0.18,0.19,0.01,0.01,75752.84,1776539306000
1776539308.325,208.325,0.81,0.82,0.18,0.19,0.01,0.01,75753.89,1776539307000
1776539308.72,208.72,0.81,0.82,0.18,0.19,0.01,0.01,75753.89,1776539307000
1776539309.319,209.319,0.81,0.82,0.18,0.19,0.01,0.01,75754.58,1776539308000
1776539309.653,209.653,0.81,0.82,0.18,0.19,0.01,0.01,75754.58,1776539308000
1776539310.063,210.063,0.83,0.85,0.16,0.17,0.02,0.01,75754.58,1776539308000
1776539310.457,210.457,0.83,0.85,0.15,0.17,0.02,0.02,75754.54,1776539309000
1776539311.191,211.191,0.83,0.85,0.15,0.17,0.02,0.02,75756.13,1776539310000
1776539311.578,211.578,0.83,0.85,0.15,0.17,0.02,0.02,75756.13,1776539310000
1776539311.997,211.997,0.83,0.85,0.15,0.17,0.02,0.02,75756.13,1776539310000
1776539312.34,212.34,0.83,0.85,0.15,0.17,0.02,0.02,75762.05,1776539311000
1776539313.063,213.063,0.84,0.86,0.15,0.17,0.02,0.02,75762.05,1776539311000
1776539313.52,213.52,0.85,0.9,0.1,0.15,0.05,0.05,75778.82,1776539312000
1776539313.857,213.857,0.9,0.92,0.08,0.1,0.02,0.02,75778.82,1776539312000
1776539314.193,214.193,0.91,0.95,0.05,0.09,0.04,0.04,75778.82,1776539312000
1776539314.527,214.527,0.87,0.93,0.07,0.13,0.06,0.06,75782.36,1776539313000
1776539314.861,214.861,0.89,0.91,0.09,0.11,0.02,0.02,75782.36,1776539313000
1776539315.229,215.229,0.91,0.92,0.08,0.1,0.01,0.02,75782.36,1776539313000
1776539315.563,215.563,0.91,0.92,0.08,0.09,0.01,0.01,75783.7,1776539314000
1776539315.929,215.929,0.91,0.92,0.08,0.09,0.01,0.01,75783.7,1776539314000
1776539316.295,216.295,0.91,0.92,0.08,0.09,0.01,0.01,75783.7,1776539314000
1776539316.636,216.636,0.91,0.92,0.08,0.09,0.01,0.01,75781.04,1776539315000
1776539316.975,216.975,0.91,0.92,0.08,0.09,0.01,0.01,75781.04,1776539315000
1776539317.716,217.716,0.92,0.93,0.07,0.08,0.01,0.01,75781.39,1776539316000
1776539318.101,218.101,0.94,0.95,0.05,0.06,0.01,0.01,75781.39,1776539316000
1776539319.434,219.434,0.93,0.95,0.05,0.06,0.02,0.01,75781.55,1776539317000
1776539319.77,219.77,0.94,0.95,0.05,0.06,0.01,0.01,75782.32,1776539318000
1776539320.182,220.182,0.94,0.95,0.05,0.06,0.01,0.01,75782.32,1776539318000
1776539320.515,220.515,0.94,0.95,0.05,0.06,0.01,0.01,75782.4,1776539319000
1776539321.017,221.017,0.94,0.95,0.05,0.06,0.01,0.01,75782.4,1776539319000
1776539321.383,221.383,0.94,0.95,0.05,0.06,0.01,0.01,75782.1,1776539320000
1776539321.73,221.73,0.94,0.95,0.05,0.06,0.01,0.01,75782.1,1776539320000
1776539322.127,222.127,0.94,0.95,0.05,0.06,0.01,0.01,75782.1,1776539320000
1776539322.462,222.462,0.94,0.95,0.05,0.06,0.01,0.01,75784.51,1776539321000
1776539322.829,222.829,0.94,0.95,0.05,0.06,0.01,0.01,75784.51,1776539321000
1776539323.378,223.378,0.94,0.95,0.05,0.07,0.01,0.02,75784.51,1776539321000
1776539323.734,223.734,0.94,0.95,0.05,0.06,0.01,0.01,75782.62,1776539322000
1776539324.093,224.093,0.94,0.95,0.05,0.06,0.01,0.01,75782.62,1776539322000
1776539324.448,224.448,0.94,0.95,0.05,0.06,0.01,0.01,75782.62,1776539322000
1776539324.798,224.798,0.94,0.95,0.05,0.06,0.01,0.01,75782.2,1776539323000
1776539325.149,225.149,0.94,0.95,0.05,0.06,0.01,0.01,75782.2,1776539323000
1776539325.565,225.565,0.94,0.95,0.05,0.06,0.01,0.01,75782.06,1776539324000
1776539325.918,225.918,0.94,0.95,0.05,0.06,0.01,0.01,75782.06,1776539324000
1776539326.339,226.339,0.95,0.96,0.04,0.05,0.01,0.01,75782.06,1776539324000
1776539326.723,226.723,0.95,0.96,0.04,0.05,0.01,0.01,75782.09,1776539325000
1776539328.101,228.101,0.95,0.96,0.04,0.05,0.01,0.01,75784.33,1776539327000
1776539328.721,228.721,0.95,0.96,0.04,0.05,0.01,0.01,75784.33,1776539327000
1776539329.109,229.109,0.95,0.96,0.04,0.05,0.01,0.01,75784.33,1776539327000
1776539329.568,229.568,0.95,0.96,0.04,0.05,0.01,0.01,75787.85,1776539328000
1776539329.913,229.913,0.95,0.96,0.04,0.05,0.01,0.01,75787.85,1776539328000
1776539330.259,230.259,0.95,0.96,0.04,0.05,0.01,0.01,75787.85,1776539328000
1776539330.709,230.709,0.95,0.96,0.04,0.05,0.01,0.01,75786.56,1776539329000
1776539331.057,231.057,0.95,0.96,0.04,0.05,0.01,0.01,75786.56,1776539329000
1776539331.464,231.464,0.94,0.95,0.04,0.06,0.01,0.02,75786.56,1776539329000
1776539331.943,231.943,0.94,0.95,0.05,0.06,0.01,0.01,75786.86,1776539330000
1776539332.361,232.361,0.94,0.95,0.05,0.06,0.01,0.01,75786.82,1776539331000
1776539332.763,232.763,0.94,0.95,0.05,0.06,0.01,0.01,75786.82,1776539331000
1776539333.11,233.11,0.94,0.95,0.05,0.06,0.01,0.01,75786.6,1776539332000
1776539333.66,233.66,0.94,0.95,0.05,0.06,0.01,0.01,75786.6,1776539332000
1776539334.082,234.082,0.94,0.95,0.05,0.06,0.01,0.01,75786.64,1776539333000
1776539334.42,234.42,0.94,0.95,0.05,0.06,0.01,0.01,75786.64,1776539333000
1776539334.753,234.753,0.94,0.95,0.05,0.06,0.01,0.01,75786.64,1776539333000
1776539335.125,235.125,0.94,0.95,0.05,0.06,0.01,0.01,75786.64,1776539333000
1776539335.572,235.572,0.94,0.95,0.05,0.06,0.01,0.01,75785.24,1776539334000
1776539335.912,235.912,0.95,0.96,0.04,0.05,0.01,0.01,75785.24,1776539334000
1776539336.256,236.256,0.95,0.96,0.04,0.05,0.01,0.01,75785.24,1776539334000
1776539336.596,236.596,0.95,0.96,0.04,0.06,0.01,0.02,75784.89,1776539335000
1776539337.012,237.012,0.95,0.96,0.04,0.05,0.01,0.01,75784.89,1776539335000
1776539337.494,237.494,0.95,0.96,0.04,0.05,0.01,0.01,75784.96,1776539336000
1776539337.951,237.951,0.95,0.96,0.04,0.05,0.01,0.01,75784.96,1776539336000
1776539338.342,238.342,0.95,0.96,0.04,0.05,0.01,0.01,75786.19,1776539337000
1776539338.764,238.764,0.95,0.96,0.04,0.05,0.01,0.01,75786.19,1776539337000
1776539339.142,239.142,0.95,0.96,0.04,0.05,0.01,0.01,75786.19,1776539337000
1776539339.476,239.476,0.93,0.94,0.06,0.07,0.01,0.01,75788.75,1776539338000
1776539339.825,239.825,0.92,0.93,0.07,0.08,0.01,0.01,75788.75,1776539338000
1776539340.185,240.185,0.92,0.93,0.07,0.08,0.01,0.01,75788.75,1776539338000
1776539340.586,240.586,0.92,0.93,0.07,0.08,0.01,0.01,75788.75,1776539338000
1776539340.993,240.993,0.93,0.94,0.06,0.07,0.01,0.01,75788.83,1776539339000
1776539341.336,241.336,0.94,0.96,0.05,0.06,0.02,0.01,75784.91,1776539340000
1776539341.69,241.69,0.95,0.96,0.04,0.05,0.01,0.01,75784.91,1776539340000
1776539342.034,242.034,0.95,0.96,0.04,0.05,0.01,0.01,75784.91,1776539340000
1776539342.398,242.398,0.95,0.96,0.04,0.05,0.01,0.01,75783.98,1776539341000
1776539342.774,242.774,0.95,0.96,0.04,0.05,0.01,0.01,75783.98,1776539341000
1776539343.11,243.11,0.95,0.96,0.04,0.05,0.01,0.01,75784.66,1776539342000
1776539343.641,243.641,0.96,0.97,0.03,0.04,0.01,0.01,75784.66,1776539342000
1776539343.983,243.983,0.96,0.97,0.03,0.04,0.01,0.01,75784.66,1776539342000
1776539344.397,244.397,0.96,0.97,0.03,0.04,0.01,0.01,75785.47,1776539343000
1776539344.742,244.742,0.96,0.97,0.03,0.04,0.01,0.01,75785.47,1776539343000
1776539345.146,245.146,0.96,0.97,0.03,0.04,0.01,0.01,75785.47,1776539343000
1776539345.511,245.511,0.96,0.97,0.03,0.04,0.01,0.01,75785.49,1776539344000
1776539345.844,245.844,0.96,0.97,0.03,0.04,0.01,0.01,75785.49,1776539344000
1776539346.404,246.404,0.96,0.97,0.03,0.04,0.01,0.01,75785.49,1776539345000
1776539346.868,246.868,0.96,0.97,0.03,0.04,0.01,0.01,75785.49,1776539345000
1776539347.466,247.466,0.96,0.97,0.03,0.04,0.01,0.01,75785.5,1776539346000
1776539347.885,247.885,0.96,0.97,0.03,0.04,0.01,0.01,75785.5,1776539346000
1776539348.218,248.218,0.96,0.97,0.03,0.04,0.01,0.01,75785.5,1776539346000
1776539348.555,248.555,0.96,0.97,0.03,0.04,0.01,0.01,75785.5,1776539347000
1776539348.952,248.952,0.95,0.96,0.03,0.08,0.01,0.05,75785.5,1776539347000
1776539349.367,249.367,0.95,0.96,0.04,0.05,0.01,0.01,75785.5,1776539348000
1776539349.934,249.934,0.95,0.96,0.04,0.05,0.01,0.01,75785.5,1776539348000
1776539350.271,250.271,0.95,0.96,0.04,0.05,0.01,0.01,75785.56,1776539349000
1776539350.811,250.811,0.95,0.96,0.04,0.05,0.01,0.01,75785.56,1776539349000
1776539351.145,251.145,0.95,0.96,0.04,0.05,0.01,0.01,75785.56,1776539349000
1776539351.589,251.589,0.96,0.97,0.03,0.04,0.01,0.01,75785.16,1776539350000
1776539352.021,252.021,0.96,0.97,0.03,0.04,0.01,0.01,75785.15,1776539351000
1776539352.453,252.453,0.96,0.97,0.03,0.04,0.01,0.01,75785.15,1776539351000
1776539352.929,252.929,0.96,0.97,0.03,0.04,0.01,0.01,75785.15,1776539351000
1776539353.469,253.469,0.96,0.97,0.03,0.04,0.01,0.01,75785.15,1776539351000
1776539353.807,253.807,0.96,0.97,0.03,0.04,0.01,0.01,75785.15,1776539351000
1776539354.196,254.196,0.96,0.97,0.03,0.04,0.01,0.01,75784.87,1776539353000
1776539354.557,254.557,0.96,0.97,0.03,0.04,0.01,0.01,75784.87,1776539353000
1776539354.912,254.912,0.96,0.97,0.03,0.04,0.01,0.01,75784.87,1776539353000
1776539355.292,255.292,0.96,0.97,0.03,0.04,0.01,0.01,75784.71,1776539354000
1776539355.668,255.668,0.96,0.97,0.03,0.04,0.01,0.01,75784.71,1776539354000
1776539356.174,256.174,0.96,0.97,0.03,0.04,0.01,0.01,75784.41,1776539355000
1776539356.507,256.507,0.94,0.95,0.05,0.06,0.01,0.01,75784.41,1776539355000
1776539356.904,256.904,0.93,0.94,0.06,0.07,0.01,0.01,75784.41,1776539355000
1776539357.301,257.301,0.93,0.94,0.06,0.07,0.01,0.01,75782.34,1776539356000
1776539357.679,257.679,0.93,0.94,0.06,0.07,0.01,0.01,75782.34,1776539356000
1776539358.165,258.165,0.93,0.94,0.06,0.07,0.01,0.01,75773.86,1776539357000
1776539358.507,258.507,0.93,0.94,0.06,0.07,0.01,0.01,75773.86,1776539357000
1776539358.877,258.877,0.91,0.92,0.08,0.09,0.01,0.01,75773.86,1776539357000
1776539359.232,259.232,0.91,0.92,0.08,0.09,0.01,0.01,75773.86,1776539357000
1776539359.572,259.572,0.91,0.92,0.08,0.09,0.01,0.01,75770.8,1776539358000
1776539360.011,260.011,0.91,0.92,0.08,0.09,0.01,0.01,75770.8,1776539358000
1776539360.6,260.6,0.91,0.92,0.08,0.09,0.01,0.01,75772.8,1776539359000
1776539360.963,260.963,0.89,0.9,0.1,0.11,0.01,0.01,75772.8,1776539359000
1776539361.328,261.328,0.91,0.92,0.09,0.1,0.01,0.01,75766.78,1776539360000
1776539361.793,261.793,0.91,0.92,0.08,0.09,0.01,0.01,75766.78,1776539360000
1776539362.234,262.234,0.91,0.92,0.08,0.09,0.01,0.01,75766.78,1776539360000
1776539362.768,262.768,0.91,0.92,0.08,0.09,0.01,0.01,75763.75,1776539361000
1776539363.169,263.169,0.92,0.93,0.07,0.09,0.01,0.02,75763.75,1776539361000
1776539363.647,263.647,0.92,0.93,0.07,0.08,0.01,0.01,75763.75,1776539361000
1776539364.076,264.076,0.92,0.93,0.07,0.08,0.01,0.01,75761.46,1776539363000
1776539364.471,264.471,0.92,0.93,0.07,0.08,0.01,0.01,75761.46,1776539363000
1776539364.917,264.917,0.92,0.93,0.07,0.08,0.01,0.01,75761.46,1776539363000
1776539365.299,265.299,0.92,0.93,0.07,0.08,0.01,0.01,75761.45,1776539364000
1776539365.638,265.638,0.92,0.93,0.07,0.08,0.01,0.01,75761.45,1776539364000
1776539366.057,266.057,0.93,0.94,0.06,0.07,0.01,0.01,75761.45,1776539364000
1776539366.441,266.441,0.93,0.94,0.06,0.07,0.01,0.01,75761.46,1776539365000
1776539366.909,266.909,0.93,0.94,0.06,0.07,0.01,0.01,75761.46,1776539365000
1776539367.328,267.328,0.93,0.94,0.06,0.07,0.01,0.01,75761.46,1776539365000
1776539367.976,267.976,0.93,0.94,0.06,0.07,0.01,0.01,75761.5,1776539366000
1776539368.377,268.377,0.93,0.94,0.06,0.07,0.01,0.01,75761.71,1776539367000
1776539368.836,268.836,0.93,0.94,0.06,0.07,0.01,0.01,75761.71,1776539367000
1776539369.196,269.196,0.93,0.94,0.06,0.07,0.01,0.01,75762.13,1776539368000
1776539369.56,269.56,0.93,0.94,0.06,0.07,0.01,0.01,75762.13,1776539368000
1776539370.056,270.056,0.93,0.94,0.06,0.07,0.01,0.01,75762.13,1776539368000
1776539370.407,270.407,0.93,0.94,0.06,0.07,0.01,0.01,75760.38,1776539369000
1776539370.745,270.745,0.93,0.94,0.06,0.07,0.01,0.01,75760.38,1776539369000
1776539371.206,271.206,0.93,0.94,0.06,0.07,0.01,0.01,75760.37,1776539370000
1776539371.61,271.61,0.93,0.94,0.06,0.07,0.01,0.01,75760.37,1776539370000
1776539372.257,272.257,0.93,0.94,0.06,0.07,0.01,0.01,75760.37,1776539370000
1776539372.631,272.631,0.93,0.94,0.06,0.07,0.01,0.01,75760.27,1776539371000
1776539373.062,273.062,0.93,0.94,0.06,0.07,0.01,0.01,75760.27,1776539371000
1776539373.431,273.431,0.92,0.93,0.07,0.08,0.01,0.01,75760.27,1776539371000
1776539373.96,273.96,0.92,0.93,0.07,0.08,0.01,0.01,75760.59,1776539372000
1776539374.319,274.319,0.92,0.93,0.07,0.08,0.01,0.01,75759.14,1776539373000
1776539375.25,275.25,0.91,0.95,0.05,0.08,0.04,0.03,75759.14,1776539373000
1776539375.643,275.643,0.93,0.95,0.05,0.07,0.02,0.02,75760.38,1776539374000
1776539376.003,276.003,0.92,0.93,0.05,0.11,0.01,0.06,75760.38,1776539374000
1776539376.66,276.66,0.94,0.95,0.05,0.06,0.01,0.01,75759.69,1776539375000
1776539377.335,277.335,0.94,0.95,0.05,0.06,0.01,0.01,75759.69,1776539375000
1776539377.798,277.798,0.94,0.95,0.05,0.06,0.01,0.01,75759.69,1776539375000
1776539378.216,278.216,0.94,0.95,0.05,0.06,0.01,0.01,75760.4,1776539376000
1776539378.629,278.629,0.94,0.95,0.05,0.06,0.01,0.01,75759.91,1776539377000
1776539378.972,278.972,0.94,0.95,0.05,0.06,0.01,0.01,75759.91,1776539377000
1776539379.385,279.385,0.94,0.95,0.05,0.06,0.01,0.01,75759.42,1776539378000
1776539379.816,279.816,0.94,0.95,0.05,0.06,0.01,0.01,75759.42,1776539378000
1776539380.375,280.375,0.94,0.95,0.05,0.06,0.01,0.01,75759.42,1776539378000
1776539380.744,280.744,0.94,0.95,0.05,0.06,0.01,0.01,75759.07,1776539379000
1776539381.232,281.232,0.94,0.95,0.05,0.06,0.01,0.01,75759.07,1776539379000
1776539381.691,281.691,0.94,0.95,0.05,0.06,0.01,0.01,75759.07,1776539380000
1776539382.175,282.175,0.94,0.95,0.05,0.06,0.01,0.01,75759.07,1776539380000
1776539382.58,282.58,0.94,0.95,0.05,0.06,0.01,0.01,75758.98,1776539381000
1776539383.082,283.082,0.94,0.95,0.05,0.06,0.01,0.01,75758.98,1776539381000
1776539383.586,283.586,0.94,0.96,0.05,0.06,0.02,0.01,75759.0,1776539382000
1776539384.122,284.122,0.95,0.96,0.04,0.05,0.01,0.01,75759.0,1776539382000
1776539384.525,284.525,0.95,0.97,0.04,0.05,0.02,0.01,75759.0,1776539382000
1776539384.919,284.919,0.96,0.97,0.03,0.05,0.01,0.02,75758.5,1776539383000
1776539385.423,285.423,0.96,0.97,0.03,0.04,0.01,0.01,75758.5,1776539383000
1776539385.759,285.759,0.96,0.97,0.03,0.04,0.01,0.01,75760.49,1776539384000
1776539386.092,286.092,0.96,0.97,0.03,0.04,0.01,0.01,75760.49,1776539384000
1776539386.516,286.516,0.97,0.98,0.02,0.03,0.01,0.01,75758.26,1776539385000
1776539386.893,286.893,0.97,0.98,0.02,0.03,0.01,0.01,75758.26,1776539385000
1776539387.341,287.341,0.97,0.98,0.02,0.03,0.01,0.01,75758.76,1776539386000
1776539387.89,287.89,0.97,0.98,0.02,0.03,0.01,0.01,75758.76,1776539386000
1776539388.296,288.296,0.97,0.98,0.02,0.03,0.01,0.01,75758.76,1776539386000
1776539388.636,288.636,0.97,0.98,0.02,0.03,0.01,0.01,75758.52,1776539387000
1776539388.98,288.98,0.97,0.98,0.02,0.03,0.01,0.01,75758.52,1776539388000
1776539389.45,289.45,0.97,0.98,0.02,0.03,0.01,0.01,75758.52,1776539388000
1776539389.879,289.879,0.97,0.98,0.02,0.03,0.01,0.01,75758.52,1776539388000
1776539390.241,290.241,0.97,0.98,0.02,0.03,0.01,0.01,75760.51,1776539389000
1776539390.641,290.641,0.97,0.98,0.02,0.03,0.01,0.01,75760.51,1776539389000
1776539391.04,291.04,0.97,0.98,0.02,0.03,0.01,0.01,75760.51,1776539389000
1776539391.381,291.381,0.97,0.98,0.02,0.03,0.01,0.01,75759.0,1776539390000
1776539391.756,291.756,0.97,0.98,0.02,0.03,0.01,0.01,75759.0,1776539390000
1776539392.17,292.17,0.97,0.98,0.02,0.03,0.01,0.01,75759.0,1776539390000
1776539392.507,292.507,0.98,0.99,0.01,0.03,0.01,0.02,75759.36,1776539391000
1776539392.855,292.855,0.98,0.99,0.01,0.02,0.01,0.01,75759.36,1776539391000
1776539393.315,293.315,0.98,0.99,0.01,0.02,0.01,0.01,75759.36,1776539391000
1776539393.717,293.717,0.98,0.99,0.01,0.02,0.01,0.01,75760.12,1776539392000
1776539394.061,294.061,0.98,0.99,0.01,0.02,0.01,0.01,75760.21,1776539393000
1776539394.527,294.527,0.98,0.99,0.01,0.02,0.01,0.01,75760.21,1776539393000
1776539394.864,294.864,0.98,0.99,0.01,0.02,0.01,0.01,75760.21,1776539393000
1776539395.21,295.21,0.98,0.99,0.01,0.02,0.01,0.01,75760.83,1776539394000
1776539395.55,295.55,0.99,0.99,0.01,0.02,0.0,0.01,75760.83,1776539394000
1776539395.904,295.904,0.99,0.99,0.01,0.01,0.0,0.0,75760.83,1776539394000
1776539396.378,296.378,0.99,0.99,0.01,0.01,0.0,0.0,75761.65,1776539395000
1776539397.04,297.04,0.99,0.99,0.01,0.01,0.0,0.0,75762.92,1776539396000
1776539398.012,298.012,0.99,0.99,0.01,0.01,0.0,0.0,75762.92,1776539396000
1776539399.042,299.042,0.99,0.99,0.01,0.01,0.0,0.0,75762.6,1776539398000
1776539400.042,300.042,0.99,0.99,0.01,0.01,0.0,0.0,75761.88,1776539399000
1776539400.411,300.411,0.99,0.99,0.01,0.01,0.0,0.0,75761.88,1776539399000
1776539400.995,300.995,0.99,0.99,0.01,0.01,0.0,0.0,75762.57,1776539400000
1776539401.944,301.944,0.99,0.99,0.01,0.01,0.0,0.0,75762.58,1776539401000

# RESULT,winner=Up,slug=btc-updown-5m-1776539100,ticks=660
