timestamp,elapsed_sec,up_bid,up_ask,down_bid,down_ask,up_spread,down_spread,btc_price,btc_oracle_ts
1777035600.515,0.515,0.52,0.53,0.46,0.47,0.01,0.01,78287.92,1777035599000
1777035600.98,0.98,0.52,0.53,0.47,0.48,0.01,0.01,78287.92,1777035599000
1777035601.583,1.583,0.52,0.53,0.47,0.48,0.01,0.01,78286.93,1777035600000
1777035601.959,1.959,0.58,0.59,0.41,0.42,0.01,0.01,78286.93,1777035600000
1777035602.446,2.446,0.52,0.55,0.45,0.48,0.03,0.03,78286.48,1777035601000
1777035602.842,2.842,0.51,0.52,0.47,0.48,0.01,0.01,78286.48,1777035601000
1777035603.203,3.203,0.5,0.51,0.49,0.5,0.01,0.01,78288.45,1777035602000
1777035603.568,3.568,0.5,0.51,0.49,0.5,0.01,0.01,78288.45,1777035602000
1777035603.939,3.939,0.5,0.51,0.49,0.5,0.01,0.01,78288.45,1777035602000
1777035604.293,4.293,0.5,0.51,0.49,0.5,0.01,0.01,78290.5,1777035603000
1777035604.719,4.719,0.5,0.51,0.49,0.5,0.01,0.01,78290.5,1777035603000
1777035605.115,5.115,0.5,0.51,0.49,0.5,0.01,0.01,78290.5,1777035603000
1777035605.671,5.671,0.5,0.51,0.49,0.5,0.01,0.01,78290.5,1777035603000
1777035606.149,6.149,0.5,0.51,0.49,0.5,0.01,0.01,78285.35,1777035604000
1777035606.486,6.486,0.51,0.52,0.48,0.49,0.01,0.01,78285.13,1777035605000
1777035606.857,6.857,0.54,0.55,0.45,0.46,0.01,0.01,78285.13,1777035605000
1777035607.252,7.252,0.58,0.59,0.41,0.42,0.01,0.01,78285.25,1777035606000
1777035607.611,7.611,0.58,0.59,0.41,0.42,0.01,0.01,78285.25,1777035606000
1777035607.953,7.953,0.59,0.6,0.4,0.41,0.01,0.01,78285.25,1777035606000
1777035608.335,8.335,0.59,0.6,0.4,0.41,0.01,0.01,78285.25,1777035606000
1777035608.773,8.773,0.59,0.6,0.4,0.41,0.01,0.01,78288.35,1777035607000
1777035609.126,9.126,0.59,0.66,0.34,0.41,0.07,0.07,78288.35,1777035607000
1777035609.499,9.499,0.66,0.67,0.33,0.34,0.01,0.01,78297.57,1777035608000
1777035609.912,9.912,0.66,0.68,0.33,0.34,0.02,0.01,78297.57,1777035608000
1777035610.38,10.38,0.67,0.69,0.31,0.33,0.02,0.02,78297.57,1777035608000
1777035610.724,10.724,0.68,0.69,0.31,0.33,0.01,0.02,78311.63,1777035609000
1777035611.125,11.125,0.68,0.69,0.31,0.32,0.01,0.01,78311.63,1777035609000
1777035611.568,11.568,0.68,0.69,0.31,0.32,0.01,0.01,78315.58,1777035610000
1777035611.911,11.911,0.68,0.69,0.31,0.32,0.01,0.01,78315.58,1777035610000
1777035612.261,12.261,0.68,0.69,0.31,0.32,0.01,0.01,78315.58,1777035610000
1777035612.602,12.602,0.69,0.7,0.3,0.31,0.01,0.01,78321.68,1777035611000
1777035613.028,13.028,0.69,0.7,0.3,0.31,0.01,0.01,78321.68,1777035611000
1777035613.572,13.572,0.69,0.7,0.3,0.31,0.01,0.01,78323.15,1777035612000
1777035614.478,14.478,0.69,0.7,0.3,0.31,0.01,0.01,78323.15,1777035612000
1777035614.817,14.817,0.76,0.77,0.23,0.24,0.01,0.01,78325.94,1777035613000
1777035615.152,15.152,0.76,0.78,0.23,0.24,0.02,0.01,78325.94,1777035613000
1777035615.522,15.522,0.76,0.77,0.22,0.24,0.01,0.02,78325.94,1777035613000
1777035615.858,15.858,0.77,0.78,0.21,0.23,0.01,0.02,78325.94,1777035613000
1777035616.29,16.29,0.77,0.78,0.22,0.23,0.01,0.01,78346.48,1777035614000
1777035616.647,16.647,0.77,0.78,0.22,0.23,0.01,0.01,78346.48,1777035614000
1777035616.98,16.98,0.77,0.78,0.22,0.23,0.01,0.01,78346.48,1777035614000
1777035617.33,17.33,0.77,0.78,0.22,0.23,0.01,0.01,78350.22,1777035615000
1777035617.731,17.731,0.77,0.78,0.22,0.23,0.01,0.01,78350.22,1777035615000
1777035618.365,18.365,0.77,0.78,0.22,0.23,0.01,0.01,78352.09,1777035616000
1777035618.907,18.907,0.77,0.78,0.22,0.23,0.01,0.01,78353.25,1777035617000
1777035619.335,19.335,0.77,0.78,0.22,0.23,0.01,0.01,78353.25,1777035617000
1777035619.8,19.8,0.77,0.8,0.22,0.23,0.03,0.01,78353.5,1777035618000
1777035620.14,20.14,0.78,0.8,0.2,0.22,0.02,0.02,78353.5,1777035618000
1777035620.549,20.549,0.79,0.8,0.17,0.21,0.01,0.04,78352.81,1777035619000
1777035620.926,20.926,0.82,0.83,0.17,0.18,0.01,0.01,78352.81,1777035619000
1777035621.326,21.326,0.82,0.83,0.17,0.18,0.01,0.01,78352.81,1777035619000
1777035621.867,21.867,0.81,0.83,0.17,0.19,0.02,0.02,78352.81,1777035619000
1777035622.335,22.335,0.82,0.83,0.17,0.18,0.01,0.01,78361.15,1777035620000
1777035622.717,22.717,0.82,0.83,0.17,0.18,0.01,0.01,78361.15,1777035620000
1777035623.051,23.051,0.82,0.83,0.17,0.18,0.01,0.01,78364.5,1777035621000
1777035623.415,23.415,0.82,0.83,0.17,0.18,0.01,0.01,78364.5,1777035621000
1777035623.778,23.778,0.82,0.83,0.17,0.18,0.01,0.01,78364.5,1777035621000
1777035624.34,24.34,0.82,0.83,0.17,0.18,0.01,0.01,78364.86,1777035622000
1777035624.728,24.728,0.82,0.83,0.17,0.18,0.01,0.01,78364.86,1777035622000
1777035625.343,25.343,0.82,0.83,0.17,0.18,0.01,0.01,78368.05,1777035623000
1777035625.679,25.679,0.82,0.83,0.17,0.18,0.01,0.01,78369.85,1777035624000
1777035626.084,26.084,0.82,0.83,0.17,0.18,0.01,0.01,78369.85,1777035624000
1777035626.429,26.429,0.81,0.83,0.17,0.18,0.02,0.01,78371.8,1777035625000
1777035626.858,26.858,0.76,0.77,0.23,0.24,0.01,0.01,78371.8,1777035625000
1777035627.292,27.292,0.75,0.77,0.23,0.24,0.02,0.01,78371.8,1777035625000
1777035627.829,27.829,0.75,0.76,0.24,0.25,0.01,0.01,78371.8,1777035625000
1777035628.435,28.435,0.75,0.76,0.24,0.25,0.01,0.01,78368.81,1777035626000
1777035628.793,28.793,0.75,0.76,0.24,0.25,0.01,0.01,78364.85,1777035627000
1777035629.311,29.311,0.75,0.76,0.24,0.25,0.01,0.01,78364.85,1777035627000
1777035629.744,29.744,0.75,0.76,0.24,0.25,0.01,0.01,78358.86,1777035628000
1777035630.356,30.356,0.75,0.76,0.24,0.25,0.01,0.01,78353.61,1777035629000
1777035630.705,30.705,0.75,0.76,0.24,0.25,0.01,0.01,78353.61,1777035629000
1777035631.053,31.053,0.75,0.76,0.24,0.25,0.01,0.01,78353.61,1777035629000
1777035631.393,31.393,0.75,0.76,0.24,0.25,0.01,0.01,78353.61,1777035629000
1777035631.957,31.957,0.75,0.76,0.24,0.25,0.01,0.01,78353.61,1777035629000
1777035632.531,32.531,0.75,0.76,0.24,0.25,0.01,0.01,78350.94,1777035630000
1777035632.917,32.917,0.75,0.76,0.24,0.25,0.01,0.01,78350.94,1777035631000
1777035633.253,33.253,0.75,0.76,0.24,0.25,0.01,0.01,78350.94,1777035631000
1777035633.667,33.667,0.75,0.76,0.24,0.25,0.01,0.01,78350.66,1777035632000
1777035634.068,34.068,0.75,0.76,0.24,0.25,0.01,0.01,78350.66,1777035632000
1777035634.41,34.41,0.74,0.76,0.24,0.26,0.02,0.02,78351.24,1777035633000
1777035634.777,34.777,0.73,0.75,0.24,0.27,0.02,0.03,78351.24,1777035633000
1777035635.187,35.187,0.73,0.74,0.26,0.27,0.01,0.01,78351.91,1777035634000
1777035635.58,35.58,0.73,0.74,0.26,0.27,0.01,0.01,78351.91,1777035634000
1777035635.964,35.964,0.73,0.74,0.26,0.27,0.01,0.01,78351.91,1777035634000
1777035636.319,36.319,0.73,0.74,0.26,0.27,0.01,0.01,78351.91,1777035634000
1777035636.809,36.809,0.73,0.74,0.26,0.27,0.01,0.01,78351.91,1777035634000
1777035637.192,37.192,0.73,0.74,0.26,0.27,0.01,0.01,78346.72,1777035635000
1777035637.54,37.54,0.72,0.73,0.27,0.28,0.01,0.01,78346.72,1777035635000
1777035638.053,38.053,0.72,0.73,0.27,0.28,0.01,0.01,78353.95,1777035636000
1777035638.601,38.601,0.72,0.73,0.27,0.28,0.01,0.01,78353.95,1777035637000
1777035638.942,38.942,0.73,0.74,0.26,0.28,0.01,0.02,78353.95,1777035637000
1777035639.364,39.364,0.74,0.75,0.25,0.27,0.01,0.02,78348.08,1777035638000
1777035639.751,39.751,0.74,0.75,0.25,0.26,0.01,0.01,78348.08,1777035638000
1777035640.377,40.377,0.76,0.77,0.24,0.25,0.01,0.01,78347.53,1777035639000
1777035640.801,40.801,0.76,0.77,0.23,0.24,0.01,0.01,78347.53,1777035639000
1777035641.472,41.472,0.76,0.77,0.23,0.24,0.01,0.01,78348.09,1777035640000
1777035642.171,42.171,0.76,0.77,0.23,0.24,0.01,0.01,78352.41,1777035641000
1777035642.581,42.581,0.79,0.8,0.2,0.21,0.01,0.01,78352.41,1777035641000
1777035642.929,42.929,0.79,0.8,0.2,0.21,0.01,0.01,78352.41,1777035641000
1777035643.298,43.298,0.79,0.8,0.2,0.21,0.01,0.01,78354.83,1777035642000
1777035643.66,43.66,0.79,0.8,0.2,0.21,0.01,0.01,78354.83,1777035642000
1777035644.062,44.062,0.79,0.8,0.2,0.21,0.01,0.01,78354.83,1777035642000
1777035644.406,44.406,0.79,0.8,0.2,0.21,0.01,0.01,78356.32,1777035643000
1777035644.967,44.967,0.79,0.8,0.2,0.21,0.01,0.01,78356.32,1777035643000
1777035645.453,45.453,0.79,0.8,0.2,0.21,0.01,0.01,78366.55,1777035644000
1777035645.867,45.867,0.79,0.8,0.2,0.21,0.01,0.01,78366.55,1777035644000
1777035646.382,46.382,0.79,0.8,0.2,0.21,0.01,0.01,78366.92,1777035645000
1777035646.796,46.796,0.79,0.8,0.2,0.21,0.01,0.01,78366.92,1777035645000
1777035647.297,47.297,0.79,0.8,0.2,0.21,0.01,0.01,78368.31,1777035646000
1777035647.95,47.95,0.79,0.8,0.2,0.21,0.01,0.01,78368.31,1777035646000
1777035648.372,48.372,0.79,0.8,0.2,0.21,0.01,0.01,78368.13,1777035647000
1777035648.753,48.753,0.78,0.79,0.21,0.24,0.01,0.03,78368.13,1777035647000
1777035649.101,49.101,0.78,0.79,0.21,0.22,0.01,0.01,78368.13,1777035647000
1777035649.554,49.554,0.78,0.79,0.21,0.22,0.01,0.01,78363.37,1777035648000
1777035649.974,49.974,0.78,0.79,0.21,0.22,0.01,0.01,78363.37,1777035648000
1777035650.376,50.376,0.78,0.79,0.21,0.22,0.01,0.01,78363.05,1777035649000
1777035650.939,50.939,0.78,0.79,0.21,0.22,0.01,0.01,78364.04,1777035650000
1777035651.35,51.35,0.79,0.8,0.2,0.21,0.01,0.01,78364.04,1777035650000
1777035651.787,51.787,0.79,0.8,0.2,0.21,0.01,0.01,78364.04,1777035650000
1777035652.127,52.127,0.79,0.81,0.2,0.21,0.02,0.01,78364.69,1777035651000
1777035652.547,52.547,0.8,0.81,0.19,0.2,0.01,0.01,78364.69,1777035651000
1777035652.94,52.94,0.8,0.81,0.19,0.2,0.01,0.01,78364.69,1777035651000
1777035653.285,53.285,0.8,0.81,0.19,0.2,0.01,0.01,78367.55,1777035652000
1777035653.826,53.826,0.8,0.81,0.19,0.2,0.01,0.01,78367.55,1777035652000
1777035654.404,54.404,0.8,0.82,0.19,0.2,0.02,0.01,78368.23,1777035653000
1777035655.124,55.124,0.8,0.81,0.19,0.2,0.01,0.01,78369.58,1777035654000
1777035655.59,55.59,0.8,0.81,0.19,0.2,0.01,0.01,78369.58,1777035654000
1777035655.958,55.958,0.8,0.81,0.19,0.2,0.01,0.01,78369.58,1777035654000
1777035656.674,56.674,0.8,0.81,0.19,0.2,0.01,0.01,78371.43,1777035655000
1777035657.051,57.051,0.8,0.81,0.19,0.2,0.01,0.01,78371.87,1777035656000
1777035657.423,57.423,0.8,0.81,0.19,0.2,0.01,0.01,78371.87,1777035656000
1777035657.775,57.775,0.81,0.82,0.18,0.19,0.01,0.01,78371.87,1777035656000
1777035658.187,58.187,0.81,0.82,0.18,0.19,0.01,0.01,78371.87,1777035657000
1777035658.548,58.548,0.81,0.82,0.18,0.19,0.01,0.01,78371.87,1777035657000
1777035658.93,58.93,0.81,0.82,0.18,0.19,0.01,0.01,78372.02,1777035658000
1777035659.35,59.35,0.81,0.82,0.18,0.19,0.01,0.01,78372.02,1777035658000
1777035659.705,59.705,0.81,0.82,0.18,0.19,0.01,0.01,78372.02,1777035658000
1777035660.124,60.124,0.81,0.82,0.18,0.19,0.01,0.01,78372.23,1777035659000
1777035660.475,60.475,0.81,0.82,0.18,0.19,0.01,0.01,78372.23,1777035659000
1777035660.811,60.811,0.81,0.82,0.18,0.19,0.01,0.01,78372.23,1777035659000
1777035661.307,61.307,0.81,0.82,0.18,0.19,0.01,0.01,78372.45,1777035660000
1777035661.674,61.674,0.81,0.82,0.18,0.19,0.01,0.01,78372.45,1777035660000
1777035662.02,62.02,0.81,0.82,0.18,0.19,0.01,0.01,78372.45,1777035660000
1777035662.812,62.812,0.82,0.83,0.18,0.19,0.01,0.01,78372.45,1777035660000
1777035663.386,63.386,0.82,0.83,0.17,0.18,0.01,0.01,78371.54,1777035662000
1777035664.0,64.0,0.82,0.83,0.17,0.18,0.01,0.01,78373.28,1777035663000
1777035664.344,64.344,0.82,0.83,0.17,0.18,0.01,0.01,78373.28,1777035663000
1777035664.69,64.69,0.82,0.83,0.17,0.18,0.01,0.01,78373.28,1777035663000
1777035665.107,65.107,0.82,0.83,0.17,0.18,0.01,0.01,78373.28,1777035663000
1777035665.487,65.487,0.82,0.83,0.17,0.18,0.01,0.01,78384.95,1777035664000
1777035666.016,66.016,0.83,0.84,0.16,0.17,0.01,0.01,78384.95,1777035664000
1777035666.394,66.394,0.83,0.84,0.16,0.17,0.01,0.01,78384.95,1777035664000
1777035666.736,66.736,0.83,0.84,0.16,0.17,0.01,0.01,78383.81,1777035665000
1777035667.273,67.273,0.83,0.85,0.16,0.17,0.02,0.01,78383.81,1777035665000
1777035667.762,67.762,0.84,0.85,0.15,0.16,0.01,0.01,78383.72,1777035666000
1777035668.11,68.11,0.85,0.89,0.11,0.15,0.04,0.04,78382.23,1777035667000
1777035668.448,68.448,0.88,0.89,0.11,0.12,0.01,0.01,78382.23,1777035667000
1777035668.781,68.781,0.88,0.89,0.11,0.12,0.01,0.01,78382.23,1777035667000
1777035669.236,69.236,0.88,0.89,0.11,0.12,0.01,0.01,78382.23,1777035667000
1777035669.628,69.628,0.88,0.89,0.11,0.12,0.01,0.01,78387.67,1777035668000
1777035669.988,69.988,0.86,0.89,0.11,0.12,0.03,0.01,78387.67,1777035668000
1777035670.368,70.368,0.86,0.87,0.13,0.14,0.01,0.01,78400.74,1777035669000
1777035670.749,70.749,0.86,0.87,0.13,0.14,0.01,0.01,78400.74,1777035669000
1777035671.126,71.126,0.86,0.87,0.13,0.14,0.01,0.01,78400.74,1777035669000
1777035671.48,71.48,0.86,0.87,0.13,0.14,0.01,0.01,78405.0,1777035670000
1777035671.893,71.893,0.86,0.87,0.13,0.14,0.01,0.01,78405.0,1777035670000
1777035672.294,72.294,0.87,0.88,0.12,0.13,0.01,0.01,78405.0,1777035670000
1777035672.67,72.67,0.87,0.88,0.12,0.13,0.01,0.01,78399.56,1777035671000
1777035673.004,73.004,0.87,0.88,0.12,0.13,0.01,0.01,78398.55,1777035672000
1777035673.506,73.506,0.87,0.88,0.12,0.13,0.01,0.01,78398.55,1777035672000
1777035673.846,73.846,0.87,0.88,0.12,0.13,0.01,0.01,78398.55,1777035672000
1777035674.182,74.182,0.87,0.88,0.12,0.13,0.01,0.01,78398.55,1777035672000
1777035674.518,74.518,0.87,0.88,0.12,0.16,0.01,0.04,78400.27,1777035673000
1777035674.91,74.91,0.88,0.89,0.11,0.13,0.01,0.02,78400.27,1777035673000
1777035675.345,75.345,0.88,0.89,0.11,0.12,0.01,0.01,78402.16,1777035674000
1777035675.694,75.694,0.88,0.89,0.11,0.12,0.01,0.01,78402.16,1777035674000
1777035676.037,76.037,0.88,0.89,0.11,0.12,0.01,0.01,78402.16,1777035674000
1777035676.567,76.567,0.88,0.89,0.11,0.12,0.01,0.01,78409.04,1777035675000
1777035676.909,76.909,0.88,0.89,0.11,0.12,0.01,0.01,78409.04,1777035675000
1777035677.263,77.263,0.88,0.89,0.11,0.12,0.01,0.01,78409.04,1777035675000
1777035677.611,77.611,0.88,0.89,0.11,0.12,0.01,0.01,78417.39,1777035676000
1777035678.181,78.181,0.88,0.89,0.11,0.12,0.01,0.01,78417.39,1777035676000
1777035678.53,78.53,0.87,0.89,0.11,0.13,0.02,0.02,78418.92,1777035677000
1777035678.893,78.893,0.87,0.88,0.11,0.13,0.01,0.02,78418.92,1777035677000
1777035679.441,79.441,0.87,0.88,0.12,0.13,0.01,0.01,78418.92,1777035677000
1777035679.795,79.795,0.87,0.88,0.12,0.13,0.01,0.01,78418.92,1777035678000
1777035680.131,80.131,0.87,0.88,0.12,0.13,0.01,0.01,78417.51,1777035679000
1777035680.967,80.967,0.87,0.88,0.12,0.13,0.01,0.01,78417.51,1777035679000
1777035681.349,81.349,0.87,0.88,0.12,0.13,0.01,0.01,78411.86,1777035680000
1777035681.724,81.724,0.87,0.88,0.12,0.13,0.01,0.01,78411.86,1777035680000
1777035682.157,82.157,0.87,0.88,0.12,0.13,0.01,0.01,78411.86,1777035680000
1777035682.503,82.503,0.87,0.88,0.12,0.13,0.01,0.01,78410.36,1777035681000
1777035682.947,82.947,0.87,0.88,0.12,0.13,0.01,0.01,78410.36,1777035681000
1777035683.37,83.37,0.87,0.88,0.12,0.13,0.01,0.01,78410.36,1777035681000
1777035683.995,83.995,0.87,0.88,0.12,0.13,0.01,0.01,78410.21,1777035682000
1777035684.343,84.343,0.87,0.88,0.12,0.13,0.01,0.01,78409.75,1777035683000
1777035684.775,84.775,0.87,0.88,0.12,0.13,0.01,0.01,78409.75,1777035683000
1777035685.108,85.108,0.87,0.88,0.12,0.13,0.01,0.01,78409.75,1777035683000
1777035685.539,85.539,0.87,0.88,0.12,0.13,0.01,0.01,78411.75,1777035684000
1777035686.076,86.076,0.87,0.88,0.12,0.13,0.01,0.01,78411.75,1777035684000
1777035686.451,86.451,0.87,0.88,0.12,0.13,0.01,0.01,78408.98,1777035685000
1777035687.018,87.018,0.87,0.88,0.12,0.13,0.01,0.01,78408.98,1777035685000
1777035687.412,87.412,0.87,0.88,0.12,0.13,0.01,0.01,78402.5,1777035686000
1777035687.938,87.938,0.87,0.88,0.12,0.13,0.01,0.01,78402.5,1777035686000
1777035688.341,88.341,0.87,0.88,0.12,0.13,0.01,0.01,78402.5,1777035686000
1777035688.721,88.721,0.87,0.88,0.12,0.13,0.01,0.01,78401.06,1777035687000
1777035689.086,89.086,0.84,0.85,0.15,0.16,0.01,0.01,78401.06,1777035687000
1777035689.575,89.575,0.83,0.84,0.16,0.17,0.01,0.01,78400.27,1777035688000
1777035689.909,89.909,0.83,0.84,0.16,0.17,0.01,0.01,78400.27,1777035688000
1777035690.287,90.287,0.83,0.84,0.16,0.17,0.01,0.01,78400.27,1777035688000
1777035690.63,90.63,0.83,0.84,0.16,0.17,0.01,0.01,78392.21,1777035689000
1777035690.982,90.982,0.83,0.84,0.16,0.17,0.01,0.01,78392.21,1777035689000
1777035691.367,91.367,0.83,0.84,0.16,0.17,0.01,0.01,78388.55,1777035690000
1777035691.788,91.788,0.82,0.83,0.17,0.18,0.01,0.01,78388.55,1777035690000
1777035692.498,92.498,0.83,0.84,0.16,0.18,0.01,0.02,78388.55,1777035690000
1777035693.017,93.017,0.83,0.84,0.16,0.17,0.01,0.01,78383.15,1777035692000
1777035693.504,93.504,0.8,0.83,0.16,0.2,0.03,0.04,78383.15,1777035692000
1777035694.087,94.087,0.8,0.81,0.17,0.2,0.01,0.03,78383.15,1777035692000
1777035694.495,94.495,0.79,0.8,0.19,0.2,0.01,0.01,78383.69,1777035693000
1777035694.828,94.828,0.79,0.8,0.2,0.21,0.01,0.01,78383.69,1777035693000
1777035695.238,95.238,0.79,0.8,0.2,0.21,0.01,0.01,78383.69,1777035693000
1777035695.611,95.611,0.79,0.82,0.2,0.21,0.03,0.01,78372.57,1777035694000
1777035695.989,95.989,0.79,0.8,0.2,0.21,0.01,0.01,78372.57,1777035694000
1777035696.557,96.557,0.79,0.8,0.2,0.21,0.01,0.01,78372.57,1777035695000
1777035696.977,96.977,0.79,0.8,0.2,0.21,0.01,0.01,78372.57,1777035695000
1777035697.44,97.44,0.79,0.8,0.2,0.21,0.01,0.01,78371.81,1777035696000
1777035697.885,97.885,0.79,0.8,0.2,0.21,0.01,0.01,78371.81,1777035696000
1777035698.357,98.357,0.79,0.8,0.2,0.21,0.01,0.01,78371.81,1777035696000
1777035698.744,98.744,0.79,0.8,0.2,0.21,0.01,0.01,78372.0,1777035697000
1777035699.162,99.162,0.79,0.8,0.2,0.22,0.01,0.02,78372.0,1777035698000
1777035699.655,99.655,0.79,0.8,0.2,0.21,0.01,0.01,78372.0,1777035698000
1777035700.0,100.0,0.79,0.8,0.2,0.21,0.01,0.01,78371.37,1777035699000
1777035700.358,100.358,0.79,0.8,0.2,0.21,0.01,0.01,78371.37,1777035699000
1777035700.791,100.791,0.79,0.8,0.2,0.21,0.01,0.01,78371.37,1777035699000
1777035701.173,101.173,0.79,0.8,0.2,0.21,0.01,0.01,78368.65,1777035700000
1777035702.079,102.079,0.79,0.8,0.2,0.21,0.01,0.01,78368.65,1777035700000
1777035702.468,102.468,0.76,0.77,0.23,0.24,0.01,0.01,78364.88,1777035701000
1777035702.975,102.975,0.76,0.77,0.23,0.24,0.01,0.01,78364.88,1777035701000
1777035703.402,103.402,0.76,0.77,0.23,0.24,0.01,0.01,78364.88,1777035701000
1777035703.78,103.78,0.76,0.77,0.23,0.24,0.01,0.01,78363.63,1777035702000
1777035704.637,104.637,0.76,0.77,0.23,0.24,0.01,0.01,78359.29,1777035703000
1777035705.201,105.201,0.76,0.77,0.23,0.24,0.01,0.01,78357.58,1777035704000
1777035705.563,105.563,0.76,0.77,0.23,0.24,0.01,0.01,78357.58,1777035704000
1777035705.957,105.957,0.76,0.77,0.23,0.24,0.01,0.01,78357.58,1777035704000
1777035706.431,106.431,0.77,0.78,0.23,0.24,0.01,0.01,78357.76,1777035705000
1777035706.794,106.794,0.78,0.79,0.21,0.22,0.01,0.01,78357.76,1777035705000
1777035707.383,107.383,0.8,0.81,0.19,0.22,0.01,0.03,78357.76,1777035705000
1777035707.901,107.901,0.8,0.81,0.19,0.2,0.01,0.01,78357.2,1777035706000
1777035708.426,108.426,0.8,0.81,0.19,0.2,0.01,0.01,78357.69,1777035707000
1777035708.79,108.79,0.8,0.81,0.19,0.2,0.01,0.01,78357.69,1777035707000
1777035709.124,109.124,0.8,0.81,0.19,0.2,0.01,0.01,78360.1,1777035708000
1777035709.836,109.836,0.8,0.81,0.19,0.2,0.01,0.01,78360.1,1777035708000
1777035710.298,110.298,0.8,0.81,0.19,0.2,0.01,0.01,78362.4,1777035709000
1777035710.723,110.723,0.8,0.81,0.19,0.2,0.01,0.01,78362.4,1777035709000
1777035711.141,111.141,0.8,0.81,0.19,0.2,0.01,0.01,78362.4,1777035709000
1777035711.644,111.644,0.8,0.81,0.19,0.2,0.01,0.01,78365.24,1777035710000
1777035712.124,112.124,0.79,0.8,0.2,0.21,0.01,0.01,78365.24,1777035711000
1777035712.603,112.603,0.79,0.8,0.2,0.21,0.01,0.01,78365.24,1777035711000
1777035712.94,112.94,0.79,0.8,0.2,0.21,0.01,0.01,78365.24,1777035711000
1777035713.388,113.388,0.79,0.8,0.2,0.21,0.01,0.01,78364.29,1777035712000
1777035714.162,114.162,0.79,0.8,0.2,0.21,0.01,0.01,78364.29,1777035712000
1777035714.815,114.815,0.79,0.8,0.2,0.21,0.01,0.01,78360.71,1777035713000
1777035715.198,115.198,0.79,0.8,0.2,0.21,0.01,0.01,78357.81,1777035714000
1777035715.628,115.628,0.79,0.8,0.2,0.21,0.01,0.01,78357.81,1777035714000
1777035716.149,116.149,0.79,0.8,0.2,0.21,0.01,0.01,78357.81,1777035714000
1777035716.488,116.488,0.79,0.8,0.2,0.21,0.01,0.01,78356.96,1777035715000
1777035716.999,116.999,0.79,0.8,0.2,0.21,0.01,0.01,78356.96,1777035715000
1777035717.355,117.355,0.79,0.8,0.2,0.21,0.01,0.01,78356.96,1777035716000
1777035717.977,117.977,0.78,0.79,0.21,0.22,0.01,0.01,78356.96,1777035716000
1777035718.42,118.42,0.78,0.79,0.21,0.22,0.01,0.01,78356.96,1777035716000
1777035718.836,118.836,0.78,0.79,0.21,0.22,0.01,0.01,78356.96,1777035717000
1777035719.213,119.213,0.75,0.78,0.22,0.25,0.03,0.03,78356.96,1777035718000
1777035719.66,119.66,0.75,0.76,0.24,0.25,0.01,0.01,78356.96,1777035718000
1777035720.044,120.044,0.74,0.75,0.25,0.26,0.01,0.01,78356.96,1777035718000
1777035720.452,120.452,0.74,0.75,0.25,0.26,0.01,0.01,78354.1,1777035719000
1777035720.862,120.862,0.72,0.73,0.27,0.28,0.01,0.01,78354.1,1777035719000
1777035721.242,121.242,0.71,0.72,0.28,0.29,0.01,0.01,78354.1,1777035719000
1777035721.578,121.578,0.71,0.72,0.28,0.29,0.01,0.01,78350.64,1777035720000
1777035721.971,121.971,0.71,0.72,0.28,0.29,0.01,0.01,78350.64,1777035720000
1777035722.311,122.311,0.74,0.78,0.22,0.27,0.04,0.05,78348.17,1777035721000
1777035722.679,122.679,0.78,0.79,0.21,0.23,0.01,0.02,78348.17,1777035721000
1777035723.057,123.057,0.78,0.79,0.21,0.22,0.01,0.01,78348.17,1777035721000
1777035723.465,123.465,0.81,0.82,0.18,0.2,0.01,0.02,78340.83,1777035722000
1777035723.842,123.842,0.81,0.82,0.18,0.19,0.01,0.01,78340.83,1777035722000
1777035724.227,124.227,0.81,0.82,0.18,0.19,0.01,0.01,78340.83,1777035722000
1777035725.029,125.029,0.81,0.82,0.18,0.19,0.01,0.01,78347.01,1777035723000
1777035725.381,125.381,0.81,0.82,0.18,0.19,0.01,0.01,78361.1,1777035724000
1777035725.722,125.722,0.81,0.82,0.18,0.19,0.01,0.01,78361.1,1777035724000
1777035726.279,126.279,0.8,0.81,0.18,0.2,0.01,0.02,78358.4,1777035725000
1777035726.613,126.613,0.8,0.81,0.19,0.2,0.01,0.01,78358.4,1777035725000
1777035726.974,126.974,0.77,0.81,0.19,0.23,0.04,0.04,78358.4,1777035725000
1777035727.327,127.327,0.77,0.78,0.22,0.23,0.01,0.01,78359.84,1777035726000
1777035727.719,127.719,0.77,0.78,0.22,0.23,0.01,0.01,78359.84,1777035726000
1777035728.135,128.135,0.75,0.76,0.24,0.25,0.01,0.01,78359.84,1777035726000
1777035728.53,128.53,0.75,0.76,0.24,0.25,0.01,0.01,78356.5,1777035727000
1777035728.923,128.923,0.76,0.77,0.24,0.25,0.01,0.01,78356.5,1777035727000
1777035729.297,129.297,0.81,0.82,0.18,0.19,0.01,0.01,78350.88,1777035728000
1777035729.957,129.957,0.81,0.83,0.18,0.19,0.02,0.01,78350.88,1777035728000
1777035730.32,130.32,0.84,0.86,0.14,0.16,0.02,0.02,78350.88,1777035728000
1777035730.695,130.695,0.85,0.86,0.14,0.15,0.01,0.01,78350.32,1777035729000
1777035731.086,131.086,0.85,0.86,0.14,0.15,0.01,0.01,78350.32,1777035729000
1777035731.425,131.425,0.85,0.86,0.14,0.15,0.01,0.01,78358.82,1777035730000
1777035731.759,131.759,0.85,0.86,0.14,0.15,0.01,0.01,78358.82,1777035730000
1777035732.25,132.25,0.85,0.86,0.14,0.15,0.01,0.01,78373.61,1777035731000
1777035732.648,132.648,0.85,0.86,0.14,0.15,0.01,0.01,78373.61,1777035731000
1777035733.013,133.013,0.85,0.86,0.14,0.15,0.01,0.01,78373.61,1777035731000
1777035733.398,133.398,0.85,0.86,0.14,0.15,0.01,0.01,78369.22,1777035732000
1777035733.884,133.884,0.85,0.86,0.14,0.15,0.01,0.01,78369.22,1777035732000
1777035734.227,134.227,0.85,0.86,0.14,0.15,0.01,0.01,78369.22,1777035732000
1777035734.937,134.937,0.85,0.86,0.14,0.15,0.01,0.01,78369.25,1777035733000
1777035735.417,135.417,0.85,0.86,0.14,0.15,0.01,0.01,78373.69,1777035734000
1777035735.897,135.897,0.85,0.86,0.14,0.15,0.01,0.01,78373.69,1777035734000
1777035736.26,136.26,0.84,0.85,0.15,0.16,0.01,0.01,78372.1,1777035735000
1777035736.895,136.895,0.84,0.85,0.15,0.16,0.01,0.01,78372.1,1777035735000
1777035737.282,137.282,0.84,0.85,0.15,0.16,0.01,0.01,78372.1,1777035735000
1777035737.777,137.777,0.84,0.85,0.15,0.16,0.01,0.01,78372.1,1777035735000
1777035738.11,138.11,0.84,0.85,0.15,0.16,0.01,0.01,78374.72,1777035736000
1777035738.521,138.521,0.84,0.85,0.15,0.16,0.01,0.01,78371.33,1777035737000
1777035738.956,138.956,0.84,0.85,0.15,0.16,0.01,0.01,78371.33,1777035737000
1777035739.537,139.537,0.84,0.85,0.15,0.16,0.01,0.01,78370.41,1777035738000
1777035740.044,140.044,0.84,0.85,0.15,0.16,0.01,0.01,78370.41,1777035738000
1777035740.485,140.485,0.84,0.85,0.15,0.16,0.01,0.01,78367.7,1777035739000
1777035740.887,140.887,0.84,0.85,0.15,0.16,0.01,0.01,78367.7,1777035739000
1777035741.752,141.752,0.84,0.85,0.15,0.16,0.01,0.01,78369.48,1777035740000
1777035742.099,142.099,0.88,0.89,0.11,0.12,0.01,0.01,78369.48,1777035740000
1777035742.496,142.496,0.88,0.89,0.11,0.12,0.01,0.01,78369.48,1777035741000
1777035742.914,142.914,0.88,0.89,0.11,0.12,0.01,0.01,78370.65,1777035742000
1777035743.339,143.339,0.88,0.89,0.11,0.12,0.01,0.01,78370.65,1777035742000
1777035743.675,143.675,0.88,0.89,0.11,0.12,0.01,0.01,78370.65,1777035742000
1777035744.251,144.251,0.88,0.89,0.11,0.12,0.01,0.01,78386,1777035743000
1777035744.703,144.703,0.88,0.89,0.11,0.12,0.01,0.01,78386,1777035743000
1777035745.361,145.361,0.88,0.89,0.11,0.12,0.01,0.01,78386,1777035743000
1777035745.781,145.781,0.88,0.89,0.11,0.12,0.01,0.01,78386,1777035744000
1777035746.135,146.135,0.88,0.89,0.11,0.12,0.01,0.01,78386,1777035744000
1777035746.551,146.551,0.88,0.89,0.11,0.12,0.01,0.01,78384.72,1777035745000
1777035747.053,147.053,0.87,0.88,0.11,0.13,0.01,0.02,78384.72,1777035745000
1777035747.43,147.43,0.87,0.88,0.12,0.13,0.01,0.01,78383.08,1777035746000
1777035747.787,147.787,0.87,0.88,0.12,0.13,0.01,0.01,78383.08,1777035746000
1777035748.392,148.392,0.87,0.88,0.12,0.13,0.01,0.01,78384.44,1777035747000
1777035748.803,148.803,0.87,0.88,0.12,0.13,0.01,0.01,78384.44,1777035747000
1777035749.17,149.17,0.87,0.88,0.12,0.13,0.01,0.01,78384.44,1777035748000
1777035749.595,149.595,0.87,0.88,0.12,0.13,0.01,0.01,78384.44,1777035748000
1777035749.95,149.95,0.87,0.88,0.12,0.13,0.01,0.01,78384.44,1777035748000
1777035750.349,150.349,0.88,0.89,0.11,0.13,0.01,0.02,78379.04,1777035749000
1777035750.726,150.726,0.88,0.89,0.11,0.12,0.01,0.01,78379.04,1777035749000
1777035751.081,151.081,0.88,0.89,0.11,0.12,0.01,0.01,78379.04,1777035749000
1777035751.475,151.475,0.88,0.89,0.11,0.12,0.01,0.01,78379.04,1777035750000
1777035751.875,151.875,0.88,0.89,0.11,0.12,0.01,0.01,78379.04,1777035750000
1777035752.237,152.237,0.88,0.89,0.11,0.12,0.01,0.01,78379.04,1777035750000
1777035752.679,152.679,0.88,0.89,0.11,0.12,0.01,0.01,78379.03,1777035751000
1777035753.076,153.076,0.88,0.89,0.11,0.12,0.01,0.01,78379.03,1777035751000
1777035753.427,153.427,0.88,0.89,0.11,0.12,0.01,0.01,78379.03,1777035751000
1777035753.858,153.858,0.88,0.89,0.11,0.12,0.01,0.01,78380.66,1777035752000
1777035754.258,154.258,0.88,0.89,0.11,0.12,0.01,0.01,78380.66,1777035753000
1777035754.919,154.919,0.88,0.89,0.11,0.12,0.01,0.01,78380.66,1777035753000
1777035755.291,155.291,0.88,0.89,0.11,0.12,0.01,0.01,78384.95,1777035754000
1777035756.082,156.082,0.88,0.89,0.11,0.12,0.01,0.01,78381.62,1777035755000
1777035756.487,156.487,0.88,0.89,0.11,0.12,0.01,0.01,78381.62,1777035755000
1777035756.829,156.829,0.87,0.88,0.12,0.13,0.01,0.01,78381.62,1777035755000
1777035757.198,157.198,0.85,0.87,0.13,0.15,0.02,0.02,78381.62,1777035755000
1777035757.612,157.612,0.85,0.86,0.14,0.15,0.01,0.01,78381.05,1777035756000
1777035758.003,158.003,0.85,0.86,0.14,0.15,0.01,0.01,78381.05,1777035756000
1777035758.4,158.4,0.83,0.84,0.14,0.21,0.01,0.07,78377.62,1777035757000
1777035758.776,158.776,0.83,0.84,0.16,0.17,0.01,0.01,78377.62,1777035757000
1777035759.123,159.123,0.83,0.84,0.16,0.17,0.01,0.01,78377.62,1777035757000
1777035759.56,159.56,0.83,0.84,0.16,0.17,0.01,0.01,78372.49,1777035758000
1777035760.141,160.141,0.83,0.84,0.16,0.17,0.01,0.01,78372.49,1777035758000
1777035760.484,160.484,0.83,0.84,0.16,0.17,0.01,0.01,78369.94,1777035759000
1777035761.028,161.028,0.83,0.84,0.16,0.17,0.01,0.01,78369.94,1777035759000
1777035761.383,161.383,0.83,0.85,0.16,0.17,0.02,0.01,78369.95,1777035760000
1777035761.748,161.748,0.84,0.85,0.15,0.17,0.01,0.02,78369.95,1777035760000
1777035762.21,162.21,0.84,0.85,0.15,0.16,0.01,0.01,78369.95,1777035760000
1777035762.729,162.729,0.84,0.85,0.15,0.16,0.01,0.01,78367.98,1777035761000
1777035763.134,163.134,0.84,0.85,0.15,0.16,0.01,0.01,78367.98,1777035761000
1777035763.479,163.479,0.84,0.85,0.15,0.16,0.01,0.01,78369.61,1777035762000
1777035763.826,163.826,0.84,0.85,0.15,0.16,0.01,0.01,78369.61,1777035762000
1777035764.231,164.231,0.85,0.86,0.15,0.16,0.01,0.01,78369.61,1777035762000
1777035764.573,164.573,0.85,0.86,0.14,0.15,0.01,0.01,78372.57,1777035763000
1777035764.921,164.921,0.86,0.87,0.13,0.15,0.01,0.02,78372.57,1777035763000
1777035765.295,165.295,0.86,0.87,0.13,0.14,0.01,0.01,78372.57,1777035764000
1777035765.7,165.7,0.86,0.87,0.13,0.14,0.01,0.01,78372.57,1777035764000
1777035766.193,166.193,0.86,0.87,0.13,0.14,0.01,0.01,78372.72,1777035765000
1777035766.558,166.558,0.86,0.87,0.13,0.14,0.01,0.01,78372.72,1777035765000
1777035767.524,167.524,0.86,0.87,0.13,0.14,0.01,0.01,78372.72,1777035766000
1777035768.045,168.045,0.86,0.87,0.13,0.14,0.01,0.01,78372.72,1777035766000
1777035768.57,168.57,0.86,0.87,0.13,0.14,0.01,0.01,78371.9,1777035767000
1777035769.134,169.134,0.86,0.87,0.13,0.14,0.01,0.01,78371.9,1777035767000
1777035769.69,169.69,0.86,0.87,0.13,0.14,0.01,0.01,78371.9,1777035767000
1777035770.026,170.026,0.86,0.87,0.13,0.14,0.01,0.01,78372.42,1777035768000
1777035770.466,170.466,0.86,0.87,0.13,0.14,0.01,0.01,78372.42,1777035768000
1777035770.842,170.842,0.86,0.87,0.13,0.14,0.01,0.01,78371.12,1777035769000
1777035771.348,171.348,0.86,0.87,0.13,0.14,0.01,0.01,78371.12,1777035769000
1777035772.315,172.315,0.86,0.87,0.13,0.14,0.01,0.01,78371.48,1777035771000
1777035773.031,173.031,0.86,0.87,0.13,0.14,0.01,0.01,78371.48,1777035771000
1777035773.574,173.574,0.86,0.87,0.13,0.14,0.01,0.01,78371.48,1777035771000
1777035774.002,174.002,0.86,0.87,0.13,0.14,0.01,0.01,78371.67,1777035772000
1777035774.39,174.39,0.86,0.87,0.13,0.14,0.01,0.01,78371.67,1777035772000
1777035774.76,174.76,0.86,0.87,0.13,0.14,0.01,0.01,78371.68,1777035773000
1777035775.228,175.228,0.86,0.87,0.13,0.14,0.01,0.01,78371.68,1777035773000
1777035775.736,175.736,0.86,0.88,0.13,0.14,0.02,0.01,78374.51,1777035774000
1777035776.248,176.248,0.86,0.88,0.12,0.14,0.02,0.02,78371.63,1777035775000
1777035776.843,176.843,0.87,0.88,0.12,0.14,0.01,0.02,78371.63,1777035775000
1777035777.433,177.433,0.87,0.88,0.12,0.13,0.01,0.01,78371.63,1777035775000
1777035777.82,177.82,0.85,0.88,0.12,0.15,0.03,0.03,78371.23,1777035776000
1777035778.156,178.156,0.85,0.86,0.14,0.15,0.01,0.01,78371.23,1777035776000
1777035778.623,178.623,0.86,0.87,0.14,0.15,0.01,0.01,78371.23,1777035776000
1777035779.138,179.138,0.86,0.87,0.13,0.14,0.01,0.01,78370.85,1777035777000
1777035780.176,180.176,0.87,0.88,0.13,0.14,0.01,0.01,78370.83,1777035778000
1777035780.721,180.721,0.87,0.88,0.12,0.13,0.01,0.01,78370.83,1777035778000
1777035781.11,181.11,0.87,0.88,0.12,0.13,0.01,0.01,78370.9,1777035779000
1777035781.497,181.497,0.87,0.88,0.12,0.13,0.01,0.01,78373.69,1777035780000
1777035782.065,182.065,0.88,0.89,0.11,0.12,0.01,0.01,78373.69,1777035780000
1777035782.424,182.424,0.88,0.89,0.11,0.12,0.01,0.01,78371.55,1777035781000
1777035782.808,182.808,0.88,0.89,0.11,0.12,0.01,0.01,78371.55,1777035781000
1777035783.546,183.546,0.88,0.89,0.11,0.12,0.01,0.01,78371.55,1777035781000
1777035784.086,184.086,0.89,0.9,0.1,0.12,0.01,0.02,78374.41,1777035782000
1777035784.436,184.436,0.89,0.9,0.1,0.11,0.01,0.01,78378.91,1777035783000
1777035784.817,184.817,0.89,0.9,0.1,0.11,0.01,0.01,78378.91,1777035783000
1777035785.288,185.288,0.89,0.9,0.1,0.11,0.01,0.01,78381.31,1777035784000
1777035785.626,185.626,0.89,0.9,0.1,0.11,0.01,0.01,78381.31,1777035784000
1777035786.031,186.031,0.89,0.9,0.1,0.11,0.01,0.01,78381.31,1777035784000
1777035786.628,186.628,0.89,0.9,0.1,0.11,0.01,0.01,78381.31,1777035784000
1777035787.009,187.009,0.89,0.9,0.1,0.11,0.01,0.01,78381.31,1777035784000
1777035787.389,187.389,0.89,0.9,0.1,0.11,0.01,0.01,78380.29,1777035785000
1777035787.769,187.769,0.89,0.9,0.1,0.11,0.01,0.01,78380.6,1777035786000
1777035788.125,188.125,0.89,0.9,0.1,0.11,0.01,0.01,78380.6,1777035786000
1777035788.838,188.838,0.89,0.9,0.1,0.11,0.01,0.01,78378.14,1777035787000
1777035789.32,189.32,0.89,0.9,0.1,0.11,0.01,0.01,78373.98,1777035788000
1777035789.927,189.927,0.89,0.9,0.1,0.11,0.01,0.01,78373.98,1777035788000
1777035790.309,190.309,0.89,0.9,0.1,0.11,0.01,0.01,78373.74,1777035789000
1777035790.769,190.769,0.88,0.9,0.1,0.11,0.02,0.01,78373.74,1777035789000
1777035791.15,191.15,0.88,0.89,0.11,0.12,0.01,0.01,78373.74,1777035789000
1777035791.746,191.746,0.88,0.89,0.11,0.12,0.01,0.01,78370.66,1777035790000
1777035792.137,192.137,0.88,0.89,0.11,0.12,0.01,0.01,78370.66,1777035790000
1777035792.639,192.639,0.88,0.89,0.11,0.12,0.01,0.01,78368.47,1777035791000
1777035792.977,192.977,0.88,0.89,0.11,0.12,0.01,0.01,78368.43,1777035792000
1777035793.383,193.383,0.88,0.89,0.11,0.12,0.01,0.01,78368.43,1777035792000
1777035793.833,193.833,0.88,0.89,0.11,0.12,0.01,0.01,78368.43,1777035792000
1777035794.704,194.704,0.88,0.89,0.11,0.12,0.01,0.01,78367.5,1777035793000
1777035795.068,195.068,0.87,0.88,0.12,0.13,0.01,0.01,78366.21,1777035794000
1777035795.546,195.546,0.84,0.86,0.14,0.16,0.02,0.02,78366.21,1777035794000
1777035796.167,196.167,0.84,0.85,0.15,0.16,0.01,0.01,78363.9,1777035795000
1777035796.792,196.792,0.84,0.85,0.15,0.16,0.01,0.01,78363.9,1777035795000
1777035797.269,197.269,0.84,0.85,0.15,0.16,0.01,0.01,78354.17,1777035796000
1777035798.175,198.175,0.84,0.85,0.15,0.16,0.01,0.01,78354.17,1777035796000
1777035798.558,198.558,0.83,0.84,0.16,0.17,0.01,0.01,78351.98,1777035797000
1777035798.897,198.897,0.8,0.81,0.19,0.2,0.01,0.01,78351.98,1777035797000
1777035799.316,199.316,0.8,0.81,0.19,0.2,0.01,0.01,78351.98,1777035797000
1777035799.78,199.78,0.8,0.81,0.19,0.2,0.01,0.01,78346.93,1777035798000
1777035800.133,200.133,0.81,0.82,0.18,0.19,0.01,0.01,78341.89,1777035799000
1777035800.502,200.502,0.81,0.82,0.18,0.19,0.01,0.01,78341.89,1777035799000
1777035800.995,200.995,0.81,0.82,0.18,0.19,0.01,0.01,78341.89,1777035799000
1777035801.363,201.363,0.81,0.82,0.18,0.19,0.01,0.01,78343.85,1777035800000
1777035801.796,201.796,0.81,0.82,0.18,0.19,0.01,0.01,78343.85,1777035800000
1777035802.204,202.204,0.81,0.82,0.18,0.19,0.01,0.01,78343.85,1777035800000
1777035802.616,202.616,0.81,0.82,0.18,0.19,0.01,0.01,78347.06,1777035801000
1777035803.027,203.027,0.81,0.82,0.18,0.19,0.01,0.01,78347.06,1777035801000
1777035803.442,203.442,0.81,0.82,0.18,0.19,0.01,0.01,78341.43,1777035802000
1777035804.072,204.072,0.81,0.82,0.18,0.19,0.01,0.01,78341.43,1777035803000
1777035804.426,204.426,0.82,0.83,0.17,0.18,0.01,0.01,78341.43,1777035803000
1777035804.872,204.872,0.85,0.86,0.14,0.15,0.01,0.01,78341.43,1777035803000
1777035805.215,205.215,0.87,0.88,0.12,0.13,0.01,0.01,78341.43,1777035803000
1777035805.695,205.695,0.87,0.89,0.12,0.13,0.02,0.01,78341.42,1777035804000
1777035806.068,206.068,0.88,0.91,0.1,0.13,0.03,0.03,78342.93,1777035805000
1777035806.494,206.494,0.89,0.9,0.1,0.11,0.01,0.01,78342.93,1777035805000
1777035806.885,206.885,0.89,0.9,0.1,0.11,0.01,0.01,78353.59,1777035806000
1777035807.909,207.909,0.89,0.9,0.1,0.11,0.01,0.01,78353.59,1777035806000
1777035808.286,208.286,0.89,0.9,0.1,0.11,0.01,0.01,78365.48,1777035807000
1777035808.849,208.849,0.89,0.9,0.1,0.11,0.01,0.01,78365.48,1777035807000
1777035809.286,209.286,0.89,0.9,0.1,0.11,0.01,0.01,78364.24,1777035808000
1777035810.333,210.333,0.89,0.9,0.1,0.11,0.01,0.01,78367.17,1777035809000
1777035810.772,210.772,0.89,0.9,0.1,0.11,0.01,0.01,78367.17,1777035809000
1777035811.295,211.295,0.9,0.91,0.09,0.1,0.01,0.01,78364.49,1777035810000
1777035812.105,212.105,0.9,0.91,0.09,0.1,0.01,0.01,78364.49,1777035810000
1777035812.571,212.571,0.9,0.91,0.09,0.1,0.01,0.01,78365.93,1777035811000
1777035813.216,213.216,0.9,0.91,0.09,0.1,0.01,0.01,78365.93,1777035811000
1777035813.576,213.576,0.91,0.92,0.08,0.09,0.01,0.01,78362.46,1777035812000
1777035814.389,214.389,0.91,0.92,0.08,0.09,0.01,0.01,78362.46,1777035812000
1777035814.861,214.861,0.91,0.92,0.08,0.09,0.01,0.01,78361.91,1777035813000
1777035815.296,215.296,0.91,0.92,0.08,0.09,0.01,0.01,78361.91,1777035813000
1777035815.93,215.93,0.91,0.92,0.08,0.09,0.01,0.01,78361.84,1777035815000
1777035816.343,216.343,0.91,0.92,0.08,0.09,0.01,0.01,78361.84,1777035815000
1777035816.843,216.843,0.91,0.92,0.08,0.09,0.01,0.01,78361.84,1777035815000
1777035817.233,217.233,0.89,0.9,0.08,0.11,0.01,0.03,78364.46,1777035816000
1777035817.602,217.602,0.89,0.9,0.1,0.11,0.01,0.01,78364.46,1777035816000
1777035817.937,217.937,0.89,0.9,0.1,0.11,0.01,0.01,78364.46,1777035816000
1777035818.326,218.326,0.87,0.88,0.1,0.13,0.01,0.03,78362.75,1777035817000
1777035818.733,218.733,0.87,0.88,0.12,0.13,0.01,0.01,78362.75,1777035817000
1777035819.218,219.218,0.87,0.88,0.12,0.13,0.01,0.01,78362.75,1777035817000
1777035819.589,219.589,0.87,0.88,0.12,0.13,0.01,0.01,78365.1,1777035818000
1777035820.046,220.046,0.87,0.88,0.12,0.13,0.01,0.01,78365.1,1777035818000
1777035820.819,220.819,0.87,0.88,0.12,0.13,0.01,0.01,78365.28,1777035819000
1777035821.41,221.41,0.87,0.88,0.12,0.13,0.01,0.01,78364.74,1777035820000
1777035821.749,221.749,0.87,0.88,0.12,0.13,0.01,0.01,78364.74,1777035820000
1777035822.19,222.19,0.87,0.88,0.12,0.13,0.01,0.01,78363.59,1777035821000
1777035822.842,222.842,0.87,0.88,0.12,0.13,0.01,0.01,78363.59,1777035821000
1777035823.499,223.499,0.87,0.88,0.12,0.13,0.01,0.01,78359.71,1777035822000
1777035824.084,224.084,0.86,0.87,0.12,0.13,0.01,0.01,78359.71,1777035822000
1777035824.425,224.425,0.86,0.87,0.13,0.14,0.01,0.01,78359.35,1777035823000
1777035824.997,224.997,0.86,0.87,0.13,0.14,0.01,0.01,78359.35,1777035823000
1777035825.652,225.652,0.86,0.87,0.13,0.14,0.01,0.01,78360.53,1777035824000
1777035826.129,226.129,0.86,0.87,0.13,0.14,0.01,0.01,78360.53,1777035824000
1777035826.634,226.634,0.86,0.87,0.13,0.14,0.01,0.01,78359.35,1777035825000
1777035826.973,226.973,0.86,0.88,0.13,0.14,0.02,0.01,78359.35,1777035825000
1777035827.314,227.314,0.88,0.91,0.12,0.13,0.03,0.01,78359.35,1777035826000
1777035827.752,227.752,0.9,0.91,0.09,0.1,0.01,0.01,78359.35,1777035826000
1777035828.116,228.116,0.92,0.93,0.07,0.1,0.01,0.03,78359.35,1777035826000
1777035828.635,228.635,0.92,0.93,0.07,0.08,0.01,0.01,78359.35,1777035826000
1777035828.983,228.983,0.92,0.93,0.07,0.08,0.01,0.01,78360.81,1777035827000
1777035829.343,229.343,0.92,0.93,0.07,0.08,0.01,0.01,78360.81,1777035827000
1777035829.766,229.766,0.93,0.94,0.06,0.07,0.01,0.01,78363.79,1777035828000
1777035830.178,230.178,0.93,0.94,0.06,0.07,0.01,0.01,78363.79,1777035828000
1777035830.561,230.561,0.93,0.94,0.06,0.07,0.01,0.01,78367.65,1777035829000
1777035830.915,230.915,0.93,0.94,0.06,0.07,0.01,0.01,78367.65,1777035829000
1777035831.316,231.316,0.93,0.94,0.06,0.07,0.01,0.01,78372.82,1777035830000
1777035831.774,231.774,0.93,0.94,0.06,0.07,0.01,0.01,78372.82,1777035830000
1777035832.169,232.169,0.93,0.94,0.06,0.07,0.01,0.01,78372.82,1777035830000
1777035832.558,232.558,0.93,0.94,0.06,0.07,0.01,0.01,78372.82,1777035830000
1777035833.035,233.035,0.93,0.95,0.06,0.07,0.02,0.01,78372.82,1777035830000
1777035833.466,233.466,0.93,0.94,0.06,0.07,0.01,0.01,78373.16,1777035832000
1777035833.948,233.948,0.93,0.95,0.06,0.07,0.02,0.01,78373.16,1777035832000
1777035834.281,234.281,0.93,0.94,0.06,0.07,0.01,0.01,78372.4,1777035833000
1777035834.622,234.622,0.94,0.95,0.05,0.06,0.01,0.01,78372.4,1777035833000
1777035835.388,235.388,0.94,0.95,0.05,0.06,0.01,0.01,78373.77,1777035834000
1777035835.834,235.834,0.94,0.95,0.05,0.06,0.01,0.01,78373.77,1777035834000
1777035836.176,236.176,0.94,0.95,0.05,0.06,0.01,0.01,78373.77,1777035835000
1777035836.542,236.542,0.94,0.96,0.04,0.06,0.02,0.02,78373.77,1777035835000
1777035836.943,236.943,0.95,0.96,0.04,0.05,0.01,0.01,78373.77,1777035835000
1777035837.352,237.352,0.95,0.96,0.04,0.05,0.01,0.01,78377.55,1777035836000
1777035837.741,237.741,0.95,0.97,0.04,0.05,0.02,0.01,78377.55,1777035836000
1777035838.131,238.131,0.96,0.97,0.03,0.04,0.01,0.01,78377.55,1777035836000
1777035838.557,238.557,0.96,0.97,0.03,0.04,0.01,0.01,78386.87,1777035837000
1777035839.017,239.017,0.96,0.97,0.03,0.04,0.01,0.01,78386.87,1777035837000
1777035839.369,239.369,0.96,0.98,0.03,0.04,0.02,0.01,78386.87,1777035837000
1777035839.854,239.854,0.97,0.98,0.02,0.03,0.01,0.01,78388.85,1777035838000
1777035841.045,241.045,0.97,0.98,0.02,0.03,0.01,0.01,78388.85,1777035839000
1777035841.469,241.469,0.97,0.98,0.02,0.03,0.01,0.01,78392.63,1777035840000
1777035841.908,241.908,0.98,0.99,0.01,0.02,0.01,0.01,78392.63,1777035840000
1777035842.246,242.246,0.98,0.99,0.01,0.02,0.01,0.01,78392.63,1777035840000
1777035842.67,242.67,0.98,0.99,0.01,0.02,0.01,0.01,78394.14,1777035841000
1777035843.007,243.007,0.98,0.99,0.01,0.02,0.01,0.01,78394.14,1777035841000
1777035843.35,243.35,0.98,0.99,0.01,0.02,0.01,0.01,78394.14,1777035841000
1777035843.748,243.748,0.98,0.99,0.01,0.02,0.01,0.01,78398.53,1777035842000
1777035844.231,244.231,0.98,0.99,0.01,0.02,0.01,0.01,78398.53,1777035842000
1777035844.719,244.719,0.98,0.99,0.01,0.02,0.01,0.01,78397.96,1777035843000
1777035845.228,245.228,0.98,0.99,0.01,0.02,0.01,0.01,78397.96,1777035843000
1777035845.615,245.615,0.98,0.99,0.01,0.02,0.01,0.01,78397.71,1777035844000
1777035845.978,245.978,0.98,0.99,0.01,0.02,0.01,0.01,78397.71,1777035844000
1777035846.428,246.428,0.98,0.99,0.01,0.02,0.01,0.01,78395.68,1777035845000
1777035847.0,247.0,0.98,0.99,0.01,0.02,0.01,0.01,78395.68,1777035845000
1777035847.394,247.394,0.98,0.99,0.01,0.02,0.01,0.01,78395.68,1777035845000
1777035848.03,248.03,0.98,0.99,0.01,0.02,0.01,0.01,78391.59,1777035846000
1777035848.395,248.395,0.98,0.99,0.01,0.02,0.01,0.01,78388.74,1777035847000
1777035848.742,248.742,0.98,0.99,0.01,0.02,0.01,0.01,78388.74,1777035847000
1777035849.098,249.098,0.98,0.99,0.01,0.02,0.01,0.01,78388.74,1777035847000
1777035849.496,249.496,0.98,0.99,0.01,0.02,0.01,0.01,78388.74,1777035847000
1777035849.881,249.881,0.98,0.99,0.01,0.02,0.01,0.01,78388.16,1777035848000
1777035850.307,250.307,0.98,0.99,0.01,0.02,0.01,0.01,78383.01,1777035849000
1777035850.768,250.768,0.98,0.99,0.01,0.02,0.01,0.01,78383.01,1777035849000
1777035851.232,251.232,0.99,0.99,0.01,0.02,0.0,0.01,78383.01,1777035849000
1777035851.576,251.576,0.99,0.99,0.01,0.01,0.0,0.0,78383.01,1777035849000
1777035851.912,251.912,0.99,0.99,0.01,0.01,0.0,0.0,78380.92,1777035850000
1777035852.256,252.256,0.99,0.99,0.01,0.01,0.0,0.0,78380.92,1777035850000
1777035852.903,252.903,0.99,0.99,0.01,0.01,0.0,0.0,78377.46,1777035851000
1777035853.251,253.251,0.95,0.99,0.01,0.01,0.04,0.0,78377.46,1777035851000
1777035853.606,253.606,0.95,0.99,0.01,0.05,0.04,0.04,78374.57,1777035852000
1777035853.946,253.946,0.93,0.99,0.01,0.05,0.06,0.04,78374.57,1777035852000
1777035854.356,254.356,0.94,0.95,0.01,0.03,0.01,0.02,78374.57,1777035852000
1777035854.715,254.715,0.95,0.96,0.04,0.05,0.01,0.01,78374.57,1777035852000
1777035855.066,255.066,0.91,0.92,0.08,0.09,0.01,0.01,78373.76,1777035853000
1777035855.48,255.48,0.93,0.94,0.05,0.07,0.01,0.02,78373.76,1777035854000
1777035855.862,255.862,0.93,0.94,0.06,0.07,0.01,0.01,78373.76,1777035854000
1777035856.247,256.247,0.94,0.95,0.05,0.06,0.01,0.01,78373.76,1777035854000
1777035856.617,256.617,0.94,0.95,0.05,0.06,0.01,0.01,78373.76,1777035854000
1777035856.975,256.975,0.94,0.95,0.05,0.06,0.01,0.01,78372.38,1777035855000
1777035857.343,257.343,0.95,0.96,0.04,0.05,0.01,0.01,78372.38,1777035855000
1777035857.68,257.68,0.97,0.99,0.02,0.05,0.02,0.03,78372.38,1777035856000
1777035858.05,258.05,0.98,0.99,0.01,0.03,0.01,0.02,78372.38,1777035856000
1777035858.646,258.646,0.98,0.99,0.01,0.02,0.01,0.01,78372.59,1777035857000
1777035858.998,258.998,0.93,0.99,0.01,0.02,0.06,0.01,78372.59,1777035857000
1777035859.463,259.463,0.98,0.99,0.01,0.02,0.01,0.01,78372.59,1777035857000
1777035859.804,259.804,0.97,0.98,0.02,0.03,0.01,0.01,78372.59,1777035857000
1777035860.338,260.338,0.98,0.99,0.01,0.02,0.01,0.01,78373.29,1777035858000
1777035860.684,260.684,0.97,0.98,0.02,0.03,0.01,0.01,78373.29,1777035858000
1777035861.02,261.02,0.98,0.99,0.01,0.03,0.01,0.02,78376.49,1777035859000
1777035861.51,261.51,0.99,0.99,0.01,0.01,0.0,0.0,78376.49,1777035859000
1777035862.002,262.002,0.99,0.99,0.01,0.01,0.0,0.0,78379.33,1777035860000
1777035862.412,262.412,0.98,0.99,0.01,0.02,0.01,0.01,78376.46,1777035861000
1777035862.824,262.824,0.98,0.99,0.01,0.02,0.01,0.01,78376.46,1777035861000
1777035863.332,263.332,0.98,0.99,0.01,0.02,0.01,0.01,78376.46,1777035861000
1777035863.731,263.731,0.99,0.99,0.01,0.02,0.0,0.01,78376.26,1777035862000
1777035864.135,264.135,0.99,0.99,0.01,0.01,0.0,0.0,78376.26,1777035863000
1777035864.62,264.62,0.99,0.99,0.01,0.01,0.0,0.0,78376.26,1777035863000
1777035865.157,265.157,0.99,0.99,0.01,0.01,0.0,0.0,78376.26,1777035863000
1777035865.638,265.638,0.99,0.99,0.01,0.01,0.0,0.0,78375.73,1777035864000
1777035867.162,267.162,0.99,0.99,0.01,0.01,0.0,0.0,78375.21,1777035866000
1777035867.631,267.631,0.99,0.99,0.01,0.01,0.0,0.0,78375.21,1777035866000
1777035868.273,268.273,0.99,0.99,0.01,0.01,0.0,0.0,78376.41,1777035867000
1777035868.627,268.627,0.99,0.99,0.01,0.01,0.0,0.0,78376.41,1777035867000
1777035869.198,269.198,0.99,0.99,0.01,0.01,0.0,0.0,78376.41,1777035867000
1777035869.588,269.588,0.99,0.99,0.01,0.01,0.0,0.0,78376.68,1777035868000
1777035869.953,269.953,0.99,0.99,0.01,0.01,0.0,0.0,78375.19,1777035869000
1777035870.905,270.905,0.99,0.99,0.01,0.01,0.0,0.0,78375.19,1777035869000
1777035871.311,271.311,0.99,0.99,0.01,0.01,0.0,0.0,78377.64,1777035870000
1777035871.952,271.952,0.99,0.99,0.01,0.01,0.0,0.0,78377.64,1777035870000
1777035873.173,273.173,0.99,0.99,0.01,0.01,0.0,0.0,78377.33,1777035871000
1777035874.067,274.067,0.99,0.99,0.01,0.01,0.0,0.0,78379.67,1777035872000
1777035874.533,274.533,0.99,0.99,0.01,0.01,0.0,0.0,78377.04,1777035873000
1777035874.916,274.916,0.99,0.99,0.01,0.01,0.0,0.0,78376.72,1777035874000
1777035876.047,276.047,0.99,0.99,0.01,0.01,0.0,0.0,78373.48,1777035875000
1777035876.582,276.582,0.99,0.99,0.01,0.01,0.0,0.0,78373.48,1777035875000
1777035877.141,277.141,0.99,0.99,0.01,0.01,0.0,0.0,78372.58,1777035876000
1777035878.341,278.341,0.99,0.99,0.01,0.01,0.0,0.0,78371.41,1777035877000
1777035879.406,279.406,0.99,0.99,0.01,0.01,0.0,0.0,78370.6,1777035878000
1777035880.019,280.019,0.99,0.99,0.01,0.01,0.0,0.0,78370.1,1777035879000
1777035881.106,281.106,0.99,0.99,0.01,0.01,0.0,0.0,78369.45,1777035880000
1777035881.561,281.561,0.99,0.99,0.01,0.01,0.0,0.0,78369.45,1777035880000
1777035881.939,281.939,0.97,0.98,0.02,0.03,0.01,0.01,78369.45,1777035880000
1777035882.283,282.283,0.97,0.99,0.01,0.03,0.02,0.02,78365.08,1777035881000
1777035882.649,282.649,0.98,0.99,0.01,0.02,0.01,0.01,78365.08,1777035881000
1777035883.352,283.352,0.98,0.99,0.01,0.02,0.01,0.01,78369.58,1777035882000
1777035884.349,284.349,0.98,0.99,0.01,0.02,0.01,0.01,78375.01,1777035883000
1777035885.412,285.412,0.99,0.99,0.01,0.02,0.0,0.01,78375.01,1777035883000
1777035886.176,286.176,0.99,0.99,0.01,0.01,0.0,0.0,78378.29,1777035885000
1777035886.883,286.883,0.99,0.99,0.01,0.01,0.0,0.0,78378.29,1777035885000
1777035887.391,287.391,0.99,0.99,0.01,0.01,0.0,0.0,78378.93,1777035886000
1777035888.454,288.454,0.99,0.99,0.01,0.01,0.0,0.0,78378.93,1777035886000
1777035889.113,289.113,0.99,0.99,0.01,0.01,0.0,0.0,78378.87,1777035887000
1777035889.643,289.643,0.99,0.99,0.01,0.01,0.0,0.0,78378.87,1777035888000
1777035890.334,290.334,0.99,0.99,0.01,0.01,0.0,0.0,78378.12,1777035889000
1777035891.348,291.348,0.99,0.99,0.01,0.01,0.0,0.0,78377.95,1777035890000
1777035892.493,292.493,0.99,0.99,0.01,0.01,0.0,0.0,78376.2,1777035891000
1777035893.549,293.549,0.99,0.99,0.01,0.01,0.0,0.0,78378.53,1777035892000
1777035894.092,294.092,0.99,0.99,0.01,0.01,0.0,0.0,78378.74,1777035893000
1777035895.229,295.229,0.99,0.99,0.01,0.01,0.0,0.0,78378.23,1777035894000
1777035896.197,296.197,0.99,0.99,0.01,0.01,0.0,0.0,78378.89,1777035895000
1777035897.19,297.19,0.99,0.99,0.01,0.01,0.0,0.0,78378.89,1777035895000
1777035898.032,298.032,0.99,0.99,0.01,0.01,0.0,0.0,78378.91,1777035896000
1777035899.257,299.257,0.99,0.99,0.01,0.01,0.0,0.0,78376.22,1777035898000
1777035900.326,300.326,0.99,0.99,0.01,0.01,0.0,0.0,78376.22,1777035898000
1777035900.75,300.75,0.99,0.99,0.01,0.01,0.0,0.0,78376.22,1777035899000

# RESULT,winner=Up,slug=btc-updown-5m-1777035600,ticks=642
