timestamp,elapsed_sec,up_bid,up_ask,down_bid,down_ask,up_spread,down_spread,btc_price
1775859000.607,0.607,0.53,0.54,0.46,0.48,0.01,0.02,73161.94
1775859000.958,0.958,0.53,0.54,0.46,0.47,0.01,0.01,73160.3
1775859001.671,1.671,0.53,0.54,0.46,0.47,0.01,0.01,73160.3
1775859002.078,2.078,0.53,0.54,0.46,0.47,0.01,0.01,73160.3
1775859002.482,2.482,0.52,0.53,0.46,0.48,0.01,0.02,73158.53
1775859002.883,2.883,0.52,0.54,0.46,0.47,0.02,0.01,73158.53
1775859003.398,3.398,0.52,0.53,0.46,0.49,0.01,0.03,73164.42
1775859004.127,4.127,0.52,0.53,0.46,0.48,0.01,0.02,73164.42
1775859004.46,4.46,0.52,0.55,0.45,0.48,0.03,0.03,73164.65
1775859004.816,4.816,0.51,0.55,0.45,0.46,0.04,0.01,73164.65
1775859005.15,5.15,0.54,0.55,0.45,0.46,0.01,0.01,73164.65
1775859005.483,5.483,0.54,0.55,0.45,0.46,0.01,0.01,73164.66
1775859005.833,5.833,0.54,0.55,0.45,0.46,0.01,0.01,73164.66
1775859006.179,6.179,0.54,0.55,0.45,0.46,0.01,0.01,73166.88
1775859006.535,6.535,0.54,0.55,0.45,0.46,0.01,0.01,73166.88
1775859006.987,6.987,0.54,0.55,0.45,0.46,0.01,0.01,73166.88
1775859007.371,7.371,0.54,0.55,0.45,0.46,0.01,0.01,73167.22
1775859007.705,7.705,0.55,0.57,0.43,0.45,0.02,0.02,73167.22
1775859008.066,8.066,0.57,0.58,0.42,0.43,0.01,0.01,73167.22
1775859008.421,8.421,0.57,0.58,0.42,0.43,0.01,0.01,73175.58
1775859008.763,8.763,0.57,0.58,0.42,0.43,0.01,0.01,73175.58
1775859009.352,9.352,0.57,0.58,0.42,0.43,0.01,0.01,73176.39
1775859009.965,9.965,0.57,0.58,0.42,0.43,0.01,0.01,73176.39
1775859010.429,10.429,0.57,0.58,0.42,0.43,0.01,0.01,73176.13
1775859010.822,10.822,0.57,0.6,0.4,0.43,0.03,0.03,73176.13
1775859011.309,11.309,0.59,0.6,0.4,0.41,0.01,0.01,73176.12
1775859011.82,11.82,0.59,0.6,0.4,0.41,0.01,0.01,73176.12
1775859012.177,12.177,0.6,0.61,0.39,0.4,0.01,0.01,73176.12
1775859012.53,12.53,0.6,0.61,0.39,0.4,0.01,0.01,73176.12
1775859012.975,12.975,0.6,0.61,0.39,0.4,0.01,0.01,73176.11
1775859013.326,13.326,0.6,0.61,0.39,0.4,0.01,0.01,73176.5
1775859013.733,13.733,0.61,0.62,0.38,0.39,0.01,0.01,73176.5
1775859014.147,14.147,0.61,0.62,0.38,0.39,0.01,0.01,73176.85
1775859014.5,14.5,0.61,0.62,0.38,0.39,0.01,0.01,73176.85
1775859014.986,14.986,0.61,0.62,0.38,0.39,0.01,0.01,73176.85
1775859015.403,15.403,0.61,0.62,0.38,0.39,0.01,0.01,73177.53
1775859015.925,15.925,0.61,0.62,0.38,0.39,0.01,0.01,73177.53
1775859016.75,16.75,0.61,0.62,0.38,0.39,0.01,0.01,73177.53
1775859017.205,17.205,0.61,0.62,0.38,0.39,0.01,0.01,73178.24
1775859017.588,17.588,0.61,0.62,0.38,0.39,0.01,0.01,73178.24
1775859018.014,18.014,0.61,0.62,0.38,0.39,0.01,0.01,73178.23
1775859018.642,18.642,0.61,0.62,0.38,0.39,0.01,0.01,73178.23
1775859019.066,19.066,0.61,0.62,0.38,0.39,0.01,0.01,73178.23
1775859019.43,19.43,0.61,0.63,0.37,0.38,0.02,0.01,73178.23
1775859019.773,19.773,0.65,0.66,0.34,0.35,0.01,0.01,73178.23
1775859020.2,20.2,0.65,0.66,0.34,0.36,0.01,0.02,73179.03
1775859020.913,20.913,0.65,0.66,0.34,0.35,0.01,0.01,73179.9
1775859021.254,21.254,0.65,0.66,0.34,0.35,0.01,0.01,73179.9
1775859021.596,21.596,0.64,0.65,0.35,0.36,0.01,0.01,73179.9
1775859021.992,21.992,0.64,0.65,0.35,0.36,0.01,0.01,73179.9
1775859022.374,22.374,0.64,0.65,0.35,0.36,0.01,0.01,73180.26
1775859022.787,22.787,0.64,0.65,0.35,0.36,0.01,0.01,73180.26
1775859023.136,23.136,0.63,0.64,0.35,0.37,0.01,0.02,73180.26
1775859023.798,23.798,0.63,0.64,0.36,0.37,0.01,0.01,73180.27
1775859024.206,24.206,0.63,0.64,0.36,0.37,0.01,0.01,73180.26
1775859024.744,24.744,0.63,0.64,0.36,0.37,0.01,0.01,73180.26
1775859025.193,25.193,0.63,0.64,0.36,0.37,0.01,0.01,73180.26
1775859025.811,25.811,0.63,0.64,0.36,0.37,0.01,0.01,73179.94
1775859026.384,26.384,0.63,0.64,0.36,0.37,0.01,0.01,73179.94
1775859026.81,26.81,0.63,0.65,0.36,0.37,0.02,0.01,73179.94
1775859027.505,27.505,0.62,0.63,0.36,0.38,0.01,0.02,73179.94
1775859028.066,28.066,0.62,0.63,0.37,0.38,0.01,0.01,73179.95
1775859028.548,28.548,0.62,0.63,0.37,0.38,0.01,0.01,73179.95
1775859028.954,28.954,0.63,0.64,0.36,0.37,0.01,0.01,73179.95
1775859029.466,29.466,0.63,0.64,0.36,0.37,0.01,0.01,73179.95
1775859029.91,29.91,0.63,0.64,0.36,0.37,0.01,0.01,73179.95
1775859030.279,30.279,0.63,0.65,0.36,0.37,0.02,0.01,73179.95
1775859030.759,30.759,0.64,0.65,0.35,0.36,0.01,0.01,73180.09
1775859031.203,31.203,0.64,0.65,0.35,0.36,0.01,0.01,73180.09
1775859031.536,31.536,0.64,0.65,0.35,0.36,0.01,0.01,73180.25
1775859031.945,31.945,0.64,0.65,0.35,0.36,0.01,0.01,73180.24
1775859032.284,32.284,0.64,0.65,0.35,0.36,0.01,0.01,73180.24
1775859032.623,32.623,0.64,0.65,0.35,0.36,0.01,0.01,73180.24
1775859033.009,33.009,0.64,0.65,0.35,0.36,0.01,0.01,73180.02
1775859033.535,33.535,0.63,0.64,0.35,0.37,0.01,0.02,73180.02
1775859034.109,34.109,0.63,0.64,0.36,0.37,0.01,0.01,73180.04
1775859034.504,34.504,0.63,0.64,0.36,0.37,0.01,0.01,73180.04
1775859035.32,35.32,0.63,0.64,0.36,0.37,0.01,0.01,73180.27
1775859036.128,36.128,0.64,0.65,0.35,0.37,0.01,0.02,73180.27
1775859036.651,36.651,0.64,0.65,0.35,0.36,0.01,0.01,73178.95
1775859037.164,37.164,0.63,0.64,0.35,0.37,0.01,0.02,73178.95
1775859037.518,37.518,0.63,0.64,0.36,0.37,0.01,0.01,73180.23
1775859037.961,37.961,0.63,0.64,0.36,0.37,0.01,0.01,73180.23
1775859038.371,38.371,0.63,0.64,0.36,0.37,0.01,0.01,73180.23
1775859038.801,38.801,0.63,0.64,0.36,0.37,0.01,0.01,73180.0
1775859039.283,39.283,0.63,0.65,0.36,0.37,0.02,0.01,73180.0
1775859039.693,39.693,0.64,0.65,0.35,0.36,0.01,0.01,73180.47
1775859040.244,40.244,0.64,0.65,0.35,0.36,0.01,0.01,73180.7
1775859040.898,40.898,0.64,0.65,0.35,0.36,0.01,0.01,73180.7
1775859041.39,41.39,0.64,0.65,0.35,0.36,0.01,0.01,73181.5
1775859041.97,41.97,0.64,0.65,0.35,0.36,0.01,0.01,73181.5
1775859042.39,42.39,0.65,0.66,0.34,0.36,0.01,0.02,73181.58
1775859042.729,42.729,0.65,0.66,0.34,0.35,0.01,0.01,73181.58
1775859043.122,43.122,0.65,0.66,0.34,0.35,0.01,0.01,73181.58
1775859044.477,44.477,0.65,0.66,0.34,0.41,0.01,0.07,73181.4
1775859045.139,45.139,0.64,0.66,0.34,0.35,0.02,0.01,73181.61
1775859045.493,45.493,0.64,0.65,0.35,0.36,0.01,0.01,73181.61
1775859045.844,45.844,0.64,0.65,0.35,0.36,0.01,0.01,73181.61
1775859046.331,46.331,0.63,0.64,0.36,0.37,0.01,0.01,73181.37
1775859046.76,46.76,0.63,0.64,0.36,0.37,0.01,0.01,73181.37
1775859047.211,47.211,0.62,0.63,0.37,0.4,0.01,0.03,73181.32
1775859047.738,47.738,0.62,0.63,0.37,0.38,0.01,0.01,73181.32
1775859048.144,48.144,0.62,0.63,0.37,0.38,0.01,0.01,73181.32
1775859048.603,48.603,0.62,0.63,0.37,0.38,0.01,0.01,73181.32
1775859049.036,49.036,0.61,0.63,0.37,0.38,0.02,0.01,73181.28
1775859049.878,49.878,0.61,0.62,0.38,0.39,0.01,0.01,73181.28
1775859050.243,50.243,0.6,0.61,0.39,0.4,0.01,0.01,73181.28
1775859050.593,50.593,0.6,0.61,0.39,0.4,0.01,0.01,73181.28
1775859051.129,51.129,0.6,0.61,0.39,0.4,0.01,0.01,73181.28
1775859051.483,51.483,0.6,0.61,0.39,0.4,0.01,0.01,73181.28
1775859052.547,52.547,0.6,0.61,0.39,0.4,0.01,0.01,73181.04
1775859052.975,52.975,0.6,0.61,0.39,0.4,0.01,0.01,73181.04
1775859053.332,53.332,0.6,0.61,0.39,0.4,0.01,0.01,73181.04
1775859053.842,53.842,0.6,0.61,0.39,0.4,0.01,0.01,73181.03
1775859054.224,54.224,0.6,0.61,0.39,0.4,0.01,0.01,73181.29
1775859054.6,54.6,0.6,0.61,0.39,0.4,0.01,0.01,73181.29
1775859055.103,55.103,0.6,0.61,0.39,0.4,0.01,0.01,73181.05
1775859055.837,55.837,0.6,0.61,0.39,0.4,0.01,0.01,73181.05
1775859056.182,56.182,0.6,0.61,0.39,0.4,0.01,0.01,73181.18
1775859056.795,56.795,0.61,0.62,0.39,0.4,0.01,0.01,73181.18
1775859057.273,57.273,0.61,0.62,0.38,0.39,0.01,0.01,73181.28
1775859058.225,58.225,0.61,0.62,0.38,0.39,0.01,0.01,73181.25
1775859058.908,58.908,0.61,0.62,0.38,0.39,0.01,0.01,73181.25
1775859059.414,59.414,0.61,0.62,0.38,0.39,0.01,0.01,73181.4
1775859059.857,59.857,0.61,0.62,0.38,0.39,0.01,0.01,73181.4
1775859060.264,60.264,0.61,0.62,0.38,0.39,0.01,0.01,73181.44
1775859060.644,60.644,0.61,0.62,0.38,0.39,0.01,0.01,73181.44
1775859061.027,61.027,0.61,0.64,0.38,0.39,0.03,0.01,73181.44
1775859061.397,61.397,0.71,0.72,0.28,0.3,0.01,0.02,73181.44
1775859061.769,61.769,0.7,0.73,0.27,0.29,0.03,0.02,73181.69
1775859062.232,62.232,0.72,0.73,0.27,0.29,0.01,0.02,73181.69
1775859062.667,62.667,0.72,0.73,0.27,0.28,0.01,0.01,73181.69
1775859063.336,63.336,0.72,0.73,0.27,0.28,0.01,0.01,73187.65
1775859063.675,63.675,0.72,0.73,0.27,0.28,0.01,0.01,73187.65
1775859064.043,64.043,0.72,0.73,0.27,0.28,0.01,0.01,73187.65
1775859064.509,64.509,0.72,0.73,0.27,0.28,0.01,0.01,73193.35
1775859064.951,64.951,0.72,0.73,0.27,0.28,0.01,0.01,73193.35
1775859065.401,65.401,0.72,0.73,0.27,0.29,0.01,0.02,73193.35
1775859065.742,65.742,0.72,0.73,0.27,0.28,0.01,0.01,73193.94
1775859066.448,66.448,0.71,0.72,0.28,0.29,0.01,0.01,73194.11
1775859066.793,66.793,0.71,0.72,0.28,0.29,0.01,0.01,73194.11
1775859067.202,67.202,0.71,0.72,0.28,0.29,0.01,0.01,73194.11
1775859067.762,67.762,0.71,0.72,0.28,0.29,0.01,0.01,73194.2
1775859068.141,68.141,0.71,0.72,0.28,0.29,0.01,0.01,73194.2
1775859068.516,68.516,0.69,0.7,0.3,0.31,0.01,0.01,73194.2
1775859068.875,68.875,0.69,0.7,0.3,0.31,0.01,0.01,73194.2
1775859069.222,69.222,0.69,0.7,0.3,0.31,0.01,0.01,73194.01
1775859069.698,69.698,0.69,0.7,0.3,0.31,0.01,0.01,73194.01
1775859070.2,70.2,0.69,0.7,0.3,0.31,0.01,0.01,73193.68
1775859070.612,70.612,0.69,0.7,0.3,0.31,0.01,0.01,73193.68
1775859070.986,70.986,0.69,0.71,0.3,0.31,0.02,0.01,73193.68
1775859071.398,71.398,0.69,0.7,0.29,0.31,0.01,0.02,73193.33
1775859071.783,71.783,0.69,0.7,0.3,0.31,0.01,0.01,73193.33
1775859072.237,72.237,0.69,0.7,0.3,0.31,0.01,0.01,73193.58
1775859072.58,72.58,0.69,0.7,0.3,0.31,0.01,0.01,73193.58
1775859072.925,72.925,0.69,0.7,0.3,0.31,0.01,0.01,73193.58
1775859073.563,73.563,0.69,0.7,0.3,0.31,0.01,0.01,73193.59
1775859074.352,74.352,0.69,0.7,0.3,0.31,0.01,0.01,73193.52
1775859074.743,74.743,0.66,0.67,0.3,0.34,0.01,0.04,73193.52
1775859075.175,75.175,0.65,0.67,0.33,0.34,0.02,0.01,73193.52
1775859075.677,75.677,0.65,0.66,0.34,0.35,0.01,0.01,73193.52
1775859076.025,76.025,0.65,0.66,0.34,0.35,0.01,0.01,73193.14
1775859076.374,76.374,0.65,0.66,0.34,0.35,0.01,0.01,73193.14
1775859076.986,76.986,0.66,0.67,0.33,0.34,0.01,0.01,73191.84
1775859077.34,77.34,0.66,0.67,0.33,0.34,0.01,0.01,73191.84
1775859078.759,78.759,0.66,0.67,0.33,0.34,0.01,0.01,73191.84
1775859079.689,79.689,0.66,0.67,0.33,0.34,0.01,0.01,73190.83
1775859080.342,80.342,0.66,0.67,0.33,0.34,0.01,0.01,73190.81
1775859080.885,80.885,0.66,0.67,0.33,0.34,0.01,0.01,73190.81
1775859081.449,81.449,0.66,0.67,0.33,0.34,0.01,0.01,73190.81
1775859081.879,81.879,0.66,0.67,0.33,0.34,0.01,0.01,73190.33
1775859082.234,82.234,0.66,0.67,0.33,0.34,0.01,0.01,73190.33
1775859082.712,82.712,0.67,0.68,0.32,0.34,0.01,0.02,73190.34
1775859083.272,83.272,0.67,0.68,0.32,0.33,0.01,0.01,73190.34
1775859083.661,83.661,0.67,0.68,0.32,0.33,0.01,0.01,73190.25
1775859084.679,84.679,0.67,0.68,0.32,0.33,0.01,0.01,73190.01
1775859085.954,85.954,0.67,0.68,0.32,0.33,0.01,0.01,73189.97
1775859086.491,86.491,0.67,0.68,0.32,0.33,0.01,0.01,73189.96
1775859086.901,86.901,0.67,0.68,0.32,0.33,0.01,0.01,73189.96
1775859087.316,87.316,0.67,0.68,0.32,0.33,0.01,0.01,73189.96
1775859087.687,87.687,0.67,0.69,0.32,0.33,0.02,0.01,73189.23
1775859088.046,88.046,0.68,0.69,0.31,0.32,0.01,0.01,73189.23
1775859088.774,88.774,0.68,0.69,0.31,0.32,0.01,0.01,73189.96
1775859089.149,89.149,0.68,0.69,0.31,0.32,0.01,0.01,73189.96
1775859089.588,89.588,0.68,0.69,0.31,0.32,0.01,0.01,73190.25
1775859090.013,90.013,0.68,0.69,0.31,0.32,0.01,0.01,73190.25
1775859090.518,90.518,0.68,0.69,0.31,0.32,0.01,0.01,73190.24
1775859090.979,90.979,0.68,0.69,0.31,0.32,0.01,0.01,73190.24
1775859091.573,91.573,0.68,0.69,0.31,0.32,0.01,0.01,73190.46
1775859091.957,91.957,0.68,0.69,0.31,0.32,0.01,0.01,73190.46
1775859092.316,92.316,0.68,0.69,0.31,0.32,0.01,0.01,73190.46
1775859092.669,92.669,0.62,0.63,0.37,0.38,0.01,0.01,73190.25
1775859093.031,93.031,0.62,0.63,0.37,0.38,0.01,0.01,73190.25
1775859093.416,93.416,0.62,0.63,0.37,0.38,0.01,0.01,73190.48
1775859094.202,94.202,0.62,0.63,0.37,0.38,0.01,0.01,73190.48
1775859094.601,94.601,0.62,0.64,0.37,0.38,0.02,0.01,73188.15
1775859094.952,94.952,0.63,0.64,0.36,0.37,0.01,0.01,73188.15
1775859095.364,95.364,0.63,0.64,0.36,0.37,0.01,0.01,73188.15
1775859096.209,96.209,0.62,0.63,0.37,0.38,0.01,0.01,73185.94
1775859096.902,96.902,0.62,0.63,0.37,0.38,0.01,0.01,73185.42
1775859097.501,97.501,0.63,0.64,0.36,0.37,0.01,0.01,73185.42
1775859097.994,97.994,0.63,0.64,0.36,0.37,0.01,0.01,73184.98
1775859098.354,98.354,0.62,0.63,0.36,0.38,0.01,0.02,73184.98
1775859098.881,98.881,0.62,0.63,0.37,0.38,0.01,0.01,73184.98
1775859099.223,99.223,0.64,0.65,0.35,0.38,0.01,0.03,73184.67
1775859099.763,99.763,0.63,0.64,0.35,0.36,0.01,0.01,73184.67
1775859100.391,100.391,0.61,0.64,0.36,0.37,0.03,0.01,73184.94
1775859100.725,100.725,0.61,0.62,0.38,0.39,0.01,0.01,73184.94
1775859101.073,101.073,0.58,0.6,0.4,0.41,0.02,0.01,73184.88
1775859101.542,101.542,0.58,0.59,0.41,0.42,0.01,0.01,73184.88
1775859102.143,102.143,0.58,0.59,0.41,0.42,0.01,0.01,73184.94
1775859102.482,102.482,0.59,0.6,0.4,0.41,0.01,0.01,73184.94
1775859102.855,102.855,0.59,0.6,0.4,0.41,0.01,0.01,73184.94
1775859103.543,103.543,0.59,0.6,0.4,0.42,0.01,0.02,73182.15
1775859103.903,103.903,0.59,0.6,0.4,0.41,0.01,0.01,73180.76
1775859104.453,104.453,0.6,0.61,0.39,0.4,0.01,0.01,73180.76
1775859104.978,104.978,0.6,0.61,0.39,0.4,0.01,0.01,73180.76
1775859105.599,105.599,0.59,0.61,0.39,0.4,0.02,0.01,73180.88
1775859105.95,105.95,0.61,0.62,0.38,0.41,0.01,0.03,73180.4
1775859106.848,106.848,0.6,0.61,0.39,0.4,0.01,0.01,73180.4
1775859107.249,107.249,0.6,0.61,0.39,0.4,0.01,0.01,73180.4
1775859107.928,107.928,0.6,0.61,0.39,0.4,0.01,0.01,73180.4
1775859108.508,108.508,0.55,0.62,0.38,0.39,0.07,0.01,73180.46
1775859108.914,108.914,0.56,0.57,0.39,0.44,0.01,0.05,73180.46
1775859109.248,109.248,0.56,0.57,0.43,0.44,0.01,0.01,73180.46
1775859109.88,109.88,0.55,0.56,0.44,0.45,0.01,0.01,73180.46
1775859110.295,110.295,0.55,0.56,0.44,0.45,0.01,0.01,73180.46
1775859111.58,111.58,0.55,0.56,0.44,0.45,0.01,0.01,73179.6
1775859111.913,111.913,0.52,0.53,0.44,0.47,0.01,0.03,73179.6
1775859112.447,112.447,0.51,0.56,0.47,0.48,0.05,0.01,73179.54
1775859112.93,112.93,0.51,0.52,0.48,0.49,0.01,0.01,73179.54
1775859113.414,113.414,0.51,0.52,0.48,0.49,0.01,0.01,73179.54
1775859113.753,113.753,0.51,0.52,0.48,0.5,0.01,0.02,73172.77
1775859114.143,114.143,0.51,0.52,0.48,0.49,0.01,0.01,73172.77
1775859114.555,114.555,0.51,0.52,0.48,0.49,0.01,0.01,73172.26
1775859115.022,115.022,0.51,0.52,0.48,0.49,0.01,0.01,73172.26
1775859115.442,115.442,0.51,0.52,0.48,0.49,0.01,0.01,73172.26
1775859115.81,115.81,0.51,0.52,0.48,0.49,0.01,0.01,73172.41
1775859116.837,116.837,0.52,0.53,0.47,0.49,0.01,0.02,73172.51
1775859117.214,117.214,0.47,0.5,0.5,0.51,0.03,0.01,73172.51
1775859117.612,117.612,0.48,0.49,0.5,0.51,0.01,0.01,73172.69
1775859117.956,117.956,0.48,0.49,0.51,0.52,0.01,0.01,73172.69
1775859118.297,118.297,0.48,0.49,0.51,0.52,0.01,0.01,73172.69
1775859118.646,118.646,0.49,0.5,0.5,0.51,0.01,0.01,73172.62
1775859118.988,118.988,0.49,0.5,0.5,0.51,0.01,0.01,73172.62
1775859119.513,119.513,0.5,0.51,0.49,0.5,0.01,0.01,73172.62
1775859120.023,120.023,0.5,0.51,0.49,0.5,0.01,0.01,73166.97
1775859120.454,120.454,0.51,0.52,0.48,0.5,0.01,0.02,73166.97
1775859120.844,120.844,0.51,0.52,0.49,0.5,0.01,0.01,73166.97
1775859121.197,121.197,0.51,0.52,0.48,0.49,0.01,0.01,73167.6
1775859121.62,121.62,0.51,0.52,0.48,0.49,0.01,0.01,73167.6
1775859122.345,122.345,0.51,0.52,0.47,0.49,0.01,0.02,73167.6
1775859122.983,122.983,0.5,0.52,0.48,0.49,0.02,0.01,73167.66
1775859123.456,123.456,0.51,0.53,0.48,0.49,0.02,0.01,73167.35
1775859123.8,123.8,0.5,0.51,0.47,0.49,0.01,0.02,73167.35
1775859124.164,124.164,0.47,0.48,0.52,0.53,0.01,0.01,73167.35
1775859124.51,124.51,0.47,0.48,0.52,0.53,0.01,0.01,73167.35
1775859125.058,125.058,0.46,0.47,0.53,0.54,0.01,0.01,73167.15
1775859125.791,125.791,0.46,0.47,0.53,0.54,0.01,0.01,73166.92
1775859126.479,126.479,0.46,0.47,0.53,0.54,0.01,0.01,73166.92
1775859126.98,126.98,0.45,0.47,0.53,0.54,0.02,0.01,73164.39
1775859127.423,127.423,0.45,0.46,0.54,0.55,0.01,0.01,73164.39
1775859128.333,128.333,0.45,0.46,0.54,0.55,0.01,0.01,73164.38
1775859128.82,128.82,0.45,0.46,0.54,0.55,0.01,0.01,73164.38
1775859129.53,129.53,0.45,0.46,0.54,0.55,0.01,0.01,73164.08
1775859130.053,130.053,0.46,0.47,0.53,0.55,0.01,0.02,73161.69
1775859130.404,130.404,0.45,0.46,0.54,0.55,0.01,0.01,73161.69
1775859130.818,130.818,0.46,0.47,0.51,0.55,0.01,0.04,73161.69
1775859131.263,131.263,0.46,0.47,0.53,0.54,0.01,0.01,73161.43
1775859131.686,131.686,0.46,0.47,0.53,0.54,0.01,0.01,73161.43
1775859132.024,132.024,0.46,0.47,0.53,0.54,0.01,0.01,73161.43
1775859132.451,132.451,0.46,0.47,0.53,0.54,0.01,0.01,73160.69
1775859132.793,132.793,0.47,0.49,0.51,0.53,0.02,0.02,73160.69
1775859133.16,133.16,0.49,0.5,0.5,0.51,0.01,0.01,73160.69
1775859133.865,133.865,0.49,0.5,0.5,0.51,0.01,0.01,73160.69
1775859134.221,134.221,0.49,0.5,0.5,0.52,0.01,0.02,73160.93
1775859134.569,134.569,0.49,0.5,0.5,0.51,0.01,0.01,73160.93
1775859134.95,134.95,0.49,0.5,0.5,0.51,0.01,0.01,73160.93
1775859135.468,135.468,0.49,0.5,0.5,0.51,0.01,0.01,73163.69
1775859135.812,135.812,0.59,0.6,0.41,0.45,0.01,0.04,73163.69
1775859136.206,136.206,0.61,0.62,0.36,0.39,0.01,0.03,73163.69
1775859136.55,136.55,0.61,0.62,0.38,0.39,0.01,0.01,73163.7
1775859136.917,136.917,0.61,0.62,0.38,0.39,0.01,0.01,73163.7
1775859137.273,137.273,0.62,0.63,0.37,0.38,0.01,0.01,73163.94
1775859137.679,137.679,0.62,0.63,0.37,0.38,0.01,0.01,73163.94
1775859138.184,138.184,0.62,0.63,0.37,0.38,0.01,0.01,73171.55
1775859138.789,138.789,0.62,0.63,0.37,0.38,0.01,0.01,73171.55
1775859139.185,139.185,0.56,0.59,0.4,0.43,0.03,0.03,73171.55
1775859139.852,139.852,0.55,0.56,0.41,0.46,0.01,0.05,73173.2
1775859140.196,140.196,0.55,0.56,0.44,0.45,0.01,0.01,73173.2
1775859140.591,140.591,0.55,0.56,0.44,0.45,0.01,0.01,73173.2
1775859140.946,140.946,0.55,0.56,0.44,0.45,0.01,0.01,73173.2
1775859142.008,142.008,0.55,0.56,0.44,0.45,0.01,0.01,73171.29
1775859142.428,142.428,0.55,0.56,0.44,0.45,0.01,0.01,73171.29
1775859142.907,142.907,0.55,0.56,0.44,0.45,0.01,0.01,73171.31
1775859143.32,143.32,0.55,0.56,0.44,0.45,0.01,0.01,73171.31
1775859143.677,143.677,0.55,0.56,0.44,0.45,0.01,0.01,73171.31
1775859144.042,144.042,0.55,0.56,0.44,0.45,0.01,0.01,73171.31
1775859144.698,144.698,0.54,0.55,0.44,0.45,0.01,0.01,73170.89
1775859145.042,145.042,0.54,0.55,0.45,0.46,0.01,0.01,73170.89
1775859145.417,145.417,0.54,0.55,0.45,0.46,0.01,0.01,73170.88
1775859145.971,145.971,0.53,0.54,0.45,0.46,0.01,0.01,73170.88
1775859146.527,146.527,0.53,0.54,0.46,0.47,0.01,0.01,73170.8
1775859147.017,147.017,0.53,0.54,0.46,0.47,0.01,0.01,73170.8
1775859147.654,147.654,0.52,0.54,0.46,0.47,0.02,0.01,73169.31
1775859148.132,148.132,0.52,0.53,0.46,0.48,0.01,0.02,73169.31
1775859148.577,148.577,0.52,0.53,0.47,0.48,0.01,0.01,73169.31
1775859149.19,149.19,0.52,0.53,0.47,0.48,0.01,0.01,73168.95
1775859149.727,149.727,0.52,0.53,0.47,0.48,0.01,0.01,73168.95
1775859150.171,150.171,0.52,0.53,0.47,0.48,0.01,0.01,73168.95
1775859150.593,150.593,0.52,0.53,0.47,0.48,0.01,0.01,73168.58
1775859150.982,150.982,0.52,0.53,0.47,0.48,0.01,0.01,73168.58
1775859151.343,151.343,0.52,0.53,0.47,0.48,0.01,0.01,73168.58
1775859151.842,151.842,0.52,0.53,0.47,0.48,0.01,0.01,73168.58
1775859152.24,152.24,0.52,0.53,0.47,0.48,0.01,0.01,73167.84
1775859153.034,153.034,0.52,0.53,0.47,0.48,0.01,0.01,73167.84
1775859154.199,154.199,0.52,0.53,0.47,0.48,0.01,0.01,73167.76
1775859154.869,154.869,0.52,0.53,0.47,0.48,0.01,0.01,73167.76
1775859155.411,155.411,0.52,0.53,0.47,0.48,0.01,0.01,73167.76
1775859156.174,156.174,0.52,0.53,0.47,0.48,0.01,0.01,73167.76
1775859157.025,157.025,0.52,0.53,0.47,0.48,0.01,0.01,73168.08
1775859157.513,157.513,0.52,0.53,0.47,0.48,0.01,0.01,73167.79
1775859157.945,157.945,0.52,0.53,0.47,0.48,0.01,0.01,73167.87
1775859158.392,158.392,0.53,0.54,0.47,0.48,0.01,0.01,73167.87
1775859158.858,158.858,0.53,0.54,0.46,0.47,0.01,0.01,73167.87
1775859159.495,159.495,0.5,0.51,0.49,0.5,0.01,0.01,73168.07
1775859159.839,159.839,0.45,0.47,0.53,0.55,0.02,0.02,73168.07
1775859160.325,160.325,0.44,0.45,0.54,0.56,0.01,0.02,73168.52
1775859160.709,160.709,0.44,0.45,0.55,0.56,0.01,0.01,73168.52
1775859161.173,161.173,0.42,0.43,0.57,0.58,0.01,0.01,73165.16
1775859161.637,161.637,0.42,0.43,0.57,0.58,0.01,0.01,73165.16
1775859162.157,162.157,0.42,0.43,0.57,0.58,0.01,0.01,73165.16
1775859162.908,162.908,0.42,0.43,0.57,0.58,0.01,0.01,73159.68
1775859163.437,163.437,0.42,0.43,0.57,0.58,0.01,0.01,73158.56
1775859163.817,163.817,0.42,0.43,0.57,0.58,0.01,0.01,73158.56
1775859164.404,164.404,0.42,0.44,0.57,0.58,0.02,0.01,73157.96
1775859164.905,164.905,0.45,0.46,0.54,0.55,0.01,0.01,73157.96
1775859165.242,165.242,0.44,0.46,0.54,0.55,0.02,0.01,73158.09
1775859166.021,166.021,0.44,0.45,0.55,0.56,0.01,0.01,73158.09
1775859166.389,166.389,0.44,0.45,0.55,0.56,0.01,0.01,73158.14
1775859167.12,167.12,0.44,0.46,0.55,0.56,0.02,0.01,73158.14
1775859167.525,167.525,0.56,0.58,0.41,0.44,0.02,0.03,73159.49
1775859167.877,167.877,0.56,0.58,0.43,0.44,0.02,0.01,73159.49
1775859168.253,168.253,0.56,0.57,0.43,0.44,0.01,0.01,73159.72
1775859168.848,168.848,0.56,0.57,0.43,0.44,0.01,0.01,73159.72
1775859169.347,169.347,0.56,0.57,0.43,0.44,0.01,0.01,73162.52
1775859169.765,169.765,0.56,0.57,0.43,0.44,0.01,0.01,73162.52
1775859170.584,170.584,0.57,0.58,0.42,0.43,0.01,0.01,73165.18
1775859171.134,171.134,0.62,0.64,0.36,0.38,0.02,0.02,73165.18
1775859171.536,171.536,0.62,0.63,0.36,0.38,0.01,0.02,73165.55
1775859171.88,171.88,0.62,0.64,0.36,0.38,0.02,0.02,73165.55
1775859172.216,172.216,0.62,0.65,0.36,0.38,0.03,0.02,73165.55
1775859172.654,172.654,0.62,0.63,0.37,0.38,0.01,0.01,73165.22
1775859173.092,173.092,0.62,0.63,0.37,0.38,0.01,0.01,73165.22
1775859173.501,173.501,0.62,0.63,0.37,0.38,0.01,0.01,73169.04
1775859173.847,173.847,0.62,0.63,0.37,0.38,0.01,0.01,73169.04
1775859174.324,174.324,0.62,0.63,0.37,0.38,0.01,0.01,73169.57
1775859174.687,174.687,0.62,0.63,0.37,0.38,0.01,0.01,73169.57
1775859175.193,175.193,0.63,0.64,0.36,0.37,0.01,0.01,73169.57
1775859175.609,175.609,0.63,0.64,0.36,0.37,0.01,0.01,73169.86
1775859175.961,175.961,0.63,0.64,0.36,0.37,0.01,0.01,73169.86
1775859176.481,176.481,0.63,0.64,0.36,0.37,0.01,0.01,73169.83
1775859177.157,177.157,0.63,0.64,0.36,0.37,0.01,0.01,73169.83
1775859177.572,177.572,0.63,0.64,0.36,0.37,0.01,0.01,73169.83
1775859178.147,178.147,0.63,0.64,0.36,0.37,0.01,0.01,73169.83
1775859178.505,178.505,0.63,0.64,0.36,0.37,0.01,0.01,73169.82
1775859179.229,179.229,0.63,0.64,0.36,0.37,0.01,0.01,73169.82
1775859179.639,179.639,0.63,0.64,0.36,0.37,0.01,0.01,73170.05
1775859180.037,180.037,0.63,0.64,0.36,0.37,0.01,0.01,73170.05
1775859180.415,180.415,0.63,0.65,0.36,0.37,0.02,0.01,73170.05
1775859180.792,180.792,0.65,0.66,0.34,0.36,0.01,0.02,73170.05
1775859181.153,181.153,0.65,0.66,0.34,0.35,0.01,0.01,73170.05
1775859181.531,181.531,0.62,0.63,0.37,0.38,0.01,0.01,73170.01
1775859181.992,181.992,0.6,0.62,0.38,0.41,0.02,0.03,73170.01
1775859182.327,182.327,0.61,0.62,0.38,0.39,0.01,0.01,73170.01
1775859182.708,182.708,0.6,0.62,0.38,0.39,0.02,0.01,73169.77
1775859183.165,183.165,0.6,0.61,0.39,0.4,0.01,0.01,73169.77
1775859184.065,184.065,0.6,0.61,0.39,0.4,0.01,0.01,73168.04
1775859184.693,184.693,0.6,0.61,0.39,0.4,0.01,0.01,73168.02
1775859185.074,185.074,0.6,0.61,0.39,0.4,0.01,0.01,73168.02
1775859185.653,185.653,0.58,0.59,0.41,0.42,0.01,0.01,73167.91
1775859186.185,186.185,0.58,0.59,0.41,0.42,0.01,0.01,73167.91
1775859186.836,186.836,0.58,0.59,0.41,0.42,0.01,0.01,73167.92
1775859187.181,187.181,0.58,0.6,0.41,0.42,0.02,0.01,73167.93
1775859187.734,187.734,0.6,0.61,0.39,0.4,0.01,0.01,73167.93
1775859188.163,188.163,0.6,0.61,0.39,0.4,0.01,0.01,73168.33
1775859188.586,188.586,0.6,0.61,0.39,0.4,0.01,0.01,73168.33
1775859188.955,188.955,0.66,0.67,0.34,0.35,0.01,0.01,73168.33
1775859189.549,189.549,0.66,0.67,0.33,0.34,0.01,0.01,73168.57
1775859189.884,189.884,0.66,0.67,0.33,0.34,0.01,0.01,73168.57
1775859190.283,190.283,0.66,0.67,0.33,0.34,0.01,0.01,73168.57
1775859190.685,190.685,0.66,0.67,0.33,0.34,0.01,0.01,73168.75
1775859191.403,191.403,0.66,0.67,0.33,0.34,0.01,0.01,73171.26
1775859191.827,191.827,0.66,0.67,0.33,0.34,0.01,0.01,73171.26
1775859192.392,192.392,0.66,0.67,0.33,0.34,0.01,0.01,73172.31
1775859192.726,192.726,0.66,0.67,0.33,0.34,0.01,0.01,73172.31
1775859193.118,193.118,0.66,0.67,0.33,0.34,0.01,0.01,73172.31
1775859193.542,193.542,0.68,0.7,0.32,0.34,0.02,0.02,73172.27
1775859193.924,193.924,0.75,0.78,0.22,0.25,0.03,0.03,73172.27
1775859194.26,194.26,0.76,0.77,0.23,0.24,0.01,0.01,73172.27
1775859194.593,194.593,0.76,0.77,0.23,0.24,0.01,0.01,73172.27
1775859195.039,195.039,0.79,0.81,0.2,0.22,0.02,0.02,73172.39
1775859195.397,195.397,0.78,0.79,0.21,0.22,0.01,0.01,73172.39
1775859195.948,195.948,0.8,0.81,0.19,0.2,0.01,0.01,73172.39
1775859196.299,196.299,0.8,0.81,0.18,0.2,0.01,0.02,73177.88
1775859196.654,196.654,0.81,0.82,0.18,0.19,0.01,0.01,73177.88
1775859197.002,197.002,0.81,0.82,0.18,0.19,0.01,0.01,73182.79
1775859197.386,197.386,0.81,0.82,0.17,0.19,0.01,0.02,73182.79
1775859198.145,198.145,0.81,0.82,0.18,0.19,0.01,0.01,73182.79
1775859198.559,198.559,0.82,0.83,0.17,0.19,0.01,0.02,73182.79
1775859199.002,199.002,0.82,0.83,0.16,0.18,0.01,0.02,73182.79
1775859199.352,199.352,0.82,0.83,0.17,0.18,0.01,0.01,73183.1
1775859199.821,199.821,0.83,0.84,0.16,0.17,0.01,0.01,73183.1
1775859200.341,200.341,0.83,0.84,0.16,0.17,0.01,0.01,73182.45
1775859200.912,200.912,0.83,0.84,0.16,0.17,0.01,0.01,73182.45
1775859201.25,201.25,0.83,0.84,0.16,0.17,0.01,0.01,73183.93
1775859201.67,201.67,0.83,0.84,0.16,0.17,0.01,0.01,73183.93
1775859202.062,202.062,0.83,0.84,0.16,0.17,0.01,0.01,73183.34
1775859202.404,202.404,0.83,0.84,0.16,0.17,0.01,0.01,73183.34
1775859202.741,202.741,0.83,0.84,0.16,0.17,0.01,0.01,73183.34
1775859203.169,203.169,0.83,0.84,0.16,0.17,0.01,0.01,73183.34
1775859203.531,203.531,0.83,0.84,0.16,0.17,0.01,0.01,73182.2
1775859203.928,203.928,0.83,0.84,0.16,0.17,0.01,0.01,73182.2
1775859204.274,204.274,0.83,0.84,0.16,0.17,0.01,0.01,73182.2
1775859204.964,204.964,0.83,0.84,0.16,0.17,0.01,0.01,73182.2
1775859205.328,205.328,0.83,0.84,0.16,0.17,0.01,0.01,73182.16
1775859205.8,205.8,0.83,0.84,0.16,0.17,0.01,0.01,73182.16
1775859206.303,206.303,0.82,0.83,0.17,0.18,0.01,0.01,73182.16
1775859206.674,206.674,0.82,0.83,0.17,0.18,0.01,0.01,73182.23
1775859207.195,207.195,0.82,0.83,0.17,0.18,0.01,0.01,73182.23
1775859207.622,207.622,0.82,0.83,0.17,0.18,0.01,0.01,73182.13
1775859208.168,208.168,0.81,0.83,0.17,0.18,0.02,0.01,73182.13
1775859208.745,208.745,0.81,0.82,0.18,0.19,0.01,0.01,73182.1
1775859209.214,209.214,0.81,0.82,0.18,0.19,0.01,0.01,73182.1
1775859209.655,209.655,0.81,0.82,0.18,0.19,0.01,0.01,73182.1
1775859210.316,210.316,0.81,0.82,0.18,0.19,0.01,0.01,73181.94
1775859210.656,210.656,0.81,0.82,0.18,0.19,0.01,0.01,73181.94
1775859210.99,210.99,0.82,0.83,0.18,0.19,0.01,0.01,73181.94
1775859211.425,211.425,0.82,0.83,0.17,0.18,0.01,0.01,73181.97
1775859211.951,211.951,0.82,0.83,0.17,0.18,0.01,0.01,73181.97
1775859212.309,212.309,0.83,0.84,0.16,0.18,0.01,0.02,73181.97
1775859212.781,212.781,0.83,0.84,0.16,0.17,0.01,0.01,73181.16
1775859213.163,213.163,0.82,0.83,0.16,0.19,0.01,0.03,73181.83
1775859213.51,213.51,0.81,0.82,0.18,0.19,0.01,0.01,73181.83
1775859213.873,213.873,0.81,0.82,0.18,0.19,0.01,0.01,73181.83
1775859214.445,214.445,0.81,0.82,0.18,0.19,0.01,0.01,73181.9
1775859214.974,214.974,0.81,0.82,0.18,0.19,0.01,0.01,73181.9
1775859215.377,215.377,0.81,0.82,0.18,0.19,0.01,0.01,73181.9
1775859215.721,215.721,0.81,0.82,0.18,0.19,0.01,0.01,73182.99
1775859216.202,216.202,0.8,0.82,0.18,0.19,0.02,0.01,73182.99
1775859216.58,216.58,0.77,0.78,0.2,0.21,0.01,0.01,73182.81
1775859216.942,216.942,0.76,0.77,0.23,0.24,0.01,0.01,73182.81
1775859217.321,217.321,0.76,0.77,0.23,0.24,0.01,0.01,73182.81
1775859217.813,217.813,0.76,0.77,0.23,0.24,0.01,0.01,73182.81
1775859218.161,218.161,0.76,0.77,0.23,0.24,0.01,0.01,73182.81
1775859219.019,219.019,0.77,0.78,0.22,0.24,0.01,0.02,73182.82
1775859219.574,219.574,0.77,0.78,0.22,0.23,0.01,0.01,73179.97
1775859220.153,220.153,0.77,0.78,0.22,0.23,0.01,0.01,73179.97
1775859220.503,220.503,0.77,0.78,0.22,0.23,0.01,0.01,73179.97
1775859220.946,220.946,0.77,0.78,0.22,0.23,0.01,0.01,73179.97
1775859221.647,221.647,0.77,0.78,0.22,0.23,0.01,0.01,73179.98
1775859222.07,222.07,0.75,0.76,0.24,0.25,0.01,0.01,73179.98
1775859222.414,222.414,0.75,0.76,0.24,0.25,0.01,0.01,73179.71
1775859222.799,222.799,0.75,0.76,0.24,0.25,0.01,0.01,73179.71
1775859223.3,223.3,0.75,0.76,0.24,0.25,0.01,0.01,73179.71
1775859223.838,223.838,0.75,0.76,0.24,0.25,0.01,0.01,73179.71
1775859224.171,224.171,0.75,0.76,0.24,0.25,0.01,0.01,73179.6
1775859224.551,224.551,0.71,0.72,0.28,0.29,0.01,0.01,73179.6
1775859224.901,224.901,0.71,0.72,0.28,0.29,0.01,0.01,73179.6
1775859225.248,225.248,0.71,0.72,0.28,0.29,0.01,0.01,73179.6
1775859225.86,225.86,0.71,0.72,0.28,0.29,0.01,0.01,73179.7
1775859226.258,226.258,0.71,0.72,0.28,0.29,0.01,0.01,73179.7
1775859226.617,226.617,0.71,0.72,0.28,0.29,0.01,0.01,73178.34
1775859227.028,227.028,0.71,0.72,0.28,0.29,0.01,0.01,73178.34
1775859227.372,227.372,0.71,0.72,0.28,0.29,0.01,0.01,73178.33
1775859227.807,227.807,0.7,0.71,0.28,0.29,0.01,0.01,73178.33
1775859228.163,228.163,0.71,0.72,0.28,0.29,0.01,0.01,73178.33
1775859228.565,228.565,0.71,0.72,0.28,0.29,0.01,0.01,73178.72
1775859229.052,229.052,0.71,0.72,0.28,0.29,0.01,0.01,73178.72
1775859229.62,229.62,0.71,0.73,0.28,0.29,0.02,0.01,73179.04
1775859230.162,230.162,0.72,0.73,0.27,0.29,0.01,0.02,73179.04
1775859230.693,230.693,0.72,0.73,0.27,0.28,0.01,0.01,73178.93
1775859231.123,231.123,0.72,0.73,0.27,0.28,0.01,0.01,73178.93
1775859231.493,231.493,0.72,0.73,0.27,0.28,0.01,0.01,73178.66
1775859231.928,231.928,0.72,0.73,0.27,0.28,0.01,0.01,73178.66
1775859232.656,232.656,0.72,0.73,0.27,0.28,0.01,0.01,73178.31
1775859233.043,233.043,0.72,0.73,0.27,0.28,0.01,0.01,73178.31
1775859233.639,233.639,0.72,0.73,0.27,0.28,0.01,0.01,73178.04
1775859234.142,234.142,0.72,0.73,0.27,0.28,0.01,0.01,73178.04
1775859234.886,234.886,0.72,0.74,0.27,0.28,0.02,0.01,73178.04
1775859235.332,235.332,0.73,0.74,0.26,0.27,0.01,0.01,73178.31
1775859235.751,235.751,0.73,0.74,0.26,0.27,0.01,0.01,73178.31
1775859236.154,236.154,0.73,0.74,0.26,0.27,0.01,0.01,73178.32
1775859236.621,236.621,0.73,0.74,0.26,0.27,0.01,0.01,73178.32
1775859236.998,236.998,0.73,0.74,0.26,0.27,0.01,0.01,73178.32
1775859237.641,237.641,0.73,0.75,0.26,0.27,0.02,0.01,73178.16
1775859238.216,238.216,0.74,0.75,0.25,0.26,0.01,0.01,73178.16
1775859238.809,238.809,0.74,0.75,0.25,0.26,0.01,0.01,73177.78
1775859239.281,239.281,0.75,0.76,0.25,0.26,0.01,0.01,73177.78
1775859240.045,240.045,0.75,0.76,0.24,0.25,0.01,0.01,73178.02
1775859240.632,240.632,0.75,0.76,0.24,0.25,0.01,0.01,73178.15
1775859240.995,240.995,0.75,0.76,0.24,0.25,0.01,0.01,73178.15
1775859241.331,241.331,0.75,0.76,0.24,0.25,0.01,0.01,73178.15
1775859241.78,241.78,0.75,0.76,0.24,0.25,0.01,0.01,73178.15
1775859242.385,242.385,0.75,0.76,0.24,0.25,0.01,0.01,73178.25
1775859242.802,242.802,0.75,0.77,0.24,0.25,0.02,0.01,73178.25
1775859243.648,243.648,0.76,0.77,0.23,0.25,0.01,0.02,73178.02
1775859243.991,243.991,0.81,0.82,0.18,0.19,0.01,0.01,73178.02
1775859244.347,244.347,0.81,0.82,0.18,0.19,0.01,0.01,73178.29
1775859244.937,244.937,0.81,0.82,0.18,0.19,0.01,0.01,73178.29
1775859245.303,245.303,0.81,0.82,0.18,0.19,0.01,0.01,73178.29
1775859245.909,245.909,0.82,0.83,0.17,0.19,0.01,0.02,73178.55
1775859246.408,246.408,0.82,0.83,0.17,0.18,0.01,0.01,73178.02
1775859246.741,246.741,0.82,0.83,0.17,0.18,0.01,0.01,73178.02
1775859247.31,247.31,0.83,0.84,0.16,0.17,0.01,0.01,73178.89
1775859248.419,248.419,0.83,0.84,0.16,0.18,0.01,0.02,73179.48
1775859248.823,248.823,0.83,0.84,0.16,0.17,0.01,0.01,73179.48
1775859249.381,249.381,0.83,0.84,0.16,0.17,0.01,0.01,73179.48
1775859249.743,249.743,0.83,0.84,0.16,0.17,0.01,0.01,73179.62
1775859250.087,250.087,0.83,0.84,0.16,0.17,0.01,0.01,73179.92
1775859250.834,250.834,0.83,0.84,0.16,0.17,0.01,0.01,73179.92
1775859251.216,251.216,0.83,0.84,0.16,0.17,0.01,0.01,73179.89
1775859251.577,251.577,0.84,0.85,0.15,0.17,0.01,0.02,73179.89
1775859251.945,251.945,0.84,0.85,0.15,0.16,0.01,0.01,73179.89
1775859252.296,252.296,0.84,0.85,0.15,0.16,0.01,0.01,73179.82
1775859252.655,252.655,0.84,0.85,0.15,0.16,0.01,0.01,73179.82
1775859253.027,253.027,0.84,0.85,0.15,0.16,0.01,0.01,73179.82
1775859253.364,253.364,0.84,0.85,0.15,0.16,0.01,0.01,73179.84
1775859253.843,253.843,0.82,0.84,0.17,0.18,0.02,0.01,73179.84
1775859254.223,254.223,0.83,0.84,0.15,0.17,0.01,0.02,73179.84
1775859254.828,254.828,0.83,0.84,0.15,0.16,0.01,0.01,73179.84
1775859255.234,255.234,0.84,0.85,0.15,0.16,0.01,0.01,73180.24
1775859255.606,255.606,0.84,0.85,0.15,0.16,0.01,0.01,73180.24
1775859255.999,255.999,0.84,0.85,0.15,0.16,0.01,0.01,73180.24
1775859256.353,256.353,0.83,0.84,0.16,0.17,0.01,0.01,73180.24
1775859256.711,256.711,0.83,0.84,0.16,0.17,0.01,0.01,73180.24
1775859257.139,257.139,0.83,0.84,0.16,0.17,0.01,0.01,73180.24
1775859257.566,257.566,0.79,0.8,0.2,0.21,0.01,0.01,73180.25
1775859257.9,257.9,0.79,0.8,0.2,0.21,0.01,0.01,73180.25
1775859258.331,258.331,0.8,0.81,0.19,0.2,0.01,0.01,73179.6
1775859258.691,258.691,0.8,0.81,0.19,0.2,0.01,0.01,73179.6
1775859259.033,259.033,0.8,0.81,0.19,0.2,0.01,0.01,73179.6
1775859259.538,259.538,0.8,0.81,0.19,0.2,0.01,0.01,73178.17
1775859259.886,259.886,0.8,0.81,0.19,0.2,0.01,0.01,73178.17
1775859260.827,260.827,0.8,0.81,0.19,0.2,0.01,0.01,73178.08
1775859261.315,261.315,0.8,0.81,0.19,0.2,0.01,0.01,73178.08
1775859262.208,262.208,0.8,0.81,0.19,0.2,0.01,0.01,73178.01
1775859262.738,262.738,0.81,0.82,0.18,0.19,0.01,0.01,73178.01
1775859263.075,263.075,0.81,0.82,0.18,0.19,0.01,0.01,73178.01
1775859263.512,263.512,0.82,0.83,0.17,0.18,0.01,0.01,73178.0
1775859263.893,263.893,0.82,0.83,0.17,0.18,0.01,0.01,73178.0
1775859264.227,264.227,0.85,0.86,0.14,0.18,0.01,0.04,73178.0
1775859264.56,264.56,0.84,0.86,0.14,0.15,0.02,0.01,73178.0
1775859265.052,265.052,0.85,0.86,0.14,0.15,0.01,0.01,73178.0
1775859265.514,265.514,0.85,0.86,0.14,0.15,0.01,0.01,73177.92
1775859265.877,265.877,0.86,0.87,0.14,0.15,0.01,0.01,73177.92
1775859266.277,266.277,0.86,0.87,0.13,0.14,0.01,0.01,73178.13
1775859266.613,266.613,0.86,0.87,0.13,0.14,0.01,0.01,73178.13
1775859267.094,267.094,0.88,0.89,0.11,0.12,0.01,0.01,73178.13
1775859267.484,267.484,0.88,0.89,0.11,0.12,0.01,0.01,73178.13
1775859267.98,267.98,0.88,0.89,0.11,0.12,0.01,0.01,73179.24
1775859268.416,268.416,0.88,0.89,0.11,0.12,0.01,0.01,73179.26
1775859268.876,268.876,0.89,0.9,0.1,0.12,0.01,0.02,73179.26
1775859269.216,269.216,0.89,0.9,0.1,0.11,0.01,0.01,73179.26
1775859269.648,269.648,0.9,0.91,0.09,0.1,0.01,0.01,73180.19
1775859269.997,269.997,0.9,0.91,0.09,0.1,0.01,0.01,73180.19
1775859270.377,270.377,0.91,0.92,0.08,0.09,0.01,0.01,73180.21
1775859270.809,270.809,0.91,0.92,0.08,0.09,0.01,0.01,73180.21
1775859271.168,271.168,0.91,0.92,0.08,0.09,0.01,0.01,73180.2
1775859271.774,271.774,0.91,0.92,0.08,0.09,0.01,0.01,73180.2
1775859272.139,272.139,0.92,0.93,0.07,0.08,0.01,0.01,73180.21
1775859272.562,272.562,0.92,0.93,0.07,0.08,0.01,0.01,73180.21
1775859272.916,272.916,0.93,0.94,0.07,0.08,0.01,0.01,73180.21
1775859273.266,273.266,0.92,0.94,0.06,0.07,0.02,0.01,73180.22
1775859273.614,273.614,0.94,0.96,0.05,0.06,0.02,0.01,73180.22
1775859273.947,273.947,0.95,0.96,0.04,0.05,0.01,0.01,73180.22
1775859274.312,274.312,0.95,0.96,0.04,0.05,0.01,0.01,73180.59
1775859274.653,274.653,0.95,0.96,0.04,0.05,0.01,0.01,73180.59
1775859275.014,275.014,0.96,0.97,0.03,0.04,0.01,0.01,73180.59
1775859275.383,275.383,0.96,0.97,0.03,0.04,0.01,0.01,73180.58
1775859275.861,275.861,0.96,0.97,0.03,0.04,0.01,0.01,73180.58
1775859276.267,276.267,0.96,0.97,0.03,0.04,0.01,0.01,73186.96
1775859276.633,276.633,0.96,0.97,0.03,0.04,0.01,0.01,73186.96
1775859277.116,277.116,0.96,0.97,0.03,0.04,0.01,0.01,73191.69
1775859277.462,277.462,0.96,0.97,0.03,0.04,0.01,0.01,73191.69
1775859277.837,277.837,0.96,0.97,0.03,0.04,0.01,0.01,73191.69
1775859278.28,278.28,0.96,0.97,0.03,0.04,0.01,0.01,73192.15
1775859278.637,278.637,0.96,0.97,0.03,0.04,0.01,0.01,73192.15
1775859279.041,279.041,0.96,0.97,0.03,0.04,0.01,0.01,73193.15
1775859279.516,279.516,0.96,0.97,0.03,0.04,0.01,0.01,73193.15
1775859279.913,279.913,0.96,0.97,0.03,0.04,0.01,0.01,73193.15
1775859280.354,280.354,0.96,0.97,0.03,0.04,0.01,0.01,73193.15
1775859280.78,280.78,0.96,0.97,0.03,0.04,0.01,0.01,73193.15
1775859281.135,281.135,0.97,0.98,0.02,0.03,0.01,0.01,73193.35
1775859281.474,281.474,0.97,0.98,0.02,0.03,0.01,0.01,73193.35
1775859281.815,281.815,0.97,0.98,0.02,0.03,0.01,0.01,73193.35
1775859282.187,282.187,0.97,0.98,0.02,0.03,0.01,0.01,73193.32
1775859282.579,282.579,0.95,0.97,0.03,0.04,0.02,0.01,73193.32
1775859283.084,283.084,0.95,0.96,0.04,0.05,0.01,0.01,73193.32
1775859283.422,283.422,0.96,0.98,0.02,0.05,0.02,0.03,73193.32
1775859283.932,283.932,0.97,0.98,0.02,0.03,0.01,0.01,73193.32
1775859284.493,284.493,0.97,0.98,0.02,0.03,0.01,0.01,73193.27
1775859284.919,284.919,0.97,0.98,0.02,0.03,0.01,0.01,73186.58
1775859285.433,285.433,0.97,0.98,0.02,0.03,0.01,0.01,73186.58
1775859286.009,286.009,0.97,0.98,0.02,0.03,0.01,0.01,73185.17
1775859286.441,286.441,0.97,0.98,0.02,0.03,0.01,0.01,73185.17
1775859286.994,286.994,0.97,0.98,0.02,0.03,0.01,0.01,73186.11
1775859287.519,287.519,0.97,0.98,0.02,0.03,0.01,0.01,73186.11
1775859287.861,287.861,0.97,0.98,0.02,0.03,0.01,0.01,73186.11
1775859288.467,288.467,0.97,0.98,0.02,0.03,0.01,0.01,73186.11
1775859288.84,288.84,0.96,0.97,0.03,0.04,0.01,0.01,73185.52
1775859289.192,289.192,0.96,0.97,0.03,0.05,0.01,0.02,73185.52
1775859289.649,289.649,0.97,0.98,0.02,0.03,0.01,0.01,73185.52
1775859290.07,290.07,0.97,0.98,0.02,0.03,0.01,0.01,73185.53
1775859290.493,290.493,0.97,0.98,0.02,0.03,0.01,0.01,73185.53
1775859290.903,290.903,0.97,0.98,0.02,0.03,0.01,0.01,73185.53
1775859291.236,291.236,0.97,0.98,0.02,0.03,0.01,0.01,73185.53
1775859291.932,291.932,0.97,0.98,0.02,0.03,0.01,0.01,73185.86
1775859292.385,292.385,0.97,0.98,0.02,0.04,0.01,0.02,73185.85
1775859292.719,292.719,0.97,0.98,0.02,0.03,0.01,0.01,73185.85
1775859293.111,293.111,0.96,0.97,0.02,0.03,0.01,0.01,73185.85
1775859293.465,293.465,0.96,0.97,0.03,0.04,0.01,0.01,73185.86
1775859294.079,294.079,0.95,0.96,0.04,0.05,0.01,0.01,73185.68
1775859294.605,294.605,0.95,0.96,0.04,0.05,0.01,0.01,73185.68
1775859294.945,294.945,0.97,0.98,0.02,0.04,0.01,0.02,73185.68
1775859295.331,295.331,0.94,0.97,0.02,0.04,0.03,0.02,73185.68
1775859295.692,295.692,0.94,0.95,0.04,0.06,0.01,0.02,73184.79
1775859296.032,296.032,0.93,0.94,0.06,0.07,0.01,0.01,73184.79
1775859296.391,296.391,0.93,0.94,0.06,0.07,0.01,0.01,73182.95
1775859296.791,296.791,0.96,0.97,0.02,0.05,0.01,0.03,73182.95
1775859297.167,297.167,0.97,0.98,0.03,0.05,0.01,0.02,73182.95
1775859297.5,297.5,0.97,0.99,0.01,0.03,0.02,0.02,73180.58
1775859297.915,297.915,0.98,0.99,0.01,0.02,0.01,0.01,73180.58
1775859298.27,298.27,0.98,0.99,0.01,0.02,0.01,0.01,73178.89
1775859298.613,298.613,0.98,0.99,0.01,0.02,0.01,0.01,73178.89
1775859298.949,298.949,0.98,0.99,0.01,0.02,0.01,0.01,73178.89
1775859299.42,299.42,0.99,0.99,0.01,0.01,0.0,0.0,73178.89
1775859299.866,299.866,0.99,0.99,0.01,0.01,0.0,0.0,73178.89
1775859300.405,300.405,0.99,0.99,0.01,0.01,0.0,0.0,73175.76

# RESULT,winner=Up,slug=btc-updown-5m-1775859000,ticks=639
