timestamp,elapsed_sec,up_bid,up_ask,down_bid,down_ask,up_spread,down_spread,btc_price,btc_oracle_ts
1776327600.585,0.585,0.53,0.54,0.46,0.47,0.01,0.01,74641.6,1776327599000
1776327600.955,0.955,0.53,0.54,0.46,0.47,0.01,0.01,74641.6,1776327599000
1776327601.374,1.374,0.53,0.54,0.46,0.47,0.01,0.01,74641.6,1776327599000
1776327601.794,1.794,0.53,0.54,0.46,0.47,0.01,0.01,74641.6,1776327599000
1776327602.184,2.184,0.53,0.54,0.46,0.47,0.01,0.01,74641.28,1776327600000
1776327602.577,2.577,0.52,0.54,0.46,0.47,0.02,0.01,74641.28,1776327600000
1776327603.072,3.072,0.52,0.53,0.47,0.48,0.01,0.01,74641.29,1776327601000
1776327603.419,3.419,0.5,0.52,0.49,0.5,0.02,0.01,74641.29,1776327601000
1776327603.758,3.758,0.5,0.51,0.49,0.5,0.01,0.01,74641.29,1776327602000
1776327604.163,4.163,0.5,0.51,0.49,0.5,0.01,0.01,74641.29,1776327602000
1776327604.528,4.528,0.5,0.51,0.49,0.5,0.01,0.01,74641.29,1776327603000
1776327604.934,4.934,0.5,0.51,0.49,0.5,0.01,0.01,74641.29,1776327603000
1776327605.337,5.337,0.5,0.52,0.48,0.5,0.02,0.02,74641.43,1776327604000
1776327605.717,5.717,0.51,0.52,0.48,0.49,0.01,0.01,74641.43,1776327604000
1776327606.084,6.084,0.51,0.52,0.48,0.49,0.01,0.01,74640.97,1776327605000
1776327606.486,6.486,0.51,0.52,0.48,0.49,0.01,0.01,74640.97,1776327605000
1776327607.122,7.122,0.5,0.52,0.48,0.49,0.02,0.01,74640.97,1776327605000
1776327607.517,7.517,0.49,0.51,0.49,0.51,0.02,0.02,74641.05,1776327606000
1776327607.895,7.895,0.49,0.5,0.5,0.51,0.01,0.01,74641.05,1776327606000
1776327608.363,8.363,0.49,0.5,0.5,0.51,0.01,0.01,74641.05,1776327606000
1776327608.706,8.706,0.49,0.5,0.5,0.51,0.01,0.01,74641.05,1776327607000
1776327609.212,9.212,0.51,0.52,0.5,0.51,0.01,0.01,74641.05,1776327607000
1776327609.55,9.55,0.53,0.55,0.45,0.47,0.02,0.02,74641.05,1776327607000
1776327609.884,9.884,0.55,0.56,0.44,0.46,0.01,0.02,74639.68,1776327608000
1776327610.242,10.242,0.56,0.57,0.43,0.44,0.01,0.01,74639.68,1776327608000
1776327610.657,10.657,0.58,0.59,0.42,0.43,0.01,0.01,74639.2,1776327609000
1776327611.001,11.001,0.58,0.59,0.41,0.42,0.01,0.01,74639.2,1776327609000
1776327611.346,11.346,0.58,0.6,0.41,0.42,0.02,0.01,74644.93,1776327610000
1776327611.699,11.699,0.59,0.6,0.4,0.41,0.01,0.01,74644.93,1776327610000
1776327612.045,12.045,0.6,0.61,0.39,0.41,0.01,0.02,74644.93,1776327610000
1776327612.388,12.388,0.6,0.61,0.39,0.4,0.01,0.01,74644.93,1776327610000
1776327612.796,12.796,0.6,0.61,0.39,0.4,0.01,0.01,74651.61,1776327611000
1776327613.27,13.27,0.6,0.61,0.39,0.4,0.01,0.01,74651.61,1776327611000
1776327613.604,13.604,0.63,0.64,0.36,0.37,0.01,0.01,74653.37,1776327612000
1776327613.948,13.948,0.64,0.65,0.35,0.37,0.01,0.02,74653.37,1776327612000
1776327614.283,14.283,0.64,0.65,0.35,0.36,0.01,0.01,74655.97,1776327613000
1776327614.716,14.716,0.64,0.65,0.35,0.36,0.01,0.01,74655.97,1776327613000
1776327615.06,15.06,0.65,0.66,0.34,0.35,0.01,0.01,74655.97,1776327613000
1776327615.423,15.423,0.65,0.66,0.34,0.35,0.01,0.01,74655.97,1776327613000
1776327615.781,15.781,0.68,0.7,0.3,0.32,0.02,0.02,74660.6,1776327614000
1776327616.132,16.132,0.69,0.72,0.28,0.31,0.03,0.03,74660.6,1776327614000
1776327616.519,16.519,0.72,0.73,0.26,0.28,0.01,0.02,74661.03,1776327615000
1776327616.879,16.879,0.73,0.74,0.26,0.27,0.01,0.01,74661.03,1776327615000
1776327617.249,17.249,0.73,0.74,0.26,0.27,0.01,0.01,74666.5,1776327616000
1776327617.612,17.612,0.73,0.74,0.26,0.27,0.01,0.01,74666.5,1776327616000
1776327618.075,18.075,0.73,0.74,0.26,0.27,0.01,0.01,74666.5,1776327616000
1776327618.506,18.506,0.73,0.74,0.26,0.27,0.01,0.01,74666.5,1776327616000
1776327619.007,19.007,0.74,0.75,0.25,0.26,0.01,0.01,74682.62,1776327617000
1776327619.352,19.352,0.74,0.75,0.25,0.26,0.01,0.01,74682.62,1776327617000
1776327619.85,19.85,0.74,0.75,0.25,0.26,0.01,0.01,74682.62,1776327617000
1776327620.192,20.192,0.74,0.75,0.25,0.26,0.01,0.01,74682.62,1776327617000
1776327620.53,20.53,0.74,0.75,0.25,0.26,0.01,0.01,74682.62,1776327617000
1776327620.903,20.903,0.74,0.75,0.25,0.26,0.01,0.01,74682.52,1776327619000
1776327621.26,21.26,0.74,0.75,0.25,0.26,0.01,0.01,74682.52,1776327619000
1776327621.593,21.593,0.75,0.76,0.24,0.25,0.01,0.01,74682.52,1776327620000
1776327621.989,21.989,0.75,0.76,0.24,0.25,0.01,0.01,74682.52,1776327620000
1776327622.369,22.369,0.75,0.76,0.24,0.25,0.01,0.01,74683.47,1776327621000
1776327623.007,23.007,0.75,0.76,0.24,0.25,0.01,0.01,74683.47,1776327621000
1776327623.46,23.46,0.75,0.76,0.24,0.25,0.01,0.01,74683.47,1776327622000
1776327623.832,23.832,0.75,0.76,0.24,0.25,0.01,0.01,74683.47,1776327622000
1776327624.504,24.504,0.75,0.76,0.24,0.25,0.01,0.01,74683.47,1776327623000
1776327624.878,24.878,0.75,0.76,0.24,0.25,0.01,0.01,74683.47,1776327623000
1776327625.229,25.229,0.75,0.76,0.24,0.25,0.01,0.01,74683.47,1776327624000
1776327625.637,25.637,0.75,0.76,0.24,0.25,0.01,0.01,74683.47,1776327624000
1776327626.112,26.112,0.75,0.76,0.24,0.25,0.01,0.01,74683.47,1776327625000
1776327626.472,26.472,0.74,0.75,0.25,0.26,0.01,0.01,74683.47,1776327625000
1776327626.874,26.874,0.74,0.75,0.25,0.26,0.01,0.01,74683.47,1776327626000
1776327627.267,27.267,0.74,0.75,0.25,0.26,0.01,0.01,74683.47,1776327626000
1776327627.844,27.844,0.75,0.76,0.24,0.25,0.01,0.01,74683.47,1776327626000
1776327628.315,28.315,0.75,0.76,0.24,0.25,0.01,0.01,74683.47,1776327627000
1776327628.851,28.851,0.75,0.76,0.24,0.25,0.01,0.01,74683.47,1776327627000
1776327629.242,29.242,0.75,0.76,0.24,0.25,0.01,0.01,74683.82,1776327628000
1776327629.693,29.693,0.75,0.76,0.24,0.25,0.01,0.01,74683.82,1776327628000
1776327630.219,30.219,0.73,0.75,0.25,0.26,0.02,0.01,74683.82,1776327628000
1776327630.568,30.568,0.73,0.74,0.26,0.27,0.01,0.01,74683.82,1776327629000
1776327631.155,31.155,0.73,0.74,0.26,0.27,0.01,0.01,74683.82,1776327629000
1776327631.495,31.495,0.73,0.74,0.26,0.27,0.01,0.01,74683.7,1776327630000
1776327631.904,31.904,0.73,0.74,0.26,0.27,0.01,0.01,74683.7,1776327630000
1776327632.569,32.569,0.74,0.75,0.25,0.26,0.01,0.01,74682.84,1776327631000
1776327632.924,32.924,0.7,0.71,0.29,0.3,0.01,0.01,74682.84,1776327631000
1776327633.354,33.354,0.69,0.71,0.29,0.3,0.02,0.01,74682.84,1776327631000
1776327633.703,33.703,0.69,0.7,0.3,0.31,0.01,0.01,74682.78,1776327632000
1776327634.037,34.037,0.69,0.7,0.3,0.31,0.01,0.01,74682.3,1776327633000
1776327634.603,34.603,0.69,0.7,0.3,0.31,0.01,0.01,74682.3,1776327633000
1776327634.98,34.98,0.64,0.67,0.32,0.35,0.03,0.03,74682.3,1776327633000
1776327635.367,35.367,0.63,0.64,0.36,0.37,0.01,0.01,74682.3,1776327633000
1776327635.732,35.732,0.63,0.64,0.36,0.37,0.01,0.01,74676.13,1776327634000
1776327636.139,36.139,0.64,0.65,0.34,0.37,0.01,0.03,74675.29,1776327635000
1776327636.586,36.586,0.64,0.65,0.35,0.36,0.01,0.01,74675.29,1776327635000
1776327636.999,36.999,0.65,0.66,0.34,0.36,0.01,0.02,74675.29,1776327635000
1776327637.361,37.361,0.66,0.67,0.34,0.35,0.01,0.01,74675.29,1776327635000
1776327637.695,37.695,0.67,0.69,0.33,0.34,0.02,0.01,74668.22,1776327636000
1776327638.076,38.076,0.68,0.69,0.31,0.32,0.01,0.01,74668.22,1776327636000
1776327638.42,38.42,0.68,0.69,0.31,0.32,0.01,0.01,74668.22,1776327636000
1776327638.762,38.762,0.69,0.7,0.3,0.31,0.01,0.01,74665.81,1776327637000
1776327639.13,39.13,0.69,0.7,0.3,0.31,0.01,0.01,74665.81,1776327637000
1776327639.483,39.483,0.69,0.7,0.3,0.31,0.01,0.01,74668.56,1776327638000
1776327639.862,39.862,0.69,0.7,0.3,0.31,0.01,0.01,74668.56,1776327638000
1776327640.324,40.324,0.69,0.7,0.3,0.31,0.01,0.01,74670.73,1776327639000
1776327640.747,40.747,0.69,0.7,0.3,0.31,0.01,0.01,74670.73,1776327639000
1776327641.088,41.088,0.68,0.69,0.31,0.32,0.01,0.01,74670.73,1776327639000
1776327641.542,41.542,0.68,0.69,0.31,0.32,0.01,0.01,74670.73,1776327639000
1776327642.115,42.115,0.68,0.69,0.31,0.32,0.01,0.01,74673.62,1776327640000
1776327642.632,42.632,0.68,0.69,0.31,0.32,0.01,0.01,74673.5,1776327641000
1776327642.994,42.994,0.68,0.69,0.31,0.32,0.01,0.01,74673.5,1776327641000
1776327643.338,43.338,0.68,0.69,0.31,0.32,0.01,0.01,74673.5,1776327641000
1776327643.697,43.697,0.68,0.69,0.31,0.32,0.01,0.01,74673.5,1776327642000
1776327644.104,44.104,0.68,0.69,0.31,0.32,0.01,0.01,74673.5,1776327642000
1776327644.449,44.449,0.68,0.69,0.31,0.32,0.01,0.01,74673.49,1776327643000
1776327644.916,44.916,0.68,0.69,0.31,0.32,0.01,0.01,74673.49,1776327643000
1776327645.324,45.324,0.68,0.69,0.31,0.32,0.01,0.01,74673.5,1776327644000
1776327645.705,45.705,0.68,0.69,0.31,0.32,0.01,0.01,74673.5,1776327644000
1776327646.065,46.065,0.68,0.69,0.31,0.32,0.01,0.01,74673.5,1776327644000
1776327646.431,46.431,0.68,0.69,0.31,0.32,0.01,0.01,74673.84,1776327645000
1776327646.931,46.931,0.68,0.69,0.31,0.32,0.01,0.01,74673.84,1776327645000
1776327647.883,47.883,0.68,0.69,0.31,0.32,0.01,0.01,74672.86,1776327646000
1776327648.227,48.227,0.68,0.69,0.31,0.32,0.01,0.01,74672.86,1776327646000
1776327648.704,48.704,0.68,0.69,0.31,0.32,0.01,0.01,74672.86,1776327647000
1776327649.142,49.142,0.68,0.69,0.31,0.32,0.01,0.01,74672.86,1776327647000
1776327649.506,49.506,0.74,0.75,0.23,0.26,0.01,0.03,74672.86,1776327647000
1776327649.872,49.872,0.75,0.76,0.24,0.25,0.01,0.01,74673.52,1776327648000
1776327650.267,50.267,0.75,0.76,0.24,0.25,0.01,0.01,74673.52,1776327648000
1776327650.742,50.742,0.76,0.77,0.24,0.25,0.01,0.01,74674.01,1776327649000
1776327651.081,51.081,0.76,0.78,0.22,0.24,0.02,0.02,74674.01,1776327649000
1776327651.422,51.422,0.77,0.79,0.21,0.23,0.02,0.02,74681.17,1776327650000
1776327651.823,51.823,0.78,0.79,0.21,0.22,0.01,0.01,74681.17,1776327650000
1776327652.183,52.183,0.79,0.8,0.2,0.21,0.01,0.01,74684.09,1776327651000
1776327652.894,52.894,0.79,0.8,0.2,0.21,0.01,0.01,74684.09,1776327651000
1776327653.343,53.343,0.79,0.81,0.2,0.21,0.02,0.01,74694.26,1776327652000
1776327653.707,53.707,0.8,0.81,0.19,0.2,0.01,0.01,74694.26,1776327652000
1776327654.069,54.069,0.81,0.82,0.18,0.2,0.01,0.02,74694.26,1776327652000
1776327654.441,54.441,0.78,0.79,0.21,0.22,0.01,0.01,74694.36,1776327653000
1776327654.895,54.895,0.77,0.78,0.22,0.23,0.01,0.01,74694.36,1776327653000
1776327655.251,55.251,0.77,0.78,0.22,0.23,0.01,0.01,74695.65,1776327654000
1776327655.666,55.666,0.77,0.78,0.22,0.23,0.01,0.01,74695.65,1776327654000
1776327656.008,56.008,0.77,0.78,0.22,0.23,0.01,0.01,74695.65,1776327654000
1776327656.361,56.361,0.77,0.78,0.22,0.23,0.01,0.01,74695.65,1776327654000
1776327656.7,56.7,0.77,0.78,0.22,0.23,0.01,0.01,74689.41,1776327655000
1776327657.037,57.037,0.77,0.78,0.22,0.23,0.01,0.01,74689.23,1776327656000
1776327657.465,57.465,0.77,0.78,0.22,0.23,0.01,0.01,74689.23,1776327656000
1776327657.815,57.815,0.77,0.78,0.22,0.23,0.01,0.01,74689.23,1776327656000
1776327658.157,58.157,0.75,0.76,0.22,0.23,0.01,0.01,74688.7,1776327657000
1776327658.553,58.553,0.75,0.76,0.24,0.25,0.01,0.01,74688.7,1776327657000
1776327658.941,58.941,0.75,0.76,0.24,0.25,0.01,0.01,74688.7,1776327657000
1776327659.321,59.321,0.74,0.75,0.24,0.26,0.01,0.02,74688.79,1776327658000
1776327659.655,59.655,0.74,0.75,0.25,0.26,0.01,0.01,74688.79,1776327658000
1776327660.067,60.067,0.74,0.75,0.25,0.26,0.01,0.01,74688.79,1776327658000
1776327660.451,60.451,0.74,0.75,0.25,0.26,0.01,0.01,74685.68,1776327659000
1776327660.787,60.787,0.76,0.77,0.25,0.26,0.01,0.01,74685.68,1776327659000
1776327661.13,61.13,0.79,0.8,0.2,0.21,0.01,0.01,74685.68,1776327659000
1776327661.508,61.508,0.8,0.81,0.19,0.2,0.01,0.01,74684.31,1776327660000
1776327661.908,61.908,0.8,0.81,0.19,0.2,0.01,0.01,74684.31,1776327660000
1776327662.324,62.324,0.81,0.82,0.18,0.2,0.01,0.02,74684.31,1776327661000
1776327662.674,62.674,0.81,0.82,0.18,0.19,0.01,0.01,74684.31,1776327661000
1776327663.071,63.071,0.81,0.82,0.18,0.19,0.01,0.01,74691.85,1776327662000
1776327663.6,63.6,0.81,0.82,0.18,0.19,0.01,0.01,74691.85,1776327662000
1776327664.24,64.24,0.81,0.82,0.18,0.19,0.01,0.01,74691.85,1776327662000
1776327664.578,64.578,0.81,0.82,0.18,0.19,0.01,0.01,74693.22,1776327663000
1776327665.096,65.096,0.81,0.82,0.18,0.19,0.01,0.01,74693.22,1776327663000
1776327665.451,65.451,0.81,0.82,0.18,0.19,0.01,0.01,74693.22,1776327663000
1776327665.794,65.794,0.81,0.83,0.17,0.19,0.02,0.02,74693.27,1776327664000
1776327666.245,66.245,0.82,0.83,0.17,0.18,0.01,0.01,74693.27,1776327664000
1776327666.585,66.585,0.82,0.83,0.17,0.18,0.01,0.01,74693.27,1776327665000
1776327666.956,66.956,0.83,0.84,0.16,0.17,0.01,0.01,74693.27,1776327665000
1776327667.519,67.519,0.83,0.84,0.16,0.17,0.01,0.01,74693.27,1776327666000
1776327667.868,67.868,0.83,0.84,0.16,0.17,0.01,0.01,74693.27,1776327666000
1776327668.226,68.226,0.83,0.84,0.16,0.17,0.01,0.01,74697.22,1776327667000
1776327668.742,68.742,0.83,0.84,0.16,0.17,0.01,0.01,74697.22,1776327667000
1776327669.292,69.292,0.83,0.84,0.16,0.17,0.01,0.01,74697.22,1776327667000
1776327669.633,69.633,0.85,0.86,0.12,0.15,0.01,0.03,74697.74,1776327668000
1776327669.981,69.981,0.87,0.88,0.12,0.13,0.01,0.01,74697.74,1776327668000
1776327670.486,70.486,0.87,0.88,0.12,0.13,0.01,0.01,74697.65,1776327669000
1776327670.883,70.883,0.87,0.88,0.12,0.13,0.01,0.01,74697.65,1776327669000
1776327671.433,71.433,0.88,0.89,0.11,0.13,0.01,0.02,74704.34,1776327670000
1776327671.896,71.896,0.88,0.89,0.11,0.12,0.01,0.01,74704.34,1776327670000
1776327672.247,72.247,0.88,0.89,0.11,0.12,0.01,0.01,74706.86,1776327671000
1776327672.705,72.705,0.88,0.89,0.11,0.12,0.01,0.01,74706.86,1776327671000
1776327673.046,73.046,0.88,0.89,0.11,0.12,0.01,0.01,74706.86,1776327671000
1776327673.386,73.386,0.88,0.89,0.11,0.12,0.01,0.01,74707.31,1776327672000
1776327673.732,73.732,0.88,0.89,0.11,0.12,0.01,0.01,74707.31,1776327672000
1776327674.068,74.068,0.88,0.89,0.11,0.12,0.01,0.01,74707.31,1776327672000
1776327674.463,74.463,0.88,0.89,0.11,0.12,0.01,0.01,74708.71,1776327673000
1776327674.852,74.852,0.88,0.89,0.11,0.12,0.01,0.01,74708.71,1776327673000
1776327675.272,75.272,0.88,0.89,0.11,0.12,0.01,0.01,74713.37,1776327674000
1776327675.629,75.629,0.88,0.89,0.11,0.12,0.01,0.01,74713.37,1776327674000
1776327676.1,76.1,0.88,0.89,0.11,0.12,0.01,0.01,74713.37,1776327674000
1776327676.901,76.901,0.88,0.89,0.11,0.12,0.01,0.01,74713.38,1776327675000
1776327677.275,77.275,0.88,0.89,0.11,0.12,0.01,0.01,74714.34,1776327676000
1776327677.766,77.766,0.88,0.89,0.11,0.12,0.01,0.01,74714.34,1776327676000
1776327678.322,78.322,0.88,0.89,0.11,0.12,0.01,0.01,74714.34,1776327676000
1776327678.733,78.733,0.89,0.9,0.1,0.12,0.01,0.02,74714.18,1776327677000
1776327679.085,79.085,0.89,0.9,0.1,0.11,0.01,0.01,74714.18,1776327678000
1776327679.43,79.43,0.89,0.9,0.1,0.11,0.01,0.01,74714.18,1776327678000
1776327680.814,80.814,0.89,0.9,0.1,0.11,0.01,0.01,74713.89,1776327679000
1776327681.269,81.269,0.89,0.9,0.1,0.11,0.01,0.01,74713.89,1776327679000
1776327681.645,81.645,0.88,0.89,0.11,0.12,0.01,0.01,74713.51,1776327680000
1776327682.12,82.12,0.88,0.89,0.11,0.12,0.01,0.01,74713.55,1776327681000
1776327682.501,82.501,0.88,0.89,0.11,0.12,0.01,0.01,74713.55,1776327681000
1776327682.939,82.939,0.88,0.89,0.11,0.12,0.01,0.01,74713.55,1776327681000
1776327683.593,83.593,0.89,0.9,0.11,0.12,0.01,0.01,74713.56,1776327682000
1776327684.068,84.068,0.89,0.9,0.1,0.11,0.01,0.01,74713.28,1776327683000
1776327684.45,84.45,0.86,0.87,0.11,0.14,0.01,0.03,74713.28,1776327683000
1776327684.819,84.819,0.86,0.87,0.13,0.14,0.01,0.01,74713.28,1776327683000
1776327685.194,85.194,0.84,0.85,0.13,0.16,0.01,0.03,74713.28,1776327683000
1776327685.529,85.529,0.84,0.85,0.15,0.16,0.01,0.01,74713.27,1776327684000
1776327686.113,86.113,0.84,0.85,0.15,0.16,0.01,0.01,74713.27,1776327684000
1776327686.624,86.624,0.84,0.85,0.15,0.16,0.01,0.01,74705.21,1776327685000
1776327686.966,86.966,0.84,0.85,0.15,0.16,0.01,0.01,74703.84,1776327686000
1776327687.368,87.368,0.84,0.85,0.15,0.16,0.01,0.01,74703.84,1776327686000
1776327688.17,88.17,0.84,0.85,0.15,0.16,0.01,0.01,74703.84,1776327686000
1776327688.527,88.527,0.84,0.85,0.15,0.16,0.01,0.01,74703.66,1776327687000
1776327688.876,88.876,0.84,0.87,0.15,0.16,0.03,0.01,74703.66,1776327687000
1776327689.222,89.222,0.86,0.87,0.13,0.16,0.01,0.03,74703.66,1776327687000
1776327689.919,89.919,0.86,0.87,0.13,0.14,0.01,0.01,74703.63,1776327688000
1776327690.268,90.268,0.86,0.87,0.13,0.14,0.01,0.01,74703.63,1776327688000
1776327690.62,90.62,0.86,0.87,0.13,0.14,0.01,0.01,74703.64,1776327689000
1776327690.958,90.958,0.86,0.87,0.13,0.14,0.01,0.01,74703.64,1776327690000
1776327691.307,91.307,0.86,0.87,0.13,0.14,0.01,0.01,74703.64,1776327690000
1776327692.039,92.039,0.86,0.87,0.13,0.14,0.01,0.01,74702.97,1776327691000
1776327692.386,92.386,0.86,0.87,0.13,0.14,0.01,0.01,74702.97,1776327691000
1776327692.797,92.797,0.87,0.88,0.12,0.13,0.01,0.01,74702.97,1776327691000
1776327693.154,93.154,0.87,0.88,0.12,0.13,0.01,0.01,74704.18,1776327692000
1776327693.681,93.681,0.87,0.88,0.12,0.13,0.01,0.01,74704.18,1776327692000
1776327694.017,94.017,0.87,0.88,0.12,0.13,0.01,0.01,74704.18,1776327692000
1776327694.574,94.574,0.87,0.88,0.12,0.13,0.01,0.01,74704.18,1776327693000
1776327695.34,95.34,0.87,0.88,0.12,0.13,0.01,0.01,74704.18,1776327693000
1776327695.911,95.911,0.87,0.88,0.12,0.13,0.01,0.01,74704.16,1776327695000
1776327696.266,96.266,0.87,0.88,0.12,0.13,0.01,0.01,74704.16,1776327695000
1776327696.752,96.752,0.87,0.88,0.12,0.13,0.01,0.01,74704.16,1776327695000
1776327697.133,97.133,0.88,0.89,0.11,0.13,0.01,0.02,74704.16,1776327696000
1776327697.686,97.686,0.88,0.89,0.11,0.12,0.01,0.01,74704.16,1776327696000
1776327698.208,98.208,0.88,0.89,0.11,0.12,0.01,0.01,74704.18,1776327697000
1776327698.589,98.589,0.88,0.89,0.11,0.12,0.01,0.01,74704.18,1776327697000
1776327698.923,98.923,0.88,0.89,0.11,0.12,0.01,0.01,74704.18,1776327698000
1776327699.447,99.447,0.88,0.89,0.11,0.12,0.01,0.01,74704.18,1776327698000
1776327699.997,99.997,0.88,0.89,0.11,0.12,0.01,0.01,74704.18,1776327698000
1776327700.713,100.713,0.88,0.89,0.11,0.12,0.01,0.01,74704.28,1776327699000
1776327701.126,101.126,0.88,0.89,0.11,0.12,0.01,0.01,74704.28,1776327700000
1776327701.615,101.615,0.89,0.9,0.1,0.11,0.01,0.01,74704.28,1776327700000
1776327701.982,101.982,0.89,0.9,0.1,0.11,0.01,0.01,74704.28,1776327701000
1776327702.513,102.513,0.9,0.91,0.09,0.1,0.01,0.01,74704.28,1776327701000
1776327702.953,102.953,0.9,0.91,0.09,0.1,0.01,0.01,74704.28,1776327701000
1776327703.288,103.288,0.9,0.91,0.09,0.1,0.01,0.01,74708.07,1776327702000
1776327703.896,103.896,0.9,0.91,0.09,0.1,0.01,0.01,74708.07,1776327702000
1776327704.254,104.254,0.9,0.91,0.09,0.1,0.01,0.01,74710.41,1776327703000
1776327704.645,104.645,0.9,0.91,0.09,0.1,0.01,0.01,74710.41,1776327703000
1776327705.036,105.036,0.9,0.91,0.09,0.1,0.01,0.01,74710.48,1776327704000
1776327705.67,105.67,0.9,0.91,0.09,0.1,0.01,0.01,74710.48,1776327704000
1776327706.082,106.082,0.89,0.9,0.1,0.11,0.01,0.01,74709.05,1776327705000
1776327706.436,106.436,0.89,0.9,0.1,0.11,0.01,0.01,74709.05,1776327705000
1776327706.897,106.897,0.89,0.9,0.1,0.11,0.01,0.01,74709.05,1776327705000
1776327707.424,107.424,0.9,0.91,0.09,0.1,0.01,0.01,74710.66,1776327706000
1776327707.843,107.843,0.91,0.92,0.08,0.09,0.01,0.01,74710.66,1776327706000
1776327708.522,108.522,0.91,0.92,0.08,0.09,0.01,0.01,74708.44,1776327707000
1776327708.869,108.869,0.91,0.92,0.08,0.09,0.01,0.01,74708.44,1776327707000
1776327709.266,109.266,0.91,0.92,0.08,0.09,0.01,0.01,74708.75,1776327708000
1776327709.703,109.703,0.91,0.92,0.08,0.09,0.01,0.01,74708.75,1776327708000
1776327710.043,110.043,0.91,0.92,0.08,0.09,0.01,0.01,74708.75,1776327708000
1776327710.418,110.418,0.91,0.92,0.08,0.09,0.01,0.01,74709.35,1776327709000
1776327711.167,111.167,0.91,0.92,0.08,0.09,0.01,0.01,74713.63,1776327710000
1776327711.742,111.742,0.91,0.92,0.08,0.09,0.01,0.01,74713.63,1776327710000
1776327712.286,112.286,0.91,0.92,0.08,0.09,0.01,0.01,74716.14,1776327711000
1776327712.711,112.711,0.91,0.92,0.08,0.09,0.01,0.01,74716.14,1776327711000
1776327713.089,113.089,0.91,0.92,0.08,0.09,0.01,0.01,74716.14,1776327711000
1776327713.623,113.623,0.91,0.92,0.08,0.09,0.01,0.01,74713.84,1776327712000
1776327714.098,114.098,0.91,0.92,0.08,0.09,0.01,0.01,74713.84,1776327712000
1776327714.563,114.563,0.91,0.92,0.08,0.09,0.01,0.01,74714.92,1776327713000
1776327714.912,114.912,0.9,0.91,0.08,0.1,0.01,0.02,74715.05,1776327714000
1776327715.274,115.274,0.9,0.91,0.09,0.1,0.01,0.01,74715.05,1776327714000
1776327715.709,115.709,0.9,0.91,0.09,0.1,0.01,0.01,74715.05,1776327714000
1776327716.193,116.193,0.9,0.91,0.09,0.1,0.01,0.01,74715.9,1776327715000
1776327716.881,116.881,0.9,0.91,0.09,0.1,0.01,0.01,74715.9,1776327715000
1776327717.239,117.239,0.9,0.91,0.09,0.1,0.01,0.01,74715.91,1776327716000
1776327717.597,117.597,0.9,0.91,0.09,0.1,0.01,0.01,74715.91,1776327716000
1776327717.965,117.965,0.9,0.91,0.09,0.1,0.01,0.01,74717.91,1776327717000
1776327718.305,118.305,0.9,0.91,0.09,0.1,0.01,0.01,74717.91,1776327717000
1776327718.653,118.653,0.9,0.91,0.09,0.1,0.01,0.01,74717.91,1776327717000
1776327719.18,119.18,0.9,0.91,0.09,0.1,0.01,0.01,74715.5,1776327718000
1776327719.715,119.715,0.9,0.91,0.09,0.1,0.01,0.01,74715.5,1776327718000
1776327720.22,120.22,0.9,0.91,0.09,0.1,0.01,0.01,74715.91,1776327719000
1776327720.597,120.597,0.9,0.91,0.09,0.1,0.01,0.01,74715.91,1776327719000
1776327720.932,120.932,0.9,0.91,0.09,0.1,0.01,0.01,74715.29,1776327720000
1776327721.281,121.281,0.9,0.91,0.09,0.1,0.01,0.01,74715.29,1776327720000
1776327721.966,121.966,0.9,0.91,0.09,0.1,0.01,0.01,74715.29,1776327720000
1776327722.859,122.859,0.9,0.91,0.09,0.1,0.01,0.01,74714.93,1776327721000
1776327723.291,123.291,0.9,0.91,0.09,0.1,0.01,0.01,74714.93,1776327721000
1776327723.686,123.686,0.9,0.91,0.09,0.1,0.01,0.01,74713.89,1776327722000
1776327724.182,124.182,0.9,0.91,0.09,0.1,0.01,0.01,74713.89,1776327722000
1776327724.518,124.518,0.89,0.9,0.1,0.11,0.01,0.01,74713.89,1776327722000
1776327724.958,124.958,0.89,0.9,0.1,0.11,0.01,0.01,74713.88,1776327723000
1776327725.9,125.9,0.89,0.9,0.1,0.11,0.01,0.01,74713.8,1776327724000
1776327726.545,126.545,0.89,0.9,0.1,0.11,0.01,0.01,74710.18,1776327725000
1776327726.951,126.951,0.89,0.9,0.1,0.11,0.01,0.01,74710.18,1776327725000
1776327727.308,127.308,0.89,0.9,0.1,0.11,0.01,0.01,74706.3,1776327726000
1776327728.302,128.302,0.89,0.9,0.1,0.11,0.01,0.01,74706.29,1776327727000
1776327729.382,129.382,0.89,0.9,0.1,0.11,0.01,0.01,74706.29,1776327727000
1776327729.885,129.885,0.9,0.91,0.09,0.1,0.01,0.01,74703.98,1776327728000
1776327730.264,130.264,0.9,0.91,0.09,0.1,0.01,0.01,74705.78,1776327729000
1776327730.6,130.6,0.9,0.91,0.09,0.1,0.01,0.01,74705.78,1776327729000
1776327731.165,131.165,0.9,0.91,0.09,0.1,0.01,0.01,74705.81,1776327730000
1776327731.89,131.89,0.9,0.92,0.09,0.1,0.02,0.01,74705.81,1776327730000
1776327732.355,132.355,0.91,0.92,0.08,0.1,0.01,0.02,74705.81,1776327730000
1776327732.735,132.735,0.91,0.92,0.08,0.09,0.01,0.01,74705.96,1776327731000
1776327733.354,133.354,0.91,0.92,0.08,0.09,0.01,0.01,74706.89,1776327732000
1776327733.716,133.716,0.91,0.92,0.08,0.09,0.01,0.01,74706.89,1776327732000
1776327734.162,134.162,0.91,0.92,0.08,0.09,0.01,0.01,74705.98,1776327733000
1776327735.256,135.256,0.91,0.92,0.08,0.09,0.01,0.01,74706.01,1776327734000
1776327736.352,136.352,0.91,0.92,0.08,0.09,0.01,0.01,74706.01,1776327734000
1776327737.562,137.562,0.91,0.92,0.08,0.09,0.01,0.01,74706.89,1776327736000
1776327738.135,138.135,0.91,0.92,0.08,0.09,0.01,0.01,74706.89,1776327736000
1776327738.595,138.595,0.91,0.92,0.08,0.09,0.01,0.01,74706.12,1776327737000
1776327739.043,139.043,0.91,0.92,0.08,0.09,0.01,0.01,74706.12,1776327737000
1776327739.503,139.503,0.91,0.92,0.08,0.09,0.01,0.01,74708.45,1776327738000
1776327740.392,140.392,0.91,0.92,0.08,0.09,0.01,0.01,74706.94,1776327739000
1776327740.737,140.737,0.91,0.92,0.08,0.09,0.01,0.01,74706.94,1776327739000
1776327741.641,141.641,0.91,0.92,0.08,0.09,0.01,0.01,74709.19,1776327740000
1776327742.106,142.106,0.91,0.92,0.08,0.09,0.01,0.01,74705.68,1776327741000
1776327742.442,142.442,0.91,0.92,0.08,0.09,0.01,0.01,74705.68,1776327741000
1776327742.784,142.784,0.91,0.92,0.08,0.09,0.01,0.01,74705.68,1776327741000
1776327743.169,143.169,0.91,0.92,0.08,0.09,0.01,0.01,74705.68,1776327741000
1776327743.733,143.733,0.91,0.92,0.08,0.09,0.01,0.01,74705.79,1776327742000
1776327744.111,144.111,0.93,0.94,0.06,0.07,0.01,0.01,74705.79,1776327742000
1776327744.667,144.667,0.94,0.95,0.05,0.06,0.01,0.01,74706.99,1776327743000
1776327745.079,145.079,0.94,0.95,0.05,0.06,0.01,0.01,74706.99,1776327743000
1776327745.508,145.508,0.94,0.95,0.05,0.06,0.01,0.01,74706.99,1776327744000
1776327745.847,145.847,0.94,0.95,0.05,0.06,0.01,0.01,74706.99,1776327744000
1776327746.199,146.199,0.94,0.95,0.05,0.06,0.01,0.01,74715.61,1776327745000
1776327746.547,146.547,0.94,0.95,0.05,0.06,0.01,0.01,74715.61,1776327745000
1776327746.997,146.997,0.94,0.95,0.05,0.06,0.01,0.01,74717.14,1776327746000
1776327747.538,147.538,0.94,0.95,0.05,0.06,0.01,0.01,74717.14,1776327746000
1776327748.157,148.157,0.94,0.95,0.05,0.06,0.01,0.01,74717.17,1776327747000
1776327748.637,148.637,0.94,0.95,0.05,0.06,0.01,0.01,74717.17,1776327747000
1776327748.976,148.976,0.94,0.95,0.05,0.06,0.01,0.01,74717.17,1776327747000
1776327749.374,149.374,0.94,0.95,0.05,0.06,0.01,0.01,74717.26,1776327748000
1776327749.709,149.709,0.94,0.95,0.05,0.06,0.01,0.01,74717.26,1776327748000
1776327750.069,150.069,0.95,0.96,0.04,0.05,0.01,0.01,74717.26,1776327748000
1776327750.404,150.404,0.95,0.97,0.04,0.05,0.02,0.01,74717.26,1776327748000
1776327750.78,150.78,0.95,0.96,0.04,0.05,0.01,0.01,74720.29,1776327749000
1776327751.13,151.13,0.96,0.97,0.03,0.04,0.01,0.01,74721.74,1776327750000
1776327751.556,151.556,0.95,0.96,0.04,0.05,0.01,0.01,74721.74,1776327750000
1776327751.901,151.901,0.95,0.96,0.04,0.05,0.01,0.01,74721.74,1776327750000
1776327752.249,152.249,0.95,0.96,0.04,0.05,0.01,0.01,74721.74,1776327750000
1776327752.62,152.62,0.95,0.96,0.04,0.05,0.01,0.01,74721.74,1776327750000
1776327752.973,152.973,0.95,0.96,0.04,0.05,0.01,0.01,74721.99,1776327751000
1776327753.73,153.73,0.95,0.96,0.04,0.05,0.01,0.01,74721.94,1776327752000
1776327754.075,154.075,0.95,0.96,0.04,0.05,0.01,0.01,74721.94,1776327752000
1776327754.762,154.762,0.95,0.96,0.04,0.05,0.01,0.01,74719.23,1776327753000
1776327755.1,155.1,0.95,0.96,0.04,0.05,0.01,0.01,74719.23,1776327753000
1776327755.612,155.612,0.95,0.96,0.04,0.05,0.01,0.01,74718.59,1776327754000
1776327756.376,156.376,0.95,0.96,0.04,0.05,0.01,0.01,74717.89,1776327755000
1776327757.565,157.565,0.95,0.96,0.04,0.05,0.01,0.01,74717.89,1776327755000
1776327758.135,158.135,0.95,0.96,0.04,0.05,0.01,0.01,74717.05,1776327756000
1776327758.603,158.603,0.95,0.96,0.04,0.05,0.01,0.01,74717.15,1776327757000
1776327759.039,159.039,0.95,0.96,0.04,0.05,0.01,0.01,74717.15,1776327757000
1776327759.393,159.393,0.95,0.96,0.04,0.05,0.01,0.01,74716.6,1776327758000
1776327759.927,159.927,0.95,0.96,0.04,0.05,0.01,0.01,74716.6,1776327758000
1776327760.495,160.495,0.95,0.96,0.04,0.05,0.01,0.01,74714.21,1776327759000
1776327760.954,160.954,0.95,0.96,0.04,0.05,0.01,0.01,74714.21,1776327759000
1776327761.84,161.84,0.95,0.96,0.04,0.05,0.01,0.01,74714.23,1776327760000
1776327762.379,162.379,0.95,0.96,0.04,0.05,0.01,0.01,74714.23,1776327760000
1776327762.759,162.759,0.94,0.96,0.04,0.05,0.02,0.01,74716.69,1776327761000
1776327763.216,163.216,0.94,0.95,0.04,0.06,0.01,0.02,74717.9,1776327762000
1776327763.557,163.557,0.95,0.96,0.04,0.05,0.01,0.01,74717.9,1776327762000
1776327763.909,163.909,0.95,0.96,0.04,0.05,0.01,0.01,74717.9,1776327762000
1776327764.306,164.306,0.95,0.96,0.04,0.05,0.01,0.01,74722.3,1776327763000
1776327764.642,164.642,0.95,0.96,0.04,0.05,0.01,0.01,74722.3,1776327763000
1776327765.58,165.58,0.95,0.96,0.04,0.05,0.01,0.01,74720.8,1776327764000
1776327766.199,166.199,0.95,0.96,0.04,0.05,0.01,0.01,74720.86,1776327765000
1776327766.755,166.755,0.95,0.96,0.04,0.05,0.01,0.01,74720.86,1776327765000
1776327767.608,167.608,0.95,0.96,0.04,0.05,0.01,0.01,74717.48,1776327766000
1776327768.049,168.049,0.95,0.96,0.04,0.05,0.01,0.01,74717.48,1776327766000
1776327768.539,168.539,0.95,0.96,0.04,0.05,0.01,0.01,74719.35,1776327767000
1776327768.994,168.994,0.95,0.96,0.04,0.05,0.01,0.01,74719.35,1776327767000
1776327769.349,169.349,0.95,0.96,0.04,0.05,0.01,0.01,74721.24,1776327768000
1776327769.823,169.823,0.95,0.96,0.04,0.06,0.01,0.02,74721.24,1776327768000
1776327770.387,170.387,0.95,0.96,0.04,0.05,0.01,0.01,74716.51,1776327769000
1776327770.867,170.867,0.95,0.96,0.04,0.05,0.01,0.01,74716.51,1776327769000
1776327771.336,171.336,0.95,0.96,0.04,0.05,0.01,0.01,74716.64,1776327770000
1776327771.931,171.931,0.95,0.96,0.04,0.05,0.01,0.01,74716.64,1776327770000
1776327772.436,172.436,0.95,0.96,0.04,0.05,0.01,0.01,74717.23,1776327771000
1776327772.944,172.944,0.96,0.97,0.04,0.05,0.01,0.01,74717.23,1776327771000
1776327773.291,173.291,0.96,0.97,0.03,0.04,0.01,0.01,74717.23,1776327771000
1776327773.647,173.647,0.96,0.97,0.03,0.04,0.01,0.01,74720.09,1776327772000
1776327774.006,174.006,0.96,0.97,0.03,0.04,0.01,0.01,74720.09,1776327772000
1776327774.464,174.464,0.96,0.97,0.03,0.04,0.01,0.01,74718.31,1776327773000
1776327774.894,174.894,0.96,0.97,0.03,0.04,0.01,0.01,74718.31,1776327774000
1776327775.305,175.305,0.96,0.97,0.03,0.04,0.01,0.01,74718.31,1776327774000
1776327775.83,175.83,0.96,0.97,0.03,0.04,0.01,0.01,74719.25,1776327775000
1776327777.013,177.013,0.96,0.97,0.03,0.04,0.01,0.01,74719.25,1776327775000
1776327777.425,177.425,0.96,0.97,0.03,0.04,0.01,0.01,74719.25,1776327775000
1776327777.786,177.786,0.96,0.97,0.03,0.04,0.01,0.01,74719.93,1776327776000
1776327778.185,178.185,0.96,0.97,0.03,0.04,0.01,0.01,74718.83,1776327777000
1776327778.573,178.573,0.96,0.97,0.03,0.04,0.01,0.01,74718.83,1776327777000
1776327778.952,178.952,0.96,0.97,0.03,0.04,0.01,0.01,74718.83,1776327777000
1776327779.352,179.352,0.96,0.97,0.03,0.04,0.01,0.01,74716.53,1776327778000
1776327779.988,179.988,0.96,0.97,0.03,0.04,0.01,0.01,74718.03,1776327779000
1776327780.344,180.344,0.96,0.97,0.03,0.04,0.01,0.01,74718.03,1776327779000
1776327780.721,180.721,0.96,0.97,0.03,0.04,0.01,0.01,74718.03,1776327779000
1776327781.284,181.284,0.96,0.97,0.03,0.04,0.01,0.01,74718.31,1776327780000
1776327781.645,181.645,0.96,0.97,0.03,0.04,0.01,0.01,74718.31,1776327780000
1776327782.062,182.062,0.96,0.97,0.03,0.04,0.01,0.01,74718.33,1776327781000
1776327782.617,182.617,0.96,0.97,0.03,0.04,0.01,0.01,74718.33,1776327781000
1776327783.416,183.416,0.96,0.97,0.03,0.04,0.01,0.01,74722.21,1776327782000
1776327783.879,183.879,0.96,0.97,0.03,0.04,0.01,0.01,74722.21,1776327782000
1776327784.644,184.644,0.96,0.97,0.03,0.04,0.01,0.01,74721.0,1776327783000
1776327785.273,185.273,0.96,0.97,0.03,0.04,0.01,0.01,74721.0,1776327783000
1776327785.784,185.784,0.96,0.97,0.03,0.04,0.01,0.01,74721.0,1776327784000
1776327786.209,186.209,0.96,0.97,0.03,0.04,0.01,0.01,74721.0,1776327784000
1776327786.557,186.557,0.96,0.97,0.03,0.04,0.01,0.01,74721.13,1776327785000
1776327787.172,187.172,0.96,0.97,0.03,0.04,0.01,0.01,74722.74,1776327786000
1776327787.753,187.753,0.96,0.97,0.03,0.04,0.01,0.01,74722.74,1776327786000
1776327788.19,188.19,0.96,0.97,0.03,0.04,0.01,0.01,74722.74,1776327786000
1776327788.672,188.672,0.96,0.97,0.03,0.04,0.01,0.01,74721.13,1776327787000
1776327789.355,189.355,0.96,0.97,0.03,0.04,0.01,0.01,74721.13,1776327788000
1776327789.766,189.766,0.96,0.97,0.03,0.04,0.01,0.01,74721.13,1776327788000
1776327790.149,190.149,0.96,0.97,0.03,0.04,0.01,0.01,74721.13,1776327789000
1776327790.582,190.582,0.96,0.97,0.03,0.04,0.01,0.01,74721.13,1776327789000
1776327790.997,190.997,0.96,0.97,0.03,0.04,0.01,0.01,74721.13,1776327789000
1776327791.373,191.373,0.96,0.97,0.03,0.04,0.01,0.01,74721.13,1776327789000
1776327792.365,192.365,0.96,0.97,0.03,0.04,0.01,0.01,74722.53,1776327791000
1776327792.911,192.911,0.96,0.97,0.03,0.04,0.01,0.01,74722.53,1776327791000
1776327793.693,193.693,0.96,0.97,0.03,0.04,0.01,0.01,74723.17,1776327792000
1776327794.29,194.29,0.96,0.97,0.03,0.04,0.01,0.01,74721.87,1776327793000
1776327794.732,194.732,0.96,0.97,0.03,0.04,0.01,0.01,74721.87,1776327793000
1776327795.394,195.394,0.96,0.97,0.03,0.04,0.01,0.01,74721.87,1776327793000
1776327795.728,195.728,0.96,0.97,0.03,0.04,0.01,0.01,74720.71,1776327794000
1776327796.25,196.25,0.97,0.98,0.02,0.03,0.01,0.01,74720.71,1776327794000
1776327796.663,196.663,0.97,0.98,0.02,0.03,0.01,0.01,74720.71,1776327795000
1776327797.009,197.009,0.97,0.98,0.02,0.03,0.01,0.01,74720.71,1776327795000
1776327797.505,197.505,0.97,0.98,0.02,0.03,0.01,0.01,74721.83,1776327796000
1776327797.866,197.866,0.97,0.98,0.02,0.03,0.01,0.01,74721.83,1776327796000
1776327798.587,198.587,0.97,0.98,0.02,0.03,0.01,0.01,74724.02,1776327797000
1776327798.957,198.957,0.97,0.98,0.02,0.03,0.01,0.01,74724.02,1776327797000
1776327799.362,199.362,0.97,0.98,0.02,0.03,0.01,0.01,74724.02,1776327797000
1776327799.719,199.719,0.97,0.98,0.02,0.03,0.01,0.01,74725.84,1776327798000
1776327800.142,200.142,0.97,0.98,0.02,0.03,0.01,0.01,74725.84,1776327798000
1776327801.522,201.522,0.97,0.98,0.02,0.03,0.01,0.01,74725.55,1776327800000
1776327801.928,201.928,0.97,0.98,0.02,0.03,0.01,0.01,74725.55,1776327800000
1776327802.504,202.504,0.97,0.98,0.02,0.03,0.01,0.01,74725.63,1776327801000
1776327802.855,202.855,0.97,0.98,0.02,0.03,0.01,0.01,74725.63,1776327801000
1776327803.249,203.249,0.97,0.98,0.02,0.03,0.01,0.01,74729.2,1776327802000
1776327803.778,203.778,0.97,0.98,0.02,0.03,0.01,0.01,74729.2,1776327802000
1776327804.364,204.364,0.97,0.98,0.02,0.03,0.01,0.01,74729.0,1776327803000
1776327804.703,204.703,0.98,0.99,0.01,0.02,0.01,0.01,74729.0,1776327803000
1776327805.13,205.13,0.98,0.99,0.01,0.02,0.01,0.01,74729.28,1776327804000
1776327805.465,205.465,0.98,0.99,0.01,0.02,0.01,0.01,74729.28,1776327804000
1776327805.809,205.809,0.98,0.99,0.01,0.02,0.01,0.01,74729.28,1776327804000
1776327806.183,206.183,0.98,0.99,0.01,0.02,0.01,0.01,74728.54,1776327805000
1776327806.519,206.519,0.99,0.99,0.01,0.01,0.0,0.0,74728.54,1776327805000
1776327806.879,206.879,0.99,0.99,0.01,0.01,0.0,0.0,74728.54,1776327805000
1776327807.261,207.261,0.99,0.99,0.01,0.01,0.0,0.0,74733.84,1776327806000
1776327808.102,208.102,0.99,0.99,0.01,0.01,0.0,0.0,74733.84,1776327806000
1776327808.461,208.461,0.99,0.99,0.01,0.01,0.0,0.0,74740.5,1776327807000
1776327809.383,209.383,0.99,0.99,0.01,0.01,0.0,0.0,74741.5,1776327808000
1776327810.019,210.019,0.99,0.99,0.01,0.01,0.0,0.0,74743.01,1776327809000
1776327810.869,210.869,0.99,0.99,0.01,0.01,0.0,0.0,74745.64,1776327810000
1776327811.928,211.928,0.99,0.99,0.01,0.01,0.0,0.0,74745.55,1776327811000
1776327812.659,212.659,0.99,0.99,0.01,0.01,0.0,0.0,74745.55,1776327811000
1776327813.163,213.163,0.99,0.99,0.01,0.01,0.0,0.0,74745.55,1776327811000
1776327813.621,213.621,0.99,0.99,0.01,0.01,0.0,0.0,74745.55,1776327811000
1776327814.163,214.163,0.99,0.99,0.01,0.01,0.0,0.0,74746.06,1776327813000
1776327814.52,214.52,0.99,0.99,0.01,0.01,0.0,0.0,74746.06,1776327813000
1776327815.095,215.095,0.99,0.99,0.01,0.01,0.0,0.0,74741.23,1776327814000
1776327815.616,215.616,0.99,0.99,0.01,0.01,0.0,0.0,74741.23,1776327814000
1776327816.191,216.191,0.99,0.99,0.01,0.01,0.0,0.0,74740.72,1776327815000
1776327817.188,217.188,0.99,0.99,0.01,0.01,0.0,0.0,74742.21,1776327816000
1776327818.211,218.211,0.99,0.99,0.01,0.01,0.0,0.0,74742.21,1776327816000
1776327819.245,219.245,0.99,0.99,0.01,0.01,0.0,0.0,74742.53,1776327818000
1776327819.933,219.933,0.99,0.99,0.01,0.01,0.0,0.0,74742.53,1776327818000
1776327820.269,220.269,0.99,0.99,0.01,0.01,0.0,0.0,74746.95,1776327819000
1776327820.677,220.677,0.99,0.99,0.01,0.01,0.0,0.0,74746.95,1776327819000
1776327821.353,221.353,0.99,0.99,0.01,0.01,0.0,0.0,74746.69,1776327820000
1776327821.836,221.836,0.99,0.99,0.01,0.01,0.0,0.0,74747.42,1776327821000
1776327823.032,223.032,0.99,0.99,0.01,0.01,0.0,0.0,74749.24,1776327822000
1776327824.002,224.002,0.99,0.99,0.01,0.01,0.0,0.0,74749.24,1776327823000
1776327825.033,225.033,0.99,0.99,0.01,0.01,0.0,0.0,74748.85,1776327824000
1776327825.595,225.595,0.99,0.99,0.01,0.01,0.0,0.0,74748.85,1776327824000
1776327826.073,226.073,0.99,0.99,0.01,0.01,0.0,0.0,74750.51,1776327825000
1776327827.802,227.802,0.99,0.99,0.01,0.01,0.0,0.0,74750.11,1776327826000
1776327828.341,228.341,0.99,0.99,0.01,0.01,0.0,0.0,74750.06,1776327827000
1776327829.254,229.254,0.99,0.99,0.01,0.01,0.0,0.0,74750.06,1776327827000
1776327830.088,230.088,0.99,0.99,0.01,0.01,0.0,0.0,74748.29,1776327828000
1776327830.453,230.453,0.99,0.99,0.01,0.01,0.0,0.0,74747.32,1776327829000
1776327830.898,230.898,0.99,0.99,0.01,0.01,0.0,0.0,74744.5,1776327830000
1776327831.933,231.933,0.99,0.99,0.01,0.01,0.0,0.0,74742.89,1776327831000
1776327832.696,232.696,0.99,0.99,0.01,0.01,0.0,0.0,74742.89,1776327831000
1776327834.1,234.1,0.99,0.99,0.01,0.01,0.0,0.0,74740.38,1776327833000
1776327835.048,235.048,0.99,0.99,0.01,0.01,0.0,0.0,74735.19,1776327834000
1776327835.382,235.382,0.99,0.99,0.01,0.01,0.0,0.0,74735.19,1776327834000
1776327836.091,236.091,0.99,0.99,0.01,0.01,0.0,0.0,74734.16,1776327835000
1776327837.183,237.183,0.99,0.99,0.01,0.01,0.0,0.0,74733.13,1776327836000
1776327838.003,238.003,0.99,0.99,0.01,0.01,0.0,0.0,74733.13,1776327836000
1776327838.979,238.979,0.99,0.99,0.01,0.01,0.0,0.0,74731.0,1776327837000
1776327839.364,239.364,0.99,0.99,0.01,0.01,0.0,0.0,74730.2,1776327838000
1776327839.733,239.733,0.99,0.99,0.01,0.01,0.0,0.0,74730.2,1776327838000
1776327840.428,240.428,0.99,0.99,0.01,0.01,0.0,0.0,74729.11,1776327839000
1776327840.803,240.803,0.99,0.99,0.01,0.01,0.0,0.0,74729.11,1776327839000
1776327841.485,241.485,0.99,0.99,0.01,0.01,0.0,0.0,74729.11,1776327839000
1776327841.997,241.997,0.99,0.99,0.01,0.01,0.0,0.0,74724.11,1776327840000
1776327842.529,242.529,0.99,0.99,0.01,0.01,0.0,0.0,74722.35,1776327841000
1776327843.243,243.243,0.99,0.99,0.01,0.01,0.0,0.0,74722.35,1776327842000
1776327844.529,244.529,0.99,0.99,0.01,0.01,0.0,0.0,74722.35,1776327842000
1776327845.027,245.027,0.99,0.99,0.01,0.01,0.0,0.0,74723.36,1776327844000
1776327845.63,245.63,0.99,0.99,0.01,0.01,0.0,0.0,74723.36,1776327844000
1776327846.1,246.1,0.99,0.99,0.01,0.01,0.0,0.0,74723.36,1776327844000
1776327846.492,246.492,0.99,0.99,0.01,0.01,0.0,0.0,74722.33,1776327845000
1776327847.282,247.282,0.99,0.99,0.01,0.01,0.0,0.0,74722.36,1776327846000
1776327847.985,247.985,0.99,0.99,0.01,0.01,0.0,0.0,74722.36,1776327846000
1776327849.455,249.455,0.99,0.99,0.01,0.01,0.0,0.0,74720.37,1776327848000
1776327850.166,250.166,0.99,0.99,0.01,0.01,0.0,0.0,74720.37,1776327849000
1776327851.262,251.262,0.99,0.99,0.01,0.01,0.0,0.0,74720.37,1776327850000
1776327852.21,252.21,0.99,0.99,0.01,0.01,0.0,0.0,74721.23,1776327851000
1776327853.353,253.353,0.99,0.99,0.01,0.01,0.0,0.0,74722.35,1776327852000
1776327853.836,253.836,0.99,0.99,0.01,0.01,0.0,0.0,74722.35,1776327852000
1776327855.017,255.017,0.99,0.99,0.01,0.01,0.0,0.0,74725.02,1776327854000
1776327856.242,256.242,0.99,0.99,0.01,0.01,0.0,0.0,74730.2,1776327855000
1776327857.456,257.456,0.99,0.99,0.01,0.01,0.0,0.0,74730.53,1776327856000
1776327857.945,257.945,0.99,0.99,0.01,0.01,0.0,0.0,74730.59,1776327857000
1776327859.222,259.222,0.99,0.99,0.01,0.01,0.0,0.0,74733.36,1776327858000
1776327860.365,260.365,0.99,0.99,0.01,0.01,0.0,0.0,74736.36,1776327859000
1776327860.862,260.862,0.99,0.99,0.01,0.01,0.0,0.0,74737.75,1776327860000
1776327862.009,262.009,0.99,0.99,0.01,0.01,0.0,0.0,74737.75,1776327861000
1776327862.469,262.469,0.99,0.99,0.01,0.01,0.0,0.0,74737.75,1776327861000
1776327862.809,262.809,0.99,0.99,0.01,0.01,0.0,0.0,74737.75,1776327861000
1776327863.354,263.354,0.99,0.99,0.01,0.01,0.0,0.0,74736.8,1776327862000
1776327863.853,263.853,0.99,0.99,0.01,0.01,0.0,0.0,74734.39,1776327863000
1776327864.301,264.301,0.99,0.99,0.01,0.01,0.0,0.0,74734.39,1776327863000
1776327865.052,265.052,0.99,0.99,0.01,0.01,0.0,0.0,74727.91,1776327864000
1776327866.132,266.132,0.99,0.99,0.01,0.01,0.0,0.0,74727.15,1776327865000
1776327867.237,267.237,0.99,0.99,0.01,0.01,0.0,0.0,74727.15,1776327865000
1776327868.036,268.036,0.99,0.99,0.01,0.01,0.0,0.0,74727.15,1776327867000
1776327869.023,269.023,0.99,0.99,0.01,0.01,0.0,0.0,74727.64,1776327868000
1776327870.127,270.127,0.99,0.99,0.01,0.01,0.0,0.0,74727.64,1776327869000
1776327871.332,271.332,0.99,0.99,0.01,0.01,0.0,0.0,74735.01,1776327870000
1776327872.089,272.089,0.99,0.99,0.01,0.01,0.0,0.0,74735.01,1776327870000
1776327872.734,272.734,0.99,0.99,0.01,0.01,0.0,0.0,74732.47,1776327871000
1776327873.87,273.87,0.99,0.99,0.01,0.01,0.0,0.0,74729.46,1776327872000
1776327874.662,274.662,0.99,0.99,0.01,0.01,0.0,0.0,74729.36,1776327873000
1776327875.016,275.016,0.99,0.99,0.01,0.01,0.0,0.0,74729.36,1776327873000
1776327875.396,275.396,0.99,0.99,0.01,0.01,0.0,0.0,74728.37,1776327874000
1776327876.571,276.571,0.99,0.99,0.01,0.01,0.0,0.0,74728.37,1776327874000
1776327876.952,276.952,0.99,0.99,0.01,0.01,0.0,0.0,74727.32,1776327875000
1776327877.47,277.47,0.99,0.99,0.01,0.01,0.0,0.0,74714.23,1776327876000
1776327878.263,278.263,0.99,0.99,0.01,0.01,0.0,0.0,74712.37,1776327877000
1776327879.357,279.357,0.99,0.99,0.01,0.01,0.0,0.0,74712.41,1776327878000
1776327880.649,280.649,0.99,0.99,0.01,0.01,0.0,0.0,74716.19,1776327879000
1776327881.289,281.289,0.99,0.99,0.01,0.01,0.0,0.0,74712.87,1776327880000
1776327882.734,282.734,0.99,0.99,0.01,0.01,0.0,0.0,74711.05,1776327881000
1776327883.518,283.518,0.99,0.99,0.01,0.01,0.0,0.0,74710.96,1776327882000
1776327883.99,283.99,0.99,0.99,0.01,0.01,0.0,0.0,74710.96,1776327882000
1776327884.626,284.626,0.99,0.99,0.01,0.01,0.0,0.0,74710.26,1776327883000
1776327885.384,285.384,0.99,0.99,0.01,0.01,0.0,0.0,74709.54,1776327884000
1776327886.102,286.102,0.99,0.99,0.01,0.01,0.0,0.0,74708.5,1776327885000
1776327886.838,286.838,0.99,0.99,0.01,0.01,0.0,0.0,74708.5,1776327885000
1776327887.303,287.303,0.99,0.99,0.01,0.01,0.0,0.0,74706.98,1776327886000
1776327888.49,288.49,0.99,0.99,0.01,0.01,0.0,0.0,74706.98,1776327886000
1776327889.629,289.629,0.99,0.99,0.01,0.01,0.0,0.0,74705.22,1776327888000
1776327890.33,290.33,0.99,0.99,0.01,0.01,0.0,0.0,74705.22,1776327889000
1776327890.98,290.98,0.99,0.99,0.01,0.01,0.0,0.0,74705.22,1776327889000
1776327892.227,292.227,0.99,0.99,0.01,0.01,0.0,0.0,74704.85,1776327891000
1776327893.039,293.039,0.99,0.99,0.01,0.01,0.0,0.0,74704.85,1776327891000
1776327893.471,293.471,0.99,0.99,0.01,0.01,0.0,0.0,74703.67,1776327892000
1776327894.283,294.283,0.99,0.99,0.01,0.01,0.0,0.0,74702.63,1776327893000
1776327895.226,295.226,0.99,0.99,0.01,0.01,0.0,0.0,74698.12,1776327894000
1776327895.954,295.954,0.99,0.99,0.01,0.01,0.0,0.0,74698.12,1776327894000
1776327896.326,296.326,0.99,0.99,0.01,0.01,0.0,0.0,74697.19,1776327895000
1776327896.884,296.884,0.99,0.99,0.01,0.01,0.0,0.0,74697.19,1776327895000
1776327897.252,297.252,0.99,0.99,0.01,0.01,0.0,0.0,74697.3,1776327896000
1776327898.296,298.296,0.99,0.99,0.01,0.01,0.0,0.0,74692.54,1776327897000
1776327899.279,299.279,0.99,0.99,0.01,0.01,0.0,0.0,74688.74,1776327898000
1776327900.427,300.427,0.99,0.99,0.01,0.01,0.0,0.0,74690.41,1776327899000

# RESULT,winner=Up,slug=btc-updown-5m-1776327600,ticks=571
