timestamp,elapsed_sec,up_bid,up_ask,down_bid,down_ask,up_spread,down_spread,btc_price,btc_oracle_ts
1776021300.623,0.623,0.47,0.49,0.51,0.52,0.02,0.01,71162.16,1776021298000
1776021301.033,1.033,0.47,0.48,0.52,0.53,0.01,0.01,71161.24,1776021299000
1776021301.371,1.371,0.47,0.48,0.52,0.53,0.01,0.01,71161.24,1776021299000
1776021301.708,1.708,0.47,0.49,0.52,0.53,0.02,0.01,71161.24,1776021299000
1776021302.056,2.056,0.48,0.49,0.51,0.52,0.01,0.01,71161.74,1776021300000
1776021302.448,2.448,0.46,0.47,0.52,0.54,0.01,0.02,71161.74,1776021300000
1776021302.786,2.786,0.46,0.47,0.53,0.54,0.01,0.01,71161.74,1776021300000
1776021303.149,3.149,0.46,0.47,0.53,0.54,0.01,0.01,71162.2,1776021301000
1776021303.493,3.493,0.42,0.47,0.53,0.54,0.05,0.01,71162.2,1776021301000
1776021303.959,3.959,0.44,0.45,0.55,0.56,0.01,0.01,71162.2,1776021301000
1776021304.331,4.331,0.45,0.46,0.55,0.56,0.01,0.01,71163.08,1776021302000
1776021304.726,4.726,0.45,0.46,0.54,0.55,0.01,0.01,71163.08,1776021302000
1776021305.279,5.279,0.44,0.45,0.55,0.56,0.01,0.01,71163.08,1776021302000
1776021305.686,5.686,0.44,0.46,0.55,0.56,0.02,0.01,71162.38,1776021303000
1776021306.022,6.022,0.46,0.47,0.53,0.54,0.01,0.01,71162.38,1776021303000
1776021306.581,6.581,0.47,0.48,0.52,0.54,0.01,0.02,71162.38,1776021303000
1776021306.917,6.917,0.48,0.49,0.51,0.52,0.01,0.01,71160.47,1776021304000
1776021307.413,7.413,0.48,0.49,0.51,0.52,0.01,0.01,71160.47,1776021304000
1776021307.77,7.77,0.48,0.49,0.51,0.52,0.01,0.01,71160.47,1776021304000
1776021308.172,8.172,0.48,0.49,0.51,0.52,0.01,0.01,71160.45,1776021305000
1776021308.511,8.511,0.48,0.49,0.51,0.52,0.01,0.01,71160.45,1776021305000
1776021308.887,8.887,0.48,0.49,0.51,0.52,0.01,0.01,71160.45,1776021305000
1776021309.36,9.36,0.48,0.49,0.51,0.52,0.01,0.01,71159.94,1776021306000
1776021309.723,9.723,0.48,0.49,0.51,0.52,0.01,0.01,71159.94,1776021306000
1776021310.353,10.353,0.48,0.49,0.51,0.52,0.01,0.01,71163.63,1776021307000
1776021311.076,11.076,0.48,0.49,0.51,0.52,0.01,0.01,71163.63,1776021307000
1776021311.788,11.788,0.48,0.49,0.51,0.52,0.01,0.01,71164.42,1776021308000
1776021312.349,12.349,0.48,0.49,0.51,0.52,0.01,0.01,71164.42,1776021308000
1776021313.257,13.257,0.48,0.5,0.51,0.52,0.02,0.01,71166.12,1776021309000
1776021313.782,13.782,0.49,0.5,0.5,0.51,0.01,0.01,71164.84,1776021310000
1776021314.136,14.136,0.49,0.5,0.5,0.51,0.01,0.01,71164.84,1776021310000
1776021314.511,14.511,0.49,0.5,0.5,0.51,0.01,0.01,71164.84,1776021310000
1776021314.852,14.852,0.49,0.5,0.5,0.51,0.01,0.01,71164.84,1776021310000
1776021315.193,15.193,0.49,0.5,0.5,0.51,0.01,0.01,71164.84,1776021311000
1776021315.599,15.599,0.49,0.5,0.5,0.51,0.01,0.01,71164.84,1776021311000
1776021316.12,16.12,0.49,0.5,0.5,0.51,0.01,0.01,71164.3,1776021312000
1776021316.82,16.82,0.49,0.5,0.5,0.51,0.01,0.01,71164.3,1776021312000
1776021317.163,17.163,0.49,0.5,0.5,0.51,0.01,0.01,71164.3,1776021312000
1776021317.562,17.562,0.49,0.5,0.5,0.51,0.01,0.01,71164.68,1776021313000
1776021317.906,17.906,0.49,0.5,0.5,0.51,0.01,0.01,71164.68,1776021313000
1776021318.364,18.364,0.49,0.5,0.5,0.51,0.01,0.01,71164.68,1776021313000
1776021319.139,19.139,0.49,0.5,0.5,0.51,0.01,0.01,71165.16,1776021314000
1776021319.515,19.515,0.49,0.5,0.5,0.51,0.01,0.01,71165.19,1776021315000
1776021319.913,19.913,0.49,0.5,0.5,0.51,0.01,0.01,71165.19,1776021315000
1776021320.291,20.291,0.49,0.5,0.5,0.51,0.01,0.01,71165.5,1776021316000
1776021320.687,20.687,0.49,0.5,0.5,0.51,0.01,0.01,71165.5,1776021316000
1776021321.16,21.16,0.49,0.5,0.5,0.51,0.01,0.01,71165.5,1776021317000
1776021321.581,21.581,0.49,0.5,0.5,0.51,0.01,0.01,71165.5,1776021317000
1776021321.987,21.987,0.49,0.5,0.5,0.51,0.01,0.01,71165.5,1776021318000
1776021322.334,22.334,0.49,0.5,0.5,0.51,0.01,0.01,71165.5,1776021318000
1776021322.685,22.685,0.49,0.5,0.5,0.51,0.01,0.01,71165.5,1776021318000
1776021323.155,23.155,0.49,0.5,0.5,0.51,0.01,0.01,71165.51,1776021319000
1776021323.522,23.522,0.49,0.5,0.5,0.51,0.01,0.01,71165.51,1776021319000
1776021323.87,23.87,0.49,0.5,0.5,0.51,0.01,0.01,71165.52,1776021320000
1776021324.204,24.204,0.49,0.5,0.5,0.51,0.01,0.01,71165.52,1776021320000
1776021324.55,24.55,0.48,0.49,0.5,0.52,0.01,0.02,71165.54,1776021321000
1776021324.933,24.933,0.48,0.49,0.51,0.52,0.01,0.01,71165.54,1776021321000
1776021325.296,25.296,0.49,0.5,0.5,0.51,0.01,0.01,71165.57,1776021322000
1776021325.667,25.667,0.49,0.5,0.5,0.51,0.01,0.01,71165.51,1776021323000
1776021326.175,26.175,0.49,0.5,0.5,0.51,0.01,0.01,71165.51,1776021323000
1776021326.793,26.793,0.49,0.5,0.5,0.51,0.01,0.01,71165.51,1776021323000
1776021327.337,27.337,0.49,0.5,0.5,0.51,0.01,0.01,71165.26,1776021325000
1776021327.73,27.73,0.49,0.5,0.5,0.51,0.01,0.01,71164.24,1776021326000
1776021328.118,28.118,0.49,0.5,0.5,0.51,0.01,0.01,71164.24,1776021326000
1776021328.537,28.537,0.49,0.5,0.5,0.51,0.01,0.01,71165.56,1776021327000
1776021328.901,28.901,0.49,0.5,0.5,0.51,0.01,0.01,71165.56,1776021327000
1776021329.276,29.276,0.49,0.5,0.5,0.51,0.01,0.01,71165.54,1776021328000
1776021329.84,29.84,0.49,0.5,0.5,0.51,0.01,0.01,71165.54,1776021328000
1776021330.207,30.207,0.49,0.5,0.5,0.51,0.01,0.01,71165.28,1776021329000
1776021330.54,30.54,0.49,0.5,0.5,0.51,0.01,0.01,71165.28,1776021329000
1776021331.055,31.055,0.49,0.5,0.5,0.51,0.01,0.01,71165.28,1776021329000
1776021331.419,31.419,0.49,0.5,0.5,0.51,0.01,0.01,71165.28,1776021330000
1776021331.951,31.951,0.49,0.5,0.5,0.51,0.01,0.01,71165.28,1776021330000
1776021332.385,32.385,0.49,0.5,0.5,0.51,0.01,0.01,71165.28,1776021331000
1776021332.793,32.793,0.49,0.5,0.5,0.51,0.01,0.01,71165.28,1776021331000
1776021333.186,33.186,0.49,0.5,0.5,0.51,0.01,0.01,71165.28,1776021331000
1776021333.535,33.535,0.49,0.5,0.5,0.51,0.01,0.01,71165.24,1776021332000
1776021334.239,34.239,0.49,0.5,0.5,0.51,0.01,0.01,71165.24,1776021332000
1776021334.594,34.594,0.49,0.5,0.5,0.51,0.01,0.01,71165.24,1776021333000
1776021334.941,34.941,0.49,0.5,0.5,0.51,0.01,0.01,71165.24,1776021333000
1776021335.325,35.325,0.49,0.5,0.5,0.51,0.01,0.01,71165.24,1776021334000
1776021335.673,35.673,0.49,0.5,0.5,0.51,0.01,0.01,71165.24,1776021334000
1776021336.06,36.06,0.49,0.5,0.5,0.51,0.01,0.01,71165.25,1776021335000
1776021336.508,36.508,0.49,0.5,0.5,0.51,0.01,0.01,71165.25,1776021335000
1776021336.895,36.895,0.49,0.5,0.5,0.51,0.01,0.01,71165.25,1776021335000
1776021337.315,37.315,0.49,0.5,0.5,0.51,0.01,0.01,71165.26,1776021336000
1776021337.7,37.7,0.49,0.5,0.5,0.51,0.01,0.01,71165.26,1776021336000
1776021338.043,38.043,0.49,0.5,0.5,0.51,0.01,0.01,71165.57,1776021337000
1776021338.453,38.453,0.49,0.5,0.5,0.51,0.01,0.01,71165.57,1776021337000
1776021339.04,39.04,0.48,0.49,0.51,0.52,0.01,0.01,71165.56,1776021338000
1776021339.379,39.379,0.48,0.49,0.51,0.52,0.01,0.01,71165.56,1776021338000
1776021339.919,39.919,0.48,0.49,0.51,0.52,0.01,0.01,71165.56,1776021338000
1776021340.333,40.333,0.48,0.49,0.51,0.52,0.01,0.01,71165.52,1776021339000
1776021341.074,41.074,0.48,0.49,0.51,0.52,0.01,0.01,71165.52,1776021339000
1776021341.427,41.427,0.49,0.5,0.5,0.51,0.01,0.01,71165.52,1776021340000
1776021341.847,41.847,0.49,0.5,0.5,0.51,0.01,0.01,71165.52,1776021340000
1776021342.245,42.245,0.49,0.5,0.5,0.51,0.01,0.01,71165.27,1776021341000
1776021342.616,42.616,0.49,0.5,0.5,0.51,0.01,0.01,71165.27,1776021341000
1776021342.995,42.995,0.49,0.5,0.5,0.51,0.01,0.01,71165.27,1776021341000
1776021343.416,43.416,0.49,0.5,0.5,0.51,0.01,0.01,71165.78,1776021342000
1776021343.861,43.861,0.49,0.5,0.5,0.51,0.01,0.01,71165.78,1776021342000
1776021344.206,44.206,0.49,0.5,0.5,0.51,0.01,0.01,71165.78,1776021342000
1776021344.544,44.544,0.49,0.5,0.5,0.51,0.01,0.01,71167.51,1776021343000
1776021345.129,45.129,0.49,0.5,0.5,0.51,0.01,0.01,71167.51,1776021343000
1776021345.59,45.59,0.49,0.5,0.5,0.51,0.01,0.01,71168.1,1776021344000
1776021346.12,46.12,0.49,0.5,0.5,0.51,0.01,0.01,71168.1,1776021344000
1776021346.467,46.467,0.49,0.5,0.5,0.51,0.01,0.01,71168.4,1776021345000
1776021347.076,47.076,0.49,0.5,0.5,0.51,0.01,0.01,71168.4,1776021345000
1776021347.443,47.443,0.49,0.5,0.5,0.51,0.01,0.01,71167.98,1776021346000
1776021347.806,47.806,0.49,0.5,0.5,0.51,0.01,0.01,71167.98,1776021346000
1776021348.979,48.979,0.49,0.5,0.5,0.51,0.01,0.01,71168.0,1776021348000
1776021349.351,49.351,0.49,0.5,0.5,0.51,0.01,0.01,71168.0,1776021348000
1776021350.049,50.049,0.49,0.5,0.5,0.51,0.01,0.01,71167.99,1776021349000
1776021350.492,50.492,0.49,0.5,0.5,0.51,0.01,0.01,71167.99,1776021349000
1776021351.008,51.008,0.49,0.5,0.5,0.51,0.01,0.01,71167.99,1776021350000
1776021351.409,51.409,0.49,0.5,0.5,0.51,0.01,0.01,71167.99,1776021350000
1776021351.919,51.919,0.49,0.5,0.5,0.51,0.01,0.01,71167.99,1776021350000
1776021352.481,52.481,0.49,0.5,0.5,0.51,0.01,0.01,71167.99,1776021351000
1776021353.25,53.25,0.49,0.5,0.5,0.51,0.01,0.01,71168.42,1776021352000
1776021354.133,54.133,0.49,0.5,0.5,0.51,0.01,0.01,71168.42,1776021352000
1776021354.468,54.468,0.49,0.5,0.5,0.51,0.01,0.01,71168.43,1776021353000
1776021354.87,54.87,0.49,0.5,0.5,0.51,0.01,0.01,71168.43,1776021353000
1776021355.295,55.295,0.49,0.5,0.5,0.51,0.01,0.01,71168.43,1776021354000
1776021355.678,55.678,0.49,0.5,0.5,0.51,0.01,0.01,71168.43,1776021354000
1776021356.17,56.17,0.49,0.5,0.5,0.51,0.01,0.01,71168.43,1776021354000
1776021356.815,56.815,0.49,0.5,0.5,0.51,0.01,0.01,71168.44,1776021355000
1776021357.265,57.265,0.49,0.5,0.5,0.51,0.01,0.01,71168.44,1776021355000
1776021358.006,58.006,0.49,0.5,0.5,0.51,0.01,0.01,71168.03,1776021356000
1776021358.424,58.424,0.49,0.5,0.5,0.51,0.01,0.01,71168.03,1776021357000
1776021358.884,58.884,0.49,0.5,0.5,0.51,0.01,0.01,71168.03,1776021357000
1776021359.405,59.405,0.49,0.5,0.5,0.51,0.01,0.01,71168.49,1776021358000
1776021359.757,59.757,0.49,0.5,0.5,0.51,0.01,0.01,71168.49,1776021358000
1776021360.21,60.21,0.49,0.5,0.5,0.51,0.01,0.01,71168.49,1776021358000
1776021360.544,60.544,0.49,0.5,0.5,0.51,0.01,0.01,71168.49,1776021359000
1776021360.914,60.914,0.49,0.5,0.5,0.51,0.01,0.01,71168.49,1776021359000
1776021361.368,61.368,0.49,0.5,0.5,0.51,0.01,0.01,71168.49,1776021359000
1776021361.729,61.729,0.49,0.5,0.5,0.51,0.01,0.01,71168.49,1776021360000
1776021362.226,62.226,0.49,0.5,0.5,0.51,0.01,0.01,71168.49,1776021360000
1776021362.762,62.762,0.49,0.5,0.5,0.51,0.01,0.01,71168.07,1776021361000
1776021363.154,63.154,0.49,0.5,0.5,0.51,0.01,0.01,71168.07,1776021361000
1776021363.497,63.497,0.49,0.5,0.5,0.51,0.01,0.01,71168.06,1776021362000
1776021363.958,63.958,0.49,0.5,0.5,0.51,0.01,0.01,71168.06,1776021362000
1776021364.319,64.319,0.49,0.5,0.5,0.51,0.01,0.01,71168.06,1776021363000
1776021364.847,64.847,0.49,0.5,0.5,0.51,0.01,0.01,71168.06,1776021363000
1776021365.367,65.367,0.49,0.5,0.5,0.51,0.01,0.01,71167.69,1776021364000
1776021365.781,65.781,0.49,0.5,0.5,0.51,0.01,0.01,71167.69,1776021364000
1776021366.2,66.2,0.49,0.5,0.5,0.51,0.01,0.01,71167.69,1776021365000
1776021366.558,66.558,0.49,0.5,0.5,0.51,0.01,0.01,71167.69,1776021365000
1776021367.2,67.2,0.49,0.5,0.5,0.51,0.01,0.01,71167.69,1776021365000
1776021367.635,67.635,0.49,0.5,0.5,0.51,0.01,0.01,71167.91,1776021366000
1776021368.108,68.108,0.49,0.5,0.5,0.51,0.01,0.01,71167.91,1776021367000
1776021368.65,68.65,0.49,0.5,0.5,0.51,0.01,0.01,71167.91,1776021367000
1776021369.101,69.101,0.49,0.5,0.5,0.51,0.01,0.01,71167.91,1776021367000
1776021369.603,69.603,0.49,0.5,0.5,0.51,0.01,0.01,71168.49,1776021368000
1776021370.241,70.241,0.49,0.5,0.5,0.51,0.01,0.01,71168.49,1776021368000
1776021370.807,70.807,0.49,0.5,0.5,0.51,0.01,0.01,71168.5,1776021369000
1776021371.209,71.209,0.49,0.5,0.5,0.51,0.01,0.01,71168.5,1776021369000
1776021371.741,71.741,0.49,0.5,0.5,0.51,0.01,0.01,71168.49,1776021370000
1776021372.135,72.135,0.49,0.5,0.5,0.51,0.01,0.01,71168.49,1776021370000
1776021372.518,72.518,0.49,0.5,0.5,0.51,0.01,0.01,71168.07,1776021371000
1776021372.871,72.871,0.49,0.5,0.5,0.51,0.01,0.01,71168.07,1776021371000
1776021373.319,73.319,0.49,0.5,0.5,0.51,0.01,0.01,71168.07,1776021371000
1776021373.824,73.824,0.49,0.5,0.5,0.51,0.01,0.01,71168.18,1776021372000
1776021374.22,74.22,0.49,0.5,0.5,0.51,0.01,0.01,71168.2,1776021373000
1776021374.554,74.554,0.49,0.5,0.5,0.51,0.01,0.01,71168.2,1776021373000
1776021375.197,75.197,0.49,0.5,0.5,0.51,0.01,0.01,71168.2,1776021373000
1776021375.592,75.592,0.49,0.5,0.5,0.51,0.01,0.01,71168.56,1776021374000
1776021375.933,75.933,0.49,0.5,0.5,0.51,0.01,0.01,71168.56,1776021374000
1776021376.339,76.339,0.49,0.5,0.5,0.51,0.01,0.01,71168.14,1776021375000
1776021376.678,76.678,0.49,0.5,0.5,0.51,0.01,0.01,71168.14,1776021375000
1776021377.024,77.024,0.49,0.5,0.5,0.51,0.01,0.01,71168.14,1776021375000
1776021377.365,77.365,0.49,0.5,0.5,0.51,0.01,0.01,71168.14,1776021375000
1776021377.701,77.701,0.49,0.5,0.5,0.51,0.01,0.01,71167.99,1776021376000
1776021378.065,78.065,0.49,0.5,0.5,0.51,0.01,0.01,71167.99,1776021377000
1776021378.511,78.511,0.49,0.5,0.5,0.51,0.01,0.01,71167.99,1776021377000
1776021378.858,78.858,0.49,0.5,0.5,0.51,0.01,0.01,71167.99,1776021377000
1776021379.211,79.211,0.49,0.5,0.5,0.51,0.01,0.01,71167.19,1776021378000
1776021379.578,79.578,0.48,0.49,0.5,0.53,0.01,0.03,71167.19,1776021378000
1776021380.021,80.021,0.48,0.49,0.51,0.52,0.01,0.01,71166.3,1776021379000
1776021380.356,80.356,0.42,0.43,0.55,0.56,0.01,0.01,71166.3,1776021379000
1776021380.7,80.7,0.42,0.43,0.57,0.59,0.01,0.02,71166.3,1776021379000
1776021381.043,81.043,0.41,0.42,0.58,0.59,0.01,0.01,71166.3,1776021379000
1776021381.384,81.384,0.4,0.41,0.59,0.6,0.01,0.01,71166.05,1776021380000
1776021381.843,81.843,0.39,0.4,0.6,0.61,0.01,0.01,71166.05,1776021380000
1776021382.187,82.187,0.39,0.4,0.6,0.61,0.01,0.01,71161.51,1776021381000
1776021382.553,82.553,0.39,0.4,0.6,0.61,0.01,0.01,71161.51,1776021381000
1776021382.918,82.918,0.39,0.4,0.6,0.61,0.01,0.01,71161.51,1776021381000
1776021383.271,83.271,0.39,0.4,0.6,0.61,0.01,0.01,71161.51,1776021381000
1776021383.678,83.678,0.35,0.4,0.6,0.61,0.05,0.01,71159.4,1776021382000
1776021384.103,84.103,0.38,0.39,0.61,0.62,0.01,0.01,71159.4,1776021382000
1776021384.449,84.449,0.38,0.39,0.61,0.62,0.01,0.01,71159.4,1776021383000
1776021384.892,84.892,0.39,0.4,0.6,0.61,0.01,0.01,71159.4,1776021383000
1776021385.314,85.314,0.39,0.41,0.6,0.61,0.02,0.01,71159.4,1776021383000
1776021385.724,85.724,0.4,0.41,0.59,0.6,0.01,0.01,71158.42,1776021384000
1776021386.059,86.059,0.4,0.41,0.59,0.6,0.01,0.01,71158.42,1776021384000
1776021386.403,86.403,0.4,0.41,0.59,0.6,0.01,0.01,71158.42,1776021384000
1776021386.738,86.738,0.4,0.41,0.59,0.6,0.01,0.01,71158.42,1776021384000
1776021387.141,87.141,0.4,0.41,0.59,0.6,0.01,0.01,71158.76,1776021385000
1776021387.481,87.481,0.4,0.41,0.59,0.6,0.01,0.01,71158.76,1776021385000
1776021387.82,87.82,0.4,0.41,0.59,0.6,0.01,0.01,71158.76,1776021385000
1776021388.164,88.164,0.4,0.41,0.59,0.6,0.01,0.01,71158.76,1776021386000
1776021388.549,88.549,0.37,0.38,0.6,0.66,0.01,0.06,71158.76,1776021386000
1776021388.889,88.889,0.37,0.38,0.62,0.63,0.01,0.01,71158.68,1776021387000
1776021389.282,89.282,0.37,0.39,0.62,0.63,0.02,0.01,71158.68,1776021387000
1776021389.619,89.619,0.38,0.39,0.61,0.62,0.01,0.01,71158.68,1776021387000
1776021390.016,90.016,0.38,0.39,0.61,0.62,0.01,0.01,71157.83,1776021388000
1776021390.415,90.415,0.38,0.39,0.61,0.62,0.01,0.01,71157.75,1776021389000
1776021390.756,90.756,0.38,0.39,0.61,0.62,0.01,0.01,71157.75,1776021389000
1776021391.093,91.093,0.37,0.39,0.62,0.63,0.02,0.01,71157.75,1776021389000
1776021391.497,91.497,0.37,0.39,0.61,0.62,0.02,0.01,71157.75,1776021389000
1776021391.832,91.832,0.37,0.39,0.62,0.63,0.02,0.01,71157.75,1776021389000
1776021392.218,92.218,0.38,0.4,0.61,0.62,0.02,0.01,71158.35,1776021390000
1776021392.579,92.579,0.38,0.4,0.6,0.62,0.02,0.02,71158.5,1776021391000
1776021393.249,93.249,0.38,0.39,0.61,0.62,0.01,0.01,71157.53,1776021392000
1776021393.586,93.586,0.39,0.4,0.6,0.61,0.01,0.01,71157.53,1776021392000
1776021394.081,94.081,0.38,0.39,0.6,0.65,0.01,0.05,71157.53,1776021392000
1776021394.668,94.668,0.38,0.39,0.61,0.62,0.01,0.01,71157.53,1776021392000
1776021395.221,95.221,0.38,0.39,0.61,0.62,0.01,0.01,71157.54,1776021393000
1776021395.554,95.554,0.38,0.4,0.6,0.62,0.02,0.02,71157.51,1776021394000
1776021396.133,96.133,0.38,0.4,0.6,0.62,0.02,0.02,71157.52,1776021395000
1776021396.481,96.481,0.39,0.4,0.6,0.61,0.01,0.01,71157.52,1776021395000
1776021396.845,96.845,0.41,0.42,0.55,0.61,0.01,0.06,71157.52,1776021395000
1776021397.321,97.321,0.33,0.42,0.58,0.6,0.09,0.02,71157.52,1776021395000
1776021397.657,97.657,0.49,0.5,0.5,0.51,0.01,0.01,71157.59,1776021396000
1776021398.02,98.02,0.49,0.5,0.5,0.51,0.01,0.01,71157.59,1776021396000
1776021398.388,98.388,0.49,0.5,0.5,0.51,0.01,0.01,71157.67,1776021397000
1776021398.772,98.772,0.45,0.46,0.54,0.55,0.01,0.01,71157.67,1776021397000
1776021399.129,99.129,0.45,0.46,0.54,0.55,0.01,0.01,71157.67,1776021397000
1776021399.474,99.474,0.44,0.45,0.55,0.56,0.01,0.01,71157.67,1776021397000
1776021399.808,99.808,0.46,0.48,0.53,0.54,0.02,0.01,71157.68,1776021398000
1776021400.156,100.156,0.49,0.5,0.5,0.51,0.01,0.01,71157.68,1776021398000
1776021400.583,100.583,0.49,0.5,0.5,0.51,0.01,0.01,71157.75,1776021399000
1776021400.935,100.935,0.49,0.5,0.5,0.51,0.01,0.01,71157.75,1776021399000
1776021401.321,101.321,0.48,0.5,0.51,0.52,0.02,0.01,71157.75,1776021400000
1776021401.672,101.672,0.49,0.51,0.5,0.51,0.02,0.01,71157.75,1776021400000
1776021402.038,102.038,0.49,0.5,0.5,0.51,0.01,0.01,71157.75,1776021400000
1776021402.377,102.377,0.41,0.5,0.5,0.51,0.09,0.01,71157.75,1776021400000
1776021402.751,102.751,0.47,0.48,0.52,0.53,0.01,0.01,71157.35,1776021401000
1776021403.086,103.086,0.47,0.48,0.51,0.53,0.01,0.02,71157.35,1776021401000
1776021403.419,103.419,0.48,0.49,0.5,0.52,0.01,0.02,71157.1,1776021402000
1776021403.867,103.867,0.47,0.48,0.5,0.51,0.01,0.01,71157.1,1776021402000
1776021404.203,104.203,0.47,0.51,0.49,0.5,0.04,0.01,71157.1,1776021402000
1776021404.634,104.634,0.5,0.51,0.49,0.51,0.01,0.02,71157.1,1776021402000
1776021404.975,104.975,0.5,0.51,0.49,0.5,0.01,0.01,71157.06,1776021403000
1776021405.392,105.392,0.5,0.51,0.49,0.5,0.01,0.01,71157.06,1776021403000
1776021405.744,105.744,0.51,0.52,0.48,0.49,0.01,0.01,71157.06,1776021403000
1776021406.118,106.118,0.51,0.52,0.48,0.49,0.01,0.01,71156.7,1776021404000
1776021406.46,106.46,0.51,0.52,0.48,0.49,0.01,0.01,71156.71,1776021405000
1776021406.927,106.927,0.51,0.53,0.48,0.49,0.02,0.01,71156.71,1776021405000
1776021407.303,107.303,0.51,0.52,0.47,0.49,0.01,0.02,71156.71,1776021406000
1776021407.774,107.774,0.52,0.53,0.47,0.48,0.01,0.01,71156.71,1776021406000
1776021408.157,108.157,0.52,0.53,0.47,0.48,0.01,0.01,71156.71,1776021406000
1776021408.533,108.533,0.51,0.53,0.48,0.49,0.02,0.01,71156.72,1776021407000
1776021408.919,108.919,0.53,0.56,0.46,0.47,0.03,0.01,71156.72,1776021407000
1776021409.268,109.268,0.57,0.59,0.42,0.43,0.02,0.01,71156.72,1776021407000
1776021409.626,109.626,0.61,0.62,0.38,0.39,0.01,0.01,71157.5,1776021408000
1776021409.968,109.968,0.61,0.62,0.38,0.39,0.01,0.01,71157.5,1776021408000
1776021410.308,110.308,0.62,0.63,0.37,0.38,0.01,0.01,71157.48,1776021409000
1776021410.674,110.674,0.61,0.62,0.37,0.39,0.01,0.02,71157.48,1776021409000
1776021411.014,111.014,0.63,0.65,0.35,0.38,0.02,0.03,71157.48,1776021409000
1776021411.374,111.374,0.62,0.63,0.37,0.38,0.01,0.01,71157.48,1776021410000
1776021411.709,111.709,0.6,0.61,0.39,0.4,0.01,0.01,71157.48,1776021410000
1776021412.09,112.09,0.6,0.61,0.39,0.4,0.01,0.01,71157.48,1776021410000
1776021412.478,112.478,0.63,0.64,0.36,0.37,0.01,0.01,71157.5,1776021411000
1776021412.854,112.854,0.65,0.66,0.34,0.35,0.01,0.01,71157.5,1776021411000
1776021413.302,113.302,0.65,0.66,0.34,0.35,0.01,0.01,71157.5,1776021411000
1776021413.838,113.838,0.66,0.67,0.33,0.35,0.01,0.02,71157.52,1776021412000
1776021414.173,114.173,0.66,0.67,0.32,0.34,0.01,0.02,71157.52,1776021413000
1776021414.51,114.51,0.67,0.69,0.32,0.33,0.02,0.01,71157.52,1776021413000
1776021414.848,114.848,0.71,0.72,0.28,0.29,0.01,0.01,71157.52,1776021413000
1776021415.194,115.194,0.74,0.75,0.25,0.26,0.01,0.01,71157.29,1776021414000
1776021415.542,115.542,0.73,0.74,0.26,0.27,0.01,0.01,71157.29,1776021414000
1776021415.994,115.994,0.72,0.73,0.27,0.28,0.01,0.01,71157.29,1776021414000
1776021416.357,116.357,0.71,0.72,0.27,0.29,0.01,0.02,71159.4,1776021415000
1776021416.762,116.762,0.72,0.73,0.27,0.28,0.01,0.01,71159.4,1776021415000
1776021417.166,117.166,0.72,0.73,0.27,0.28,0.01,0.01,71159.4,1776021415000
1776021417.503,117.503,0.74,0.78,0.24,0.28,0.04,0.04,71164.17,1776021416000
1776021417.862,117.862,0.57,0.74,0.26,0.27,0.17,0.01,71164.17,1776021416000
1776021418.21,118.21,0.66,0.67,0.33,0.35,0.01,0.02,71164.17,1776021416000
1776021418.634,118.634,0.67,0.68,0.32,0.33,0.01,0.01,71164.81,1776021417000
1776021419.112,119.112,0.66,0.67,0.33,0.34,0.01,0.01,71164.81,1776021417000
1776021419.5,119.5,0.67,0.68,0.32,0.33,0.01,0.01,71164.81,1776021418000
1776021419.875,119.875,0.67,0.68,0.32,0.33,0.01,0.01,71164.81,1776021418000
1776021420.219,120.219,0.68,0.69,0.31,0.33,0.01,0.02,71164.81,1776021418000
1776021420.598,120.598,0.69,0.7,0.3,0.31,0.01,0.01,71164.99,1776021419000
1776021420.942,120.942,0.69,0.7,0.3,0.31,0.01,0.01,71164.99,1776021419000
1776021421.282,121.282,0.69,0.7,0.3,0.31,0.01,0.01,71164.99,1776021419000
1776021421.617,121.617,0.69,0.7,0.3,0.32,0.01,0.02,71165.11,1776021420000
1776021421.994,121.994,0.67,0.68,0.32,0.33,0.01,0.01,71165.11,1776021420000
1776021422.354,122.354,0.67,0.68,0.32,0.33,0.01,0.01,71165.11,1776021420000
1776021422.751,122.751,0.69,0.7,0.3,0.31,0.01,0.01,71165.73,1776021421000
1776021423.119,123.119,0.69,0.7,0.3,0.31,0.01,0.01,71165.73,1776021421000
1776021423.494,123.494,0.69,0.7,0.3,0.31,0.01,0.01,71165.13,1776021422000
1776021423.843,123.843,0.7,0.72,0.29,0.3,0.02,0.01,71165.13,1776021422000
1776021424.211,124.211,0.71,0.72,0.28,0.3,0.01,0.02,71165.13,1776021422000
1776021424.557,124.557,0.71,0.72,0.28,0.29,0.01,0.01,71165.27,1776021423000
1776021424.896,124.896,0.7,0.71,0.29,0.3,0.01,0.01,71165.27,1776021423000
1776021425.275,125.275,0.69,0.71,0.29,0.3,0.02,0.01,71165.23,1776021424000
1776021425.616,125.616,0.7,0.71,0.29,0.3,0.01,0.01,71165.23,1776021424000
1776021426.049,126.049,0.68,0.71,0.29,0.32,0.03,0.03,71165.32,1776021425000
1776021426.457,126.457,0.67,0.68,0.32,0.33,0.01,0.01,71165.32,1776021425000
1776021426.816,126.816,0.67,0.68,0.32,0.33,0.01,0.01,71165.32,1776021425000
1776021427.358,127.358,0.67,0.68,0.32,0.33,0.01,0.01,71166.24,1776021426000
1776021427.778,127.778,0.67,0.68,0.32,0.33,0.01,0.01,71166.24,1776021426000
1776021428.414,128.414,0.67,0.68,0.32,0.33,0.01,0.01,71165.53,1776021427000
1776021428.832,128.832,0.66,0.69,0.32,0.34,0.03,0.02,71165.53,1776021427000
1776021429.225,129.225,0.67,0.68,0.32,0.33,0.01,0.01,71165.49,1776021428000
1776021429.704,129.704,0.68,0.69,0.31,0.33,0.01,0.02,71165.49,1776021428000
1776021430.169,130.169,0.68,0.69,0.31,0.32,0.01,0.01,71163.65,1776021429000
1776021430.552,130.552,0.65,0.72,0.28,0.3,0.07,0.02,71163.65,1776021429000
1776021431.127,131.127,0.68,0.7,0.3,0.31,0.02,0.01,71163.65,1776021429000
1776021431.777,131.777,0.68,0.69,0.3,0.32,0.01,0.02,71163.45,1776021430000
1776021432.135,132.135,0.67,0.69,0.31,0.33,0.02,0.02,71163.38,1776021431000
1776021432.552,132.552,0.67,0.68,0.32,0.33,0.01,0.01,71163.38,1776021431000
1776021433.168,133.168,0.66,0.67,0.33,0.34,0.01,0.01,71163.38,1776021432000
1776021433.675,133.675,0.65,0.67,0.33,0.34,0.02,0.01,71163.38,1776021432000
1776021434.126,134.126,0.65,0.66,0.34,0.35,0.01,0.01,71163.38,1776021432000
1776021434.615,134.615,0.66,0.67,0.34,0.35,0.01,0.01,71163.38,1776021432000
1776021435.173,135.173,0.65,0.67,0.33,0.35,0.02,0.02,71165.23,1776021434000
1776021435.734,135.734,0.65,0.66,0.34,0.35,0.01,0.01,71165.23,1776021434000
1776021436.077,136.077,0.66,0.67,0.33,0.34,0.01,0.01,71165.22,1776021435000
1776021436.624,136.624,0.66,0.67,0.33,0.34,0.01,0.01,71165.22,1776021435000
1776021436.969,136.969,0.66,0.67,0.33,0.34,0.01,0.01,71165.22,1776021435000
1776021437.305,137.305,0.66,0.67,0.33,0.35,0.01,0.02,71165.17,1776021436000
1776021437.64,137.64,0.66,0.67,0.33,0.34,0.01,0.01,71165.17,1776021436000
1776021437.978,137.978,0.66,0.67,0.29,0.34,0.01,0.05,71165.17,1776021436000
1776021438.339,138.339,0.68,0.7,0.31,0.32,0.02,0.01,71165.68,1776021437000
1776021438.796,138.796,0.69,0.7,0.3,0.31,0.01,0.01,71165.68,1776021437000
1776021439.168,139.168,0.69,0.7,0.3,0.31,0.01,0.01,71165.68,1776021437000
1776021439.504,139.504,0.69,0.7,0.3,0.31,0.01,0.01,71165.65,1776021438000
1776021439.838,139.838,0.69,0.7,0.3,0.31,0.01,0.01,71165.65,1776021438000
1776021440.247,140.247,0.68,0.69,0.3,0.31,0.01,0.01,71165.65,1776021438000
1776021440.593,140.593,0.67,0.69,0.31,0.32,0.02,0.01,71165.65,1776021439000
1776021441.09,141.09,0.68,0.69,0.31,0.32,0.01,0.01,71165.65,1776021439000
1776021441.442,141.442,0.68,0.69,0.31,0.32,0.01,0.01,71165.15,1776021440000
1776021441.833,141.833,0.67,0.69,0.31,0.32,0.02,0.01,71165.15,1776021440000
1776021442.172,142.172,0.68,0.69,0.31,0.33,0.01,0.02,71165.15,1776021440000
1776021442.527,142.527,0.68,0.69,0.31,0.32,0.01,0.01,71165.28,1776021441000
1776021443.297,143.297,0.68,0.7,0.31,0.32,0.02,0.01,71165.28,1776021441000
1776021443.737,143.737,0.69,0.7,0.3,0.31,0.01,0.01,71164.87,1776021442000
1776021444.478,144.478,0.69,0.7,0.3,0.31,0.01,0.01,71165.01,1776021443000
1776021444.834,144.834,0.69,0.7,0.3,0.31,0.01,0.01,71165.01,1776021443000
1776021445.528,145.528,0.7,0.71,0.29,0.31,0.01,0.02,71164.84,1776021444000
1776021446.122,146.122,0.7,0.71,0.29,0.3,0.01,0.01,71164.84,1776021444000
1776021446.496,146.496,0.7,0.72,0.29,0.3,0.02,0.01,71164.71,1776021445000
1776021447.059,147.059,0.7,0.71,0.28,0.3,0.01,0.02,71164.71,1776021445000
1776021447.536,147.536,0.69,0.7,0.3,0.31,0.01,0.01,71164.76,1776021446000
1776021448.104,148.104,0.65,0.7,0.3,0.31,0.05,0.01,71164.76,1776021446000
1776021448.692,148.692,0.68,0.7,0.3,0.31,0.02,0.01,71164.18,1776021447000
1776021449.244,149.244,0.66,0.67,0.33,0.34,0.01,0.01,71164.18,1776021447000
1776021449.583,149.583,0.66,0.67,0.33,0.34,0.01,0.01,71164.15,1776021448000
1776021450.034,150.034,0.66,0.67,0.33,0.34,0.01,0.01,71164.15,1776021448000
1776021450.568,150.568,0.66,0.67,0.33,0.34,0.01,0.01,71164.15,1776021449000
1776021450.971,150.971,0.65,0.67,0.32,0.34,0.02,0.02,71164.15,1776021449000
1776021451.444,151.444,0.65,0.66,0.34,0.35,0.01,0.01,71164.07,1776021450000
1776021451.799,151.799,0.65,0.66,0.34,0.35,0.01,0.01,71164.07,1776021450000
1776021452.137,152.137,0.55,0.59,0.41,0.42,0.04,0.01,71164.07,1776021450000
1776021452.471,152.471,0.52,0.53,0.47,0.48,0.01,0.01,71164.06,1776021451000
1776021452.81,152.81,0.51,0.52,0.48,0.49,0.01,0.01,71164.06,1776021451000
1776021453.174,153.174,0.52,0.53,0.47,0.48,0.01,0.01,71164.06,1776021451000
1776021453.636,153.636,0.53,0.54,0.46,0.47,0.01,0.01,71164.06,1776021451000
1776021454.167,154.167,0.52,0.53,0.47,0.48,0.01,0.01,71158.23,1776021452000
1776021454.588,154.588,0.52,0.53,0.47,0.48,0.01,0.01,71153.16,1776021453000
1776021454.928,154.928,0.52,0.53,0.47,0.48,0.01,0.01,71153.16,1776021453000
1776021455.267,155.267,0.52,0.53,0.47,0.48,0.01,0.01,71153.16,1776021453000
1776021455.623,155.623,0.51,0.52,0.48,0.49,0.01,0.01,71153.16,1776021453000
1776021455.964,155.964,0.51,0.52,0.48,0.49,0.01,0.01,71150.54,1776021454000
1776021456.335,156.335,0.51,0.52,0.48,0.49,0.01,0.01,71150.54,1776021454000
1776021456.669,156.669,0.51,0.52,0.48,0.49,0.01,0.01,71151.27,1776021455000
1776021457.084,157.084,0.51,0.52,0.48,0.49,0.01,0.01,71151.27,1776021455000
1776021457.453,157.453,0.51,0.52,0.47,0.49,0.01,0.02,71151.27,1776021455000
1776021457.787,157.787,0.51,0.52,0.48,0.49,0.01,0.01,71151.3,1776021456000
1776021458.148,158.148,0.51,0.52,0.48,0.49,0.01,0.01,71151.3,1776021456000
1776021458.578,158.578,0.52,0.53,0.48,0.49,0.01,0.01,71151.3,1776021457000
1776021458.998,158.998,0.58,0.59,0.41,0.47,0.01,0.06,71151.3,1776021457000
1776021459.333,159.333,0.58,0.59,0.41,0.42,0.01,0.01,71151.3,1776021457000
1776021459.668,159.668,0.58,0.59,0.41,0.42,0.01,0.01,71151.77,1776021458000
1776021460.036,160.036,0.56,0.57,0.41,0.44,0.01,0.03,71151.77,1776021458000
1776021460.669,160.669,0.56,0.57,0.43,0.44,0.01,0.01,71151.14,1776021459000
1776021461.098,161.098,0.56,0.57,0.43,0.44,0.01,0.01,71151.14,1776021459000
1776021461.452,161.452,0.56,0.57,0.43,0.44,0.01,0.01,71153.16,1776021460000
1776021462.083,162.083,0.58,0.59,0.4,0.44,0.01,0.04,71153.16,1776021460000
1776021462.506,162.506,0.58,0.59,0.41,0.42,0.01,0.01,71154.51,1776021461000
1776021462.912,162.912,0.58,0.59,0.41,0.42,0.01,0.01,71154.51,1776021461000
1776021463.438,163.438,0.58,0.62,0.41,0.42,0.04,0.01,71154.51,1776021461000
1776021463.858,163.858,0.6,0.62,0.39,0.4,0.02,0.01,71154.96,1776021462000
1776021464.192,164.192,0.6,0.61,0.39,0.4,0.01,0.01,71154.11,1776021463000
1776021464.733,164.733,0.55,0.56,0.44,0.45,0.01,0.01,71154.11,1776021463000
1776021465.085,165.085,0.55,0.56,0.44,0.45,0.01,0.01,71154.11,1776021463000
1776021465.448,165.448,0.56,0.57,0.43,0.45,0.01,0.02,71154.57,1776021464000
1776021465.932,165.932,0.6,0.62,0.39,0.4,0.02,0.01,71154.57,1776021464000
1776021466.346,166.346,0.62,0.63,0.37,0.39,0.01,0.02,71155.04,1776021465000
1776021466.689,166.689,0.62,0.63,0.37,0.38,0.01,0.01,71155.04,1776021465000
1776021467.121,167.121,0.62,0.63,0.37,0.38,0.01,0.01,71155.29,1776021466000
1776021467.568,167.568,0.62,0.63,0.37,0.38,0.01,0.01,71155.29,1776021466000
1776021468.105,168.105,0.62,0.63,0.37,0.38,0.01,0.01,71155.29,1776021466000
1776021468.452,168.452,0.62,0.63,0.37,0.38,0.01,0.01,71154.87,1776021467000
1776021468.807,168.807,0.62,0.66,0.37,0.38,0.04,0.01,71154.87,1776021467000
1776021469.167,169.167,0.63,0.65,0.35,0.36,0.02,0.01,71154.87,1776021468000
1776021469.565,169.565,0.64,0.65,0.35,0.36,0.01,0.01,71154.87,1776021468000
1776021469.938,169.938,0.64,0.65,0.35,0.43,0.01,0.08,71154.87,1776021468000
1776021470.617,170.617,0.64,0.65,0.35,0.36,0.01,0.01,71155.06,1776021469000
1776021471.016,171.016,0.66,0.67,0.33,0.36,0.01,0.03,71155.06,1776021469000
1776021471.6,171.6,0.67,0.68,0.32,0.34,0.01,0.02,71153.7,1776021470000
1776021471.967,171.967,0.67,0.68,0.32,0.33,0.01,0.01,71153.7,1776021470000
1776021472.323,172.323,0.66,0.67,0.32,0.34,0.01,0.02,71154.43,1776021471000
1776021472.704,172.704,0.66,0.67,0.33,0.34,0.01,0.01,71154.43,1776021471000
1776021473.187,173.187,0.64,0.65,0.34,0.36,0.01,0.02,71154.4,1776021472000
1776021473.671,173.671,0.64,0.65,0.35,0.36,0.01,0.01,71154.4,1776021472000
1776021474.35,174.35,0.63,0.65,0.35,0.36,0.02,0.01,71154.4,1776021473000
1776021474.739,174.739,0.5,0.63,0.37,0.38,0.13,0.01,71154.4,1776021473000
1776021475.091,175.091,0.57,0.58,0.42,0.43,0.01,0.01,71154.31,1776021474000
1776021475.449,175.449,0.57,0.58,0.42,0.43,0.01,0.01,71154.31,1776021474000
1776021475.856,175.856,0.56,0.58,0.42,0.43,0.02,0.01,71154.31,1776021474000
1776021476.238,176.238,0.54,0.55,0.44,0.46,0.01,0.02,71154.31,1776021475000
1776021476.601,176.601,0.52,0.53,0.45,0.49,0.01,0.04,71154.31,1776021475000
1776021476.935,176.935,0.52,0.55,0.47,0.48,0.03,0.01,71154.31,1776021475000
1776021477.4,177.4,0.54,0.55,0.45,0.46,0.01,0.01,71154.06,1776021476000
1776021478.259,178.259,0.55,0.58,0.44,0.45,0.03,0.01,71154.06,1776021476000
1776021478.904,178.904,0.57,0.58,0.42,0.43,0.01,0.01,71154.05,1776021477000
1776021479.475,179.475,0.57,0.58,0.42,0.43,0.01,0.01,71154.06,1776021478000
1776021479.91,179.91,0.57,0.58,0.42,0.43,0.01,0.01,71154.06,1776021478000
1776021480.308,180.308,0.57,0.58,0.42,0.43,0.01,0.01,71154.08,1776021479000
1776021480.794,180.794,0.57,0.58,0.42,0.43,0.01,0.01,71154.08,1776021479000
1776021481.239,181.239,0.58,0.59,0.41,0.42,0.01,0.01,71154.08,1776021479000
1776021481.613,181.613,0.58,0.59,0.41,0.42,0.01,0.01,71154.19,1776021480000
1776021482.014,182.014,0.59,0.6,0.4,0.41,0.01,0.01,71154.19,1776021480000
1776021482.603,182.603,0.59,0.6,0.4,0.41,0.01,0.01,71154.41,1776021481000
1776021482.945,182.945,0.6,0.61,0.39,0.41,0.01,0.02,71154.41,1776021481000
1776021483.294,183.294,0.6,0.61,0.39,0.4,0.01,0.01,71154.43,1776021482000
1776021483.702,183.702,0.6,0.62,0.39,0.4,0.02,0.01,71154.43,1776021482000
1776021484.051,184.051,0.62,0.63,0.37,0.38,0.01,0.01,71154.43,1776021482000
1776021484.56,184.56,0.62,0.63,0.37,0.38,0.01,0.01,71154.47,1776021483000
1776021485.13,185.13,0.62,0.63,0.37,0.38,0.01,0.01,71154.47,1776021483000
1776021485.586,185.586,0.62,0.63,0.37,0.38,0.01,0.01,71154.34,1776021484000
1776021485.932,185.932,0.65,0.66,0.34,0.35,0.01,0.01,71154.38,1776021485000
1776021486.346,186.346,0.67,0.68,0.33,0.34,0.01,0.01,71154.38,1776021485000
1776021486.953,186.953,0.68,0.69,0.31,0.32,0.01,0.01,71154.37,1776021486000
1776021487.375,187.375,0.68,0.69,0.31,0.32,0.01,0.01,71154.37,1776021486000
1776021488.005,188.005,0.68,0.69,0.31,0.32,0.01,0.01,71154.37,1776021486000
1776021488.732,188.732,0.68,0.69,0.31,0.32,0.01,0.01,71154.66,1776021487000
1776021489.135,189.135,0.68,0.71,0.29,0.32,0.03,0.03,71155.1,1776021488000
1776021489.57,189.57,0.69,0.7,0.3,0.31,0.01,0.01,71155.1,1776021488000
1776021490.022,190.022,0.69,0.7,0.3,0.31,0.01,0.01,71155.1,1776021488000
1776021490.395,190.395,0.69,0.7,0.3,0.31,0.01,0.01,71155.29,1776021489000
1776021490.787,190.787,0.69,0.7,0.3,0.31,0.01,0.01,71155.29,1776021489000
1776021491.585,191.585,0.69,0.7,0.3,0.31,0.01,0.01,71155.29,1776021489000
1776021492.098,192.098,0.68,0.7,0.29,0.31,0.02,0.02,71155.44,1776021490000
1776021492.448,192.448,0.67,0.68,0.32,0.33,0.01,0.01,71155.44,1776021491000
1776021493.028,193.028,0.67,0.68,0.32,0.33,0.01,0.01,71155.44,1776021491000
1776021493.491,193.491,0.67,0.68,0.32,0.33,0.01,0.01,71155.44,1776021492000
1776021493.836,193.836,0.65,0.66,0.33,0.35,0.01,0.02,71155.44,1776021492000
1776021494.215,194.215,0.65,0.66,0.34,0.35,0.01,0.01,71155.44,1776021492000
1776021494.683,194.683,0.65,0.66,0.34,0.35,0.01,0.01,71155.45,1776021493000
1776021495.154,195.154,0.65,0.66,0.34,0.35,0.01,0.01,71155.45,1776021494000
1776021495.527,195.527,0.64,0.65,0.35,0.36,0.01,0.01,71155.45,1776021494000
1776021495.911,195.911,0.62,0.64,0.35,0.37,0.02,0.02,71155.45,1776021494000
1776021496.317,196.317,0.61,0.63,0.37,0.38,0.02,0.01,71154.77,1776021495000
1776021497.018,197.018,0.63,0.64,0.36,0.37,0.01,0.01,71154.77,1776021495000
1776021497.64,197.64,0.63,0.64,0.36,0.37,0.01,0.01,71154.51,1776021496000
1776021498.028,198.028,0.63,0.65,0.36,0.37,0.02,0.01,71154.51,1776021496000
1776021498.446,198.446,0.63,0.64,0.36,0.37,0.01,0.01,71154.51,1776021496000
1776021499.026,199.026,0.64,0.65,0.35,0.36,0.01,0.01,71154.51,1776021497000
1776021499.575,199.575,0.64,0.65,0.35,0.36,0.01,0.01,71154.41,1776021498000
1776021500.199,200.199,0.64,0.65,0.35,0.37,0.01,0.02,71154.41,1776021498000
1776021500.559,200.559,0.63,0.64,0.36,0.37,0.01,0.01,71154.69,1776021499000
1776021500.983,200.983,0.63,0.67,0.36,0.37,0.04,0.01,71154.69,1776021499000
1776021501.46,201.46,0.65,0.66,0.33,0.35,0.01,0.02,71154.84,1776021500000
1776021502.174,202.174,0.62,0.63,0.35,0.36,0.01,0.01,71154.84,1776021500000
1776021502.576,202.576,0.61,0.64,0.37,0.38,0.03,0.01,71154.88,1776021501000
1776021502.932,202.932,0.62,0.63,0.37,0.38,0.01,0.01,71154.88,1776021501000
1776021503.351,203.351,0.62,0.63,0.37,0.38,0.01,0.01,71154.88,1776021502000
1776021503.762,203.762,0.62,0.63,0.37,0.38,0.01,0.01,71154.88,1776021502000
1776021504.244,204.244,0.61,0.62,0.37,0.38,0.01,0.01,71154.84,1776021503000
1776021504.594,204.594,0.6,0.62,0.38,0.39,0.02,0.01,71154.84,1776021503000
1776021504.942,204.942,0.58,0.59,0.41,0.42,0.01,0.01,71154.84,1776021503000
1776021505.439,205.439,0.57,0.58,0.42,0.43,0.01,0.01,71154.84,1776021504000
1776021505.873,205.873,0.57,0.58,0.42,0.43,0.01,0.01,71154.84,1776021504000
1776021506.394,206.394,0.57,0.58,0.42,0.43,0.01,0.01,71154.28,1776021505000
1776021506.733,206.733,0.59,0.6,0.39,0.42,0.01,0.03,71154.28,1776021505000
1776021507.108,207.108,0.57,0.58,0.41,0.43,0.01,0.02,71153.86,1776021506000
1776021507.46,207.46,0.57,0.58,0.42,0.43,0.01,0.01,71153.86,1776021506000
1776021507.852,207.852,0.57,0.58,0.42,0.43,0.01,0.01,71153.86,1776021506000
1776021508.222,208.222,0.56,0.57,0.43,0.44,0.01,0.01,71153.87,1776021507000
1776021508.666,208.666,0.56,0.57,0.43,0.44,0.01,0.01,71153.87,1776021507000
1776021509.078,209.078,0.56,0.57,0.43,0.44,0.01,0.01,71153.87,1776021507000
1776021509.441,209.441,0.56,0.58,0.43,0.44,0.02,0.01,71153.93,1776021508000
1776021509.848,209.848,0.57,0.58,0.42,0.43,0.01,0.01,71153.93,1776021508000
1776021510.183,210.183,0.57,0.58,0.42,0.43,0.01,0.01,71153.38,1776021509000
1776021510.518,210.518,0.56,0.58,0.42,0.44,0.02,0.02,71153.38,1776021509000
1776021510.852,210.852,0.56,0.58,0.42,0.43,0.02,0.01,71153.38,1776021509000
1776021511.277,211.277,0.56,0.57,0.43,0.44,0.01,0.01,71153.32,1776021510000
1776021511.693,211.693,0.57,0.58,0.38,0.43,0.01,0.05,71153.32,1776021510000
1776021512.136,212.136,0.58,0.62,0.41,0.42,0.04,0.01,71153.32,1776021510000
1776021512.486,212.486,0.6,0.61,0.39,0.4,0.01,0.01,71153.39,1776021511000
1776021512.834,212.834,0.63,0.64,0.36,0.38,0.01,0.02,71153.39,1776021511000
1776021513.348,213.348,0.63,0.64,0.36,0.37,0.01,0.01,71153.39,1776021512000
1776021513.842,213.842,0.62,0.63,0.37,0.38,0.01,0.01,71153.39,1776021512000
1776021514.196,214.196,0.62,0.63,0.37,0.39,0.01,0.02,71153.39,1776021512000
1776021514.58,214.58,0.62,0.63,0.37,0.39,0.01,0.02,71153.13,1776021513000
1776021515.083,215.083,0.61,0.63,0.37,0.38,0.02,0.01,71153.13,1776021513000
1776021515.474,215.474,0.62,0.64,0.36,0.38,0.02,0.02,71152.77,1776021514000
1776021515.831,215.831,0.63,0.64,0.36,0.37,0.01,0.01,71152.77,1776021514000
1776021516.188,216.188,0.64,0.65,0.34,0.37,0.01,0.03,71152.77,1776021515000
1776021516.711,216.711,0.64,0.65,0.35,0.36,0.01,0.01,71152.77,1776021515000
1776021517.161,217.161,0.64,0.65,0.35,0.36,0.01,0.01,71153.01,1776021516000
1776021518.031,218.031,0.64,0.65,0.35,0.36,0.01,0.01,71153.22,1776021517000
1776021518.434,218.434,0.63,0.65,0.35,0.36,0.02,0.01,71153.22,1776021517000
1776021519.144,219.144,0.64,0.65,0.35,0.37,0.01,0.02,71153.22,1776021517000
1776021519.533,219.533,0.64,0.65,0.35,0.36,0.01,0.01,71153.22,1776021517000
1776021520.117,220.117,0.64,0.65,0.35,0.36,0.01,0.01,71153.22,1776021517000
1776021520.586,220.586,0.64,0.65,0.35,0.36,0.01,0.01,71153.22,1776021517000
1776021520.934,220.934,0.64,0.65,0.35,0.36,0.01,0.01,71153.96,1776021519000
1776021521.326,221.326,0.64,0.65,0.35,0.36,0.01,0.01,71153.96,1776021519000
1776021522.085,222.085,0.65,0.66,0.35,0.36,0.01,0.01,71153.96,1776021520000
1776021522.65,222.65,0.65,0.66,0.34,0.35,0.01,0.01,71153.92,1776021521000
1776021523.14,223.14,0.64,0.65,0.34,0.35,0.01,0.01,71153.92,1776021521000
1776021524.139,224.139,0.65,0.66,0.35,0.36,0.01,0.01,71153.64,1776021522000
1776021524.539,224.539,0.65,0.69,0.34,0.35,0.04,0.01,71153.64,1776021523000
1776021524.941,224.941,0.66,0.67,0.34,0.35,0.01,0.01,71153.64,1776021523000
1776021525.468,225.468,0.66,0.67,0.32,0.33,0.01,0.01,71153.64,1776021523000
1776021525.829,225.829,0.66,0.67,0.33,0.35,0.01,0.02,71153.18,1776021524000
1776021526.221,226.221,0.65,0.67,0.33,0.34,0.02,0.01,71153.18,1776021524000
1776021526.798,226.798,0.65,0.68,0.33,0.36,0.03,0.03,71153.5,1776021525000
1776021527.245,227.245,0.64,0.66,0.34,0.35,0.02,0.01,71153.5,1776021525000
1776021527.606,227.606,0.64,0.65,0.35,0.36,0.01,0.01,71153.45,1776021526000
1776021528.343,228.343,0.64,0.66,0.34,0.36,0.02,0.02,71153.45,1776021527000
1776021528.927,228.927,0.64,0.65,0.34,0.36,0.01,0.02,71153.45,1776021527000
1776021529.446,229.446,0.64,0.65,0.35,0.36,0.01,0.01,71153.45,1776021527000
1776021530.021,230.021,0.64,0.65,0.35,0.36,0.01,0.01,71153.69,1776021528000
1776021530.453,230.453,0.64,0.65,0.35,0.36,0.01,0.01,71153.69,1776021528000
1776021530.814,230.814,0.64,0.65,0.35,0.36,0.01,0.01,71153.7,1776021529000
1776021531.585,231.585,0.64,0.65,0.34,0.36,0.01,0.02,71153.7,1776021529000
1776021531.944,231.944,0.64,0.65,0.35,0.36,0.01,0.01,71153.7,1776021530000
1776021532.563,232.563,0.64,0.66,0.35,0.36,0.02,0.01,71153.7,1776021530000
1776021533.076,233.076,0.65,0.66,0.34,0.36,0.01,0.02,71153.75,1776021531000
1776021533.484,233.484,0.65,0.66,0.34,0.35,0.01,0.01,71150.73,1776021532000
1776021533.864,233.864,0.65,0.66,0.34,0.35,0.01,0.01,71150.73,1776021532000
1776021534.335,234.335,0.65,0.66,0.34,0.35,0.01,0.01,71152.86,1776021533000
1776021534.675,234.675,0.66,0.67,0.33,0.35,0.01,0.02,71152.86,1776021533000
1776021535.018,235.018,0.65,0.66,0.33,0.34,0.01,0.01,71152.86,1776021533000
1776021535.461,235.461,0.65,0.66,0.34,0.35,0.01,0.01,71152.86,1776021533000
1776021535.962,235.962,0.66,0.67,0.32,0.34,0.01,0.02,71152.56,1776021534000
1776021536.504,236.504,0.66,0.67,0.33,0.34,0.01,0.01,71152.56,1776021535000
1776021537.162,237.162,0.66,0.67,0.33,0.34,0.01,0.01,71152.56,1776021535000
1776021537.598,237.598,0.66,0.67,0.33,0.34,0.01,0.01,71152.56,1776021535000
1776021537.949,237.949,0.66,0.67,0.33,0.35,0.01,0.02,71152.63,1776021536000
1776021538.357,238.357,0.66,0.67,0.33,0.34,0.01,0.01,71152.68,1776021537000
1776021538.913,238.913,0.66,0.67,0.33,0.34,0.01,0.01,71152.68,1776021537000
1776021539.432,239.432,0.65,0.66,0.34,0.35,0.01,0.01,71153.9,1776021538000
1776021539.849,239.849,0.65,0.66,0.34,0.35,0.01,0.01,71153.9,1776021538000
1776021540.25,240.25,0.65,0.66,0.34,0.35,0.01,0.01,71153.89,1776021539000
1776021540.671,240.671,0.66,0.68,0.33,0.34,0.02,0.01,71153.89,1776021539000
1776021541.072,241.072,0.66,0.68,0.32,0.33,0.02,0.01,71153.89,1776021540000
1776021541.45,241.45,0.66,0.67,0.33,0.34,0.01,0.01,71153.89,1776021540000
1776021541.878,241.878,0.66,0.67,0.33,0.34,0.01,0.01,71153.89,1776021540000
1776021542.251,242.251,0.63,0.65,0.35,0.37,0.02,0.02,71153.91,1776021541000
1776021542.615,242.615,0.63,0.65,0.35,0.36,0.02,0.01,71153.91,1776021541000
1776021542.98,242.98,0.63,0.65,0.35,0.38,0.02,0.03,71153.91,1776021541000
1776021543.332,243.332,0.62,0.64,0.36,0.38,0.02,0.02,71153.77,1776021542000
1776021543.866,243.866,0.66,0.67,0.33,0.34,0.01,0.01,71153.77,1776021542000
1776021544.205,244.205,0.67,0.68,0.32,0.33,0.01,0.01,71153.77,1776021542000
1776021544.654,244.654,0.68,0.69,0.31,0.32,0.01,0.01,71154.1,1776021543000
1776021545.007,245.007,0.67,0.68,0.31,0.32,0.01,0.01,71154.1,1776021543000
1776021545.343,245.343,0.66,0.68,0.32,0.33,0.02,0.01,71154.1,1776021543000
1776021545.788,245.788,0.67,0.69,0.32,0.33,0.02,0.01,71154.22,1776021544000
1776021546.198,246.198,0.68,0.7,0.31,0.32,0.02,0.01,71154.27,1776021545000
1776021546.542,246.542,0.79,0.8,0.2,0.21,0.01,0.01,71154.27,1776021545000
1776021546.893,246.893,0.79,0.8,0.2,0.21,0.01,0.01,71154.27,1776021545000
1776021547.301,247.301,0.78,0.8,0.2,0.21,0.02,0.01,71154.77,1776021546000
1776021547.637,247.637,0.79,0.8,0.2,0.21,0.01,0.01,71154.77,1776021546000
1776021547.984,247.984,0.78,0.8,0.2,0.22,0.02,0.02,71154.77,1776021546000
1776021548.366,248.366,0.78,0.8,0.2,0.22,0.02,0.02,71159.33,1776021547000
1776021548.727,248.727,0.78,0.8,0.2,0.21,0.02,0.01,71159.33,1776021547000
1776021549.095,249.095,0.74,0.8,0.2,0.21,0.06,0.01,71159.33,1776021547000
1776021549.451,249.451,0.78,0.79,0.21,0.22,0.01,0.01,71161.55,1776021548000
1776021549.823,249.823,0.78,0.79,0.2,0.21,0.01,0.01,71161.55,1776021548000
1776021550.162,250.162,0.77,0.79,0.21,0.22,0.02,0.01,71161.8,1776021549000
1776021550.688,250.688,0.76,0.77,0.22,0.23,0.01,0.01,71161.8,1776021549000
1776021551.024,251.024,0.77,0.78,0.22,0.23,0.01,0.01,71161.8,1776021549000
1776021551.385,251.385,0.75,0.78,0.22,0.25,0.03,0.03,71161.46,1776021550000
1776021551.82,251.82,0.75,0.76,0.24,0.25,0.01,0.01,71161.46,1776021550000
1776021552.376,252.376,0.75,0.76,0.25,0.26,0.01,0.01,71161.73,1776021551000
1776021552.73,252.73,0.73,0.77,0.23,0.24,0.04,0.01,71161.73,1776021551000
1776021553.081,253.081,0.75,0.76,0.22,0.3,0.01,0.08,71161.73,1776021551000
1776021553.448,253.448,0.76,0.77,0.23,0.25,0.01,0.02,71161.84,1776021552000
1776021554.146,254.146,0.76,0.77,0.23,0.24,0.01,0.01,71162.52,1776021553000
1776021554.875,254.875,0.77,0.78,0.23,0.24,0.01,0.01,71162.52,1776021553000
1776021555.256,255.256,0.86,0.87,0.13,0.15,0.01,0.02,71162.76,1776021554000
1776021555.626,255.626,0.87,0.88,0.12,0.13,0.01,0.01,71162.76,1776021554000
1776021556.012,256.012,0.87,0.88,0.12,0.13,0.01,0.01,71162.76,1776021554000
1776021556.495,256.495,0.88,0.89,0.11,0.12,0.01,0.01,71162.78,1776021555000
1776021556.86,256.86,0.88,0.89,0.11,0.12,0.01,0.01,71162.78,1776021555000
1776021557.228,257.228,0.86,0.87,0.12,0.14,0.01,0.02,71162.47,1776021556000
1776021557.62,257.62,0.84,0.86,0.14,0.16,0.02,0.02,71162.47,1776021556000
1776021557.986,257.986,0.85,0.87,0.14,0.15,0.02,0.01,71162.47,1776021556000
1776021558.425,258.425,0.85,0.86,0.14,0.15,0.01,0.01,71165.62,1776021557000
1776021558.78,258.78,0.85,0.87,0.13,0.15,0.02,0.02,71165.62,1776021557000
1776021559.207,259.207,0.86,0.87,0.13,0.15,0.01,0.02,71165.62,1776021557000
1776021559.869,259.869,0.86,0.87,0.13,0.14,0.01,0.01,71166.2,1776021558000
1776021560.204,260.204,0.89,0.9,0.1,0.11,0.01,0.01,71166.13,1776021559000
1776021560.559,260.559,0.85,0.86,0.14,0.15,0.01,0.01,71166.13,1776021559000
1776021560.893,260.893,0.85,0.86,0.14,0.15,0.01,0.01,71166.13,1776021559000
1776021561.228,261.228,0.85,0.86,0.14,0.17,0.01,0.03,71166.15,1776021560000
1776021561.67,261.67,0.85,0.86,0.14,0.15,0.01,0.01,71166.15,1776021560000
1776021562.014,262.014,0.86,0.87,0.13,0.14,0.01,0.01,71166.15,1776021560000
1776021562.378,262.378,0.9,0.91,0.09,0.1,0.01,0.01,71166.15,1776021561000
1776021562.722,262.722,0.91,0.92,0.08,0.1,0.01,0.02,71166.15,1776021561000
1776021563.1,263.1,0.87,0.9,0.09,0.12,0.03,0.03,71166.23,1776021562000
1776021563.448,263.448,0.88,0.89,0.11,0.12,0.01,0.01,71166.23,1776021562000
1776021563.848,263.848,0.85,0.86,0.13,0.14,0.01,0.01,71166.23,1776021562000
1776021564.23,264.23,0.87,0.88,0.12,0.14,0.01,0.02,71167.16,1776021563000
1776021564.629,264.629,0.84,0.85,0.15,0.16,0.01,0.01,71167.16,1776021563000
1776021564.98,264.98,0.83,0.92,0.16,0.17,0.09,0.01,71167.16,1776021563000
1776021565.388,265.388,0.88,0.9,0.1,0.11,0.02,0.01,71169.74,1776021564000
1776021565.772,265.772,0.88,0.89,0.1,0.12,0.01,0.02,71169.74,1776021564000
1776021566.12,266.12,0.87,0.88,0.11,0.13,0.01,0.02,71169.78,1776021565000
1776021566.467,266.467,0.87,0.88,0.12,0.13,0.01,0.01,71169.78,1776021565000
1776021566.858,266.858,0.88,0.89,0.11,0.12,0.01,0.01,71169.78,1776021565000
1776021567.207,267.207,0.89,0.9,0.09,0.12,0.01,0.03,71169.78,1776021565000
1776021567.691,267.691,0.88,0.9,0.1,0.13,0.02,0.03,71169.78,1776021566000
1776021568.027,268.027,0.84,0.86,0.11,0.13,0.02,0.02,71169.78,1776021566000
1776021568.42,268.42,0.85,0.86,0.14,0.15,0.01,0.01,71169.78,1776021566000
1776021568.838,268.838,0.84,0.97,0.14,0.16,0.13,0.02,71169.79,1776021567000
1776021569.292,269.292,0.88,0.89,0.12,0.13,0.01,0.01,71170.08,1776021568000
1776021569.721,269.721,0.91,0.92,0.08,0.09,0.01,0.01,71170.08,1776021568000
1776021570.096,270.096,0.89,0.9,0.1,0.11,0.01,0.01,71169.53,1776021569000
1776021570.446,270.446,0.85,0.89,0.11,0.12,0.04,0.01,71169.53,1776021569000
1776021570.861,270.861,0.92,0.93,0.05,0.09,0.01,0.04,71169.53,1776021569000
1776021571.268,271.268,0.84,0.93,0.07,0.16,0.09,0.09,71169.45,1776021570000
1776021571.67,271.67,0.84,0.85,0.13,0.21,0.01,0.08,71169.45,1776021570000
1776021572.039,272.039,0.84,0.85,0.15,0.16,0.01,0.01,71169.45,1776021570000
1776021572.506,272.506,0.91,0.93,0.07,0.14,0.02,0.07,71169.45,1776021571000
1776021572.938,272.938,0.9,0.91,0.08,0.1,0.01,0.02,71169.45,1776021571000
1776021573.284,273.284,0.88,0.9,0.1,0.12,0.02,0.02,71169.45,1776021572000
1776021573.663,273.663,0.85,0.87,0.12,0.14,0.02,0.02,71169.45,1776021572000
1776021574.068,274.068,0.87,0.9,0.12,0.13,0.03,0.01,71169.45,1776021572000
1776021574.794,274.794,0.89,0.91,0.1,0.13,0.02,0.03,71169.94,1776021573000
1776021575.273,275.273,0.85,0.97,0.11,0.15,0.12,0.04,71170.86,1776021574000
1776021575.63,275.63,0.85,0.89,0.11,0.12,0.04,0.01,71170.86,1776021574000
1776021575.967,275.967,0.89,0.9,0.1,0.11,0.01,0.01,71171.76,1776021575000
1776021576.393,276.393,0.88,0.89,0.1,0.13,0.01,0.03,71171.76,1776021575000
1776021576.744,276.744,0.86,0.87,0.13,0.14,0.01,0.01,71171.76,1776021575000
1776021577.109,277.109,0.86,0.87,0.13,0.14,0.01,0.01,71171.77,1776021576000
1776021577.512,277.512,0.86,0.87,0.13,0.14,0.01,0.01,71171.77,1776021576000
1776021577.861,277.861,0.86,0.88,0.13,0.14,0.02,0.01,71171.77,1776021576000
1776021578.221,278.221,0.86,0.87,0.12,0.13,0.01,0.01,71171.77,1776021576000
1776021578.634,278.634,0.86,0.87,0.13,0.14,0.01,0.01,71171.77,1776021577000
1776021579.316,279.316,0.89,0.9,0.1,0.11,0.01,0.01,71171.77,1776021577000
1776021579.654,279.654,0.86,0.87,0.13,0.14,0.01,0.01,71172.15,1776021578000
1776021580.094,280.094,0.86,0.87,0.13,0.14,0.01,0.01,71172.15,1776021578000
1776021580.469,280.469,0.86,0.87,0.13,0.14,0.01,0.01,71172.15,1776021578000
1776021580.82,280.82,0.86,0.87,0.13,0.14,0.01,0.01,71172.15,1776021579000
1776021581.219,281.219,0.87,0.89,0.12,0.13,0.02,0.01,71172.15,1776021579000
1776021581.57,281.57,0.88,0.89,0.11,0.12,0.01,0.01,71172.15,1776021579000
1776021581.921,281.921,0.83,0.84,0.16,0.17,0.01,0.01,71172.15,1776021579000
1776021582.305,282.305,0.83,0.84,0.16,0.17,0.01,0.01,71172.15,1776021579000
1776021582.658,282.658,0.83,0.84,0.16,0.17,0.01,0.01,71172.15,1776021580000
1776021583.006,283.006,0.83,0.84,0.16,0.17,0.01,0.01,71172.15,1776021580000
1776021583.366,283.366,0.88,0.89,0.11,0.12,0.01,0.01,71172.15,1776021580000
1776021583.724,283.724,0.86,0.88,0.12,0.13,0.02,0.01,71171.59,1776021582000
1776021584.138,284.138,0.86,0.87,0.12,0.13,0.01,0.01,71171.59,1776021582000
1776021584.512,284.512,0.9,0.91,0.04,0.14,0.01,0.1,71170.32,1776021583000
1776021584.865,284.865,0.95,0.96,0.03,0.05,0.01,0.02,71170.32,1776021583000
1776021585.258,285.258,0.87,0.9,0.07,0.11,0.03,0.04,71170.32,1776021583000
1776021585.675,285.675,0.63,0.66,0.18,0.23,0.03,0.05,71170.32,1776021583000
1776021586.019,286.019,0.62,0.63,0.37,0.38,0.01,0.01,71170.29,1776021584000
1776021586.358,286.358,0.74,0.75,0.24,0.28,0.01,0.04,71170.23,1776021585000
1776021586.808,286.808,0.66,0.72,0.23,0.36,0.06,0.13,71170.23,1776021585000
1776021587.149,287.149,0.73,0.76,0.24,0.28,0.03,0.04,71170.23,1776021585000
1776021587.607,287.607,0.75,0.83,0.24,0.25,0.08,0.01,71165.98,1776021586000
1776021588.007,288.007,0.78,0.79,0.21,0.45,0.01,0.24,71165.98,1776021586000
1776021588.346,288.346,0.78,0.79,0.22,0.32,0.01,0.1,71163.08,1776021587000
1776021588.709,288.709,0.68,0.7,0.29,0.32,0.02,0.03,71163.08,1776021587000
1776021589.218,289.218,0.75,0.76,0.24,0.26,0.01,0.02,71163.08,1776021587000
1776021589.566,289.566,0.78,0.82,0.22,0.23,0.04,0.01,71162.21,1776021588000
1776021589.915,289.915,0.82,0.83,0.17,0.18,0.01,0.01,71162.21,1776021588000
1776021590.659,290.659,0.82,0.85,0.15,0.18,0.03,0.03,71162.4,1776021589000
1776021591.068,291.068,0.76,0.79,0.23,0.24,0.03,0.01,71162.4,1776021589000
1776021591.557,291.557,0.8,0.81,0.15,0.25,0.01,0.1,71162.4,1776021589000
1776021591.943,291.943,0.78,0.79,0.19,0.2,0.01,0.01,71162.39,1776021590000
1776021592.304,292.304,0.68,0.78,0.22,0.23,0.1,0.01,71162.39,1776021590000
1776021592.638,292.638,0.71,0.73,0.28,0.29,0.02,0.01,71162.39,1776021590000
1776021593.291,293.291,0.67,0.73,0.27,0.28,0.06,0.01,71162.85,1776021591000
1776021593.731,293.731,0.6,0.71,0.27,0.33,0.11,0.06,71162.85,1776021591000
1776021594.065,294.065,0.78,0.8,0.2,0.25,0.02,0.05,71163.92,1776021592000
1776021594.428,294.428,0.8,0.84,0.15,0.21,0.04,0.06,71163.92,1776021593000
1776021594.854,294.854,0.74,0.75,0.2,0.25,0.01,0.05,71163.92,1776021593000
1776021595.343,295.343,0.83,0.85,0.14,0.19,0.02,0.05,71163.92,1776021594000
1776021595.731,295.731,0.59,0.6,0.38,0.41,0.01,0.03,71163.92,1776021594000
1776021596.1,296.1,0.78,0.84,0.16,0.22,0.06,0.06,71163.92,1776021595000
1776021596.628,296.628,0.84,0.85,0.18,0.19,0.01,0.01,71163.92,1776021595000
1776021597.037,297.037,0.94,0.95,0.05,0.07,0.01,0.02,71163.92,1776021595000
1776021597.37,297.37,0.96,0.97,0.03,0.04,0.01,0.01,71163.92,1776021595000
1776021597.729,297.729,0.97,0.98,0.02,0.03,0.01,0.01,71163.92,1776021595000
1776021598.105,298.105,0.97,0.98,0.02,0.03,0.01,0.01,71163.92,1776021596000
1776021598.46,298.46,0.97,0.98,0.02,0.03,0.01,0.01,71164.21,1776021597000
1776021598.817,298.817,0.98,0.99,0.01,0.05,0.01,0.04,71164.21,1776021597000
1776021599.242,299.242,0.99,0.99,0.01,0.01,0.0,0.0,71164.21,1776021597000
1776021599.578,299.578,0.99,0.99,0.01,0.01,0.0,0.0,71169.84,1776021598000
1776021600.043,300.043,0.99,0.99,0.01,0.01,0.0,0.0,71169.84,1776021598000
1776021600.498,300.498,0.99,0.99,0.01,0.01,0.0,0.0,71171.31,1776021599000
1776021600.942,300.942,0.99,0.99,0.01,0.01,0.0,0.0,71171.31,1776021599000
1776021601.348,301.348,0.99,0.99,0.01,0.01,0.0,0.0,71170.96,1776021600000
1776021602.703,302.703,0.99,0.99,0.01,0.01,0.0,0.0,71171.3,1776021601000

# RESULT,winner=Up,slug=btc-updown-5m-1776021300,ticks=705
