timestamp,elapsed_sec,up_bid,up_ask,down_bid,down_ask,up_spread,down_spread,btc_price,btc_oracle_ts
1776772500.596,0.596,0.53,0.54,0.46,0.47,0.01,0.01,76470.8,1776772499000
1776772501.083,1.083,0.52,0.54,0.46,0.48,0.02,0.02,76470.6,1776772500000
1776772501.78,1.78,0.52,0.53,0.46,0.48,0.01,0.02,76470.6,1776772500000
1776772502.349,2.349,0.52,0.54,0.47,0.48,0.02,0.01,76469.83,1776772501000
1776772502.788,2.788,0.52,0.53,0.47,0.48,0.01,0.01,76469.83,1776772501000
1776772503.184,3.184,0.52,0.53,0.47,0.48,0.01,0.01,76468.51,1776772502000
1776772503.616,3.616,0.52,0.53,0.47,0.48,0.01,0.01,76468.51,1776772502000
1776772503.959,3.959,0.52,0.53,0.47,0.48,0.01,0.01,76467.97,1776772503000
1776772504.364,4.364,0.52,0.53,0.47,0.48,0.01,0.01,76467.97,1776772503000
1776772504.908,4.908,0.52,0.53,0.47,0.48,0.01,0.01,76467.65,1776772504000
1776772505.25,5.25,0.52,0.53,0.47,0.48,0.01,0.01,76467.65,1776772504000
1776772505.856,5.856,0.52,0.53,0.47,0.48,0.01,0.01,76467.65,1776772504000
1776772506.365,6.365,0.51,0.52,0.47,0.49,0.01,0.02,76467.04,1776772505000
1776772506.843,6.843,0.51,0.52,0.48,0.49,0.01,0.01,76467.04,1776772505000
1776772507.234,7.234,0.51,0.52,0.48,0.49,0.01,0.01,76466.84,1776772506000
1776772507.599,7.599,0.51,0.52,0.48,0.49,0.01,0.01,76466.84,1776772506000
1776772507.992,7.992,0.51,0.52,0.48,0.49,0.01,0.01,76466.84,1776772506000
1776772508.527,8.527,0.5,0.52,0.48,0.49,0.02,0.01,76466.87,1776772507000
1776772508.896,8.896,0.5,0.51,0.49,0.5,0.01,0.01,76466.87,1776772507000
1776772509.262,9.262,0.5,0.51,0.49,0.5,0.01,0.01,76466.87,1776772507000
1776772509.743,9.743,0.5,0.51,0.49,0.5,0.01,0.01,76466.89,1776772508000
1776772510.125,10.125,0.5,0.51,0.49,0.5,0.01,0.01,76466.89,1776772508000
1776772510.468,10.468,0.48,0.51,0.49,0.52,0.03,0.03,76466.9,1776772509000
1776772510.929,10.929,0.47,0.49,0.51,0.54,0.02,0.03,76466.9,1776772509000
1776772511.322,11.322,0.48,0.49,0.51,0.52,0.01,0.01,76466.9,1776772509000
1776772511.763,11.763,0.47,0.49,0.51,0.52,0.02,0.01,76466.9,1776772509000
1776772512.21,12.21,0.47,0.48,0.52,0.53,0.01,0.01,76466.68,1776772510000
1776772512.812,12.812,0.46,0.47,0.53,0.54,0.01,0.01,76466.03,1776772511000
1776772513.314,13.314,0.46,0.47,0.53,0.54,0.01,0.01,76465.51,1776772512000
1776772514.201,14.201,0.46,0.47,0.53,0.54,0.01,0.01,76465.51,1776772512000
1776772514.555,14.555,0.46,0.47,0.53,0.54,0.01,0.01,76465.6,1776772513000
1776772515.102,15.102,0.46,0.47,0.53,0.54,0.01,0.01,76465.6,1776772514000
1776772515.684,15.684,0.46,0.47,0.53,0.54,0.01,0.01,76465.6,1776772514000
1776772516.208,16.208,0.46,0.47,0.53,0.54,0.01,0.01,76465.6,1776772514000
1776772516.75,16.75,0.46,0.47,0.53,0.54,0.01,0.01,76465.6,1776772515000
1776772517.337,17.337,0.46,0.47,0.53,0.54,0.01,0.01,76465.31,1776772516000
1776772517.729,17.729,0.46,0.47,0.53,0.54,0.01,0.01,76465.31,1776772516000
1776772518.131,18.131,0.46,0.47,0.53,0.54,0.01,0.01,76465.31,1776772517000
1776772518.49,18.49,0.46,0.47,0.53,0.56,0.01,0.03,76465.31,1776772517000
1776772519.014,19.014,0.46,0.47,0.53,0.54,0.01,0.01,76465.42,1776772518000
1776772519.558,19.558,0.46,0.47,0.53,0.54,0.01,0.01,76465.42,1776772518000
1776772519.892,19.892,0.5,0.54,0.46,0.5,0.04,0.04,76465.42,1776772518000
1776772520.305,20.305,0.53,0.54,0.45,0.47,0.01,0.02,76465.43,1776772519000
1776772520.992,20.992,0.54,0.58,0.42,0.47,0.04,0.05,76465.43,1776772519000
1776772521.335,21.335,0.55,0.57,0.44,0.46,0.02,0.02,76465.45,1776772520000
1776772521.715,21.715,0.55,0.56,0.43,0.45,0.01,0.02,76465.45,1776772520000
1776772522.23,22.23,0.54,0.56,0.44,0.46,0.02,0.02,76470.92,1776772521000
1776772522.583,22.583,0.55,0.56,0.44,0.45,0.01,0.01,76470.92,1776772521000
1776772523.17,23.17,0.55,0.56,0.44,0.45,0.01,0.01,76470.92,1776772521000
1776772523.541,23.541,0.55,0.56,0.44,0.45,0.01,0.01,76474.08,1776772522000
1776772523.901,23.901,0.55,0.56,0.44,0.45,0.01,0.01,76474.08,1776772522000
1776772524.324,24.324,0.56,0.57,0.43,0.45,0.01,0.02,76474.08,1776772522000
1776772524.671,24.671,0.56,0.57,0.43,0.44,0.01,0.01,76474.34,1776772523000
1776772525.08,25.08,0.56,0.58,0.42,0.44,0.02,0.02,76474.34,1776772523000
1776772525.559,25.559,0.57,0.58,0.42,0.43,0.01,0.01,76474.34,1776772524000
1776772525.956,25.956,0.58,0.59,0.41,0.42,0.01,0.01,76474.34,1776772524000
1776772526.414,26.414,0.58,0.59,0.41,0.42,0.01,0.01,76474.41,1776772525000
1776772526.791,26.791,0.58,0.6,0.41,0.42,0.02,0.01,76474.41,1776772525000
1776772527.141,27.141,0.59,0.6,0.4,0.41,0.01,0.01,76474.88,1776772526000
1776772527.527,27.527,0.59,0.6,0.4,0.41,0.01,0.01,76474.88,1776772526000
1776772527.878,27.878,0.59,0.6,0.4,0.41,0.01,0.01,76474.88,1776772526000
1776772528.34,28.34,0.59,0.6,0.4,0.41,0.01,0.01,76477.19,1776772527000
1776772528.694,28.694,0.59,0.6,0.4,0.41,0.01,0.01,76477.19,1776772527000
1776772529.096,29.096,0.59,0.6,0.4,0.41,0.01,0.01,76477.32,1776772528000
1776772529.591,29.591,0.59,0.6,0.4,0.41,0.01,0.01,76477.32,1776772528000
1776772529.938,29.938,0.58,0.59,0.4,0.42,0.01,0.02,76477.32,1776772528000
1776772530.274,30.274,0.56,0.59,0.41,0.43,0.03,0.02,76477.32,1776772529000
1776772530.933,30.933,0.55,0.56,0.44,0.45,0.01,0.01,76477.32,1776772529000
1776772531.363,31.363,0.55,0.56,0.44,0.45,0.01,0.01,76477.57,1776772530000
1776772531.736,31.736,0.55,0.59,0.44,0.45,0.04,0.01,76477.57,1776772530000
1776772532.091,32.091,0.59,0.6,0.4,0.41,0.01,0.01,76475.18,1776772531000
1776772532.435,32.435,0.62,0.64,0.37,0.38,0.02,0.01,76475.18,1776772531000
1776772532.806,32.806,0.62,0.65,0.35,0.38,0.03,0.03,76475.18,1776772531000
1776772533.214,33.214,0.64,0.69,0.31,0.36,0.05,0.05,76474.79,1776772532000
1776772533.563,33.563,0.68,0.69,0.29,0.34,0.01,0.05,76474.79,1776772532000
1776772533.915,33.915,0.69,0.73,0.27,0.31,0.04,0.04,76474.79,1776772532000
1776772534.338,34.338,0.68,0.7,0.29,0.32,0.02,0.03,76476.48,1776772533000
1776772534.708,34.708,0.69,0.7,0.3,0.31,0.01,0.01,76476.48,1776772533000
1776772535.043,35.043,0.68,0.7,0.3,0.32,0.02,0.02,76493.4,1776772534000
1776772535.38,35.38,0.62,0.65,0.35,0.37,0.03,0.02,76493.4,1776772534000
1776772535.824,35.824,0.61,0.63,0.36,0.38,0.02,0.02,76493.4,1776772534000
1776772536.321,36.321,0.59,0.61,0.39,0.41,0.02,0.02,76494.32,1776772535000
1776772537.081,37.081,0.57,0.61,0.39,0.43,0.04,0.04,76487.34,1776772536000
1776772537.425,37.425,0.58,0.6,0.39,0.42,0.02,0.03,76487.34,1776772536000
1776772537.775,37.775,0.58,0.6,0.39,0.42,0.02,0.03,76487.34,1776772536000
1776772538.286,38.286,0.56,0.57,0.43,0.44,0.01,0.01,76485.19,1776772537000
1776772538.619,38.619,0.58,0.59,0.41,0.42,0.01,0.01,76485.19,1776772537000
1776772539.008,39.008,0.58,0.59,0.41,0.42,0.01,0.01,76485.19,1776772537000
1776772539.438,39.438,0.58,0.59,0.41,0.42,0.01,0.01,76485.19,1776772537000
1776772539.877,39.877,0.56,0.58,0.42,0.43,0.02,0.01,76485.19,1776772537000
1776772540.232,40.232,0.56,0.57,0.43,0.44,0.01,0.01,76483.83,1776772538000
1776772540.626,40.626,0.56,0.57,0.43,0.44,0.01,0.01,76483.83,1776772538000
1776772541.055,41.055,0.56,0.57,0.43,0.44,0.01,0.01,76484.27,1776772539000
1776772541.437,41.437,0.56,0.57,0.43,0.44,0.01,0.01,76484.27,1776772539000
1776772541.93,41.93,0.56,0.57,0.43,0.44,0.01,0.01,76484.27,1776772539000
1776772542.468,42.468,0.56,0.57,0.43,0.44,0.01,0.01,76482.19,1776772540000
1776772543.316,43.316,0.53,0.54,0.46,0.47,0.01,0.01,76482.46,1776772542000
1776772543.871,43.871,0.53,0.54,0.46,0.47,0.01,0.01,76482.46,1776772542000
1776772544.211,44.211,0.53,0.54,0.46,0.47,0.01,0.01,76482.46,1776772542000
1776772544.727,44.727,0.53,0.54,0.46,0.47,0.01,0.01,76482.46,1776772542000
1776772545.062,45.062,0.54,0.55,0.45,0.46,0.01,0.01,76476.61,1776772543000
1776772545.413,45.413,0.54,0.55,0.44,0.46,0.01,0.02,76476.61,1776772543000
1776772545.97,45.97,0.54,0.55,0.45,0.46,0.01,0.01,76476.7,1776772544000
1776772546.459,46.459,0.54,0.55,0.43,0.44,0.01,0.01,76478.21,1776772545000
1776772546.81,46.81,0.54,0.55,0.43,0.46,0.01,0.03,76478.21,1776772545000
1776772547.149,47.149,0.54,0.55,0.45,0.46,0.01,0.01,76478.21,1776772545000
1776772547.509,47.509,0.54,0.55,0.45,0.46,0.01,0.01,76478.21,1776772545000
1776772547.855,47.855,0.53,0.55,0.45,0.47,0.02,0.02,76478.89,1776772546000
1776772548.193,48.193,0.53,0.54,0.46,0.47,0.01,0.01,76478.89,1776772546000
1776772548.546,48.546,0.53,0.54,0.46,0.47,0.01,0.01,76478.03,1776772547000
1776772548.95,48.95,0.53,0.54,0.46,0.47,0.01,0.01,76478.03,1776772547000
1776772549.292,49.292,0.53,0.54,0.46,0.47,0.01,0.01,76478.03,1776772547000
1776772549.738,49.738,0.53,0.55,0.46,0.47,0.02,0.01,76478.03,1776772547000
1776772550.42,50.42,0.55,0.56,0.44,0.45,0.01,0.01,76476.05,1776772549000
1776772550.758,50.758,0.55,0.56,0.44,0.45,0.01,0.01,76476.05,1776772549000
1776772551.168,51.168,0.55,0.56,0.44,0.45,0.01,0.01,76476.14,1776772550000
1776772551.85,51.85,0.55,0.58,0.44,0.45,0.03,0.01,76476.14,1776772550000
1776772552.422,52.422,0.6,0.61,0.39,0.4,0.01,0.01,76476.24,1776772551000
1776772552.759,52.759,0.6,0.61,0.39,0.4,0.01,0.01,76476.24,1776772551000
1776772553.18,53.18,0.6,0.61,0.39,0.4,0.01,0.01,76476.3,1776772552000
1776772553.611,53.611,0.6,0.61,0.39,0.4,0.01,0.01,76476.3,1776772552000
1776772553.995,53.995,0.6,0.61,0.39,0.4,0.01,0.01,76476.3,1776772552000
1776772554.468,54.468,0.6,0.61,0.39,0.4,0.01,0.01,76481.32,1776772553000
1776772554.809,54.809,0.6,0.61,0.39,0.4,0.01,0.01,76481.32,1776772553000
1776772555.168,55.168,0.6,0.61,0.39,0.4,0.01,0.01,76481.5,1776772554000
1776772555.77,55.77,0.61,0.62,0.38,0.39,0.01,0.01,76481.5,1776772554000
1776772556.138,56.138,0.63,0.65,0.35,0.37,0.02,0.02,76481.5,1776772554000
1776772556.481,56.481,0.63,0.66,0.35,0.37,0.03,0.02,76481.5,1776772554000
1776772556.824,56.824,0.65,0.66,0.34,0.35,0.01,0.01,76481.23,1776772555000
1776772557.205,57.205,0.65,0.66,0.34,0.35,0.01,0.01,76481.23,1776772555000
1776772557.561,57.561,0.65,0.66,0.34,0.35,0.01,0.01,76485.09,1776772556000
1776772557.968,57.968,0.65,0.66,0.34,0.35,0.01,0.01,76485.09,1776772556000
1776772558.346,58.346,0.65,0.66,0.34,0.35,0.01,0.01,76486.6,1776772557000
1776772558.755,58.755,0.65,0.66,0.34,0.35,0.01,0.01,76486.6,1776772557000
1776772559.121,59.121,0.63,0.64,0.36,0.37,0.01,0.01,76486.74,1776772558000
1776772559.462,59.462,0.62,0.63,0.37,0.38,0.01,0.01,76486.74,1776772558000
1776772560.013,60.013,0.59,0.6,0.39,0.41,0.01,0.02,76486.74,1776772558000
1776772560.352,60.352,0.55,0.57,0.43,0.45,0.02,0.02,76485.88,1776772559000
1776772560.876,60.876,0.56,0.57,0.43,0.44,0.01,0.01,76485.88,1776772559000
1776772561.235,61.235,0.56,0.57,0.43,0.44,0.01,0.01,76485.42,1776772560000
1776772561.601,61.601,0.55,0.56,0.44,0.45,0.01,0.01,76485.42,1776772560000
1776772562.035,62.035,0.54,0.55,0.45,0.46,0.01,0.01,76482.02,1776772561000
1776772562.424,62.424,0.54,0.55,0.45,0.46,0.01,0.01,76482.02,1776772561000
1776772562.861,62.861,0.54,0.55,0.45,0.46,0.01,0.01,76482.02,1776772561000
1776772563.219,63.219,0.54,0.55,0.45,0.46,0.01,0.01,76478.22,1776772562000
1776772563.622,63.622,0.54,0.55,0.45,0.46,0.01,0.01,76478.22,1776772562000
1776772564.121,64.121,0.54,0.55,0.45,0.46,0.01,0.01,76478.18,1776772563000
1776772564.483,64.483,0.54,0.55,0.45,0.46,0.01,0.01,76478.18,1776772563000
1776772565.19,65.19,0.54,0.55,0.45,0.46,0.01,0.01,76478.08,1776772564000
1776772565.687,65.687,0.54,0.55,0.45,0.46,0.01,0.01,76478.08,1776772564000
1776772566.185,66.185,0.54,0.55,0.45,0.46,0.01,0.01,76477.88,1776772565000
1776772566.539,66.539,0.54,0.55,0.45,0.46,0.01,0.01,76477.88,1776772565000
1776772566.997,66.997,0.54,0.55,0.45,0.46,0.01,0.01,76477.88,1776772565000
1776772568.204,68.204,0.54,0.55,0.45,0.46,0.01,0.01,76477.81,1776772566000
1776772568.537,68.537,0.48,0.49,0.51,0.52,0.01,0.01,76477.78,1776772567000
1776772568.897,68.897,0.48,0.49,0.51,0.52,0.01,0.01,76477.78,1776772567000
1776772569.4,69.4,0.47,0.48,0.52,0.53,0.01,0.01,76475.87,1776772568000
1776772569.735,69.735,0.45,0.48,0.52,0.54,0.03,0.02,76475.87,1776772568000
1776772570.134,70.134,0.44,0.46,0.54,0.55,0.02,0.01,76475.87,1776772568000
1776772570.467,70.467,0.44,0.45,0.55,0.56,0.01,0.01,76475.87,1776772568000
1776772570.946,70.946,0.44,0.45,0.55,0.56,0.01,0.01,76468.81,1776772569000
1776772571.369,71.369,0.44,0.45,0.55,0.56,0.01,0.01,76468.81,1776772569000
1776772571.723,71.723,0.44,0.45,0.55,0.56,0.01,0.01,76468.8,1776772570000
1776772572.073,72.073,0.44,0.45,0.55,0.56,0.01,0.01,76468.8,1776772570000
1776772572.565,72.565,0.44,0.45,0.55,0.56,0.01,0.01,76466.89,1776772571000
1776772572.923,72.923,0.44,0.45,0.55,0.56,0.01,0.01,76466.89,1776772571000
1776772573.404,73.404,0.44,0.45,0.55,0.56,0.01,0.01,76466.88,1776772572000
1776772573.899,73.899,0.45,0.46,0.54,0.55,0.01,0.01,76466.88,1776772572000
1776772574.273,74.273,0.45,0.46,0.54,0.55,0.01,0.01,76466.88,1776772572000
1776772574.646,74.646,0.45,0.46,0.54,0.55,0.01,0.01,76466.93,1776772573000
1776772575.032,75.032,0.45,0.46,0.54,0.55,0.01,0.01,76466.93,1776772573000
1776772575.367,75.367,0.45,0.46,0.54,0.55,0.01,0.01,76466.93,1776772573000
1776772575.778,75.778,0.45,0.46,0.54,0.55,0.01,0.01,76466.93,1776772574000
1776772576.204,76.204,0.45,0.46,0.54,0.55,0.01,0.01,76465.94,1776772575000
1776772576.689,76.689,0.45,0.46,0.54,0.55,0.01,0.01,76465.94,1776772575000
1776772577.273,77.273,0.45,0.46,0.54,0.55,0.01,0.01,76466.77,1776772576000
1776772577.636,77.636,0.45,0.46,0.54,0.55,0.01,0.01,76466.77,1776772576000
1776772578.377,78.377,0.45,0.46,0.54,0.55,0.01,0.01,76466.77,1776772577000
1776772578.967,78.967,0.45,0.46,0.54,0.55,0.01,0.01,76466.51,1776772578000
1776772579.804,79.804,0.45,0.46,0.54,0.55,0.01,0.01,76466.51,1776772578000
1776772580.623,80.623,0.45,0.46,0.53,0.55,0.01,0.02,76466.74,1776772579000
1776772580.997,80.997,0.42,0.44,0.56,0.58,0.02,0.02,76466.74,1776772579000
1776772582.05,82.05,0.42,0.43,0.57,0.58,0.01,0.01,76466.74,1776772580000
1776772582.474,82.474,0.4,0.41,0.59,0.6,0.01,0.01,76465.03,1776772581000
1776772582.815,82.815,0.4,0.41,0.59,0.6,0.01,0.01,76465.03,1776772581000
1776772583.267,83.267,0.39,0.4,0.6,0.61,0.01,0.01,76465.03,1776772581000
1776772583.641,83.641,0.35,0.36,0.64,0.65,0.01,0.01,76462.81,1776772582000
1776772583.994,83.994,0.35,0.36,0.64,0.65,0.01,0.01,76462.81,1776772582000
1776772584.342,84.342,0.34,0.35,0.65,0.66,0.01,0.01,76462.81,1776772582000
1776772584.678,84.678,0.3,0.34,0.66,0.7,0.04,0.04,76454.61,1776772583000
1776772585.019,85.019,0.26,0.29,0.71,0.74,0.03,0.03,76454.61,1776772583000
1776772585.371,85.371,0.25,0.26,0.74,0.75,0.01,0.01,76449.83,1776772584000
1776772585.727,85.727,0.25,0.26,0.74,0.75,0.01,0.01,76449.83,1776772584000
1776772586.06,86.06,0.28,0.31,0.69,0.72,0.03,0.03,76446.97,1776772585000
1776772586.393,86.393,0.3,0.31,0.69,0.7,0.01,0.01,76446.97,1776772585000
1776772586.887,86.887,0.3,0.32,0.69,0.7,0.02,0.01,76446.97,1776772585000
1776772587.364,87.364,0.31,0.32,0.68,0.69,0.01,0.01,76446.97,1776772585000
1776772587.725,87.725,0.31,0.32,0.68,0.69,0.01,0.01,76438.72,1776772586000
1776772588.135,88.135,0.31,0.32,0.68,0.69,0.01,0.01,76438.72,1776772586000
1776772588.548,88.548,0.31,0.32,0.68,0.69,0.01,0.01,76438.72,1776772586000
1776772588.958,88.958,0.3,0.31,0.69,0.7,0.01,0.01,76439.72,1776772587000
1776772589.384,89.384,0.31,0.32,0.68,0.7,0.01,0.02,76439.72,1776772587000
1776772589.724,89.724,0.31,0.32,0.68,0.69,0.01,0.01,76440.48,1776772588000
1776772590.081,90.081,0.31,0.32,0.68,0.69,0.01,0.01,76440.48,1776772588000
1776772590.415,90.415,0.31,0.32,0.68,0.69,0.01,0.01,76440.48,1776772588000
1776772590.755,90.755,0.31,0.32,0.68,0.69,0.01,0.01,76440.48,1776772588000
1776772591.163,91.163,0.3,0.31,0.69,0.7,0.01,0.01,76440.51,1776772589000
1776772591.645,91.645,0.3,0.31,0.69,0.7,0.01,0.01,76440.51,1776772589000
1776772592.1,92.1,0.3,0.31,0.69,0.7,0.01,0.01,76440.34,1776772590000
1776772592.521,92.521,0.3,0.31,0.69,0.7,0.01,0.01,76440.34,1776772590000
1776772592.946,92.946,0.32,0.33,0.67,0.7,0.01,0.03,76440.42,1776772591000
1776772593.958,93.958,0.32,0.33,0.67,0.68,0.01,0.01,76440.36,1776772592000
1776772594.302,94.302,0.32,0.33,0.67,0.68,0.01,0.01,76440.33,1776772593000
1776772594.805,94.805,0.32,0.33,0.67,0.68,0.01,0.01,76440.33,1776772593000
1776772595.186,95.186,0.32,0.33,0.67,0.68,0.01,0.01,76440.38,1776772594000
1776772595.54,95.54,0.32,0.33,0.67,0.68,0.01,0.01,76440.38,1776772594000
1776772595.979,95.979,0.32,0.33,0.67,0.68,0.01,0.01,76440.39,1776772595000
1776772596.364,96.364,0.32,0.35,0.65,0.68,0.03,0.03,76440.39,1776772595000
1776772596.738,96.738,0.34,0.35,0.65,0.66,0.01,0.01,76440.39,1776772595000
1776772597.086,97.086,0.35,0.36,0.64,0.65,0.01,0.01,76440.41,1776772596000
1776772597.489,97.489,0.35,0.36,0.64,0.65,0.01,0.01,76440.41,1776772596000
1776772597.954,97.954,0.35,0.36,0.64,0.65,0.01,0.01,76440.41,1776772596000
1776772598.374,98.374,0.35,0.36,0.64,0.65,0.01,0.01,76443.61,1776772597000
1776772598.805,98.805,0.36,0.37,0.63,0.64,0.01,0.01,76443.61,1776772597000
1776772599.193,99.193,0.36,0.37,0.63,0.64,0.01,0.01,76443.61,1776772597000
1776772599.529,99.529,0.36,0.37,0.63,0.64,0.01,0.01,76443.61,1776772597000
1776772599.899,99.899,0.36,0.37,0.63,0.64,0.01,0.01,76445.44,1776772598000
1776772600.298,100.298,0.36,0.37,0.63,0.64,0.01,0.01,76445.44,1776772598000
1776772600.765,100.765,0.36,0.37,0.63,0.64,0.01,0.01,76445.46,1776772599000
1776772601.106,101.106,0.35,0.36,0.64,0.65,0.01,0.01,76445.54,1776772600000
1776772601.619,101.619,0.35,0.36,0.64,0.65,0.01,0.01,76445.54,1776772600000
1776772601.982,101.982,0.35,0.36,0.64,0.65,0.01,0.01,76445.54,1776772600000
1776772602.396,102.396,0.35,0.36,0.64,0.65,0.01,0.01,76445.41,1776772601000
1776772603.116,103.116,0.35,0.36,0.64,0.65,0.01,0.01,76445.41,1776772601000
1776772603.516,103.516,0.34,0.36,0.64,0.66,0.02,0.02,76445.3,1776772602000
1776772603.979,103.979,0.34,0.35,0.65,0.66,0.01,0.01,76445.3,1776772602000
1776772604.34,104.34,0.34,0.35,0.65,0.66,0.01,0.01,76445.3,1776772603000
1776772604.966,104.966,0.34,0.36,0.65,0.66,0.02,0.01,76445.3,1776772603000
1776772605.385,105.385,0.35,0.36,0.64,0.65,0.01,0.01,76445.04,1776772604000
1776772606.105,106.105,0.35,0.36,0.64,0.65,0.01,0.01,76445.04,1776772604000
1776772606.506,106.506,0.35,0.36,0.64,0.65,0.01,0.01,76443.86,1776772605000
1776772606.961,106.961,0.35,0.36,0.64,0.65,0.01,0.01,76443.86,1776772605000
1776772607.413,107.413,0.33,0.36,0.64,0.67,0.03,0.03,76444.14,1776772606000
1776772608.073,108.073,0.33,0.34,0.66,0.67,0.01,0.01,76444.14,1776772606000
1776772608.558,108.558,0.33,0.34,0.66,0.67,0.01,0.01,76444.13,1776772607000
1776772608.984,108.984,0.33,0.35,0.66,0.67,0.02,0.01,76444.13,1776772607000
1776772609.321,109.321,0.34,0.35,0.65,0.66,0.01,0.01,76444.01,1776772608000
1776772609.771,109.771,0.34,0.35,0.65,0.66,0.01,0.01,76444.01,1776772608000
1776772610.225,110.225,0.34,0.35,0.65,0.66,0.01,0.01,76444.01,1776772608000
1776772610.799,110.799,0.34,0.35,0.65,0.66,0.01,0.01,76444.01,1776772609000
1776772611.163,111.163,0.34,0.35,0.65,0.66,0.01,0.01,76444.01,1776772609000
1776772611.527,111.527,0.34,0.35,0.65,0.66,0.01,0.01,76444.07,1776772610000
1776772612.098,112.098,0.34,0.35,0.65,0.66,0.01,0.01,76444.07,1776772610000
1776772612.474,112.474,0.34,0.35,0.65,0.66,0.01,0.01,76444.02,1776772611000
1776772612.958,112.958,0.33,0.34,0.65,0.66,0.01,0.01,76444.02,1776772611000
1776772613.362,113.362,0.33,0.34,0.66,0.67,0.01,0.01,76444.02,1776772611000
1776772613.698,113.698,0.33,0.34,0.66,0.67,0.01,0.01,76444.02,1776772612000
1776772614.335,114.335,0.33,0.34,0.66,0.67,0.01,0.01,76444.01,1776772613000
1776772614.747,114.747,0.33,0.34,0.66,0.67,0.01,0.01,76444.01,1776772613000
1776772615.147,115.147,0.33,0.34,0.66,0.67,0.01,0.01,76444.01,1776772613000
1776772615.485,115.485,0.33,0.34,0.66,0.67,0.01,0.01,76443.99,1776772614000
1776772615.886,115.886,0.33,0.34,0.66,0.67,0.01,0.01,76443.99,1776772614000
1776772616.274,116.274,0.33,0.34,0.66,0.67,0.01,0.01,76443.99,1776772614000
1776772616.706,116.706,0.33,0.34,0.66,0.67,0.01,0.01,76444.06,1776772615000
1776772617.046,117.046,0.33,0.34,0.66,0.67,0.01,0.01,76444.05,1776772616000
1776772617.381,117.381,0.33,0.34,0.66,0.67,0.01,0.01,76444.05,1776772616000
1776772618.028,118.028,0.33,0.34,0.66,0.67,0.01,0.01,76444.04,1776772617000
1776772618.418,118.418,0.32,0.33,0.67,0.68,0.01,0.01,76444.04,1776772617000
1776772618.911,118.911,0.32,0.33,0.67,0.68,0.01,0.01,76444.04,1776772617000
1776772619.626,119.626,0.32,0.33,0.67,0.68,0.01,0.01,76443.89,1776772618000
1776772620.179,120.179,0.32,0.33,0.67,0.68,0.01,0.01,76443.89,1776772618000
1776772620.515,120.515,0.32,0.33,0.67,0.68,0.01,0.01,76443.6,1776772619000
1776772620.929,120.929,0.32,0.33,0.67,0.68,0.01,0.01,76443.6,1776772619000
1776772621.41,121.41,0.32,0.33,0.67,0.68,0.01,0.01,76443.4,1776772620000
1776772622.134,122.134,0.32,0.33,0.67,0.68,0.01,0.01,76443.4,1776772620000
1776772622.633,122.633,0.32,0.33,0.67,0.68,0.01,0.01,76443.41,1776772621000
1776772623.055,123.055,0.32,0.33,0.67,0.68,0.01,0.01,76443.41,1776772621000
1776772623.503,123.503,0.32,0.33,0.67,0.68,0.01,0.01,76443.43,1776772622000
1776772623.901,123.901,0.32,0.33,0.67,0.68,0.01,0.01,76443.43,1776772622000
1776772624.335,124.335,0.32,0.33,0.67,0.68,0.01,0.01,76443.43,1776772623000
1776772624.705,124.705,0.32,0.33,0.67,0.68,0.01,0.01,76443.43,1776772623000
1776772625.067,125.067,0.32,0.33,0.67,0.68,0.01,0.01,76443.43,1776772623000
1776772625.431,125.431,0.31,0.33,0.67,0.69,0.02,0.02,76443.46,1776772624000
1776772625.848,125.848,0.31,0.32,0.68,0.69,0.01,0.01,76443.46,1776772624000
1776772626.205,126.205,0.31,0.32,0.68,0.69,0.01,0.01,76443.59,1776772625000
1776772626.559,126.559,0.31,0.32,0.68,0.69,0.01,0.01,76443.59,1776772625000
1776772626.923,126.923,0.31,0.32,0.68,0.69,0.01,0.01,76443.59,1776772625000
1776772627.655,127.655,0.31,0.32,0.68,0.69,0.01,0.01,76443.59,1776772626000
1776772628.018,128.018,0.31,0.32,0.68,0.69,0.01,0.01,76443.59,1776772626000
1776772628.441,128.441,0.31,0.32,0.68,0.69,0.01,0.01,76443.59,1776772626000
1776772628.961,128.961,0.31,0.32,0.68,0.69,0.01,0.01,76443.59,1776772626000
1776772629.294,129.294,0.31,0.32,0.68,0.69,0.01,0.01,76443.59,1776772626000
1776772629.661,129.661,0.31,0.32,0.68,0.69,0.01,0.01,76443.59,1776772626000
1776772630.114,130.114,0.31,0.32,0.68,0.69,0.01,0.01,76443.56,1776772628000
1776772630.556,130.556,0.31,0.32,0.68,0.69,0.01,0.01,76443.57,1776772629000
1776772631.063,131.063,0.31,0.32,0.68,0.69,0.01,0.01,76443.57,1776772629000
1776772631.862,131.862,0.31,0.32,0.68,0.69,0.01,0.01,76443.61,1776772630000
1776772632.244,132.244,0.31,0.32,0.68,0.69,0.01,0.01,76443.61,1776772630000
1776772633.028,133.028,0.31,0.32,0.68,0.69,0.01,0.01,76443.61,1776772631000
1776772633.657,133.657,0.31,0.32,0.68,0.69,0.01,0.01,76443.63,1776772632000
1776772634.145,134.145,0.31,0.32,0.68,0.69,0.01,0.01,76443.63,1776772632000
1776772634.489,134.489,0.31,0.32,0.68,0.69,0.01,0.01,76443.7,1776772633000
1776772634.842,134.842,0.32,0.34,0.66,0.68,0.02,0.02,76443.7,1776772633000
1776772635.189,135.189,0.4,0.48,0.52,0.6,0.08,0.08,76443.7,1776772633000
1776772635.665,135.665,0.42,0.5,0.5,0.58,0.08,0.08,76443.71,1776772634000
1776772636.13,136.13,0.47,0.5,0.5,0.58,0.03,0.08,76443.71,1776772634000
1776772636.504,136.504,0.47,0.5,0.5,0.53,0.03,0.03,76451.5,1776772635000
1776772636.864,136.864,0.47,0.5,0.5,0.53,0.03,0.03,76451.5,1776772635000
1776772637.276,137.276,0.47,0.5,0.5,0.53,0.03,0.03,76454.53,1776772636000
1776772637.728,137.728,0.48,0.51,0.49,0.52,0.03,0.03,76454.53,1776772636000
1776772638.276,138.276,0.48,0.49,0.51,0.52,0.01,0.01,76463.63,1776772637000
1776772638.627,138.627,0.48,0.5,0.49,0.52,0.02,0.03,76463.63,1776772637000
1776772638.973,138.973,0.49,0.5,0.5,0.51,0.01,0.01,76463.72,1776772638000
1776772639.311,139.311,0.49,0.5,0.5,0.51,0.01,0.01,76463.72,1776772638000
1776772639.651,139.651,0.49,0.56,0.44,0.51,0.07,0.07,76463.72,1776772638000
1776772639.985,139.985,0.51,0.55,0.45,0.49,0.04,0.04,76463.72,1776772638000
1776772640.329,140.329,0.54,0.55,0.45,0.46,0.01,0.01,76463.72,1776772639000
1776772640.673,140.673,0.54,0.55,0.45,0.46,0.01,0.01,76463.72,1776772639000
1776772641.009,141.009,0.54,0.55,0.45,0.46,0.01,0.01,76463.72,1776772639000
1776772641.353,141.353,0.54,0.55,0.45,0.46,0.01,0.01,76464.99,1776772640000
1776772642.223,142.223,0.54,0.55,0.45,0.46,0.01,0.01,76464.99,1776772640000
1776772642.656,142.656,0.54,0.55,0.45,0.46,0.01,0.01,76469.08,1776772641000
1776772643.345,143.345,0.54,0.55,0.45,0.46,0.01,0.01,76469.08,1776772641000
1776772643.683,143.683,0.54,0.55,0.45,0.46,0.01,0.01,76469.18,1776772642000
1776772644.126,144.126,0.54,0.55,0.45,0.46,0.01,0.01,76469.18,1776772643000
1776772644.566,144.566,0.54,0.55,0.45,0.46,0.01,0.01,76469.18,1776772643000
1776772644.912,144.912,0.55,0.56,0.44,0.45,0.01,0.01,76469.18,1776772643000
1776772645.392,145.392,0.54,0.55,0.44,0.46,0.01,0.02,76469.26,1776772644000
1776772645.75,145.75,0.54,0.55,0.45,0.46,0.01,0.01,76469.26,1776772644000
1776772646.104,146.104,0.54,0.55,0.45,0.46,0.01,0.01,76469.26,1776772644000
1776772646.437,146.437,0.56,0.57,0.43,0.44,0.01,0.01,76469.26,1776772644000
1776772646.808,146.808,0.56,0.57,0.43,0.44,0.01,0.01,76469.34,1776772645000
1776772647.158,147.158,0.56,0.57,0.43,0.44,0.01,0.01,76469.95,1776772646000
1776772647.611,147.611,0.57,0.58,0.42,0.44,0.01,0.02,76469.95,1776772646000
1776772648.091,148.091,0.57,0.58,0.42,0.43,0.01,0.01,76469.95,1776772646000
1776772648.431,148.431,0.57,0.58,0.42,0.43,0.01,0.01,76469.96,1776772647000
1776772648.946,148.946,0.57,0.58,0.42,0.43,0.01,0.01,76469.96,1776772648000
1776772649.413,149.413,0.57,0.58,0.42,0.43,0.01,0.01,76469.96,1776772648000
1776772650.179,150.179,0.57,0.58,0.42,0.43,0.01,0.01,76472.01,1776772649000
1776772650.514,150.514,0.57,0.58,0.42,0.43,0.01,0.01,76472.01,1776772649000
1776772650.915,150.915,0.57,0.58,0.42,0.43,0.01,0.01,76472.01,1776772649000
1776772651.291,151.291,0.57,0.58,0.42,0.43,0.01,0.01,76472.02,1776772650000
1776772651.696,151.696,0.57,0.59,0.41,0.43,0.02,0.02,76472.02,1776772650000
1776772652.229,152.229,0.57,0.59,0.41,0.43,0.02,0.02,76473.22,1776772651000
1776772652.578,152.578,0.57,0.58,0.41,0.43,0.01,0.02,76473.22,1776772651000
1776772652.988,152.988,0.57,0.58,0.42,0.43,0.01,0.01,76473.22,1776772651000
1776772653.351,153.351,0.59,0.6,0.4,0.41,0.01,0.01,76473.22,1776772651000
1776772653.749,153.749,0.59,0.6,0.4,0.41,0.01,0.01,76473.26,1776772652000
1776772654.103,154.103,0.59,0.6,0.4,0.41,0.01,0.01,76473.26,1776772652000
1776772654.486,154.486,0.59,0.6,0.4,0.41,0.01,0.01,76473.47,1776772653000
1776772654.824,154.824,0.6,0.61,0.39,0.4,0.01,0.01,76473.47,1776772653000
1776772655.191,155.191,0.6,0.61,0.39,0.4,0.01,0.01,76473.48,1776772654000
1776772655.612,155.612,0.6,0.61,0.39,0.4,0.01,0.01,76473.48,1776772654000
1776772656.062,156.062,0.6,0.61,0.39,0.4,0.01,0.01,76473.52,1776772655000
1776772656.571,156.571,0.6,0.61,0.39,0.4,0.01,0.01,76473.52,1776772655000
1776772656.906,156.906,0.6,0.61,0.39,0.4,0.01,0.01,76473.52,1776772655000
1776772657.429,157.429,0.6,0.61,0.39,0.4,0.01,0.01,76474.52,1776772656000
1776772657.83,157.83,0.6,0.62,0.39,0.4,0.02,0.01,76474.52,1776772656000
1776772658.432,158.432,0.6,0.62,0.38,0.4,0.02,0.02,76474.52,1776772656000
1776772659.311,159.311,0.61,0.62,0.38,0.4,0.01,0.02,76474.37,1776772657000
1776772659.78,159.78,0.61,0.62,0.38,0.39,0.01,0.01,76474.36,1776772658000
1776772660.13,160.13,0.61,0.62,0.38,0.39,0.01,0.01,76474.36,1776772658000
1776772660.539,160.539,0.61,0.62,0.38,0.39,0.01,0.01,76474.94,1776772659000
1776772660.881,160.881,0.61,0.62,0.38,0.39,0.01,0.01,76474.94,1776772659000
1776772661.231,161.231,0.61,0.62,0.38,0.39,0.01,0.01,76474.94,1776772659000
1776772661.711,161.711,0.61,0.62,0.38,0.39,0.01,0.01,76474.89,1776772660000
1776772662.075,162.075,0.61,0.62,0.38,0.39,0.01,0.01,76474.89,1776772660000
1776772662.525,162.525,0.6,0.62,0.38,0.4,0.02,0.02,76474.87,1776772661000
1776772663.006,163.006,0.6,0.61,0.38,0.4,0.01,0.02,76474.87,1776772661000
1776772663.361,163.361,0.6,0.61,0.39,0.4,0.01,0.01,76474.9,1776772662000
1776772663.77,163.77,0.6,0.61,0.39,0.4,0.01,0.01,76474.9,1776772662000
1776772664.87,164.87,0.6,0.61,0.39,0.4,0.01,0.01,76474.65,1776772663000
1776772665.754,165.754,0.6,0.61,0.39,0.4,0.01,0.01,76474.59,1776772664000
1776772666.254,166.254,0.6,0.61,0.39,0.4,0.01,0.01,76474.59,1776772664000
1776772666.656,166.656,0.6,0.61,0.39,0.4,0.01,0.01,76474.57,1776772665000
1776772667.1,167.1,0.6,0.61,0.39,0.4,0.01,0.01,76474.57,1776772665000
1776772667.567,167.567,0.6,0.61,0.39,0.4,0.01,0.01,76474.57,1776772666000
1776772668.076,168.076,0.6,0.61,0.39,0.4,0.01,0.01,76474.57,1776772666000
1776772668.672,168.672,0.6,0.61,0.39,0.4,0.01,0.01,76474.7,1776772667000
1776772669.218,169.218,0.6,0.61,0.39,0.4,0.01,0.01,76474.7,1776772667000
1776772669.682,169.682,0.6,0.61,0.39,0.4,0.01,0.01,76474.7,1776772668000
1776772670.173,170.173,0.6,0.61,0.39,0.4,0.01,0.01,76474.7,1776772668000
1776772670.661,170.661,0.6,0.61,0.39,0.4,0.01,0.01,76474.69,1776772669000
1776772671.112,171.112,0.6,0.61,0.39,0.4,0.01,0.01,76474.69,1776772670000
1776772672.377,172.377,0.6,0.61,0.39,0.4,0.01,0.01,76474.69,1776772670000
1776772672.771,172.771,0.6,0.61,0.39,0.4,0.01,0.01,76474.8,1776772671000
1776772673.433,173.433,0.6,0.61,0.39,0.4,0.01,0.01,76474.84,1776772672000
1776772674.103,174.103,0.6,0.61,0.39,0.4,0.01,0.01,76474.84,1776772673000
1776772674.489,174.489,0.6,0.61,0.39,0.4,0.01,0.01,76474.84,1776772673000
1776772674.824,174.824,0.6,0.61,0.39,0.4,0.01,0.01,76474.84,1776772673000
1776772675.207,175.207,0.61,0.62,0.39,0.4,0.01,0.01,76474.84,1776772673000
1776772675.704,175.704,0.61,0.62,0.38,0.39,0.01,0.01,76474.84,1776772673000
1776772676.071,176.071,0.61,0.62,0.38,0.39,0.01,0.01,76474.89,1776772674000
1776772676.675,176.675,0.61,0.62,0.38,0.39,0.01,0.01,76474.38,1776772675000
1776772677.022,177.022,0.61,0.62,0.37,0.39,0.01,0.02,76474.38,1776772675000
1776772677.402,177.402,0.62,0.63,0.37,0.38,0.01,0.01,76474.38,1776772675000
1776772677.838,177.838,0.62,0.63,0.37,0.38,0.01,0.01,76474.86,1776772676000
1776772678.288,178.288,0.64,0.65,0.35,0.37,0.01,0.02,76474.86,1776772676000
1776772678.67,178.67,0.64,0.65,0.35,0.36,0.01,0.01,76474.86,1776772676000
1776772679.449,179.449,0.64,0.65,0.35,0.36,0.01,0.01,76476.48,1776772677000
1776772680.169,180.169,0.64,0.65,0.35,0.36,0.01,0.01,76476.49,1776772678000
1776772680.562,180.562,0.64,0.65,0.35,0.36,0.01,0.01,76476.45,1776772679000
1776772681.218,181.218,0.64,0.65,0.35,0.36,0.01,0.01,76476.37,1776772680000
1776772681.633,181.633,0.64,0.65,0.35,0.36,0.01,0.01,76476.37,1776772680000
1776772681.987,181.987,0.64,0.65,0.35,0.36,0.01,0.01,76476.37,1776772680000
1776772682.516,182.516,0.65,0.66,0.35,0.36,0.01,0.01,76476.37,1776772680000
1776772682.923,182.923,0.64,0.65,0.35,0.36,0.01,0.01,76477.52,1776772681000
1776772683.345,183.345,0.64,0.65,0.35,0.36,0.01,0.01,76477.52,1776772681000
1776772683.735,183.735,0.64,0.65,0.35,0.36,0.01,0.01,76477.53,1776772682000
1776772684.594,184.594,0.65,0.66,0.35,0.36,0.01,0.01,76477.53,1776772682000
1776772684.994,184.994,0.65,0.66,0.34,0.35,0.01,0.01,76477.56,1776772683000
1776772685.37,185.37,0.65,0.66,0.34,0.35,0.01,0.01,76477.56,1776772683000
1776772685.761,185.761,0.65,0.66,0.34,0.35,0.01,0.01,76477.4,1776772684000
1776772686.151,186.151,0.65,0.66,0.34,0.35,0.01,0.01,76477.4,1776772684000
1776772686.752,186.752,0.65,0.66,0.34,0.35,0.01,0.01,76477.26,1776772685000
1776772687.495,187.495,0.65,0.66,0.34,0.35,0.01,0.01,76477.41,1776772686000
1776772688.102,188.102,0.65,0.66,0.34,0.35,0.01,0.01,76477.64,1776772687000
1776772689.295,189.295,0.65,0.66,0.34,0.35,0.01,0.01,76477.64,1776772687000
1776772689.679,189.679,0.67,0.7,0.3,0.33,0.03,0.03,76497.14,1776772688000
1776772690.099,190.099,0.7,0.74,0.26,0.3,0.04,0.04,76500.11,1776772689000
1776772690.485,190.485,0.71,0.75,0.25,0.29,0.04,0.04,76500.11,1776772689000
1776772690.914,190.914,0.76,0.82,0.18,0.24,0.06,0.06,76500.11,1776772689000
1776772691.247,191.247,0.79,0.81,0.19,0.21,0.02,0.02,76500.11,1776772689000
1776772691.994,191.994,0.85,0.87,0.13,0.28,0.02,0.15,76502.03,1776772690000
1776772692.333,192.333,0.79,0.8,0.2,0.21,0.01,0.01,76502.03,1776772691000
1776772692.666,192.666,0.79,0.8,0.2,0.25,0.01,0.05,76502.03,1776772691000
1776772693.0,193.0,0.77,0.8,0.2,0.23,0.03,0.03,76502.03,1776772691000
1776772693.339,193.339,0.78,0.79,0.21,0.22,0.01,0.01,76502.03,1776772691000
1776772693.673,193.673,0.78,0.79,0.21,0.22,0.01,0.01,76502.23,1776772692000
1776772694.008,194.008,0.78,0.79,0.21,0.22,0.01,0.01,76502.23,1776772692000
1776772694.342,194.342,0.78,0.79,0.21,0.22,0.01,0.01,76499.91,1776772693000
1776772694.692,194.692,0.79,0.8,0.19,0.21,0.01,0.02,76499.91,1776772693000
1776772695.045,195.045,0.8,0.81,0.2,0.21,0.01,0.01,76499.91,1776772693000
1776772695.465,195.465,0.8,0.81,0.19,0.2,0.01,0.01,76499.91,1776772693000
1776772695.828,195.828,0.81,0.82,0.18,0.19,0.01,0.01,76500.92,1776772694000
1776772696.227,196.227,0.81,0.82,0.18,0.19,0.01,0.01,76500.92,1776772694000
1776772696.616,196.616,0.81,0.82,0.18,0.19,0.01,0.01,76500.92,1776772694000
1776772697.114,197.114,0.81,0.82,0.18,0.19,0.01,0.01,76500.82,1776772695000
1776772697.46,197.46,0.81,0.83,0.17,0.19,0.02,0.02,76500.82,1776772695000
1776772697.822,197.822,0.81,0.84,0.16,0.19,0.03,0.03,76500.82,1776772695000
1776772698.18,198.18,0.81,0.82,0.18,0.19,0.01,0.01,76499.34,1776772696000
1776772698.57,198.57,0.81,0.83,0.18,0.19,0.02,0.01,76500.75,1776772697000
1776772698.96,198.96,0.82,0.83,0.17,0.19,0.01,0.02,76500.75,1776772697000
1776772699.453,199.453,0.82,0.83,0.17,0.18,0.01,0.01,76504.58,1776772698000
1776772699.808,199.808,0.82,0.83,0.17,0.18,0.01,0.01,76504.58,1776772698000
1776772700.23,200.23,0.82,0.83,0.17,0.18,0.01,0.01,76504.58,1776772698000
1776772700.568,200.568,0.83,0.84,0.16,0.17,0.01,0.01,76501.24,1776772699000
1776772700.919,200.919,0.83,0.84,0.16,0.17,0.01,0.01,76501.24,1776772699000
1776772701.303,201.303,0.83,0.84,0.16,0.17,0.01,0.01,76501.16,1776772700000
1776772701.664,201.664,0.83,0.84,0.16,0.17,0.01,0.01,76501.16,1776772700000
1776772702.032,202.032,0.83,0.84,0.16,0.17,0.01,0.01,76501.16,1776772700000
1776772703.473,203.473,0.83,0.84,0.16,0.17,0.01,0.01,76501.17,1776772701000
1776772704.04,204.04,0.83,0.84,0.16,0.17,0.01,0.01,76499.73,1776772703000
1776772705.134,205.134,0.83,0.84,0.16,0.17,0.01,0.01,76499.73,1776772703000
1776772705.949,205.949,0.83,0.84,0.16,0.17,0.01,0.01,76498.41,1776772705000
1776772706.694,206.694,0.83,0.84,0.16,0.17,0.01,0.01,76498.41,1776772705000
1776772707.04,207.04,0.81,0.82,0.18,0.19,0.01,0.01,76498.41,1776772705000
1776772707.424,207.424,0.82,0.83,0.17,0.18,0.01,0.01,76498.37,1776772706000
1776772707.843,207.843,0.81,0.84,0.16,0.19,0.03,0.03,76498.37,1776772706000
1776772708.288,208.288,0.82,0.83,0.17,0.18,0.01,0.01,76498.52,1776772707000
1776772708.775,208.775,0.82,0.83,0.17,0.18,0.01,0.01,76498.52,1776772707000
1776772709.28,209.28,0.82,0.83,0.17,0.18,0.01,0.01,76499.06,1776772708000
1776772709.666,209.666,0.82,0.83,0.17,0.18,0.01,0.01,76499.06,1776772708000
1776772710.08,210.08,0.82,0.83,0.17,0.18,0.01,0.01,76499.69,1776772709000
1776772710.597,210.597,0.82,0.84,0.17,0.18,0.02,0.01,76499.69,1776772709000
1776772710.958,210.958,0.83,0.84,0.16,0.17,0.01,0.01,76499.69,1776772709000
1776772711.354,211.354,0.83,0.84,0.16,0.17,0.01,0.01,76496.01,1776772710000
1776772711.714,211.714,0.83,0.84,0.16,0.17,0.01,0.01,76496.01,1776772710000
1776772712.093,212.093,0.83,0.84,0.16,0.17,0.01,0.01,76496.01,1776772710000
1776772712.558,212.558,0.83,0.84,0.16,0.17,0.01,0.01,76499.84,1776772711000
1776772713.039,213.039,0.84,0.85,0.16,0.17,0.01,0.01,76499.84,1776772711000
1776772713.446,213.446,0.84,0.85,0.14,0.16,0.01,0.02,76499.84,1776772711000
1776772713.885,213.885,0.85,0.86,0.15,0.16,0.01,0.01,76499.84,1776772711000
1776772714.303,214.303,0.85,0.87,0.13,0.15,0.02,0.02,76499.84,1776772711000
1776772714.88,214.88,0.87,0.88,0.13,0.14,0.01,0.01,76499.84,1776772711000
1776772715.321,215.321,0.88,0.89,0.11,0.13,0.01,0.02,76500.82,1776772714000
1776772715.851,215.851,0.89,0.9,0.1,0.12,0.01,0.02,76500.82,1776772714000
1776772716.188,216.188,0.89,0.91,0.09,0.11,0.02,0.02,76500.82,1776772714000
1776772716.549,216.549,0.9,0.91,0.09,0.1,0.01,0.01,76501.34,1776772715000
1776772717.108,217.108,0.9,0.91,0.09,0.1,0.01,0.01,76501.34,1776772715000
1776772717.553,217.553,0.9,0.91,0.09,0.1,0.01,0.01,76502.64,1776772716000
1776772717.905,217.905,0.9,0.91,0.09,0.1,0.01,0.01,76502.64,1776772716000
1776772718.361,218.361,0.9,0.91,0.09,0.1,0.01,0.01,76502.64,1776772716000
1776772718.749,218.749,0.9,0.91,0.09,0.1,0.01,0.01,76505.15,1776772717000
1776772719.202,219.202,0.9,0.91,0.09,0.1,0.01,0.01,76505.37,1776772718000
1776772720.188,220.188,0.9,0.91,0.09,0.1,0.01,0.01,76505.55,1776772719000
1776772720.531,220.531,0.87,0.89,0.11,0.13,0.02,0.02,76505.55,1776772719000
1776772720.999,220.999,0.87,0.88,0.12,0.13,0.01,0.01,76505.55,1776772719000
1776772721.461,221.461,0.87,0.88,0.12,0.13,0.01,0.01,76502.57,1776772720000
1776772721.86,221.86,0.87,0.88,0.12,0.13,0.01,0.01,76502.57,1776772720000
1776772722.236,222.236,0.87,0.88,0.12,0.13,0.01,0.01,76503.64,1776772721000
1776772722.631,222.631,0.87,0.88,0.12,0.13,0.01,0.01,76503.64,1776772721000
1776772722.998,222.998,0.87,0.88,0.12,0.13,0.01,0.01,76503.64,1776772721000
1776772723.42,223.42,0.87,0.88,0.12,0.13,0.01,0.01,76503.64,1776772721000
1776772723.858,223.858,0.88,0.89,0.12,0.13,0.01,0.01,76503.65,1776772722000
1776772724.241,224.241,0.89,0.9,0.1,0.12,0.01,0.02,76503.65,1776772722000
1776772724.697,224.697,0.89,0.9,0.1,0.11,0.01,0.01,76503.67,1776772723000
1776772725.109,225.109,0.89,0.9,0.1,0.11,0.01,0.01,76503.69,1776772724000
1776772725.586,225.586,0.89,0.9,0.1,0.11,0.01,0.01,76503.69,1776772724000
1776772725.92,225.92,0.89,0.9,0.1,0.11,0.01,0.01,76503.69,1776772724000
1776772726.387,226.387,0.87,0.89,0.11,0.12,0.02,0.01,76503.02,1776772725000
1776772726.767,226.767,0.87,0.88,0.12,0.13,0.01,0.01,76503.02,1776772725000
1776772727.228,227.228,0.88,0.89,0.11,0.13,0.01,0.02,76503.49,1776772726000
1776772727.715,227.715,0.88,0.89,0.11,0.12,0.01,0.01,76503.49,1776772726000
1776772728.208,228.208,0.88,0.89,0.11,0.12,0.01,0.01,76504.74,1776772727000
1776772728.556,228.556,0.88,0.89,0.11,0.12,0.01,0.01,76504.74,1776772727000
1776772729.024,229.024,0.9,0.91,0.09,0.12,0.01,0.03,76504.74,1776772727000
1776772729.384,229.384,0.9,0.91,0.09,0.1,0.01,0.01,76504.86,1776772728000
1776772729.864,229.864,0.9,0.91,0.09,0.1,0.01,0.01,76504.86,1776772728000
1776772730.201,230.201,0.91,0.92,0.08,0.09,0.01,0.01,76504.99,1776772729000
1776772730.656,230.656,0.91,0.92,0.08,0.09,0.01,0.01,76504.99,1776772729000
1776772731.006,231.006,0.91,0.92,0.08,0.09,0.01,0.01,76504.99,1776772729000
1776772731.441,231.441,0.9,0.92,0.08,0.09,0.02,0.01,76504.97,1776772730000
1776772732.111,232.111,0.89,0.9,0.1,0.11,0.01,0.01,76504.97,1776772730000
1776772732.792,232.792,0.89,0.9,0.1,0.11,0.01,0.01,76504.92,1776772731000
1776772733.275,233.275,0.89,0.9,0.1,0.11,0.01,0.01,76504.98,1776772732000
1776772734.176,234.176,0.89,0.9,0.1,0.11,0.01,0.01,76504.98,1776772732000
1776772734.596,234.596,0.89,0.9,0.1,0.11,0.01,0.01,76504.93,1776772733000
1776772735.152,235.152,0.89,0.9,0.1,0.11,0.01,0.01,76504.93,1776772733000
1776772735.489,235.489,0.89,0.9,0.1,0.11,0.01,0.01,76504.58,1776772734000
1776772735.85,235.85,0.89,0.9,0.1,0.11,0.01,0.01,76504.58,1776772734000
1776772736.203,236.203,0.89,0.9,0.1,0.11,0.01,0.01,76504.58,1776772734000
1776772736.588,236.588,0.89,0.9,0.1,0.11,0.01,0.01,76504.55,1776772735000
1776772736.925,236.925,0.89,0.9,0.1,0.11,0.01,0.01,76504.55,1776772735000
1776772737.354,237.354,0.89,0.9,0.1,0.11,0.01,0.01,76504.55,1776772736000
1776772738.055,238.055,0.89,0.9,0.1,0.11,0.01,0.01,76504.55,1776772736000
1776772738.411,238.411,0.89,0.9,0.1,0.11,0.01,0.01,76504.37,1776772737000
1776772738.836,238.836,0.89,0.91,0.1,0.11,0.02,0.01,76504.37,1776772737000
1776772739.186,239.186,0.9,0.91,0.09,0.1,0.01,0.01,76504.37,1776772737000
1776772739.751,239.751,0.9,0.91,0.09,0.1,0.01,0.01,76504.37,1776772738000
1776772740.191,240.191,0.9,0.91,0.09,0.1,0.01,0.01,76504.41,1776772739000
1776772740.561,240.561,0.9,0.91,0.09,0.1,0.01,0.01,76504.41,1776772739000
1776772740.938,240.938,0.9,0.91,0.09,0.1,0.01,0.01,76504.41,1776772739000
1776772741.964,241.964,0.9,0.91,0.09,0.1,0.01,0.01,76504.39,1776772740000
1776772742.8,242.8,0.9,0.91,0.09,0.1,0.01,0.01,76504.39,1776772741000
1776772743.211,243.211,0.9,0.92,0.08,0.1,0.02,0.02,76504.39,1776772741000
1776772743.784,243.784,0.92,0.93,0.06,0.09,0.01,0.03,76504.4,1776772742000
1776772744.197,244.197,0.92,0.94,0.06,0.08,0.02,0.02,76504.42,1776772743000
1776772744.609,244.609,0.93,0.94,0.06,0.07,0.01,0.01,76504.42,1776772743000
1776772745.006,245.006,0.93,0.94,0.06,0.07,0.01,0.01,76504.42,1776772743000
1776772745.619,245.619,0.94,0.95,0.05,0.07,0.01,0.02,76504.42,1776772744000
1776772746.001,246.001,0.94,0.95,0.05,0.06,0.01,0.01,76504.42,1776772744000
1776772746.339,246.339,0.94,0.95,0.05,0.06,0.01,0.01,76506.56,1776772745000
1776772746.754,246.754,0.92,0.94,0.06,0.07,0.02,0.01,76506.56,1776772745000
1776772747.295,247.295,0.91,0.92,0.08,0.09,0.01,0.01,76504.46,1776772746000
1776772747.705,247.705,0.91,0.92,0.08,0.09,0.01,0.01,76504.46,1776772746000
1776772748.067,248.067,0.92,0.93,0.07,0.09,0.01,0.02,76504.46,1776772746000
1776772748.419,248.419,0.92,0.93,0.07,0.08,0.01,0.01,76504.46,1776772746000
1776772748.803,248.803,0.92,0.93,0.07,0.08,0.01,0.01,76504.19,1776772747000
1776772749.157,249.157,0.93,0.94,0.06,0.07,0.01,0.01,76503.87,1776772748000
1776772749.874,249.874,0.94,0.95,0.05,0.07,0.01,0.02,76503.87,1776772748000
1776772750.214,250.214,0.94,0.95,0.05,0.06,0.01,0.01,76503.87,1776772748000
1776772750.55,250.55,0.94,0.95,0.05,0.06,0.01,0.01,76504.22,1776772749000
1776772750.919,250.919,0.94,0.95,0.05,0.06,0.01,0.01,76504.22,1776772749000
1776772751.435,251.435,0.94,0.95,0.05,0.06,0.01,0.01,76504.22,1776772749000
1776772751.879,251.879,0.94,0.95,0.05,0.06,0.01,0.01,76504.23,1776772750000
1776772752.319,252.319,0.94,0.95,0.05,0.06,0.01,0.01,76504.25,1776772751000
1776772753.013,253.013,0.94,0.95,0.05,0.06,0.01,0.01,76504.25,1776772751000
1776772753.5,253.5,0.94,0.95,0.05,0.06,0.01,0.01,76504.25,1776772751000
1776772753.954,253.954,0.94,0.95,0.05,0.06,0.01,0.01,76504.29,1776772752000
1776772754.496,254.496,0.94,0.95,0.05,0.06,0.01,0.01,76504.29,1776772753000
1776772754.834,254.834,0.94,0.95,0.05,0.06,0.01,0.01,76504.29,1776772753000
1776772755.341,255.341,0.94,0.95,0.05,0.06,0.01,0.01,76502.21,1776772754000
1776772756.067,256.067,0.94,0.95,0.05,0.06,0.01,0.01,76502.21,1776772754000
1776772756.414,256.414,0.94,0.95,0.05,0.06,0.01,0.01,76504.35,1776772755000
1776772757.156,257.156,0.94,0.95,0.05,0.06,0.01,0.01,76504.35,1776772755000
1776772757.57,257.57,0.94,0.95,0.05,0.06,0.01,0.01,76504.51,1776772756000
1776772757.975,257.975,0.94,0.95,0.05,0.06,0.01,0.01,76504.51,1776772756000
1776772758.409,258.409,0.94,0.95,0.05,0.06,0.01,0.01,76504.54,1776772757000
1776772758.749,258.749,0.94,0.95,0.05,0.06,0.01,0.01,76504.54,1776772757000
1776772759.552,259.552,0.94,0.95,0.05,0.06,0.01,0.01,76504.55,1776772758000
1776772759.893,259.893,0.94,0.95,0.05,0.06,0.01,0.01,76504.55,1776772759000
1776772760.356,260.356,0.94,0.95,0.05,0.06,0.01,0.01,76504.55,1776772759000
1776772760.988,260.988,0.94,0.95,0.05,0.06,0.01,0.01,76504.55,1776772759000
1776772761.326,261.326,0.94,0.95,0.05,0.06,0.01,0.01,76504.53,1776772760000
1776772762.178,262.178,0.94,0.95,0.05,0.06,0.01,0.01,76504.53,1776772760000
1776772762.574,262.574,0.93,0.94,0.05,0.07,0.01,0.02,76504.52,1776772761000
1776772763.231,263.231,0.93,0.94,0.06,0.07,0.01,0.01,76504.47,1776772762000
1776772763.647,263.647,0.93,0.94,0.06,0.07,0.01,0.01,76504.47,1776772762000
1776772764.086,264.086,0.93,0.94,0.06,0.07,0.01,0.01,76504.47,1776772762000
1776772764.704,264.704,0.93,0.94,0.06,0.07,0.01,0.01,76502.33,1776772763000
1776772765.123,265.123,0.93,0.94,0.06,0.07,0.01,0.01,76499.71,1776772764000
1776772765.501,265.501,0.93,0.94,0.06,0.07,0.01,0.01,76499.71,1776772764000
1776772765.907,265.907,0.94,0.95,0.05,0.07,0.01,0.02,76499.71,1776772764000
1776772766.255,266.255,0.94,0.95,0.05,0.06,0.01,0.01,76499.46,1776772765000
1776772766.619,266.619,0.94,0.95,0.05,0.06,0.01,0.01,76499.46,1776772765000
1776772767.044,267.044,0.94,0.95,0.05,0.06,0.01,0.01,76499.46,1776772765000
1776772767.447,267.447,0.94,0.95,0.05,0.06,0.01,0.01,76499.51,1776772766000
1776772767.888,267.888,0.94,0.95,0.05,0.06,0.01,0.01,76499.51,1776772766000
1776772768.254,268.254,0.95,0.96,0.04,0.06,0.01,0.02,76499.51,1776772767000
1776772768.596,268.596,0.95,0.96,0.04,0.05,0.01,0.01,76499.51,1776772767000
1776772768.981,268.981,0.95,0.96,0.04,0.05,0.01,0.01,76499.51,1776772767000
1776772769.435,269.435,0.95,0.96,0.04,0.05,0.01,0.01,76499.52,1776772768000
1776772769.77,269.77,0.95,0.96,0.04,0.05,0.01,0.01,76499.52,1776772768000
1776772770.225,270.225,0.95,0.96,0.04,0.05,0.01,0.01,76499.53,1776772769000
1776772770.568,270.568,0.95,0.96,0.04,0.05,0.01,0.01,76499.53,1776772769000
1776772770.905,270.905,0.95,0.96,0.04,0.05,0.01,0.01,76499.53,1776772769000
1776772771.487,271.487,0.95,0.96,0.04,0.05,0.01,0.01,76499.51,1776772770000
1776772772.098,272.098,0.95,0.96,0.04,0.05,0.01,0.01,76499.53,1776772771000
1776772772.454,272.454,0.95,0.96,0.04,0.05,0.01,0.01,76499.53,1776772771000
1776772772.849,272.849,0.96,0.97,0.03,0.05,0.01,0.02,76499.53,1776772771000
1776772773.201,273.201,0.96,0.97,0.03,0.04,0.01,0.01,76499.49,1776772772000
1776772773.642,273.642,0.96,0.97,0.03,0.04,0.01,0.01,76499.49,1776772772000
1776772774.014,274.014,0.96,0.97,0.03,0.04,0.01,0.01,76499.49,1776772772000
1776772774.571,274.571,0.96,0.97,0.03,0.04,0.01,0.01,76499.51,1776772773000
1776772774.919,274.919,0.96,0.97,0.03,0.04,0.01,0.01,76499.51,1776772773000
1776772775.263,275.263,0.96,0.97,0.03,0.04,0.01,0.01,76499.71,1776772774000
1776772775.653,275.653,0.96,0.97,0.03,0.04,0.01,0.01,76499.71,1776772774000
1776772776.17,276.17,0.96,0.97,0.03,0.04,0.01,0.01,76499.71,1776772774000
1776772776.519,276.519,0.96,0.97,0.03,0.04,0.01,0.01,76499.71,1776772775000
1776772777.151,277.151,0.96,0.97,0.03,0.04,0.01,0.01,76499.73,1776772776000
1776772777.543,277.543,0.96,0.97,0.03,0.04,0.01,0.01,76499.73,1776772776000
1776772777.923,277.923,0.96,0.97,0.03,0.04,0.01,0.01,76499.73,1776772776000
1776772778.504,278.504,0.96,0.97,0.03,0.04,0.01,0.01,76497.77,1776772777000
1776772778.877,278.877,0.96,0.97,0.03,0.04,0.01,0.01,76497.77,1776772777000
1776772779.246,279.246,0.96,0.97,0.03,0.04,0.01,0.01,76499.9,1776772778000
1776772779.592,279.592,0.96,0.97,0.03,0.04,0.01,0.01,76499.9,1776772778000
1776772780.04,280.04,0.96,0.97,0.03,0.04,0.01,0.01,76499.9,1776772778000
1776772780.545,280.545,0.96,0.97,0.03,0.04,0.01,0.01,76497.67,1776772779000
1776772780.979,280.979,0.97,0.98,0.02,0.04,0.01,0.02,76497.67,1776772779000
1776772781.383,281.383,0.97,0.98,0.02,0.03,0.01,0.01,76495.48,1776772780000
1776772781.762,281.762,0.97,0.98,0.02,0.03,0.01,0.01,76495.48,1776772780000
1776772782.169,282.169,0.97,0.98,0.02,0.03,0.01,0.01,76495.48,1776772780000
1776772782.502,282.502,0.96,0.97,0.03,0.04,0.01,0.01,76499.86,1776772781000
1776772782.947,282.947,0.94,0.95,0.04,0.06,0.01,0.02,76499.86,1776772781000
1776772783.379,283.379,0.89,0.91,0.09,0.15,0.02,0.06,76499.86,1776772781000
1776772783.714,283.714,0.78,0.79,0.21,0.22,0.01,0.01,76499.76,1776772782000
1776772784.152,284.152,0.77,0.79,0.21,0.23,0.02,0.02,76496.78,1776772783000
1776772784.5,284.5,0.78,0.79,0.21,0.22,0.01,0.01,76496.78,1776772783000
1776772784.863,284.863,0.66,0.67,0.33,0.34,0.01,0.01,76496.78,1776772783000
1776772785.198,285.198,0.69,0.7,0.3,0.31,0.01,0.01,76496.78,1776772783000
1776772785.555,285.555,0.68,0.69,0.31,0.32,0.01,0.01,76482.82,1776772784000
1776772785.914,285.914,0.68,0.69,0.31,0.32,0.01,0.01,76482.82,1776772784000
1776772786.26,286.26,0.65,0.85,0.34,0.35,0.2,0.01,76482.82,1776772784000
1776772786.673,286.673,0.79,0.8,0.2,0.21,0.01,0.01,76480.86,1776772785000
1776772787.196,287.196,0.75,0.76,0.23,0.25,0.01,0.02,76480.86,1776772785000
1776772787.703,287.703,0.74,0.75,0.25,0.26,0.01,0.01,76477.9,1776772786000
1776772788.09,288.09,0.74,0.75,0.25,0.26,0.01,0.01,76477.9,1776772786000
1776772788.451,288.451,0.65,0.68,0.29,0.33,0.03,0.04,76477.9,1776772786000
1776772788.8,288.8,0.55,0.56,0.44,0.47,0.01,0.03,76477.88,1776772787000
1776772789.133,289.133,0.42,0.46,0.53,0.58,0.04,0.05,76477.88,1776772787000
1776772789.468,289.468,0.37,0.38,0.62,0.63,0.01,0.01,76477.88,1776772787000
1776772789.83,289.83,0.37,0.38,0.62,0.63,0.01,0.01,76477.82,1776772788000
1776772790.294,290.294,0.37,0.38,0.59,0.63,0.01,0.04,76477.82,1776772788000
1776772790.627,290.627,0.38,0.39,0.61,0.62,0.01,0.01,76477.82,1776772788000
1776772790.973,290.973,0.38,0.39,0.61,0.62,0.01,0.01,76475.93,1776772789000
1776772791.336,291.336,0.37,0.38,0.62,0.63,0.01,0.01,76475.93,1776772789000
1776772791.692,291.692,0.42,0.43,0.57,0.58,0.01,0.01,76475.93,1776772789000
1776772792.139,292.139,0.37,0.43,0.57,0.63,0.06,0.06,76472.1,1776772790000
1776772792.56,292.56,0.37,0.38,0.62,0.63,0.01,0.01,76472.1,1776772790000
1776772792.915,292.915,0.38,0.4,0.61,0.63,0.02,0.02,76471.37,1776772791000
1776772793.257,293.257,0.52,0.54,0.49,0.51,0.02,0.02,76471.37,1776772791000
1776772793.655,293.655,0.56,0.57,0.43,0.46,0.01,0.03,76471.37,1776772791000
1776772794.085,294.085,0.59,0.6,0.4,0.41,0.01,0.01,76471.37,1776772791000
1776772794.435,294.435,0.59,0.6,0.4,0.41,0.01,0.01,76470.35,1776772792000
1776772794.83,294.83,0.6,0.62,0.39,0.4,0.02,0.01,76470.35,1776772792000
1776772795.193,295.193,0.8,0.81,0.18,0.2,0.01,0.02,76470.85,1776772793000
1776772795.527,295.527,0.8,0.81,0.19,0.2,0.01,0.01,76470.85,1776772793000
1776772795.88,295.88,0.71,0.72,0.28,0.29,0.01,0.01,76470.85,1776772793000
1776772796.28,296.28,0.61,0.63,0.34,0.38,0.02,0.04,76470.96,1776772794000
1776772796.667,296.667,0.99,0.62,0.38,0.01,-0.37,-0.37,76470.96,1776772794000
1776772797.075,297.075,0.99,0.01,0.99,0.01,-0.98,-0.98,76470.96,1776772794000
1776772797.41,297.41,0.41,0.47,0.5,0.53,0.06,0.03,76470.92,1776772795000
1776772797.753,297.753,0.57,0.68,0.32,0.43,0.11,0.11,76470.92,1776772795000
1776772798.128,298.128,0.41,0.44,0.54,0.6,0.03,0.06,76470.92,1776772795000
1776772798.469,298.469,0.43,0.49,0.52,0.57,0.06,0.05,76473.49,1776772796000
1776772798.807,298.807,0.42,0.43,0.56,0.58,0.01,0.02,76473.49,1776772796000
1776772799.204,299.204,0.67,0.68,0.32,0.34,0.01,0.02,76473.93,1776772797000
1776772799.741,299.741,0.99,0.93,0.07,0.05,-0.06,-0.02,76473.93,1776772797000
1776772800.329,300.329,0.99,0.93,0.07,0.01,-0.06,-0.06,76473.87,1776772798000
1776772800.902,300.902,0.99,0.93,0.07,0.01,-0.06,-0.06,76473.87,1776772798000

# RESULT,winner=Up,slug=btc-updown-5m-1776772500,ticks=671
