timestamp,elapsed_sec,up_bid,up_ask,down_bid,down_ask,up_spread,down_spread,btc_price,btc_oracle_ts
1776406800.539,0.539,0.49,0.53,0.51,0.52,0.04,0.01,74784.79,1776406799000
1776406800.999,0.999,0.49,0.5,0.47,0.51,0.01,0.04,74784.79,1776406799000
1776406801.827,1.827,0.57,0.58,0.42,0.43,0.01,0.01,74746.31,1776406800000
1776406802.178,2.178,0.57,0.58,0.42,0.43,0.01,0.01,74745.76,1776406801000
1776406802.562,2.562,0.57,0.58,0.42,0.43,0.01,0.01,74745.76,1776406801000
1776406803.187,3.187,0.57,0.58,0.42,0.43,0.01,0.01,74745.76,1776406801000
1776406803.881,3.881,0.57,0.58,0.42,0.43,0.01,0.01,74758.84,1776406802000
1776406804.224,4.224,0.57,0.58,0.42,0.43,0.01,0.01,74758.84,1776406802000
1776406804.63,4.63,0.57,0.58,0.42,0.43,0.01,0.01,74764.23,1776406803000
1776406805.052,5.052,0.57,0.58,0.42,0.43,0.01,0.01,74764.23,1776406804000
1776406805.431,5.431,0.57,0.58,0.42,0.43,0.01,0.01,74764.23,1776406804000
1776406805.8,5.8,0.57,0.62,0.42,0.43,0.05,0.01,74764.23,1776406804000
1776406806.308,6.308,0.57,0.58,0.42,0.43,0.01,0.01,74764.23,1776406804000
1776406806.935,6.935,0.59,0.61,0.37,0.43,0.02,0.06,74764.23,1776406804000
1776406807.293,7.293,0.59,0.6,0.4,0.41,0.01,0.01,74761.99,1776406805000
1776406807.691,7.691,0.61,0.62,0.36,0.4,0.01,0.04,74761.99,1776406805000
1776406808.068,8.068,0.61,0.62,0.38,0.39,0.01,0.01,74762.37,1776406807000
1776406808.517,8.517,0.62,0.63,0.37,0.39,0.01,0.02,74762.37,1776406807000
1776406808.891,8.891,0.62,0.63,0.37,0.38,0.01,0.01,74762.37,1776406807000
1776406809.403,9.403,0.62,0.63,0.37,0.38,0.01,0.01,74762.37,1776406807000
1776406809.77,9.77,0.62,0.63,0.37,0.38,0.01,0.01,74762.64,1776406808000
1776406810.217,10.217,0.63,0.64,0.37,0.38,0.01,0.01,74762.64,1776406808000
1776406810.847,10.847,0.63,0.64,0.36,0.37,0.01,0.01,74763.09,1776406809000
1776406812.397,12.397,0.64,0.65,0.35,0.37,0.01,0.02,74763.01,1776406810000
1776406812.735,12.735,0.72,0.77,0.25,0.28,0.05,0.03,74765.03,1776406811000
1776406813.09,13.09,0.75,0.77,0.23,0.25,0.02,0.02,74765.03,1776406811000
1776406813.441,13.441,0.76,0.77,0.23,0.24,0.01,0.01,74765.03,1776406811000
1776406813.777,13.777,0.76,0.77,0.23,0.24,0.01,0.01,74788.38,1776406812000
1776406814.117,14.117,0.76,0.77,0.23,0.24,0.01,0.01,74788.38,1776406812000
1776406814.456,14.456,0.76,0.77,0.23,0.24,0.01,0.01,74790.46,1776406813000
1776406814.847,14.847,0.76,0.77,0.23,0.24,0.01,0.01,74790.46,1776406813000
1776406815.229,15.229,0.76,0.77,0.23,0.24,0.01,0.01,74790.46,1776406813000
1776406815.579,15.579,0.76,0.77,0.23,0.24,0.01,0.01,74790.46,1776406813000
1776406815.952,15.952,0.76,0.78,0.23,0.24,0.02,0.01,74793.87,1776406814000
1776406816.326,16.326,0.76,0.78,0.22,0.24,0.02,0.02,74793.42,1776406815000
1776406816.913,16.913,0.78,0.79,0.21,0.22,0.01,0.01,74793.42,1776406815000
1776406817.494,17.494,0.78,0.79,0.21,0.22,0.01,0.01,74793.7,1776406816000
1776406817.999,17.999,0.78,0.79,0.21,0.22,0.01,0.01,74793.7,1776406816000
1776406818.391,18.391,0.78,0.79,0.21,0.22,0.01,0.01,74793.7,1776406816000
1776406818.76,18.76,0.78,0.79,0.21,0.22,0.01,0.01,74796.16,1776406817000
1776406819.109,19.109,0.78,0.79,0.21,0.22,0.01,0.01,74796.16,1776406817000
1776406819.485,19.485,0.78,0.79,0.21,0.22,0.01,0.01,74797.32,1776406818000
1776406819.831,19.831,0.78,0.79,0.21,0.22,0.01,0.01,74797.32,1776406818000
1776406820.223,20.223,0.78,0.79,0.21,0.22,0.01,0.01,74797.32,1776406819000
1776406820.603,20.603,0.78,0.79,0.21,0.22,0.01,0.01,74797.32,1776406819000
1776406820.939,20.939,0.78,0.79,0.21,0.22,0.01,0.01,74797.32,1776406819000
1776406821.549,21.549,0.78,0.8,0.2,0.22,0.02,0.02,74797.28,1776406820000
1776406822.072,22.072,0.79,0.8,0.2,0.21,0.01,0.01,74797.28,1776406820000
1776406822.538,22.538,0.79,0.8,0.2,0.21,0.01,0.01,74797.79,1776406821000
1776406822.951,22.951,0.79,0.8,0.2,0.21,0.01,0.01,74797.79,1776406821000
1776406823.285,23.285,0.79,0.8,0.2,0.21,0.01,0.01,74797.79,1776406821000
1776406823.731,23.731,0.79,0.8,0.2,0.21,0.01,0.01,74798.47,1776406822000
1776406824.098,24.098,0.79,0.8,0.2,0.21,0.01,0.01,74798.47,1776406822000
1776406824.6,24.6,0.79,0.8,0.2,0.21,0.01,0.01,74798.47,1776406823000
1776406824.96,24.96,0.79,0.81,0.2,0.21,0.02,0.01,74798.47,1776406823000
1776406825.369,25.369,0.8,0.81,0.19,0.2,0.01,0.01,74798.47,1776406824000
1776406826.021,26.021,0.8,0.81,0.19,0.2,0.01,0.01,74798.49,1776406825000
1776406826.387,26.387,0.8,0.81,0.19,0.2,0.01,0.01,74798.49,1776406825000
1776406826.825,26.825,0.8,0.81,0.19,0.2,0.01,0.01,74798.49,1776406825000
1776406827.194,27.194,0.8,0.81,0.19,0.2,0.01,0.01,74799.04,1776406826000
1776406827.609,27.609,0.8,0.81,0.19,0.2,0.01,0.01,74799.04,1776406826000
1776406828.356,28.356,0.8,0.82,0.19,0.2,0.02,0.01,74799.12,1776406827000
1776406828.781,28.781,0.81,0.82,0.18,0.2,0.01,0.02,74799.12,1776406827000
1776406829.153,29.153,0.81,0.83,0.17,0.19,0.02,0.02,74799.04,1776406828000
1776406829.542,29.542,0.82,0.83,0.17,0.18,0.01,0.01,74799.04,1776406828000
1776406829.89,29.89,0.82,0.83,0.17,0.18,0.01,0.01,74799.04,1776406829000
1776406830.263,30.263,0.82,0.83,0.17,0.18,0.01,0.01,74799.04,1776406829000
1776406831.011,31.011,0.82,0.83,0.17,0.18,0.01,0.01,74799.04,1776406829000
1776406831.422,31.422,0.82,0.83,0.17,0.18,0.01,0.01,74799.65,1776406830000
1776406831.977,31.977,0.82,0.83,0.17,0.18,0.01,0.01,74799.65,1776406830000
1776406832.317,32.317,0.82,0.83,0.17,0.18,0.01,0.01,74799.79,1776406831000
1776406833.282,33.282,0.82,0.83,0.17,0.18,0.01,0.01,74799.79,1776406831000
1776406833.628,33.628,0.82,0.83,0.17,0.18,0.01,0.01,74799.79,1776406832000
1776406834.16,34.16,0.82,0.83,0.17,0.18,0.01,0.01,74799.79,1776406832000
1776406834.855,34.855,0.82,0.83,0.17,0.18,0.01,0.01,74799.79,1776406833000
1776406835.272,35.272,0.82,0.83,0.17,0.18,0.01,0.01,74799.79,1776406833000
1776406835.691,35.691,0.82,0.83,0.17,0.18,0.01,0.01,74799.79,1776406834000
1776406836.11,36.11,0.82,0.83,0.17,0.18,0.01,0.01,74799.79,1776406834000
1776406836.601,36.601,0.82,0.83,0.17,0.18,0.01,0.01,74799.79,1776406835000
1776406837.231,37.231,0.82,0.83,0.17,0.18,0.01,0.01,74799.79,1776406835000
1776406837.788,37.788,0.82,0.83,0.17,0.18,0.01,0.01,74799.79,1776406836000
1776406838.177,38.177,0.82,0.83,0.17,0.18,0.01,0.01,74799.79,1776406836000
1776406838.561,38.561,0.82,0.83,0.17,0.18,0.01,0.01,74799.79,1776406837000
1776406838.912,38.912,0.82,0.83,0.17,0.18,0.01,0.01,74799.79,1776406838000
1776406839.468,39.468,0.83,0.84,0.16,0.18,0.01,0.02,74799.79,1776406838000
1776406839.911,39.911,0.83,0.84,0.16,0.17,0.01,0.01,74799.79,1776406838000
1776406840.581,40.581,0.83,0.84,0.16,0.17,0.01,0.01,74799.79,1776406839000
1776406840.982,40.982,0.83,0.84,0.16,0.17,0.01,0.01,74799.79,1776406840000
1776406841.864,41.864,0.83,0.85,0.16,0.17,0.02,0.01,74799.79,1776406840000
1776406842.241,42.241,0.84,0.85,0.15,0.16,0.01,0.01,74799.64,1776406841000
1776406843.017,43.017,0.81,0.85,0.15,0.19,0.04,0.04,74799.74,1776406842000
1776406843.876,43.876,0.83,0.84,0.16,0.17,0.01,0.01,74799.74,1776406842000
1776406844.424,44.424,0.83,0.84,0.16,0.17,0.01,0.01,74799.79,1776406843000
1776406845.031,45.031,0.83,0.84,0.16,0.17,0.01,0.01,74799.78,1776406844000
1776406845.462,45.462,0.83,0.84,0.16,0.17,0.01,0.01,74799.78,1776406844000
1776406845.843,45.843,0.83,0.84,0.16,0.17,0.01,0.01,74799.78,1776406844000
1776406846.717,46.717,0.83,0.84,0.16,0.17,0.01,0.01,74799.79,1776406845000
1776406847.13,47.13,0.83,0.85,0.15,0.17,0.02,0.02,74799.79,1776406846000
1776406847.57,47.57,0.83,0.85,0.15,0.16,0.02,0.01,74799.79,1776406846000
1776406848.036,48.036,0.81,0.85,0.15,0.19,0.04,0.04,74799.79,1776406847000
1776406848.579,48.579,0.84,0.85,0.15,0.19,0.01,0.04,74799.79,1776406847000
1776406848.991,48.991,0.84,0.85,0.15,0.16,0.01,0.01,74799.79,1776406847000
1776406849.625,49.625,0.84,0.85,0.15,0.16,0.01,0.01,74799.79,1776406848000
1776406849.992,49.992,0.84,0.85,0.15,0.16,0.01,0.01,74799.69,1776406849000
1776406850.401,50.401,0.84,0.85,0.15,0.16,0.01,0.01,74799.69,1776406849000
1776406850.952,50.952,0.84,0.85,0.15,0.16,0.01,0.01,74799.69,1776406849000
1776406851.634,51.634,0.84,0.85,0.15,0.16,0.01,0.01,74799.79,1776406850000
1776406851.978,51.978,0.84,0.85,0.15,0.16,0.01,0.01,74799.79,1776406850000
1776406852.337,52.337,0.82,0.85,0.15,0.16,0.03,0.01,74799.79,1776406851000
1776406852.964,52.964,0.83,0.84,0.16,0.17,0.01,0.01,74799.79,1776406851000
1776406853.608,53.608,0.83,0.84,0.16,0.17,0.01,0.01,74799.79,1776406851000
1776406854.171,54.171,0.83,0.84,0.16,0.17,0.01,0.01,74801.45,1776406852000
1776406854.524,54.524,0.83,0.84,0.16,0.17,0.01,0.01,74801.57,1776406853000
1776406855.146,55.146,0.83,0.84,0.16,0.17,0.01,0.01,74801.57,1776406854000
1776406856.632,56.632,0.83,0.84,0.16,0.17,0.01,0.01,74807.71,1776406855000
1776406856.984,56.984,0.84,0.86,0.14,0.16,0.02,0.02,74807.71,1776406855000
1776406857.602,57.602,0.87,0.88,0.12,0.13,0.01,0.01,74811.91,1776406856000
1776406857.938,57.938,0.87,0.89,0.11,0.13,0.02,0.02,74811.91,1776406856000
1776406858.329,58.329,0.88,0.89,0.11,0.12,0.01,0.01,74811.91,1776406856000
1776406858.788,58.788,0.88,0.89,0.11,0.12,0.01,0.01,74816.56,1776406857000
1776406859.122,59.122,0.88,0.89,0.11,0.12,0.01,0.01,74816.56,1776406857000
1776406859.517,59.517,0.88,0.89,0.11,0.12,0.01,0.01,74815.7,1776406858000
1776406859.909,59.909,0.88,0.89,0.11,0.12,0.01,0.01,74815.7,1776406858000
1776406860.324,60.324,0.88,0.89,0.11,0.12,0.01,0.01,74815.7,1776406858000
1776406860.696,60.696,0.88,0.89,0.11,0.12,0.01,0.01,74815.7,1776406859000
1776406861.138,61.138,0.88,0.89,0.11,0.12,0.01,0.01,74815.7,1776406860000
1776406861.59,61.59,0.88,0.89,0.11,0.12,0.01,0.01,74815.7,1776406860000
1776406862.022,62.022,0.88,0.89,0.11,0.12,0.01,0.01,74813.43,1776406861000
1776406862.367,62.367,0.88,0.89,0.11,0.12,0.01,0.01,74813.43,1776406861000
1776406862.734,62.734,0.85,0.88,0.12,0.15,0.03,0.03,74813.43,1776406861000
1776406863.206,63.206,0.85,0.88,0.12,0.13,0.03,0.01,74813.43,1776406861000
1776406863.566,63.566,0.85,0.88,0.12,0.15,0.03,0.03,74812.53,1776406862000
1776406864.011,64.011,0.86,0.87,0.13,0.14,0.01,0.01,74812.53,1776406862000
1776406864.435,64.435,0.86,0.87,0.12,0.14,0.01,0.02,74811.17,1776406863000
1776406864.78,64.78,0.85,0.87,0.13,0.15,0.02,0.02,74811.17,1776406863000
1776406865.225,65.225,0.86,0.87,0.13,0.14,0.01,0.01,74811.17,1776406863000
1776406865.566,65.566,0.86,0.87,0.13,0.14,0.01,0.01,74811.17,1776406863000
1776406865.903,65.903,0.86,0.87,0.13,0.14,0.01,0.01,74810.4,1776406864000
1776406866.395,66.395,0.85,0.86,0.14,0.15,0.01,0.01,74806.23,1776406865000
1776406866.776,66.776,0.85,0.86,0.14,0.15,0.01,0.01,74806.23,1776406865000
1776406867.115,67.115,0.85,0.86,0.14,0.15,0.01,0.01,74805.71,1776406866000
1776406867.466,67.466,0.85,0.86,0.14,0.15,0.01,0.01,74805.71,1776406866000
1776406868.216,68.216,0.85,0.86,0.14,0.15,0.01,0.01,74805.71,1776406866000
1776406868.669,68.669,0.85,0.86,0.14,0.15,0.01,0.01,74805.52,1776406867000
1776406869.038,69.038,0.85,0.86,0.14,0.15,0.01,0.01,74805.52,1776406867000
1776406869.517,69.517,0.83,0.86,0.14,0.15,0.03,0.01,74805.52,1776406867000
1776406869.918,69.918,0.84,0.85,0.14,0.17,0.01,0.03,74805.36,1776406868000
1776406870.262,70.262,0.84,0.85,0.15,0.16,0.01,0.01,74805.36,1776406868000
1776406870.751,70.751,0.82,0.85,0.15,0.16,0.03,0.01,74805.34,1776406869000
1776406871.135,71.135,0.82,0.85,0.15,0.18,0.03,0.03,74805.34,1776406870000
1776406871.474,71.474,0.84,0.85,0.15,0.16,0.01,0.01,74805.34,1776406870000
1776406871.85,71.85,0.84,0.86,0.14,0.16,0.02,0.02,74805.34,1776406870000
1776406872.365,72.365,0.83,0.84,0.16,0.17,0.01,0.01,74805.34,1776406870000
1776406872.832,72.832,0.83,0.84,0.16,0.17,0.01,0.01,74802.51,1776406871000
1776406873.2,73.2,0.83,0.84,0.16,0.17,0.01,0.01,74802.51,1776406871000
1776406873.938,73.938,0.83,0.84,0.16,0.17,0.01,0.01,74802.69,1776406872000
1776406874.47,74.47,0.83,0.84,0.16,0.17,0.01,0.01,74802.7,1776406873000
1776406875.11,75.11,0.83,0.84,0.16,0.17,0.01,0.01,74802.65,1776406874000
1776406875.632,75.632,0.83,0.84,0.16,0.17,0.01,0.01,74802.65,1776406874000
1776406875.987,75.987,0.83,0.84,0.16,0.17,0.01,0.01,74802.65,1776406874000
1776406876.352,76.352,0.83,0.84,0.16,0.17,0.01,0.01,74802.65,1776406874000
1776406876.774,76.774,0.83,0.84,0.16,0.17,0.01,0.01,74802.57,1776406875000
1776406877.854,77.854,0.83,0.84,0.16,0.17,0.01,0.01,74802.39,1776406876000
1776406878.43,78.43,0.83,0.84,0.16,0.17,0.01,0.01,74802.45,1776406877000
1776406878.904,78.904,0.83,0.84,0.16,0.17,0.01,0.01,74802.45,1776406877000
1776406879.307,79.307,0.83,0.84,0.16,0.17,0.01,0.01,74802.45,1776406877000
1776406879.877,79.877,0.83,0.84,0.16,0.17,0.01,0.01,74802.8,1776406878000
1776406880.95,80.95,0.83,0.84,0.16,0.17,0.01,0.01,74801.66,1776406879000
1776406881.37,81.37,0.83,0.84,0.16,0.17,0.01,0.01,74801.66,1776406879000
1776406881.705,81.705,0.83,0.84,0.16,0.17,0.01,0.01,74801.44,1776406880000
1776406882.489,82.489,0.83,0.84,0.16,0.17,0.01,0.01,74801.84,1776406881000
1776406883.148,83.148,0.83,0.84,0.16,0.17,0.01,0.01,74801.84,1776406881000
1776406883.494,83.494,0.83,0.84,0.16,0.17,0.01,0.01,74799.64,1776406882000
1776406884.553,84.553,0.83,0.84,0.16,0.17,0.01,0.01,74799.98,1776406883000
1776406885.122,85.122,0.83,0.84,0.16,0.17,0.01,0.01,74800.01,1776406884000
1776406885.747,85.747,0.83,0.85,0.16,0.17,0.02,0.01,74800.01,1776406884000
1776406886.176,86.176,0.85,0.87,0.13,0.15,0.02,0.02,74798.66,1776406885000
1776406887.063,87.063,0.85,0.88,0.13,0.15,0.03,0.02,74798.66,1776406885000
1776406887.406,87.406,0.86,0.88,0.12,0.14,0.02,0.02,74798.66,1776406885000
1776406887.773,87.773,0.86,0.87,0.11,0.14,0.01,0.03,74798.66,1776406885000
1776406888.199,88.199,0.86,0.87,0.13,0.14,0.01,0.01,74800.74,1776406886000
1776406888.665,88.665,0.86,0.87,0.13,0.14,0.01,0.01,74800.84,1776406887000
1776406889.144,89.144,0.86,0.87,0.13,0.14,0.01,0.01,74800.84,1776406887000
1776406890.146,90.146,0.86,0.87,0.13,0.14,0.01,0.01,74802.03,1776406889000
1776406890.487,90.487,0.86,0.87,0.13,0.14,0.01,0.01,74802.03,1776406889000
1776406891.138,91.138,0.86,0.87,0.13,0.14,0.01,0.01,74802.03,1776406889000
1776406891.683,91.683,0.86,0.87,0.13,0.14,0.01,0.01,74802.03,1776406890000
1776406892.293,92.293,0.86,0.87,0.13,0.14,0.01,0.01,74801.98,1776406891000
1776406893.061,93.061,0.86,0.87,0.13,0.14,0.01,0.01,74801.98,1776406891000
1776406893.427,93.427,0.86,0.87,0.13,0.14,0.01,0.01,74801.98,1776406891000
1776406893.788,93.788,0.86,0.87,0.13,0.14,0.01,0.01,74801.73,1776406892000
1776406894.174,94.174,0.86,0.87,0.13,0.14,0.01,0.01,74801.73,1776406892000
1776406894.518,94.518,0.86,0.87,0.13,0.14,0.01,0.01,74801.73,1776406893000
1776406894.977,94.977,0.86,0.87,0.13,0.14,0.01,0.01,74801.73,1776406893000
1776406895.348,95.348,0.86,0.87,0.13,0.14,0.01,0.01,74801.73,1776406894000
1776406895.71,95.71,0.86,0.87,0.13,0.14,0.01,0.01,74801.73,1776406894000
1776406896.136,96.136,0.86,0.87,0.13,0.14,0.01,0.01,74801.73,1776406894000
1776406896.602,96.602,0.86,0.87,0.13,0.14,0.01,0.01,74801.73,1776406894000
1776406897.494,97.494,0.86,0.87,0.13,0.14,0.01,0.01,74801.94,1776406896000
1776406897.894,97.894,0.86,0.87,0.13,0.14,0.01,0.01,74801.94,1776406896000
1776406898.269,98.269,0.86,0.87,0.13,0.14,0.01,0.01,74801.94,1776406896000
1776406898.947,98.947,0.86,0.88,0.13,0.14,0.02,0.01,74802.15,1776406897000
1776406899.906,99.906,0.87,0.88,0.12,0.14,0.01,0.02,74803.05,1776406898000
1776406900.303,100.303,0.87,0.88,0.12,0.13,0.01,0.01,74803.05,1776406898000
1776406900.743,100.743,0.87,0.88,0.12,0.13,0.01,0.01,74801.71,1776406899000
1776406901.424,101.424,0.87,0.88,0.12,0.13,0.01,0.01,74801.71,1776406900000
1776406901.92,101.92,0.87,0.88,0.12,0.13,0.01,0.01,74801.71,1776406900000
1776406902.39,102.39,0.87,0.88,0.12,0.13,0.01,0.01,74802.43,1776406901000
1776406902.95,102.95,0.88,0.89,0.11,0.12,0.01,0.01,74802.43,1776406901000
1776406903.304,103.304,0.89,0.9,0.1,0.11,0.01,0.01,74802.43,1776406901000
1776406903.687,103.687,0.89,0.9,0.1,0.11,0.01,0.01,74802.43,1776406901000
1776406904.124,104.124,0.89,0.9,0.1,0.11,0.01,0.01,74802.72,1776406902000
1776406904.648,104.648,0.89,0.9,0.1,0.11,0.01,0.01,74802.72,1776406902000
1776406905.718,105.718,0.89,0.9,0.1,0.11,0.01,0.01,74802.72,1776406904000
1776406906.088,106.088,0.89,0.9,0.1,0.11,0.01,0.01,74802.72,1776406904000
1776406906.92,106.92,0.89,0.9,0.1,0.11,0.01,0.01,74802.72,1776406906000
1776406908.504,108.504,0.89,0.9,0.1,0.11,0.01,0.01,74804.57,1776406907000
1776406908.86,108.86,0.89,0.9,0.1,0.11,0.01,0.01,74804.57,1776406907000
1776406909.264,109.264,0.89,0.9,0.1,0.11,0.01,0.01,74804.57,1776406908000
1776406909.669,109.669,0.89,0.9,0.1,0.11,0.01,0.01,74804.57,1776406908000
1776406910.308,110.308,0.89,0.9,0.1,0.11,0.01,0.01,74804.57,1776406908000
1776406910.72,110.72,0.89,0.9,0.1,0.11,0.01,0.01,74804.57,1776406909000
1776406911.058,111.058,0.89,0.9,0.1,0.11,0.01,0.01,74804.57,1776406910000
1776406911.561,111.561,0.9,0.91,0.09,0.1,0.01,0.01,74804.57,1776406910000
1776406911.901,111.901,0.9,0.91,0.09,0.1,0.01,0.01,74804.57,1776406910000
1776406912.425,112.425,0.9,0.91,0.09,0.1,0.01,0.01,74804.57,1776406910000
1776406912.767,112.767,0.9,0.91,0.09,0.1,0.01,0.01,74804.57,1776406911000
1776406913.151,113.151,0.9,0.91,0.09,0.1,0.01,0.01,74804.57,1776406912000
1776406913.603,113.603,0.9,0.91,0.09,0.1,0.01,0.01,74804.57,1776406912000
1776406914.133,114.133,0.9,0.91,0.09,0.1,0.01,0.01,74804.57,1776406912000
1776406914.545,114.545,0.9,0.91,0.09,0.1,0.01,0.01,74804.57,1776406912000
1776406914.987,114.987,0.9,0.91,0.09,0.1,0.01,0.01,74804.57,1776406913000
1776406915.371,115.371,0.9,0.91,0.09,0.1,0.01,0.01,74804.57,1776406914000
1776406915.752,115.752,0.9,0.91,0.09,0.1,0.01,0.01,74804.57,1776406914000
1776406916.673,116.673,0.9,0.92,0.09,0.1,0.02,0.01,74804.57,1776406915000
1776406917.147,117.147,0.92,0.93,0.07,0.08,0.01,0.01,74804.57,1776406915000
1776406917.513,117.513,0.92,0.93,0.07,0.08,0.01,0.01,74809.05,1776406916000
1776406917.923,117.923,0.92,0.93,0.07,0.08,0.01,0.01,74809.05,1776406916000
1776406918.305,118.305,0.92,0.93,0.07,0.08,0.01,0.01,74810.52,1776406917000
1776406918.792,118.792,0.92,0.93,0.07,0.08,0.01,0.01,74810.52,1776406917000
1776406919.142,119.142,0.92,0.93,0.07,0.08,0.01,0.01,74810.52,1776406917000
1776406919.563,119.563,0.92,0.93,0.07,0.08,0.01,0.01,74810.78,1776406918000
1776406920.001,120.001,0.92,0.93,0.07,0.08,0.01,0.01,74810.78,1776406918000
1776406920.373,120.373,0.92,0.93,0.07,0.08,0.01,0.01,74810.78,1776406919000
1776406920.755,120.755,0.92,0.93,0.07,0.08,0.01,0.01,74810.78,1776406919000
1776406921.122,121.122,0.92,0.93,0.07,0.08,0.01,0.01,74810.78,1776406919000
1776406921.509,121.509,0.92,0.93,0.07,0.08,0.01,0.01,74812.69,1776406920000
1776406922.036,122.036,0.92,0.93,0.07,0.08,0.01,0.01,74812.69,1776406921000
1776406922.731,122.731,0.92,0.93,0.07,0.08,0.01,0.01,74812.69,1776406921000
1776406923.066,123.066,0.92,0.93,0.07,0.08,0.01,0.01,74812.69,1776406921000
1776406923.461,123.461,0.92,0.93,0.07,0.08,0.01,0.01,74813.26,1776406922000
1776406923.845,123.845,0.92,0.93,0.07,0.08,0.01,0.01,74813.26,1776406922000
1776406924.206,124.206,0.92,0.93,0.07,0.08,0.01,0.01,74813.26,1776406922000
1776406924.576,124.576,0.92,0.93,0.07,0.08,0.01,0.01,74813.26,1776406922000
1776406925.116,125.116,0.92,0.93,0.07,0.08,0.01,0.01,74813.54,1776406923000
1776406925.609,125.609,0.93,0.94,0.07,0.08,0.01,0.01,74813.63,1776406924000
1776406925.986,125.986,0.93,0.94,0.06,0.07,0.01,0.01,74813.63,1776406924000
1776406926.505,126.505,0.93,0.94,0.06,0.07,0.01,0.01,74813.63,1776406925000
1776406926.986,126.986,0.93,0.94,0.06,0.07,0.01,0.01,74813.63,1776406925000
1776406927.375,127.375,0.93,0.94,0.06,0.07,0.01,0.01,74814.59,1776406926000
1776406927.864,127.864,0.92,0.93,0.06,0.07,0.01,0.01,74814.59,1776406926000
1776406928.381,128.381,0.93,0.94,0.07,0.08,0.01,0.01,74814.59,1776406926000
1776406928.736,128.736,0.93,0.94,0.06,0.07,0.01,0.01,74814.14,1776406927000
1776406929.297,129.297,0.93,0.94,0.06,0.07,0.01,0.01,74814.14,1776406928000
1776406929.757,129.757,0.93,0.94,0.06,0.07,0.01,0.01,74814.14,1776406928000
1776406930.124,130.124,0.93,0.94,0.06,0.07,0.01,0.01,74814.14,1776406928000
1776406930.52,130.52,0.93,0.94,0.06,0.07,0.01,0.01,74814.14,1776406929000
1776406930.892,130.892,0.93,0.94,0.06,0.07,0.01,0.01,74814.14,1776406929000
1776406931.284,131.284,0.92,0.94,0.06,0.08,0.02,0.02,74814.14,1776406930000
1776406931.762,131.762,0.93,0.94,0.06,0.08,0.01,0.02,74814.14,1776406930000
1776406932.106,132.106,0.93,0.94,0.06,0.07,0.01,0.01,74814.14,1776406930000
1776406932.549,132.549,0.93,0.94,0.06,0.07,0.01,0.01,74814.14,1776406931000
1776406933.053,133.053,0.91,0.94,0.06,0.07,0.03,0.01,74814.14,1776406931000
1776406933.541,133.541,0.92,0.94,0.07,0.08,0.02,0.01,74814.14,1776406932000
1776406933.961,133.961,0.93,0.94,0.06,0.07,0.01,0.01,74814.14,1776406932000
1776406934.995,134.995,0.93,0.94,0.06,0.07,0.01,0.01,74814.14,1776406933000
1776406935.342,135.342,0.93,0.94,0.06,0.07,0.01,0.01,74814.14,1776406934000
1776406935.75,135.75,0.94,0.95,0.05,0.06,0.01,0.01,74814.14,1776406934000
1776406936.205,136.205,0.94,0.95,0.05,0.06,0.01,0.01,74814.14,1776406934000
1776406936.557,136.557,0.94,0.95,0.05,0.06,0.01,0.01,74814.14,1776406935000
1776406936.939,136.939,0.94,0.95,0.05,0.06,0.01,0.01,74814.14,1776406935000
1776406937.366,137.366,0.94,0.95,0.05,0.06,0.01,0.01,74814.14,1776406936000
1776406937.924,137.924,0.94,0.95,0.05,0.06,0.01,0.01,74814.14,1776406936000
1776406938.556,138.556,0.94,0.95,0.05,0.06,0.01,0.01,74814.14,1776406936000
1776406939.036,139.036,0.94,0.95,0.05,0.06,0.01,0.01,74814.14,1776406937000
1776406939.489,139.489,0.94,0.95,0.05,0.06,0.01,0.01,74814.14,1776406937000
1776406939.946,139.946,0.94,0.95,0.05,0.06,0.01,0.01,74814.14,1776406938000
1776406940.359,140.359,0.94,0.95,0.05,0.06,0.01,0.01,74816.42,1776406939000
1776406941.391,141.391,0.94,0.95,0.05,0.06,0.01,0.01,74817.04,1776406940000
1776406941.745,141.745,0.94,0.95,0.05,0.06,0.01,0.01,74817.04,1776406940000
1776406942.092,142.092,0.94,0.95,0.05,0.06,0.01,0.01,74817.04,1776406941000
1776406942.803,142.803,0.94,0.95,0.05,0.06,0.01,0.01,74817.04,1776406941000
1776406943.283,143.283,0.94,0.95,0.05,0.06,0.01,0.01,74817.18,1776406942000
1776406943.718,143.718,0.94,0.95,0.05,0.06,0.01,0.01,74817.18,1776406942000
1776406944.1,144.1,0.94,0.95,0.05,0.06,0.01,0.01,74817.18,1776406942000
1776406944.479,144.479,0.94,0.95,0.05,0.06,0.01,0.01,74817.18,1776406943000
1776406945.041,145.041,0.94,0.95,0.05,0.06,0.01,0.01,74817.18,1776406943000
1776406945.38,145.38,0.94,0.95,0.05,0.06,0.01,0.01,74817.18,1776406944000
1776406945.9,145.9,0.94,0.95,0.05,0.06,0.01,0.01,74817.18,1776406944000
1776406946.278,146.278,0.94,0.95,0.05,0.06,0.01,0.01,74817.18,1776406944000
1776406946.639,146.639,0.94,0.95,0.05,0.06,0.01,0.01,74816.19,1776406945000
1776406947.028,147.028,0.94,0.95,0.05,0.06,0.01,0.01,74815.76,1776406946000
1776406947.383,147.383,0.94,0.95,0.05,0.06,0.01,0.01,74815.76,1776406946000
1776406948.121,148.121,0.94,0.95,0.05,0.06,0.01,0.01,74815.76,1776406947000
1776406949.085,149.085,0.94,0.95,0.05,0.06,0.01,0.01,74815.76,1776406947000
1776406949.466,149.466,0.94,0.95,0.05,0.06,0.01,0.01,74815.76,1776406948000
1776406950.289,150.289,0.94,0.95,0.05,0.06,0.01,0.01,74815.48,1776406949000
1776406951.136,151.136,0.94,0.95,0.05,0.06,0.01,0.01,74815.48,1776406949000
1776406951.485,151.485,0.94,0.95,0.05,0.06,0.01,0.01,74815.22,1776406950000
1776406951.978,151.978,0.94,0.95,0.05,0.06,0.01,0.01,74815.76,1776406951000
1776406952.532,152.532,0.94,0.95,0.05,0.06,0.01,0.01,74815.76,1776406951000
1776406953.067,153.067,0.94,0.95,0.05,0.06,0.01,0.01,74815.51,1776406952000
1776406953.961,153.961,0.94,0.95,0.05,0.06,0.01,0.01,74815.51,1776406952000
1776406954.592,154.592,0.94,0.95,0.05,0.06,0.01,0.01,74815.51,1776406953000
1776406955.112,155.112,0.94,0.95,0.05,0.06,0.01,0.01,74815.51,1776406953000
1776406955.493,155.493,0.94,0.95,0.05,0.06,0.01,0.01,74815.76,1776406954000
1776406955.855,155.855,0.94,0.95,0.05,0.06,0.01,0.01,74815.76,1776406954000
1776406956.228,156.228,0.94,0.95,0.05,0.06,0.01,0.01,74815.76,1776406954000
1776406956.568,156.568,0.94,0.95,0.05,0.06,0.01,0.01,74815.76,1776406955000
1776406956.938,156.938,0.94,0.95,0.05,0.06,0.01,0.01,74815.76,1776406955000
1776406957.495,157.495,0.94,0.95,0.05,0.06,0.01,0.01,74815.76,1776406956000
1776406957.904,157.904,0.94,0.95,0.05,0.06,0.01,0.01,74815.76,1776406956000
1776406958.456,158.456,0.94,0.95,0.05,0.06,0.01,0.01,74815.76,1776406957000
1776406959.024,159.024,0.94,0.96,0.04,0.06,0.02,0.02,74815.76,1776406958000
1776406959.386,159.386,0.95,0.96,0.04,0.05,0.01,0.01,74815.76,1776406958000
1776406959.986,159.986,0.95,0.96,0.04,0.05,0.01,0.01,74815.76,1776406958000
1776406961.078,161.078,0.95,0.96,0.04,0.05,0.01,0.01,74815.76,1776406959000
1776406961.467,161.467,0.95,0.96,0.04,0.05,0.01,0.01,74815.76,1776406960000
1776406961.806,161.806,0.95,0.96,0.04,0.05,0.01,0.01,74815.76,1776406960000
1776406962.214,162.214,0.95,0.96,0.04,0.05,0.01,0.01,74815.76,1776406960000
1776406962.594,162.594,0.95,0.96,0.04,0.05,0.01,0.01,74815.76,1776406961000
1776406962.975,162.975,0.95,0.96,0.04,0.05,0.01,0.01,74815.76,1776406961000
1776406963.351,163.351,0.95,0.96,0.04,0.05,0.01,0.01,74815.76,1776406961000
1776406964.417,164.417,0.95,0.96,0.04,0.05,0.01,0.01,74815.76,1776406963000
1776406964.776,164.776,0.95,0.96,0.04,0.05,0.01,0.01,74815.76,1776406963000
1776406965.154,165.154,0.95,0.96,0.04,0.05,0.01,0.01,74815.76,1776406964000
1776406965.581,165.581,0.95,0.96,0.04,0.05,0.01,0.01,74815.76,1776406964000
1776406966.243,166.243,0.95,0.96,0.04,0.05,0.01,0.01,74815.76,1776406965000
1776406966.778,166.778,0.95,0.96,0.04,0.05,0.01,0.01,74815.76,1776406965000
1776406967.258,167.258,0.95,0.96,0.04,0.05,0.01,0.01,74815.76,1776406965000
1776406967.847,167.847,0.95,0.96,0.04,0.05,0.01,0.01,74815.76,1776406966000
1776406968.205,168.205,0.95,0.96,0.04,0.05,0.01,0.01,74815.82,1776406967000
1776406968.708,168.708,0.95,0.96,0.04,0.05,0.01,0.01,74815.82,1776406967000
1776406969.119,169.119,0.95,0.96,0.04,0.05,0.01,0.01,74815.82,1776406967000
1776406969.713,169.713,0.95,0.96,0.04,0.05,0.01,0.01,74815.95,1776406968000
1776406970.058,170.058,0.96,0.97,0.04,0.05,0.01,0.01,74815.95,1776406968000
1776406971.393,171.393,0.96,0.97,0.03,0.04,0.01,0.01,74806.85,1776406970000
1776406971.749,171.749,0.94,0.96,0.04,0.06,0.02,0.02,74806.85,1776406970000
1776406972.1,172.1,0.94,0.95,0.05,0.06,0.01,0.01,74806.85,1776406971000
1776406972.546,172.546,0.94,0.95,0.05,0.06,0.01,0.01,74806.85,1776406971000
1776406973.076,173.076,0.94,0.95,0.05,0.06,0.01,0.01,74806.03,1776406972000
1776406973.431,173.431,0.94,0.95,0.05,0.06,0.01,0.01,74806.03,1776406972000
1776406973.773,173.773,0.93,0.94,0.06,0.07,0.01,0.01,74806.03,1776406972000
1776406974.147,174.147,0.92,0.93,0.07,0.08,0.01,0.01,74804.38,1776406973000
1776406975.197,175.197,0.92,0.93,0.07,0.08,0.01,0.01,74802.68,1776406974000
1776406976.196,176.196,0.91,0.93,0.07,0.08,0.02,0.01,74802.68,1776406974000
1776406976.873,176.873,0.92,0.93,0.07,0.08,0.01,0.01,74801.0,1776406975000
1776406977.351,177.351,0.9,0.93,0.07,0.1,0.03,0.03,74800.73,1776406976000
1776406977.74,177.74,0.92,0.94,0.07,0.1,0.02,0.03,74800.73,1776406976000
1776406978.192,178.192,0.9,0.93,0.06,0.08,0.03,0.02,74800.73,1776406976000
1776406978.66,178.66,0.9,0.93,0.06,0.08,0.03,0.02,74801.0,1776406977000
1776406979.077,179.077,0.92,0.93,0.07,0.08,0.01,0.01,74801.0,1776406978000
1776406979.457,179.457,0.92,0.93,0.07,0.08,0.01,0.01,74801.0,1776406978000
1776406979.836,179.836,0.9,0.91,0.09,0.1,0.01,0.01,74801.0,1776406978000
1776406980.32,180.32,0.9,0.91,0.09,0.1,0.01,0.01,74800.48,1776406979000
1776406981.021,181.021,0.9,0.91,0.09,0.1,0.01,0.01,74791.86,1776406980000
1776406981.626,181.626,0.9,0.91,0.09,0.1,0.01,0.01,74791.86,1776406980000
1776406982.06,182.06,0.89,0.91,0.09,0.11,0.02,0.02,74791.29,1776406981000
1776406982.874,182.874,0.89,0.91,0.09,0.11,0.02,0.02,74791.29,1776406981000
1776406983.247,183.247,0.89,0.91,0.09,0.11,0.02,0.02,74791.29,1776406981000
1776406983.619,183.619,0.89,0.91,0.09,0.11,0.02,0.02,74791.29,1776406981000
1776406984.338,184.338,0.89,0.91,0.09,0.11,0.02,0.02,74790.42,1776406983000
1776406984.836,184.836,0.88,0.91,0.09,0.12,0.03,0.03,74790.42,1776406983000
1776406985.39,185.39,0.9,0.91,0.09,0.12,0.01,0.03,74790.76,1776406984000
1776406986.058,186.058,0.9,0.91,0.09,0.1,0.01,0.01,74790.87,1776406985000
1776406986.658,186.658,0.88,0.91,0.09,0.1,0.03,0.01,74790.87,1776406985000
1776406987.221,187.221,0.88,0.91,0.09,0.12,0.03,0.03,74791.15,1776406986000
1776406987.582,187.582,0.9,0.91,0.09,0.11,0.01,0.02,74791.15,1776406986000
1776406987.953,187.953,0.9,0.91,0.09,0.1,0.01,0.01,74791.15,1776406986000
1776406988.305,188.305,0.9,0.91,0.09,0.1,0.01,0.01,74791.54,1776406987000
1776406988.865,188.865,0.9,0.91,0.09,0.1,0.01,0.01,74792.42,1776406988000
1776406989.24,189.24,0.9,0.91,0.09,0.1,0.01,0.01,74792.42,1776406988000
1776406990.146,190.146,0.9,0.91,0.09,0.1,0.01,0.01,74792.42,1776406989000
1776406990.508,190.508,0.9,0.91,0.09,0.1,0.01,0.01,74792.42,1776406989000
1776406991.043,191.043,0.9,0.91,0.09,0.1,0.01,0.01,74792.42,1776406989000
1776406992.452,192.452,0.9,0.91,0.09,0.1,0.01,0.01,74792.42,1776406990000
1776406992.867,192.867,0.9,0.91,0.09,0.1,0.01,0.01,74792.42,1776406991000
1776406993.88,193.88,0.9,0.91,0.09,0.1,0.01,0.01,74792.42,1776406992000
1776406994.449,194.449,0.9,0.91,0.09,0.1,0.01,0.01,74792.42,1776406993000
1776406994.904,194.904,0.9,0.91,0.09,0.1,0.01,0.01,74792.42,1776406993000
1776406995.283,195.283,0.9,0.91,0.09,0.1,0.01,0.01,74795.02,1776406994000
1776406995.876,195.876,0.9,0.92,0.09,0.1,0.02,0.01,74795.02,1776406994000
1776406996.227,196.227,0.9,0.92,0.08,0.1,0.02,0.02,74795.02,1776406994000
1776406996.565,196.565,0.91,0.92,0.08,0.09,0.01,0.01,74795.15,1776406995000
1776406996.954,196.954,0.91,0.92,0.08,0.09,0.01,0.01,74795.15,1776406995000
1776406997.338,197.338,0.91,0.92,0.08,0.09,0.01,0.01,74795.15,1776406996000
1776406997.848,197.848,0.91,0.93,0.08,0.09,0.02,0.01,74795.15,1776406996000
1776406998.647,198.647,0.91,0.93,0.07,0.09,0.02,0.02,74796.37,1776406997000
1776406998.99,198.99,0.92,0.93,0.07,0.08,0.01,0.01,74796.37,1776406997000
1776406999.495,199.495,0.92,0.93,0.07,0.08,0.01,0.01,74796.37,1776406997000
1776406999.843,199.843,0.92,0.93,0.07,0.08,0.01,0.01,74796.37,1776406998000
1776407000.415,200.415,0.92,0.93,0.07,0.08,0.01,0.01,74796.37,1776406999000
1776407000.86,200.86,0.92,0.94,0.07,0.08,0.02,0.01,74796.37,1776406999000
1776407001.744,201.744,0.92,0.94,0.06,0.08,0.02,0.02,74796.37,1776407000000
1776407002.311,202.311,0.92,0.93,0.07,0.08,0.01,0.01,74796.37,1776407000000
1776407002.981,202.981,0.92,0.94,0.06,0.08,0.02,0.02,74796.37,1776407002000
1776407003.742,203.742,0.93,0.94,0.05,0.08,0.01,0.03,74796.37,1776407002000
1776407004.375,204.375,0.93,0.94,0.06,0.07,0.01,0.01,74796.37,1776407003000
1776407005.005,205.005,0.93,0.94,0.06,0.07,0.01,0.01,74796.37,1776407004000
1776407005.617,205.617,0.93,0.94,0.06,0.07,0.01,0.01,74796.37,1776407004000
1776407005.954,205.954,0.93,0.94,0.05,0.07,0.01,0.02,74796.37,1776407004000
1776407007.106,207.106,0.94,0.95,0.06,0.07,0.01,0.01,74796.37,1776407005000
1776407007.54,207.54,0.94,0.95,0.05,0.06,0.01,0.01,74796.37,1776407006000
1776407008.114,208.114,0.94,0.95,0.05,0.06,0.01,0.01,74796.37,1776407006000
1776407008.489,208.489,0.94,0.95,0.05,0.06,0.01,0.01,74796.37,1776407007000
1776407009.483,209.483,0.94,0.95,0.05,0.06,0.01,0.01,74796.37,1776407008000
1776407010.251,210.251,0.94,0.95,0.05,0.06,0.01,0.01,74796.37,1776407009000
1776407010.59,210.59,0.92,0.95,0.05,0.07,0.03,0.02,74796.37,1776407009000
1776407011.132,211.132,0.92,0.95,0.05,0.08,0.03,0.03,74796.37,1776407009000
1776407011.474,211.474,0.91,0.94,0.06,0.09,0.03,0.03,74793.57,1776407010000
1776407011.811,211.811,0.92,0.94,0.06,0.09,0.02,0.03,74793.57,1776407010000
1776407012.278,212.278,0.91,0.93,0.07,0.09,0.02,0.02,74789.2,1776407011000
1776407013.047,213.047,0.92,0.93,0.07,0.08,0.01,0.01,74789.2,1776407011000
1776407013.553,213.553,0.91,0.93,0.07,0.09,0.02,0.02,74786.84,1776407012000
1776407013.914,213.914,0.91,0.92,0.08,0.09,0.01,0.01,74786.84,1776407012000
1776407014.379,214.379,0.91,0.92,0.08,0.09,0.01,0.01,74786.84,1776407013000
1776407014.948,214.948,0.91,0.92,0.08,0.09,0.01,0.01,74786.84,1776407013000
1776407015.725,215.725,0.91,0.92,0.08,0.09,0.01,0.01,74786.84,1776407013000
1776407016.151,216.151,0.91,0.92,0.08,0.09,0.01,0.01,74786.84,1776407013000
1776407016.514,216.514,0.91,0.92,0.08,0.09,0.01,0.01,74786.6,1776407015000
1776407017.121,217.121,0.91,0.92,0.08,0.09,0.01,0.01,74786.27,1776407016000
1776407017.518,217.518,0.91,0.92,0.08,0.09,0.01,0.01,74786.27,1776407016000
1776407018.41,218.41,0.91,0.92,0.08,0.09,0.01,0.01,74786.37,1776407017000
1776407018.888,218.888,0.91,0.92,0.08,0.09,0.01,0.01,74786.37,1776407017000
1776407019.413,219.413,0.91,0.92,0.08,0.09,0.01,0.01,74786.37,1776407018000
1776407020.047,220.047,0.91,0.92,0.08,0.09,0.01,0.01,74786.31,1776407019000
1776407020.67,220.67,0.91,0.92,0.08,0.09,0.01,0.01,74786.31,1776407019000
1776407021.284,221.284,0.91,0.92,0.08,0.09,0.01,0.01,74786.31,1776407019000
1776407021.847,221.847,0.91,0.92,0.08,0.09,0.01,0.01,74786.74,1776407020000
1776407022.265,222.265,0.91,0.92,0.08,0.09,0.01,0.01,74788.75,1776407021000
1776407022.659,222.659,0.91,0.92,0.08,0.09,0.01,0.01,74788.75,1776407021000
1776407023.334,223.334,0.91,0.92,0.08,0.09,0.01,0.01,74788.75,1776407021000
1776407023.684,223.684,0.91,0.92,0.08,0.09,0.01,0.01,74788.05,1776407022000
1776407024.057,224.057,0.91,0.92,0.08,0.09,0.01,0.01,74788.0,1776407023000
1776407024.441,224.441,0.93,0.94,0.04,0.09,0.01,0.05,74788.0,1776407023000
1776407024.798,224.798,0.93,0.94,0.06,0.07,0.01,0.01,74788.0,1776407023000
1776407025.175,225.175,0.93,0.96,0.06,0.07,0.03,0.01,74788.0,1776407023000
1776407025.643,225.643,0.94,0.96,0.05,0.06,0.02,0.01,74788.73,1776407024000
1776407026.052,226.052,0.95,0.96,0.04,0.06,0.01,0.02,74788.73,1776407024000
1776407026.599,226.599,0.95,0.96,0.04,0.05,0.01,0.01,74788.73,1776407025000
1776407027.532,227.532,0.95,0.96,0.04,0.05,0.01,0.01,74788.73,1776407025000
1776407027.993,227.993,0.95,0.96,0.04,0.05,0.01,0.01,74787.56,1776407026000
1776407028.364,228.364,0.95,0.96,0.04,0.05,0.01,0.01,74787.56,1776407026000
1776407029.127,229.127,0.95,0.96,0.04,0.05,0.01,0.01,74790.38,1776407028000
1776407029.641,229.641,0.95,0.97,0.04,0.05,0.02,0.01,74790.38,1776407028000
1776407030.331,230.331,0.96,0.97,0.03,0.04,0.01,0.01,74791.08,1776407029000
1776407030.783,230.783,0.96,0.97,0.03,0.04,0.01,0.01,74791.08,1776407029000
1776407031.277,231.277,0.96,0.97,0.03,0.04,0.01,0.01,74791.84,1776407030000
1776407031.69,231.69,0.89,0.97,0.03,0.04,0.08,0.01,74791.84,1776407030000
1776407032.042,232.042,0.93,0.94,0.06,0.07,0.01,0.01,74791.19,1776407031000
1776407032.595,232.595,0.93,0.94,0.06,0.07,0.01,0.01,74791.19,1776407031000
1776407033.078,233.078,0.93,0.94,0.06,0.07,0.01,0.01,74791.19,1776407031000
1776407033.422,233.422,0.93,0.94,0.06,0.07,0.01,0.01,74791.12,1776407032000
1776407033.791,233.791,0.93,0.94,0.06,0.07,0.01,0.01,74791.12,1776407032000
1776407034.506,234.506,0.93,0.94,0.06,0.07,0.01,0.01,74790.79,1776407033000
1776407034.92,234.92,0.93,0.95,0.06,0.07,0.02,0.01,74790.79,1776407033000
1776407035.549,235.549,0.93,0.95,0.05,0.07,0.02,0.02,74790.79,1776407034000
1776407035.903,235.903,0.94,0.97,0.03,0.06,0.03,0.03,74790.79,1776407034000
1776407036.422,236.422,0.95,0.96,0.03,0.05,0.01,0.02,74795.04,1776407035000
1776407036.855,236.855,0.95,0.96,0.04,0.05,0.01,0.01,74795.04,1776407035000
1776407037.199,237.199,0.95,0.96,0.04,0.05,0.01,0.01,74797.93,1776407036000
1776407037.589,237.589,0.95,0.96,0.04,0.05,0.01,0.01,74797.93,1776407036000
1776407038.065,238.065,0.96,0.97,0.03,0.04,0.01,0.01,74797.93,1776407036000
1776407038.552,238.552,0.96,0.97,0.03,0.04,0.01,0.01,74799.39,1776407037000
1776407039.388,239.388,0.96,0.97,0.03,0.04,0.01,0.01,74798.83,1776407038000
1776407039.909,239.909,0.96,0.97,0.03,0.04,0.01,0.01,74798.83,1776407039000
1776407040.35,240.35,0.96,0.97,0.03,0.04,0.01,0.01,74798.83,1776407039000
1776407040.699,240.699,0.96,0.97,0.03,0.04,0.01,0.01,74798.83,1776407039000
1776407041.152,241.152,0.96,0.97,0.03,0.04,0.01,0.01,74798.83,1776407039000
1776407041.536,241.536,0.96,0.97,0.03,0.04,0.01,0.01,74799.23,1776407040000
1776407041.911,241.911,0.96,0.97,0.03,0.04,0.01,0.01,74799.23,1776407040000
1776407042.349,242.349,0.95,0.96,0.04,0.05,0.01,0.01,74801.18,1776407041000
1776407042.7,242.7,0.95,0.96,0.04,0.05,0.01,0.01,74801.18,1776407041000
1776407043.18,243.18,0.95,0.96,0.04,0.05,0.01,0.01,74801.18,1776407041000
1776407043.571,243.571,0.96,0.97,0.03,0.04,0.01,0.01,74801.33,1776407042000
1776407044.071,244.071,0.96,0.97,0.03,0.04,0.01,0.01,74801.33,1776407042000
1776407044.587,244.587,0.96,0.97,0.03,0.04,0.01,0.01,74800.57,1776407043000
1776407045.061,245.061,0.96,0.97,0.03,0.04,0.01,0.01,74800.57,1776407044000
1776407045.509,245.509,0.96,0.97,0.03,0.04,0.01,0.01,74800.57,1776407044000
1776407045.986,245.986,0.95,0.96,0.03,0.05,0.01,0.02,74800.57,1776407044000
1776407046.392,246.392,0.95,0.96,0.04,0.05,0.01,0.01,74800.57,1776407044000
1776407046.725,246.725,0.95,0.96,0.04,0.05,0.01,0.01,74800.57,1776407044000
1776407047.098,247.098,0.95,0.96,0.04,0.05,0.01,0.01,74801.33,1776407045000
1776407047.551,247.551,0.95,0.96,0.04,0.05,0.01,0.01,74801.33,1776407046000
1776407047.94,247.94,0.95,0.96,0.04,0.05,0.01,0.01,74801.33,1776407046000
1776407048.277,248.277,0.95,0.96,0.04,0.05,0.01,0.01,74801.33,1776407046000
1776407048.64,248.64,0.95,0.96,0.04,0.05,0.01,0.01,74801.33,1776407047000
1776407049.096,249.096,0.95,0.96,0.04,0.05,0.01,0.01,74800.92,1776407048000
1776407049.835,249.835,0.95,0.96,0.04,0.05,0.01,0.01,74800.92,1776407048000
1776407050.254,250.254,0.95,0.96,0.04,0.05,0.01,0.01,74800.69,1776407049000
1776407050.712,250.712,0.95,0.96,0.04,0.05,0.01,0.01,74800.69,1776407049000
1776407051.064,251.064,0.95,0.96,0.04,0.05,0.01,0.01,74800.69,1776407049000
1776407051.451,251.451,0.95,0.96,0.04,0.05,0.01,0.01,74801.05,1776407050000
1776407051.916,251.916,0.95,0.96,0.04,0.05,0.01,0.01,74801.05,1776407050000
1776407052.466,252.466,0.95,0.96,0.04,0.05,0.01,0.01,74801.41,1776407051000
1776407052.949,252.949,0.95,0.96,0.04,0.05,0.01,0.01,74801.41,1776407052000
1776407053.384,253.384,0.96,0.97,0.03,0.04,0.01,0.01,74801.41,1776407052000
1776407053.784,253.784,0.96,0.97,0.03,0.04,0.01,0.01,74801.41,1776407052000
1776407054.179,254.179,0.96,0.97,0.03,0.04,0.01,0.01,74801.53,1776407053000
1776407054.582,254.582,0.96,0.97,0.03,0.04,0.01,0.01,74801.53,1776407053000
1776407054.954,254.954,0.96,0.97,0.03,0.04,0.01,0.01,74801.53,1776407053000
1776407055.301,255.301,0.96,0.97,0.03,0.04,0.01,0.01,74801.53,1776407054000
1776407055.811,255.811,0.96,0.97,0.03,0.04,0.01,0.01,74801.53,1776407054000
1776407056.43,256.43,0.96,0.97,0.03,0.04,0.01,0.01,74801.53,1776407055000
1776407056.77,256.77,0.96,0.97,0.03,0.04,0.01,0.01,74801.53,1776407055000
1776407057.118,257.118,0.96,0.97,0.03,0.04,0.01,0.01,74801.53,1776407056000
1776407057.545,257.545,0.96,0.98,0.03,0.04,0.02,0.01,74801.53,1776407056000
1776407058.261,258.261,0.96,0.98,0.02,0.04,0.02,0.02,74801.53,1776407057000
1776407058.6,258.6,0.96,0.98,0.02,0.04,0.02,0.02,74801.53,1776407057000
1776407058.938,258.938,0.97,0.98,0.02,0.03,0.01,0.01,74801.53,1776407057000
1776407059.278,259.278,0.97,0.98,0.02,0.03,0.01,0.01,74801.53,1776407057000
1776407059.743,259.743,0.97,0.98,0.02,0.03,0.01,0.01,74802.62,1776407058000
1776407060.096,260.096,0.97,0.98,0.02,0.03,0.01,0.01,74802.62,1776407058000
1776407060.484,260.484,0.97,0.98,0.02,0.03,0.01,0.01,74802.62,1776407058000
1776407061.113,261.113,0.97,0.98,0.02,0.03,0.01,0.01,74802.62,1776407058000
1776407061.569,261.569,0.97,0.98,0.02,0.03,0.01,0.01,74802.62,1776407058000
1776407061.909,261.909,0.97,0.98,0.02,0.03,0.01,0.01,74802.62,1776407058000
1776407062.393,262.393,0.97,0.98,0.02,0.03,0.01,0.01,74802.62,1776407060000
1776407062.747,262.747,0.97,0.98,0.02,0.03,0.01,0.01,74805.05,1776407061000
1776407063.112,263.112,0.97,0.98,0.02,0.03,0.01,0.01,74805.34,1776407062000
1776407063.625,263.625,0.97,0.98,0.02,0.03,0.01,0.01,74805.34,1776407062000
1776407063.963,263.963,0.97,0.98,0.02,0.03,0.01,0.01,74805.34,1776407062000
1776407064.42,264.42,0.97,0.98,0.02,0.03,0.01,0.01,74807.54,1776407063000
1776407064.778,264.778,0.97,0.98,0.02,0.03,0.01,0.01,74807.54,1776407063000
1776407065.305,265.305,0.97,0.98,0.02,0.03,0.01,0.01,74808.24,1776407064000
1776407065.721,265.721,0.97,0.98,0.02,0.03,0.01,0.01,74808.24,1776407064000
1776407066.301,266.301,0.97,0.98,0.02,0.03,0.01,0.01,74808.24,1776407065000
1776407066.651,266.651,0.97,0.98,0.02,0.03,0.01,0.01,74808.24,1776407065000
1776407067.111,267.111,0.97,0.98,0.02,0.03,0.01,0.01,74808.24,1776407065000
1776407067.502,267.502,0.97,0.98,0.02,0.03,0.01,0.01,74808.24,1776407066000
1776407067.962,267.962,0.98,0.99,0.01,0.03,0.01,0.02,74808.24,1776407066000
1776407068.327,268.327,0.98,0.99,0.01,0.02,0.01,0.01,74806.41,1776407067000
1776407068.708,268.708,0.98,0.99,0.01,0.02,0.01,0.01,74806.41,1776407067000
1776407069.093,269.093,0.98,0.99,0.01,0.02,0.01,0.01,74806.41,1776407067000
1776407069.433,269.433,0.98,0.99,0.01,0.02,0.01,0.01,74808.24,1776407068000
1776407069.804,269.804,0.98,0.99,0.01,0.02,0.01,0.01,74808.24,1776407068000
1776407070.176,270.176,0.98,0.99,0.01,0.02,0.01,0.01,74808.24,1776407068000
1776407070.558,270.558,0.98,0.99,0.01,0.02,0.01,0.01,74808.24,1776407069000
1776407070.986,270.986,0.98,0.99,0.01,0.02,0.01,0.01,74808.24,1776407069000
1776407071.524,271.524,0.98,0.99,0.01,0.02,0.01,0.01,74808.24,1776407070000
1776407071.871,271.871,0.98,0.99,0.01,0.02,0.01,0.01,74808.24,1776407070000
1776407072.21,272.21,0.98,0.99,0.01,0.02,0.01,0.01,74808.24,1776407071000
1776407072.577,272.577,0.98,0.99,0.01,0.02,0.01,0.01,74808.24,1776407071000
1776407072.963,272.963,0.98,0.99,0.01,0.02,0.01,0.01,74808.24,1776407071000
1776407073.312,273.312,0.99,0.99,0.01,0.01,0.0,0.0,74808.24,1776407072000
1776407073.667,273.667,0.99,0.99,0.01,0.01,0.0,0.0,74808.24,1776407072000
1776407074.156,274.156,0.99,0.99,0.01,0.01,0.0,0.0,74808.24,1776407073000
1776407074.548,274.548,0.99,0.99,0.01,0.01,0.0,0.0,74808.24,1776407073000
1776407075.136,275.136,0.99,0.99,0.01,0.01,0.0,0.0,74808.24,1776407073000
1776407075.549,275.549,0.99,0.99,0.01,0.01,0.0,0.0,74808.24,1776407074000
1776407076.284,276.284,0.99,0.99,0.01,0.01,0.0,0.0,74808.24,1776407075000
1776407076.759,276.759,0.99,0.99,0.01,0.01,0.0,0.0,74808.24,1776407075000
1776407077.286,277.286,0.99,0.99,0.01,0.01,0.0,0.0,74806.01,1776407076000
1776407078.284,278.284,0.99,0.99,0.01,0.01,0.0,0.0,74808.24,1776407077000
1776407078.641,278.641,0.99,0.99,0.01,0.01,0.0,0.0,74808.24,1776407077000
1776407079.279,279.279,0.99,0.99,0.01,0.01,0.0,0.0,74806.01,1776407078000
1776407079.828,279.828,0.99,0.99,0.01,0.01,0.0,0.0,74806.01,1776407078000
1776407080.304,280.304,0.99,0.99,0.01,0.01,0.0,0.0,74808.24,1776407079000
1776407081.304,281.304,0.99,0.99,0.01,0.01,0.0,0.0,74806.2,1776407080000
1776407081.982,281.982,0.99,0.99,0.01,0.01,0.0,0.0,74806.2,1776407080000
1776407082.671,282.671,0.99,0.99,0.01,0.01,0.0,0.0,74808.24,1776407081000
1776407083.242,283.242,0.99,0.99,0.01,0.01,0.0,0.0,74808.24,1776407082000
1776407084.296,284.296,0.99,0.99,0.01,0.01,0.0,0.0,74808.24,1776407083000
1776407085.245,285.245,0.99,0.99,0.01,0.01,0.0,0.0,74806.27,1776407084000
1776407086.261,286.261,0.99,0.99,0.01,0.01,0.0,0.0,74808.24,1776407085000
1776407087.189,287.189,0.99,0.99,0.01,0.01,0.0,0.0,74806.26,1776407086000
1776407088.254,288.254,0.99,0.99,0.01,0.01,0.0,0.0,74808.24,1776407087000
1776407089.002,289.002,0.99,0.99,0.01,0.01,0.0,0.0,74808.24,1776407087000
1776407089.399,289.399,0.99,0.99,0.01,0.01,0.0,0.0,74808.25,1776407088000
1776407090.614,290.614,0.99,0.99,0.01,0.01,0.0,0.0,74806.75,1776407089000
1776407091.247,291.247,0.99,0.99,0.01,0.01,0.0,0.0,74807.41,1776407090000
1776407091.966,291.966,0.99,0.99,0.01,0.01,0.0,0.0,74807.41,1776407090000
1776407092.702,292.702,0.99,0.99,0.01,0.01,0.0,0.0,74815.23,1776407091000
1776407093.338,293.338,0.99,0.99,0.01,0.01,0.0,0.0,74815.02,1776407092000
1776407093.886,293.886,0.99,0.99,0.01,0.01,0.0,0.0,74815.02,1776407092000
1776407094.726,294.726,0.99,0.99,0.01,0.01,0.0,0.0,74814.9,1776407093000
1776407095.46,295.46,0.99,0.99,0.01,0.01,0.0,0.0,74814.13,1776407094000
1776407096.189,296.189,0.99,0.99,0.01,0.01,0.0,0.0,74813.55,1776407095000
1776407097.622,297.622,0.99,0.99,0.01,0.01,0.0,0.0,74813.06,1776407096000
1776407098.354,298.354,0.99,0.99,0.01,0.01,0.0,0.0,74813.45,1776407097000
1776407099.403,299.403,0.99,0.99,0.01,0.01,0.0,0.0,74813.52,1776407098000
1776407100.028,300.028,0.99,0.99,0.01,0.01,0.0,0.0,74813.56,1776407099000
1776407100.372,300.372,0.99,0.99,0.01,0.01,0.0,0.0,74813.56,1776407099000
1776407100.73,300.73,0.99,0.99,0.01,0.01,0.0,0.0,74813.56,1776407099000

# RESULT,winner=Up,slug=btc-updown-5m-1776406800,ticks=594
