timestamp,elapsed_sec,up_bid,up_ask,down_bid,down_ask,up_spread,down_spread,btc_price,btc_oracle_ts
1776224700.787,0.787,0.52,0.53,0.48,0.49,0.01,0.01,74256.94,1776224699000
1776224701.268,1.268,0.53,0.54,0.46,0.48,0.01,0.02,74256.94,1776224699000
1776224701.688,1.688,0.51,0.54,0.46,0.47,0.03,0.01,74256.76,1776224700000
1776224702.03,2.03,0.51,0.52,0.48,0.49,0.01,0.01,74256.76,1776224700000
1776224702.421,2.421,0.51,0.52,0.48,0.49,0.01,0.01,74257.21,1776224701000
1776224702.971,2.971,0.51,0.52,0.48,0.49,0.01,0.01,74257.21,1776224701000
1776224703.304,3.304,0.51,0.52,0.48,0.49,0.01,0.01,74256.61,1776224702000
1776224703.66,3.66,0.51,0.52,0.48,0.49,0.01,0.01,74256.61,1776224702000
1776224704.039,4.039,0.51,0.52,0.48,0.49,0.01,0.01,74256.61,1776224702000
1776224704.591,4.591,0.51,0.52,0.48,0.49,0.01,0.01,74256.48,1776224703000
1776224705.128,5.128,0.51,0.52,0.48,0.49,0.01,0.01,74256.48,1776224703000
1776224705.488,5.488,0.51,0.52,0.48,0.49,0.01,0.01,74256.37,1776224704000
1776224705.858,5.858,0.51,0.52,0.48,0.49,0.01,0.01,74256.37,1776224704000
1776224706.198,6.198,0.51,0.52,0.48,0.49,0.01,0.01,74256.37,1776224704000
1776224706.918,6.918,0.51,0.52,0.48,0.49,0.01,0.01,74255.79,1776224705000
1776224707.281,7.281,0.5,0.51,0.48,0.5,0.01,0.02,74256.3,1776224706000
1776224707.705,7.705,0.5,0.51,0.49,0.5,0.01,0.01,74256.3,1776224706000
1776224708.246,8.246,0.5,0.51,0.49,0.5,0.01,0.01,74255.91,1776224707000
1776224708.588,8.588,0.5,0.51,0.49,0.5,0.01,0.01,74255.91,1776224707000
1776224709.152,9.152,0.5,0.51,0.49,0.5,0.01,0.01,74255.91,1776224707000
1776224709.693,9.693,0.49,0.5,0.5,0.51,0.01,0.01,74255.78,1776224708000
1776224710.042,10.042,0.49,0.5,0.5,0.51,0.01,0.01,74255.78,1776224708000
1776224710.402,10.402,0.49,0.5,0.5,0.51,0.01,0.01,74255.78,1776224708000
1776224711.154,11.154,0.49,0.5,0.5,0.51,0.01,0.01,74255.78,1776224708000
1776224711.713,11.713,0.49,0.5,0.5,0.51,0.01,0.01,74254.26,1776224709000
1776224712.138,12.138,0.41,0.45,0.55,0.56,0.04,0.01,74254.26,1776224709000
1776224712.471,12.471,0.42,0.43,0.57,0.58,0.01,0.01,74254.18,1776224710000
1776224712.805,12.805,0.42,0.43,0.57,0.58,0.01,0.01,74254.18,1776224710000
1776224713.291,13.291,0.4,0.42,0.58,0.6,0.02,0.02,74254.18,1776224711000
1776224713.696,13.696,0.41,0.42,0.58,0.59,0.01,0.01,74254.18,1776224711000
1776224714.16,14.16,0.41,0.42,0.58,0.59,0.01,0.01,74254.18,1776224711000
1776224715.309,15.309,0.41,0.42,0.58,0.59,0.01,0.01,74246.4,1776224714000
1776224715.766,15.766,0.4,0.41,0.59,0.6,0.01,0.01,74246.4,1776224714000
1776224716.256,16.256,0.4,0.41,0.59,0.6,0.01,0.01,74246.4,1776224714000
1776224717.205,17.205,0.4,0.41,0.59,0.6,0.01,0.01,74246.4,1776224715000
1776224717.624,17.624,0.39,0.4,0.6,0.61,0.01,0.01,74246.4,1776224716000
1776224717.975,17.975,0.39,0.4,0.6,0.61,0.01,0.01,74246.4,1776224716000
1776224718.732,18.732,0.39,0.4,0.6,0.61,0.01,0.01,74245.65,1776224717000
1776224719.107,19.107,0.39,0.4,0.6,0.61,0.01,0.01,74245.65,1776224717000
1776224719.878,19.878,0.39,0.4,0.6,0.61,0.01,0.01,74245.54,1776224718000
1776224720.257,20.257,0.39,0.4,0.6,0.61,0.01,0.01,74245.54,1776224719000
1776224720.86,20.86,0.39,0.4,0.6,0.61,0.01,0.01,74245.54,1776224719000
1776224721.32,21.32,0.39,0.4,0.6,0.61,0.01,0.01,74245.54,1776224719000
1776224721.738,21.738,0.39,0.4,0.6,0.61,0.01,0.01,74245.56,1776224720000
1776224722.291,22.291,0.39,0.4,0.6,0.61,0.01,0.01,74245.59,1776224721000
1776224723.344,23.344,0.39,0.4,0.6,0.61,0.01,0.01,74245.59,1776224721000
1776224724.252,24.252,0.38,0.4,0.6,0.62,0.02,0.02,74245.6,1776224723000
1776224724.849,24.849,0.38,0.39,0.61,0.62,0.01,0.01,74245.6,1776224723000
1776224725.326,25.326,0.38,0.39,0.61,0.62,0.01,0.01,74245.6,1776224723000
1776224725.684,25.684,0.38,0.39,0.61,0.62,0.01,0.01,74245.58,1776224724000
1776224726.311,26.311,0.38,0.39,0.61,0.62,0.01,0.01,74245.59,1776224725000
1776224727.281,27.281,0.38,0.39,0.61,0.62,0.01,0.01,74245.59,1776224725000
1776224727.645,27.645,0.38,0.39,0.61,0.62,0.01,0.01,74245.53,1776224726000
1776224727.981,27.981,0.4,0.42,0.59,0.6,0.02,0.01,74245.53,1776224726000
1776224728.462,28.462,0.41,0.42,0.58,0.59,0.01,0.01,74245.53,1776224726000
1776224729.128,29.128,0.41,0.42,0.58,0.59,0.01,0.01,74245.52,1776224728000
1776224729.549,29.549,0.41,0.42,0.58,0.59,0.01,0.01,74245.52,1776224728000
1776224730.498,30.498,0.41,0.42,0.58,0.59,0.01,0.01,74245.52,1776224728000
1776224731.048,31.048,0.41,0.42,0.58,0.59,0.01,0.01,74246.23,1776224729000
1776224731.681,31.681,0.41,0.42,0.58,0.59,0.01,0.01,74246.24,1776224730000
1776224732.253,32.253,0.41,0.42,0.58,0.59,0.01,0.01,74246.24,1776224731000
1776224732.693,32.693,0.41,0.42,0.58,0.59,0.01,0.01,74246.24,1776224731000
1776224733.06,33.06,0.41,0.42,0.58,0.59,0.01,0.01,74246.24,1776224731000
1776224733.487,33.487,0.41,0.42,0.58,0.59,0.01,0.01,74246.24,1776224731000
1776224733.857,33.857,0.41,0.42,0.58,0.59,0.01,0.01,74246.09,1776224732000
1776224734.995,34.995,0.41,0.42,0.58,0.59,0.01,0.01,74246.09,1776224733000
1776224735.354,35.354,0.41,0.42,0.58,0.59,0.01,0.01,74246.09,1776224734000
1776224735.723,35.723,0.41,0.42,0.58,0.59,0.01,0.01,74246.09,1776224734000
1776224736.069,36.069,0.42,0.43,0.57,0.58,0.01,0.01,74246.09,1776224734000
1776224736.469,36.469,0.42,0.43,0.57,0.58,0.01,0.01,74246.09,1776224734000
1776224736.857,36.857,0.42,0.43,0.57,0.58,0.01,0.01,74246.09,1776224735000
1776224737.268,37.268,0.42,0.43,0.57,0.58,0.01,0.01,74246.09,1776224735000
1776224738.232,38.232,0.42,0.43,0.57,0.58,0.01,0.01,74245.61,1776224737000
1776224738.667,38.667,0.42,0.43,0.57,0.58,0.01,0.01,74245.61,1776224737000
1776224739.557,39.557,0.42,0.43,0.57,0.58,0.01,0.01,74245.61,1776224737000
1776224740.063,40.063,0.42,0.43,0.57,0.58,0.01,0.01,74245.62,1776224738000
1776224740.536,40.536,0.42,0.43,0.57,0.58,0.01,0.01,74245.59,1776224739000
1776224741.331,41.331,0.42,0.43,0.57,0.58,0.01,0.01,74245.59,1776224740000
1776224741.927,41.927,0.42,0.43,0.57,0.58,0.01,0.01,74245.59,1776224740000
1776224742.26,42.26,0.41,0.42,0.58,0.59,0.01,0.01,74245.58,1776224741000
1776224742.8,42.8,0.41,0.42,0.58,0.59,0.01,0.01,74245.58,1776224741000
1776224743.183,43.183,0.41,0.42,0.58,0.59,0.01,0.01,74245.58,1776224741000
1776224743.581,43.581,0.41,0.42,0.58,0.59,0.01,0.01,74245.58,1776224742000
1776224743.988,43.988,0.41,0.42,0.58,0.59,0.01,0.01,74245.58,1776224742000
1776224745.61,45.61,0.41,0.42,0.58,0.59,0.01,0.01,74245.61,1776224743000
1776224746.434,46.434,0.41,0.42,0.58,0.59,0.01,0.01,74245.63,1776224745000
1776224746.896,46.896,0.42,0.43,0.57,0.58,0.01,0.01,74245.63,1776224745000
1776224748.693,48.693,0.42,0.43,0.57,0.58,0.01,0.01,74245.63,1776224747000
1776224749.304,49.304,0.42,0.43,0.57,0.58,0.01,0.01,74245.63,1776224747000
1776224749.833,49.833,0.42,0.43,0.57,0.58,0.01,0.01,74245.51,1776224748000
1776224750.37,50.37,0.42,0.43,0.57,0.58,0.01,0.01,74245.51,1776224748000
1776224750.84,50.84,0.42,0.43,0.57,0.58,0.01,0.01,74245.51,1776224749000
1776224751.199,51.199,0.42,0.43,0.57,0.58,0.01,0.01,74245.56,1776224750000
1776224751.611,51.611,0.4,0.43,0.57,0.58,0.03,0.01,74245.56,1776224750000
1776224752.355,52.355,0.42,0.43,0.57,0.58,0.01,0.01,74245.58,1776224751000
1776224752.853,52.853,0.42,0.43,0.57,0.58,0.01,0.01,74245.56,1776224752000
1776224753.659,53.659,0.42,0.43,0.57,0.58,0.01,0.01,74245.56,1776224752000
1776224754.079,54.079,0.42,0.43,0.57,0.58,0.01,0.01,74245.57,1776224753000
1776224754.634,54.634,0.42,0.43,0.57,0.58,0.01,0.01,74245.57,1776224753000
1776224755.189,55.189,0.42,0.43,0.57,0.58,0.01,0.01,74245.57,1776224754000
1776224755.59,55.59,0.42,0.43,0.57,0.58,0.01,0.01,74245.57,1776224754000
1776224755.934,55.934,0.42,0.43,0.57,0.58,0.01,0.01,74245.57,1776224754000
1776224756.302,56.302,0.42,0.43,0.57,0.58,0.01,0.01,74245.56,1776224755000
1776224757.129,57.129,0.42,0.43,0.57,0.58,0.01,0.01,74245.56,1776224755000
1776224757.534,57.534,0.42,0.43,0.57,0.58,0.01,0.01,74245.56,1776224756000
1776224757.88,57.88,0.41,0.43,0.57,0.58,0.02,0.01,74245.56,1776224756000
1776224758.753,58.753,0.41,0.43,0.57,0.59,0.02,0.02,74245.61,1776224757000
1776224759.265,59.265,0.41,0.42,0.58,0.59,0.01,0.01,74245.49,1776224758000
1776224759.754,59.754,0.4,0.42,0.58,0.59,0.02,0.01,74245.49,1776224758000
1776224760.18,60.18,0.4,0.41,0.59,0.6,0.01,0.01,74245.49,1776224758000
1776224760.587,60.587,0.38,0.39,0.6,0.62,0.01,0.02,74245.49,1776224759000
1776224760.949,60.949,0.37,0.38,0.62,0.63,0.01,0.01,74245.49,1776224760000
1776224761.297,61.297,0.37,0.38,0.62,0.63,0.01,0.01,74245.49,1776224760000
1776224761.811,61.811,0.37,0.38,0.62,0.63,0.01,0.01,74245.49,1776224760000
1776224762.171,62.171,0.37,0.38,0.62,0.63,0.01,0.01,74245.38,1776224761000
1776224762.541,62.541,0.37,0.38,0.62,0.63,0.01,0.01,74245.38,1776224761000
1776224762.884,62.884,0.37,0.38,0.62,0.63,0.01,0.01,74245.38,1776224761000
1776224763.277,63.277,0.37,0.38,0.62,0.63,0.01,0.01,74244.46,1776224762000
1776224763.819,63.819,0.37,0.38,0.62,0.63,0.01,0.01,74244.46,1776224762000
1776224764.44,64.44,0.37,0.38,0.62,0.63,0.01,0.01,74244.46,1776224762000
1776224765.184,65.184,0.37,0.38,0.62,0.63,0.01,0.01,74244.34,1776224764000
1776224766.184,66.184,0.36,0.38,0.62,0.63,0.02,0.01,74244.34,1776224764000
1776224767.023,67.023,0.36,0.37,0.63,0.64,0.01,0.01,74244.29,1776224765000
1776224767.421,67.421,0.36,0.37,0.63,0.64,0.01,0.01,74244.31,1776224766000
1776224767.911,67.911,0.36,0.37,0.63,0.64,0.01,0.01,74244.31,1776224766000
1776224768.323,68.323,0.36,0.37,0.63,0.64,0.01,0.01,74244.3,1776224767000
1776224768.723,68.723,0.36,0.37,0.63,0.64,0.01,0.01,74244.3,1776224767000
1776224769.155,69.155,0.36,0.37,0.63,0.64,0.01,0.01,74244.3,1776224768000
1776224769.787,69.787,0.36,0.37,0.63,0.64,0.01,0.01,74244.3,1776224768000
1776224770.387,70.387,0.36,0.37,0.63,0.64,0.01,0.01,74244.29,1776224769000
1776224770.787,70.787,0.36,0.38,0.63,0.64,0.02,0.01,74244.29,1776224769000
1776224771.167,71.167,0.43,0.44,0.55,0.57,0.01,0.02,74244.37,1776224770000
1776224771.506,71.506,0.44,0.45,0.55,0.56,0.01,0.01,74244.37,1776224770000
1776224771.859,71.859,0.43,0.44,0.55,0.56,0.01,0.01,74244.37,1776224770000
1776224772.195,72.195,0.42,0.43,0.57,0.58,0.01,0.01,74244.44,1776224771000
1776224772.613,72.613,0.41,0.42,0.58,0.59,0.01,0.01,74244.44,1776224771000
1776224772.997,72.997,0.39,0.41,0.59,0.6,0.02,0.01,74244.44,1776224771000
1776224773.349,73.349,0.39,0.4,0.6,0.61,0.01,0.01,74248.37,1776224772000
1776224773.696,73.696,0.38,0.4,0.6,0.61,0.02,0.01,74248.37,1776224772000
1776224774.102,74.102,0.38,0.39,0.61,0.62,0.01,0.01,74248.37,1776224772000
1776224774.453,74.453,0.37,0.38,0.62,0.63,0.01,0.01,74246.34,1776224773000
1776224774.811,74.811,0.37,0.38,0.62,0.63,0.01,0.01,74246.34,1776224773000
1776224775.346,75.346,0.37,0.38,0.62,0.63,0.01,0.01,74246.34,1776224773000
1776224775.754,75.754,0.37,0.38,0.62,0.63,0.01,0.01,74245.1,1776224774000
1776224776.324,76.324,0.37,0.38,0.62,0.63,0.01,0.01,74245.09,1776224775000
1776224776.777,76.777,0.37,0.38,0.62,0.63,0.01,0.01,74245.09,1776224775000
1776224777.272,77.272,0.37,0.38,0.62,0.63,0.01,0.01,74245.1,1776224776000
1776224778.149,78.149,0.37,0.39,0.62,0.63,0.02,0.01,74245.1,1776224776000
1776224779.041,79.041,0.37,0.39,0.61,0.63,0.02,0.02,74245.12,1776224778000
1776224779.59,79.59,0.45,0.46,0.57,0.62,0.01,0.05,74245.12,1776224778000
1776224779.999,79.999,0.47,0.48,0.53,0.55,0.01,0.02,74245.12,1776224778000
1776224780.333,80.333,0.47,0.48,0.52,0.53,0.01,0.01,74245.1,1776224779000
1776224780.699,80.699,0.49,0.51,0.49,0.51,0.02,0.02,74245.1,1776224779000
1776224781.127,81.127,0.49,0.52,0.5,0.51,0.03,0.01,74245.1,1776224779000
1776224781.475,81.475,0.5,0.53,0.47,0.5,0.03,0.03,74251.65,1776224780000
1776224781.97,81.97,0.52,0.54,0.45,0.5,0.02,0.05,74251.65,1776224780000
1776224782.345,82.345,0.52,0.53,0.47,0.48,0.01,0.01,74256.03,1776224781000
1776224782.702,82.702,0.52,0.53,0.47,0.48,0.01,0.01,74256.03,1776224781000
1776224783.194,83.194,0.53,0.54,0.46,0.47,0.01,0.01,74256.03,1776224781000
1776224783.578,83.578,0.54,0.55,0.45,0.47,0.01,0.02,74256.09,1776224782000
1776224784.006,84.006,0.54,0.55,0.45,0.46,0.01,0.01,74256.09,1776224782000
1776224784.388,84.388,0.54,0.55,0.45,0.46,0.01,0.01,74256.09,1776224782000
1776224784.722,84.722,0.54,0.55,0.45,0.46,0.01,0.01,74256.09,1776224783000
1776224785.342,85.342,0.54,0.55,0.45,0.46,0.01,0.01,74256.12,1776224784000
1776224785.686,85.686,0.54,0.55,0.45,0.46,0.01,0.01,74256.12,1776224784000
1776224786.104,86.104,0.54,0.55,0.45,0.46,0.01,0.01,74256.12,1776224784000
1776224786.463,86.463,0.54,0.55,0.45,0.46,0.01,0.01,74256.67,1776224785000
1776224786.798,86.798,0.55,0.56,0.44,0.46,0.01,0.02,74256.67,1776224785000
1776224787.135,87.135,0.55,0.56,0.44,0.45,0.01,0.01,74256.8,1776224786000
1776224787.641,87.641,0.55,0.56,0.44,0.45,0.01,0.01,74256.8,1776224786000
1776224788.219,88.219,0.55,0.56,0.44,0.45,0.01,0.01,74256.79,1776224787000
1776224788.778,88.778,0.55,0.56,0.44,0.45,0.01,0.01,74256.79,1776224787000
1776224789.213,89.213,0.55,0.56,0.44,0.45,0.01,0.01,74256.79,1776224787000
1776224789.87,89.87,0.55,0.56,0.44,0.45,0.01,0.01,74256.82,1776224788000
1776224790.244,90.244,0.55,0.56,0.44,0.45,0.01,0.01,74256.82,1776224788000
1776224790.85,90.85,0.55,0.56,0.44,0.45,0.01,0.01,74256.85,1776224790000
1776224791.186,91.186,0.55,0.6,0.4,0.45,0.05,0.05,74256.85,1776224790000
1776224791.636,91.636,0.6,0.61,0.39,0.4,0.01,0.01,74256.85,1776224790000
1776224791.993,91.993,0.6,0.61,0.39,0.4,0.01,0.01,74256.85,1776224790000
1776224792.335,92.335,0.6,0.61,0.39,0.4,0.01,0.01,74256.85,1776224790000
1776224792.8,92.8,0.6,0.61,0.39,0.4,0.01,0.01,74259.99,1776224791000
1776224793.188,93.188,0.6,0.61,0.39,0.4,0.01,0.01,74260.9,1776224792000
1776224793.526,93.526,0.6,0.61,0.39,0.4,0.01,0.01,74260.9,1776224792000
1776224793.907,93.907,0.6,0.61,0.39,0.4,0.01,0.01,74260.9,1776224792000
1776224794.264,94.264,0.6,0.61,0.39,0.4,0.01,0.01,74263.93,1776224793000
1776224794.61,94.61,0.6,0.61,0.39,0.4,0.01,0.01,74263.93,1776224793000
1776224795.201,95.201,0.6,0.61,0.39,0.4,0.01,0.01,74263.93,1776224794000
1776224795.536,95.536,0.6,0.61,0.39,0.4,0.01,0.01,74263.93,1776224794000
1776224795.909,95.909,0.61,0.62,0.38,0.4,0.01,0.02,74263.93,1776224794000
1776224796.321,96.321,0.61,0.62,0.38,0.39,0.01,0.01,74263.99,1776224795000
1776224796.728,96.728,0.61,0.62,0.38,0.39,0.01,0.01,74263.99,1776224795000
1776224797.116,97.116,0.61,0.62,0.38,0.39,0.01,0.01,74263.98,1776224796000
1776224797.847,97.847,0.62,0.63,0.38,0.39,0.01,0.01,74263.98,1776224796000
1776224798.2,98.2,0.64,0.65,0.35,0.36,0.01,0.01,74264.75,1776224797000
1776224798.593,98.593,0.65,0.67,0.34,0.35,0.02,0.01,74264.75,1776224797000
1776224798.964,98.964,0.65,0.66,0.34,0.35,0.01,0.01,74264.82,1776224798000
1776224799.35,99.35,0.66,0.67,0.33,0.34,0.01,0.01,74264.82,1776224798000
1776224799.928,99.928,0.66,0.68,0.32,0.34,0.02,0.02,74269.24,1776224799000
1776224800.272,100.272,0.67,0.68,0.32,0.33,0.01,0.01,74269.24,1776224799000
1776224800.634,100.634,0.67,0.68,0.32,0.33,0.01,0.01,74269.24,1776224799000
1776224800.968,100.968,0.67,0.68,0.32,0.33,0.01,0.01,74269.64,1776224800000
1776224801.57,101.57,0.67,0.68,0.32,0.33,0.01,0.01,74269.64,1776224800000
1776224801.914,101.914,0.67,0.68,0.32,0.33,0.01,0.01,74269.79,1776224801000
1776224802.339,102.339,0.67,0.68,0.32,0.33,0.01,0.01,74269.79,1776224801000
1776224802.86,102.86,0.67,0.68,0.32,0.33,0.01,0.01,74269.79,1776224801000
1776224803.302,103.302,0.67,0.68,0.32,0.33,0.01,0.01,74270.0,1776224802000
1776224804.15,104.15,0.67,0.68,0.32,0.33,0.01,0.01,74270.0,1776224802000
1776224804.56,104.56,0.67,0.68,0.32,0.33,0.01,0.01,74270.05,1776224803000
1776224805.259,105.259,0.67,0.68,0.32,0.33,0.01,0.01,74270.05,1776224803000
1776224805.932,105.932,0.66,0.68,0.32,0.33,0.02,0.01,74270.05,1776224804000
1776224806.337,106.337,0.66,0.67,0.33,0.34,0.01,0.01,74270.0,1776224805000
1776224806.846,106.846,0.66,0.67,0.33,0.34,0.01,0.01,74270.0,1776224806000
1776224807.578,107.578,0.66,0.67,0.33,0.34,0.01,0.01,74270.0,1776224806000
1776224808.185,108.185,0.66,0.67,0.33,0.34,0.01,0.01,74270.02,1776224807000
1776224808.531,108.531,0.66,0.67,0.33,0.34,0.01,0.01,74270.02,1776224807000
1776224808.897,108.897,0.66,0.67,0.33,0.34,0.01,0.01,74270.02,1776224807000
1776224809.646,109.646,0.66,0.67,0.33,0.34,0.01,0.01,74269.95,1776224808000
1776224810.058,110.058,0.66,0.67,0.33,0.34,0.01,0.01,74269.95,1776224809000
1776224810.452,110.452,0.66,0.67,0.33,0.34,0.01,0.01,74269.95,1776224809000
1776224810.974,110.974,0.65,0.67,0.33,0.34,0.02,0.01,74269.95,1776224809000
1776224811.549,111.549,0.65,0.66,0.34,0.35,0.01,0.01,74269.97,1776224810000
1776224812.159,112.159,0.65,0.66,0.34,0.35,0.01,0.01,74269.94,1776224811000
1776224813.097,113.097,0.65,0.66,0.34,0.35,0.01,0.01,74269.94,1776224812000
1776224813.593,113.593,0.65,0.66,0.34,0.35,0.01,0.01,74269.94,1776224812000
1776224814.056,114.056,0.65,0.66,0.34,0.35,0.01,0.01,74269.94,1776224812000
1776224814.428,114.428,0.64,0.66,0.34,0.35,0.02,0.01,74269.98,1776224813000
1776224814.811,114.811,0.64,0.65,0.35,0.36,0.01,0.01,74269.98,1776224813000
1776224815.19,115.19,0.64,0.65,0.35,0.36,0.01,0.01,74269.69,1776224814000
1776224815.631,115.631,0.64,0.65,0.35,0.36,0.01,0.01,74269.69,1776224814000
1776224815.969,115.969,0.64,0.65,0.35,0.36,0.01,0.01,74269.69,1776224814000
1776224816.32,116.32,0.65,0.66,0.34,0.36,0.01,0.02,74269.69,1776224815000
1776224816.925,116.925,0.65,0.66,0.34,0.35,0.01,0.01,74269.69,1776224815000
1776224817.282,117.282,0.65,0.66,0.34,0.35,0.01,0.01,74269.69,1776224816000
1776224817.727,117.727,0.65,0.66,0.34,0.35,0.01,0.01,74269.69,1776224816000
1776224818.273,118.273,0.65,0.66,0.34,0.35,0.01,0.01,74269.69,1776224816000
1776224818.83,118.83,0.65,0.66,0.34,0.35,0.01,0.01,74269.75,1776224817000
1776224819.35,119.35,0.65,0.66,0.34,0.35,0.01,0.01,74269.72,1776224818000
1776224820.309,120.309,0.65,0.66,0.34,0.35,0.01,0.01,74269.65,1776224819000
1776224820.784,120.784,0.65,0.66,0.34,0.35,0.01,0.01,74269.65,1776224819000
1776224821.188,121.188,0.65,0.66,0.34,0.35,0.01,0.01,74269.65,1776224820000
1776224821.591,121.591,0.65,0.66,0.34,0.35,0.01,0.01,74269.65,1776224820000
1776224822.038,122.038,0.65,0.66,0.34,0.35,0.01,0.01,74269.65,1776224821000
1776224822.445,122.445,0.65,0.66,0.34,0.35,0.01,0.01,74269.65,1776224821000
1776224822.843,122.843,0.65,0.66,0.34,0.35,0.01,0.01,74269.65,1776224821000
1776224823.333,123.333,0.65,0.66,0.34,0.35,0.01,0.01,74269.66,1776224822000
1776224823.85,123.85,0.65,0.66,0.34,0.35,0.01,0.01,74269.66,1776224822000
1776224824.318,124.318,0.65,0.66,0.34,0.35,0.01,0.01,74269.66,1776224822000
1776224825.103,125.103,0.65,0.66,0.34,0.35,0.01,0.01,74270.39,1776224824000
1776224825.731,125.731,0.65,0.66,0.34,0.35,0.01,0.01,74270.39,1776224824000
1776224826.084,126.084,0.65,0.66,0.34,0.35,0.01,0.01,74270.39,1776224824000
1776224826.681,126.681,0.63,0.66,0.34,0.35,0.03,0.01,74270.39,1776224825000
1776224827.37,127.37,0.65,0.66,0.34,0.37,0.01,0.03,74270.39,1776224825000
1776224827.734,127.734,0.65,0.66,0.34,0.35,0.01,0.01,74270.38,1776224826000
1776224828.186,128.186,0.65,0.66,0.34,0.35,0.01,0.01,74270.43,1776224827000
1776224828.726,128.726,0.65,0.66,0.34,0.35,0.01,0.01,74270.43,1776224827000
1776224829.236,129.236,0.65,0.66,0.34,0.35,0.01,0.01,74270.39,1776224828000
1776224829.72,129.72,0.65,0.66,0.34,0.35,0.01,0.01,74270.39,1776224828000
1776224830.416,130.416,0.65,0.66,0.34,0.35,0.01,0.01,74270.39,1776224829000
1776224830.912,130.912,0.65,0.66,0.34,0.35,0.01,0.01,74270.39,1776224830000
1776224831.274,131.274,0.65,0.66,0.34,0.35,0.01,0.01,74270.39,1776224830000
1776224832.053,132.053,0.65,0.66,0.34,0.35,0.01,0.01,74270.39,1776224831000
1776224832.797,132.797,0.65,0.66,0.34,0.35,0.01,0.01,74270.39,1776224831000
1776224833.38,133.38,0.65,0.66,0.34,0.35,0.01,0.01,74270.39,1776224831000
1776224833.76,133.76,0.65,0.66,0.34,0.35,0.01,0.01,74270.41,1776224832000
1776224834.255,134.255,0.65,0.66,0.34,0.35,0.01,0.01,74270.55,1776224833000
1776224835.021,135.021,0.65,0.66,0.34,0.35,0.01,0.01,74270.7,1776224834000
1776224835.534,135.534,0.65,0.66,0.34,0.35,0.01,0.01,74270.7,1776224834000
1776224835.997,135.997,0.65,0.66,0.34,0.35,0.01,0.01,74270.92,1776224835000
1776224836.621,136.621,0.65,0.66,0.34,0.35,0.01,0.01,74270.92,1776224835000
1776224837.044,137.044,0.65,0.66,0.34,0.35,0.01,0.01,74270.35,1776224836000
1776224837.391,137.391,0.67,0.68,0.31,0.33,0.01,0.02,74270.35,1776224836000
1776224837.855,137.855,0.69,0.7,0.3,0.31,0.01,0.01,74270.35,1776224836000
1776224838.278,138.278,0.69,0.7,0.3,0.31,0.01,0.01,74271.12,1776224837000
1776224838.703,138.703,0.7,0.71,0.28,0.3,0.01,0.02,74271.12,1776224837000
1776224839.086,139.086,0.72,0.73,0.27,0.29,0.01,0.02,74271.2,1776224838000
1776224839.467,139.467,0.72,0.73,0.27,0.28,0.01,0.01,74271.2,1776224838000
1776224839.856,139.856,0.72,0.73,0.27,0.28,0.01,0.01,74271.2,1776224838000
1776224840.643,140.643,0.73,0.74,0.26,0.27,0.01,0.01,74274.09,1776224839000
1776224841.004,141.004,0.74,0.75,0.25,0.27,0.01,0.02,74276.34,1776224840000
1776224841.494,141.494,0.74,0.75,0.25,0.26,0.01,0.01,74276.34,1776224840000
1776224841.901,141.901,0.74,0.75,0.25,0.26,0.01,0.01,74276.77,1776224841000
1776224842.24,142.24,0.74,0.75,0.25,0.26,0.01,0.01,74276.77,1776224841000
1776224842.724,142.724,0.77,0.78,0.22,0.23,0.01,0.01,74276.77,1776224841000
1776224843.857,143.857,0.77,0.78,0.22,0.23,0.01,0.01,74279.49,1776224843000
1776224844.294,144.294,0.78,0.81,0.19,0.22,0.03,0.03,74279.49,1776224843000
1776224844.756,144.756,0.8,0.81,0.19,0.22,0.01,0.03,74279.49,1776224843000
1776224845.14,145.14,0.8,0.81,0.19,0.2,0.01,0.01,74284.55,1776224844000
1776224845.507,145.507,0.8,0.82,0.18,0.2,0.02,0.02,74284.55,1776224844000
1776224845.934,145.934,0.8,0.81,0.18,0.2,0.01,0.02,74284.55,1776224844000
1776224846.359,146.359,0.8,0.82,0.19,0.2,0.02,0.01,74284.55,1776224844000
1776224846.743,146.743,0.82,0.84,0.17,0.18,0.02,0.01,74284.55,1776224844000
1776224847.152,147.152,0.82,0.83,0.17,0.18,0.01,0.01,74290.04,1776224845000
1776224847.494,147.494,0.83,0.84,0.16,0.17,0.01,0.01,74294.88,1776224846000
1776224848.174,148.174,0.84,0.85,0.15,0.16,0.01,0.01,74294.88,1776224846000
1776224848.641,148.641,0.86,0.87,0.13,0.15,0.01,0.02,74294.88,1776224847000
1776224849.154,149.154,0.86,0.87,0.13,0.14,0.01,0.01,74294.88,1776224847000
1776224849.505,149.505,0.86,0.87,0.13,0.14,0.01,0.01,74294.88,1776224847000
1776224849.87,149.87,0.86,0.87,0.13,0.14,0.01,0.01,74294.94,1776224848000
1776224850.215,150.215,0.86,0.87,0.13,0.14,0.01,0.01,74294.94,1776224848000
1776224850.907,150.907,0.86,0.87,0.13,0.14,0.01,0.01,74294.99,1776224849000
1776224851.393,151.393,0.87,0.88,0.13,0.14,0.01,0.01,74294.99,1776224849000
1776224851.764,151.764,0.87,0.88,0.12,0.13,0.01,0.01,74295.26,1776224850000
1776224852.223,152.223,0.87,0.88,0.12,0.13,0.01,0.01,74295.32,1776224851000
1776224852.573,152.573,0.87,0.88,0.12,0.13,0.01,0.01,74295.32,1776224851000
1776224853.005,153.005,0.87,0.88,0.12,0.13,0.01,0.01,74295.32,1776224851000
1776224853.349,153.349,0.85,0.86,0.12,0.15,0.01,0.03,74295.32,1776224851000
1776224853.799,153.799,0.85,0.86,0.14,0.15,0.01,0.01,74295.47,1776224852000
1776224854.132,154.132,0.85,0.86,0.14,0.15,0.01,0.01,74295.47,1776224852000
1776224854.663,154.663,0.85,0.86,0.14,0.15,0.01,0.01,74295.56,1776224853000
1776224855.071,155.071,0.85,0.86,0.14,0.15,0.01,0.01,74295.56,1776224854000
1776224855.657,155.657,0.85,0.86,0.14,0.15,0.01,0.01,74295.56,1776224854000
1776224856.081,156.081,0.85,0.86,0.14,0.15,0.01,0.01,74295.56,1776224854000
1776224856.426,156.426,0.85,0.86,0.14,0.15,0.01,0.01,74294.36,1776224855000
1776224856.921,156.921,0.85,0.86,0.14,0.15,0.01,0.01,74294.36,1776224855000
1776224857.279,157.279,0.85,0.86,0.14,0.15,0.01,0.01,74294.37,1776224856000
1776224857.63,157.63,0.85,0.86,0.14,0.15,0.01,0.01,74294.37,1776224856000
1776224857.993,157.993,0.85,0.86,0.14,0.15,0.01,0.01,74294.37,1776224856000
1776224858.33,158.33,0.85,0.86,0.14,0.15,0.01,0.01,74294.68,1776224857000
1776224858.688,158.688,0.85,0.86,0.14,0.15,0.01,0.01,74294.68,1776224857000
1776224859.094,159.094,0.85,0.86,0.14,0.15,0.01,0.01,74294.68,1776224857000
1776224859.634,159.634,0.85,0.86,0.14,0.15,0.01,0.01,74294.67,1776224858000
1776224860.069,160.069,0.85,0.86,0.14,0.15,0.01,0.01,74294.67,1776224858000
1776224860.403,160.403,0.85,0.86,0.14,0.15,0.01,0.01,74294.67,1776224858000
1776224861.011,161.011,0.85,0.86,0.14,0.15,0.01,0.01,74294.56,1776224860000
1776224861.634,161.634,0.85,0.86,0.14,0.15,0.01,0.01,74294.56,1776224860000
1776224861.996,161.996,0.84,0.85,0.15,0.16,0.01,0.01,74294.56,1776224860000
1776224862.492,162.492,0.84,0.85,0.15,0.16,0.01,0.01,74294.56,1776224860000
1776224862.947,162.947,0.84,0.85,0.15,0.16,0.01,0.01,74293.86,1776224861000
1776224863.281,163.281,0.84,0.85,0.15,0.16,0.01,0.01,74293.86,1776224861000
1776224863.739,163.739,0.84,0.85,0.15,0.16,0.01,0.01,74293.54,1776224862000
1776224864.168,164.168,0.84,0.85,0.15,0.16,0.01,0.01,74293.55,1776224863000
1776224864.593,164.593,0.84,0.85,0.15,0.16,0.01,0.01,74293.55,1776224863000
1776224864.944,164.944,0.84,0.85,0.15,0.16,0.01,0.01,74293.55,1776224863000
1776224865.416,165.416,0.85,0.86,0.15,0.16,0.01,0.01,74293.53,1776224864000
1776224865.757,165.757,0.85,0.86,0.14,0.15,0.01,0.01,74293.53,1776224864000
1776224866.191,166.191,0.85,0.86,0.14,0.15,0.01,0.01,74293.53,1776224864000
1776224866.595,166.595,0.83,0.86,0.14,0.15,0.03,0.01,74293.35,1776224865000
1776224867.276,167.276,0.84,0.85,0.14,0.16,0.01,0.02,74293.35,1776224865000
1776224867.678,167.678,0.84,0.85,0.15,0.16,0.01,0.01,74293.35,1776224866000
1776224868.072,168.072,0.84,0.85,0.15,0.16,0.01,0.01,74293.57,1776224867000
1776224868.45,168.45,0.84,0.85,0.15,0.16,0.01,0.01,74293.57,1776224867000
1776224869.245,169.245,0.84,0.85,0.15,0.16,0.01,0.01,74294.5,1776224868000
1776224869.781,169.781,0.84,0.85,0.15,0.16,0.01,0.01,74294.5,1776224868000
1776224870.133,170.133,0.84,0.85,0.15,0.16,0.01,0.01,74294.5,1776224868000
1776224870.975,170.975,0.84,0.85,0.15,0.16,0.01,0.01,74294.49,1776224870000
1776224871.373,171.373,0.84,0.85,0.14,0.16,0.01,0.02,74294.49,1776224870000
1776224871.819,171.819,0.84,0.85,0.15,0.16,0.01,0.01,74294.49,1776224870000
1776224872.319,172.319,0.84,0.85,0.15,0.16,0.01,0.01,74295.46,1776224871000
1776224872.703,172.703,0.84,0.85,0.14,0.16,0.01,0.02,74295.46,1776224871000
1776224873.082,173.082,0.84,0.85,0.15,0.16,0.01,0.01,74295.46,1776224872000
1776224873.44,173.44,0.85,0.86,0.15,0.16,0.01,0.01,74295.46,1776224872000
1776224874.004,174.004,0.85,0.86,0.14,0.15,0.01,0.01,74295.46,1776224872000
1776224874.337,174.337,0.85,0.86,0.14,0.15,0.01,0.01,74294.5,1776224873000
1776224874.839,174.839,0.85,0.86,0.14,0.15,0.01,0.01,74294.5,1776224873000
1776224875.265,175.265,0.85,0.86,0.14,0.15,0.01,0.01,74294.5,1776224873000
1776224875.936,175.936,0.85,0.86,0.14,0.15,0.01,0.01,74294.96,1776224875000
1776224877.067,177.067,0.85,0.86,0.14,0.15,0.01,0.01,74294.96,1776224876000
1776224877.78,177.78,0.85,0.86,0.14,0.15,0.01,0.01,74294.96,1776224876000
1776224878.222,178.222,0.85,0.86,0.14,0.15,0.01,0.01,74294.96,1776224876000
1776224879.052,179.052,0.85,0.86,0.14,0.15,0.01,0.01,74294.96,1776224876000
1776224879.395,179.395,0.8,0.82,0.18,0.2,0.02,0.02,74294.43,1776224877000
1776224879.757,179.757,0.81,0.82,0.18,0.19,0.01,0.01,74294.43,1776224877000
1776224880.104,180.104,0.78,0.81,0.2,0.21,0.03,0.01,74294.18,1776224878000
1776224880.471,180.471,0.79,0.8,0.2,0.21,0.01,0.01,74294.18,1776224878000
1776224880.865,180.865,0.8,0.81,0.19,0.2,0.01,0.01,74294.18,1776224878000
1776224881.29,181.29,0.8,0.81,0.19,0.2,0.01,0.01,74287.41,1776224879000
1776224881.639,181.639,0.8,0.81,0.19,0.2,0.01,0.01,74287.41,1776224879000
1776224882.004,182.004,0.79,0.81,0.19,0.2,0.02,0.01,74287.41,1776224879000
1776224882.733,182.733,0.79,0.8,0.2,0.21,0.01,0.01,74284.28,1776224880000
1776224883.132,183.132,0.79,0.8,0.2,0.21,0.01,0.01,74284.27,1776224881000
1776224883.475,183.475,0.79,0.8,0.2,0.21,0.01,0.01,74284.27,1776224881000
1776224883.921,183.921,0.79,0.8,0.2,0.21,0.01,0.01,74284.27,1776224882000
1776224884.436,184.436,0.79,0.8,0.2,0.21,0.01,0.01,74284.27,1776224882000
1776224885.064,185.064,0.79,0.8,0.2,0.21,0.01,0.01,74284.27,1776224882000
1776224885.686,185.686,0.79,0.81,0.2,0.21,0.02,0.01,74284.27,1776224883000
1776224886.179,186.179,0.79,0.8,0.2,0.21,0.01,0.01,74284.27,1776224884000
1776224886.828,186.828,0.79,0.8,0.2,0.21,0.01,0.01,74284.27,1776224885000
1776224887.37,187.37,0.79,0.8,0.2,0.21,0.01,0.01,74284.27,1776224886000
1776224888.016,188.016,0.8,0.81,0.2,0.21,0.01,0.01,74284.27,1776224886000
1776224888.372,188.372,0.8,0.81,0.19,0.2,0.01,0.01,74284.28,1776224887000
1776224888.713,188.713,0.8,0.81,0.19,0.2,0.01,0.01,74284.28,1776224887000
1776224889.234,189.234,0.8,0.81,0.19,0.2,0.01,0.01,74284.28,1776224887000
1776224889.668,189.668,0.8,0.81,0.19,0.2,0.01,0.01,74284.27,1776224888000
1776224890.029,190.029,0.8,0.81,0.19,0.2,0.01,0.01,74284.26,1776224889000
1776224890.425,190.425,0.8,0.81,0.19,0.2,0.01,0.01,74284.26,1776224889000
1776224890.945,190.945,0.8,0.81,0.19,0.2,0.01,0.01,74284.26,1776224889000
1776224891.304,191.304,0.81,0.82,0.18,0.19,0.01,0.01,74284.29,1776224890000
1776224891.795,191.795,0.81,0.82,0.18,0.19,0.01,0.01,74284.29,1776224890000
1776224892.128,192.128,0.81,0.82,0.18,0.19,0.01,0.01,74284.29,1776224890000
1776224892.636,192.636,0.81,0.82,0.18,0.19,0.01,0.01,74284.29,1776224890000
1776224892.985,192.985,0.81,0.82,0.18,0.19,0.01,0.01,74284.29,1776224891000
1776224893.662,193.662,0.81,0.82,0.18,0.19,0.01,0.01,74284.33,1776224892000
1776224894.04,194.04,0.81,0.82,0.18,0.19,0.01,0.01,74284.32,1776224893000
1776224895.114,195.114,0.82,0.83,0.18,0.19,0.01,0.01,74284.32,1776224893000
1776224895.677,195.677,0.82,0.83,0.17,0.18,0.01,0.01,74284.34,1776224894000
1776224896.077,196.077,0.82,0.83,0.17,0.18,0.01,0.01,74284.34,1776224894000
1776224896.53,196.53,0.82,0.83,0.17,0.18,0.01,0.01,74284.95,1776224895000
1776224896.947,196.947,0.82,0.83,0.17,0.18,0.01,0.01,74284.95,1776224895000
1776224897.317,197.317,0.82,0.83,0.17,0.18,0.01,0.01,74284.94,1776224896000
1776224897.658,197.658,0.82,0.83,0.17,0.18,0.01,0.01,74284.94,1776224896000
1776224898.032,198.032,0.82,0.83,0.17,0.18,0.01,0.01,74284.94,1776224896000
1776224898.703,198.703,0.82,0.83,0.17,0.18,0.01,0.01,74284.94,1776224896000
1776224899.231,199.231,0.82,0.83,0.17,0.18,0.01,0.01,74284.91,1776224898000
1776224899.647,199.647,0.82,0.83,0.17,0.18,0.01,0.01,74284.91,1776224898000
1776224899.982,199.982,0.83,0.84,0.16,0.18,0.01,0.02,74284.91,1776224898000
1776224900.392,200.392,0.83,0.84,0.16,0.17,0.01,0.01,74284.81,1776224899000
1776224900.974,200.974,0.83,0.84,0.16,0.17,0.01,0.01,74284.76,1776224900000
1776224902.136,202.136,0.83,0.84,0.16,0.17,0.01,0.01,74284.76,1776224900000
1776224903.135,203.135,0.83,0.84,0.16,0.17,0.01,0.01,74284.9,1776224901000
1776224903.673,203.673,0.83,0.84,0.16,0.17,0.01,0.01,74284.89,1776224902000
1776224904.127,204.127,0.83,0.84,0.16,0.17,0.01,0.01,74284.89,1776224902000
1776224904.728,204.728,0.83,0.85,0.16,0.17,0.02,0.01,74284.86,1776224903000
1776224906.017,206.017,0.84,0.85,0.15,0.16,0.01,0.01,74284.85,1776224905000
1776224907.148,207.148,0.84,0.85,0.15,0.16,0.01,0.01,74284.85,1776224905000
1776224908.198,208.198,0.84,0.85,0.15,0.16,0.01,0.01,74284.84,1776224907000
1776224908.568,208.568,0.84,0.85,0.15,0.16,0.01,0.01,74284.84,1776224907000
1776224909.278,209.278,0.84,0.85,0.15,0.16,0.01,0.01,74284.84,1776224908000
1776224910.37,210.37,0.84,0.85,0.15,0.16,0.01,0.01,74284.82,1776224909000
1776224910.807,210.807,0.84,0.85,0.15,0.16,0.01,0.01,74284.82,1776224909000
1776224911.205,211.205,0.84,0.85,0.15,0.16,0.01,0.01,74284.82,1776224910000
1776224911.972,211.972,0.84,0.85,0.15,0.16,0.01,0.01,74284.83,1776224911000
1776224912.595,212.595,0.84,0.85,0.15,0.16,0.01,0.01,74284.83,1776224911000
1776224913.44,213.44,0.84,0.85,0.15,0.16,0.01,0.01,74284.83,1776224911000
1776224914.126,214.126,0.84,0.85,0.15,0.16,0.01,0.01,74284.83,1776224913000
1776224914.592,214.592,0.85,0.86,0.15,0.16,0.01,0.01,74284.83,1776224913000
1776224914.986,214.986,0.85,0.86,0.14,0.15,0.01,0.01,74284.83,1776224913000
1776224915.329,215.329,0.86,0.87,0.14,0.15,0.01,0.01,74284.86,1776224914000
1776224915.752,215.752,0.86,0.87,0.13,0.14,0.01,0.01,74284.86,1776224914000
1776224916.209,216.209,0.86,0.87,0.13,0.14,0.01,0.01,74284.86,1776224915000
1776224916.602,216.602,0.86,0.87,0.13,0.14,0.01,0.01,74284.86,1776224915000
1776224917.197,217.197,0.84,0.87,0.13,0.16,0.03,0.03,74285.01,1776224916000
1776224917.611,217.611,0.86,0.87,0.13,0.14,0.01,0.01,74285.01,1776224916000
1776224917.958,217.958,0.86,0.87,0.13,0.14,0.01,0.01,74285.01,1776224916000
1776224918.311,218.311,0.86,0.87,0.13,0.14,0.01,0.01,74285.02,1776224917000
1776224918.68,218.68,0.86,0.87,0.13,0.14,0.01,0.01,74285.02,1776224917000
1776224919.059,219.059,0.86,0.87,0.13,0.14,0.01,0.01,74285.02,1776224917000
1776224919.393,219.393,0.86,0.87,0.13,0.14,0.01,0.01,74284.98,1776224918000
1776224920.145,220.145,0.86,0.87,0.13,0.14,0.01,0.01,74284.98,1776224918000
1776224920.76,220.76,0.86,0.87,0.13,0.14,0.01,0.01,74284.98,1776224919000
1776224921.12,221.12,0.86,0.87,0.13,0.14,0.01,0.01,74284.98,1776224920000
1776224921.46,221.46,0.86,0.87,0.13,0.14,0.01,0.01,74284.98,1776224920000
1776224921.943,221.943,0.86,0.87,0.13,0.14,0.01,0.01,74284.95,1776224921000
1776224922.568,222.568,0.86,0.87,0.13,0.14,0.01,0.01,74284.95,1776224921000
1776224922.989,222.989,0.86,0.87,0.13,0.14,0.01,0.01,74285.83,1776224922000
1776224923.513,223.513,0.86,0.87,0.13,0.14,0.01,0.01,74285.83,1776224922000
1776224923.978,223.978,0.86,0.87,0.13,0.14,0.01,0.01,74286.03,1776224923000
1776224924.509,224.509,0.86,0.87,0.13,0.14,0.01,0.01,74286.03,1776224923000
1776224925.017,225.017,0.86,0.87,0.13,0.14,0.01,0.01,74285.93,1776224924000
1776224925.487,225.487,0.86,0.87,0.13,0.14,0.01,0.01,74285.93,1776224924000
1776224926.002,226.002,0.86,0.87,0.13,0.14,0.01,0.01,74285.93,1776224924000
1776224926.385,226.385,0.86,0.87,0.13,0.14,0.01,0.01,74285.99,1776224925000
1776224926.772,226.772,0.86,0.87,0.13,0.14,0.01,0.01,74285.99,1776224925000
1776224927.158,227.158,0.86,0.87,0.13,0.14,0.01,0.01,74286.0,1776224926000
1776224927.58,227.58,0.86,0.87,0.13,0.14,0.01,0.01,74286.0,1776224926000
1776224928.177,228.177,0.86,0.87,0.13,0.14,0.01,0.01,74286.0,1776224926000
1776224928.524,228.524,0.86,0.87,0.13,0.14,0.01,0.01,74285.96,1776224927000
1776224928.911,228.911,0.86,0.88,0.13,0.14,0.02,0.01,74285.96,1776224927000
1776224929.476,229.476,0.88,0.89,0.12,0.13,0.01,0.01,74285.96,1776224928000
1776224929.814,229.814,0.88,0.89,0.11,0.12,0.01,0.01,74285.96,1776224928000
1776224930.209,230.209,0.9,0.91,0.09,0.1,0.01,0.01,74285.94,1776224929000
1776224930.549,230.549,0.9,0.91,0.09,0.1,0.01,0.01,74285.94,1776224929000
1776224930.989,230.989,0.91,0.92,0.08,0.1,0.01,0.02,74285.94,1776224929000
1776224931.359,231.359,0.91,0.92,0.08,0.09,0.01,0.01,74285.94,1776224929000
1776224931.752,231.752,0.91,0.92,0.08,0.09,0.01,0.01,74286.12,1776224930000
1776224932.086,232.086,0.91,0.92,0.08,0.09,0.01,0.01,74286.12,1776224930000
1776224932.471,232.471,0.91,0.92,0.08,0.09,0.01,0.01,74288.11,1776224931000
1776224932.821,232.821,0.91,0.92,0.08,0.09,0.01,0.01,74288.11,1776224931000
1776224933.187,233.187,0.91,0.92,0.08,0.09,0.01,0.01,74288.11,1776224931000
1776224933.776,233.776,0.91,0.92,0.08,0.09,0.01,0.01,74288.15,1776224932000
1776224934.11,234.11,0.91,0.92,0.08,0.09,0.01,0.01,74288.15,1776224932000
1776224934.793,234.793,0.91,0.92,0.08,0.09,0.01,0.01,74288.14,1776224933000
1776224935.452,235.452,0.91,0.92,0.08,0.09,0.01,0.01,74288.14,1776224933000
1776224935.789,235.789,0.91,0.92,0.08,0.09,0.01,0.01,74288.13,1776224934000
1776224936.245,236.245,0.91,0.92,0.08,0.09,0.01,0.01,74288.13,1776224934000
1776224936.603,236.603,0.91,0.92,0.08,0.09,0.01,0.01,74288.13,1776224935000
1776224936.976,236.976,0.91,0.92,0.08,0.09,0.01,0.01,74288.13,1776224935000
1776224937.369,237.369,0.91,0.92,0.08,0.09,0.01,0.01,74288.16,1776224936000
1776224937.773,237.773,0.91,0.92,0.08,0.09,0.01,0.01,74288.16,1776224936000
1776224938.153,238.153,0.91,0.92,0.08,0.09,0.01,0.01,74288.16,1776224936000
1776224938.564,238.564,0.91,0.92,0.08,0.09,0.01,0.01,74288.38,1776224937000
1776224939.014,239.014,0.91,0.92,0.08,0.09,0.01,0.01,74288.42,1776224938000
1776224939.372,239.372,0.91,0.92,0.08,0.09,0.01,0.01,74288.42,1776224938000
1776224939.862,239.862,0.91,0.92,0.08,0.09,0.01,0.01,74288.42,1776224938000
1776224940.206,240.206,0.91,0.92,0.08,0.09,0.01,0.01,74288.42,1776224938000
1776224940.728,240.728,0.91,0.92,0.08,0.09,0.01,0.01,74288.68,1776224939000
1776224941.07,241.07,0.91,0.92,0.08,0.09,0.01,0.01,74288.68,1776224939000
1776224941.412,241.412,0.91,0.92,0.08,0.09,0.01,0.01,74288.43,1776224940000
1776224941.762,241.762,0.91,0.92,0.08,0.09,0.01,0.01,74288.43,1776224940000
1776224942.18,242.18,0.91,0.92,0.08,0.09,0.01,0.01,74288.34,1776224941000
1776224942.57,242.57,0.91,0.92,0.08,0.09,0.01,0.01,74288.34,1776224941000
1776224943.032,243.032,0.91,0.92,0.08,0.09,0.01,0.01,74288.34,1776224941000
1776224943.365,243.365,0.91,0.92,0.08,0.09,0.01,0.01,74288.34,1776224941000
1776224943.944,243.944,0.92,0.93,0.07,0.08,0.01,0.01,74288.27,1776224942000
1776224944.396,244.396,0.92,0.93,0.07,0.08,0.01,0.01,74288.27,1776224942000
1776224944.729,244.729,0.92,0.93,0.07,0.08,0.01,0.01,74288.27,1776224943000
1776224945.117,245.117,0.92,0.93,0.07,0.08,0.01,0.01,74288.27,1776224944000
1776224945.601,245.601,0.92,0.93,0.07,0.08,0.01,0.01,74288.27,1776224944000
1776224945.939,245.939,0.92,0.93,0.07,0.08,0.01,0.01,74288.27,1776224944000
1776224946.29,246.29,0.92,0.93,0.07,0.08,0.01,0.01,74288.27,1776224944000
1776224946.642,246.642,0.93,0.94,0.06,0.07,0.01,0.01,74288.27,1776224944000
1776224947.044,247.044,0.93,0.94,0.06,0.07,0.01,0.01,74288.27,1776224944000
1776224947.379,247.379,0.93,0.94,0.06,0.07,0.01,0.01,74288.7,1776224946000
1776224947.714,247.714,0.93,0.94,0.06,0.07,0.01,0.01,74288.7,1776224946000
1776224948.137,248.137,0.94,0.95,0.05,0.07,0.01,0.02,74288.7,1776224946000
1776224948.53,248.53,0.94,0.95,0.05,0.06,0.01,0.01,74288.5,1776224947000
1776224948.877,248.877,0.94,0.95,0.05,0.06,0.01,0.01,74288.5,1776224947000
1776224949.321,249.321,0.94,0.95,0.05,0.06,0.01,0.01,74288.5,1776224947000
1776224949.661,249.661,0.94,0.95,0.05,0.06,0.01,0.01,74294.32,1776224948000
1776224950.069,250.069,0.94,0.95,0.05,0.06,0.01,0.01,74294.32,1776224948000
1776224950.459,250.459,0.94,0.95,0.05,0.06,0.01,0.01,74294.32,1776224948000
1776224950.832,250.832,0.94,0.95,0.05,0.06,0.01,0.01,74295.13,1776224949000
1776224951.245,251.245,0.94,0.95,0.05,0.06,0.01,0.01,74295.45,1776224950000
1776224951.594,251.594,0.94,0.95,0.05,0.06,0.01,0.01,74295.45,1776224950000
1776224952.029,252.029,0.94,0.95,0.05,0.06,0.01,0.01,74295.45,1776224950000
1776224952.539,252.539,0.94,0.95,0.05,0.06,0.01,0.01,74295.45,1776224951000
1776224953.001,253.001,0.94,0.95,0.05,0.06,0.01,0.01,74295.45,1776224951000
1776224953.367,253.367,0.94,0.95,0.05,0.06,0.01,0.01,74295.45,1776224952000
1776224953.74,253.74,0.95,0.96,0.04,0.05,0.01,0.01,74295.45,1776224952000
1776224954.079,254.079,0.95,0.96,0.04,0.05,0.01,0.01,74295.45,1776224952000
1776224954.582,254.582,0.95,0.96,0.04,0.05,0.01,0.01,74295.45,1776224952000
1776224955.245,255.245,0.95,0.96,0.04,0.05,0.01,0.01,74295.04,1776224953000
1776224955.657,255.657,0.95,0.96,0.04,0.05,0.01,0.01,74295.04,1776224954000
1776224956.033,256.033,0.95,0.96,0.04,0.05,0.01,0.01,74295.04,1776224954000
1776224956.408,256.408,0.95,0.96,0.04,0.05,0.01,0.01,74295.04,1776224955000
1776224956.846,256.846,0.95,0.96,0.04,0.05,0.01,0.01,74295.04,1776224955000
1776224957.29,257.29,0.95,0.96,0.04,0.05,0.01,0.01,74295.28,1776224956000
1776224957.687,257.687,0.95,0.96,0.04,0.05,0.01,0.01,74295.28,1776224956000
1776224958.083,258.083,0.95,0.96,0.04,0.05,0.01,0.01,74295.28,1776224956000
1776224958.667,258.667,0.95,0.96,0.04,0.05,0.01,0.01,74295.28,1776224956000
1776224959.113,259.113,0.95,0.96,0.04,0.05,0.01,0.01,74295.28,1776224957000
1776224959.566,259.566,0.95,0.96,0.04,0.05,0.01,0.01,74295.04,1776224958000
1776224959.988,259.988,0.95,0.96,0.04,0.05,0.01,0.01,74295.04,1776224958000
1776224960.353,260.353,0.95,0.96,0.04,0.05,0.01,0.01,74295.04,1776224959000
1776224960.7,260.7,0.95,0.96,0.04,0.05,0.01,0.01,74295.04,1776224959000
1776224961.215,261.215,0.95,0.96,0.04,0.05,0.01,0.01,74295.04,1776224959000
1776224961.738,261.738,0.96,0.97,0.03,0.04,0.01,0.01,74295.04,1776224959000
1776224962.32,262.32,0.96,0.97,0.03,0.04,0.01,0.01,74295.04,1776224960000
1776224962.824,262.824,0.96,0.97,0.03,0.04,0.01,0.01,74295.04,1776224960000
1776224963.304,263.304,0.96,0.97,0.03,0.04,0.01,0.01,74295.37,1776224961000
1776224963.64,263.64,0.96,0.97,0.03,0.04,0.01,0.01,74295.37,1776224961000
1776224963.974,263.974,0.96,0.97,0.03,0.04,0.01,0.01,74295.37,1776224962000
1776224964.388,264.388,0.96,0.97,0.03,0.04,0.01,0.01,74295.23,1776224963000
1776224964.801,264.801,0.96,0.97,0.03,0.04,0.01,0.01,74295.23,1776224963000
1776224965.196,265.196,0.96,0.97,0.03,0.04,0.01,0.01,74295.23,1776224964000
1776224965.554,265.554,0.96,0.97,0.03,0.04,0.01,0.01,74295.23,1776224964000
1776224966.065,266.065,0.96,0.97,0.03,0.04,0.01,0.01,74295.23,1776224964000
1776224966.4,266.4,0.96,0.97,0.03,0.04,0.01,0.01,74295.23,1776224964000
1776224966.818,266.818,0.97,0.98,0.02,0.03,0.01,0.01,74295.23,1776224965000
1776224967.199,267.199,0.97,0.98,0.02,0.03,0.01,0.01,74295.23,1776224965000
1776224967.532,267.532,0.97,0.98,0.02,0.03,0.01,0.01,74295.23,1776224966000
1776224968.028,268.028,0.97,0.98,0.02,0.03,0.01,0.01,74295.23,1776224966000
1776224968.571,268.571,0.97,0.98,0.02,0.03,0.01,0.01,74294.9,1776224967000
1776224968.905,268.905,0.97,0.98,0.02,0.03,0.01,0.01,74294.9,1776224967000
1776224969.275,269.275,0.97,0.98,0.02,0.03,0.01,0.01,74294.9,1776224967000
1776224969.638,269.638,0.97,0.98,0.02,0.03,0.01,0.01,74294.9,1776224968000
1776224969.995,269.995,0.97,0.98,0.02,0.03,0.01,0.01,74294.9,1776224968000
1776224970.362,270.362,0.97,0.98,0.02,0.03,0.01,0.01,74294.9,1776224969000
1776224970.737,270.737,0.97,0.98,0.02,0.03,0.01,0.01,74294.9,1776224969000
1776224971.088,271.088,0.97,0.99,0.02,0.03,0.02,0.01,74294.9,1776224969000
1776224971.458,271.458,0.97,0.98,0.02,0.03,0.01,0.01,74294.9,1776224969000
1776224971.841,271.841,0.98,0.99,0.01,0.02,0.01,0.01,74295.07,1776224970000
1776224972.28,272.28,0.98,0.99,0.01,0.02,0.01,0.01,74295.07,1776224970000
1776224972.652,272.652,0.98,0.99,0.01,0.02,0.01,0.01,74295.07,1776224971000
1776224973.124,273.124,0.99,0.99,0.01,0.01,0.0,0.0,74295.07,1776224971000
1776224973.933,273.933,0.99,0.99,0.01,0.01,0.0,0.0,74295.07,1776224972000
1776224974.517,274.517,0.99,0.99,0.01,0.01,0.0,0.0,74295.07,1776224972000
1776224974.85,274.85,0.99,0.99,0.01,0.01,0.0,0.0,74295.07,1776224973000
1776224975.192,275.192,0.99,0.99,0.01,0.01,0.0,0.0,74295.07,1776224973000
1776224975.589,275.589,0.99,0.99,0.01,0.01,0.0,0.0,74295.07,1776224974000
1776224976.698,276.698,0.99,0.99,0.01,0.01,0.0,0.0,74295.07,1776224975000
1776224977.394,277.394,0.99,0.99,0.01,0.01,0.0,0.0,74294.4,1776224976000
1776224978.144,278.144,0.99,0.99,0.01,0.01,0.0,0.0,74293.29,1776224977000
1776224979.31,279.31,0.99,0.99,0.01,0.01,0.0,0.0,74293.29,1776224977000
1776224979.693,279.693,0.99,0.99,0.01,0.01,0.0,0.0,74293.29,1776224978000
1776224980.112,280.112,0.99,0.99,0.01,0.01,0.0,0.0,74293.29,1776224978000
1776224980.861,280.861,0.99,0.99,0.01,0.01,0.0,0.0,74293.15,1776224979000
1776224981.31,281.31,0.99,0.99,0.01,0.01,0.0,0.0,74293.15,1776224979000
1776224981.682,281.682,0.99,0.99,0.01,0.01,0.0,0.0,74293.02,1776224980000
1776224982.034,282.034,0.99,0.99,0.01,0.01,0.0,0.0,74292.88,1776224981000
1776224983.126,283.126,0.99,0.99,0.01,0.01,0.0,0.0,74292.71,1776224982000
1776224984.45,284.45,0.99,0.99,0.01,0.01,0.0,0.0,74292.64,1776224983000
1776224985.03,285.03,0.99,0.99,0.01,0.01,0.0,0.0,74292.8,1776224984000
1776224985.509,285.509,0.99,0.99,0.01,0.01,0.0,0.0,74292.8,1776224984000
1776224986.034,286.034,0.99,0.99,0.01,0.01,0.0,0.0,74292.8,1776224984000
1776224986.896,286.896,0.99,0.99,0.01,0.01,0.0,0.0,74294.13,1776224985000
1776224987.282,287.282,0.99,0.99,0.01,0.01,0.0,0.0,74294.13,1776224985000
1776224987.642,287.642,0.99,0.99,0.01,0.01,0.0,0.0,74293.81,1776224986000
1776224988.186,288.186,0.99,0.99,0.01,0.01,0.0,0.0,74293.3,1776224987000
1776224989.463,289.463,0.99,0.99,0.01,0.01,0.0,0.0,74290.75,1776224988000
1776224990.316,290.316,0.99,0.99,0.01,0.01,0.0,0.0,74284.75,1776224989000
1776224991.005,291.005,0.99,0.99,0.01,0.01,0.0,0.0,74284.75,1776224989000
1776224991.803,291.803,0.99,0.99,0.01,0.01,0.0,0.0,74285.49,1776224990000
1776224992.549,292.549,0.99,0.99,0.01,0.01,0.0,0.0,74285.88,1776224991000
1776224993.11,293.11,0.99,0.99,0.01,0.01,0.0,0.0,74285.9,1776224992000
1776224994.424,294.424,0.99,0.99,0.01,0.01,0.0,0.0,74286.41,1776224993000
1776224995.126,295.126,0.99,0.99,0.01,0.01,0.0,0.0,74287.21,1776224994000
1776224996.825,296.825,0.99,0.99,0.01,0.01,0.0,0.0,74287.21,1776224994000
1776224997.695,297.695,0.99,0.99,0.01,0.01,0.0,0.0,74289.98,1776224996000
1776224998.098,298.098,0.99,0.99,0.01,0.01,0.0,0.0,74289.98,1776224996000
1776224999.188,299.188,0.99,0.99,0.01,0.01,0.0,0.0,74289.92,1776224997000
1776224999.665,299.665,0.99,0.99,0.01,0.01,0.0,0.0,74289.62,1776224998000
1776225000.244,300.244,0.99,0.99,0.01,0.01,0.0,0.0,74289.57,1776224999000
1776225000.587,300.587,0.99,0.99,0.01,0.01,0.0,0.0,74289.57,1776224999000

# RESULT,winner=Up,slug=btc-updown-5m-1776224700,ticks=603
