timestamp,elapsed_sec,up_bid,up_ask,down_bid,down_ask,up_spread,down_spread,btc_price,btc_oracle_ts
1775988300.603,0.603,0.5,0.51,0.49,0.5,0.01,0.01,71558.26,1775988299000
1775988300.953,0.953,0.5,0.51,0.49,0.5,0.01,0.01,71558.26,1775988299000
1775988301.343,1.343,0.5,0.51,0.49,0.5,0.01,0.01,71558.27,1775988300000
1775988301.686,1.686,0.5,0.51,0.49,0.5,0.01,0.01,71558.27,1775988300000
1775988302.085,2.085,0.5,0.56,0.44,0.5,0.06,0.06,71558.24,1775988301000
1775988302.507,2.507,0.53,0.54,0.46,0.47,0.01,0.01,71558.24,1775988301000
1775988302.908,2.908,0.53,0.54,0.46,0.47,0.01,0.01,71558.24,1775988301000
1775988303.629,3.629,0.53,0.54,0.46,0.47,0.01,0.01,71558.32,1775988302000
1775988304.061,4.061,0.54,0.55,0.45,0.46,0.01,0.01,71558.36,1775988303000
1775988304.4,4.4,0.54,0.55,0.45,0.46,0.01,0.01,71558.36,1775988303000
1775988304.884,4.884,0.58,0.59,0.4,0.43,0.01,0.03,71558.36,1775988303000
1775988305.248,5.248,0.57,0.58,0.42,0.43,0.01,0.01,71558.36,1775988304000
1775988305.627,5.627,0.57,0.58,0.42,0.43,0.01,0.01,71558.36,1775988304000
1775988306.008,6.008,0.5,0.54,0.46,0.5,0.04,0.04,71558.35,1775988305000
1775988306.356,6.356,0.53,0.54,0.46,0.47,0.01,0.01,71558.35,1775988305000
1775988306.958,6.958,0.53,0.54,0.46,0.47,0.01,0.01,71558.34,1775988306000
1775988307.297,7.297,0.53,0.54,0.46,0.47,0.01,0.01,71558.34,1775988306000
1775988307.859,7.859,0.53,0.54,0.46,0.47,0.01,0.01,71558.34,1775988306000
1775988308.314,8.314,0.52,0.54,0.46,0.47,0.02,0.01,71558.35,1775988307000
1775988308.822,8.822,0.56,0.57,0.45,0.48,0.01,0.03,71558.35,1775988307000
1775988309.17,9.17,0.67,0.7,0.3,0.4,0.03,0.1,71558.35,1775988307000
1775988309.522,9.522,0.71,0.75,0.22,0.29,0.04,0.07,71558.35,1775988307000
1775988309.864,9.864,0.71,0.72,0.28,0.29,0.01,0.01,71558.38,1775988308000
1775988310.202,10.202,0.71,0.72,0.28,0.29,0.01,0.01,71558.38,1775988309000
1775988310.58,10.58,0.71,0.72,0.28,0.29,0.01,0.01,71558.38,1775988309000
1775988310.929,10.929,0.71,0.72,0.28,0.29,0.01,0.01,71558.38,1775988309000
1775988311.284,11.284,0.7,0.71,0.29,0.3,0.01,0.01,71558.38,1775988309000
1775988311.644,11.644,0.7,0.71,0.29,0.3,0.01,0.01,71577.53,1775988310000
1775988312.009,12.009,0.7,0.71,0.29,0.3,0.01,0.01,71577.53,1775988310000
1775988312.408,12.408,0.7,0.71,0.29,0.3,0.01,0.01,71577.53,1775988310000
1775988312.772,12.772,0.7,0.71,0.29,0.3,0.01,0.01,71582.04,1775988311000
1775988313.124,13.124,0.71,0.72,0.28,0.29,0.01,0.01,71582.04,1775988311000
1775988313.464,13.464,0.71,0.72,0.28,0.29,0.01,0.01,71581.09,1775988312000
1775988313.807,13.807,0.72,0.73,0.27,0.28,0.01,0.01,71581.09,1775988312000
1775988314.188,14.188,0.72,0.73,0.27,0.28,0.01,0.01,71581.09,1775988312000
1775988314.531,14.531,0.73,0.74,0.26,0.27,0.01,0.01,71581.09,1775988313000
1775988314.89,14.89,0.73,0.74,0.26,0.27,0.01,0.01,71581.09,1775988313000
1775988315.283,15.283,0.74,0.75,0.25,0.26,0.01,0.01,71581.46,1775988314000
1775988315.62,15.62,0.76,0.77,0.23,0.24,0.01,0.01,71581.46,1775988314000
1775988315.98,15.98,0.76,0.77,0.23,0.24,0.01,0.01,71581.46,1775988314000
1775988316.314,16.314,0.76,0.77,0.23,0.25,0.01,0.02,71581.46,1775988314000
1775988316.661,16.661,0.76,0.77,0.23,0.24,0.01,0.01,71581.62,1775988315000
1775988317.038,17.038,0.76,0.77,0.23,0.24,0.01,0.01,71581.62,1775988315000
1775988317.385,17.385,0.76,0.77,0.23,0.24,0.01,0.01,71581.62,1775988315000
1775988317.755,17.755,0.76,0.77,0.23,0.24,0.01,0.01,71581.76,1775988316000
1775988318.089,18.089,0.77,0.78,0.21,0.23,0.01,0.02,71581.76,1775988316000
1775988318.46,18.46,0.77,0.78,0.21,0.23,0.01,0.02,71581.76,1775988317000
1775988318.801,18.801,0.77,0.78,0.22,0.23,0.01,0.01,71581.76,1775988317000
1775988319.184,19.184,0.77,0.78,0.22,0.23,0.01,0.01,71581.76,1775988317000
1775988319.518,19.518,0.77,0.78,0.22,0.23,0.01,0.01,71582.48,1775988318000
1775988319.861,19.861,0.77,0.78,0.22,0.23,0.01,0.01,71582.48,1775988318000
1775988320.201,20.201,0.77,0.78,0.22,0.23,0.01,0.01,71582.48,1775988318000
1775988320.596,20.596,0.78,0.79,0.21,0.22,0.01,0.01,71583.53,1775988319000
1775988320.967,20.967,0.77,0.79,0.21,0.22,0.02,0.01,71583.53,1775988319000
1775988321.309,21.309,0.78,0.79,0.21,0.22,0.01,0.01,71583.53,1775988320000
1775988321.718,21.718,0.78,0.79,0.21,0.22,0.01,0.01,71583.53,1775988320000
1775988322.069,22.069,0.79,0.8,0.2,0.21,0.01,0.01,71583.53,1775988320000
1775988322.406,22.406,0.79,0.8,0.2,0.21,0.01,0.01,71583.53,1775988321000
1775988322.778,22.778,0.78,0.79,0.2,0.22,0.01,0.02,71583.53,1775988321000
1775988323.276,23.276,0.78,0.79,0.21,0.24,0.01,0.03,71583.53,1775988321000
1775988323.815,23.815,0.78,0.79,0.21,0.22,0.01,0.01,71583.53,1775988322000
1775988324.221,24.221,0.78,0.79,0.21,0.22,0.01,0.01,71583.53,1775988322000
1775988324.678,24.678,0.78,0.79,0.21,0.22,0.01,0.01,71583.53,1775988322000
1775988325.093,25.093,0.76,0.79,0.21,0.22,0.03,0.01,71583.39,1775988323000
1775988325.532,25.532,0.76,0.77,0.22,0.23,0.01,0.01,71583.39,1775988324000
1775988325.957,25.957,0.76,0.77,0.23,0.24,0.01,0.01,71583.39,1775988324000
1775988326.352,26.352,0.76,0.77,0.23,0.24,0.01,0.01,71584.74,1775988325000
1775988326.785,26.785,0.76,0.77,0.22,0.24,0.01,0.02,71584.74,1775988325000
1775988327.139,27.139,0.76,0.77,0.22,0.23,0.01,0.01,71584.74,1775988325000
1775988327.475,27.475,0.76,0.77,0.22,0.24,0.01,0.02,71584.96,1775988326000
1775988327.816,27.816,0.8,0.81,0.19,0.2,0.01,0.01,71584.96,1775988326000
1775988328.155,28.155,0.82,0.83,0.16,0.19,0.01,0.03,71584.96,1775988326000
1775988328.578,28.578,0.82,0.83,0.17,0.18,0.01,0.01,71584.94,1775988327000
1775988328.937,28.937,0.82,0.84,0.17,0.18,0.02,0.01,71584.94,1775988327000
1775988329.274,29.274,0.82,0.83,0.17,0.18,0.01,0.01,71584.99,1775988328000
1775988329.702,29.702,0.82,0.83,0.17,0.18,0.01,0.01,71584.99,1775988328000
1775988330.097,30.097,0.82,0.83,0.17,0.18,0.01,0.01,71584.99,1775988328000
1775988330.434,30.434,0.82,0.83,0.17,0.18,0.01,0.01,71588.55,1775988329000
1775988330.774,30.774,0.81,0.82,0.18,0.19,0.01,0.01,71588.55,1775988329000
1775988331.127,31.127,0.8,0.82,0.18,0.19,0.02,0.01,71588.55,1775988329000
1775988331.551,31.551,0.8,0.81,0.19,0.2,0.01,0.01,71589.6,1775988330000
1775988331.91,31.91,0.82,0.83,0.17,0.18,0.01,0.01,71589.6,1775988330000
1775988332.304,32.304,0.81,0.82,0.18,0.19,0.01,0.01,71589.63,1775988331000
1775988332.649,32.649,0.82,0.83,0.17,0.18,0.01,0.01,71589.63,1775988331000
1775988333.028,33.028,0.82,0.83,0.17,0.18,0.01,0.01,71589.63,1775988331000
1775988333.472,33.472,0.82,0.83,0.17,0.18,0.01,0.01,71589.64,1775988332000
1775988333.816,33.816,0.82,0.83,0.17,0.18,0.01,0.01,71589.64,1775988332000
1775988334.155,34.155,0.82,0.83,0.17,0.18,0.01,0.01,71589.64,1775988332000
1775988334.558,34.558,0.82,0.83,0.17,0.18,0.01,0.01,71589.6,1775988333000
1775988334.984,34.984,0.83,0.84,0.17,0.18,0.01,0.01,71589.6,1775988333000
1775988335.398,35.398,0.83,0.84,0.16,0.17,0.01,0.01,71589.6,1775988334000
1775988335.794,35.794,0.83,0.84,0.16,0.18,0.01,0.02,71589.6,1775988334000
1775988336.24,36.24,0.82,0.83,0.17,0.18,0.01,0.01,71589.62,1775988335000
1775988336.854,36.854,0.83,0.84,0.17,0.18,0.01,0.01,71589.62,1775988335000
1775988337.191,37.191,0.79,0.82,0.18,0.19,0.03,0.01,71589.62,1775988335000
1775988337.572,37.572,0.81,0.82,0.18,0.19,0.01,0.01,71589.02,1775988336000
1775988338.033,38.033,0.81,0.82,0.18,0.19,0.01,0.01,71589.02,1775988336000
1775988338.46,38.46,0.81,0.82,0.18,0.19,0.01,0.01,71589.02,1775988337000
1775988338.821,38.821,0.81,0.82,0.18,0.19,0.01,0.01,71589.02,1775988337000
1775988339.175,39.175,0.79,0.81,0.19,0.2,0.02,0.01,71589.02,1775988337000
1775988339.58,39.58,0.8,0.81,0.19,0.2,0.01,0.01,71589.62,1775988338000
1775988340.06,40.06,0.79,0.81,0.19,0.2,0.02,0.01,71589.62,1775988338000
1775988340.398,40.398,0.76,0.79,0.21,0.23,0.03,0.02,71589.65,1775988339000
1775988340.819,40.819,0.75,0.76,0.23,0.25,0.01,0.02,71589.65,1775988339000
1775988341.193,41.193,0.75,0.76,0.24,0.25,0.01,0.01,71589.44,1775988340000
1775988341.554,41.554,0.75,0.76,0.24,0.25,0.01,0.01,71589.44,1775988340000
1775988341.9,41.9,0.74,0.75,0.25,0.26,0.01,0.01,71589.44,1775988340000
1775988342.286,42.286,0.74,0.75,0.25,0.26,0.01,0.01,71583.59,1775988341000
1775988342.626,42.626,0.74,0.75,0.25,0.26,0.01,0.01,71583.59,1775988341000
1775988343.01,43.01,0.74,0.75,0.25,0.26,0.01,0.01,71583.59,1775988341000
1775988343.371,43.371,0.74,0.75,0.25,0.26,0.01,0.01,71583.53,1775988342000
1775988343.728,43.728,0.73,0.75,0.25,0.26,0.02,0.01,71583.53,1775988342000
1775988344.23,44.23,0.73,0.75,0.25,0.27,0.02,0.02,71582.81,1775988343000
1775988344.599,44.599,0.73,0.74,0.25,0.27,0.01,0.02,71582.81,1775988343000
1775988344.955,44.955,0.73,0.74,0.26,0.27,0.01,0.01,71582.81,1775988343000
1775988345.298,45.298,0.72,0.73,0.27,0.28,0.01,0.01,71582.51,1775988344000
1775988345.634,45.634,0.72,0.73,0.27,0.28,0.01,0.01,71582.51,1775988344000
1775988345.968,45.968,0.72,0.73,0.27,0.29,0.01,0.02,71582.51,1775988344000
1775988346.493,46.493,0.71,0.72,0.27,0.29,0.01,0.02,71582.51,1775988345000
1775988346.846,46.846,0.71,0.72,0.28,0.29,0.01,0.01,71582.51,1775988345000
1775988347.193,47.193,0.7,0.71,0.28,0.3,0.01,0.02,71581.36,1775988346000
1775988347.529,47.529,0.7,0.72,0.28,0.3,0.02,0.02,71581.36,1775988346000
1775988348.098,48.098,0.7,0.71,0.29,0.3,0.01,0.01,71581.36,1775988346000
1775988348.587,48.587,0.71,0.72,0.28,0.3,0.01,0.02,71581.52,1775988347000
1775988348.923,48.923,0.71,0.72,0.28,0.29,0.01,0.01,71581.52,1775988347000
1775988349.258,49.258,0.71,0.72,0.28,0.29,0.01,0.01,71581.37,1775988348000
1775988349.605,49.605,0.71,0.72,0.28,0.29,0.01,0.01,71581.37,1775988348000
1775988350.075,50.075,0.71,0.72,0.28,0.29,0.01,0.01,71581.37,1775988348000
1775988350.412,50.412,0.71,0.72,0.28,0.29,0.01,0.01,71581.37,1775988348000
1775988350.76,50.76,0.71,0.72,0.28,0.29,0.01,0.01,71581.16,1775988349000
1775988351.122,51.122,0.71,0.72,0.28,0.29,0.01,0.01,71581.16,1775988349000
1775988351.615,51.615,0.71,0.72,0.28,0.29,0.01,0.01,71580.4,1775988350000
1775988351.983,51.983,0.71,0.72,0.28,0.29,0.01,0.01,71580.4,1775988351000
1775988352.558,52.558,0.72,0.73,0.27,0.28,0.01,0.01,71580.4,1775988351000
1775988352.891,52.891,0.72,0.73,0.27,0.28,0.01,0.01,71580.4,1775988351000
1775988353.347,53.347,0.72,0.73,0.27,0.28,0.01,0.01,71580.4,1775988352000
1775988353.681,53.681,0.71,0.76,0.28,0.29,0.05,0.01,71580.4,1775988352000
1775988354.042,54.042,0.71,0.76,0.24,0.29,0.05,0.05,71580.53,1775988353000
1775988354.62,54.62,0.72,0.73,0.27,0.28,0.01,0.01,71580.53,1775988353000
1775988354.994,54.994,0.72,0.73,0.27,0.28,0.01,0.01,71580.53,1775988353000
1775988355.486,55.486,0.72,0.73,0.27,0.28,0.01,0.01,71580.8,1775988354000
1775988355.899,55.899,0.72,0.73,0.27,0.28,0.01,0.01,71580.8,1775988354000
1775988356.312,56.312,0.72,0.73,0.27,0.28,0.01,0.01,71580.7,1775988355000
1775988356.65,56.65,0.72,0.74,0.27,0.28,0.02,0.01,71580.7,1775988355000
1775988357.036,57.036,0.73,0.74,0.26,0.27,0.01,0.01,71580.7,1775988355000
1775988357.397,57.397,0.73,0.74,0.25,0.27,0.01,0.02,71580.66,1775988356000
1775988357.905,57.905,0.73,0.74,0.25,0.27,0.01,0.02,71580.66,1775988356000
1775988358.638,58.638,0.73,0.74,0.26,0.27,0.01,0.01,71580.25,1775988357000
1775988359.026,59.026,0.73,0.74,0.26,0.27,0.01,0.01,71580.25,1775988357000
1775988359.359,59.359,0.73,0.74,0.26,0.27,0.01,0.01,71580.25,1775988358000
1775988359.703,59.703,0.73,0.74,0.26,0.27,0.01,0.01,71580.25,1775988358000
1775988360.18,60.18,0.72,0.73,0.27,0.28,0.01,0.01,71580.25,1775988358000
1775988360.546,60.546,0.72,0.73,0.27,0.28,0.01,0.01,71580.64,1775988359000
1775988360.885,60.885,0.72,0.73,0.27,0.28,0.01,0.01,71580.64,1775988359000
1775988361.283,61.283,0.72,0.73,0.27,0.28,0.01,0.01,71579.75,1775988360000
1775988361.657,61.657,0.72,0.73,0.27,0.28,0.01,0.01,71579.75,1775988360000
1775988362.013,62.013,0.72,0.73,0.27,0.28,0.01,0.01,71579.75,1775988360000
1775988362.375,62.375,0.72,0.73,0.27,0.28,0.01,0.01,71579.75,1775988360000
1775988362.802,62.802,0.73,0.74,0.26,0.28,0.01,0.02,71580.35,1775988361000
1775988363.209,63.209,0.73,0.74,0.26,0.27,0.01,0.01,71580.35,1775988362000
1775988363.581,63.581,0.72,0.74,0.26,0.27,0.02,0.01,71580.35,1775988362000
1775988363.916,63.916,0.73,0.74,0.26,0.27,0.01,0.01,71579.51,1775988363000
1775988364.492,64.492,0.73,0.74,0.26,0.27,0.01,0.01,71579.51,1775988363000
1775988365.14,65.14,0.73,0.74,0.26,0.27,0.01,0.01,71579.51,1775988363000
1775988365.563,65.563,0.73,0.74,0.26,0.27,0.01,0.01,71579.35,1775988364000
1775988366.188,66.188,0.73,0.74,0.26,0.27,0.01,0.01,71579.26,1775988365000
1775988366.676,66.676,0.73,0.74,0.26,0.27,0.01,0.01,71579.26,1775988365000
1775988367.085,67.085,0.73,0.74,0.26,0.27,0.01,0.01,71579.46,1775988366000
1775988367.681,67.681,0.73,0.74,0.26,0.27,0.01,0.01,71579.46,1775988366000
1775988368.183,68.183,0.73,0.74,0.26,0.27,0.01,0.01,71579.36,1775988367000
1775988368.679,68.679,0.73,0.74,0.26,0.27,0.01,0.01,71579.36,1775988367000
1775988369.046,69.046,0.73,0.74,0.26,0.27,0.01,0.01,71579.36,1775988367000
1775988369.387,69.387,0.73,0.75,0.25,0.27,0.02,0.02,71580.27,1775988368000
1775988370.161,70.161,0.73,0.75,0.25,0.27,0.02,0.02,71579.84,1775988369000
1775988370.682,70.682,0.74,0.75,0.25,0.26,0.01,0.01,71579.84,1775988369000
1775988371.192,71.192,0.74,0.75,0.25,0.26,0.01,0.01,71580.09,1775988370000
1775988371.691,71.691,0.74,0.75,0.25,0.26,0.01,0.01,71580.09,1775988370000
1775988372.22,72.22,0.74,0.75,0.25,0.26,0.01,0.01,71579.83,1775988371000
1775988372.558,72.558,0.74,0.75,0.25,0.26,0.01,0.01,71579.83,1775988371000
1775988373.137,73.137,0.73,0.75,0.25,0.27,0.02,0.02,71579.83,1775988371000
1775988373.573,73.573,0.74,0.75,0.25,0.27,0.01,0.02,71580.01,1775988372000
1775988374.1,74.1,0.74,0.75,0.25,0.26,0.01,0.01,71580.01,1775988372000
1775988374.493,74.493,0.74,0.75,0.25,0.26,0.01,0.01,71579.98,1775988373000
1775988375.161,75.161,0.75,0.76,0.24,0.25,0.01,0.01,71579.98,1775988374000
1775988375.712,75.712,0.75,0.76,0.24,0.25,0.01,0.01,71579.98,1775988374000
1775988376.075,76.075,0.75,0.76,0.24,0.25,0.01,0.01,71580.01,1775988375000
1775988376.495,76.495,0.75,0.76,0.24,0.25,0.01,0.01,71580.01,1775988375000
1775988377.009,77.009,0.75,0.76,0.24,0.25,0.01,0.01,71580.01,1775988375000
1775988377.555,77.555,0.75,0.76,0.24,0.25,0.01,0.01,71579.94,1775988376000
1775988378.01,78.01,0.75,0.76,0.24,0.25,0.01,0.01,71579.94,1775988377000
1775988378.723,78.723,0.75,0.76,0.24,0.25,0.01,0.01,71579.94,1775988377000
1775988379.1,79.1,0.75,0.76,0.24,0.25,0.01,0.01,71580.01,1775988378000
1775988379.443,79.443,0.75,0.77,0.23,0.25,0.02,0.02,71580.01,1775988378000
1775988379.827,79.827,0.76,0.77,0.23,0.24,0.01,0.01,71580.01,1775988378000
1775988380.201,80.201,0.76,0.77,0.23,0.24,0.01,0.01,71580.01,1775988378000
1775988380.58,80.58,0.76,0.78,0.23,0.24,0.02,0.01,71580.02,1775988379000
1775988381.19,81.19,0.76,0.77,0.23,0.24,0.01,0.01,71580.02,1775988379000
1775988381.533,81.533,0.76,0.78,0.22,0.24,0.02,0.02,71580.75,1775988380000
1775988382.086,82.086,0.77,0.78,0.22,0.23,0.01,0.01,71580.75,1775988380000
1775988382.765,82.765,0.77,0.78,0.22,0.23,0.01,0.01,71580.75,1775988381000
1775988383.323,83.323,0.77,0.78,0.22,0.23,0.01,0.01,71582.49,1775988382000
1775988383.662,83.662,0.76,0.77,0.22,0.24,0.01,0.02,71582.49,1775988382000
1775988384.022,84.022,0.76,0.78,0.23,0.25,0.02,0.02,71582.49,1775988382000
1775988384.426,84.426,0.76,0.77,0.23,0.24,0.01,0.01,71582.49,1775988383000
1775988384.948,84.948,0.76,0.77,0.23,0.24,0.01,0.01,71582.68,1775988384000
1775988385.323,85.323,0.76,0.77,0.23,0.24,0.01,0.01,71582.68,1775988384000
1775988385.762,85.762,0.77,0.78,0.23,0.24,0.01,0.01,71582.68,1775988384000
1775988386.138,86.138,0.77,0.78,0.22,0.23,0.01,0.01,71582.68,1775988384000
1775988386.955,86.955,0.75,0.78,0.22,0.23,0.03,0.01,71582.45,1775988385000
1775988387.369,87.369,0.75,0.78,0.22,0.25,0.03,0.03,71582.43,1775988386000
1775988388.012,88.012,0.76,0.77,0.23,0.24,0.01,0.01,71582.43,1775988387000
1775988388.397,88.397,0.76,0.77,0.23,0.24,0.01,0.01,71582.43,1775988387000
1775988389.144,89.144,0.76,0.77,0.23,0.24,0.01,0.01,71582.38,1775988388000
1775988389.561,89.561,0.76,0.77,0.23,0.24,0.01,0.01,71582.38,1775988388000
1775988389.924,89.924,0.75,0.77,0.23,0.24,0.02,0.01,71582.38,1775988388000
1775988390.316,90.316,0.75,0.77,0.23,0.25,0.02,0.02,71582.31,1775988389000
1775988390.705,90.705,0.76,0.77,0.23,0.24,0.01,0.01,71582.31,1775988389000
1775988391.364,91.364,0.76,0.77,0.23,0.24,0.01,0.01,71582.31,1775988390000
1775988391.761,91.761,0.76,0.78,0.23,0.24,0.02,0.01,71582.31,1775988390000
1775988392.341,92.341,0.76,0.77,0.23,0.24,0.01,0.01,71582.31,1775988391000
1775988393.013,93.013,0.76,0.77,0.23,0.24,0.01,0.01,71582.31,1775988391000
1775988393.414,93.414,0.77,0.78,0.22,0.24,0.01,0.02,71582.36,1775988392000
1775988393.937,93.937,0.77,0.78,0.22,0.23,0.01,0.01,71582.36,1775988392000
1775988394.365,94.365,0.75,0.76,0.22,0.23,0.01,0.01,71582.36,1775988392000
1775988395.001,95.001,0.75,0.76,0.24,0.25,0.01,0.01,71582.36,1775988392000
1775988395.542,95.542,0.75,0.76,0.24,0.25,0.01,0.01,71582.6,1775988394000
1775988396.033,96.033,0.75,0.76,0.24,0.25,0.01,0.01,71582.56,1775988395000
1775988396.424,96.424,0.75,0.76,0.24,0.25,0.01,0.01,71582.56,1775988395000
1775988396.852,96.852,0.75,0.76,0.24,0.25,0.01,0.01,71582.56,1775988395000
1775988397.352,97.352,0.75,0.76,0.24,0.25,0.01,0.01,71582.56,1775988396000
1775988397.687,97.687,0.76,0.77,0.23,0.25,0.01,0.02,71582.56,1775988396000
1775988398.165,98.165,0.76,0.77,0.23,0.24,0.01,0.01,71582.5,1775988397000
1775988398.521,98.521,0.76,0.77,0.23,0.24,0.01,0.01,71582.5,1775988397000
1775988398.964,98.964,0.76,0.77,0.23,0.24,0.01,0.01,71582.5,1775988398000
1775988399.9,99.9,0.76,0.77,0.23,0.24,0.01,0.01,71582.46,1775988399000
1775988400.298,100.298,0.76,0.77,0.23,0.24,0.01,0.01,71582.46,1775988399000
1775988400.807,100.807,0.76,0.77,0.23,0.24,0.01,0.01,71581.85,1775988400000
1775988401.172,101.172,0.78,0.79,0.22,0.23,0.01,0.01,71581.85,1775988400000
1775988401.51,101.51,0.78,0.79,0.21,0.22,0.01,0.01,71581.85,1775988400000
1775988401.859,101.859,0.78,0.79,0.21,0.22,0.01,0.01,71581.85,1775988400000
1775988402.201,102.201,0.78,0.79,0.21,0.22,0.01,0.01,71581.85,1775988400000
1775988402.83,102.83,0.79,0.8,0.2,0.21,0.01,0.01,71582.17,1775988401000
1775988403.218,103.218,0.79,0.8,0.2,0.21,0.01,0.01,71582.17,1775988401000
1775988404.216,104.216,0.79,0.8,0.2,0.21,0.01,0.01,71582.43,1775988402000
1775988404.567,104.567,0.79,0.8,0.2,0.21,0.01,0.01,71583.77,1775988403000
1775988404.959,104.959,0.79,0.8,0.2,0.21,0.01,0.01,71583.77,1775988403000
1775988405.301,105.301,0.79,0.8,0.2,0.21,0.01,0.01,71583.76,1775988404000
1775988405.931,105.931,0.79,0.8,0.2,0.21,0.01,0.01,71583.76,1775988404000
1775988406.27,106.27,0.85,0.86,0.15,0.16,0.01,0.01,71583.76,1775988404000
1775988406.607,106.607,0.86,0.87,0.13,0.14,0.01,0.01,71583.75,1775988405000
1775988406.996,106.996,0.87,0.88,0.12,0.13,0.01,0.01,71583.75,1775988405000
1775988407.33,107.33,0.87,0.88,0.12,0.13,0.01,0.01,71583.75,1775988405000
1775988407.669,107.669,0.88,0.89,0.11,0.12,0.01,0.01,71583.75,1775988405000
1775988408.004,108.004,0.88,0.89,0.11,0.12,0.01,0.01,71583.75,1775988406000
1775988408.338,108.338,0.88,0.89,0.11,0.12,0.01,0.01,71588.17,1775988407000
1775988408.68,108.68,0.88,0.89,0.11,0.12,0.01,0.01,71588.17,1775988407000
1775988409.017,109.017,0.89,0.9,0.1,0.11,0.01,0.01,71588.17,1775988407000
1775988409.361,109.361,0.89,0.9,0.1,0.11,0.01,0.01,71588.17,1775988407000
1775988409.704,109.704,0.89,0.9,0.1,0.11,0.01,0.01,71588.17,1775988407000
1775988410.037,110.037,0.89,0.9,0.1,0.11,0.01,0.01,71588.17,1775988407000
1775988410.397,110.397,0.89,0.9,0.1,0.11,0.01,0.01,71596.31,1775988408000
1775988410.848,110.848,0.89,0.91,0.1,0.11,0.02,0.01,71597.24,1775988409000
1775988411.28,111.28,0.89,0.9,0.1,0.11,0.01,0.01,71597.24,1775988409000
1775988411.634,111.634,0.9,0.91,0.09,0.1,0.01,0.01,71597.0,1775988410000
1775988412.447,112.447,0.9,0.91,0.09,0.1,0.01,0.01,71597.0,1775988410000
1775988412.785,112.785,0.9,0.91,0.09,0.1,0.01,0.01,71596.9,1775988411000
1775988413.126,113.126,0.92,0.93,0.07,0.08,0.01,0.01,71597.02,1775988412000
1775988413.632,113.632,0.92,0.93,0.07,0.08,0.01,0.01,71597.02,1775988412000
1775988413.97,113.97,0.92,0.93,0.07,0.08,0.01,0.01,71597.02,1775988412000
1775988414.306,114.306,0.92,0.93,0.07,0.08,0.01,0.01,71597.41,1775988413000
1775988414.741,114.741,0.92,0.93,0.07,0.08,0.01,0.01,71597.41,1775988413000
1775988415.386,115.386,0.92,0.93,0.07,0.08,0.01,0.01,71597.41,1775988413000
1775988415.73,115.73,0.92,0.93,0.07,0.08,0.01,0.01,71598.47,1775988414000
1775988416.111,116.111,0.92,0.93,0.07,0.08,0.01,0.01,71598.47,1775988414000
1775988416.83,116.83,0.92,0.93,0.07,0.08,0.01,0.01,71598.47,1775988415000
1775988417.163,117.163,0.92,0.93,0.07,0.08,0.01,0.01,71598.47,1775988415000
1775988417.521,117.521,0.92,0.94,0.07,0.08,0.02,0.01,71598.47,1775988415000
1775988417.864,117.864,0.93,0.94,0.06,0.07,0.01,0.01,71598.47,1775988416000
1775988418.224,118.224,0.94,0.95,0.05,0.07,0.01,0.02,71598.47,1775988416000
1775988418.795,118.795,0.94,0.95,0.05,0.06,0.01,0.01,71598.48,1775988417000
1775988419.145,119.145,0.94,0.95,0.05,0.06,0.01,0.01,71598.48,1775988417000
1775988419.502,119.502,0.94,0.95,0.05,0.06,0.01,0.01,71598.48,1775988417000
1775988419.875,119.875,0.91,0.92,0.08,0.09,0.01,0.01,71598.48,1775988417000
1775988420.232,120.232,0.91,0.92,0.08,0.09,0.01,0.01,71598.48,1775988417000
1775988420.604,120.604,0.9,0.91,0.09,0.1,0.01,0.01,71598.48,1775988417000
1775988420.958,120.958,0.9,0.91,0.09,0.1,0.01,0.01,71598.48,1775988417000
1775988421.293,121.293,0.9,0.91,0.09,0.1,0.01,0.01,71598.48,1775988417000
1775988421.632,121.632,0.9,0.91,0.09,0.1,0.01,0.01,71598.48,1775988417000
1775988421.968,121.968,0.9,0.92,0.09,0.1,0.02,0.01,71598.48,1775988417000
1775988422.301,122.301,0.91,0.92,0.08,0.09,0.01,0.01,71598.48,1775988417000
1775988422.641,122.641,0.9,0.91,0.09,0.1,0.01,0.01,71598.48,1775988417000
1775988422.979,122.979,0.87,0.88,0.12,0.13,0.01,0.01,71598.48,1775988417000
1775988423.389,123.389,0.87,0.88,0.12,0.13,0.01,0.01,71598.48,1775988417000
1775988423.848,123.848,0.87,0.88,0.12,0.13,0.01,0.01,71598.48,1775988417000
1775988424.337,124.337,0.88,0.89,0.11,0.13,0.01,0.02,71598.48,1775988417000
1775988424.721,124.721,0.88,0.89,0.11,0.12,0.01,0.01,71598.48,1775988417000
1775988425.323,125.323,0.88,0.89,0.11,0.12,0.01,0.01,71598.48,1775988417000
1775988425.664,125.664,0.88,0.89,0.11,0.12,0.01,0.01,71598.48,1775988417000
1775988426.002,126.002,0.88,0.89,0.11,0.12,0.01,0.01,71598.48,1775988417000
1775988426.634,126.634,0.88,0.89,0.11,0.12,0.01,0.01,71600.13,1775988425000
1775988427.077,127.077,0.88,0.89,0.11,0.12,0.01,0.01,71600.13,1775988425000
1775988427.652,127.652,0.88,0.89,0.11,0.12,0.01,0.01,71600.17,1775988426000
1775988428.033,128.033,0.88,0.89,0.11,0.12,0.01,0.01,71600.17,1775988426000
1775988428.658,128.658,0.88,0.89,0.11,0.12,0.01,0.01,71600.18,1775988427000
1775988429.048,129.048,0.3,0.89,0.11,0.12,0.59,0.01,71600.18,1775988427000
1775988429.388,129.388,0.04,0.87,0.13,0.14,0.83,0.01,71600.18,1775988428000
1775988429.721,129.721,0.85,0.87,0.13,0.15,0.02,0.02,71600.18,1775988428000
1775988430.056,130.056,0.85,0.87,0.13,0.15,0.02,0.02,71600.18,1775988428000
1775988430.539,130.539,0.85,0.86,0.13,0.15,0.01,0.02,71600.18,1775988428000
1775988430.883,130.883,0.87,0.88,0.12,0.13,0.01,0.01,71600.21,1775988429000
1775988431.243,131.243,0.87,0.88,0.12,0.13,0.01,0.01,71600.15,1775988430000
1775988431.607,131.607,0.86,0.87,0.12,0.14,0.01,0.02,71600.15,1775988430000
1775988431.98,131.98,0.86,0.87,0.13,0.14,0.01,0.01,71600.15,1775988430000
1775988432.322,132.322,0.87,0.88,0.12,0.13,0.01,0.01,71600.15,1775988430000
1775988432.696,132.696,0.87,0.88,0.12,0.13,0.01,0.01,71599.81,1775988431000
1775988433.034,133.034,0.87,0.88,0.12,0.13,0.01,0.01,71599.81,1775988431000
1775988433.38,133.38,0.87,0.88,0.12,0.13,0.01,0.01,71599.81,1775988432000
1775988433.714,133.714,0.87,0.88,0.12,0.13,0.01,0.01,71599.81,1775988432000
1775988434.051,134.051,0.87,0.88,0.12,0.13,0.01,0.01,71599.81,1775988432000
1775988434.8,134.8,0.87,0.88,0.12,0.13,0.01,0.01,71599.83,1775988433000
1775988435.142,135.142,0.87,0.89,0.11,0.13,0.02,0.02,71599.83,1775988433000
1775988435.517,135.517,0.88,0.89,0.11,0.12,0.01,0.01,71599.85,1775988434000
1775988435.959,135.959,0.88,0.89,0.11,0.12,0.01,0.01,71599.85,1775988434000
1775988436.299,136.299,0.88,0.89,0.11,0.12,0.01,0.01,71599.86,1775988435000
1775988436.643,136.643,0.88,0.89,0.11,0.12,0.01,0.01,71599.86,1775988435000
1775988437.314,137.314,0.88,0.89,0.11,0.12,0.01,0.01,71599.94,1775988436000
1775988437.704,137.704,0.87,0.88,0.11,0.98,0.01,0.87,71599.94,1775988436000
1775988438.039,138.039,0.85,0.86,0.14,0.15,0.01,0.01,71599.94,1775988436000
1775988438.42,138.42,0.85,0.86,0.14,0.15,0.01,0.01,71599.94,1775988436000
1775988438.793,138.793,0.87,0.88,0.12,0.15,0.01,0.03,71600.42,1775988437000
1775988439.161,139.161,0.85,0.86,0.14,0.15,0.01,0.01,71600.4,1775988438000
1775988439.501,139.501,0.82,0.86,0.14,0.18,0.04,0.04,71600.4,1775988438000
1775988439.837,139.837,0.83,0.84,0.16,0.17,0.01,0.01,71600.4,1775988438000
1775988440.181,140.181,0.84,0.85,0.15,0.16,0.01,0.01,71600.4,1775988438000
1775988440.543,140.543,0.87,0.88,0.12,0.13,0.01,0.01,71600.36,1775988439000
1775988441.316,141.316,0.88,0.89,0.11,0.12,0.01,0.01,71600.36,1775988440000
1775988441.762,141.762,0.88,0.89,0.11,0.12,0.01,0.01,71600.36,1775988440000
1775988442.213,142.213,0.88,0.89,0.11,0.12,0.01,0.01,71600.3,1775988441000
1775988442.576,142.576,0.88,0.89,0.11,0.12,0.01,0.01,71600.3,1775988441000
1775988443.113,143.113,0.88,0.91,0.11,0.12,0.03,0.01,71600.3,1775988441000
1775988443.451,143.451,0.9,0.91,0.09,0.1,0.01,0.01,71600.34,1775988442000
1775988444.011,144.011,0.9,0.91,0.09,0.1,0.01,0.01,71600.34,1775988442000
1775988444.372,144.372,0.9,0.91,0.09,0.1,0.01,0.01,71600.34,1775988443000
1775988444.822,144.822,0.9,0.91,0.09,0.1,0.01,0.01,71600.34,1775988443000
1775988445.243,145.243,0.9,0.91,0.09,0.1,0.01,0.01,71600.34,1775988443000
1775988445.579,145.579,0.9,0.91,0.09,0.1,0.01,0.01,71600.31,1775988444000
1775988445.93,145.93,0.9,0.91,0.09,0.1,0.01,0.01,71600.31,1775988444000
1775988446.267,146.267,0.9,0.91,0.09,0.1,0.01,0.01,71600.31,1775988444000
1775988446.609,146.609,0.9,0.91,0.09,0.1,0.01,0.01,71599.65,1775988445000
1775988446.959,146.959,0.9,0.91,0.09,0.1,0.01,0.01,71599.65,1775988445000
1775988447.299,147.299,0.88,0.9,0.1,0.12,0.02,0.02,71599.65,1775988446000
1775988447.639,147.639,0.87,0.88,0.12,0.13,0.01,0.01,71599.65,1775988446000
1775988447.98,147.98,0.89,0.9,0.1,0.11,0.01,0.01,71599.65,1775988446000
1775988448.314,148.314,0.89,0.9,0.1,0.11,0.01,0.01,71599.92,1775988447000
1775988448.657,148.657,0.89,0.9,0.1,0.11,0.01,0.01,71599.92,1775988447000
1775988449.325,149.325,0.89,0.9,0.1,0.11,0.01,0.01,71599.94,1775988448000
1775988449.819,149.819,0.88,0.9,0.1,0.12,0.02,0.02,71599.94,1775988448000
1775988450.503,150.503,0.89,0.9,0.1,0.12,0.01,0.02,71599.94,1775988448000
1775988450.841,150.841,0.89,0.9,0.1,0.11,0.01,0.01,71599.93,1775988449000
1775988451.328,151.328,0.89,0.9,0.1,0.11,0.01,0.01,71599.93,1775988450000
1775988451.69,151.69,0.89,0.9,0.1,0.11,0.01,0.01,71599.93,1775988450000
1775988452.032,152.032,0.89,0.9,0.1,0.11,0.01,0.01,71599.93,1775988450000
1775988452.449,152.449,0.89,0.9,0.1,0.11,0.01,0.01,71599.93,1775988451000
1775988452.812,152.812,0.89,0.9,0.1,0.11,0.01,0.01,71599.97,1775988452000
1775988453.176,153.176,0.89,0.9,0.1,0.11,0.01,0.01,71599.97,1775988452000
1775988453.526,153.526,0.89,0.9,0.1,0.11,0.01,0.01,71599.97,1775988452000
1775988453.906,153.906,0.89,0.9,0.1,0.11,0.01,0.01,71599.97,1775988452000
1775988454.38,154.38,0.89,0.9,0.1,0.11,0.01,0.01,71599.94,1775988453000
1775988454.717,154.717,0.89,0.9,0.1,0.11,0.01,0.01,71599.94,1775988453000
1775988455.123,155.123,0.89,0.9,0.1,0.11,0.01,0.01,71599.94,1775988453000
1775988455.612,155.612,0.89,0.9,0.1,0.11,0.01,0.01,71599.88,1775988454000
1775988455.948,155.948,0.88,0.89,0.11,0.13,0.01,0.02,71599.88,1775988454000
1775988456.296,156.296,0.85,0.86,0.14,0.15,0.01,0.01,71599.88,1775988454000
1775988456.632,156.632,0.85,0.86,0.14,0.15,0.01,0.01,71599.88,1775988454000
1775988456.979,156.979,0.85,0.86,0.14,0.15,0.01,0.01,71599.91,1775988455000
1775988457.328,157.328,0.85,0.86,0.14,0.15,0.01,0.01,71599.95,1775988456000
1775988457.662,157.662,0.86,0.87,0.13,0.14,0.01,0.01,71599.95,1775988456000
1775988458.002,158.002,0.86,0.88,0.13,0.14,0.02,0.01,71599.95,1775988456000
1775988458.629,158.629,0.87,0.89,0.12,0.13,0.02,0.01,71599.95,1775988456000
1775988459.387,159.387,0.89,0.9,0.11,0.12,0.01,0.01,71599.84,1775988457000
1775988460.12,160.12,0.89,0.9,0.1,0.11,0.01,0.01,71599.84,1775988458000
1775988460.594,160.594,0.89,0.9,0.1,0.11,0.01,0.01,71599.84,1775988458000
1775988460.944,160.944,0.89,0.9,0.1,0.11,0.01,0.01,71599.84,1775988459000
1775988461.602,161.602,0.89,0.9,0.1,0.11,0.01,0.01,71599.84,1775988459000
1775988461.985,161.985,0.9,0.91,0.09,0.1,0.01,0.01,71599.84,1775988460000
1775988462.455,162.455,0.9,0.91,0.09,0.1,0.01,0.01,71599.84,1775988460000
1775988462.875,162.875,0.9,0.91,0.09,0.1,0.01,0.01,71599.58,1775988461000
1775988463.249,163.249,0.9,0.91,0.09,0.1,0.01,0.01,71599.58,1775988461000
1775988463.596,163.596,0.9,0.91,0.09,0.1,0.01,0.01,71599.58,1775988461000
1775988463.95,163.95,0.91,0.92,0.08,0.1,0.01,0.02,71599.57,1775988462000
1775988464.306,164.306,0.91,0.92,0.08,0.09,0.01,0.01,71599.57,1775988462000
1775988464.816,164.816,0.91,0.92,0.08,0.09,0.01,0.01,71599.57,1775988463000
1775988465.248,165.248,0.91,0.92,0.08,0.09,0.01,0.01,71599.55,1775988464000
1775988465.635,165.635,0.91,0.92,0.08,0.09,0.01,0.01,71599.55,1775988464000
1775988466.274,166.274,0.91,0.92,0.08,0.09,0.01,0.01,71599.55,1775988464000
1775988466.766,166.766,0.91,0.92,0.08,0.09,0.01,0.01,71599.36,1775988465000
1775988467.177,167.177,0.91,0.92,0.08,0.11,0.01,0.03,71599.36,1775988465000
1775988467.524,167.524,0.91,0.92,0.08,0.09,0.01,0.01,71598.15,1775988466000
1775988467.862,167.862,0.91,0.92,0.08,0.09,0.01,0.01,71598.15,1775988466000
1775988468.202,168.202,0.91,0.92,0.08,0.09,0.01,0.01,71599.36,1775988467000
1775988468.545,168.545,0.91,0.92,0.08,0.09,0.01,0.01,71599.36,1775988467000
1775988468.882,168.882,0.92,0.93,0.07,0.08,0.01,0.01,71599.36,1775988467000
1775988469.215,169.215,0.92,0.93,0.07,0.08,0.01,0.01,71599.36,1775988467000
1775988469.614,169.614,0.92,0.93,0.07,0.08,0.01,0.01,71598.12,1775988468000
1775988470.081,170.081,0.92,0.93,0.07,0.08,0.01,0.01,71598.12,1775988468000
1775988470.488,170.488,0.92,0.93,0.07,0.08,0.01,0.01,71598.12,1775988468000
1775988470.825,170.825,0.94,0.95,0.05,0.06,0.01,0.01,71599.41,1775988469000
1775988471.162,171.162,0.94,0.95,0.05,0.06,0.01,0.01,71599.41,1775988469000
1775988471.505,171.505,0.94,0.95,0.05,0.06,0.01,0.01,71599.41,1775988470000
1775988471.877,171.877,0.94,0.95,0.05,0.06,0.01,0.01,71599.41,1775988470000
1775988472.219,172.219,0.94,0.95,0.05,0.06,0.01,0.01,71599.41,1775988470000
1775988472.56,172.56,0.94,0.95,0.05,0.06,0.01,0.01,71599.62,1775988471000
1775988473.011,173.011,0.94,0.95,0.05,0.06,0.01,0.01,71599.62,1775988471000
1775988473.435,173.435,0.94,0.95,0.05,0.06,0.01,0.01,71599.62,1775988471000
1775988473.805,173.805,0.94,0.95,0.05,0.06,0.01,0.01,71603.14,1775988472000
1775988474.161,174.161,0.94,0.95,0.05,0.06,0.01,0.01,71603.14,1775988472000
1775988474.764,174.764,0.94,0.95,0.05,0.06,0.01,0.01,71603.14,1775988473000
1775988475.194,175.194,0.95,0.96,0.04,0.05,0.01,0.01,71603.14,1775988473000
1775988475.562,175.562,0.95,0.96,0.04,0.05,0.01,0.01,71603.41,1775988474000
1775988476.55,176.55,0.95,0.96,0.04,0.05,0.01,0.01,71603.41,1775988475000
1775988476.883,176.883,0.95,0.96,0.04,0.05,0.01,0.01,71603.41,1775988475000
1775988477.269,177.269,0.95,0.96,0.04,0.05,0.01,0.01,71603.54,1775988476000
1775988477.668,177.668,0.95,0.96,0.04,0.05,0.01,0.01,71603.54,1775988476000
1775988478.042,178.042,0.95,0.96,0.04,0.05,0.01,0.01,71605.98,1775988477000
1775988478.455,178.455,0.95,0.97,0.04,0.05,0.02,0.01,71605.98,1775988477000
1775988478.791,178.791,0.96,0.97,0.03,0.04,0.01,0.01,71605.98,1775988477000
1775988479.127,179.127,0.96,0.97,0.03,0.04,0.01,0.01,71607.49,1775988478000
1775988479.53,179.53,0.95,0.96,0.04,0.05,0.01,0.01,71607.49,1775988478000
1775988479.869,179.869,0.95,0.96,0.04,0.05,0.01,0.01,71607.49,1775988478000
1775988480.332,180.332,0.95,0.97,0.04,0.05,0.02,0.01,71606.42,1775988479000
1775988480.836,180.836,0.96,0.97,0.03,0.05,0.01,0.02,71606.42,1775988479000
1775988481.176,181.176,0.95,0.97,0.03,0.05,0.02,0.02,71606.04,1775988480000
1775988481.82,181.82,0.96,0.97,0.03,0.05,0.01,0.02,71606.04,1775988480000
1775988482.2,182.2,0.95,0.97,0.03,0.04,0.02,0.01,71606.19,1775988481000
1775988482.941,182.941,0.96,0.97,0.03,0.04,0.01,0.01,71606.62,1775988482000
1775988483.329,183.329,0.95,0.97,0.03,0.04,0.02,0.01,71606.62,1775988482000
1775988483.662,183.662,0.95,0.96,0.04,0.05,0.01,0.01,71606.62,1775988482000
1775988484.005,184.005,0.96,0.97,0.03,0.04,0.01,0.01,71609.53,1775988483000
1775988484.358,184.358,0.96,0.97,0.03,0.04,0.01,0.01,71609.53,1775988483000
1775988484.76,184.76,0.96,0.97,0.03,0.04,0.01,0.01,71609.53,1775988483000
1775988485.101,185.101,0.96,0.97,0.03,0.04,0.01,0.01,71609.67,1775988484000
1775988486.187,186.187,0.97,0.98,0.02,0.03,0.01,0.01,71611.21,1775988485000
1775988486.764,186.764,0.97,0.98,0.02,0.03,0.01,0.01,71611.21,1775988485000
1775988487.108,187.108,0.97,0.98,0.02,0.03,0.01,0.01,71611.28,1775988486000
1775988487.528,187.528,0.97,0.98,0.02,0.03,0.01,0.01,71611.28,1775988486000
1775988487.987,187.987,0.97,0.98,0.02,0.03,0.01,0.01,71611.28,1775988486000
1775988488.521,188.521,0.97,0.98,0.02,0.03,0.01,0.01,71611.28,1775988486000
1775988488.893,188.893,0.96,0.97,0.02,0.03,0.01,0.01,71611.02,1775988487000
1775988489.23,189.23,0.96,0.97,0.03,0.04,0.01,0.01,71612.38,1775988488000
1775988489.862,189.862,0.96,0.97,0.03,0.04,0.01,0.01,71612.38,1775988488000
1775988490.935,190.935,0.96,0.97,0.03,0.04,0.01,0.01,71610.94,1775988489000
1775988491.437,191.437,0.96,0.97,0.03,0.04,0.01,0.01,71613.66,1775988490000
1775988492.018,192.018,0.96,0.97,0.03,0.04,0.01,0.01,71613.66,1775988490000
1775988492.377,192.377,0.96,0.97,0.03,0.04,0.01,0.01,71613.42,1775988491000
1775988492.772,192.772,0.97,0.98,0.01,0.04,0.01,0.03,71613.42,1775988491000
1775988493.213,193.213,0.98,0.99,0.01,0.02,0.01,0.01,71615.19,1775988492000
1775988493.616,193.616,0.98,0.99,0.01,0.02,0.01,0.01,71615.19,1775988492000
1775988493.955,193.955,0.98,0.99,0.01,0.02,0.01,0.01,71615.19,1775988492000
1775988494.387,194.387,0.98,0.99,0.01,0.02,0.01,0.01,71615.88,1775988493000
1775988494.827,194.827,0.98,0.99,0.01,0.02,0.01,0.01,71615.88,1775988493000
1775988495.46,195.46,0.98,0.99,0.01,0.02,0.01,0.01,71616.28,1775988494000
1775988495.886,195.886,0.98,0.99,0.01,0.02,0.01,0.01,71616.58,1775988495000
1775988496.313,196.313,0.98,0.99,0.01,0.02,0.01,0.01,71616.58,1775988495000
1775988496.705,196.705,0.97,0.98,0.02,0.03,0.01,0.01,71616.58,1775988495000
1775988497.47,197.47,0.97,0.98,0.02,0.03,0.01,0.01,71616.32,1775988496000
1775988497.889,197.889,0.97,0.98,0.02,0.03,0.01,0.01,71615.42,1775988497000
1775988498.327,198.327,0.97,0.98,0.02,0.03,0.01,0.01,71615.42,1775988497000
1775988498.887,198.887,0.97,0.98,0.02,0.03,0.01,0.01,71615.42,1775988497000
1775988499.422,199.422,0.97,0.98,0.02,0.03,0.01,0.01,71615.97,1775988498000
1775988499.776,199.776,0.97,0.98,0.02,0.03,0.01,0.01,71615.97,1775988498000
1775988500.2,200.2,0.97,0.98,0.02,0.03,0.01,0.01,71615.97,1775988498000
1775988500.883,200.883,0.97,0.98,0.02,0.03,0.01,0.01,71615.52,1775988499000
1775988501.606,201.606,0.98,0.99,0.01,0.03,0.01,0.02,71615.88,1775988500000
1775988502.209,202.209,0.97,0.98,0.01,0.03,0.01,0.02,71615.88,1775988500000
1775988502.571,202.571,0.98,0.99,0.01,0.02,0.01,0.01,71615.94,1775988501000
1775988503.182,203.182,0.97,0.98,0.02,0.03,0.01,0.01,71616.91,1775988502000
1775988503.637,203.637,0.97,0.98,0.02,0.03,0.01,0.01,71616.91,1775988502000
1775988504.073,204.073,0.97,0.99,0.02,0.03,0.02,0.01,71616.91,1775988502000
1775988504.476,204.476,0.98,0.99,0.01,0.02,0.01,0.01,71620.84,1775988503000
1775988504.856,204.856,0.98,0.99,0.01,0.02,0.01,0.01,71620.84,1775988503000
1775988505.196,205.196,0.98,0.99,0.01,0.02,0.01,0.01,71624.12,1775988504000
1775988505.542,205.542,0.98,0.99,0.01,0.02,0.01,0.01,71624.12,1775988504000
1775988505.908,205.908,0.98,0.99,0.01,0.02,0.01,0.01,71624.12,1775988504000
1775988506.265,206.265,0.98,0.99,0.01,0.02,0.01,0.01,71627.6,1775988505000
1775988506.599,206.599,0.98,0.99,0.01,0.02,0.01,0.01,71627.6,1775988505000
1775988507.014,207.014,0.99,0.99,0.01,0.01,0.0,0.0,71627.6,1775988505000
1775988507.377,207.377,0.99,0.99,0.01,0.01,0.0,0.0,71635.35,1775988506000
1775988507.783,207.783,0.99,0.99,0.01,0.01,0.0,0.0,71635.35,1775988506000
1775988508.119,208.119,0.99,0.99,0.01,0.01,0.0,0.0,71635.35,1775988506000
1775988508.51,208.51,0.99,0.99,0.01,0.01,0.0,0.0,71647.32,1775988507000
1775988509.104,209.104,0.99,0.99,0.01,0.01,0.0,0.0,71647.32,1775988507000
1775988509.666,209.666,0.99,0.99,0.01,0.01,0.0,0.0,71663.52,1775988508000
1775988510.053,210.053,0.99,0.99,0.01,0.01,0.0,0.0,71663.52,1775988508000
1775988511.184,211.184,0.99,0.99,0.01,0.01,0.0,0.0,71668.95,1775988509000
1775988511.543,211.543,0.99,0.99,0.01,0.01,0.0,0.0,71680.48,1775988510000
1775988511.933,211.933,0.99,0.99,0.01,0.01,0.0,0.0,71680.48,1775988510000
1775988512.303,212.303,0.99,0.99,0.01,0.01,0.0,0.0,71687.6,1775988511000
1775988512.72,212.72,0.99,0.99,0.01,0.01,0.0,0.0,71687.6,1775988511000
1775988513.057,213.057,0.99,0.99,0.01,0.01,0.0,0.0,71687.6,1775988511000
1775988513.524,213.524,0.99,0.99,0.01,0.01,0.0,0.0,71685.67,1775988512000
1775988513.933,213.933,0.99,0.99,0.01,0.01,0.0,0.0,71685.67,1775988512000
1775988515.433,215.433,0.99,0.99,0.01,0.01,0.0,0.0,71674.25,1775988513000
1775988516.069,216.069,0.99,0.99,0.01,0.01,0.0,0.0,71667.25,1775988514000
1775988516.452,216.452,0.99,0.99,0.01,0.01,0.0,0.0,71658.7,1775988515000
1775988516.834,216.834,0.99,0.99,0.01,0.01,0.0,0.0,71658.7,1775988515000
1775988517.241,217.241,0.99,0.99,0.01,0.01,0.0,0.0,71658.7,1775988515000
1775988517.585,217.585,0.99,0.99,0.01,0.01,0.0,0.0,71654.25,1775988516000
1775988518.117,218.117,0.99,0.99,0.01,0.01,0.0,0.0,71654.25,1775988516000
1775988518.596,218.596,0.99,0.99,0.01,0.01,0.0,0.0,71654.25,1775988517000
1775988519.513,219.513,0.99,0.99,0.01,0.01,0.0,0.0,71655.43,1775988518000
1775988520.005,220.005,0.99,0.99,0.01,0.01,0.0,0.0,71655.43,1775988518000
1775988520.41,220.41,0.99,0.99,0.01,0.01,0.0,0.0,71655.1,1775988519000
1775988520.792,220.792,0.99,0.99,0.01,0.01,0.0,0.0,71655.1,1775988519000
1775988521.192,221.192,0.99,0.99,0.01,0.01,0.0,0.0,71655.1,1775988519000
1775988521.538,221.538,0.99,0.99,0.01,0.01,0.0,0.0,71654.85,1775988520000
1775988522.162,222.162,0.99,0.99,0.01,0.01,0.0,0.0,71653.73,1775988521000
1775988522.505,222.505,0.99,0.99,0.01,0.01,0.0,0.0,71653.73,1775988521000
1775988523.471,223.471,0.99,0.99,0.01,0.01,0.0,0.0,71653.3,1775988522000
1775988524.088,224.088,0.99,0.99,0.01,0.01,0.0,0.0,71653.3,1775988522000
1775988524.705,224.705,0.99,0.99,0.01,0.01,0.0,0.0,71653.3,1775988523000
1775988525.112,225.112,0.99,0.99,0.01,0.01,0.0,0.0,71653.3,1775988523000
1775988525.531,225.531,0.99,0.99,0.01,0.01,0.0,0.0,71653.21,1775988524000
1775988525.942,225.942,0.99,0.99,0.01,0.01,0.0,0.0,71653.21,1775988524000
1775988527.006,227.006,0.99,0.99,0.01,0.01,0.0,0.0,71653.21,1775988525000
1775988527.631,227.631,0.99,0.99,0.01,0.01,0.0,0.0,71654.93,1775988526000
1775988528.267,228.267,0.99,0.99,0.01,0.01,0.0,0.0,71654.93,1775988526000
1775988528.623,228.623,0.99,0.99,0.01,0.01,0.0,0.0,71657.05,1775988527000
1775988529.018,229.018,0.99,0.99,0.01,0.01,0.0,0.0,71657.05,1775988527000
1775988529.577,229.577,0.99,0.99,0.01,0.01,0.0,0.0,71657.64,1775988528000
1775988530.371,230.371,0.99,0.99,0.01,0.01,0.0,0.0,71657.64,1775988528000
1775988530.807,230.807,0.99,0.99,0.01,0.01,0.0,0.0,71657.64,1775988529000
1775988531.292,231.292,0.99,0.99,0.01,0.01,0.0,0.0,71660.31,1775988530000
1775988531.767,231.767,0.99,0.99,0.01,0.01,0.0,0.0,71660.31,1775988530000
1775988532.802,232.802,0.99,0.99,0.01,0.01,0.0,0.0,71662.11,1775988531000
1775988533.393,233.393,0.99,0.99,0.01,0.01,0.0,0.0,71668.38,1775988532000
1775988533.742,233.742,0.99,0.99,0.01,0.01,0.0,0.0,71668.38,1775988532000
1775988535.022,235.022,0.99,0.99,0.01,0.01,0.0,0.0,71671.45,1775988533000
1775988535.385,235.385,0.99,0.99,0.01,0.01,0.0,0.0,71674.05,1775988534000
1775988535.729,235.729,0.99,0.99,0.01,0.01,0.0,0.0,71674.05,1775988534000
1775988536.329,236.329,0.99,0.99,0.01,0.01,0.0,0.0,71674.05,1775988534000
1775988537.189,237.189,0.99,0.99,0.01,0.01,0.0,0.0,71672.63,1775988536000
1775988537.819,237.819,0.99,0.99,0.01,0.01,0.0,0.0,71672.63,1775988536000
1775988538.671,238.671,0.99,0.99,0.01,0.01,0.0,0.0,71674.43,1775988537000
1775988539.087,239.087,0.99,0.99,0.01,0.01,0.0,0.0,71674.45,1775988538000
1775988540.23,240.23,0.99,0.99,0.01,0.01,0.0,0.0,71674.49,1775988539000
1775988540.806,240.806,0.99,0.99,0.01,0.01,0.0,0.0,71674.49,1775988539000
1775988541.399,241.399,0.99,0.99,0.01,0.01,0.0,0.0,71674.49,1775988540000
1775988542.184,242.184,0.99,0.99,0.01,0.01,0.0,0.0,71674.49,1775988541000
1775988542.996,242.996,0.99,0.99,0.01,0.01,0.0,0.0,71674.49,1775988541000
1775988543.743,243.743,0.99,0.99,0.01,0.01,0.0,0.0,71681.09,1775988542000
1775988544.27,244.27,0.99,0.99,0.01,0.01,0.0,0.0,71687.99,1775988543000
1775988545.327,245.327,0.99,0.99,0.01,0.01,0.0,0.0,71696.77,1775988544000
1775988545.844,245.844,0.99,0.99,0.01,0.01,0.0,0.0,71696.77,1775988544000
1775988546.798,246.798,0.99,0.99,0.01,0.01,0.0,0.0,71702.75,1775988545000
1775988547.757,247.757,0.99,0.99,0.01,0.01,0.0,0.0,71704.86,1775988546000
1775988548.208,248.208,0.99,0.99,0.01,0.01,0.0,0.0,71703.23,1775988547000
1775988548.622,248.622,0.99,0.99,0.01,0.01,0.0,0.0,71703.23,1775988547000
1775988549.286,249.286,0.99,0.99,0.01,0.01,0.0,0.0,71701.29,1775988548000
1775988550.332,250.332,0.99,0.99,0.01,0.01,0.0,0.0,71701.29,1775988548000
1775988551.361,251.361,0.99,0.99,0.01,0.01,0.0,0.0,71701.29,1775988550000
1775988552.27,252.27,0.99,0.99,0.01,0.01,0.0,0.0,71698.66,1775988551000
1775988553.607,253.607,0.99,0.99,0.01,0.01,0.0,0.0,71697.68,1775988552000
1775988554.215,254.215,0.99,0.99,0.01,0.01,0.0,0.0,71697.87,1775988553000
1775988554.933,254.933,0.99,0.99,0.01,0.01,0.0,0.0,71697.87,1775988553000
1775988555.416,255.416,0.99,0.99,0.01,0.01,0.0,0.0,71696.55,1775988554000
1775988556.408,256.408,0.99,0.99,0.01,0.01,0.0,0.0,71696.29,1775988555000
1775988556.885,256.885,0.99,0.99,0.01,0.01,0.0,0.0,71696.29,1775988556000
1775988557.449,257.449,0.99,0.99,0.01,0.01,0.0,0.0,71696.29,1775988556000
1775988558.01,258.01,0.99,0.99,0.01,0.01,0.0,0.0,71693.29,1775988557000
1775988559.074,259.074,0.99,0.99,0.01,0.01,0.0,0.0,71695.87,1775988558000
1775988560.073,260.073,0.99,0.99,0.01,0.01,0.0,0.0,71695.87,1775988559000
1775988561.701,261.701,0.99,0.99,0.01,0.01,0.0,0.0,71696.71,1775988560000
1775988562.123,262.123,0.99,0.99,0.01,0.01,0.0,0.0,71696.71,1775988560000
1775988563.23,263.23,0.99,0.99,0.01,0.01,0.0,0.0,71697.31,1775988562000
1775988564.239,264.239,0.99,0.99,0.01,0.01,0.0,0.0,71703.21,1775988563000
1775988565.204,265.204,0.99,0.99,0.01,0.01,0.0,0.0,71705.92,1775988564000
1775988566.115,266.115,0.99,0.99,0.01,0.01,0.0,0.0,71707.29,1775988565000
1775988566.996,266.996,0.99,0.99,0.01,0.01,0.0,0.0,71707.29,1775988565000
1775988568.139,268.139,0.99,0.99,0.01,0.01,0.0,0.0,71706.9,1775988567000
1775988569.06,269.06,0.99,0.99,0.01,0.01,0.0,0.0,71705.7,1775988568000
1775988570.054,270.054,0.99,0.99,0.01,0.01,0.0,0.0,71705.69,1775988569000
1775988570.681,270.681,0.99,0.99,0.01,0.01,0.0,0.0,71705.69,1775988569000
1775988571.035,271.035,0.99,0.99,0.01,0.01,0.0,0.0,71705.76,1775988570000
1775988571.994,271.994,0.99,0.99,0.01,0.01,0.0,0.0,71705.76,1775988571000
1775988572.998,272.998,0.99,0.99,0.01,0.01,0.0,0.0,71705.8,1775988572000
1775988574.464,274.464,0.99,0.99,0.01,0.01,0.0,0.0,71705.09,1775988573000
1775988574.894,274.894,0.99,0.99,0.01,0.01,0.0,0.0,71702.59,1775988574000
1775988575.954,275.954,0.99,0.99,0.01,0.01,0.0,0.0,71703.67,1775988575000
1775988577.058,277.058,0.99,0.99,0.01,0.01,0.0,0.0,71704.43,1775988576000
1775988578.1,278.1,0.99,0.99,0.01,0.01,0.0,0.0,71702.1,1775988577000
1775988579.151,279.151,0.99,0.99,0.01,0.01,0.0,0.0,71702.96,1775988578000
1775988580.13,280.13,0.99,0.99,0.01,0.01,0.0,0.0,71703.04,1775988579000
1775988581.207,281.207,0.99,0.99,0.01,0.01,0.0,0.0,71703.68,1775988580000
1775988582.1,282.1,0.99,0.99,0.01,0.01,0.0,0.0,71703.95,1775988581000
1775988583.171,283.171,0.99,0.99,0.01,0.01,0.0,0.0,71705.54,1775988582000
1775988584.146,284.146,0.99,0.99,0.01,0.01,0.0,0.0,71703.87,1775988583000
1775988584.545,284.545,0.99,0.99,0.01,0.01,0.0,0.0,71703.87,1775988583000
1775988585.108,285.108,0.99,0.99,0.01,0.01,0.0,0.0,71703.7,1775988584000
1775988586.073,286.073,0.99,0.99,0.01,0.01,0.0,0.0,71703.7,1775988584000
1775988587.691,287.691,0.99,0.99,0.01,0.01,0.0,0.0,71705.91,1775988586000
1775988588.224,288.224,0.99,0.99,0.01,0.01,0.0,0.0,71705.55,1775988587000
1775988589.645,289.645,0.99,0.99,0.01,0.01,0.0,0.0,71707.04,1775988588000
1775988590.874,290.874,0.99,0.99,0.01,0.01,0.0,0.0,71707.11,1775988589000
1775988591.343,291.343,0.99,0.99,0.01,0.01,0.0,0.0,71708.42,1775988590000
1775988592.35,292.35,0.99,0.99,0.01,0.01,0.0,0.0,71708.02,1775988591000
1775988592.946,292.946,0.99,0.99,0.01,0.01,0.0,0.0,71707.55,1775988592000
1775988594.009,294.009,0.99,0.99,0.01,0.01,0.0,0.0,71708.14,1775988593000
1775988594.888,294.888,0.99,0.99,0.01,0.01,0.0,0.0,71708.15,1775988594000
1775988596.27,296.27,0.99,0.99,0.01,0.01,0.0,0.0,71708.15,1775988594000
1775988597.007,297.007,0.99,0.99,0.01,0.01,0.0,0.0,71707.94,1775988596000
1775988597.834,297.834,0.99,0.99,0.01,0.01,0.0,0.0,71707.94,1775988596000
1775988599.286,299.286,0.99,0.99,0.01,0.01,0.0,0.0,71707.94,1775988598000
1775988600.447,300.447,0.99,0.99,0.01,0.01,0.0,0.0,71707.95,1775988599000
1775988601.061,301.061,0.99,0.99,0.01,0.01,0.0,0.0,71708.06,1775988600000
1775988602.56,302.56,0.99,0.99,0.01,0.01,0.0,0.0,71708.19,1775988601000

# RESULT,winner=Up,slug=btc-updown-5m-1775988300,ticks=615
