timestamp,elapsed_sec,up_bid,up_ask,down_bid,down_ask,up_spread,down_spread,btc_price
1775843700.517,0.517,0.46,0.47,0.51,0.52,0.01,0.01,
1775843700.914,0.914,0.45,0.47,0.53,0.54,0.02,0.01,
1775843701.475,1.475,0.45,0.46,0.54,0.55,0.01,0.01,
1775843701.823,1.823,0.44,0.45,0.55,0.56,0.01,0.01,
1775843702.168,2.168,0.44,0.45,0.55,0.56,0.01,0.01,
1775843702.577,2.577,0.44,0.45,0.55,0.56,0.01,0.01,
1775843702.921,2.921,0.4,0.43,0.57,0.6,0.03,0.03,
1775843703.276,3.276,0.4,0.41,0.59,0.6,0.01,0.01,
1775843703.61,3.61,0.37,0.38,0.62,0.63,0.01,0.01,
1775843703.985,3.985,0.37,0.38,0.62,0.63,0.01,0.01,
1775843704.323,4.323,0.37,0.38,0.62,0.63,0.01,0.01,
1775843704.704,4.704,0.37,0.38,0.62,0.63,0.01,0.01,
1775843705.055,5.055,0.37,0.38,0.62,0.63,0.01,0.01,
1775843705.43,5.43,0.36,0.37,0.63,0.64,0.01,0.01,
1775843705.81,5.81,0.36,0.37,0.63,0.64,0.01,0.01,
1775843706.155,6.155,0.36,0.37,0.63,0.64,0.01,0.01,
1775843706.771,6.771,0.36,0.37,0.63,0.64,0.01,0.01,
1775843707.223,7.223,0.36,0.37,0.63,0.64,0.01,0.01,
1775843707.573,7.573,0.37,0.38,0.62,0.63,0.01,0.01,
1775843707.989,7.989,0.37,0.38,0.62,0.63,0.01,0.01,
1775843708.442,8.442,0.37,0.38,0.62,0.63,0.01,0.01,
1775843708.828,8.828,0.36,0.37,0.63,0.64,0.01,0.01,
1775843709.263,9.263,0.36,0.37,0.63,0.64,0.01,0.01,
1775843709.677,9.677,0.36,0.37,0.63,0.64,0.01,0.01,
1775843710.038,10.038,0.36,0.37,0.63,0.64,0.01,0.01,
1775843710.393,10.393,0.36,0.37,0.63,0.64,0.01,0.01,
1775843711.001,11.001,0.36,0.37,0.63,0.64,0.01,0.01,
1775843711.493,11.493,0.36,0.37,0.63,0.64,0.01,0.01,
1775843711.878,11.878,0.36,0.37,0.63,0.64,0.01,0.01,
1775843712.218,12.218,0.36,0.37,0.63,0.64,0.01,0.01,
1775843712.587,12.587,0.36,0.37,0.63,0.64,0.01,0.01,
1775843713.273,13.273,0.36,0.37,0.63,0.64,0.01,0.01,
1775843713.633,13.633,0.36,0.37,0.63,0.64,0.01,0.01,
1775843714.046,14.046,0.37,0.38,0.62,0.64,0.01,0.02,
1775843714.382,14.382,0.37,0.38,0.62,0.63,0.01,0.01,
1775843714.724,14.724,0.37,0.38,0.62,0.63,0.01,0.01,
1775843715.066,15.066,0.37,0.38,0.62,0.63,0.01,0.01,
1775843715.403,15.403,0.39,0.41,0.59,0.61,0.02,0.02,
1775843715.9,15.9,0.4,0.41,0.59,0.6,0.01,0.01,
1775843716.348,16.348,0.4,0.41,0.59,0.6,0.01,0.01,
1775843716.682,16.682,0.34,0.37,0.63,0.66,0.03,0.03,
1775843717.026,17.026,0.34,0.35,0.65,0.66,0.01,0.01,
1775843717.36,17.36,0.34,0.35,0.65,0.66,0.01,0.01,
1775843717.773,17.773,0.35,0.36,0.64,0.65,0.01,0.01,
1775843718.125,18.125,0.35,0.36,0.64,0.65,0.01,0.01,
1775843718.519,18.519,0.35,0.36,0.64,0.65,0.01,0.01,
1775843718.877,18.877,0.35,0.36,0.64,0.65,0.01,0.01,
1775843719.314,19.314,0.34,0.35,0.64,0.66,0.01,0.02,
1775843719.833,19.833,0.34,0.35,0.65,0.66,0.01,0.01,
1775843720.234,20.234,0.34,0.35,0.65,0.66,0.01,0.01,
1775843720.676,20.676,0.34,0.35,0.65,0.66,0.01,0.01,
1775843721.021,21.021,0.31,0.32,0.66,0.69,0.01,0.03,
1775843721.389,21.389,0.31,0.32,0.68,0.69,0.01,0.01,
1775843721.734,21.734,0.31,0.32,0.68,0.69,0.01,0.01,
1775843722.102,22.102,0.3,0.31,0.69,0.7,0.01,0.01,
1775843722.572,22.572,0.3,0.31,0.69,0.7,0.01,0.01,
1775843722.973,22.973,0.3,0.31,0.69,0.7,0.01,0.01,
1775843723.324,23.324,0.3,0.31,0.69,0.7,0.01,0.01,
1775843723.657,23.657,0.3,0.31,0.69,0.7,0.01,0.01,
1775843724.051,24.051,0.3,0.31,0.69,0.7,0.01,0.01,
1775843724.602,24.602,0.3,0.31,0.69,0.7,0.01,0.01,
1775843724.963,24.963,0.3,0.31,0.69,0.7,0.01,0.01,
1775843725.33,25.33,0.3,0.31,0.69,0.7,0.01,0.01,
1775843725.663,25.663,0.31,0.32,0.68,0.69,0.01,0.01,
1775843726.003,26.003,0.31,0.32,0.68,0.69,0.01,0.01,
1775843726.363,26.363,0.31,0.32,0.68,0.69,0.01,0.01,
1775843726.737,26.737,0.32,0.33,0.67,0.69,0.01,0.02,
1775843727.209,27.209,0.32,0.33,0.67,0.68,0.01,0.01,
1775843727.688,27.688,0.32,0.33,0.67,0.68,0.01,0.01,
1775843728.267,28.267,0.32,0.33,0.67,0.68,0.01,0.01,
1775843728.788,28.788,0.34,0.35,0.66,0.67,0.01,0.01,
1775843729.14,29.14,0.34,0.35,0.65,0.66,0.01,0.01,
1775843729.515,29.515,0.36,0.38,0.63,0.66,0.02,0.03,
1775843730.053,30.053,0.4,0.41,0.6,0.64,0.01,0.04,
1775843730.41,30.41,0.4,0.41,0.59,0.6,0.01,0.01,
1775843730.774,30.774,0.4,0.41,0.59,0.6,0.01,0.01,
1775843731.119,31.119,0.4,0.41,0.59,0.6,0.01,0.01,
1775843731.721,31.721,0.4,0.43,0.59,0.6,0.03,0.01,
1775843732.099,32.099,0.41,0.42,0.58,0.59,0.01,0.01,
1775843732.525,32.525,0.41,0.42,0.58,0.59,0.01,0.01,
1775843732.89,32.89,0.41,0.42,0.58,0.59,0.01,0.01,
1775843733.277,33.277,0.41,0.42,0.58,0.59,0.01,0.01,
1775843733.891,33.891,0.41,0.42,0.58,0.59,0.01,0.01,
1775843734.346,34.346,0.41,0.42,0.58,0.59,0.01,0.01,
1775843735.15,35.15,0.41,0.42,0.58,0.59,0.01,0.01,
1775843735.512,35.512,0.43,0.44,0.58,0.59,0.01,0.01,
1775843735.856,35.856,0.44,0.45,0.55,0.56,0.01,0.01,
1775843736.192,36.192,0.44,0.45,0.55,0.56,0.01,0.01,
1775843736.565,36.565,0.44,0.45,0.55,0.56,0.01,0.01,
1775843736.908,36.908,0.44,0.45,0.55,0.56,0.01,0.01,
1775843737.242,37.242,0.45,0.46,0.54,0.55,0.01,0.01,
1775843737.629,37.629,0.46,0.47,0.53,0.54,0.01,0.01,
1775843737.969,37.969,0.46,0.47,0.53,0.54,0.01,0.01,
1775843738.425,38.425,0.46,0.47,0.53,0.54,0.01,0.01,
1775843738.808,38.808,0.46,0.47,0.53,0.54,0.01,0.01,
1775843739.216,39.216,0.46,0.47,0.53,0.54,0.01,0.01,
1775843739.581,39.581,0.46,0.47,0.53,0.54,0.01,0.01,
1775843739.953,39.953,0.46,0.47,0.53,0.54,0.01,0.01,
1775843740.3,40.3,0.46,0.47,0.53,0.54,0.01,0.01,
1775843740.634,40.634,0.46,0.47,0.53,0.54,0.01,0.01,
1775843740.976,40.976,0.46,0.47,0.53,0.54,0.01,0.01,
1775843741.326,41.326,0.46,0.47,0.53,0.54,0.01,0.01,
1775843741.681,41.681,0.46,0.47,0.53,0.54,0.01,0.01,
1775843742.262,42.262,0.46,0.47,0.53,0.54,0.01,0.01,
1775843742.692,42.692,0.46,0.47,0.53,0.54,0.01,0.01,
1775843743.282,43.282,0.45,0.46,0.54,0.55,0.01,0.01,
1775843743.734,43.734,0.45,0.46,0.54,0.55,0.01,0.01,
1775843744.381,44.381,0.45,0.46,0.54,0.55,0.01,0.01,
1775843744.734,44.734,0.44,0.45,0.54,0.56,0.01,0.02,
1775843745.199,45.199,0.44,0.45,0.55,0.56,0.01,0.01,
1775843745.59,45.59,0.44,0.45,0.55,0.56,0.01,0.01,
1775843745.939,45.939,0.44,0.45,0.55,0.56,0.01,0.01,
1775843746.556,46.556,0.44,0.45,0.55,0.56,0.01,0.01,
1775843746.921,46.921,0.47,0.48,0.52,0.53,0.01,0.01,
1775843747.265,47.265,0.49,0.5,0.5,0.51,0.01,0.01,
1775843747.697,47.697,0.49,0.5,0.5,0.51,0.01,0.01,
1775843748.097,48.097,0.49,0.5,0.5,0.51,0.01,0.01,
1775843748.447,48.447,0.49,0.5,0.5,0.51,0.01,0.01,
1775843748.813,48.813,0.49,0.5,0.5,0.51,0.01,0.01,
1775843749.316,49.316,0.49,0.5,0.5,0.51,0.01,0.01,
1775843749.737,49.737,0.49,0.5,0.5,0.51,0.01,0.01,
1775843750.146,50.146,0.48,0.5,0.5,0.51,0.02,0.01,
1775843750.634,50.634,0.48,0.49,0.51,0.52,0.01,0.01,
1775843751.141,51.141,0.48,0.49,0.51,0.52,0.01,0.01,
1775843751.491,51.491,0.48,0.49,0.51,0.52,0.01,0.01,
1775843751.963,51.963,0.48,0.49,0.51,0.52,0.01,0.01,
1775843752.424,52.424,0.48,0.49,0.51,0.52,0.01,0.01,
1775843752.847,52.847,0.47,0.49,0.51,0.52,0.02,0.01,
1775843753.238,53.238,0.42,0.43,0.57,0.58,0.01,0.01,
1775843753.574,53.574,0.4,0.43,0.57,0.59,0.03,0.02,
1775843753.995,53.995,0.39,0.4,0.6,0.61,0.01,0.01,
1775843754.354,54.354,0.39,0.4,0.6,0.61,0.01,0.01,
1775843754.907,54.907,0.39,0.4,0.6,0.61,0.01,0.01,
1775843755.326,55.326,0.39,0.4,0.6,0.61,0.01,0.01,
1775843755.681,55.681,0.39,0.4,0.6,0.61,0.01,0.01,
1775843756.015,56.015,0.39,0.4,0.6,0.61,0.01,0.01,
1775843756.417,56.417,0.4,0.41,0.59,0.6,0.01,0.01,
1775843756.765,56.765,0.4,0.43,0.58,0.6,0.03,0.02,
1775843757.294,57.294,0.42,0.43,0.57,0.59,0.01,0.02,
1775843757.637,57.637,0.42,0.43,0.57,0.58,0.01,0.01,
1775843757.972,57.972,0.42,0.43,0.57,0.58,0.01,0.01,
1775843758.36,58.36,0.42,0.43,0.57,0.58,0.01,0.01,
1775843758.706,58.706,0.41,0.42,0.58,0.59,0.01,0.01,
1775843759.147,59.147,0.41,0.42,0.58,0.59,0.01,0.01,
1775843759.556,59.556,0.41,0.42,0.58,0.59,0.01,0.01,
1775843760.255,60.255,0.41,0.42,0.58,0.59,0.01,0.01,
1775843760.707,60.707,0.41,0.42,0.58,0.59,0.01,0.01,
1775843761.3,61.3,0.41,0.42,0.58,0.59,0.01,0.01,
1775843761.871,61.871,0.41,0.42,0.58,0.59,0.01,0.01,
1775843762.217,62.217,0.4,0.42,0.58,0.59,0.02,0.01,
1775843762.58,62.58,0.4,0.41,0.58,0.6,0.01,0.02,
1775843763.149,63.149,0.4,0.41,0.59,0.6,0.01,0.01,
1775843763.696,63.696,0.4,0.41,0.59,0.6,0.01,0.01,
1775843764.111,64.111,0.4,0.41,0.59,0.6,0.01,0.01,
1775843764.542,64.542,0.4,0.41,0.59,0.6,0.01,0.01,
1775843765.479,65.479,0.4,0.41,0.59,0.6,0.01,0.01,
1775843765.952,65.952,0.4,0.41,0.59,0.6,0.01,0.01,
1775843766.299,66.299,0.4,0.42,0.59,0.6,0.02,0.01,
1775843766.646,66.646,0.41,0.42,0.58,0.59,0.01,0.01,
1775843767.215,67.215,0.41,0.42,0.58,0.59,0.01,0.01,
1775843767.901,67.901,0.41,0.42,0.58,0.59,0.01,0.01,
1775843768.263,68.263,0.41,0.42,0.58,0.59,0.01,0.01,
1775843768.611,68.611,0.41,0.42,0.58,0.59,0.01,0.01,
1775843769.073,69.073,0.42,0.43,0.57,0.58,0.01,0.01,
1775843769.569,69.569,0.42,0.43,0.57,0.58,0.01,0.01,
1775843770.014,70.014,0.42,0.43,0.57,0.58,0.01,0.01,
1775843770.454,70.454,0.42,0.43,0.57,0.58,0.01,0.01,
1775843770.9,70.9,0.42,0.43,0.57,0.58,0.01,0.01,
1775843771.487,71.487,0.44,0.45,0.55,0.57,0.01,0.02,
1775843771.848,71.848,0.44,0.45,0.55,0.56,0.01,0.01,
1775843772.288,72.288,0.44,0.45,0.55,0.56,0.01,0.01,
1775843772.733,72.733,0.45,0.47,0.54,0.56,0.02,0.02,
1775843773.101,73.101,0.48,0.49,0.51,0.52,0.01,0.01,
1775843773.656,73.656,0.49,0.5,0.5,0.51,0.01,0.01,
1775843774.006,74.006,0.5,0.51,0.49,0.5,0.01,0.01,
1775843774.448,74.448,0.53,0.54,0.46,0.49,0.01,0.03,
1775843774.784,74.784,0.53,0.54,0.46,0.47,0.01,0.01,
1775843775.136,75.136,0.53,0.54,0.46,0.47,0.01,0.01,
1775843775.498,75.498,0.53,0.54,0.46,0.47,0.01,0.01,
1775843775.921,75.921,0.53,0.54,0.46,0.47,0.01,0.01,
1775843776.361,76.361,0.53,0.54,0.46,0.47,0.01,0.01,
1775843776.697,76.697,0.53,0.54,0.46,0.47,0.01,0.01,
1775843777.036,77.036,0.53,0.54,0.46,0.47,0.01,0.01,
1775843777.409,77.409,0.52,0.53,0.46,0.48,0.01,0.02,
1775843777.767,77.767,0.52,0.53,0.47,0.48,0.01,0.01,
1775843778.368,78.368,0.52,0.53,0.47,0.48,0.01,0.01,
1775843778.939,78.939,0.52,0.53,0.47,0.48,0.01,0.01,
1775843779.363,79.363,0.54,0.55,0.45,0.48,0.01,0.03,
1775843779.828,79.828,0.54,0.55,0.45,0.46,0.01,0.01,
1775843780.186,80.186,0.56,0.57,0.43,0.44,0.01,0.01,
1775843780.851,80.851,0.56,0.57,0.43,0.44,0.01,0.01,
1775843781.226,81.226,0.56,0.57,0.43,0.44,0.01,0.01,
1775843781.741,81.741,0.56,0.57,0.43,0.44,0.01,0.01,
1775843782.157,82.157,0.56,0.57,0.43,0.44,0.01,0.01,
1775843782.62,82.62,0.56,0.57,0.43,0.44,0.01,0.01,
1775843783.05,83.05,0.56,0.57,0.43,0.44,0.01,0.01,
1775843783.469,83.469,0.56,0.57,0.43,0.44,0.01,0.01,
1775843783.843,83.843,0.53,0.54,0.46,0.47,0.01,0.01,
1775843784.198,84.198,0.53,0.54,0.46,0.47,0.01,0.01,
1775843784.562,84.562,0.53,0.54,0.46,0.47,0.01,0.01,
1775843784.944,84.944,0.51,0.52,0.48,0.49,0.01,0.01,
1775843785.329,85.329,0.51,0.52,0.48,0.49,0.01,0.01,
1775843785.762,85.762,0.51,0.52,0.48,0.49,0.01,0.01,
1775843786.174,86.174,0.51,0.52,0.48,0.49,0.01,0.01,
1775843786.547,86.547,0.51,0.52,0.48,0.49,0.01,0.01,
1775843787.043,87.043,0.51,0.52,0.48,0.49,0.01,0.01,
1775843787.628,87.628,0.51,0.52,0.48,0.49,0.01,0.01,
1775843788.081,88.081,0.51,0.52,0.48,0.49,0.01,0.01,
1775843788.513,88.513,0.51,0.52,0.48,0.49,0.01,0.01,
1775843788.866,88.866,0.51,0.52,0.48,0.49,0.01,0.01,
1775843789.511,89.511,0.51,0.52,0.48,0.49,0.01,0.01,
1775843790.058,90.058,0.51,0.52,0.48,0.49,0.01,0.01,
1775843790.477,90.477,0.51,0.52,0.48,0.49,0.01,0.01,
1775843790.93,90.93,0.51,0.52,0.48,0.49,0.01,0.01,
1775843791.466,91.466,0.51,0.52,0.48,0.49,0.01,0.01,
1775843791.802,91.802,0.5,0.51,0.49,0.5,0.01,0.01,
1775843792.154,92.154,0.5,0.52,0.49,0.5,0.02,0.01,
1775843792.543,92.543,0.51,0.52,0.48,0.49,0.01,0.01,
1775843792.883,92.883,0.51,0.52,0.48,0.49,0.01,0.01,
1775843793.422,93.422,0.51,0.52,0.48,0.49,0.01,0.01,
1775843793.833,93.833,0.51,0.52,0.48,0.49,0.01,0.01,
1775843794.179,94.179,0.51,0.52,0.48,0.49,0.01,0.01,
1775843794.609,94.609,0.51,0.52,0.48,0.49,0.01,0.01,
1775843795.089,95.089,0.51,0.52,0.48,0.49,0.01,0.01,
1775843795.676,95.676,0.51,0.52,0.48,0.49,0.01,0.01,
1775843796.07,96.07,0.51,0.54,0.48,0.49,0.03,0.01,
1775843796.483,96.483,0.53,0.54,0.46,0.47,0.01,0.01,
1775843796.958,96.958,0.53,0.54,0.46,0.47,0.01,0.01,
1775843797.404,97.404,0.53,0.54,0.46,0.47,0.01,0.01,
1775843798.3,98.3,0.53,0.54,0.46,0.47,0.01,0.01,
1775843798.665,98.665,0.53,0.54,0.46,0.47,0.01,0.01,
1775843799.614,99.614,0.53,0.54,0.46,0.47,0.01,0.01,
1775843799.975,99.975,0.53,0.54,0.46,0.47,0.01,0.01,
1775843800.364,100.364,0.51,0.52,0.48,0.49,0.01,0.01,
1775843801.027,101.027,0.51,0.52,0.48,0.49,0.01,0.01,
1775843801.389,101.389,0.51,0.52,0.48,0.49,0.01,0.01,
1775843801.856,101.856,0.51,0.52,0.48,0.49,0.01,0.01,
1775843802.413,102.413,0.51,0.52,0.48,0.49,0.01,0.01,
1775843802.746,102.746,0.51,0.52,0.48,0.49,0.01,0.01,
1775843803.643,103.643,0.51,0.52,0.48,0.49,0.01,0.01,
1775843803.993,103.993,0.51,0.52,0.48,0.49,0.01,0.01,
1775843804.327,104.327,0.51,0.52,0.48,0.49,0.01,0.01,
1775843804.888,104.888,0.51,0.52,0.48,0.49,0.01,0.01,
1775843805.273,105.273,0.5,0.51,0.49,0.5,0.01,0.01,
1775843805.678,105.678,0.5,0.51,0.49,0.5,0.01,0.01,
1775843806.239,106.239,0.5,0.51,0.49,0.5,0.01,0.01,
1775843806.778,106.778,0.5,0.51,0.49,0.5,0.01,0.01,
1775843807.113,107.113,0.53,0.54,0.46,0.47,0.01,0.01,
1775843807.449,107.449,0.53,0.54,0.46,0.47,0.01,0.01,
1775843807.887,107.887,0.53,0.54,0.46,0.47,0.01,0.01,
1775843808.266,108.266,0.53,0.54,0.46,0.47,0.01,0.01,
1775843808.752,108.752,0.53,0.54,0.46,0.47,0.01,0.01,
1775843809.117,109.117,0.53,0.54,0.46,0.47,0.01,0.01,
1775843809.62,109.62,0.52,0.53,0.46,0.48,0.01,0.02,
1775843810.073,110.073,0.51,0.52,0.48,0.49,0.01,0.01,
1775843810.449,110.449,0.51,0.52,0.48,0.49,0.01,0.01,
1775843810.831,110.831,0.53,0.54,0.46,0.47,0.01,0.01,
1775843811.209,111.209,0.54,0.55,0.45,0.47,0.01,0.02,
1775843811.55,111.55,0.54,0.55,0.45,0.46,0.01,0.01,
1775843811.931,111.931,0.54,0.55,0.45,0.46,0.01,0.01,
1775843812.373,112.373,0.54,0.55,0.45,0.46,0.01,0.01,
1775843812.85,112.85,0.54,0.55,0.45,0.46,0.01,0.01,
1775843813.29,113.29,0.54,0.55,0.45,0.46,0.01,0.01,
1775843813.857,113.857,0.54,0.55,0.45,0.46,0.01,0.01,
1775843814.192,114.192,0.54,0.55,0.45,0.46,0.01,0.01,
1775843814.692,114.692,0.54,0.55,0.45,0.46,0.01,0.01,
1775843815.212,115.212,0.54,0.55,0.45,0.46,0.01,0.01,
1775843815.656,115.656,0.54,0.55,0.45,0.46,0.01,0.01,
1775843816.179,116.179,0.55,0.56,0.45,0.46,0.01,0.01,
1775843816.719,116.719,0.55,0.56,0.44,0.45,0.01,0.01,
1775843817.076,117.076,0.55,0.57,0.44,0.45,0.02,0.01,
1775843817.968,117.968,0.56,0.57,0.43,0.44,0.01,0.01,
1775843818.303,118.303,0.56,0.57,0.43,0.44,0.01,0.01,
1775843818.922,118.922,0.56,0.57,0.43,0.44,0.01,0.01,
1775843820.257,120.257,0.56,0.57,0.43,0.44,0.01,0.01,
1775843820.599,120.599,0.59,0.6,0.4,0.41,0.01,0.01,
1775843820.966,120.966,0.6,0.61,0.39,0.4,0.01,0.01,
1775843821.362,121.362,0.6,0.61,0.39,0.4,0.01,0.01,
1775843821.764,121.764,0.6,0.61,0.39,0.4,0.01,0.01,
1775843822.151,122.151,0.6,0.61,0.39,0.4,0.01,0.01,
1775843822.504,122.504,0.6,0.61,0.39,0.4,0.01,0.01,
1775843822.876,122.876,0.6,0.61,0.39,0.4,0.01,0.01,
1775843823.256,123.256,0.6,0.62,0.38,0.4,0.02,0.02,
1775843823.772,123.772,0.65,0.66,0.34,0.36,0.01,0.02,
1775843824.137,124.137,0.66,0.68,0.32,0.35,0.02,0.03,
1775843824.495,124.495,0.66,0.67,0.33,0.34,0.01,0.01,
1775843825.028,125.028,0.67,0.68,0.32,0.33,0.01,0.01,
1775843825.43,125.43,0.67,0.68,0.32,0.33,0.01,0.01,
1775843825.783,125.783,0.66,0.68,0.32,0.34,0.02,0.02,
1775843826.16,126.16,0.65,0.66,0.34,0.35,0.01,0.01,
1775843826.541,126.541,0.65,0.66,0.34,0.35,0.01,0.01,
1775843826.914,126.914,0.65,0.66,0.34,0.35,0.01,0.01,
1775843827.514,127.514,0.65,0.66,0.34,0.35,0.01,0.01,
1775843827.937,127.937,0.65,0.66,0.34,0.35,0.01,0.01,
1775843828.279,128.279,0.65,0.66,0.34,0.35,0.01,0.01,
1775843828.625,128.625,0.65,0.66,0.34,0.35,0.01,0.01,
1775843829.246,129.246,0.65,0.66,0.34,0.35,0.01,0.01,
1775843829.704,129.704,0.65,0.66,0.34,0.35,0.01,0.01,
1775843830.046,130.046,0.65,0.66,0.34,0.35,0.01,0.01,
1775843830.521,130.521,0.65,0.66,0.34,0.35,0.01,0.01,
1775843830.867,130.867,0.65,0.66,0.34,0.35,0.01,0.01,
1775843831.242,131.242,0.65,0.66,0.34,0.35,0.01,0.01,
1775843831.799,131.799,0.65,0.66,0.34,0.35,0.01,0.01,
1775843832.16,132.16,0.65,0.66,0.34,0.35,0.01,0.01,
1775843832.828,132.828,0.65,0.66,0.34,0.35,0.01,0.01,
1775843833.386,133.386,0.65,0.66,0.34,0.35,0.01,0.01,
1775843833.764,133.764,0.58,0.6,0.4,0.41,0.02,0.01,
1775843834.106,134.106,0.58,0.59,0.41,0.42,0.01,0.01,
1775843834.546,134.546,0.58,0.59,0.41,0.42,0.01,0.01,
1775843834.895,134.895,0.58,0.59,0.41,0.42,0.01,0.01,
1775843835.238,135.238,0.58,0.59,0.41,0.42,0.01,0.01,
1775843835.682,135.682,0.58,0.59,0.41,0.42,0.01,0.01,
1775843836.115,136.115,0.58,0.59,0.41,0.42,0.01,0.01,
1775843836.63,136.63,0.58,0.59,0.41,0.42,0.01,0.01,
1775843837.009,137.009,0.58,0.59,0.41,0.42,0.01,0.01,
1775843837.525,137.525,0.58,0.59,0.41,0.42,0.01,0.01,
1775843837.956,137.956,0.58,0.59,0.41,0.42,0.01,0.01,
1775843838.319,138.319,0.58,0.59,0.41,0.42,0.01,0.01,
1775843838.699,138.699,0.57,0.58,0.41,0.42,0.01,0.01,
1775843839.271,139.271,0.57,0.58,0.42,0.43,0.01,0.01,
1775843839.617,139.617,0.57,0.58,0.42,0.43,0.01,0.01,
1775843839.957,139.957,0.57,0.58,0.42,0.43,0.01,0.01,
1775843840.315,140.315,0.57,0.58,0.42,0.43,0.01,0.01,
1775843840.756,140.756,0.57,0.58,0.42,0.43,0.01,0.01,
1775843841.366,141.366,0.57,0.58,0.42,0.43,0.01,0.01,
1775843841.728,141.728,0.57,0.58,0.42,0.43,0.01,0.01,
1775843842.286,142.286,0.57,0.58,0.42,0.43,0.01,0.01,
1775843842.975,142.975,0.57,0.58,0.42,0.43,0.01,0.01,
1775843843.466,143.466,0.57,0.58,0.42,0.43,0.01,0.01,
1775843843.943,143.943,0.57,0.58,0.42,0.43,0.01,0.01,
1775843844.296,144.296,0.56,0.57,0.43,0.44,0.01,0.01,
1775843844.967,144.967,0.56,0.57,0.43,0.44,0.01,0.01,
1775843845.788,145.788,0.56,0.57,0.43,0.44,0.01,0.01,
1775843846.286,146.286,0.55,0.57,0.43,0.44,0.02,0.01,
1775843846.652,146.652,0.52,0.56,0.44,0.45,0.04,0.01,
1775843847.013,147.013,0.48,0.49,0.51,0.52,0.01,0.01,
1775843847.388,147.388,0.48,0.49,0.51,0.52,0.01,0.01,
1775843848.02,148.02,0.48,0.49,0.51,0.52,0.01,0.01,
1775843848.523,148.523,0.48,0.49,0.51,0.52,0.01,0.01,
1775843848.874,148.874,0.48,0.49,0.51,0.52,0.01,0.01,
1775843849.222,149.222,0.48,0.49,0.51,0.52,0.01,0.01,
1775843849.564,149.564,0.48,0.49,0.51,0.52,0.01,0.01,
1775843849.99,149.99,0.46,0.49,0.51,0.52,0.03,0.01,
1775843850.365,150.365,0.42,0.43,0.55,0.58,0.01,0.03,
1775843850.716,150.716,0.42,0.43,0.57,0.58,0.01,0.01,
1775843851.06,151.06,0.42,0.43,0.57,0.58,0.01,0.01,
1775843851.56,151.56,0.42,0.43,0.57,0.58,0.01,0.01,
1775843852.038,152.038,0.42,0.43,0.57,0.58,0.01,0.01,
1775843852.822,152.822,0.42,0.43,0.57,0.58,0.01,0.01,
1775843853.248,153.248,0.42,0.43,0.57,0.58,0.01,0.01,
1775843853.612,153.612,0.42,0.43,0.57,0.58,0.01,0.01,
1775843854.12,154.12,0.42,0.44,0.57,0.58,0.02,0.01,
1775843854.695,154.695,0.43,0.44,0.56,0.57,0.01,0.01,
1775843855.156,155.156,0.42,0.44,0.56,0.57,0.02,0.01,
1775843855.932,155.932,0.42,0.44,0.57,0.58,0.02,0.01,
1775843856.343,156.343,0.44,0.45,0.55,0.56,0.01,0.01,
1775843857.236,157.236,0.45,0.47,0.54,0.55,0.02,0.01,
1775843857.572,157.572,0.54,0.55,0.45,0.46,0.01,0.01,
1775843857.909,157.909,0.55,0.6,0.4,0.45,0.05,0.05,
1775843858.243,158.243,0.65,0.7,0.32,0.35,0.05,0.03,
1775843858.581,158.581,0.69,0.71,0.29,0.31,0.02,0.02,
1775843858.914,158.914,0.73,0.74,0.26,0.27,0.01,0.01,
1775843859.252,159.252,0.74,0.75,0.25,0.26,0.01,0.01,
1775843859.62,159.62,0.74,0.75,0.24,0.26,0.01,0.02,
1775843859.953,159.953,0.74,0.75,0.24,0.26,0.01,0.02,
1775843860.346,160.346,0.76,0.77,0.23,0.24,0.01,0.01,
1775843860.694,160.694,0.76,0.77,0.23,0.24,0.01,0.01,
1775843861.07,161.07,0.76,0.77,0.23,0.24,0.01,0.01,
1775843861.411,161.411,0.76,0.77,0.23,0.24,0.01,0.01,
1775843861.802,161.802,0.76,0.77,0.23,0.24,0.01,0.01,
1775843862.136,162.136,0.76,0.77,0.23,0.24,0.01,0.01,
1775843862.469,162.469,0.76,0.77,0.23,0.24,0.01,0.01,
1775843862.962,162.962,0.76,0.77,0.23,0.24,0.01,0.01,
1775843863.437,163.437,0.76,0.77,0.23,0.24,0.01,0.01,
1775843863.808,163.808,0.76,0.77,0.23,0.24,0.01,0.01,
1775843864.168,164.168,0.76,0.77,0.23,0.24,0.01,0.01,
1775843864.712,164.712,0.76,0.77,0.23,0.24,0.01,0.01,
1775843865.216,165.216,0.76,0.77,0.23,0.24,0.01,0.01,
1775843865.566,165.566,0.76,0.77,0.23,0.24,0.01,0.01,
1775843865.914,165.914,0.76,0.77,0.23,0.24,0.01,0.01,
1775843866.438,166.438,0.76,0.77,0.23,0.24,0.01,0.01,
1775843866.775,166.775,0.73,0.74,0.26,0.27,0.01,0.01,
1775843867.117,167.117,0.73,0.74,0.26,0.27,0.01,0.01,
1775843867.751,167.751,0.73,0.74,0.26,0.27,0.01,0.01,
1775843868.096,168.096,0.73,0.74,0.26,0.27,0.01,0.01,
1775843868.532,168.532,0.73,0.74,0.26,0.27,0.01,0.01,
1775843868.922,168.922,0.73,0.74,0.26,0.27,0.01,0.01,
1775843869.501,169.501,0.73,0.74,0.26,0.27,0.01,0.01,
1775843869.887,169.887,0.73,0.74,0.26,0.27,0.01,0.01,
1775843870.287,170.287,0.72,0.73,0.26,0.28,0.01,0.02,
1775843870.839,170.839,0.72,0.73,0.27,0.28,0.01,0.01,
1775843871.273,171.273,0.72,0.73,0.27,0.28,0.01,0.01,
1775843871.764,171.764,0.72,0.73,0.27,0.28,0.01,0.01,
1775843872.121,172.121,0.72,0.73,0.27,0.28,0.01,0.01,
1775843872.495,172.495,0.72,0.73,0.27,0.28,0.01,0.01,
1775843872.865,172.865,0.72,0.73,0.27,0.28,0.01,0.01,
1775843873.282,173.282,0.72,0.73,0.27,0.28,0.01,0.01,
1775843873.645,173.645,0.72,0.73,0.27,0.28,0.01,0.01,
1775843874.128,174.128,0.72,0.73,0.27,0.28,0.01,0.01,
1775843874.503,174.503,0.72,0.73,0.27,0.28,0.01,0.01,
1775843874.925,174.925,0.69,0.7,0.3,0.31,0.01,0.01,
1775843875.386,175.386,0.69,0.7,0.3,0.31,0.01,0.01,
1775843875.785,175.785,0.67,0.68,0.32,0.33,0.01,0.01,
1775843876.211,176.211,0.67,0.68,0.32,0.33,0.01,0.01,
1775843876.578,176.578,0.67,0.68,0.32,0.33,0.01,0.01,
1775843876.952,176.952,0.67,0.68,0.32,0.33,0.01,0.01,
1775843877.319,177.319,0.67,0.68,0.32,0.33,0.01,0.01,
1775843877.787,177.787,0.67,0.68,0.32,0.33,0.01,0.01,
1775843878.15,178.15,0.67,0.68,0.32,0.33,0.01,0.01,
1775843878.492,178.492,0.67,0.68,0.32,0.33,0.01,0.01,
1775843878.872,178.872,0.67,0.68,0.32,0.33,0.01,0.01,
1775843879.287,179.287,0.67,0.68,0.32,0.33,0.01,0.01,
1775843879.871,179.871,0.67,0.68,0.32,0.33,0.01,0.01,
1775843880.428,180.428,0.67,0.68,0.32,0.33,0.01,0.01,
1775843880.784,180.784,0.69,0.7,0.3,0.31,0.01,0.01,
1775843881.189,181.189,0.69,0.71,0.3,0.31,0.02,0.01,
1775843881.586,181.586,0.7,0.71,0.29,0.3,0.01,0.01,
1775843881.978,181.978,0.7,0.71,0.29,0.3,0.01,0.01,
1775843882.833,182.833,0.7,0.72,0.29,0.3,0.02,0.01,
1775843883.181,183.181,0.72,0.73,0.27,0.28,0.01,0.01,
1775843883.532,183.532,0.72,0.73,0.27,0.28,0.01,0.01,
1775843883.97,183.97,0.72,0.73,0.27,0.28,0.01,0.01,
1775843884.414,184.414,0.72,0.73,0.27,0.28,0.01,0.01,
1775843884.802,184.802,0.72,0.73,0.27,0.28,0.01,0.01,
1775843885.149,185.149,0.73,0.74,0.26,0.27,0.01,0.01,
1775843885.589,185.589,0.73,0.74,0.26,0.27,0.01,0.01,
1775843885.972,185.972,0.73,0.74,0.26,0.27,0.01,0.01,
1775843886.392,186.392,0.73,0.74,0.26,0.27,0.01,0.01,
1775843886.916,186.916,0.7,0.71,0.29,0.3,0.01,0.01,
1775843887.302,187.302,0.69,0.7,0.3,0.31,0.01,0.01,
1775843888.009,188.009,0.69,0.7,0.3,0.31,0.01,0.01,
1775843888.432,188.432,0.69,0.7,0.3,0.31,0.01,0.01,
1775843888.956,188.956,0.69,0.7,0.3,0.31,0.01,0.01,
1775843889.317,189.317,0.69,0.7,0.3,0.31,0.01,0.01,
1775843889.699,189.699,0.7,0.71,0.3,0.31,0.01,0.01,
1775843890.059,190.059,0.71,0.72,0.28,0.29,0.01,0.01,
1775843890.445,190.445,0.71,0.72,0.28,0.29,0.01,0.01,
1775843890.911,190.911,0.71,0.72,0.28,0.29,0.01,0.01,
1775843891.267,191.267,0.71,0.72,0.28,0.29,0.01,0.01,
1775843891.6,191.6,0.71,0.72,0.28,0.29,0.01,0.01,
1775843892.153,192.153,0.7,0.71,0.28,0.29,0.01,0.01,
1775843892.627,192.627,0.7,0.71,0.29,0.3,0.01,0.01,
1775843893.028,193.028,0.7,0.71,0.29,0.3,0.01,0.01,
1775843893.529,193.529,0.69,0.7,0.3,0.31,0.01,0.01,
1775843893.976,193.976,0.69,0.7,0.3,0.31,0.01,0.01,
1775843894.365,194.365,0.69,0.7,0.3,0.31,0.01,0.01,
1775843894.741,194.741,0.69,0.7,0.3,0.31,0.01,0.01,
1775843895.135,195.135,0.68,0.69,0.3,0.32,0.01,0.02,
1775843895.747,195.747,0.68,0.69,0.31,0.32,0.01,0.01,
1775843896.366,196.366,0.66,0.69,0.31,0.32,0.03,0.01,
1775843896.701,196.701,0.63,0.64,0.36,0.37,0.01,0.01,
1775843897.063,197.063,0.63,0.64,0.36,0.37,0.01,0.01,
1775843897.445,197.445,0.63,0.64,0.36,0.37,0.01,0.01,
1775843897.916,197.916,0.63,0.64,0.36,0.37,0.01,0.01,
1775843898.284,198.284,0.63,0.64,0.36,0.37,0.01,0.01,
1775843898.964,198.964,0.63,0.64,0.36,0.37,0.01,0.01,
1775843899.433,199.433,0.63,0.64,0.35,0.37,0.01,0.02,
1775843899.767,199.767,0.64,0.65,0.35,0.37,0.01,0.02,
1775843900.29,200.29,0.65,0.66,0.34,0.35,0.01,0.01,
1775843900.709,200.709,0.65,0.66,0.34,0.35,0.01,0.01,
1775843901.224,201.224,0.65,0.66,0.34,0.35,0.01,0.01,
1775843902.017,202.017,0.65,0.66,0.34,0.35,0.01,0.01,
1775843902.624,202.624,0.65,0.66,0.34,0.35,0.01,0.01,
1775843903.096,203.096,0.65,0.66,0.34,0.35,0.01,0.01,
1775843903.726,203.726,0.65,0.66,0.34,0.35,0.01,0.01,
1775843904.382,204.382,0.64,0.66,0.34,0.35,0.02,0.01,
1775843904.817,204.817,0.64,0.65,0.35,0.36,0.01,0.01,
1775843905.235,205.235,0.64,0.65,0.35,0.36,0.01,0.01,
1775843906.204,206.204,0.64,0.65,0.35,0.36,0.01,0.01,
1775843906.731,206.731,0.65,0.66,0.34,0.35,0.01,0.01,
1775843907.197,207.197,0.65,0.66,0.34,0.35,0.01,0.01,
1775843907.899,207.899,0.65,0.66,0.34,0.35,0.01,0.01,
1775843908.304,208.304,0.64,0.66,0.34,0.35,0.02,0.01,
1775843908.763,208.763,0.61,0.65,0.35,0.36,0.04,0.01,
1775843909.121,209.121,0.6,0.61,0.39,0.4,0.01,0.01,
1775843909.533,209.533,0.55,0.57,0.42,0.45,0.02,0.03,
1775843909.95,209.95,0.55,0.56,0.44,0.46,0.01,0.02,
1775843910.332,210.332,0.53,0.54,0.46,0.47,0.01,0.01,
1775843910.849,210.849,0.53,0.54,0.46,0.47,0.01,0.01,
1775843911.225,211.225,0.53,0.54,0.46,0.47,0.01,0.01,
1775843911.563,211.563,0.53,0.54,0.46,0.47,0.01,0.01,
1775843911.9,211.9,0.53,0.54,0.46,0.47,0.01,0.01,
1775843912.243,212.243,0.53,0.54,0.46,0.47,0.01,0.01,
1775843912.733,212.733,0.53,0.54,0.46,0.47,0.01,0.01,
1775843913.283,213.283,0.53,0.54,0.46,0.47,0.01,0.01,
1775843913.663,213.663,0.54,0.55,0.45,0.46,0.01,0.01,
1775843914.067,214.067,0.54,0.55,0.45,0.46,0.01,0.01,
1775843914.444,214.444,0.54,0.55,0.45,0.46,0.01,0.01,
1775843914.794,214.794,0.54,0.55,0.45,0.46,0.01,0.01,
1775843915.954,215.954,0.54,0.55,0.45,0.47,0.01,0.02,
1775843916.397,216.397,0.54,0.55,0.45,0.46,0.01,0.01,
1775843917.038,217.038,0.55,0.56,0.44,0.45,0.01,0.01,
1775843917.455,217.455,0.55,0.56,0.44,0.45,0.01,0.01,
1775843918.154,218.154,0.55,0.57,0.44,0.45,0.02,0.01,
1775843918.538,218.538,0.56,0.57,0.42,0.44,0.01,0.02,
1775843918.942,218.942,0.56,0.57,0.43,0.44,0.01,0.01,
1775843919.406,219.406,0.56,0.57,0.43,0.44,0.01,0.01,
1775843919.828,219.828,0.57,0.59,0.42,0.43,0.02,0.01,
1775843920.237,220.237,0.59,0.6,0.4,0.41,0.01,0.01,
1775843920.673,220.673,0.58,0.59,0.41,0.42,0.01,0.01,
1775843921.017,221.017,0.56,0.57,0.41,0.44,0.01,0.03,
1775843921.789,221.789,0.56,0.57,0.43,0.44,0.01,0.01,
1775843922.129,222.129,0.56,0.57,0.43,0.44,0.01,0.01,
1775843922.502,222.502,0.54,0.57,0.43,0.44,0.03,0.01,
1775843922.923,222.923,0.55,0.56,0.44,0.45,0.01,0.01,
1775843923.564,223.564,0.57,0.58,0.42,0.43,0.01,0.01,
1775843923.923,223.923,0.57,0.58,0.42,0.43,0.01,0.01,
1775843924.328,224.328,0.57,0.58,0.42,0.43,0.01,0.01,
1775843924.775,224.775,0.57,0.58,0.42,0.43,0.01,0.01,
1775843925.398,225.398,0.58,0.59,0.41,0.43,0.01,0.02,
1775843926.222,226.222,0.58,0.59,0.41,0.42,0.01,0.01,
1775843926.691,226.691,0.59,0.6,0.4,0.42,0.01,0.02,
1775843927.367,227.367,0.57,0.58,0.42,0.43,0.01,0.01,
1775843927.76,227.76,0.56,0.57,0.42,0.44,0.01,0.02,
1775843928.236,228.236,0.55,0.56,0.43,0.44,0.01,0.01,
1775843928.639,228.639,0.55,0.56,0.44,0.45,0.01,0.01,
1775843929.091,229.091,0.54,0.56,0.44,0.45,0.02,0.01,
1775843929.638,229.638,0.54,0.55,0.44,0.46,0.01,0.02,
1775843930.114,230.114,0.57,0.58,0.42,0.43,0.01,0.01,
1775843930.477,230.477,0.57,0.58,0.41,0.43,0.01,0.02,
1775843930.854,230.854,0.52,0.57,0.42,0.43,0.05,0.01,
1775843931.342,231.342,0.47,0.48,0.48,0.52,0.01,0.04,
1775843931.696,231.696,0.44,0.47,0.52,0.58,0.03,0.06,
1775843932.038,232.038,0.44,0.45,0.54,0.57,0.01,0.03,
1775843932.379,232.379,0.44,0.45,0.55,0.56,0.01,0.01,
1775843932.792,232.792,0.44,0.45,0.55,0.56,0.01,0.01,
1775843933.17,233.17,0.44,0.45,0.55,0.56,0.01,0.01,
1775843933.515,233.515,0.44,0.45,0.55,0.56,0.01,0.01,
1775843934.016,234.016,0.44,0.45,0.55,0.56,0.01,0.01,
1775843934.43,234.43,0.44,0.45,0.55,0.56,0.01,0.01,
1775843934.826,234.826,0.44,0.45,0.54,0.56,0.01,0.02,
1775843935.525,235.525,0.46,0.47,0.53,0.54,0.01,0.01,
1775843935.9,235.9,0.46,0.47,0.53,0.54,0.01,0.01,
1775843936.261,236.261,0.46,0.47,0.53,0.54,0.01,0.01,
1775843936.678,236.678,0.46,0.47,0.53,0.54,0.01,0.01,
1775843937.02,237.02,0.46,0.47,0.53,0.54,0.01,0.01,
1775843937.684,237.684,0.47,0.48,0.52,0.54,0.01,0.02,
1775843938.077,238.077,0.47,0.48,0.52,0.53,0.01,0.01,
1775843938.434,238.434,0.47,0.5,0.52,0.53,0.03,0.01,
1775843939.099,239.099,0.5,0.51,0.49,0.5,0.01,0.01,
1775843939.538,239.538,0.5,0.51,0.49,0.5,0.01,0.01,
1775843939.931,239.931,0.5,0.51,0.49,0.5,0.01,0.01,
1775843940.355,240.355,0.5,0.51,0.49,0.5,0.01,0.01,
1775843940.851,240.851,0.55,0.56,0.46,0.49,0.01,0.03,
1775843941.224,241.224,0.56,0.58,0.43,0.45,0.02,0.02,
1775843941.562,241.562,0.58,0.59,0.41,0.42,0.01,0.01,
1775843942.026,242.026,0.58,0.59,0.41,0.42,0.01,0.01,
1775843942.813,242.813,0.58,0.59,0.41,0.42,0.01,0.01,
1775843943.332,243.332,0.61,0.62,0.38,0.39,0.01,0.01,
1775843943.82,243.82,0.61,0.62,0.38,0.39,0.01,0.01,
1775843944.174,244.174,0.61,0.62,0.38,0.39,0.01,0.01,
1775843944.551,244.551,0.61,0.62,0.38,0.39,0.01,0.01,
1775843944.892,244.892,0.6,0.61,0.39,0.4,0.01,0.01,
1775843945.293,245.293,0.61,0.62,0.39,0.4,0.01,0.01,
1775843945.632,245.632,0.64,0.66,0.35,0.37,0.02,0.02,
1775843946.104,246.104,0.67,0.69,0.35,0.36,0.02,0.01,
1775843946.459,246.459,0.72,0.73,0.25,0.28,0.01,0.03,
1775843946.797,246.797,0.72,0.73,0.27,0.28,0.01,0.01,
1775843947.167,247.167,0.71,0.72,0.28,0.29,0.01,0.01,
1775843947.57,247.57,0.72,0.73,0.27,0.28,0.01,0.01,
1775843947.932,247.932,0.71,0.72,0.28,0.29,0.01,0.01,
1775843948.293,248.293,0.7,0.71,0.29,0.3,0.01,0.01,
1775843948.638,248.638,0.7,0.71,0.29,0.3,0.01,0.01,
1775843949.002,249.002,0.71,0.72,0.28,0.29,0.01,0.01,
1775843949.415,249.415,0.7,0.71,0.28,0.3,0.01,0.02,
1775843949.768,249.768,0.7,0.71,0.29,0.3,0.01,0.01,
1775843950.157,250.157,0.7,0.71,0.29,0.3,0.01,0.01,
1775843950.566,250.566,0.7,0.71,0.29,0.3,0.01,0.01,
1775843950.974,250.974,0.7,0.71,0.29,0.3,0.01,0.01,
1775843951.371,251.371,0.71,0.72,0.28,0.29,0.01,0.01,
1775843951.738,251.738,0.7,0.71,0.29,0.3,0.01,0.01,
1775843952.121,252.121,0.69,0.7,0.3,0.31,0.01,0.01,
1775843952.523,252.523,0.7,0.71,0.29,0.3,0.01,0.01,
1775843953.019,253.019,0.71,0.72,0.28,0.29,0.01,0.01,
1775843953.495,253.495,0.79,0.8,0.2,0.21,0.01,0.01,
1775843953.85,253.85,0.79,0.8,0.2,0.21,0.01,0.01,
1775843954.195,254.195,0.8,0.81,0.19,0.2,0.01,0.01,
1775843954.573,254.573,0.83,0.84,0.16,0.17,0.01,0.01,
1775843954.942,254.942,0.84,0.85,0.15,0.16,0.01,0.01,
1775843955.408,255.408,0.84,0.85,0.15,0.16,0.01,0.01,
1775843955.778,255.778,0.84,0.85,0.15,0.16,0.01,0.01,
1775843956.158,256.158,0.85,0.86,0.14,0.15,0.01,0.01,
1775843956.513,256.513,0.85,0.86,0.14,0.15,0.01,0.01,
1775843956.88,256.88,0.86,0.87,0.13,0.14,0.01,0.01,
1775843957.224,257.224,0.86,0.87,0.13,0.14,0.01,0.01,
1775843957.562,257.562,0.88,0.89,0.11,0.12,0.01,0.01,
1775843957.896,257.896,0.88,0.89,0.11,0.12,0.01,0.01,
1775843958.253,258.253,0.88,0.89,0.11,0.12,0.01,0.01,
1775843958.677,258.677,0.88,0.89,0.11,0.12,0.01,0.01,
1775843959.043,259.043,0.88,0.89,0.11,0.12,0.01,0.01,
1775843959.392,259.392,0.86,0.87,0.11,0.13,0.01,0.02,
1775843959.812,259.812,0.83,0.89,0.1,0.12,0.06,0.02,
1775843960.151,260.151,0.85,0.86,0.14,0.15,0.01,0.01,
1775843960.486,260.486,0.85,0.86,0.14,0.15,0.01,0.01,
1775843960.854,260.854,0.85,0.86,0.14,0.15,0.01,0.01,
1775843961.97,261.97,0.86,0.87,0.13,0.14,0.01,0.01,
1775843962.304,262.304,0.84,0.86,0.14,0.15,0.02,0.01,
1775843962.712,262.712,0.84,0.85,0.15,0.16,0.01,0.01,
1775843963.377,263.377,0.84,0.85,0.15,0.16,0.01,0.01,
1775843963.729,263.729,0.84,0.85,0.15,0.16,0.01,0.01,
1775843964.153,264.153,0.83,0.85,0.15,0.16,0.02,0.01,
1775843964.505,264.505,0.83,0.84,0.15,0.17,0.01,0.02,
1775843964.848,264.848,0.88,0.89,0.11,0.17,0.01,0.06,
1775843965.184,265.184,0.85,0.86,0.11,0.17,0.01,0.06,
1775843965.673,265.673,0.85,0.86,0.14,0.15,0.01,0.01,
1775843966.039,266.039,0.85,0.86,0.14,0.15,0.01,0.01,
1775843966.602,266.602,0.85,0.86,0.14,0.15,0.01,0.01,
1775843966.973,266.973,0.84,0.85,0.14,0.16,0.01,0.02,
1775843967.427,267.427,0.85,0.86,0.14,0.15,0.01,0.01,
1775843967.851,267.851,0.85,0.86,0.15,0.16,0.01,0.01,
1775843968.339,268.339,0.85,0.87,0.14,0.15,0.02,0.01,
1775843968.834,268.834,0.85,0.86,0.14,0.15,0.01,0.01,
1775843969.189,269.189,0.85,0.86,0.14,0.15,0.01,0.01,
1775843969.554,269.554,0.77,0.78,0.21,0.24,0.01,0.03,
1775843969.916,269.916,0.79,0.8,0.23,0.24,0.01,0.01,
1775843970.278,270.278,0.79,0.8,0.2,0.21,0.01,0.01,
1775843970.776,270.776,0.81,0.82,0.18,0.2,0.01,0.02,
1775843971.148,271.148,0.77,0.78,0.22,0.23,0.01,0.01,
1775843971.497,271.497,0.77,0.78,0.22,0.23,0.01,0.01,
1775843971.873,271.873,0.77,0.78,0.22,0.23,0.01,0.01,
1775843972.241,272.241,0.79,0.8,0.2,0.21,0.01,0.01,
1775843972.667,272.667,0.76,0.77,0.23,0.24,0.01,0.01,
1775843973.277,273.277,0.77,0.78,0.22,0.23,0.01,0.01,
1775843973.914,273.914,0.78,0.8,0.2,0.21,0.02,0.01,
1775843974.41,274.41,0.79,0.8,0.2,0.21,0.01,0.01,
1775843974.75,274.75,0.78,0.8,0.2,0.21,0.02,0.01,
1775843975.281,275.281,0.77,0.79,0.21,0.22,0.02,0.01,
1775843975.747,275.747,0.77,0.78,0.21,0.22,0.01,0.01,
1775843976.114,276.114,0.8,0.81,0.19,0.2,0.01,0.01,
1775843976.57,276.57,0.79,0.8,0.2,0.21,0.01,0.01,
1775843976.943,276.943,0.79,0.8,0.2,0.21,0.01,0.01,
1775843977.397,277.397,0.82,0.83,0.2,0.21,0.01,0.01,
1775843977.784,277.784,0.88,0.89,0.11,0.12,0.01,0.01,
1775843978.142,278.142,0.89,0.9,0.1,0.11,0.01,0.01,
1775843978.515,278.515,0.89,0.9,0.1,0.11,0.01,0.01,
1775843978.875,278.875,0.89,0.9,0.1,0.11,0.01,0.01,
1775843979.223,279.223,0.89,0.9,0.1,0.11,0.01,0.01,
1775843979.601,279.601,0.86,0.87,0.1,0.17,0.01,0.07,
1775843980.02,280.02,0.9,0.91,0.08,0.12,0.01,0.04,
1775843980.36,280.36,0.91,0.92,0.08,0.09,0.01,0.01,
1775843980.732,280.732,0.92,0.93,0.07,0.08,0.01,0.01,
1775843981.092,281.092,0.94,0.95,0.05,0.06,0.01,0.01,
1775843981.434,281.434,0.94,0.95,0.05,0.06,0.01,0.01,
1775843981.82,281.82,0.91,0.96,0.04,0.05,0.05,0.01,
1775843982.276,282.276,0.95,0.96,0.04,0.05,0.01,0.01,
1775843982.613,282.613,0.95,0.96,0.04,0.05,0.01,0.01,
1775843982.951,282.951,0.96,0.97,0.04,0.05,0.01,0.01,
1775843983.302,283.302,0.96,0.97,0.03,0.04,0.01,0.01,
1775843983.643,283.643,0.96,0.97,0.03,0.04,0.01,0.01,
1775843984.02,284.02,0.96,0.97,0.03,0.04,0.01,0.01,
1775843984.361,284.361,0.96,0.97,0.03,0.04,0.01,0.01,
1775843984.7,284.7,0.96,0.97,0.03,0.04,0.01,0.01,
1775843985.394,285.394,0.96,0.97,0.03,0.04,0.01,0.01,
1775843985.788,285.788,0.96,0.97,0.03,0.04,0.01,0.01,
1775843986.175,286.175,0.96,0.97,0.03,0.04,0.01,0.01,
1775843986.512,286.512,0.96,0.97,0.03,0.04,0.01,0.01,
1775843986.848,286.848,0.97,0.98,0.02,0.03,0.01,0.01,
1775843987.206,287.206,0.97,0.98,0.02,0.03,0.01,0.01,
1775843987.561,287.561,0.96,0.97,0.02,0.03,0.01,0.01,
1775843987.942,287.942,0.96,0.97,0.03,0.04,0.01,0.01,
1775843988.436,288.436,0.97,0.98,0.02,0.03,0.01,0.01,
1775843988.806,288.806,0.97,0.98,0.02,0.03,0.01,0.01,
1775843989.184,289.184,0.97,0.98,0.02,0.03,0.01,0.01,
1775843989.542,289.542,0.97,0.98,0.02,0.03,0.01,0.01,
1775843989.921,289.921,0.97,0.98,0.02,0.03,0.01,0.01,
1775843990.292,290.292,0.97,0.98,0.02,0.03,0.01,0.01,
1775843990.68,290.68,0.98,0.99,0.02,0.03,0.01,0.01,
1775843991.018,291.018,0.98,0.99,0.01,0.02,0.01,0.01,
1775843991.371,291.371,0.98,0.99,0.01,0.02,0.01,0.01,
1775843991.725,291.725,0.98,0.99,0.01,0.02,0.01,0.01,
1775843992.144,292.144,0.98,0.99,0.01,0.02,0.01,0.01,
1775843992.515,292.515,0.98,0.99,0.01,0.02,0.01,0.01,
1775843992.859,292.859,0.98,0.99,0.01,0.02,0.01,0.01,
1775843993.202,293.202,0.99,0.99,0.01,0.01,0.0,0.0,
1775843993.659,293.659,0.99,0.99,0.01,0.01,0.0,0.0,
1775843994.218,294.218,0.99,0.99,0.01,0.01,0.0,0.0,
1775843994.809,294.809,0.99,0.99,0.01,0.01,0.0,0.0,
1775843995.228,295.228,0.99,0.99,0.01,0.01,0.0,0.0,
1775843995.616,295.616,0.99,0.99,0.01,0.01,0.0,0.0,
1775843995.967,295.967,0.99,0.99,0.01,0.01,0.0,0.0,
1775843996.479,296.479,0.99,0.99,0.01,0.01,0.0,0.0,
1775843997.923,297.923,0.99,0.99,0.01,0.01,0.0,0.0,
1775843998.454,298.454,0.99,0.99,0.01,0.01,0.0,0.0,
1775843998.991,298.991,0.99,0.99,0.01,0.01,0.0,0.0,
1775843999.901,299.901,0.99,0.99,0.01,0.01,0.0,0.0,
1775844000.283,300.283,0.99,0.99,0.01,0.01,0.0,0.0,

# RESULT,winner=unknown,slug=btc-updown-5m-1775843700,ticks=686
