timestamp,elapsed_sec,up_bid,up_ask,down_bid,down_ask,up_spread,down_spread,btc_price,btc_oracle_ts
1776274200.64,0.64,0.45,0.48,0.52,0.53,0.03,0.01,74134.87,1776274199000
1776274201.206,1.206,0.46,0.47,0.53,0.54,0.01,0.01,74134.87,1776274199000
1776274201.586,1.586,0.46,0.47,0.53,0.54,0.01,0.01,74135.41,1776274200000
1776274201.935,1.935,0.46,0.47,0.53,0.54,0.01,0.01,74135.41,1776274201000
1776274202.29,2.29,0.47,0.48,0.52,0.53,0.01,0.01,74135.41,1776274201000
1776274202.624,2.624,0.47,0.48,0.51,0.53,0.01,0.02,74135.41,1776274201000
1776274202.967,2.967,0.47,0.48,0.52,0.53,0.01,0.01,74135.41,1776274201000
1776274203.31,3.31,0.48,0.54,0.51,0.52,0.06,0.01,74135.05,1776274202000
1776274203.65,3.65,0.5,0.51,0.49,0.5,0.01,0.01,74135.05,1776274202000
1776274204.01,4.01,0.52,0.53,0.47,0.48,0.01,0.01,74135.05,1776274202000
1776274204.392,4.392,0.53,0.54,0.46,0.48,0.01,0.02,74137.06,1776274203000
1776274204.78,4.78,0.55,0.56,0.44,0.45,0.01,0.01,74137.06,1776274203000
1776274205.121,5.121,0.55,0.56,0.44,0.45,0.01,0.01,74137.06,1776274203000
1776274205.454,5.454,0.55,0.56,0.44,0.45,0.01,0.01,74137.06,1776274203000
1776274205.857,5.857,0.55,0.56,0.44,0.45,0.01,0.01,74138.24,1776274204000
1776274206.218,6.218,0.56,0.57,0.43,0.45,0.01,0.02,74139.4,1776274205000
1776274206.84,6.84,0.58,0.59,0.42,0.43,0.01,0.01,74139.4,1776274205000
1776274207.175,7.175,0.66,0.68,0.32,0.38,0.02,0.06,74139.4,1776274205000
1776274207.522,7.522,0.68,0.7,0.3,0.32,0.02,0.02,74144.53,1776274206000
1776274207.872,7.872,0.68,0.7,0.3,0.31,0.02,0.01,74144.53,1776274206000
1776274208.219,8.219,0.69,0.7,0.3,0.32,0.01,0.02,74144.53,1776274206000
1776274208.597,8.597,0.68,0.69,0.31,0.32,0.01,0.01,74145.37,1776274207000
1776274208.961,8.961,0.68,0.69,0.31,0.32,0.01,0.01,74145.37,1776274207000
1776274209.316,9.316,0.68,0.69,0.31,0.32,0.01,0.01,74145.37,1776274207000
1776274209.683,9.683,0.68,0.69,0.31,0.32,0.01,0.01,74168.13,1776274208000
1776274210.058,10.058,0.68,0.69,0.31,0.32,0.01,0.01,74169.21,1776274209000
1776274210.444,10.444,0.68,0.69,0.31,0.32,0.01,0.01,74169.21,1776274209000
1776274210.809,10.809,0.63,0.64,0.36,0.37,0.01,0.01,74169.21,1776274209000
1776274211.266,11.266,0.63,0.64,0.36,0.37,0.01,0.01,74172.04,1776274210000
1776274211.617,11.617,0.6,0.64,0.36,0.4,0.04,0.04,74172.04,1776274210000
1776274211.981,11.981,0.62,0.63,0.37,0.38,0.01,0.01,74172.04,1776274210000
1776274212.322,12.322,0.62,0.63,0.37,0.38,0.01,0.01,74172.04,1776274210000
1776274212.973,12.973,0.62,0.63,0.37,0.38,0.01,0.01,74171.19,1776274211000
1776274213.371,13.371,0.62,0.64,0.36,0.39,0.02,0.03,74171.19,1776274211000
1776274213.905,13.905,0.62,0.63,0.37,0.38,0.01,0.01,74161.29,1776274212000
1776274214.245,14.245,0.62,0.63,0.37,0.38,0.01,0.01,74162.85,1776274213000
1776274214.615,14.615,0.62,0.63,0.37,0.38,0.01,0.01,74162.85,1776274213000
1776274214.958,14.958,0.62,0.63,0.37,0.38,0.01,0.01,74162.85,1776274213000
1776274215.417,15.417,0.62,0.63,0.37,0.38,0.01,0.01,74165.44,1776274214000
1776274215.767,15.767,0.62,0.63,0.37,0.38,0.01,0.01,74165.44,1776274214000
1776274216.284,16.284,0.62,0.63,0.37,0.38,0.01,0.01,74167.71,1776274215000
1776274216.659,16.659,0.62,0.63,0.37,0.38,0.01,0.01,74167.71,1776274215000
1776274217.054,17.054,0.62,0.63,0.37,0.38,0.01,0.01,74167.71,1776274215000
1776274217.404,17.404,0.62,0.63,0.37,0.38,0.01,0.01,74168.44,1776274216000
1776274217.782,17.782,0.62,0.63,0.37,0.38,0.01,0.01,74168.44,1776274216000
1776274218.23,18.23,0.62,0.63,0.37,0.38,0.01,0.01,74168.48,1776274217000
1776274218.57,18.57,0.62,0.63,0.37,0.38,0.01,0.01,74168.48,1776274217000
1776274219.04,19.04,0.62,0.63,0.37,0.38,0.01,0.01,74168.48,1776274217000
1776274219.387,19.387,0.6,0.62,0.38,0.4,0.02,0.02,74162.61,1776274218000
1776274219.727,19.727,0.58,0.6,0.4,0.42,0.02,0.02,74162.61,1776274218000
1776274220.103,20.103,0.58,0.59,0.41,0.44,0.01,0.03,74162.61,1776274218000
1776274220.444,20.444,0.58,0.59,0.41,0.43,0.01,0.02,74165.76,1776274219000
1776274220.869,20.869,0.58,0.59,0.41,0.42,0.01,0.01,74165.76,1776274219000
1776274221.282,21.282,0.58,0.59,0.41,0.42,0.01,0.01,74152.08,1776274220000
1776274221.94,21.94,0.58,0.59,0.41,0.42,0.01,0.01,74152.08,1776274220000
1776274222.351,22.351,0.55,0.56,0.42,0.45,0.01,0.03,74152.08,1776274220000
1776274222.701,22.701,0.55,0.56,0.44,0.45,0.01,0.01,74152.08,1776274220000
1776274223.132,23.132,0.55,0.56,0.44,0.45,0.01,0.01,74152.79,1776274221000
1776274223.521,23.521,0.57,0.58,0.42,0.43,0.01,0.01,74152.75,1776274222000
1776274223.857,23.857,0.57,0.58,0.42,0.43,0.01,0.01,74152.75,1776274222000
1776274224.214,24.214,0.58,0.59,0.41,0.43,0.01,0.02,74152.75,1776274222000
1776274224.587,24.587,0.58,0.59,0.41,0.42,0.01,0.01,74149.53,1776274223000
1776274225.082,25.082,0.58,0.59,0.41,0.42,0.01,0.01,74149.53,1776274223000
1776274225.536,25.536,0.58,0.59,0.41,0.42,0.01,0.01,74149.84,1776274224000
1776274225.912,25.912,0.58,0.59,0.41,0.42,0.01,0.01,74149.84,1776274224000
1776274226.567,26.567,0.58,0.59,0.41,0.42,0.01,0.01,74149.84,1776274224000
1776274226.971,26.971,0.58,0.59,0.41,0.42,0.01,0.01,74154.15,1776274225000
1776274227.381,27.381,0.58,0.59,0.41,0.42,0.01,0.01,74154.15,1776274225000
1776274227.758,27.758,0.58,0.59,0.41,0.42,0.01,0.01,74155.05,1776274226000
1776274228.126,28.126,0.58,0.59,0.41,0.42,0.01,0.01,74155.05,1776274226000
1776274228.522,28.522,0.58,0.59,0.41,0.42,0.01,0.01,74154.46,1776274227000
1776274229.149,29.149,0.58,0.59,0.41,0.42,0.01,0.01,74154.46,1776274227000
1776274229.494,29.494,0.58,0.59,0.41,0.42,0.01,0.01,74154.46,1776274227000
1776274229.844,29.844,0.58,0.59,0.41,0.42,0.01,0.01,74155.14,1776274228000
1776274230.234,30.234,0.58,0.59,0.41,0.42,0.01,0.01,74156.25,1776274229000
1776274230.624,30.624,0.59,0.6,0.41,0.42,0.01,0.01,74156.25,1776274229000
1776274231.084,31.084,0.6,0.61,0.39,0.41,0.01,0.02,74156.25,1776274229000
1776274231.429,31.429,0.6,0.61,0.39,0.4,0.01,0.01,74156.25,1776274229000
1776274231.856,31.856,0.6,0.61,0.39,0.4,0.01,0.01,74158.11,1776274230000
1776274232.214,32.214,0.6,0.61,0.39,0.4,0.01,0.01,74158.11,1776274231000
1776274232.792,32.792,0.61,0.62,0.38,0.4,0.01,0.02,74158.11,1776274231000
1776274233.223,33.223,0.62,0.63,0.37,0.38,0.01,0.01,74158.11,1776274231000
1776274233.579,33.579,0.62,0.63,0.37,0.38,0.01,0.01,74158.11,1776274231000
1776274233.92,33.92,0.62,0.63,0.37,0.38,0.01,0.01,74160.08,1776274232000
1776274234.433,34.433,0.62,0.64,0.36,0.38,0.02,0.02,74161.96,1776274233000
1776274234.82,34.82,0.63,0.64,0.36,0.38,0.01,0.02,74161.96,1776274233000
1776274235.179,35.179,0.63,0.64,0.36,0.37,0.01,0.01,74164.88,1776274234000
1776274235.542,35.542,0.63,0.64,0.36,0.37,0.01,0.01,74164.88,1776274234000
1776274235.928,35.928,0.59,0.6,0.39,0.41,0.01,0.02,74164.88,1776274234000
1776274236.338,36.338,0.59,0.6,0.4,0.41,0.01,0.01,74164.88,1776274234000
1776274236.738,36.738,0.57,0.6,0.4,0.43,0.03,0.03,74164.5,1776274235000
1776274237.108,37.108,0.57,0.6,0.4,0.43,0.03,0.03,74162.47,1776274236000
1776274238.267,38.267,0.58,0.59,0.4,0.43,0.01,0.03,74162.47,1776274236000
1776274238.618,38.618,0.56,0.58,0.42,0.44,0.02,0.02,74148.59,1776274237000
1776274238.951,38.951,0.56,0.58,0.42,0.44,0.02,0.02,74148.59,1776274237000
1776274239.292,39.292,0.56,0.58,0.43,0.44,0.02,0.01,74148.59,1776274237000
1776274239.625,39.625,0.56,0.57,0.43,0.44,0.01,0.01,74137.41,1776274238000
1776274239.99,39.99,0.56,0.57,0.43,0.44,0.01,0.01,74137.41,1776274238000
1776274240.34,40.34,0.56,0.57,0.43,0.44,0.01,0.01,74141.76,1776274239000
1776274240.694,40.694,0.56,0.57,0.43,0.44,0.01,0.01,74141.76,1776274239000
1776274241.085,41.085,0.56,0.57,0.43,0.44,0.01,0.01,74141.76,1776274239000
1776274241.419,41.419,0.56,0.57,0.43,0.44,0.01,0.01,74145.96,1776274240000
1776274241.769,41.769,0.56,0.57,0.43,0.44,0.01,0.01,74145.96,1776274240000
1776274242.144,42.144,0.56,0.57,0.43,0.44,0.01,0.01,74145.96,1776274240000
1776274242.485,42.485,0.56,0.57,0.43,0.44,0.01,0.01,74145.97,1776274241000
1776274242.829,42.829,0.56,0.57,0.43,0.44,0.01,0.01,74145.97,1776274241000
1776274243.214,43.214,0.55,0.56,0.43,0.44,0.01,0.01,74145.8,1776274242000
1776274243.608,43.608,0.55,0.56,0.44,0.45,0.01,0.01,74145.8,1776274242000
1776274243.957,43.957,0.56,0.57,0.43,0.44,0.01,0.01,74145.8,1776274242000
1776274244.3,44.3,0.57,0.58,0.42,0.43,0.01,0.01,74145.8,1776274243000
1776274244.745,44.745,0.58,0.59,0.41,0.42,0.01,0.01,74145.8,1776274243000
1776274245.104,45.104,0.58,0.59,0.41,0.42,0.01,0.01,74145.8,1776274243000
1776274245.544,45.544,0.58,0.59,0.41,0.42,0.01,0.01,74145.82,1776274244000
1776274245.96,45.96,0.59,0.6,0.4,0.41,0.01,0.01,74145.82,1776274244000
1776274246.454,46.454,0.59,0.61,0.4,0.41,0.02,0.01,74150.76,1776274245000
1776274246.97,46.97,0.6,0.61,0.39,0.4,0.01,0.01,74150.76,1776274245000
1776274247.309,47.309,0.6,0.61,0.39,0.4,0.01,0.01,74152.56,1776274246000
1776274247.736,47.736,0.6,0.61,0.39,0.4,0.01,0.01,74152.56,1776274246000
1776274248.294,48.294,0.6,0.61,0.39,0.4,0.01,0.01,74154.36,1776274247000
1776274248.692,48.692,0.58,0.59,0.41,0.42,0.01,0.01,74154.36,1776274247000
1776274249.243,49.243,0.58,0.6,0.4,0.42,0.02,0.02,74154.75,1776274248000
1776274249.769,49.769,0.58,0.59,0.4,0.42,0.01,0.02,74154.75,1776274248000
1776274250.269,50.269,0.58,0.59,0.41,0.42,0.01,0.01,74154.75,1776274248000
1776274250.608,50.608,0.58,0.59,0.41,0.42,0.01,0.01,74151.48,1776274249000
1776274251.009,51.009,0.57,0.58,0.42,0.43,0.01,0.01,74151.48,1776274249000
1776274251.394,51.394,0.57,0.58,0.42,0.43,0.01,0.01,74150.91,1776274250000
1776274251.851,51.851,0.57,0.58,0.42,0.43,0.01,0.01,74150.91,1776274250000
1776274252.3,52.3,0.57,0.58,0.42,0.43,0.01,0.01,74150.19,1776274251000
1776274252.802,52.802,0.57,0.58,0.42,0.43,0.01,0.01,74150.19,1776274251000
1776274253.181,53.181,0.57,0.58,0.42,0.43,0.01,0.01,74150.19,1776274251000
1776274253.57,53.57,0.57,0.58,0.42,0.43,0.01,0.01,74147.42,1776274252000
1776274254.261,54.261,0.57,0.58,0.42,0.43,0.01,0.01,74147.42,1776274252000
1776274254.72,54.72,0.57,0.58,0.42,0.43,0.01,0.01,74147.42,1776274252000
1776274255.11,55.11,0.57,0.58,0.42,0.43,0.01,0.01,74147.01,1776274253000
1776274255.513,55.513,0.57,0.58,0.42,0.43,0.01,0.01,74146.89,1776274254000
1776274255.962,55.962,0.57,0.58,0.42,0.43,0.01,0.01,74146.89,1776274254000
1776274256.304,56.304,0.57,0.58,0.42,0.43,0.01,0.01,74146.86,1776274255000
1776274256.719,56.719,0.57,0.58,0.42,0.43,0.01,0.01,74146.86,1776274255000
1776274257.43,57.43,0.57,0.58,0.42,0.43,0.01,0.01,74146.86,1776274255000
1776274257.872,57.872,0.57,0.58,0.42,0.43,0.01,0.01,74147.73,1776274256000
1776274258.221,58.221,0.57,0.58,0.42,0.43,0.01,0.01,74147.73,1776274257000
1776274258.622,58.622,0.57,0.58,0.42,0.43,0.01,0.01,74147.73,1776274257000
1776274259.301,59.301,0.57,0.58,0.42,0.43,0.01,0.01,74147.48,1776274258000
1776274259.688,59.688,0.57,0.58,0.42,0.43,0.01,0.01,74147.48,1776274258000
1776274260.447,60.447,0.57,0.58,0.42,0.43,0.01,0.01,74147.48,1776274258000
1776274260.872,60.872,0.57,0.58,0.42,0.43,0.01,0.01,74146.87,1776274259000
1776274261.259,61.259,0.57,0.58,0.42,0.43,0.01,0.01,74146.87,1776274260000
1776274261.649,61.649,0.57,0.58,0.42,0.43,0.01,0.01,74146.87,1776274260000
1776274262.103,62.103,0.57,0.58,0.42,0.43,0.01,0.01,74146.87,1776274260000
1776274262.454,62.454,0.57,0.58,0.42,0.43,0.01,0.01,74146.42,1776274261000
1776274263.018,63.018,0.57,0.58,0.42,0.43,0.01,0.01,74146.42,1776274261000
1776274263.381,63.381,0.57,0.58,0.42,0.43,0.01,0.01,74146.42,1776274261000
1776274263.844,63.844,0.57,0.58,0.42,0.43,0.01,0.01,74146.77,1776274262000
1776274264.516,64.516,0.56,0.57,0.42,0.43,0.01,0.01,74146.77,1776274263000
1776274264.864,64.864,0.56,0.57,0.43,0.44,0.01,0.01,74146.77,1776274263000
1776274265.247,65.247,0.56,0.57,0.43,0.44,0.01,0.01,74146.96,1776274264000
1776274266.077,66.077,0.56,0.57,0.43,0.44,0.01,0.01,74146.96,1776274264000
1776274266.546,66.546,0.56,0.57,0.43,0.44,0.01,0.01,74143.38,1776274265000
1776274267.04,67.04,0.56,0.58,0.43,0.44,0.02,0.01,74143.38,1776274265000
1776274267.545,67.545,0.58,0.6,0.4,0.41,0.02,0.01,74143.21,1776274266000
1776274267.879,67.879,0.6,0.62,0.38,0.4,0.02,0.02,74143.21,1776274266000
1776274268.259,68.259,0.61,0.62,0.38,0.4,0.01,0.02,74144.27,1776274267000
1776274268.88,68.88,0.61,0.62,0.38,0.39,0.01,0.01,74144.27,1776274267000
1776274269.322,69.322,0.61,0.62,0.38,0.39,0.01,0.01,74150.27,1776274268000
1776274269.768,69.768,0.61,0.62,0.38,0.39,0.01,0.01,74150.27,1776274268000
1776274270.146,70.146,0.61,0.62,0.38,0.39,0.01,0.01,74153.22,1776274269000
1776274270.627,70.627,0.62,0.63,0.37,0.38,0.01,0.01,74153.22,1776274269000
1776274270.964,70.964,0.62,0.63,0.37,0.38,0.01,0.01,74154.38,1776274270000
1776274271.767,71.767,0.62,0.63,0.37,0.38,0.01,0.01,74154.38,1776274270000
1776274272.128,72.128,0.62,0.63,0.37,0.38,0.01,0.01,74155.7,1776274271000
1776274272.689,72.689,0.62,0.63,0.37,0.38,0.01,0.01,74155.7,1776274271000
1776274273.039,73.039,0.62,0.63,0.37,0.38,0.01,0.01,74155.7,1776274271000
1776274273.378,73.378,0.62,0.63,0.37,0.38,0.01,0.01,74156.37,1776274272000
1776274273.994,73.994,0.62,0.63,0.37,0.38,0.01,0.01,74156.37,1776274272000
1776274274.398,74.398,0.62,0.63,0.37,0.38,0.01,0.01,74154.98,1776274273000
1776274274.809,74.809,0.62,0.63,0.37,0.38,0.01,0.01,74154.98,1776274273000
1776274275.148,75.148,0.69,0.72,0.28,0.31,0.03,0.03,74154.98,1776274273000
1776274275.507,75.507,0.7,0.75,0.25,0.3,0.05,0.05,74155.06,1776274274000
1776274275.855,75.855,0.74,0.75,0.25,0.26,0.01,0.01,74155.06,1776274274000
1776274276.191,76.191,0.74,0.79,0.2,0.26,0.05,0.06,74156.83,1776274275000
1776274276.58,76.58,0.78,0.79,0.21,0.24,0.01,0.03,74156.83,1776274275000
1776274276.938,76.938,0.77,0.79,0.21,0.24,0.02,0.03,74156.83,1776274275000
1776274277.471,77.471,0.78,0.79,0.21,0.22,0.01,0.01,74195.34,1776274276000
1776274277.827,77.827,0.78,0.79,0.21,0.22,0.01,0.01,74195.34,1776274276000
1776274278.195,78.195,0.78,0.79,0.21,0.22,0.01,0.01,74200.89,1776274277000
1776274278.598,78.598,0.78,0.79,0.21,0.22,0.01,0.01,74200.89,1776274277000
1776274278.946,78.946,0.78,0.79,0.21,0.22,0.01,0.01,74200.89,1776274277000
1776274279.302,79.302,0.78,0.79,0.21,0.22,0.01,0.01,74200.89,1776274277000
1776274279.656,79.656,0.79,0.8,0.2,0.22,0.01,0.02,74201.97,1776274278000
1776274280.049,80.049,0.79,0.8,0.2,0.21,0.01,0.01,74200.57,1776274279000
1776274280.435,80.435,0.79,0.8,0.2,0.21,0.01,0.01,74200.57,1776274279000
1776274280.833,80.833,0.79,0.8,0.2,0.21,0.01,0.01,74200.57,1776274279000
1776274281.22,81.22,0.79,0.8,0.2,0.21,0.01,0.01,74200.57,1776274280000
1776274281.554,81.554,0.79,0.8,0.2,0.21,0.01,0.01,74200.57,1776274280000
1776274282.131,82.131,0.79,0.8,0.2,0.21,0.01,0.01,74200.57,1776274280000
1776274282.57,82.57,0.79,0.8,0.2,0.21,0.01,0.01,74203.65,1776274281000
1776274282.948,82.948,0.79,0.8,0.2,0.21,0.01,0.01,74203.65,1776274281000
1776274283.428,83.428,0.79,0.8,0.2,0.21,0.01,0.01,74203.65,1776274281000
1776274283.809,83.809,0.79,0.8,0.2,0.21,0.01,0.01,74203.65,1776274281000
1776274284.234,84.234,0.79,0.8,0.2,0.21,0.01,0.01,74206.09,1776274283000
1776274284.578,84.578,0.79,0.8,0.2,0.21,0.01,0.01,74206.09,1776274283000
1776274285.122,85.122,0.79,0.8,0.2,0.21,0.01,0.01,74206.09,1776274283000
1776274285.471,85.471,0.79,0.8,0.2,0.21,0.01,0.01,74205.93,1776274284000
1776274285.822,85.822,0.79,0.8,0.2,0.21,0.01,0.01,74205.93,1776274284000
1776274286.198,86.198,0.79,0.8,0.2,0.21,0.01,0.01,74205.93,1776274284000
1776274286.661,86.661,0.79,0.8,0.2,0.21,0.01,0.01,74206.22,1776274285000
1776274287.021,87.021,0.79,0.8,0.2,0.21,0.01,0.01,74205.93,1776274286000
1776274287.654,87.654,0.79,0.8,0.2,0.22,0.01,0.02,74205.93,1776274286000
1776274288.015,88.015,0.79,0.8,0.2,0.21,0.01,0.01,74206.21,1776274287000
1776274288.377,88.377,0.79,0.8,0.2,0.21,0.01,0.01,74206.21,1776274287000
1776274288.773,88.773,0.79,0.8,0.2,0.21,0.01,0.01,74206.21,1776274287000
1776274289.206,89.206,0.79,0.8,0.2,0.21,0.01,0.01,74206.97,1776274288000
1776274289.732,89.732,0.79,0.8,0.2,0.21,0.01,0.01,74206.97,1776274288000
1776274290.11,90.11,0.8,0.81,0.19,0.21,0.01,0.02,74206.04,1776274289000
1776274290.456,90.456,0.8,0.81,0.19,0.2,0.01,0.01,74206.04,1776274289000
1776274290.801,90.801,0.8,0.81,0.19,0.2,0.01,0.01,74206.04,1776274289000
1776274291.147,91.147,0.8,0.81,0.19,0.2,0.01,0.01,74206.84,1776274290000
1776274291.89,91.89,0.8,0.81,0.19,0.2,0.01,0.01,74206.84,1776274290000
1776274292.321,92.321,0.8,0.81,0.19,0.2,0.01,0.01,74207.28,1776274291000
1776274292.707,92.707,0.8,0.81,0.19,0.2,0.01,0.01,74207.28,1776274291000
1776274293.11,93.11,0.79,0.8,0.2,0.21,0.01,0.01,74208.61,1776274292000
1776274293.48,93.48,0.79,0.8,0.2,0.21,0.01,0.01,74208.61,1776274292000
1776274293.89,93.89,0.79,0.8,0.2,0.21,0.01,0.01,74208.61,1776274292000
1776274294.364,94.364,0.79,0.8,0.2,0.21,0.01,0.01,74206.63,1776274293000
1776274294.76,94.76,0.79,0.8,0.2,0.21,0.01,0.01,74206.63,1776274293000
1776274295.241,95.241,0.79,0.8,0.2,0.21,0.01,0.01,74203.24,1776274294000
1776274295.607,95.607,0.79,0.8,0.2,0.21,0.01,0.01,74203.24,1776274294000
1776274295.972,95.972,0.79,0.8,0.2,0.21,0.01,0.01,74203.24,1776274294000
1776274296.313,96.313,0.79,0.8,0.2,0.21,0.01,0.01,74203.44,1776274295000
1776274296.66,96.66,0.79,0.8,0.2,0.21,0.01,0.01,74203.44,1776274295000
1776274297.013,97.013,0.79,0.8,0.2,0.21,0.01,0.01,74203.44,1776274295000
1776274297.611,97.611,0.79,0.8,0.2,0.21,0.01,0.01,74202.74,1776274296000
1776274297.978,97.978,0.79,0.8,0.2,0.21,0.01,0.01,74202.74,1776274296000
1776274298.325,98.325,0.79,0.8,0.2,0.21,0.01,0.01,74199.09,1776274297000
1776274299.115,99.115,0.79,0.8,0.2,0.21,0.01,0.01,74194.63,1776274298000
1776274299.461,99.461,0.79,0.8,0.2,0.21,0.01,0.01,74194.63,1776274298000
1776274299.852,99.852,0.79,0.8,0.2,0.21,0.01,0.01,74194.63,1776274298000
1776274300.194,100.194,0.79,0.8,0.2,0.21,0.01,0.01,74193.16,1776274299000
1776274300.728,100.728,0.79,0.8,0.2,0.21,0.01,0.01,74193.16,1776274299000
1776274301.144,101.144,0.79,0.8,0.2,0.21,0.01,0.01,74193.34,1776274300000
1776274301.929,101.929,0.79,0.8,0.2,0.21,0.01,0.01,74193.34,1776274300000
1776274302.292,102.292,0.78,0.79,0.2,0.21,0.01,0.01,74192.86,1776274301000
1776274302.832,102.832,0.77,0.78,0.21,0.23,0.01,0.02,74192.86,1776274301000
1776274303.276,103.276,0.77,0.78,0.22,0.23,0.01,0.01,74189.16,1776274302000
1776274303.636,103.636,0.77,0.78,0.22,0.23,0.01,0.01,74189.16,1776274302000
1776274304.072,104.072,0.77,0.78,0.22,0.23,0.01,0.01,74189.16,1776274302000
1776274304.853,104.853,0.76,0.77,0.23,0.24,0.01,0.01,74188.86,1776274303000
1776274305.202,105.202,0.76,0.77,0.23,0.24,0.01,0.01,74188.61,1776274304000
1776274305.648,105.648,0.76,0.77,0.23,0.24,0.01,0.01,74188.61,1776274304000
1776274306.017,106.017,0.76,0.77,0.23,0.24,0.01,0.01,74188.61,1776274304000
1776274306.426,106.426,0.76,0.77,0.23,0.24,0.01,0.01,74187.73,1776274305000
1776274307.017,107.017,0.76,0.77,0.23,0.24,0.01,0.01,74187.73,1776274305000
1776274307.354,107.354,0.75,0.76,0.24,0.25,0.01,0.01,74187.62,1776274306000
1776274307.788,107.788,0.75,0.76,0.24,0.25,0.01,0.01,74187.62,1776274306000
1776274308.149,108.149,0.75,0.76,0.24,0.25,0.01,0.01,74184.29,1776274307000
1776274308.568,108.568,0.75,0.76,0.24,0.25,0.01,0.01,74184.29,1776274307000
1776274309.005,109.005,0.75,0.76,0.24,0.25,0.01,0.01,74184.29,1776274307000
1776274309.686,109.686,0.75,0.76,0.24,0.25,0.01,0.01,74184.11,1776274308000
1776274310.104,110.104,0.75,0.76,0.24,0.25,0.01,0.01,74184.11,1776274308000
1776274310.489,110.489,0.75,0.76,0.24,0.25,0.01,0.01,74183.84,1776274309000
1776274310.853,110.853,0.74,0.75,0.25,0.26,0.01,0.01,74183.84,1776274309000
1776274311.308,111.308,0.74,0.75,0.25,0.26,0.01,0.01,74183.84,1776274309000
1776274311.79,111.79,0.7,0.72,0.27,0.29,0.02,0.02,74183.79,1776274310000
1776274312.16,112.16,0.7,0.71,0.29,0.3,0.01,0.01,74183.79,1776274310000
1776274312.614,112.614,0.7,0.71,0.29,0.3,0.01,0.01,74176.17,1776274311000
1776274313.008,113.008,0.7,0.71,0.29,0.3,0.01,0.01,74176.17,1776274311000
1776274313.478,113.478,0.7,0.71,0.29,0.3,0.01,0.01,74172.8,1776274312000
1776274313.936,113.936,0.7,0.71,0.29,0.3,0.01,0.01,74172.8,1776274312000
1776274314.34,114.34,0.7,0.71,0.29,0.3,0.01,0.01,74172.45,1776274313000
1776274314.762,114.762,0.7,0.71,0.29,0.3,0.01,0.01,74172.45,1776274313000
1776274315.239,115.239,0.7,0.71,0.29,0.3,0.01,0.01,74171.45,1776274314000
1776274315.587,115.587,0.69,0.71,0.29,0.3,0.02,0.01,74171.45,1776274314000
1776274316.447,116.447,0.7,0.71,0.29,0.3,0.01,0.01,74173.31,1776274315000
1776274317.052,117.052,0.7,0.71,0.29,0.3,0.01,0.01,74173.31,1776274316000
1776274317.735,117.735,0.7,0.71,0.29,0.3,0.01,0.01,74173.31,1776274316000
1776274318.182,118.182,0.69,0.7,0.29,0.3,0.01,0.01,74173.31,1776274316000
1776274318.559,118.559,0.69,0.7,0.3,0.31,0.01,0.01,74173.66,1776274317000
1776274318.956,118.956,0.69,0.7,0.3,0.31,0.01,0.01,74173.66,1776274317000
1776274319.458,119.458,0.69,0.7,0.3,0.31,0.01,0.01,74173.66,1776274318000
1776274319.818,119.818,0.69,0.7,0.3,0.31,0.01,0.01,74173.66,1776274318000
1776274320.347,120.347,0.69,0.7,0.3,0.31,0.01,0.01,74173.66,1776274318000
1776274320.688,120.688,0.66,0.67,0.33,0.34,0.01,0.01,74171.47,1776274319000
1776274321.081,121.081,0.66,0.67,0.33,0.34,0.01,0.01,74171.47,1776274319000
1776274321.417,121.417,0.67,0.68,0.32,0.34,0.01,0.02,74171.47,1776274320000
1776274321.787,121.787,0.68,0.69,0.31,0.32,0.01,0.01,74171.47,1776274320000
1776274322.205,122.205,0.69,0.7,0.3,0.31,0.01,0.01,74171.47,1776274320000
1776274322.545,122.545,0.69,0.7,0.3,0.31,0.01,0.01,74169.8,1776274321000
1776274322.919,122.919,0.69,0.7,0.3,0.31,0.01,0.01,74169.8,1776274321000
1776274323.264,123.264,0.69,0.7,0.3,0.31,0.01,0.01,74169.8,1776274321000
1776274323.617,123.617,0.69,0.7,0.3,0.31,0.01,0.01,74169.44,1776274322000
1776274324.149,124.149,0.69,0.7,0.3,0.31,0.01,0.01,74169.44,1776274322000
1776274325.109,125.109,0.69,0.7,0.3,0.31,0.01,0.01,74172.59,1776274323000
1776274325.47,125.47,0.7,0.71,0.29,0.3,0.01,0.01,74172.59,1776274323000
1776274325.97,125.97,0.7,0.71,0.29,0.3,0.01,0.01,74174.05,1776274324000
1776274326.337,126.337,0.7,0.71,0.29,0.3,0.01,0.01,74174.05,1776274324000
1776274326.843,126.843,0.7,0.71,0.29,0.3,0.01,0.01,74172.92,1776274325000
1776274327.39,127.39,0.7,0.71,0.29,0.3,0.01,0.01,74172.17,1776274326000
1776274327.834,127.834,0.66,0.67,0.29,0.32,0.01,0.03,74172.17,1776274326000
1776274328.225,128.225,0.66,0.67,0.33,0.37,0.01,0.04,74170.4,1776274327000
1776274328.575,128.575,0.66,0.67,0.33,0.34,0.01,0.01,74170.4,1776274327000
1776274328.909,128.909,0.66,0.67,0.33,0.34,0.01,0.01,74170.4,1776274327000
1776274329.302,129.302,0.66,0.68,0.33,0.34,0.02,0.01,74170.4,1776274327000
1776274329.66,129.66,0.69,0.7,0.3,0.31,0.01,0.01,74170.4,1776274327000
1776274329.995,129.995,0.69,0.7,0.3,0.31,0.01,0.01,74170.4,1776274327000
1776274330.409,130.409,0.69,0.71,0.3,0.31,0.02,0.01,74170.4,1776274327000
1776274330.748,130.748,0.7,0.71,0.29,0.3,0.01,0.01,74166.65,1776274329000
1776274331.577,131.577,0.71,0.72,0.29,0.3,0.01,0.01,74166.65,1776274329000
1776274332.179,132.179,0.71,0.72,0.28,0.29,0.01,0.01,74166.87,1776274330000
1776274332.6,132.6,0.71,0.72,0.28,0.29,0.01,0.01,74172.79,1776274331000
1776274333.044,133.044,0.73,0.74,0.26,0.27,0.01,0.01,74172.79,1776274331000
1776274333.532,133.532,0.73,0.74,0.26,0.27,0.01,0.01,74174.45,1776274332000
1776274334.148,134.148,0.74,0.75,0.25,0.26,0.01,0.01,74174.45,1776274332000
1776274334.561,134.561,0.75,0.77,0.24,0.25,0.02,0.01,74174.6,1776274333000
1776274334.956,134.956,0.75,0.76,0.24,0.25,0.01,0.01,74174.6,1776274333000
1776274335.343,135.343,0.75,0.76,0.24,0.25,0.01,0.01,74179.23,1776274334000
1776274335.765,135.765,0.75,0.76,0.24,0.25,0.01,0.01,74179.23,1776274334000
1776274336.414,136.414,0.75,0.76,0.24,0.25,0.01,0.01,74179.23,1776274334000
1776274336.855,136.855,0.75,0.76,0.24,0.25,0.01,0.01,74181.94,1776274335000
1776274337.216,137.216,0.75,0.76,0.24,0.25,0.01,0.01,74181.94,1776274335000
1776274337.628,137.628,0.75,0.76,0.24,0.25,0.01,0.01,74183.38,1776274336000
1776274338.094,138.094,0.75,0.76,0.24,0.25,0.01,0.01,74183.38,1776274336000
1776274338.455,138.455,0.75,0.76,0.24,0.25,0.01,0.01,74183.38,1776274336000
1776274338.83,138.83,0.75,0.76,0.24,0.25,0.01,0.01,74183.38,1776274336000
1776274339.164,139.164,0.75,0.76,0.24,0.25,0.01,0.01,74181.83,1776274337000
1776274339.518,139.518,0.75,0.76,0.24,0.25,0.01,0.01,74181.83,1776274337000
1776274339.899,139.899,0.75,0.76,0.24,0.25,0.01,0.01,74179.59,1776274338000
1776274340.249,140.249,0.75,0.76,0.24,0.25,0.01,0.01,74179.59,1776274338000
1776274340.623,140.623,0.75,0.76,0.24,0.25,0.01,0.01,74178.01,1776274339000
1776274341.101,141.101,0.75,0.76,0.24,0.25,0.01,0.01,74178.01,1776274339000
1776274341.524,141.524,0.75,0.76,0.24,0.25,0.01,0.01,74177.95,1776274340000
1776274341.868,141.868,0.75,0.76,0.24,0.25,0.01,0.01,74177.95,1776274340000
1776274342.229,142.229,0.75,0.76,0.24,0.25,0.01,0.01,74178.51,1776274341000
1776274342.599,142.599,0.75,0.76,0.24,0.25,0.01,0.01,74178.51,1776274341000
1776274342.978,142.978,0.75,0.76,0.24,0.25,0.01,0.01,74178.51,1776274341000
1776274343.368,143.368,0.75,0.76,0.24,0.25,0.01,0.01,74178.51,1776274341000
1776274343.741,143.741,0.75,0.76,0.24,0.25,0.01,0.01,74177.55,1776274342000
1776274344.143,144.143,0.75,0.76,0.24,0.25,0.01,0.01,74177.55,1776274342000
1776274344.548,144.548,0.75,0.76,0.24,0.25,0.01,0.01,74176.87,1776274343000
1776274345.194,145.194,0.75,0.76,0.24,0.25,0.01,0.01,74176.87,1776274343000
1776274345.536,145.536,0.75,0.76,0.24,0.25,0.01,0.01,74176.76,1776274344000
1776274345.941,145.941,0.75,0.76,0.24,0.25,0.01,0.01,74176.76,1776274344000
1776274346.504,146.504,0.75,0.76,0.24,0.26,0.01,0.02,74176.76,1776274344000
1776274346.852,146.852,0.75,0.76,0.24,0.25,0.01,0.01,74176.76,1776274344000
1776274347.186,147.186,0.75,0.76,0.24,0.25,0.01,0.01,74176.76,1776274344000
1776274347.527,147.527,0.75,0.76,0.24,0.25,0.01,0.01,74176.76,1776274344000
1776274348.053,148.053,0.75,0.76,0.24,0.25,0.01,0.01,74176.76,1776274344000
1776274348.435,148.435,0.75,0.76,0.24,0.25,0.01,0.01,74176.76,1776274344000
1776274349.049,149.049,0.75,0.76,0.24,0.25,0.01,0.01,74176.76,1776274344000
1776274349.648,149.648,0.75,0.76,0.24,0.25,0.01,0.01,74176.76,1776274344000
1776274350.078,150.078,0.75,0.76,0.24,0.25,0.01,0.01,74176.76,1776274344000
1776274350.635,150.635,0.75,0.76,0.24,0.25,0.01,0.01,74176.76,1776274344000
1776274351.124,151.124,0.75,0.76,0.24,0.25,0.01,0.01,74176.76,1776274344000
1776274351.555,151.555,0.75,0.76,0.24,0.25,0.01,0.01,74176.76,1776274344000
1776274352.036,152.036,0.75,0.76,0.24,0.25,0.01,0.01,74176.76,1776274344000
1776274352.869,152.869,0.75,0.76,0.24,0.25,0.01,0.01,74176.76,1776274344000
1776274353.214,153.214,0.75,0.76,0.24,0.25,0.01,0.01,74176.76,1776274344000
1776274353.587,153.587,0.75,0.76,0.24,0.25,0.01,0.01,74176.76,1776274344000
1776274353.97,153.97,0.75,0.76,0.24,0.25,0.01,0.01,74175.59,1776274353000
1776274354.394,154.394,0.75,0.76,0.24,0.25,0.01,0.01,74175.59,1776274353000
1776274354.837,154.837,0.75,0.76,0.24,0.25,0.01,0.01,74175.59,1776274353000
1776274355.203,155.203,0.63,0.67,0.3,0.36,0.04,0.06,74175.06,1776274354000
1776274355.549,155.549,0.66,0.67,0.33,0.35,0.01,0.02,74175.06,1776274354000
1776274355.909,155.909,0.65,0.66,0.34,0.35,0.01,0.01,74175.06,1776274354000
1776274356.245,156.245,0.65,0.66,0.34,0.36,0.01,0.02,74175.06,1776274354000
1776274356.834,156.834,0.63,0.65,0.34,0.36,0.02,0.02,74172.93,1776274355000
1776274357.198,157.198,0.62,0.64,0.36,0.38,0.02,0.02,74163.47,1776274356000
1776274357.551,157.551,0.6,0.63,0.37,0.4,0.03,0.03,74163.47,1776274356000
1776274357.905,157.905,0.61,0.62,0.38,0.39,0.01,0.01,74163.47,1776274356000
1776274358.259,158.259,0.61,0.62,0.38,0.39,0.01,0.01,74163.47,1776274356000
1776274358.597,158.597,0.61,0.62,0.38,0.39,0.01,0.01,74157.29,1776274357000
1776274358.932,158.932,0.62,0.63,0.37,0.38,0.01,0.01,74149.43,1776274358000
1776274359.307,159.307,0.62,0.63,0.37,0.38,0.01,0.01,74149.43,1776274358000
1776274359.647,159.647,0.62,0.63,0.37,0.38,0.01,0.01,74149.43,1776274358000
1776274359.992,159.992,0.62,0.63,0.37,0.38,0.01,0.01,74149.43,1776274358000
1776274360.354,160.354,0.62,0.63,0.37,0.38,0.01,0.01,74152.11,1776274359000
1776274361.082,161.082,0.63,0.64,0.36,0.37,0.01,0.01,74152.11,1776274359000
1776274361.481,161.481,0.61,0.62,0.37,0.4,0.01,0.03,74154.64,1776274360000
1776274361.887,161.887,0.61,0.62,0.38,0.39,0.01,0.01,74154.64,1776274360000
1776274362.357,162.357,0.61,0.62,0.38,0.39,0.01,0.01,74154.64,1776274360000
1776274362.752,162.752,0.62,0.64,0.36,0.39,0.02,0.03,74154.76,1776274361000
1776274363.09,163.09,0.63,0.64,0.36,0.37,0.01,0.01,74151.59,1776274362000
1776274363.595,163.595,0.63,0.64,0.36,0.37,0.01,0.01,74151.59,1776274362000
1776274364.214,164.214,0.66,0.67,0.33,0.36,0.01,0.03,74151.59,1776274362000
1776274364.583,164.583,0.69,0.72,0.3,0.31,0.03,0.01,74151.85,1776274363000
1776274364.952,164.952,0.7,0.71,0.27,0.3,0.01,0.03,74151.85,1776274363000
1776274365.297,165.297,0.71,0.72,0.27,0.29,0.01,0.02,74154.66,1776274364000
1776274365.679,165.679,0.72,0.73,0.26,0.29,0.01,0.03,74154.66,1776274364000
1776274366.059,166.059,0.72,0.73,0.27,0.28,0.01,0.01,74154.66,1776274364000
1776274366.469,166.469,0.72,0.73,0.27,0.28,0.01,0.01,74161.61,1776274365000
1776274366.955,166.955,0.72,0.73,0.27,0.28,0.01,0.01,74161.61,1776274365000
1776274367.331,167.331,0.72,0.73,0.27,0.28,0.01,0.01,74161.61,1776274365000
1776274367.733,167.733,0.72,0.73,0.27,0.28,0.01,0.01,74165.87,1776274366000
1776274368.126,168.126,0.72,0.73,0.27,0.28,0.01,0.01,74165.6,1776274367000
1776274368.73,168.73,0.72,0.73,0.27,0.28,0.01,0.01,74165.6,1776274367000
1776274369.178,169.178,0.72,0.73,0.27,0.28,0.01,0.01,74165.6,1776274367000
1776274369.584,169.584,0.72,0.73,0.27,0.28,0.01,0.01,74162.67,1776274368000
1776274370.049,170.049,0.72,0.73,0.27,0.28,0.01,0.01,74162.67,1776274368000
1776274370.393,170.393,0.72,0.73,0.27,0.28,0.01,0.01,74165.0,1776274369000
1776274370.934,170.934,0.72,0.73,0.27,0.28,0.01,0.01,74165.0,1776274369000
1776274371.278,171.278,0.72,0.73,0.27,0.28,0.01,0.01,74165.0,1776274369000
1776274371.621,171.621,0.72,0.73,0.27,0.28,0.01,0.01,74164.34,1776274370000
1776274372.076,172.076,0.72,0.73,0.27,0.28,0.01,0.01,74164.61,1776274371000
1776274372.685,172.685,0.72,0.73,0.27,0.28,0.01,0.01,74164.61,1776274371000
1776274373.147,173.147,0.72,0.73,0.27,0.28,0.01,0.01,74164.61,1776274371000
1776274373.642,173.642,0.72,0.73,0.27,0.28,0.01,0.01,74164.61,1776274372000
1776274374.485,174.485,0.72,0.73,0.27,0.28,0.01,0.01,74164.6,1776274373000
1776274374.847,174.847,0.72,0.73,0.27,0.28,0.01,0.01,74164.6,1776274373000
1776274375.299,175.299,0.72,0.73,0.27,0.28,0.01,0.01,74164.63,1776274374000
1776274375.67,175.67,0.63,0.65,0.35,0.37,0.02,0.02,74164.63,1776274374000
1776274376.232,176.232,0.6,0.63,0.36,0.38,0.03,0.02,74164.63,1776274374000
1776274376.79,176.79,0.62,0.63,0.37,0.38,0.01,0.01,74163.31,1776274375000
1776274377.17,177.17,0.61,0.63,0.37,0.39,0.02,0.02,74163.31,1776274375000
1776274377.512,177.512,0.61,0.62,0.38,0.44,0.01,0.06,74158.79,1776274376000
1776274377.85,177.85,0.6,0.61,0.39,0.4,0.01,0.01,74158.79,1776274376000
1776274378.202,178.202,0.57,0.59,0.41,0.43,0.02,0.02,74158.79,1776274376000
1776274378.579,178.579,0.58,0.59,0.41,0.42,0.01,0.01,74141.15,1776274377000
1776274378.95,178.95,0.58,0.59,0.41,0.42,0.01,0.01,74141.15,1776274377000
1776274379.333,179.333,0.58,0.59,0.41,0.42,0.01,0.01,74139.06,1776274378000
1776274379.74,179.74,0.56,0.57,0.43,0.44,0.01,0.01,74139.06,1776274378000
1776274380.099,180.099,0.56,0.57,0.43,0.44,0.01,0.01,74139.06,1776274378000
1776274380.448,180.448,0.56,0.57,0.43,0.44,0.01,0.01,74139.06,1776274378000
1776274380.794,180.794,0.56,0.57,0.43,0.44,0.01,0.01,74139.53,1776274379000
1776274381.164,181.164,0.56,0.57,0.43,0.44,0.01,0.01,74139.15,1776274380000
1776274381.639,181.639,0.56,0.57,0.43,0.44,0.01,0.01,74139.15,1776274380000
1776274382.001,182.001,0.58,0.6,0.4,0.42,0.02,0.02,74139.15,1776274380000
1776274382.354,182.354,0.59,0.61,0.4,0.41,0.02,0.01,74139.15,1776274380000
1776274382.81,182.81,0.6,0.61,0.39,0.41,0.01,0.02,74139.52,1776274381000
1776274383.191,183.191,0.6,0.61,0.39,0.4,0.01,0.01,74139.52,1776274381000
1776274383.591,183.591,0.6,0.61,0.39,0.4,0.01,0.01,74142.21,1776274382000
1776274383.998,183.998,0.6,0.61,0.39,0.4,0.01,0.01,74142.21,1776274382000
1776274384.352,184.352,0.6,0.61,0.39,0.4,0.01,0.01,74148.92,1776274383000
1776274384.789,184.789,0.6,0.61,0.39,0.4,0.01,0.01,74148.92,1776274383000
1776274385.122,185.122,0.61,0.62,0.38,0.39,0.01,0.01,74148.92,1776274383000
1776274385.475,185.475,0.61,0.62,0.38,0.39,0.01,0.01,74146.91,1776274384000
1776274385.836,185.836,0.61,0.62,0.38,0.39,0.01,0.01,74146.91,1776274384000
1776274386.505,186.505,0.61,0.62,0.38,0.39,0.01,0.01,74146.99,1776274385000
1776274387.029,187.029,0.61,0.62,0.38,0.39,0.01,0.01,74147.29,1776274386000
1776274387.434,187.434,0.61,0.62,0.38,0.39,0.01,0.01,74147.29,1776274386000
1776274387.812,187.812,0.55,0.56,0.44,0.45,0.01,0.01,74147.29,1776274386000
1776274388.166,188.166,0.54,0.56,0.44,0.45,0.02,0.01,74147.85,1776274387000
1776274388.504,188.504,0.55,0.56,0.44,0.45,0.01,0.01,74147.85,1776274387000
1776274388.85,188.85,0.54,0.55,0.44,0.45,0.01,0.01,74147.85,1776274387000
1776274389.222,189.222,0.54,0.55,0.45,0.46,0.01,0.01,74140.8,1776274388000
1776274389.611,189.611,0.53,0.54,0.46,0.47,0.01,0.01,74140.8,1776274388000
1776274389.973,189.973,0.53,0.54,0.46,0.47,0.01,0.01,74140.8,1776274388000
1776274390.309,190.309,0.53,0.54,0.46,0.47,0.01,0.01,74137.54,1776274389000
1776274391.372,191.372,0.53,0.54,0.46,0.47,0.01,0.01,74137.54,1776274389000
1776274391.843,191.843,0.53,0.54,0.46,0.47,0.01,0.01,74137.47,1776274390000
1776274392.198,192.198,0.53,0.54,0.46,0.47,0.01,0.01,74136.99,1776274391000
1776274392.585,192.585,0.53,0.54,0.46,0.47,0.01,0.01,74136.99,1776274391000
1776274393.198,193.198,0.53,0.54,0.46,0.47,0.01,0.01,74136.99,1776274392000
1776274393.757,193.757,0.53,0.54,0.46,0.47,0.01,0.01,74136.99,1776274392000
1776274394.093,194.093,0.5,0.52,0.48,0.5,0.02,0.02,74136.99,1776274392000
1776274394.463,194.463,0.45,0.5,0.5,0.54,0.05,0.04,74125.49,1776274393000
1776274394.797,194.797,0.46,0.49,0.51,0.54,0.03,0.03,74125.49,1776274393000
1776274395.131,195.131,0.4,0.41,0.59,0.6,0.01,0.01,74125.49,1776274393000
1776274395.489,195.489,0.4,0.44,0.56,0.6,0.04,0.04,74121.6,1776274394000
1776274395.825,195.825,0.43,0.44,0.56,0.57,0.01,0.01,74121.6,1776274394000
1776274396.244,196.244,0.42,0.43,0.56,0.57,0.01,0.01,74121.92,1776274395000
1776274396.611,196.611,0.43,0.44,0.56,0.57,0.01,0.01,74121.92,1776274395000
1776274396.95,196.95,0.39,0.44,0.56,0.61,0.05,0.05,74121.92,1776274395000
1776274397.334,197.334,0.38,0.44,0.56,0.6,0.06,0.04,74124.66,1776274396000
1776274397.808,197.808,0.38,0.39,0.56,0.6,0.01,0.04,74124.66,1776274396000
1776274398.203,198.203,0.38,0.39,0.61,0.62,0.01,0.01,74122.16,1776274397000
1776274398.561,198.561,0.38,0.39,0.61,0.62,0.01,0.01,74122.16,1776274397000
1776274399.024,199.024,0.38,0.39,0.61,0.62,0.01,0.01,74122.16,1776274397000
1776274399.375,199.375,0.38,0.39,0.61,0.62,0.01,0.01,74117.55,1776274398000
1776274399.726,199.726,0.37,0.4,0.6,0.63,0.03,0.03,74117.55,1776274398000
1776274400.081,200.081,0.38,0.39,0.61,0.62,0.01,0.01,74117.55,1776274398000
1776274400.415,200.415,0.38,0.39,0.61,0.62,0.01,0.01,74117.33,1776274399000
1776274400.77,200.77,0.37,0.39,0.61,0.62,0.02,0.01,74117.33,1776274399000
1776274401.105,201.105,0.37,0.38,0.62,0.63,0.01,0.01,74117.33,1776274399000
1776274401.549,201.549,0.37,0.38,0.62,0.64,0.01,0.02,74119.11,1776274400000
1776274401.883,201.883,0.37,0.38,0.62,0.63,0.01,0.01,74119.11,1776274400000
1776274402.253,202.253,0.37,0.38,0.62,0.63,0.01,0.01,74119.11,1776274400000
1776274402.647,202.647,0.37,0.38,0.62,0.63,0.01,0.01,74112.72,1776274401000
1776274403.022,203.022,0.36,0.37,0.63,0.64,0.01,0.01,74112.72,1776274401000
1776274403.364,203.364,0.34,0.36,0.64,0.66,0.02,0.02,74111.78,1776274402000
1776274403.701,203.701,0.35,0.36,0.64,0.65,0.01,0.01,74111.78,1776274402000
1776274404.048,204.048,0.33,0.34,0.64,0.66,0.01,0.02,74111.78,1776274402000
1776274404.381,204.381,0.33,0.34,0.66,0.67,0.01,0.01,74110.27,1776274403000
1776274404.724,204.724,0.35,0.36,0.64,0.67,0.01,0.03,74110.27,1776274403000
1776274405.068,205.068,0.35,0.36,0.64,0.65,0.01,0.01,74110.27,1776274403000
1776274405.48,205.48,0.35,0.36,0.63,0.65,0.01,0.02,74109.83,1776274404000
1776274406.048,206.048,0.35,0.36,0.64,0.65,0.01,0.01,74109.83,1776274404000
1776274406.508,206.508,0.35,0.36,0.64,0.65,0.01,0.01,74110.17,1776274405000
1776274407.024,207.024,0.35,0.38,0.62,0.65,0.03,0.03,74110.17,1776274405000
1776274407.362,207.362,0.35,0.37,0.63,0.65,0.02,0.02,74115.34,1776274406000
1776274407.706,207.706,0.36,0.37,0.63,0.64,0.01,0.01,74115.34,1776274406000
1776274408.093,208.093,0.36,0.37,0.63,0.64,0.01,0.01,74115.34,1776274406000
1776274408.53,208.53,0.36,0.37,0.63,0.64,0.01,0.01,74117.1,1776274407000
1776274408.867,208.867,0.36,0.37,0.63,0.64,0.01,0.01,74117.1,1776274407000
1776274409.229,209.229,0.36,0.37,0.63,0.64,0.01,0.01,74117.11,1776274408000
1776274409.618,209.618,0.36,0.37,0.63,0.64,0.01,0.01,74117.11,1776274408000
1776274409.963,209.963,0.36,0.37,0.63,0.64,0.01,0.01,74117.11,1776274408000
1776274410.3,210.3,0.36,0.37,0.63,0.64,0.01,0.01,74117.14,1776274409000
1776274410.79,210.79,0.36,0.37,0.63,0.64,0.01,0.01,74117.14,1776274409000
1776274411.307,211.307,0.36,0.37,0.63,0.64,0.01,0.01,74117.14,1776274409000
1776274411.752,211.752,0.36,0.37,0.63,0.64,0.01,0.01,74117.17,1776274410000
1776274412.235,212.235,0.36,0.37,0.63,0.64,0.01,0.01,74117.18,1776274411000
1776274412.73,212.73,0.36,0.37,0.63,0.64,0.01,0.01,74117.18,1776274411000
1776274413.161,213.161,0.36,0.37,0.63,0.64,0.01,0.01,74117.18,1776274411000
1776274414.382,214.382,0.36,0.37,0.63,0.64,0.01,0.01,74117.91,1776274413000
1776274414.735,214.735,0.36,0.37,0.63,0.64,0.01,0.01,74117.91,1776274413000
1776274415.102,215.102,0.36,0.37,0.63,0.64,0.01,0.01,74118.76,1776274414000
1776274415.803,215.803,0.36,0.37,0.63,0.64,0.01,0.01,74118.76,1776274414000
1776274416.148,216.148,0.36,0.37,0.63,0.64,0.01,0.01,74117.67,1776274415000
1776274416.485,216.485,0.36,0.38,0.62,0.64,0.02,0.02,74117.67,1776274415000
1776274416.83,216.83,0.36,0.37,0.63,0.64,0.01,0.01,74117.67,1776274415000
1776274417.192,217.192,0.36,0.38,0.63,0.64,0.02,0.01,74117.67,1776274415000
1776274417.551,217.551,0.36,0.37,0.63,0.64,0.01,0.01,74118.35,1776274416000
1776274417.904,217.904,0.36,0.37,0.63,0.64,0.01,0.01,74118.35,1776274416000
1776274418.243,218.243,0.35,0.36,0.63,0.65,0.01,0.02,74118.35,1776274416000
1776274418.579,218.579,0.35,0.36,0.64,0.65,0.01,0.01,74119.26,1776274417000
1776274418.912,218.912,0.35,0.36,0.64,0.65,0.01,0.01,74119.26,1776274417000
1776274419.263,219.263,0.35,0.36,0.64,0.65,0.01,0.01,74118.97,1776274418000
1776274419.659,219.659,0.35,0.36,0.64,0.65,0.01,0.01,74118.97,1776274418000
1776274419.993,219.993,0.35,0.36,0.64,0.65,0.01,0.01,74118.97,1776274418000
1776274420.378,220.378,0.35,0.36,0.64,0.65,0.01,0.01,74115.44,1776274419000
1776274421.35,221.35,0.35,0.36,0.64,0.65,0.01,0.01,74115.44,1776274419000
1776274421.82,221.82,0.35,0.36,0.64,0.65,0.01,0.01,74115.05,1776274420000
1776274422.192,222.192,0.35,0.36,0.64,0.65,0.01,0.01,74114.63,1776274421000
1776274422.658,222.658,0.35,0.36,0.64,0.65,0.01,0.01,74114.63,1776274421000
1776274423.002,223.002,0.35,0.36,0.64,0.65,0.01,0.01,74114.52,1776274422000
1776274423.423,223.423,0.35,0.36,0.64,0.65,0.01,0.01,74114.52,1776274422000
1776274424.063,224.063,0.35,0.36,0.64,0.65,0.01,0.01,74115.2,1776274423000
1776274424.399,224.399,0.35,0.36,0.64,0.65,0.01,0.01,74115.2,1776274423000
1776274424.78,224.78,0.35,0.36,0.64,0.65,0.01,0.01,74115.2,1776274423000
1776274425.131,225.131,0.35,0.36,0.64,0.65,0.01,0.01,74115.2,1776274423000
1776274425.602,225.602,0.34,0.35,0.64,0.66,0.01,0.02,74115.57,1776274424000
1776274425.982,225.982,0.34,0.35,0.65,0.66,0.01,0.01,74115.57,1776274424000
1776274426.365,226.365,0.34,0.35,0.65,0.66,0.01,0.01,74115.57,1776274424000
1776274426.75,226.75,0.33,0.34,0.65,0.66,0.01,0.01,74115.57,1776274424000
1776274427.3,227.3,0.33,0.34,0.66,0.67,0.01,0.01,74115.97,1776274426000
1776274428.312,228.312,0.33,0.34,0.66,0.67,0.01,0.01,74115.85,1776274427000
1776274429.1,229.1,0.33,0.34,0.66,0.67,0.01,0.01,74115.85,1776274427000
1776274429.663,229.663,0.33,0.34,0.66,0.67,0.01,0.01,74114.99,1776274428000
1776274430.299,230.299,0.33,0.34,0.66,0.67,0.01,0.01,74115.65,1776274429000
1776274430.661,230.661,0.33,0.34,0.66,0.67,0.01,0.01,74115.65,1776274429000
1776274431.273,231.273,0.31,0.34,0.66,0.69,0.03,0.03,74111.85,1776274430000
1776274431.637,231.637,0.28,0.31,0.69,0.71,0.03,0.02,74111.85,1776274430000
1776274432.036,232.036,0.24,0.27,0.73,0.76,0.03,0.03,74111.85,1776274430000
1776274432.376,232.376,0.15,0.22,0.78,0.83,0.07,0.05,74091.46,1776274431000
1776274432.71,232.71,0.18,0.2,0.8,0.82,0.02,0.02,74091.46,1776274431000
1776274433.072,233.072,0.16,0.17,0.83,0.84,0.01,0.01,74091.46,1776274431000
1776274433.407,233.407,0.16,0.17,0.83,0.84,0.01,0.01,74089.44,1776274432000
1776274433.865,233.865,0.16,0.17,0.83,0.84,0.01,0.01,74089.44,1776274432000
1776274434.248,234.248,0.16,0.17,0.83,0.84,0.01,0.01,74090.8,1776274433000
1776274434.742,234.742,0.16,0.17,0.83,0.84,0.01,0.01,74090.8,1776274433000
1776274435.126,235.126,0.17,0.2,0.81,0.83,0.03,0.02,74090.8,1776274433000
1776274435.867,235.867,0.17,0.2,0.79,0.83,0.03,0.04,74092.64,1776274434000
1776274436.241,236.241,0.17,0.2,0.8,0.83,0.03,0.03,74101.88,1776274435000
1776274436.699,236.699,0.17,0.19,0.81,0.83,0.02,0.02,74101.88,1776274435000
1776274437.044,237.044,0.17,0.18,0.81,0.83,0.01,0.02,74101.88,1776274435000
1776274437.933,237.933,0.17,0.18,0.82,0.83,0.01,0.01,74104.59,1776274437000
1776274438.34,238.34,0.17,0.2,0.8,0.83,0.03,0.03,74104.59,1776274437000
1776274438.965,238.965,0.18,0.2,0.8,0.82,0.02,0.02,74104.59,1776274437000
1776274439.373,239.373,0.18,0.21,0.8,0.82,0.03,0.02,74106.09,1776274438000
1776274439.71,239.71,0.17,0.22,0.77,0.83,0.05,0.06,74106.09,1776274438000
1776274440.071,240.071,0.21,0.22,0.78,0.79,0.01,0.01,74106.09,1776274438000
1776274440.537,240.537,0.24,0.26,0.75,0.76,0.02,0.01,74106.09,1776274438000
1776274440.879,240.879,0.24,0.25,0.75,0.76,0.01,0.01,74104.97,1776274439000
1776274441.311,241.311,0.24,0.25,0.75,0.76,0.01,0.01,74105.03,1776274440000
1776274442.0,242.0,0.24,0.25,0.75,0.76,0.01,0.01,74105.03,1776274441000
1776274443.1,243.1,0.24,0.25,0.75,0.76,0.01,0.01,74105.0,1776274442000
1776274443.739,243.739,0.24,0.25,0.75,0.76,0.01,0.01,74105.0,1776274442000
1776274444.086,244.086,0.24,0.25,0.75,0.76,0.01,0.01,74105.65,1776274443000
1776274444.774,244.774,0.24,0.25,0.75,0.76,0.01,0.01,74105.65,1776274443000
1776274445.585,245.585,0.24,0.25,0.75,0.76,0.01,0.01,74103.77,1776274444000
1776274445.94,245.94,0.24,0.25,0.75,0.76,0.01,0.01,74098.92,1776274445000
1776274446.482,246.482,0.24,0.25,0.75,0.76,0.01,0.01,74098.92,1776274445000
1776274446.89,246.89,0.24,0.25,0.75,0.76,0.01,0.01,74097.15,1776274446000
1776274447.637,247.637,0.24,0.25,0.75,0.76,0.01,0.01,74097.15,1776274446000
1776274448.024,248.024,0.24,0.25,0.75,0.76,0.01,0.01,74097.15,1776274447000
1776274448.362,248.362,0.24,0.25,0.75,0.76,0.01,0.01,74097.15,1776274447000
1776274448.713,248.713,0.24,0.25,0.75,0.76,0.01,0.01,74097.15,1776274447000
1776274449.048,249.048,0.24,0.25,0.75,0.8,0.01,0.05,74097.15,1776274447000
1776274449.397,249.397,0.24,0.25,0.75,0.76,0.01,0.01,74098.53,1776274448000
1776274449.851,249.851,0.24,0.25,0.75,0.76,0.01,0.01,74098.53,1776274448000
1776274450.224,250.224,0.24,0.25,0.75,0.76,0.01,0.01,74098.53,1776274448000
1776274450.649,250.649,0.24,0.25,0.75,0.76,0.01,0.01,74096.68,1776274449000
1776274451.117,251.117,0.22,0.25,0.75,0.76,0.03,0.01,74096.68,1776274449000
1776274451.609,251.609,0.24,0.25,0.75,0.78,0.01,0.03,74096.43,1776274450000
1776274452.251,252.251,0.24,0.25,0.75,0.76,0.01,0.01,74096.43,1776274450000
1776274452.589,252.589,0.24,0.25,0.75,0.76,0.01,0.01,74096.43,1776274450000
1776274453.231,253.231,0.19,0.22,0.78,0.79,0.03,0.01,74096.38,1776274451000
1776274453.612,253.612,0.21,0.24,0.77,0.79,0.03,0.02,74097.12,1776274452000
1776274453.998,253.998,0.21,0.24,0.76,0.79,0.03,0.03,74097.12,1776274452000
1776274454.357,254.357,0.18,0.22,0.78,0.82,0.04,0.04,74097.12,1776274453000
1776274454.776,254.776,0.21,0.24,0.78,0.83,0.03,0.05,74097.12,1776274453000
1776274455.135,255.135,0.17,0.2,0.78,0.83,0.03,0.05,74097.12,1776274453000
1776274455.63,255.63,0.18,0.19,0.81,0.82,0.01,0.01,74101.08,1776274454000
1776274455.991,255.991,0.19,0.21,0.79,0.81,0.02,0.02,74101.08,1776274455000
1776274456.344,256.344,0.18,0.19,0.81,0.82,0.01,0.01,74101.08,1776274455000
1776274456.686,256.686,0.18,0.19,0.81,0.82,0.01,0.01,74101.08,1776274455000
1776274457.034,257.034,0.18,0.19,0.81,0.82,0.01,0.01,74101.08,1776274455000
1776274457.493,257.493,0.18,0.19,0.81,0.82,0.01,0.01,74101.23,1776274456000
1776274457.853,257.853,0.18,0.19,0.81,0.82,0.01,0.01,74101.23,1776274456000
1776274458.189,258.189,0.18,0.19,0.81,0.82,0.01,0.01,74101.23,1776274456000
1776274458.665,258.665,0.17,0.18,0.81,0.82,0.01,0.01,74102.63,1776274457000
1776274459.017,259.017,0.17,0.18,0.82,0.83,0.01,0.01,74102.63,1776274457000
1776274459.372,259.372,0.17,0.18,0.82,0.83,0.01,0.01,74102.63,1776274458000
1776274459.971,259.971,0.16,0.17,0.82,0.83,0.01,0.01,74102.63,1776274458000
1776274460.309,260.309,0.15,0.17,0.83,0.85,0.02,0.02,74102.35,1776274459000
1776274460.785,260.785,0.14,0.15,0.84,0.86,0.01,0.02,74102.35,1776274459000
1776274461.247,261.247,0.13,0.15,0.85,0.87,0.02,0.02,74102.58,1776274460000
1776274461.626,261.626,0.13,0.14,0.86,0.87,0.01,0.01,74102.58,1776274460000
1776274462.021,262.021,0.11,0.12,0.86,0.9,0.01,0.04,74102.58,1776274460000
1776274462.359,262.359,0.1,0.11,0.89,0.9,0.01,0.01,74102.58,1776274460000
1776274462.694,262.694,0.08,0.09,0.91,0.92,0.01,0.01,74098.52,1776274461000
1776274463.033,263.033,0.06,0.08,0.91,0.93,0.02,0.02,74098.52,1776274461000
1776274463.367,263.367,0.06,0.07,0.93,0.94,0.01,0.01,74098.52,1776274461000
1776274463.715,263.715,0.06,0.07,0.93,0.94,0.01,0.01,74093.16,1776274462000
1776274464.103,264.103,0.05,0.06,0.93,0.94,0.01,0.01,74093.15,1776274463000
1776274464.466,264.466,0.05,0.06,0.94,0.95,0.01,0.01,74093.15,1776274463000
1776274464.811,264.811,0.05,0.06,0.94,0.95,0.01,0.01,74093.15,1776274463000
1776274465.178,265.178,0.05,0.06,0.94,0.95,0.01,0.01,74089.59,1776274464000
1776274465.515,265.515,0.05,0.06,0.94,0.95,0.01,0.01,74089.59,1776274464000
1776274465.894,265.894,0.04,0.05,0.95,0.96,0.01,0.01,74089.59,1776274464000
1776274466.256,266.256,0.04,0.05,0.95,0.96,0.01,0.01,74087.2,1776274465000
1776274466.594,266.594,0.04,0.05,0.95,0.96,0.01,0.01,74087.2,1776274465000
1776274466.938,266.938,0.04,0.05,0.95,0.96,0.01,0.01,74087.2,1776274465000
1776274467.278,267.278,0.04,0.05,0.95,0.96,0.01,0.01,74087.2,1776274465000
1776274467.691,267.691,0.03,0.04,0.96,0.97,0.01,0.01,74087.2,1776274465000
1776274468.056,268.056,0.03,0.04,0.96,0.97,0.01,0.01,74085.19,1776274466000
1776274468.409,268.409,0.03,0.04,0.96,0.97,0.01,0.01,74085.19,1776274466000
1776274468.81,268.81,0.03,0.04,0.96,0.97,0.01,0.01,74087.16,1776274467000
1776274469.163,269.163,0.03,0.04,0.96,0.97,0.01,0.01,74087.1,1776274468000
1776274469.552,269.552,0.03,0.04,0.96,0.97,0.01,0.01,74087.1,1776274468000
1776274469.889,269.889,0.03,0.04,0.96,0.97,0.01,0.01,74087.1,1776274468000
1776274470.278,270.278,0.03,0.04,0.96,0.97,0.01,0.01,74084.88,1776274469000
1776274470.619,270.619,0.04,0.05,0.95,0.96,0.01,0.01,74084.88,1776274469000
1776274470.964,270.964,0.03,0.05,0.95,0.96,0.02,0.01,74084.88,1776274469000
1776274471.328,271.328,0.03,0.04,0.96,0.97,0.01,0.01,74084.96,1776274470000
1776274471.662,271.662,0.03,0.04,0.96,0.97,0.01,0.01,74084.96,1776274470000
1776274471.999,271.999,0.04,0.05,0.95,0.96,0.01,0.01,74087.65,1776274471000
1776274472.379,272.379,0.05,0.06,0.95,0.96,0.01,0.01,74087.65,1776274471000
1776274472.742,272.742,0.07,0.08,0.92,0.93,0.01,0.01,74087.65,1776274471000
1776274473.097,273.097,0.09,0.1,0.9,0.91,0.01,0.01,74093.07,1776274472000
1776274473.454,273.454,0.09,0.1,0.9,0.91,0.01,0.01,74093.07,1776274472000
1776274473.822,273.822,0.09,0.1,0.89,0.91,0.01,0.02,74093.07,1776274472000
1776274474.248,274.248,0.1,0.11,0.89,0.9,0.01,0.01,74095.28,1776274473000
1776274474.59,274.59,0.09,0.1,0.9,0.91,0.01,0.01,74095.28,1776274473000
1776274474.941,274.941,0.09,0.1,0.9,0.91,0.01,0.01,74095.28,1776274473000
1776274475.363,275.363,0.09,0.1,0.9,0.91,0.01,0.01,74101.65,1776274474000
1776274475.752,275.752,0.09,0.1,0.9,0.91,0.01,0.01,74101.65,1776274474000
1776274476.111,276.111,0.09,0.11,0.9,0.91,0.02,0.01,74101.65,1776274474000
1776274476.534,276.534,0.11,0.12,0.88,0.89,0.01,0.01,74105.52,1776274475000
1776274476.922,276.922,0.11,0.12,0.88,0.89,0.01,0.01,74105.52,1776274475000
1776274477.268,277.268,0.11,0.12,0.88,0.89,0.01,0.01,74105.52,1776274475000
1776274477.65,277.65,0.11,0.12,0.88,0.89,0.01,0.01,74106.32,1776274476000
1776274477.987,277.987,0.12,0.13,0.87,0.88,0.01,0.01,74106.32,1776274476000
1776274478.388,278.388,0.11,0.12,0.88,0.89,0.01,0.01,74109.35,1776274477000
1776274478.765,278.765,0.11,0.12,0.88,0.89,0.01,0.01,74109.35,1776274477000
1776274479.146,279.146,0.12,0.13,0.87,0.88,0.01,0.01,74110.18,1776274478000
1776274479.497,279.497,0.14,0.15,0.85,0.86,0.01,0.01,74110.18,1776274478000
1776274479.837,279.837,0.15,0.2,0.82,0.85,0.05,0.03,74110.18,1776274478000
1776274480.176,280.176,0.16,0.27,0.73,0.84,0.11,0.11,74112.74,1776274479000
1776274480.513,280.513,0.41,0.44,0.59,0.62,0.03,0.03,74112.74,1776274479000
1776274480.85,280.85,0.5,0.53,0.48,0.5,0.03,0.02,74112.74,1776274479000
1776274481.184,281.184,0.58,0.59,0.41,0.42,0.01,0.01,74112.74,1776274479000
1776274481.553,281.553,0.62,0.64,0.36,0.38,0.02,0.02,74124.26,1776274480000
1776274481.895,281.895,0.68,0.7,0.3,0.32,0.02,0.02,74124.26,1776274480000
1776274482.231,282.231,0.69,0.7,0.3,0.31,0.01,0.01,74133.64,1776274481000
1776274482.571,282.571,0.69,0.7,0.3,0.31,0.01,0.01,74133.64,1776274481000
1776274482.928,282.928,0.66,0.68,0.32,0.35,0.02,0.03,74133.64,1776274481000
1776274483.295,283.295,0.67,0.68,0.32,0.33,0.01,0.01,74138.89,1776274482000
1776274483.652,283.652,0.67,0.68,0.32,0.33,0.01,0.01,74138.89,1776274482000
1776274484.026,284.026,0.67,0.68,0.32,0.33,0.01,0.01,74138.89,1776274482000
1776274484.362,284.362,0.64,0.68,0.32,0.33,0.04,0.01,74139.89,1776274483000
1776274484.753,284.753,0.66,0.67,0.33,0.35,0.01,0.02,74139.89,1776274483000
1776274485.19,285.19,0.66,0.67,0.33,0.34,0.01,0.01,74139.93,1776274484000
1776274485.615,285.615,0.67,0.68,0.32,0.33,0.01,0.01,74139.93,1776274484000
1776274485.978,285.978,0.65,0.66,0.34,0.35,0.01,0.01,74139.93,1776274484000
1776274486.43,286.43,0.66,0.67,0.33,0.35,0.01,0.02,74140.47,1776274485000
1776274486.781,286.781,0.66,0.67,0.33,0.34,0.01,0.01,74140.47,1776274485000
1776274487.121,287.121,0.66,0.67,0.33,0.34,0.01,0.01,74141.03,1776274486000
1776274487.458,287.458,0.66,0.69,0.33,0.34,0.03,0.01,74141.03,1776274486000
1776274487.791,287.791,0.68,0.69,0.31,0.32,0.01,0.01,74141.03,1776274486000
1776274488.145,288.145,0.68,0.69,0.31,0.32,0.01,0.01,74141.07,1776274487000
1776274488.499,288.499,0.68,0.69,0.31,0.32,0.01,0.01,74141.07,1776274487000
1776274488.835,288.835,0.68,0.69,0.31,0.32,0.01,0.01,74141.07,1776274487000
1776274489.344,289.344,0.69,0.7,0.3,0.31,0.01,0.01,74140.72,1776274488000
1776274489.733,289.733,0.69,0.7,0.3,0.31,0.01,0.01,74140.72,1776274488000
1776274490.258,290.258,0.69,0.7,0.3,0.31,0.01,0.01,74140.94,1776274489000
1776274490.622,290.622,0.69,0.7,0.3,0.31,0.01,0.01,74140.94,1776274489000
1776274491.057,291.057,0.68,0.69,0.3,0.31,0.01,0.01,74140.94,1776274489000
1776274491.408,291.408,0.68,0.69,0.31,0.32,0.01,0.01,74141.07,1776274490000
1776274491.766,291.766,0.69,0.7,0.3,0.31,0.01,0.01,74141.07,1776274490000
1776274492.103,292.103,0.69,0.7,0.3,0.31,0.01,0.01,74141.09,1776274491000
1776274492.483,292.483,0.69,0.7,0.3,0.31,0.01,0.01,74141.09,1776274491000
1776274492.87,292.87,0.69,0.7,0.3,0.31,0.01,0.01,74141.09,1776274491000
1776274493.226,293.226,0.69,0.7,0.3,0.31,0.01,0.01,74140.42,1776274492000
1776274493.583,293.583,0.69,0.7,0.3,0.31,0.01,0.01,74140.42,1776274492000
1776274493.975,293.975,0.71,0.72,0.28,0.29,0.01,0.01,74140.42,1776274492000
1776274494.309,294.309,0.66,0.67,0.29,0.34,0.01,0.05,74140.42,1776274492000
1776274494.701,294.701,0.71,0.72,0.3,0.31,0.01,0.01,74140.42,1776274492000
1776274495.203,295.203,0.74,0.75,0.26,0.28,0.01,0.02,74140.42,1776274493000
1776274495.545,295.545,0.76,0.77,0.23,0.24,0.01,0.01,74140.42,1776274493000
1776274496.08,296.08,0.76,0.77,0.23,0.24,0.01,0.01,74140.42,1776274494000
1776274496.416,296.416,0.77,0.78,0.22,0.23,0.01,0.01,74140.42,1776274494000
1776274496.755,296.755,0.82,0.83,0.17,0.18,0.01,0.01,74140.47,1776274495000
1776274497.117,297.117,0.83,0.84,0.16,0.17,0.01,0.01,74140.47,1776274495000
1776274497.471,297.471,0.84,0.97,0.13,0.17,0.13,0.04,74140.47,1776274495000
1776274497.808,297.808,0.93,0.97,0.03,0.07,0.04,0.04,74141.08,1776274496000
1776274498.156,298.156,0.97,0.98,0.02,0.03,0.01,0.01,74141.42,1776274497000
1776274498.494,298.494,0.98,0.99,0.01,0.02,0.01,0.01,74141.42,1776274497000
1776274498.898,298.898,0.99,0.99,0.01,0.01,0.0,0.0,74141.42,1776274497000
1776274499.232,299.232,0.99,0.99,0.01,0.01,0.0,0.0,74141.42,1776274497000
1776274499.582,299.582,0.99,0.99,0.01,0.01,0.0,0.0,74147.89,1776274498000
1776274499.921,299.921,0.99,0.99,0.01,0.01,0.0,0.0,74147.89,1776274498000
1776274500.266,300.266,0.99,0.99,0.01,0.01,0.0,0.0,74152.19,1776274499000
1776274500.693,300.693,0.99,0.99,0.01,0.01,0.0,0.0,74152.19,1776274499000

# RESULT,winner=Up,slug=btc-updown-5m-1776274200,ticks=713
