timestamp,elapsed_sec,up_bid,up_ask,down_bid,down_ask,up_spread,down_spread,btc_price,btc_oracle_ts
1776890100.644,0.644,0.54,0.55,0.43,0.46,0.01,0.03,78568.88,1776890099000
1776890101.227,1.227,0.54,0.55,0.44,0.46,0.01,0.02,78568.88,1776890099000
1776890101.646,1.646,0.54,0.55,0.45,0.46,0.01,0.01,78568.88,1776890099000
1776890102.03,2.03,0.54,0.55,0.45,0.46,0.01,0.01,78568.89,1776890101000
1776890102.369,2.369,0.54,0.55,0.45,0.46,0.01,0.01,78568.89,1776890101000
1776890102.758,2.758,0.54,0.55,0.45,0.46,0.01,0.01,78568.89,1776890101000
1776890103.165,3.165,0.54,0.55,0.45,0.46,0.01,0.01,78568.93,1776890102000
1776890103.561,3.561,0.54,0.55,0.45,0.46,0.01,0.01,78568.93,1776890102000
1776890104.166,4.166,0.54,0.55,0.45,0.46,0.01,0.01,78568.93,1776890102000
1776890104.621,4.621,0.54,0.55,0.45,0.46,0.01,0.01,78571.02,1776890103000
1776890104.962,4.962,0.54,0.55,0.45,0.46,0.01,0.01,78571.02,1776890103000
1776890105.308,5.308,0.54,0.55,0.45,0.46,0.01,0.01,78571.02,1776890103000
1776890105.69,5.69,0.53,0.54,0.46,0.47,0.01,0.01,78571.45,1776890104000
1776890106.049,6.049,0.53,0.54,0.46,0.47,0.01,0.01,78571.45,1776890104000
1776890106.443,6.443,0.53,0.54,0.46,0.47,0.01,0.01,78571.45,1776890104000
1776890106.976,6.976,0.53,0.54,0.46,0.47,0.01,0.01,78571.45,1776890105000
1776890107.321,7.321,0.53,0.54,0.46,0.47,0.01,0.01,78570.61,1776890106000
1776890108.093,8.093,0.53,0.54,0.46,0.47,0.01,0.01,78570.61,1776890106000
1776890108.539,8.539,0.53,0.54,0.46,0.47,0.01,0.01,78569.06,1776890107000
1776890109.138,9.138,0.53,0.54,0.46,0.47,0.01,0.01,78569.06,1776890107000
1776890109.678,9.678,0.53,0.54,0.46,0.47,0.01,0.01,78568.68,1776890108000
1776890110.013,10.013,0.53,0.54,0.46,0.47,0.01,0.01,78568.68,1776890108000
1776890110.355,10.355,0.53,0.54,0.46,0.47,0.01,0.01,78568.66,1776890109000
1776890110.761,10.761,0.53,0.54,0.46,0.47,0.01,0.01,78568.66,1776890109000
1776890111.135,11.135,0.53,0.54,0.46,0.47,0.01,0.01,78568.66,1776890109000
1776890111.553,11.553,0.53,0.54,0.46,0.47,0.01,0.01,78568.66,1776890109000
1776890111.9,11.9,0.53,0.54,0.46,0.47,0.01,0.01,78568.66,1776890110000
1776890112.411,12.411,0.53,0.54,0.46,0.47,0.01,0.01,78568.66,1776890111000
1776890112.754,12.754,0.53,0.54,0.46,0.47,0.01,0.01,78568.66,1776890111000
1776890113.117,13.117,0.53,0.54,0.46,0.47,0.01,0.01,78568.66,1776890111000
1776890113.463,13.463,0.53,0.54,0.46,0.47,0.01,0.01,78568.66,1776890112000
1776890113.898,13.898,0.53,0.54,0.46,0.47,0.01,0.01,78568.66,1776890112000
1776890114.369,14.369,0.53,0.54,0.46,0.47,0.01,0.01,78568.66,1776890113000
1776890114.747,14.747,0.53,0.54,0.46,0.47,0.01,0.01,78568.66,1776890113000
1776890115.15,15.15,0.52,0.53,0.47,0.48,0.01,0.01,78568.62,1776890114000
1776890115.528,15.528,0.52,0.53,0.47,0.48,0.01,0.01,78568.62,1776890114000
1776890115.914,15.914,0.52,0.53,0.47,0.48,0.01,0.01,78568.62,1776890114000
1776890116.324,16.324,0.52,0.53,0.47,0.48,0.01,0.01,78568.62,1776890114000
1776890116.761,16.761,0.52,0.53,0.47,0.48,0.01,0.01,78568.62,1776890115000
1776890117.159,17.159,0.52,0.53,0.47,0.48,0.01,0.01,78568.62,1776890116000
1776890117.603,17.603,0.52,0.53,0.47,0.48,0.01,0.01,78568.62,1776890116000
1776890118.014,18.014,0.52,0.53,0.47,0.48,0.01,0.01,78568.62,1776890116000
1776890118.379,18.379,0.52,0.53,0.47,0.48,0.01,0.01,78568.66,1776890117000
1776890118.803,18.803,0.52,0.53,0.47,0.48,0.01,0.01,78568.66,1776890117000
1776890119.203,19.203,0.52,0.53,0.47,0.48,0.01,0.01,78568.66,1776890117000
1776890119.548,19.548,0.52,0.53,0.47,0.48,0.01,0.01,78568.67,1776890118000
1776890119.976,19.976,0.52,0.53,0.47,0.48,0.01,0.01,78568.67,1776890119000
1776890120.313,20.313,0.52,0.53,0.47,0.48,0.01,0.01,78568.67,1776890119000
1776890120.95,20.95,0.52,0.53,0.47,0.48,0.01,0.01,78568.67,1776890119000
1776890121.354,21.354,0.52,0.53,0.47,0.48,0.01,0.01,78569.04,1776890120000
1776890121.919,21.919,0.52,0.53,0.47,0.48,0.01,0.01,78569.04,1776890120000
1776890122.661,22.661,0.52,0.53,0.47,0.48,0.01,0.01,78569.11,1776890121000
1776890123.183,23.183,0.52,0.53,0.47,0.48,0.01,0.01,78569.11,1776890121000
1776890123.711,23.711,0.52,0.53,0.47,0.48,0.01,0.01,78569.11,1776890121000
1776890124.32,24.32,0.52,0.53,0.47,0.48,0.01,0.01,78569.28,1776890122000
1776890124.747,24.747,0.52,0.53,0.47,0.48,0.01,0.01,78569.28,1776890122000
1776890125.153,25.153,0.52,0.53,0.47,0.48,0.01,0.01,78569.41,1776890123000
1776890125.504,25.504,0.52,0.53,0.47,0.48,0.01,0.01,78569.41,1776890123000
1776890125.978,25.978,0.52,0.53,0.47,0.48,0.01,0.01,78569.53,1776890124000
1776890126.36,26.36,0.53,0.54,0.45,0.47,0.01,0.02,78569.53,1776890124000
1776890126.693,26.693,0.53,0.54,0.46,0.47,0.01,0.01,78569.4,1776890125000
1776890127.048,27.048,0.54,0.55,0.45,0.46,0.01,0.01,78569.4,1776890125000
1776890127.517,27.517,0.54,0.55,0.45,0.46,0.01,0.01,78569.52,1776890126000
1776890128.167,28.167,0.54,0.55,0.45,0.46,0.01,0.01,78569.52,1776890126000
1776890129.186,29.186,0.54,0.55,0.45,0.46,0.01,0.01,78569.58,1776890127000
1776890129.768,29.768,0.54,0.55,0.45,0.46,0.01,0.01,78569.58,1776890127000
1776890130.23,30.23,0.54,0.55,0.45,0.46,0.01,0.01,78571.34,1776890128000
1776890130.629,30.629,0.55,0.56,0.44,0.45,0.01,0.01,78571.34,1776890128000
1776890130.977,30.977,0.55,0.56,0.44,0.45,0.01,0.01,78571.11,1776890129000
1776890131.345,31.345,0.55,0.56,0.44,0.45,0.01,0.01,78571.11,1776890129000
1776890131.732,31.732,0.55,0.56,0.44,0.45,0.01,0.01,78571.1,1776890130000
1776890132.204,32.204,0.55,0.56,0.44,0.45,0.01,0.01,78571.1,1776890130000
1776890132.537,32.537,0.55,0.56,0.44,0.45,0.01,0.01,78571.57,1776890131000
1776890132.995,32.995,0.55,0.56,0.44,0.45,0.01,0.01,78571.57,1776890131000
1776890133.412,33.412,0.55,0.56,0.44,0.45,0.01,0.01,78571.57,1776890131000
1776890133.773,33.773,0.55,0.56,0.44,0.45,0.01,0.01,78571.57,1776890131000
1776890134.244,34.244,0.56,0.57,0.43,0.44,0.01,0.01,78572.5,1776890132000
1776890134.725,34.725,0.56,0.57,0.43,0.44,0.01,0.01,78572.95,1776890133000
1776890135.068,35.068,0.56,0.57,0.43,0.44,0.01,0.01,78572.95,1776890133000
1776890135.56,35.56,0.56,0.57,0.43,0.44,0.01,0.01,78572.93,1776890134000
1776890135.973,35.973,0.56,0.57,0.43,0.44,0.01,0.01,78572.93,1776890134000
1776890136.378,36.378,0.56,0.57,0.43,0.44,0.01,0.01,78572.94,1776890135000
1776890136.766,36.766,0.56,0.57,0.43,0.44,0.01,0.01,78572.94,1776890135000
1776890137.115,37.115,0.56,0.57,0.43,0.44,0.01,0.01,78573.03,1776890136000
1776890138.335,38.335,0.55,0.57,0.43,0.44,0.02,0.01,78573.03,1776890136000
1776890138.68,38.68,0.52,0.55,0.45,0.48,0.03,0.03,78573.09,1776890137000
1776890139.058,39.058,0.51,0.55,0.45,0.49,0.04,0.04,78573.09,1776890137000
1776890139.45,39.45,0.51,0.55,0.45,0.49,0.04,0.04,78573.09,1776890137000
1776890139.954,39.954,0.53,0.55,0.45,0.49,0.02,0.04,78572.54,1776890138000
1776890140.29,40.29,0.5,0.51,0.49,0.51,0.01,0.02,78568.19,1776890139000
1776890140.663,40.663,0.5,0.51,0.49,0.5,0.01,0.01,78568.19,1776890139000
1776890140.999,40.999,0.5,0.51,0.49,0.5,0.01,0.01,78568.19,1776890139000
1776890141.43,41.43,0.49,0.51,0.49,0.5,0.02,0.01,78568.19,1776890139000
1776890141.917,41.917,0.49,0.5,0.5,0.51,0.01,0.01,78566.46,1776890140000
1776890142.367,42.367,0.49,0.5,0.5,0.51,0.01,0.01,78566.46,1776890140000
1776890142.716,42.716,0.49,0.5,0.5,0.51,0.01,0.01,78566.46,1776890140000
1776890143.049,43.049,0.48,0.49,0.5,0.52,0.01,0.02,78566.47,1776890141000
1776890143.448,43.448,0.48,0.49,0.51,0.52,0.01,0.01,78566.19,1776890142000
1776890143.85,43.85,0.48,0.49,0.51,0.52,0.01,0.01,78566.19,1776890142000
1776890144.232,44.232,0.48,0.49,0.51,0.52,0.01,0.01,78566.07,1776890143000
1776890144.701,44.701,0.48,0.49,0.51,0.52,0.01,0.01,78566.07,1776890143000
1776890145.119,45.119,0.48,0.49,0.51,0.52,0.01,0.01,78566.07,1776890143000
1776890145.69,45.69,0.48,0.49,0.51,0.52,0.01,0.01,78565.89,1776890144000
1776890146.112,46.112,0.48,0.49,0.51,0.52,0.01,0.01,78565.89,1776890144000
1776890146.557,46.557,0.48,0.49,0.51,0.52,0.01,0.01,78565.89,1776890145000
1776890147.153,47.153,0.48,0.49,0.51,0.52,0.01,0.01,78565.89,1776890146000
1776890147.853,47.853,0.48,0.49,0.51,0.52,0.01,0.01,78565.89,1776890146000
1776890148.216,48.216,0.48,0.49,0.51,0.52,0.01,0.01,78565.88,1776890147000
1776890148.751,48.751,0.48,0.49,0.51,0.52,0.01,0.01,78565.88,1776890147000
1776890149.096,49.096,0.48,0.49,0.51,0.52,0.01,0.01,78565.88,1776890147000
1776890149.661,49.661,0.48,0.49,0.51,0.52,0.01,0.01,78565.9,1776890148000
1776890150.27,50.27,0.48,0.49,0.51,0.52,0.01,0.01,78565.89,1776890149000
1776890150.919,50.919,0.48,0.49,0.51,0.52,0.01,0.01,78565.89,1776890149000
1776890151.366,51.366,0.48,0.49,0.51,0.52,0.01,0.01,78565.89,1776890149000
1776890152.015,52.015,0.48,0.49,0.51,0.52,0.01,0.01,78565.83,1776890151000
1776890152.925,52.925,0.48,0.49,0.51,0.52,0.01,0.01,78565.83,1776890151000
1776890153.284,53.284,0.48,0.49,0.51,0.52,0.01,0.01,78565.0,1776890152000
1776890153.623,53.623,0.48,0.49,0.51,0.52,0.01,0.01,78565.0,1776890152000
1776890153.959,53.959,0.48,0.49,0.51,0.52,0.01,0.01,78565.0,1776890152000
1776890154.439,54.439,0.48,0.49,0.51,0.52,0.01,0.01,78564.94,1776890153000
1776890155.004,55.004,0.48,0.49,0.51,0.52,0.01,0.01,78564.94,1776890153000
1776890155.364,55.364,0.47,0.48,0.52,0.53,0.01,0.01,78564.77,1776890154000
1776890155.718,55.718,0.47,0.48,0.52,0.53,0.01,0.01,78564.77,1776890154000
1776890156.057,56.057,0.47,0.48,0.52,0.53,0.01,0.01,78564.77,1776890154000
1776890156.492,56.492,0.47,0.48,0.52,0.53,0.01,0.01,78564.2,1776890155000
1776890157.71,57.71,0.47,0.48,0.52,0.53,0.01,0.01,78564.2,1776890155000
1776890158.075,58.075,0.47,0.48,0.52,0.53,0.01,0.01,78559.85,1776890156000
1776890158.491,58.491,0.48,0.5,0.5,0.52,0.02,0.02,78559.85,1776890157000
1776890158.824,58.824,0.49,0.5,0.5,0.51,0.01,0.01,78559.85,1776890157000
1776890159.185,59.185,0.49,0.5,0.5,0.51,0.01,0.01,78559.96,1776890158000
1776890159.578,59.578,0.49,0.5,0.5,0.51,0.01,0.01,78559.96,1776890158000
1776890160.019,60.019,0.49,0.5,0.5,0.51,0.01,0.01,78559.96,1776890158000
1776890160.466,60.466,0.49,0.5,0.5,0.51,0.01,0.01,78560.05,1776890159000
1776890160.946,60.946,0.49,0.5,0.5,0.51,0.01,0.01,78560.05,1776890159000
1776890161.42,61.42,0.49,0.5,0.5,0.51,0.01,0.01,78559.8,1776890160000
1776890161.766,61.766,0.5,0.51,0.49,0.51,0.01,0.02,78559.8,1776890160000
1776890162.11,62.11,0.5,0.51,0.49,0.5,0.01,0.01,78559.8,1776890160000
1776890162.502,62.502,0.5,0.51,0.49,0.5,0.01,0.01,78559.27,1776890161000
1776890162.855,62.855,0.5,0.51,0.49,0.5,0.01,0.01,78559.27,1776890161000
1776890163.244,63.244,0.5,0.51,0.49,0.5,0.01,0.01,78559.27,1776890161000
1776890163.602,63.602,0.5,0.51,0.49,0.5,0.01,0.01,78560.74,1776890162000
1776890163.95,63.95,0.5,0.51,0.49,0.5,0.01,0.01,78560.74,1776890162000
1776890164.33,64.33,0.5,0.51,0.49,0.5,0.01,0.01,78560.77,1776890163000
1776890164.884,64.884,0.52,0.53,0.49,0.5,0.01,0.01,78560.77,1776890163000
1776890165.25,65.25,0.52,0.53,0.47,0.48,0.01,0.01,78560.77,1776890163000
1776890165.643,65.643,0.52,0.53,0.47,0.48,0.01,0.01,78561.68,1776890164000
1776890166.193,66.193,0.52,0.53,0.47,0.48,0.01,0.01,78561.68,1776890164000
1776890166.717,66.717,0.52,0.53,0.47,0.48,0.01,0.01,78563.53,1776890165000
1776890167.269,67.269,0.52,0.53,0.46,0.48,0.01,0.02,78563.53,1776890165000
1776890167.712,67.712,0.52,0.53,0.47,0.48,0.01,0.01,78564.93,1776890166000
1776890168.114,68.114,0.52,0.54,0.47,0.48,0.02,0.01,78564.93,1776890166000
1776890168.45,68.45,0.53,0.54,0.46,0.47,0.01,0.01,78565.7,1776890167000
1776890168.794,68.794,0.53,0.54,0.46,0.47,0.01,0.01,78565.7,1776890167000
1776890170.028,70.028,0.53,0.54,0.46,0.47,0.01,0.01,78565.83,1776890168000
1776890170.445,70.445,0.57,0.58,0.42,0.43,0.01,0.01,78565.83,1776890169000
1776890170.79,70.79,0.56,0.57,0.42,0.44,0.01,0.02,78565.83,1776890169000
1776890171.128,71.128,0.56,0.57,0.43,0.44,0.01,0.01,78566.53,1776890170000
1776890171.48,71.48,0.55,0.56,0.44,0.45,0.01,0.01,78566.53,1776890170000
1776890171.819,71.819,0.55,0.56,0.44,0.45,0.01,0.01,78566.53,1776890170000
1776890172.588,72.588,0.53,0.54,0.45,0.47,0.01,0.02,78568.57,1776890171000
1776890172.95,72.95,0.49,0.5,0.5,0.51,0.01,0.01,78568.57,1776890171000
1776890173.335,73.335,0.49,0.5,0.5,0.51,0.01,0.01,78568.1,1776890172000
1776890173.759,73.759,0.49,0.5,0.5,0.51,0.01,0.01,78568.1,1776890172000
1776890174.155,74.155,0.49,0.5,0.5,0.51,0.01,0.01,78567.66,1776890173000
1776890174.672,74.672,0.49,0.5,0.5,0.51,0.01,0.01,78567.66,1776890173000
1776890175.198,75.198,0.49,0.5,0.5,0.51,0.01,0.01,78566.02,1776890174000
1776890175.558,75.558,0.49,0.5,0.5,0.51,0.01,0.01,78566.02,1776890174000
1776890175.934,75.934,0.49,0.5,0.5,0.51,0.01,0.01,78564.77,1776890175000
1776890176.669,76.669,0.49,0.5,0.5,0.51,0.01,0.01,78564.77,1776890175000
1776890177.067,77.067,0.49,0.5,0.5,0.51,0.01,0.01,78564.77,1776890175000
1776890177.544,77.544,0.49,0.5,0.5,0.51,0.01,0.01,78564.99,1776890176000
1776890177.908,77.908,0.51,0.52,0.48,0.49,0.01,0.01,78564.99,1776890176000
1776890178.323,78.323,0.52,0.53,0.47,0.49,0.01,0.02,78564.99,1776890176000
1776890178.66,78.66,0.52,0.53,0.47,0.48,0.01,0.01,78565.08,1776890177000
1776890179.089,79.089,0.53,0.54,0.46,0.47,0.01,0.01,78565.13,1776890178000
1776890179.686,79.686,0.53,0.54,0.46,0.47,0.01,0.01,78565.13,1776890178000
1776890180.154,80.154,0.53,0.54,0.46,0.47,0.01,0.01,78565.13,1776890178000
1776890180.487,80.487,0.53,0.54,0.46,0.47,0.01,0.01,78565.24,1776890179000
1776890180.854,80.854,0.53,0.54,0.46,0.47,0.01,0.01,78565.24,1776890179000
1776890181.266,81.266,0.53,0.54,0.46,0.47,0.01,0.01,78565.24,1776890179000
1776890181.802,81.802,0.53,0.54,0.46,0.47,0.01,0.01,78565.69,1776890180000
1776890182.31,82.31,0.53,0.54,0.46,0.47,0.01,0.01,78565.69,1776890180000
1776890182.728,82.728,0.56,0.57,0.43,0.45,0.01,0.02,78566.58,1776890181000
1776890183.091,83.091,0.56,0.57,0.43,0.44,0.01,0.01,78566.58,1776890181000
1776890183.449,83.449,0.54,0.55,0.44,0.46,0.01,0.02,78566.94,1776890182000
1776890183.956,83.956,0.54,0.55,0.45,0.46,0.01,0.01,78566.94,1776890182000
1776890184.479,84.479,0.54,0.55,0.45,0.46,0.01,0.01,78566.94,1776890182000
1776890184.873,84.873,0.54,0.55,0.45,0.46,0.01,0.01,78566.94,1776890182000
1776890185.217,85.217,0.54,0.55,0.45,0.46,0.01,0.01,78567.58,1776890183000
1776890185.557,85.557,0.54,0.55,0.45,0.46,0.01,0.01,78568.54,1776890184000
1776890186.067,86.067,0.54,0.55,0.45,0.46,0.01,0.01,78568.54,1776890184000
1776890186.438,86.438,0.54,0.55,0.45,0.46,0.01,0.01,78568.54,1776890185000
1776890186.906,86.906,0.53,0.54,0.45,0.46,0.01,0.01,78568.54,1776890185000
1776890187.27,87.27,0.52,0.53,0.46,0.48,0.01,0.02,78568.54,1776890185000
1776890187.846,87.846,0.52,0.53,0.47,0.48,0.01,0.01,78568.63,1776890186000
1776890188.354,88.354,0.52,0.53,0.47,0.48,0.01,0.01,78568.63,1776890186000
1776890188.933,88.933,0.51,0.52,0.48,0.49,0.01,0.01,78567.73,1776890187000
1776890189.511,89.511,0.51,0.52,0.48,0.49,0.01,0.01,78567.82,1776890188000
1776890189.944,89.944,0.51,0.52,0.48,0.49,0.01,0.01,78567.82,1776890188000
1776890190.333,90.333,0.51,0.52,0.48,0.49,0.01,0.01,78567.82,1776890189000
1776890190.74,90.74,0.51,0.52,0.48,0.49,0.01,0.01,78567.82,1776890189000
1776890191.141,91.141,0.51,0.52,0.48,0.49,0.01,0.01,78567.82,1776890189000
1776890191.488,91.488,0.51,0.52,0.48,0.49,0.01,0.01,78567.32,1776890190000
1776890191.888,91.888,0.51,0.52,0.48,0.49,0.01,0.01,78567.32,1776890190000
1776890192.259,92.259,0.51,0.53,0.48,0.49,0.02,0.01,78567.32,1776890190000
1776890192.823,92.823,0.52,0.54,0.47,0.48,0.02,0.01,78567.18,1776890191000
1776890193.404,93.404,0.53,0.54,0.46,0.47,0.01,0.01,78567.18,1776890191000
1776890193.747,93.747,0.53,0.55,0.46,0.47,0.02,0.01,78567.25,1776890192000
1776890194.14,94.14,0.54,0.55,0.45,0.46,0.01,0.01,78567.35,1776890193000
1776890195.072,95.072,0.54,0.55,0.45,0.46,0.01,0.01,78567.35,1776890193000
1776890195.658,95.658,0.55,0.56,0.44,0.45,0.01,0.01,78567.38,1776890194000
1776890196.405,96.405,0.55,0.56,0.44,0.45,0.01,0.01,78567.5,1776890195000
1776890196.806,96.806,0.55,0.56,0.44,0.45,0.01,0.01,78567.5,1776890195000
1776890198.007,98.007,0.55,0.56,0.44,0.45,0.01,0.01,78567.41,1776890196000
1776890198.478,98.478,0.55,0.56,0.44,0.45,0.01,0.01,78567.47,1776890197000
1776890199.112,99.112,0.55,0.56,0.44,0.45,0.01,0.01,78567.47,1776890197000
1776890199.489,99.489,0.55,0.56,0.44,0.45,0.01,0.01,78567.47,1776890197000
1776890200.243,100.243,0.51,0.52,0.44,0.46,0.01,0.02,78567.46,1776890198000
1776890200.897,100.897,0.49,0.5,0.49,0.51,0.01,0.02,78567.44,1776890199000
1776890201.236,101.236,0.49,0.5,0.5,0.51,0.01,0.01,78567.44,1776890199000
1776890201.583,101.583,0.49,0.5,0.5,0.51,0.01,0.01,78567.44,1776890199000
1776890202.091,102.091,0.49,0.5,0.5,0.51,0.01,0.01,78566.47,1776890201000
1776890203.24,103.24,0.49,0.51,0.49,0.51,0.02,0.02,78566.25,1776890202000
1776890204.39,104.39,0.49,0.51,0.49,0.51,0.02,0.02,78564.51,1776890203000
1776890204.91,104.91,0.5,0.51,0.49,0.51,0.01,0.02,78564.51,1776890203000
1776890205.244,105.244,0.4,0.42,0.58,0.6,0.02,0.02,78564.51,1776890203000
1776890205.598,105.598,0.4,0.42,0.58,0.6,0.02,0.02,78532.57,1776890204000
1776890206.046,106.046,0.33,0.4,0.6,0.67,0.07,0.07,78532.57,1776890204000
1776890206.39,106.39,0.28,0.39,0.61,0.72,0.11,0.11,78527.67,1776890205000
1776890206.745,106.745,0.27,0.29,0.71,0.75,0.02,0.04,78527.67,1776890205000
1776890207.081,107.081,0.3,0.32,0.68,0.7,0.02,0.02,78527.67,1776890205000
1776890207.428,107.428,0.34,0.35,0.67,0.7,0.01,0.03,78525.94,1776890206000
1776890207.766,107.766,0.3,0.31,0.69,0.7,0.01,0.01,78525.94,1776890206000
1776890208.111,108.111,0.32,0.33,0.65,0.7,0.01,0.05,78525.94,1776890206000
1776890208.58,108.58,0.32,0.33,0.67,0.68,0.01,0.01,78524.51,1776890207000
1776890209.216,109.216,0.32,0.33,0.67,0.68,0.01,0.01,78526.53,1776890208000
1776890209.624,109.624,0.32,0.33,0.67,0.68,0.01,0.01,78526.53,1776890208000
1776890210.012,110.012,0.32,0.33,0.67,0.68,0.01,0.01,78526.53,1776890208000
1776890210.528,110.528,0.32,0.33,0.67,0.68,0.01,0.01,78526.53,1776890208000
1776890210.992,110.992,0.32,0.33,0.67,0.68,0.01,0.01,78534.24,1776890209000
1776890211.499,111.499,0.32,0.37,0.64,0.68,0.05,0.04,78534.24,1776890209000
1776890211.873,111.873,0.38,0.39,0.63,0.64,0.01,0.01,78563.15,1776890210000
1776890212.222,112.222,0.36,0.39,0.61,0.64,0.03,0.03,78563.15,1776890210000
1776890212.572,112.572,0.43,0.45,0.55,0.57,0.02,0.02,78563.15,1776890210000
1776890212.925,112.925,0.41,0.42,0.58,0.59,0.01,0.01,78563.69,1776890211000
1776890213.268,113.268,0.4,0.46,0.54,0.6,0.06,0.06,78563.69,1776890211000
1776890213.768,113.768,0.46,0.48,0.52,0.54,0.02,0.02,78563.69,1776890211000
1776890214.102,114.102,0.44,0.5,0.5,0.56,0.06,0.06,78563.97,1776890212000
1776890214.46,114.46,0.46,0.47,0.53,0.54,0.01,0.01,78563.97,1776890212000
1776890214.805,114.805,0.45,0.47,0.54,0.55,0.02,0.01,78563.97,1776890212000
1776890215.14,115.14,0.5,0.51,0.49,0.5,0.01,0.01,78563.97,1776890212000
1776890215.547,115.547,0.53,0.54,0.44,0.47,0.01,0.03,78562.7,1776890213000
1776890215.883,115.883,0.53,0.54,0.46,0.47,0.01,0.01,78562.7,1776890214000
1776890216.22,116.22,0.53,0.54,0.46,0.47,0.01,0.01,78562.7,1776890214000
1776890216.566,116.566,0.52,0.53,0.47,0.48,0.01,0.01,78562.7,1776890214000
1776890216.902,116.902,0.44,0.45,0.48,0.56,0.01,0.08,78563.9,1776890215000
1776890217.242,117.242,0.44,0.45,0.55,0.56,0.01,0.01,78563.9,1776890215000
1776890217.578,117.578,0.44,0.45,0.55,0.56,0.01,0.01,78563.9,1776890215000
1776890217.934,117.934,0.44,0.45,0.55,0.56,0.01,0.01,78567.0,1776890216000
1776890218.917,118.917,0.44,0.45,0.55,0.56,0.01,0.01,78566.5,1776890217000
1776890219.362,119.362,0.44,0.45,0.55,0.56,0.01,0.01,78566.5,1776890217000
1776890219.699,119.699,0.44,0.51,0.55,0.56,0.07,0.01,78566.5,1776890217000
1776890220.157,120.157,0.51,0.52,0.48,0.49,0.01,0.01,78560.98,1776890218000
1776890220.625,120.625,0.44,0.49,0.48,0.56,0.05,0.08,78560.98,1776890218000
1776890221.232,121.232,0.44,0.45,0.55,0.56,0.01,0.01,78560.98,1776890218000
1776890221.608,121.608,0.49,0.5,0.49,0.51,0.01,0.02,78560.86,1776890219000
1776890221.945,121.945,0.49,0.5,0.5,0.51,0.01,0.01,78560.86,1776890219000
1776890222.407,122.407,0.49,0.5,0.5,0.51,0.01,0.01,78564.17,1776890220000
1776890222.789,122.789,0.49,0.5,0.5,0.51,0.01,0.01,78564.17,1776890220000
1776890223.124,123.124,0.48,0.49,0.51,0.53,0.01,0.02,78565.37,1776890221000
1776890223.479,123.479,0.48,0.49,0.51,0.52,0.01,0.01,78565.37,1776890221000
1776890223.857,123.857,0.43,0.44,0.52,0.56,0.01,0.04,78565.37,1776890221000
1776890224.347,124.347,0.43,0.44,0.56,0.57,0.01,0.01,78567.21,1776890222000
1776890224.769,124.769,0.43,0.44,0.56,0.57,0.01,0.01,78567.21,1776890222000
1776890225.376,125.376,0.43,0.44,0.56,0.57,0.01,0.01,78565.79,1776890223000
1776890225.787,125.787,0.43,0.44,0.56,0.57,0.01,0.01,78565.79,1776890223000
1776890226.121,126.121,0.43,0.44,0.56,0.57,0.01,0.01,78562.95,1776890224000
1776890226.54,126.54,0.43,0.44,0.56,0.57,0.01,0.01,78562.95,1776890224000
1776890226.879,126.879,0.49,0.52,0.48,0.51,0.03,0.03,78562.95,1776890224000
1776890227.225,127.225,0.53,0.54,0.45,0.49,0.01,0.04,78559.22,1776890225000
1776890227.913,127.913,0.54,0.55,0.45,0.47,0.01,0.02,78559.22,1776890225000
1776890228.348,128.348,0.54,0.55,0.45,0.46,0.01,0.01,78558.19,1776890226000
1776890228.886,128.886,0.54,0.55,0.45,0.46,0.01,0.01,78558.19,1776890226000
1776890229.332,129.332,0.54,0.56,0.44,0.46,0.02,0.02,78562.05,1776890227000
1776890229.678,129.678,0.54,0.56,0.44,0.46,0.02,0.02,78564.27,1776890228000
1776890230.464,130.464,0.54,0.57,0.43,0.46,0.03,0.03,78569.28,1776890229000
1776890230.871,130.871,0.54,0.55,0.45,0.46,0.01,0.01,78569.28,1776890229000
1776890231.227,131.227,0.54,0.55,0.45,0.46,0.01,0.01,78559.93,1776890230000
1776890231.62,131.62,0.4,0.42,0.58,0.6,0.02,0.02,78559.93,1776890230000
1776890231.954,131.954,0.4,0.44,0.56,0.6,0.04,0.04,78559.93,1776890230000
1776890232.299,132.299,0.29,0.32,0.68,0.7,0.03,0.02,78559.93,1776890230000
1776890232.66,132.66,0.28,0.32,0.68,0.72,0.04,0.04,78544.98,1776890231000
1776890233.024,133.024,0.28,0.3,0.7,0.71,0.02,0.01,78544.98,1776890231000
1776890233.371,133.371,0.28,0.29,0.71,0.72,0.01,0.01,78544.98,1776890231000
1776890233.795,133.795,0.28,0.29,0.71,0.72,0.01,0.01,78532.29,1776890232000
1776890234.132,134.132,0.28,0.29,0.71,0.72,0.01,0.01,78530.28,1776890233000
1776890234.495,134.495,0.28,0.29,0.71,0.72,0.01,0.01,78530.28,1776890233000
1776890234.829,134.829,0.28,0.29,0.71,0.72,0.01,0.01,78530.28,1776890233000
1776890235.174,135.174,0.27,0.28,0.72,0.73,0.01,0.01,78526.96,1776890234000
1776890235.526,135.526,0.27,0.28,0.72,0.73,0.01,0.01,78526.96,1776890234000
1776890235.922,135.922,0.27,0.28,0.72,0.73,0.01,0.01,78526.96,1776890234000
1776890236.346,136.346,0.26,0.27,0.72,0.73,0.01,0.01,78526.96,1776890234000
1776890236.811,136.811,0.26,0.27,0.73,0.74,0.01,0.01,78527.04,1776890235000
1776890237.168,137.168,0.26,0.27,0.73,0.74,0.01,0.01,78527.04,1776890235000
1776890237.676,137.676,0.26,0.27,0.73,0.74,0.01,0.01,78527.04,1776890235000
1776890238.044,138.044,0.26,0.27,0.73,0.74,0.01,0.01,78527.44,1776890237000
1776890238.404,138.404,0.26,0.27,0.73,0.74,0.01,0.01,78527.44,1776890237000
1776890238.857,138.857,0.26,0.27,0.73,0.74,0.01,0.01,78527.44,1776890237000
1776890239.32,139.32,0.26,0.27,0.73,0.74,0.01,0.01,78526.47,1776890238000
1776890239.714,139.714,0.26,0.27,0.73,0.74,0.01,0.01,78526.47,1776890238000
1776890240.083,140.083,0.26,0.27,0.73,0.74,0.01,0.01,78526.47,1776890238000
1776890240.503,140.503,0.26,0.27,0.73,0.74,0.01,0.01,78524.49,1776890239000
1776890240.978,140.978,0.26,0.27,0.73,0.74,0.01,0.01,78524.49,1776890239000
1776890241.357,141.357,0.26,0.27,0.73,0.74,0.01,0.01,78524.49,1776890239000
1776890241.691,141.691,0.26,0.27,0.73,0.74,0.01,0.01,78525.56,1776890240000
1776890242.061,142.061,0.26,0.27,0.73,0.74,0.01,0.01,78525.56,1776890240000
1776890242.427,142.427,0.26,0.27,0.72,0.74,0.01,0.02,78524.67,1776890241000
1776890242.789,142.789,0.26,0.27,0.73,0.74,0.01,0.01,78524.67,1776890241000
1776890243.249,143.249,0.25,0.26,0.73,0.75,0.01,0.02,78524.63,1776890242000
1776890243.603,143.603,0.24,0.25,0.75,0.76,0.01,0.01,78524.63,1776890242000
1776890244.03,144.03,0.24,0.25,0.75,0.76,0.01,0.01,78524.63,1776890242000
1776890244.364,144.364,0.24,0.25,0.75,0.76,0.01,0.01,78524.46,1776890243000
1776890244.819,144.819,0.24,0.25,0.75,0.76,0.01,0.01,78524.46,1776890243000
1776890245.22,145.22,0.24,0.25,0.75,0.76,0.01,0.01,78524.46,1776890243000
1776890245.748,145.748,0.23,0.24,0.76,0.77,0.01,0.01,78524.46,1776890244000
1776890246.1,146.1,0.23,0.24,0.76,0.77,0.01,0.01,78524.46,1776890244000
1776890246.457,146.457,0.23,0.24,0.76,0.77,0.01,0.01,78522.78,1776890245000
1776890247.008,147.008,0.23,0.24,0.76,0.77,0.01,0.01,78522.78,1776890245000
1776890247.382,147.382,0.24,0.25,0.75,0.76,0.01,0.01,78522.19,1776890246000
1776890247.72,147.72,0.24,0.26,0.75,0.76,0.02,0.01,78522.19,1776890246000
1776890248.134,148.134,0.23,0.25,0.74,0.75,0.02,0.01,78521.7,1776890247000
1776890248.469,148.469,0.23,0.24,0.76,0.77,0.01,0.01,78521.7,1776890247000
1776890248.804,148.804,0.23,0.24,0.76,0.77,0.01,0.01,78521.7,1776890247000
1776890249.155,149.155,0.23,0.24,0.76,0.77,0.01,0.01,78524.04,1776890248000
1776890250.042,150.042,0.24,0.25,0.75,0.76,0.01,0.01,78524.04,1776890248000
1776890250.409,150.409,0.24,0.25,0.75,0.76,0.01,0.01,78524.39,1776890249000
1776890250.79,150.79,0.24,0.25,0.75,0.76,0.01,0.01,78524.39,1776890249000
1776890251.5,151.5,0.24,0.25,0.75,0.76,0.01,0.01,78522.0,1776890250000
1776890251.889,151.889,0.27,0.28,0.72,0.73,0.01,0.01,78522.0,1776890250000
1776890252.233,152.233,0.27,0.28,0.72,0.73,0.01,0.01,78522,1776890251000
1776890252.583,152.583,0.27,0.28,0.72,0.73,0.01,0.01,78522,1776890251000
1776890253.28,153.28,0.27,0.28,0.72,0.73,0.01,0.01,78522,1776890251000
1776890253.675,153.675,0.27,0.28,0.72,0.73,0.01,0.01,78523.82,1776890252000
1776890254.019,154.019,0.27,0.28,0.72,0.73,0.01,0.01,78523.82,1776890252000
1776890254.407,154.407,0.27,0.28,0.72,0.73,0.01,0.01,78525.02,1776890253000
1776890254.881,154.881,0.27,0.28,0.72,0.73,0.01,0.01,78525.02,1776890253000
1776890255.402,155.402,0.27,0.28,0.72,0.73,0.01,0.01,78526.63,1776890254000
1776890255.896,155.896,0.36,0.37,0.63,0.64,0.01,0.01,78526.63,1776890254000
1776890256.517,156.517,0.36,0.37,0.63,0.64,0.01,0.01,78527.86,1776890255000
1776890256.943,156.943,0.37,0.39,0.61,0.63,0.02,0.02,78527.86,1776890255000
1776890257.318,157.318,0.38,0.39,0.61,0.62,0.01,0.01,78527.86,1776890255000
1776890257.859,157.859,0.38,0.39,0.61,0.62,0.01,0.01,78540.0,1776890256000
1776890258.196,158.196,0.38,0.39,0.61,0.62,0.01,0.01,78540.0,1776890256000
1776890258.604,158.604,0.38,0.39,0.61,0.62,0.01,0.01,78542.17,1776890257000
1776890259.032,159.032,0.41,0.42,0.58,0.59,0.01,0.01,78542.17,1776890257000
1776890259.376,159.376,0.45,0.46,0.54,0.55,0.01,0.01,78542.17,1776890257000
1776890259.802,159.802,0.45,0.46,0.54,0.55,0.01,0.01,78544.93,1776890258000
1776890260.209,160.209,0.45,0.46,0.54,0.55,0.01,0.01,78547.7,1776890259000
1776890260.556,160.556,0.44,0.45,0.55,0.56,0.01,0.01,78547.7,1776890259000
1776890260.996,160.996,0.43,0.45,0.55,0.56,0.02,0.01,78547.7,1776890259000
1776890261.378,161.378,0.43,0.44,0.55,0.57,0.01,0.02,78547.7,1776890259000
1776890261.903,161.903,0.43,0.44,0.56,0.57,0.01,0.01,78551.94,1776890260000
1776890262.248,162.248,0.43,0.44,0.56,0.57,0.01,0.01,78551.94,1776890260000
1776890262.998,162.998,0.43,0.44,0.56,0.57,0.01,0.01,78552.55,1776890261000
1776890263.356,163.356,0.43,0.44,0.56,0.57,0.01,0.01,78552.55,1776890261000
1776890263.75,163.75,0.43,0.44,0.56,0.57,0.01,0.01,78551.7,1776890262000
1776890264.156,164.156,0.43,0.44,0.56,0.57,0.01,0.01,78551.45,1776890263000
1776890264.845,164.845,0.43,0.44,0.56,0.57,0.01,0.01,78551.45,1776890263000
1776890265.219,165.219,0.43,0.44,0.56,0.57,0.01,0.01,78551.45,1776890263000
1776890265.658,165.658,0.43,0.44,0.56,0.57,0.01,0.01,78551.45,1776890264000
1776890266.183,166.183,0.43,0.44,0.56,0.57,0.01,0.01,78551.45,1776890264000
1776890266.658,166.658,0.43,0.44,0.56,0.57,0.01,0.01,78551.5,1776890265000
1776890266.992,166.992,0.43,0.44,0.56,0.57,0.01,0.01,78551.5,1776890266000
1776890267.361,167.361,0.43,0.44,0.56,0.57,0.01,0.01,78551.5,1776890266000
1776890267.995,167.995,0.43,0.44,0.56,0.57,0.01,0.01,78551.5,1776890266000
1776890268.435,168.435,0.42,0.43,0.57,0.58,0.01,0.01,78551.5,1776890266000
1776890269.04,169.04,0.42,0.43,0.57,0.58,0.01,0.01,78551.76,1776890268000
1776890269.615,169.615,0.42,0.43,0.57,0.58,0.01,0.01,78551.76,1776890268000
1776890270.37,170.37,0.42,0.43,0.57,0.58,0.01,0.01,78551.76,1776890268000
1776890270.827,170.827,0.42,0.43,0.57,0.58,0.01,0.01,78552.13,1776890269000
1776890271.189,171.189,0.42,0.43,0.57,0.58,0.01,0.01,78552.1,1776890270000
1776890272.401,172.401,0.42,0.43,0.57,0.58,0.01,0.01,78552.1,1776890270000
1776890273.2,173.2,0.42,0.43,0.57,0.58,0.01,0.01,78552.13,1776890272000
1776890274.695,174.695,0.42,0.43,0.57,0.58,0.01,0.01,78552.13,1776890272000
1776890275.227,175.227,0.42,0.43,0.57,0.58,0.01,0.01,78552.5,1776890273000
1776890275.56,175.56,0.42,0.43,0.57,0.58,0.01,0.01,78552.54,1776890274000
1776890275.962,175.962,0.42,0.43,0.57,0.58,0.01,0.01,78552.54,1776890274000
1776890276.369,176.369,0.42,0.43,0.57,0.58,0.01,0.01,78552.55,1776890275000
1776890276.872,176.872,0.42,0.43,0.57,0.58,0.01,0.01,78552.55,1776890275000
1776890277.281,177.281,0.42,0.43,0.57,0.58,0.01,0.01,78553.0,1776890276000
1776890277.62,177.62,0.42,0.43,0.57,0.58,0.01,0.01,78553.0,1776890276000
1776890278.037,178.037,0.43,0.44,0.56,0.57,0.01,0.01,78553.0,1776890276000
1776890278.668,178.668,0.43,0.44,0.56,0.57,0.01,0.01,78553.21,1776890277000
1776890279.259,179.259,0.43,0.44,0.56,0.57,0.01,0.01,78553.27,1776890278000
1776890279.607,179.607,0.43,0.44,0.56,0.57,0.01,0.01,78553.27,1776890278000
1776890279.979,179.979,0.43,0.44,0.56,0.57,0.01,0.01,78553.27,1776890278000
1776890280.325,180.325,0.43,0.44,0.56,0.57,0.01,0.01,78553.26,1776890279000
1776890280.854,180.854,0.43,0.44,0.56,0.57,0.01,0.01,78553.26,1776890279000
1776890281.855,181.855,0.43,0.44,0.56,0.57,0.01,0.01,78553.23,1776890281000
1776890282.321,182.321,0.43,0.44,0.56,0.57,0.01,0.01,78553.23,1776890281000
1776890282.855,182.855,0.42,0.44,0.56,0.58,0.02,0.02,78553.23,1776890282000
1776890283.371,183.371,0.42,0.43,0.56,0.58,0.01,0.02,78553.23,1776890282000
1776890283.82,183.82,0.42,0.43,0.57,0.58,0.01,0.01,78553.15,1776890283000
1776890284.455,184.455,0.42,0.43,0.57,0.58,0.01,0.01,78553.15,1776890283000
1776890285.127,185.127,0.41,0.42,0.58,0.59,0.01,0.01,78553.15,1776890283000
1776890285.634,185.634,0.41,0.42,0.58,0.59,0.01,0.01,78553.17,1776890284000
1776890286.027,186.027,0.42,0.43,0.57,0.58,0.01,0.01,78553.17,1776890284000
1776890286.834,186.834,0.42,0.43,0.57,0.58,0.01,0.01,78553.17,1776890285000
1776890287.282,187.282,0.42,0.43,0.57,0.58,0.01,0.01,78553.17,1776890285000
1776890287.67,187.67,0.41,0.42,0.58,0.59,0.01,0.01,78552.78,1776890286000
1776890288.064,188.064,0.4,0.42,0.58,0.59,0.02,0.01,78552.78,1776890286000
1776890288.9,188.9,0.4,0.41,0.59,0.6,0.01,0.01,78552.75,1776890287000
1776890289.334,189.334,0.4,0.41,0.59,0.6,0.01,0.01,78552.75,1776890287000
1776890290.357,190.357,0.39,0.4,0.6,0.61,0.01,0.01,78552.01,1776890288000
1776890290.835,190.835,0.39,0.4,0.6,0.61,0.01,0.01,78551.83,1776890289000
1776890291.302,191.302,0.39,0.4,0.6,0.61,0.01,0.01,78551.5,1776890290000
1776890291.65,191.65,0.39,0.4,0.6,0.61,0.01,0.01,78551.5,1776890290000
1776890292.156,192.156,0.39,0.4,0.6,0.61,0.01,0.01,78551.16,1776890291000
1776890292.777,192.777,0.39,0.4,0.6,0.61,0.01,0.01,78551.16,1776890291000
1776890293.344,193.344,0.39,0.4,0.6,0.61,0.01,0.01,78551.19,1776890292000
1776890293.754,193.754,0.39,0.4,0.6,0.61,0.01,0.01,78551.19,1776890292000
1776890294.29,194.29,0.39,0.4,0.6,0.61,0.01,0.01,78551.14,1776890293000
1776890294.875,194.875,0.39,0.4,0.6,0.61,0.01,0.01,78551.14,1776890293000
1776890295.301,195.301,0.39,0.4,0.6,0.61,0.01,0.01,78551.11,1776890294000
1776890295.844,195.844,0.39,0.4,0.6,0.61,0.01,0.01,78551.11,1776890294000
1776890296.232,196.232,0.39,0.4,0.6,0.61,0.01,0.01,78550.88,1776890295000
1776890296.688,196.688,0.38,0.4,0.6,0.62,0.02,0.02,78550.88,1776890295000
1776890297.294,197.294,0.38,0.4,0.6,0.62,0.02,0.02,78550.88,1776890296000
1776890297.783,197.783,0.37,0.39,0.61,0.63,0.02,0.02,78550.88,1776890296000
1776890298.287,198.287,0.37,0.38,0.62,0.63,0.01,0.01,78550.88,1776890296000
1776890298.783,198.783,0.37,0.38,0.62,0.63,0.01,0.01,78550.87,1776890297000
1776890299.167,199.167,0.38,0.41,0.59,0.62,0.03,0.03,78550.86,1776890298000
1776890299.582,199.582,0.43,0.44,0.56,0.6,0.01,0.04,78550.86,1776890298000
1776890300.104,200.104,0.43,0.44,0.56,0.57,0.01,0.01,78550.89,1776890299000
1776890300.848,200.848,0.43,0.44,0.56,0.57,0.01,0.01,78550.89,1776890299000
1776890301.745,201.745,0.43,0.44,0.56,0.57,0.01,0.01,78555.47,1776890300000
1776890302.202,202.202,0.43,0.44,0.56,0.57,0.01,0.01,78555.47,1776890300000
1776890302.809,202.809,0.43,0.44,0.56,0.57,0.01,0.01,78556.52,1776890301000
1776890303.168,203.168,0.43,0.44,0.56,0.57,0.01,0.01,78556.52,1776890301000
1776890303.706,203.706,0.43,0.44,0.56,0.57,0.01,0.01,78556.52,1776890301000
1776890304.098,204.098,0.43,0.44,0.56,0.57,0.01,0.01,78556.52,1776890302000
1776890304.472,204.472,0.43,0.44,0.56,0.57,0.01,0.01,78556.52,1776890303000
1776890304.888,204.888,0.43,0.44,0.56,0.57,0.01,0.01,78556.52,1776890303000
1776890305.934,205.934,0.43,0.44,0.56,0.57,0.01,0.01,78556.52,1776890304000
1776890306.4,206.4,0.43,0.44,0.56,0.57,0.01,0.01,78556.67,1776890305000
1776890306.804,206.804,0.43,0.44,0.56,0.57,0.01,0.01,78556.67,1776890305000
1776890307.261,207.261,0.43,0.44,0.56,0.57,0.01,0.01,78556.69,1776890306000
1776890307.668,207.668,0.43,0.44,0.56,0.57,0.01,0.01,78556.69,1776890306000
1776890308.19,208.19,0.43,0.44,0.56,0.57,0.01,0.01,78556.69,1776890306000
1776890308.577,208.577,0.35,0.41,0.59,0.65,0.06,0.06,78556.66,1776890307000
1776890308.965,208.965,0.35,0.36,0.64,0.65,0.01,0.01,78556.66,1776890307000
1776890309.634,209.634,0.35,0.36,0.64,0.65,0.01,0.01,78556.66,1776890307000
1776890309.967,209.967,0.35,0.36,0.64,0.65,0.01,0.01,78555.37,1776890308000
1776890310.374,210.374,0.35,0.36,0.64,0.65,0.01,0.01,78551.04,1776890309000
1776890311.055,211.055,0.35,0.36,0.64,0.65,0.01,0.01,78549.47,1776890310000
1776890312.165,212.165,0.35,0.36,0.64,0.65,0.01,0.01,78549.47,1776890310000
1776890312.518,212.518,0.35,0.36,0.64,0.65,0.01,0.01,78548.59,1776890311000
1776890312.86,212.86,0.35,0.36,0.64,0.65,0.01,0.01,78548.59,1776890311000
1776890313.515,213.515,0.35,0.36,0.64,0.65,0.01,0.01,78548.21,1776890312000
1776890313.876,213.876,0.35,0.36,0.64,0.65,0.01,0.01,78548.21,1776890312000
1776890314.362,214.362,0.35,0.36,0.64,0.65,0.01,0.01,78550.45,1776890313000
1776890314.865,214.865,0.35,0.36,0.64,0.65,0.01,0.01,78550.45,1776890313000
1776890315.216,215.216,0.35,0.36,0.64,0.65,0.01,0.01,78550.51,1776890314000
1776890315.689,215.689,0.35,0.36,0.64,0.65,0.01,0.01,78550.51,1776890314000
1776890316.045,216.045,0.35,0.36,0.64,0.65,0.01,0.01,78550.51,1776890314000
1776890316.391,216.391,0.35,0.36,0.64,0.65,0.01,0.01,78550.69,1776890315000
1776890316.861,216.861,0.35,0.36,0.64,0.65,0.01,0.01,78550.69,1776890315000
1776890317.23,217.23,0.35,0.36,0.64,0.65,0.01,0.01,78550.7,1776890316000
1776890317.8,217.8,0.35,0.36,0.64,0.65,0.01,0.01,78550.7,1776890316000
1776890318.2,218.2,0.35,0.36,0.64,0.65,0.01,0.01,78550.7,1776890316000
1776890318.588,218.588,0.35,0.36,0.64,0.65,0.01,0.01,78550.7,1776890316000
1776890319.028,219.028,0.35,0.36,0.64,0.65,0.01,0.01,78551.77,1776890317000
1776890319.412,219.412,0.35,0.36,0.64,0.65,0.01,0.01,78551.77,1776890317000
1776890319.975,219.975,0.35,0.36,0.64,0.65,0.01,0.01,78551.71,1776890318000
1776890320.682,220.682,0.35,0.36,0.64,0.65,0.01,0.01,78551.71,1776890318000
1776890321.634,221.634,0.35,0.36,0.64,0.65,0.01,0.01,78551.71,1776890320000
1776890322.011,222.011,0.35,0.36,0.64,0.65,0.01,0.01,78551.71,1776890320000
1776890322.515,222.515,0.35,0.36,0.64,0.65,0.01,0.01,78551.71,1776890320000
1776890322.885,222.885,0.35,0.37,0.64,0.65,0.02,0.01,78551.8,1776890321000
1776890323.292,223.292,0.35,0.37,0.63,0.65,0.02,0.02,78551.9,1776890322000
1776890323.642,223.642,0.35,0.36,0.64,0.65,0.01,0.01,78551.9,1776890322000
1776890323.991,223.991,0.35,0.36,0.64,0.65,0.01,0.01,78551.9,1776890322000
1776890324.396,224.396,0.35,0.36,0.64,0.65,0.01,0.01,78551.9,1776890322000
1776890324.843,224.843,0.35,0.36,0.64,0.65,0.01,0.01,78551.87,1776890323000
1776890325.445,225.445,0.35,0.36,0.64,0.65,0.01,0.01,78551.19,1776890324000
1776890325.949,225.949,0.35,0.36,0.64,0.65,0.01,0.01,78551.19,1776890324000
1776890326.359,226.359,0.36,0.37,0.64,0.65,0.01,0.01,78551.9,1776890325000
1776890326.693,226.693,0.36,0.37,0.63,0.64,0.01,0.01,78551.9,1776890325000
1776890327.358,227.358,0.36,0.37,0.63,0.64,0.01,0.01,78551.87,1776890326000
1776890328.097,228.097,0.36,0.37,0.63,0.64,0.01,0.01,78551.95,1776890327000
1776890328.631,228.631,0.36,0.37,0.63,0.64,0.01,0.01,78551.95,1776890327000
1776890329.011,229.011,0.36,0.37,0.63,0.64,0.01,0.01,78551.95,1776890327000
1776890329.6,229.6,0.36,0.37,0.63,0.64,0.01,0.01,78551.95,1776890327000
1776890330.053,230.053,0.36,0.37,0.63,0.64,0.01,0.01,78552.14,1776890328000
1776890330.692,230.692,0.36,0.37,0.63,0.64,0.01,0.01,78552.14,1776890329000
1776890331.049,231.049,0.36,0.37,0.63,0.64,0.01,0.01,78552.14,1776890329000
1776890331.405,231.405,0.36,0.37,0.63,0.64,0.01,0.01,78552.16,1776890330000
1776890331.893,231.893,0.36,0.37,0.63,0.64,0.01,0.01,78552.16,1776890330000
1776890332.607,232.607,0.36,0.38,0.62,0.64,0.02,0.02,78552.16,1776890330000
1776890333.324,233.324,0.36,0.38,0.62,0.64,0.02,0.02,78553.09,1776890332000
1776890333.687,233.687,0.36,0.37,0.63,0.64,0.01,0.01,78553.09,1776890332000
1776890334.792,234.792,0.36,0.37,0.63,0.64,0.01,0.01,78553.03,1776890333000
1776890335.144,235.144,0.36,0.37,0.63,0.64,0.01,0.01,78553.03,1776890333000
1776890335.531,235.531,0.36,0.37,0.63,0.64,0.01,0.01,78553.06,1776890334000
1776890336.229,236.229,0.36,0.37,0.63,0.64,0.01,0.01,78553.01,1776890335000
1776890336.602,236.602,0.36,0.37,0.63,0.64,0.01,0.01,78553.01,1776890335000
1776890336.969,236.969,0.36,0.37,0.63,0.64,0.01,0.01,78553.01,1776890335000
1776890337.522,237.522,0.36,0.37,0.63,0.64,0.01,0.01,78553.01,1776890335000
1776890338.084,238.084,0.36,0.37,0.63,0.64,0.01,0.01,78553.03,1776890337000
1776890338.568,238.568,0.36,0.37,0.63,0.64,0.01,0.01,78553.03,1776890337000
1776890338.956,238.956,0.37,0.38,0.62,0.64,0.01,0.02,78553.03,1776890337000
1776890339.363,239.363,0.36,0.38,0.62,0.63,0.02,0.01,78553.05,1776890338000
1776890339.771,239.771,0.35,0.36,0.63,0.64,0.01,0.01,78553.05,1776890338000
1776890340.207,240.207,0.35,0.36,0.64,0.65,0.01,0.01,78553.05,1776890339000
1776890340.674,240.674,0.35,0.36,0.64,0.65,0.01,0.01,78553.05,1776890339000
1776890341.27,241.27,0.34,0.35,0.64,0.66,0.01,0.02,78553.05,1776890339000
1776890342.224,242.224,0.34,0.35,0.65,0.66,0.01,0.01,78553.56,1776890340000
1776890342.625,242.625,0.34,0.35,0.65,0.66,0.01,0.01,78552.34,1776890341000
1776890343.099,243.099,0.34,0.35,0.65,0.66,0.01,0.01,78552.34,1776890341000
1776890343.946,243.946,0.34,0.35,0.65,0.66,0.01,0.01,78552.22,1776890342000
1776890344.33,244.33,0.2,0.25,0.75,0.8,0.05,0.05,78546.16,1776890343000
1776890345.047,245.047,0.23,0.24,0.76,0.78,0.01,0.02,78546.16,1776890343000
1776890345.388,245.388,0.21,0.22,0.78,0.79,0.01,0.01,78544.04,1776890344000
1776890346.132,246.132,0.19,0.2,0.8,0.81,0.01,0.01,78544.04,1776890344000
1776890346.532,246.532,0.18,0.19,0.81,0.82,0.01,0.01,78542.47,1776890345000
1776890346.962,246.962,0.18,0.19,0.81,0.82,0.01,0.01,78539.97,1776890346000
1776890347.298,247.298,0.18,0.19,0.81,0.82,0.01,0.01,78539.97,1776890346000
1776890347.692,247.692,0.17,0.18,0.82,0.83,0.01,0.01,78539.97,1776890346000
1776890348.114,248.114,0.17,0.18,0.82,0.83,0.01,0.01,78539.97,1776890346000
1776890348.454,248.454,0.17,0.18,0.82,0.83,0.01,0.01,78538.56,1776890347000
1776890348.823,248.823,0.17,0.18,0.82,0.83,0.01,0.01,78538.56,1776890347000
1776890349.197,249.197,0.17,0.18,0.82,0.83,0.01,0.01,78538.56,1776890347000
1776890349.558,249.558,0.14,0.16,0.83,0.85,0.02,0.02,78538.43,1776890348000
1776890349.932,249.932,0.15,0.16,0.84,0.85,0.01,0.01,78538.43,1776890348000
1776890350.322,250.322,0.15,0.16,0.84,0.85,0.01,0.01,78538.43,1776890348000
1776890350.66,250.66,0.15,0.16,0.84,0.85,0.01,0.01,78537.85,1776890349000
1776890351.036,251.036,0.15,0.16,0.84,0.85,0.01,0.01,78537.1,1776890350000
1776890351.87,251.87,0.15,0.16,0.84,0.85,0.01,0.01,78537.1,1776890350000
1776890352.257,252.257,0.15,0.16,0.84,0.85,0.01,0.01,78537.1,1776890350000
1776890352.603,252.603,0.14,0.16,0.84,0.86,0.02,0.02,78537.06,1776890351000
1776890353.078,253.078,0.14,0.16,0.84,0.86,0.02,0.02,78536.11,1776890352000
1776890353.499,253.499,0.15,0.16,0.84,0.86,0.01,0.02,78536.11,1776890352000
1776890354.146,254.146,0.14,0.16,0.84,0.86,0.02,0.02,78535.37,1776890353000
1776890354.522,254.522,0.14,0.16,0.84,0.86,0.02,0.02,78535.37,1776890353000
1776890354.857,254.857,0.13,0.14,0.86,0.87,0.01,0.01,78535.37,1776890353000
1776890355.542,255.542,0.13,0.14,0.86,0.87,0.01,0.01,78535.36,1776890354000
1776890355.878,255.878,0.13,0.15,0.86,0.87,0.02,0.01,78535.36,1776890354000
1776890356.413,256.413,0.14,0.15,0.85,0.86,0.01,0.01,78535.33,1776890355000
1776890356.846,256.846,0.14,0.15,0.85,0.86,0.01,0.01,78535.33,1776890355000
1776890357.179,257.179,0.14,0.15,0.85,0.86,0.01,0.01,78535.33,1776890355000
1776890357.574,257.574,0.14,0.15,0.85,0.86,0.01,0.01,78535.33,1776890356000
1776890357.914,257.914,0.25,0.26,0.73,0.75,0.01,0.02,78535.33,1776890356000
1776890358.289,258.289,0.25,0.26,0.74,0.75,0.01,0.01,78535.45,1776890357000
1776890358.625,258.625,0.25,0.26,0.74,0.75,0.01,0.01,78535.45,1776890357000
1776890358.963,258.963,0.25,0.26,0.74,0.75,0.01,0.01,78535.45,1776890357000
1776890359.364,259.364,0.25,0.26,0.74,0.75,0.01,0.01,78536.54,1776890358000
1776890359.805,259.805,0.25,0.26,0.74,0.75,0.01,0.01,78536.54,1776890358000
1776890360.139,260.139,0.25,0.26,0.74,0.75,0.01,0.01,78536.54,1776890358000
1776890360.685,260.685,0.27,0.28,0.72,0.74,0.01,0.02,78542.67,1776890359000
1776890361.045,261.045,0.27,0.28,0.72,0.73,0.01,0.01,78544.28,1776890360000
1776890361.437,261.437,0.27,0.28,0.72,0.73,0.01,0.01,78544.28,1776890360000
1776890362.043,262.043,0.26,0.27,0.73,0.74,0.01,0.01,78544.29,1776890361000
1776890362.517,262.517,0.25,0.26,0.74,0.75,0.01,0.01,78544.29,1776890361000
1776890362.908,262.908,0.22,0.23,0.74,0.77,0.01,0.03,78544.29,1776890361000
1776890363.241,263.241,0.21,0.22,0.78,0.79,0.01,0.01,78546.92,1776890362000
1776890363.62,263.62,0.21,0.22,0.78,0.79,0.01,0.01,78546.92,1776890362000
1776890364.001,264.001,0.14,0.15,0.85,0.86,0.01,0.01,78546.92,1776890363000
1776890364.376,264.376,0.16,0.17,0.83,0.84,0.01,0.01,78546.92,1776890363000
1776890364.712,264.712,0.11,0.13,0.87,0.89,0.02,0.02,78546.92,1776890363000
1776890365.071,265.071,0.1,0.11,0.89,0.9,0.01,0.01,78547.11,1776890364000
1776890365.425,265.425,0.1,0.11,0.89,0.9,0.01,0.01,78547.11,1776890364000
1776890365.853,265.853,0.1,0.11,0.89,0.9,0.01,0.01,78547.11,1776890364000
1776890366.189,266.189,0.1,0.12,0.89,0.9,0.02,0.01,78547.11,1776890364000
1776890366.532,266.532,0.1,0.11,0.89,0.9,0.01,0.01,78545.61,1776890365000
1776890366.939,266.939,0.1,0.11,0.89,0.9,0.01,0.01,78541.94,1776890366000
1776890367.276,267.276,0.09,0.1,0.89,0.92,0.01,0.03,78541.94,1776890366000
1776890367.614,267.614,0.09,0.1,0.9,0.91,0.01,0.01,78541.94,1776890366000
1776890368.158,268.158,0.09,0.1,0.9,0.91,0.01,0.01,78541.94,1776890366000
1776890368.509,268.509,0.09,0.1,0.9,0.91,0.01,0.01,78539.03,1776890367000
1776890368.892,268.892,0.09,0.11,0.9,0.91,0.02,0.01,78539.03,1776890367000
1776890369.226,269.226,0.09,0.1,0.9,0.91,0.01,0.01,78539.03,1776890367000
1776890369.568,269.568,0.09,0.1,0.9,0.91,0.01,0.01,78537.65,1776890368000
1776890369.955,269.955,0.09,0.1,0.9,0.91,0.01,0.01,78536.06,1776890369000
1776890370.289,270.289,0.08,0.09,0.9,0.92,0.01,0.02,78536.06,1776890369000
1776890370.67,270.67,0.13,0.14,0.86,0.87,0.01,0.01,78536.06,1776890369000
1776890371.078,271.078,0.14,0.15,0.85,0.86,0.01,0.01,78536.06,1776890369000
1776890371.414,271.414,0.14,0.16,0.85,0.86,0.02,0.01,78536.11,1776890370000
1776890371.749,271.749,0.15,0.27,0.73,0.81,0.12,0.08,78536.11,1776890370000
1776890372.093,272.093,0.22,0.23,0.77,0.78,0.01,0.01,78536.11,1776890370000
1776890372.428,272.428,0.22,0.23,0.77,0.78,0.01,0.01,78537.4,1776890371000
1776890372.781,272.781,0.19,0.2,0.8,0.81,0.01,0.01,78537.4,1776890371000
1776890373.158,273.158,0.19,0.2,0.8,0.81,0.01,0.01,78537.4,1776890371000
1776890373.501,273.501,0.18,0.19,0.81,0.82,0.01,0.01,78543.42,1776890372000
1776890373.922,273.922,0.15,0.16,0.83,0.84,0.01,0.01,78543.42,1776890372000
1776890374.26,274.26,0.13,0.14,0.86,0.87,0.01,0.01,78544.51,1776890373000
1776890374.647,274.647,0.11,0.12,0.87,0.88,0.01,0.01,78544.51,1776890373000
1776890375.004,275.004,0.11,0.12,0.88,0.89,0.01,0.01,78544.51,1776890373000
1776890375.379,275.379,0.11,0.12,0.88,0.89,0.01,0.01,78545.17,1776890374000
1776890375.747,275.747,0.11,0.12,0.88,0.89,0.01,0.01,78545.17,1776890374000
1776890376.349,276.349,0.11,0.12,0.88,0.89,0.01,0.01,78545.17,1776890374000
1776890376.788,276.788,0.11,0.12,0.88,0.89,0.01,0.01,78545.15,1776890375000
1776890377.257,277.257,0.11,0.12,0.88,0.89,0.01,0.01,78545.2,1776890376000
1776890377.78,277.78,0.08,0.12,0.88,0.89,0.04,0.01,78545.2,1776890376000
1776890378.15,278.15,0.08,0.09,0.91,0.92,0.01,0.01,78545.17,1776890377000
1776890378.488,278.488,0.08,0.09,0.91,0.92,0.01,0.01,78545.17,1776890377000
1776890379.031,279.031,0.08,0.09,0.91,0.92,0.01,0.01,78545.17,1776890377000
1776890379.394,279.394,0.08,0.09,0.91,0.92,0.01,0.01,78544.91,1776890378000
1776890379.731,279.731,0.08,0.09,0.91,0.92,0.01,0.01,78544.91,1776890378000
1776890380.072,280.072,0.08,0.09,0.91,0.92,0.01,0.01,78544.91,1776890378000
1776890380.512,280.512,0.07,0.08,0.92,0.93,0.01,0.01,78544.91,1776890378000
1776890380.859,280.859,0.06,0.08,0.92,0.94,0.02,0.02,78544.97,1776890379000
1776890381.277,281.277,0.06,0.07,0.93,0.94,0.01,0.01,78544.97,1776890379000
1776890381.643,281.643,0.05,0.06,0.93,0.95,0.01,0.02,78545.0,1776890380000
1776890381.985,281.985,0.05,0.06,0.94,0.95,0.01,0.01,78545.0,1776890381000
1776890382.344,282.344,0.05,0.06,0.94,0.95,0.01,0.01,78545.0,1776890381000
1776890382.699,282.699,0.05,0.06,0.94,0.95,0.01,0.01,78545.0,1776890381000
1776890383.078,283.078,0.04,0.06,0.94,0.96,0.02,0.02,78543.11,1776890382000
1776890383.415,283.415,0.04,0.05,0.95,0.96,0.01,0.01,78543.11,1776890382000
1776890383.763,283.763,0.04,0.05,0.95,0.96,0.01,0.01,78543.11,1776890382000
1776890384.112,284.112,0.04,0.05,0.95,0.96,0.01,0.01,78543.11,1776890382000
1776890384.448,284.448,0.04,0.05,0.95,0.96,0.01,0.01,78543.15,1776890383000
1776890384.789,284.789,0.04,0.05,0.95,0.96,0.01,0.01,78543.15,1776890383000
1776890385.269,285.269,0.04,0.05,0.95,0.96,0.01,0.01,78543.15,1776890383000
1776890385.667,285.667,0.05,0.06,0.94,0.95,0.01,0.01,78542.81,1776890384000
1776890386.084,286.084,0.05,0.06,0.94,0.95,0.01,0.01,78542.81,1776890384000
1776890386.459,286.459,0.05,0.06,0.94,0.95,0.01,0.01,78544.22,1776890385000
1776890386.826,286.826,0.05,0.06,0.94,0.95,0.01,0.01,78544.22,1776890385000
1776890387.285,287.285,0.05,0.06,0.94,0.95,0.01,0.01,78544.26,1776890386000
1776890387.734,287.734,0.06,0.07,0.93,0.94,0.01,0.01,78544.26,1776890386000
1776890388.169,288.169,0.07,0.09,0.91,0.93,0.02,0.02,78544.43,1776890387000
1776890388.8,288.8,0.07,0.08,0.92,0.93,0.01,0.01,78544.43,1776890387000
1776890389.148,289.148,0.07,0.08,0.92,0.93,0.01,0.01,78544.43,1776890387000
1776890389.519,289.519,0.07,0.08,0.92,0.93,0.01,0.01,78544.39,1776890388000
1776890389.884,289.884,0.07,0.08,0.92,0.93,0.01,0.01,78544.39,1776890388000
1776890390.352,290.352,0.07,0.11,0.92,0.93,0.04,0.01,78544.39,1776890388000
1776890390.754,290.754,0.06,0.07,0.93,0.94,0.01,0.01,78547.3,1776890389000
1776890391.372,291.372,0.04,0.05,0.94,0.95,0.01,0.01,78547.32,1776890390000
1776890391.741,291.741,0.04,0.05,0.95,0.96,0.01,0.01,78547.32,1776890390000
1776890392.081,292.081,0.04,0.05,0.95,0.96,0.01,0.01,78545.93,1776890391000
1776890392.442,292.442,0.03,0.04,0.96,0.97,0.01,0.01,78545.93,1776890391000
1776890392.798,292.798,0.03,0.04,0.96,0.97,0.01,0.01,78545.93,1776890391000
1776890393.137,293.137,0.03,0.04,0.96,0.97,0.01,0.01,78544.55,1776890392000
1776890393.471,293.471,0.03,0.04,0.96,0.97,0.01,0.01,78544.55,1776890392000
1776890393.833,293.833,0.03,0.04,0.96,0.97,0.01,0.01,78544.55,1776890392000
1776890394.217,294.217,0.03,0.04,0.96,0.97,0.01,0.01,78544.52,1776890393000
1776890394.666,294.666,0.03,0.04,0.96,0.97,0.01,0.01,78544.52,1776890393000
1776890395.055,295.055,0.01,0.02,0.98,0.99,0.01,0.01,78544.52,1776890393000
1776890395.416,295.416,0.01,0.02,0.98,0.99,0.01,0.01,78544.52,1776890394000
1776890395.882,295.882,0.01,0.02,0.98,0.99,0.01,0.01,78544.52,1776890394000
1776890396.254,296.254,0.01,0.02,0.98,0.99,0.01,0.01,78544.64,1776890395000
1776890396.689,296.689,0.01,0.01,0.99,0.99,0.0,0.0,78544.64,1776890395000
1776890397.095,297.095,0.01,0.01,0.99,0.99,0.0,0.0,78544.64,1776890395000
1776890397.579,297.579,0.01,0.01,0.99,0.99,0.0,0.0,78544.67,1776890396000
1776890398.067,298.067,0.01,0.01,0.99,0.99,0.0,0.0,78544.67,1776890396000
1776890398.695,298.695,0.01,0.01,0.99,0.99,0.0,0.0,78544.67,1776890397000
1776890399.073,299.073,0.01,0.01,0.99,0.99,0.0,0.0,78544.67,1776890397000
1776890399.735,299.735,0.01,0.01,0.99,0.99,0.0,0.0,78544.67,1776890398000
1776890400.284,300.284,0.01,0.01,0.99,0.99,0.0,0.0,78544.72,1776890399000
1776890400.717,300.717,0.01,0.01,0.99,0.99,0.0,0.0,78544.72,1776890399000

# RESULT,winner=Down,slug=btc-updown-5m-1776890100,ticks=659
