timestamp,elapsed_sec,up_bid,up_ask,down_bid,down_ask,up_spread,down_spread,btc_price,btc_oracle_ts
1776372600.553,0.553,0.51,0.52,0.48,0.49,0.01,0.01,75166.85,1776372598000
1776372600.967,0.967,0.51,0.52,0.48,0.49,0.01,0.01,75166.84,1776372599000
1776372601.369,1.369,0.51,0.52,0.48,0.49,0.01,0.01,75166.84,1776372599000
1776372601.857,1.857,0.51,0.52,0.48,0.49,0.01,0.01,75166.78,1776372600000
1776372602.294,2.294,0.51,0.52,0.48,0.49,0.01,0.01,75166.78,1776372600000
1776372603.268,3.268,0.51,0.52,0.48,0.49,0.01,0.01,75165.99,1776372602000
1776372603.892,3.892,0.51,0.52,0.48,0.49,0.01,0.01,75165.99,1776372602000
1776372604.232,4.232,0.51,0.52,0.48,0.49,0.01,0.01,75165.99,1776372602000
1776372604.612,4.612,0.51,0.52,0.48,0.5,0.01,0.02,75165.99,1776372602000
1776372605.565,5.565,0.51,0.52,0.48,0.49,0.01,0.01,75165.25,1776372604000
1776372606.083,6.083,0.51,0.52,0.48,0.49,0.01,0.01,75165.25,1776372604000
1776372606.601,6.601,0.5,0.51,0.48,0.5,0.01,0.02,75165.24,1776372605000
1776372607.222,7.222,0.5,0.51,0.49,0.5,0.01,0.01,75165.24,1776372605000
1776372607.778,7.778,0.5,0.51,0.49,0.5,0.01,0.01,75165.24,1776372605000
1776372608.201,8.201,0.5,0.51,0.49,0.5,0.01,0.01,75165.41,1776372606000
1776372608.583,8.583,0.5,0.52,0.49,0.5,0.02,0.01,75165.41,1776372606000
1776372608.952,8.952,0.52,0.53,0.47,0.49,0.01,0.02,75165.56,1776372607000
1776372609.556,9.556,0.53,0.54,0.46,0.47,0.01,0.01,75165.56,1776372607000
1776372610.14,10.14,0.53,0.54,0.46,0.47,0.01,0.01,75165.58,1776372608000
1776372610.563,10.563,0.53,0.54,0.46,0.47,0.01,0.01,75167.25,1776372609000
1776372610.899,10.899,0.54,0.55,0.45,0.46,0.01,0.01,75167.25,1776372609000
1776372611.363,11.363,0.56,0.57,0.43,0.45,0.01,0.02,75167.25,1776372609000
1776372611.876,11.876,0.56,0.57,0.43,0.44,0.01,0.01,75174.14,1776372610000
1776372612.226,12.226,0.57,0.6,0.4,0.43,0.03,0.03,75174.14,1776372610000
1776372612.657,12.657,0.59,0.6,0.4,0.41,0.01,0.01,75174.14,1776372610000
1776372613.132,13.132,0.59,0.6,0.4,0.41,0.01,0.01,75174.14,1776372610000
1776372613.48,13.48,0.59,0.6,0.4,0.41,0.01,0.01,75175.95,1776372612000
1776372614.086,14.086,0.59,0.61,0.39,0.41,0.02,0.02,75182.8,1776372613000
1776372614.629,14.629,0.61,0.62,0.39,0.41,0.01,0.02,75182.8,1776372613000
1776372614.981,14.981,0.62,0.63,0.37,0.38,0.01,0.01,75182.8,1776372613000
1776372615.359,15.359,0.62,0.63,0.37,0.38,0.01,0.01,75185.34,1776372614000
1776372615.702,15.702,0.63,0.64,0.36,0.37,0.01,0.01,75185.34,1776372614000
1776372616.182,16.182,0.64,0.65,0.35,0.36,0.01,0.01,75185.34,1776372614000
1776372616.529,16.529,0.66,0.67,0.33,0.34,0.01,0.01,75185.34,1776372614000
1776372616.894,16.894,0.67,0.68,0.32,0.33,0.01,0.01,75187.49,1776372615000
1776372617.277,17.277,0.67,0.68,0.32,0.33,0.01,0.01,75189.02,1776372616000
1776372617.631,17.631,0.67,0.68,0.32,0.33,0.01,0.01,75189.02,1776372616000
1776372618.055,18.055,0.68,0.69,0.3,0.32,0.01,0.02,75189.02,1776372616000
1776372618.485,18.485,0.69,0.7,0.31,0.32,0.01,0.01,75189.02,1776372616000
1776372618.903,18.903,0.69,0.7,0.3,0.31,0.01,0.01,75195.35,1776372617000
1776372619.248,19.248,0.69,0.7,0.3,0.31,0.01,0.01,75198.82,1776372618000
1776372619.74,19.74,0.69,0.7,0.3,0.31,0.01,0.01,75198.82,1776372618000
1776372620.076,20.076,0.69,0.7,0.3,0.31,0.01,0.01,75198.82,1776372618000
1776372620.607,20.607,0.69,0.7,0.3,0.31,0.01,0.01,75199.88,1776372619000
1776372620.993,20.993,0.7,0.71,0.29,0.3,0.01,0.01,75199.88,1776372619000
1776372621.373,21.373,0.7,0.71,0.29,0.3,0.01,0.01,75199.88,1776372619000
1776372621.706,21.706,0.7,0.71,0.29,0.3,0.01,0.01,75199.91,1776372620000
1776372622.217,22.217,0.7,0.71,0.29,0.3,0.01,0.01,75199.97,1776372621000
1776372622.645,22.645,0.7,0.71,0.29,0.3,0.01,0.01,75199.97,1776372621000
1776372623.114,23.114,0.68,0.71,0.28,0.3,0.03,0.02,75199.97,1776372621000
1776372623.548,23.548,0.66,0.68,0.31,0.34,0.02,0.03,75201.46,1776372622000
1776372624.01,24.01,0.66,0.67,0.33,0.34,0.01,0.01,75201.46,1776372622000
1776372624.363,24.363,0.67,0.68,0.32,0.33,0.01,0.01,75202.08,1776372623000
1776372624.773,24.773,0.67,0.68,0.32,0.33,0.01,0.01,75202.08,1776372623000
1776372625.197,25.197,0.67,0.68,0.32,0.33,0.01,0.01,75202.08,1776372623000
1776372625.641,25.641,0.67,0.68,0.32,0.33,0.01,0.01,75197.6,1776372624000
1776372626.032,26.032,0.67,0.68,0.32,0.33,0.01,0.01,75197.6,1776372624000
1776372626.394,26.394,0.67,0.69,0.31,0.33,0.02,0.02,75197.5,1776372625000
1776372626.751,26.751,0.69,0.7,0.3,0.33,0.01,0.03,75197.5,1776372625000
1776372627.089,27.089,0.69,0.7,0.3,0.31,0.01,0.01,75197.5,1776372625000
1776372627.625,27.625,0.69,0.7,0.3,0.31,0.01,0.01,75199.5,1776372626000
1776372628.286,28.286,0.7,0.71,0.3,0.31,0.01,0.01,75199.5,1776372626000
1776372628.758,28.758,0.7,0.71,0.29,0.3,0.01,0.01,75199.5,1776372626000
1776372629.231,29.231,0.7,0.71,0.29,0.3,0.01,0.01,75201.63,1776372628000
1776372629.633,29.633,0.7,0.71,0.29,0.3,0.01,0.01,75201.63,1776372628000
1776372630.134,30.134,0.7,0.71,0.29,0.3,0.01,0.01,75201.63,1776372628000
1776372630.972,30.972,0.7,0.71,0.29,0.3,0.01,0.01,75201.87,1776372630000
1776372631.656,31.656,0.7,0.71,0.29,0.3,0.01,0.01,75201.87,1776372630000
1776372632.002,32.002,0.63,0.64,0.36,0.37,0.01,0.01,75201.87,1776372630000
1776372632.348,32.348,0.62,0.64,0.36,0.38,0.02,0.02,75198.77,1776372631000
1776372632.691,32.691,0.61,0.63,0.37,0.39,0.02,0.02,75198.77,1776372631000
1776372633.026,33.026,0.61,0.62,0.38,0.39,0.01,0.01,75198.77,1776372631000
1776372633.419,33.419,0.59,0.61,0.39,0.4,0.02,0.01,75198.77,1776372631000
1776372633.86,33.86,0.59,0.6,0.4,0.41,0.01,0.01,75188.01,1776372632000
1776372634.225,34.225,0.59,0.6,0.4,0.41,0.01,0.01,75187.8,1776372633000
1776372634.591,34.591,0.59,0.6,0.4,0.41,0.01,0.01,75187.8,1776372633000
1776372634.957,34.957,0.59,0.6,0.4,0.41,0.01,0.01,75187.8,1776372633000
1776372635.429,35.429,0.59,0.6,0.4,0.41,0.01,0.01,75187.8,1776372633000
1776372635.763,35.763,0.59,0.6,0.4,0.41,0.01,0.01,75187.8,1776372634000
1776372636.102,36.102,0.59,0.6,0.4,0.41,0.01,0.01,75187.89,1776372635000
1776372636.486,36.486,0.55,0.56,0.44,0.45,0.01,0.01,75187.89,1776372635000
1776372636.826,36.826,0.55,0.56,0.44,0.45,0.01,0.01,75187.89,1776372635000
1776372637.321,37.321,0.55,0.56,0.44,0.45,0.01,0.01,75187.22,1776372636000
1776372637.762,37.762,0.55,0.56,0.44,0.45,0.01,0.01,75187.22,1776372636000
1776372638.098,38.098,0.56,0.57,0.44,0.45,0.01,0.01,75187.22,1776372636000
1776372638.523,38.523,0.56,0.57,0.43,0.44,0.01,0.01,75187.22,1776372636000
1776372638.863,38.863,0.56,0.57,0.43,0.44,0.01,0.01,75179.94,1776372637000
1776372639.259,39.259,0.56,0.57,0.43,0.44,0.01,0.01,75179.94,1776372637000
1776372639.626,39.626,0.56,0.57,0.43,0.44,0.01,0.01,75179.21,1776372638000
1776372640.33,40.33,0.56,0.57,0.43,0.44,0.01,0.01,75178.58,1776372639000
1776372640.676,40.676,0.56,0.57,0.43,0.44,0.01,0.01,75178.58,1776372639000
1776372641.057,41.057,0.56,0.58,0.43,0.44,0.02,0.01,75178.58,1776372640000
1776372641.578,41.578,0.61,0.62,0.38,0.41,0.01,0.03,75178.58,1776372640000
1776372641.953,41.953,0.61,0.62,0.38,0.39,0.01,0.01,75178.58,1776372640000
1776372642.351,42.351,0.62,0.64,0.36,0.38,0.02,0.02,75178.4,1776372641000
1776372642.72,42.72,0.62,0.63,0.34,0.38,0.01,0.04,75178.4,1776372641000
1776372643.082,43.082,0.64,0.65,0.37,0.38,0.01,0.01,75178.4,1776372641000
1776372643.861,43.861,0.65,0.66,0.34,0.36,0.01,0.02,75184.4,1776372642000
1776372644.218,44.218,0.65,0.67,0.34,0.35,0.02,0.01,75184.4,1776372642000
1776372644.688,44.688,0.66,0.67,0.33,0.34,0.01,0.01,75184.4,1776372642000
1776372645.025,45.025,0.67,0.68,0.32,0.33,0.01,0.01,75193.53,1776372643000
1776372645.48,45.48,0.67,0.68,0.32,0.33,0.01,0.01,75193.53,1776372643000
1776372645.818,45.818,0.67,0.68,0.32,0.33,0.01,0.01,75193.57,1776372644000
1776372646.254,46.254,0.67,0.68,0.32,0.33,0.01,0.01,75193.62,1776372645000
1776372646.652,46.652,0.68,0.7,0.31,0.33,0.02,0.02,75193.62,1776372645000
1776372647.026,47.026,0.69,0.7,0.3,0.32,0.01,0.02,75193.62,1776372645000
1776372647.451,47.451,0.69,0.7,0.3,0.31,0.01,0.01,75194.17,1776372646000
1776372647.794,47.794,0.69,0.7,0.3,0.31,0.01,0.01,75194.17,1776372646000
1776372648.13,48.13,0.68,0.7,0.3,0.32,0.02,0.02,75194.17,1776372646000
1776372648.593,48.593,0.68,0.69,0.31,0.32,0.01,0.01,75196.57,1776372647000
1776372648.954,48.954,0.68,0.69,0.31,0.32,0.01,0.01,75196.57,1776372647000
1776372649.356,49.356,0.68,0.69,0.31,0.32,0.01,0.01,75196.57,1776372647000
1776372649.827,49.827,0.68,0.69,0.31,0.32,0.01,0.01,75198.66,1776372648000
1776372650.176,50.176,0.68,0.69,0.31,0.32,0.01,0.01,75198.33,1776372649000
1776372650.51,50.51,0.68,0.69,0.31,0.32,0.01,0.01,75198.33,1776372649000
1776372650.864,50.864,0.68,0.69,0.31,0.32,0.01,0.01,75198.33,1776372649000
1776372651.207,51.207,0.68,0.69,0.31,0.32,0.01,0.01,75197.0,1776372650000
1776372651.597,51.597,0.67,0.68,0.31,0.32,0.01,0.01,75197.0,1776372650000
1776372651.948,51.948,0.67,0.68,0.32,0.33,0.01,0.01,75197.0,1776372650000
1776372652.665,52.665,0.68,0.69,0.32,0.33,0.01,0.01,75196.95,1776372651000
1776372653.031,53.031,0.7,0.71,0.29,0.3,0.01,0.01,75196.94,1776372652000
1776372653.435,53.435,0.7,0.71,0.29,0.3,0.01,0.01,75196.94,1776372652000
1776372654.021,54.021,0.7,0.71,0.29,0.3,0.01,0.01,75198.44,1776372653000
1776372654.382,54.382,0.7,0.71,0.29,0.3,0.01,0.01,75198.44,1776372653000
1776372655.072,55.072,0.7,0.71,0.29,0.3,0.01,0.01,75198.44,1776372653000
1776372655.571,55.571,0.72,0.73,0.29,0.3,0.01,0.01,75204.47,1776372654000
1776372655.918,55.918,0.72,0.74,0.27,0.28,0.02,0.01,75204.47,1776372654000
1776372656.36,56.36,0.74,0.75,0.25,0.26,0.01,0.01,75204.91,1776372655000
1776372656.723,56.723,0.75,0.76,0.24,0.25,0.01,0.01,75204.91,1776372655000
1776372657.109,57.109,0.75,0.76,0.24,0.25,0.01,0.01,75204.91,1776372655000
1776372657.518,57.518,0.78,0.79,0.21,0.22,0.01,0.01,75204.59,1776372656000
1776372657.917,57.917,0.78,0.79,0.21,0.22,0.01,0.01,75204.59,1776372656000
1776372658.456,58.456,0.79,0.8,0.2,0.21,0.01,0.01,75204.59,1776372656000
1776372658.814,58.814,0.79,0.81,0.2,0.21,0.02,0.01,75204.59,1776372656000
1776372659.209,59.209,0.79,0.8,0.2,0.21,0.01,0.01,75215.83,1776372657000
1776372659.563,59.563,0.79,0.8,0.2,0.21,0.01,0.01,75220.87,1776372658000
1776372660.081,60.081,0.79,0.8,0.2,0.21,0.01,0.01,75220.87,1776372658000
1776372660.451,60.451,0.79,0.8,0.2,0.21,0.01,0.01,75221.99,1776372659000
1776372660.804,60.804,0.8,0.81,0.19,0.2,0.01,0.01,75221.99,1776372659000
1776372661.168,61.168,0.8,0.81,0.19,0.2,0.01,0.01,75221.99,1776372659000
1776372661.516,61.516,0.82,0.83,0.17,0.18,0.01,0.01,75222.28,1776372660000
1776372661.876,61.876,0.82,0.83,0.17,0.18,0.01,0.01,75222.28,1776372660000
1776372662.251,62.251,0.82,0.83,0.17,0.18,0.01,0.01,75222.28,1776372660000
1776372662.607,62.607,0.82,0.83,0.17,0.18,0.01,0.01,75224.31,1776372661000
1776372662.946,62.946,0.82,0.83,0.17,0.18,0.01,0.01,75224.31,1776372661000
1776372663.341,63.341,0.82,0.83,0.17,0.18,0.01,0.01,75229.38,1776372662000
1776372663.698,63.698,0.82,0.83,0.17,0.18,0.01,0.01,75229.38,1776372662000
1776372664.101,64.101,0.82,0.83,0.17,0.18,0.01,0.01,75229.38,1776372662000
1776372664.549,64.549,0.82,0.83,0.17,0.18,0.01,0.01,75229.77,1776372663000
1776372664.947,64.947,0.8,0.81,0.19,0.21,0.01,0.02,75229.77,1776372663000
1776372665.367,65.367,0.8,0.81,0.19,0.2,0.01,0.01,75229.79,1776372664000
1776372665.71,65.71,0.82,0.83,0.17,0.2,0.01,0.03,75229.79,1776372664000
1776372666.263,66.263,0.82,0.83,0.17,0.18,0.01,0.01,75229.79,1776372664000
1776372666.596,66.596,0.82,0.84,0.16,0.18,0.02,0.02,75229.82,1776372665000
1776372667.14,67.14,0.83,0.84,0.16,0.18,0.01,0.02,75229.82,1776372665000
1776372667.479,67.479,0.83,0.84,0.16,0.17,0.01,0.01,75224.15,1776372666000
1776372667.853,67.853,0.84,0.85,0.15,0.16,0.01,0.01,75224.15,1776372666000
1776372668.208,68.208,0.85,0.86,0.14,0.15,0.01,0.01,75226.12,1776372667000
1776372668.552,68.552,0.85,0.86,0.14,0.15,0.01,0.01,75226.12,1776372667000
1776372668.894,68.894,0.83,0.84,0.14,0.17,0.01,0.03,75226.12,1776372667000
1776372669.258,69.258,0.84,0.85,0.16,0.17,0.01,0.01,75233.25,1776372668000
1776372669.803,69.803,0.84,0.85,0.15,0.16,0.01,0.01,75233.25,1776372668000
1776372670.282,70.282,0.86,0.87,0.13,0.14,0.01,0.01,75233.25,1776372668000
1776372670.72,70.72,0.86,0.87,0.13,0.14,0.01,0.01,75234.72,1776372669000
1776372671.143,71.143,0.87,0.88,0.12,0.13,0.01,0.01,75235.31,1776372670000
1776372671.51,71.51,0.87,0.88,0.12,0.13,0.01,0.01,75235.31,1776372670000
1776372671.86,71.86,0.87,0.88,0.12,0.13,0.01,0.01,75235.31,1776372670000
1776372672.201,72.201,0.87,0.88,0.12,0.13,0.01,0.01,75235.31,1776372670000
1776372672.626,72.626,0.87,0.88,0.12,0.13,0.01,0.01,75241.44,1776372671000
1776372672.96,72.96,0.88,0.89,0.11,0.12,0.01,0.01,75241.44,1776372671000
1776372673.348,73.348,0.88,0.89,0.11,0.12,0.01,0.01,75244.48,1776372672000
1776372673.683,73.683,0.88,0.89,0.11,0.12,0.01,0.01,75244.48,1776372672000
1776372674.163,74.163,0.88,0.89,0.11,0.12,0.01,0.01,75244.48,1776372672000
1776372674.514,74.514,0.88,0.89,0.11,0.12,0.01,0.01,75244.48,1776372672000
1776372674.931,74.931,0.88,0.89,0.11,0.12,0.01,0.01,75246.26,1776372673000
1776372675.301,75.301,0.89,0.9,0.1,0.12,0.01,0.02,75246.26,1776372673000
1776372675.645,75.645,0.89,0.9,0.1,0.11,0.01,0.01,75247.42,1776372674000
1776372675.985,75.985,0.89,0.9,0.1,0.11,0.01,0.01,75247.42,1776372674000
1776372676.444,76.444,0.89,0.9,0.1,0.11,0.01,0.01,75247.36,1776372675000
1776372676.791,76.791,0.89,0.9,0.1,0.11,0.01,0.01,75247.36,1776372675000
1776372677.223,77.223,0.89,0.9,0.1,0.11,0.01,0.01,75247.36,1776372675000
1776372677.669,77.669,0.89,0.9,0.1,0.11,0.01,0.01,75248.19,1776372676000
1776372678.046,78.046,0.88,0.89,0.11,0.12,0.01,0.01,75248.19,1776372676000
1776372678.407,78.407,0.88,0.89,0.11,0.12,0.01,0.01,75248.19,1776372676000
1776372678.754,78.754,0.88,0.89,0.11,0.12,0.01,0.01,75249.39,1776372677000
1776372679.088,79.088,0.88,0.89,0.11,0.12,0.01,0.01,75249.39,1776372677000
1776372679.802,79.802,0.88,0.89,0.11,0.12,0.01,0.01,75249.8,1776372678000
1776372680.32,80.32,0.88,0.89,0.11,0.12,0.01,0.01,75246.46,1776372679000
1776372680.909,80.909,0.85,0.86,0.14,0.15,0.01,0.01,75246.46,1776372679000
1776372681.278,81.278,0.85,0.86,0.14,0.15,0.01,0.01,75246.46,1776372679000
1776372681.733,81.733,0.84,0.85,0.15,0.16,0.01,0.01,75244.89,1776372680000
1776372682.276,82.276,0.84,0.85,0.15,0.16,0.01,0.01,75244.65,1776372681000
1776372682.783,82.783,0.84,0.85,0.15,0.16,0.01,0.01,75244.65,1776372681000
1776372683.192,83.192,0.84,0.85,0.15,0.16,0.01,0.01,75236.97,1776372682000
1776372683.558,83.558,0.84,0.85,0.15,0.16,0.01,0.01,75236.97,1776372682000
1776372684.088,84.088,0.84,0.85,0.15,0.16,0.01,0.01,75236.97,1776372682000
1776372684.678,84.678,0.84,0.85,0.15,0.16,0.01,0.01,75235.98,1776372683000
1776372685.039,85.039,0.84,0.85,0.15,0.16,0.01,0.01,75235.98,1776372683000
1776372685.419,85.419,0.84,0.85,0.15,0.16,0.01,0.01,75235.08,1776372684000
1776372686.015,86.015,0.84,0.85,0.15,0.16,0.01,0.01,75235.08,1776372684000
1776372686.403,86.403,0.84,0.85,0.15,0.16,0.01,0.01,75233.91,1776372685000
1776372687.018,87.018,0.84,0.85,0.15,0.16,0.01,0.01,75233.91,1776372685000
1776372687.381,87.381,0.84,0.85,0.15,0.16,0.01,0.01,75232.27,1776372686000
1776372687.896,87.896,0.83,0.84,0.16,0.17,0.01,0.01,75232.27,1776372686000
1776372688.338,88.338,0.83,0.84,0.16,0.17,0.01,0.01,75232.1,1776372687000
1776372688.872,88.872,0.83,0.84,0.16,0.17,0.01,0.01,75232.1,1776372687000
1776372689.208,89.208,0.83,0.84,0.16,0.17,0.01,0.01,75231.92,1776372688000
1776372689.591,89.591,0.83,0.84,0.16,0.17,0.01,0.01,75231.92,1776372688000
1776372689.987,89.987,0.83,0.84,0.16,0.17,0.01,0.01,75231.92,1776372688000
1776372690.409,90.409,0.83,0.84,0.16,0.17,0.01,0.01,75231.92,1776372688000
1776372690.91,90.91,0.83,0.84,0.16,0.17,0.01,0.01,75231.77,1776372689000
1776372691.289,91.289,0.83,0.84,0.16,0.17,0.01,0.01,75231.77,1776372690000
1776372691.662,91.662,0.83,0.84,0.16,0.17,0.01,0.01,75231.77,1776372690000
1776372692.308,92.308,0.83,0.84,0.16,0.17,0.01,0.01,75231.77,1776372690000
1776372692.884,92.884,0.83,0.84,0.16,0.17,0.01,0.01,75230.44,1776372691000
1776372693.721,93.721,0.83,0.84,0.16,0.17,0.01,0.01,75230.15,1776372692000
1776372694.128,94.128,0.8,0.81,0.19,0.2,0.01,0.01,75230.15,1776372692000
1776372694.478,94.478,0.79,0.81,0.19,0.2,0.02,0.01,75229.2,1776372693000
1776372694.82,94.82,0.79,0.8,0.2,0.21,0.01,0.01,75229.2,1776372693000
1776372695.183,95.183,0.78,0.8,0.2,0.22,0.02,0.02,75229.2,1776372693000
1776372695.554,95.554,0.78,0.79,0.21,0.22,0.01,0.01,75229.02,1776372694000
1776372695.994,95.994,0.78,0.79,0.21,0.22,0.01,0.01,75229.02,1776372694000
1776372696.354,96.354,0.78,0.79,0.21,0.22,0.01,0.01,75220.28,1776372695000
1776372696.77,96.77,0.77,0.78,0.22,0.23,0.01,0.01,75220.28,1776372695000
1776372697.188,97.188,0.77,0.78,0.22,0.23,0.01,0.01,75220.28,1776372695000
1776372697.55,97.55,0.77,0.78,0.22,0.23,0.01,0.01,75214.2,1776372696000
1776372698.029,98.029,0.76,0.77,0.23,0.24,0.01,0.01,75214.2,1776372696000
1776372698.379,98.379,0.75,0.76,0.24,0.25,0.01,0.01,75213.31,1776372697000
1776372698.819,98.819,0.75,0.76,0.24,0.25,0.01,0.01,75213.31,1776372697000
1776372699.258,99.258,0.75,0.76,0.24,0.25,0.01,0.01,75212.65,1776372698000
1776372699.684,99.684,0.75,0.76,0.24,0.25,0.01,0.01,75212.65,1776372698000
1776372700.089,100.089,0.75,0.76,0.24,0.25,0.01,0.01,75211.89,1776372699000
1776372700.554,100.554,0.75,0.76,0.24,0.25,0.01,0.01,75211.89,1776372699000
1776372700.997,100.997,0.75,0.76,0.24,0.25,0.01,0.01,75211.89,1776372699000
1776372701.375,101.375,0.75,0.76,0.24,0.25,0.01,0.01,75211.84,1776372700000
1776372702.361,102.361,0.75,0.76,0.24,0.25,0.01,0.01,75205.95,1776372701000
1776372702.99,102.99,0.74,0.75,0.24,0.26,0.01,0.02,75205.95,1776372701000
1776372703.331,103.331,0.73,0.74,0.25,0.27,0.01,0.02,75205.05,1776372702000
1776372703.679,103.679,0.73,0.74,0.26,0.27,0.01,0.01,75205.05,1776372702000
1776372704.022,104.022,0.72,0.73,0.27,0.28,0.01,0.01,75205.05,1776372702000
1776372704.389,104.389,0.72,0.73,0.27,0.28,0.01,0.01,75202.85,1776372703000
1776372704.848,104.848,0.72,0.73,0.27,0.28,0.01,0.01,75202.85,1776372703000
1776372705.316,105.316,0.72,0.73,0.27,0.28,0.01,0.01,75202.85,1776372703000
1776372705.714,105.714,0.72,0.73,0.27,0.28,0.01,0.01,75202.85,1776372703000
1776372706.288,106.288,0.72,0.73,0.27,0.28,0.01,0.01,75201.62,1776372704000
1776372706.815,106.815,0.72,0.73,0.27,0.28,0.01,0.01,75199.32,1776372706000
1776372707.337,107.337,0.7,0.71,0.29,0.3,0.01,0.01,75199.32,1776372706000
1776372707.724,107.724,0.69,0.7,0.3,0.31,0.01,0.01,75199.32,1776372706000
1776372708.062,108.062,0.69,0.7,0.3,0.31,0.01,0.01,75201.41,1776372707000
1776372708.631,108.631,0.68,0.69,0.3,0.32,0.01,0.02,75201.41,1776372707000
1776372708.969,108.969,0.68,0.69,0.31,0.32,0.01,0.01,75199.99,1776372708000
1776372709.337,109.337,0.68,0.69,0.31,0.32,0.01,0.01,75199.99,1776372708000
1776372709.753,109.753,0.68,0.69,0.31,0.32,0.01,0.01,75199.99,1776372708000
1776372710.333,110.333,0.68,0.69,0.31,0.32,0.01,0.01,75196.3,1776372709000
1776372710.722,110.722,0.68,0.69,0.31,0.32,0.01,0.01,75196.3,1776372709000
1776372711.178,111.178,0.68,0.69,0.31,0.32,0.01,0.01,75196.3,1776372709000
1776372711.631,111.631,0.68,0.69,0.31,0.32,0.01,0.01,75195.98,1776372710000
1776372712.0,112.0,0.68,0.69,0.31,0.32,0.01,0.01,75195.98,1776372710000
1776372712.375,112.375,0.68,0.69,0.31,0.32,0.01,0.01,75195.78,1776372711000
1776372713.274,113.274,0.68,0.69,0.31,0.32,0.01,0.01,75196.22,1776372712000
1776372713.61,113.61,0.68,0.7,0.3,0.32,0.02,0.02,75196.22,1776372712000
1776372714.247,114.247,0.69,0.7,0.3,0.31,0.01,0.01,75196.22,1776372712000
1776372714.612,114.612,0.69,0.7,0.3,0.31,0.01,0.01,75196.22,1776372713000
1776372715.211,115.211,0.69,0.7,0.3,0.31,0.01,0.01,75196.22,1776372713000
1776372715.815,115.815,0.69,0.7,0.3,0.31,0.01,0.01,75196.01,1776372714000
1776372716.229,116.229,0.69,0.7,0.3,0.31,0.01,0.01,75196.01,1776372714000
1776372716.67,116.67,0.69,0.7,0.3,0.31,0.01,0.01,75196.39,1776372715000
1776372717.091,117.091,0.69,0.7,0.3,0.31,0.01,0.01,75196.39,1776372715000
1776372717.614,117.614,0.69,0.7,0.3,0.31,0.01,0.01,75196.37,1776372716000
1776372718.654,118.654,0.69,0.7,0.3,0.31,0.01,0.01,75196.37,1776372716000
1776372719.02,119.02,0.65,0.67,0.31,0.35,0.02,0.04,75195.88,1776372717000
1776372719.504,119.504,0.64,0.65,0.34,0.36,0.01,0.02,75195.88,1776372717000
1776372719.843,119.843,0.62,0.65,0.35,0.38,0.03,0.03,75195.88,1776372718000
1776372720.214,120.214,0.61,0.62,0.37,0.39,0.01,0.02,75195.88,1776372718000
1776372720.549,120.549,0.6,0.61,0.39,0.4,0.01,0.01,75195.88,1776372719000
1776372720.884,120.884,0.6,0.61,0.39,0.4,0.01,0.01,75195.88,1776372719000
1776372721.258,121.258,0.59,0.6,0.4,0.41,0.01,0.01,75195.88,1776372719000
1776372721.597,121.597,0.59,0.6,0.4,0.41,0.01,0.01,75185.98,1776372720000
1776372721.934,121.934,0.56,0.57,0.43,0.44,0.01,0.01,75185.98,1776372720000
1776372722.276,122.276,0.56,0.57,0.43,0.44,0.01,0.01,75181.51,1776372721000
1776372722.666,122.666,0.55,0.56,0.44,0.45,0.01,0.01,75181.51,1776372721000
1776372723.076,123.076,0.55,0.56,0.44,0.45,0.01,0.01,75181.51,1776372721000
1776372723.454,123.454,0.55,0.56,0.44,0.45,0.01,0.01,75177.3,1776372722000
1776372723.793,123.793,0.57,0.58,0.42,0.43,0.01,0.01,75177.3,1776372722000
1776372724.134,124.134,0.59,0.6,0.42,0.43,0.01,0.01,75177.3,1776372722000
1776372724.477,124.477,0.59,0.6,0.4,0.41,0.01,0.01,75169.9,1776372723000
1776372724.875,124.875,0.59,0.6,0.4,0.41,0.01,0.01,75169.9,1776372723000
1776372725.307,125.307,0.59,0.6,0.4,0.41,0.01,0.01,75173.4,1776372724000
1776372725.923,125.923,0.59,0.6,0.4,0.41,0.01,0.01,75173.4,1776372724000
1776372726.642,126.642,0.59,0.6,0.4,0.41,0.01,0.01,75177.25,1776372725000
1776372727.119,127.119,0.61,0.63,0.37,0.39,0.02,0.02,75177.25,1776372725000
1776372727.522,127.522,0.62,0.65,0.35,0.41,0.03,0.06,75178.28,1776372726000
1776372727.862,127.862,0.63,0.64,0.36,0.37,0.01,0.01,75178.28,1776372726000
1776372728.249,128.249,0.66,0.67,0.32,0.34,0.01,0.02,75178.28,1776372726000
1776372728.593,128.593,0.66,0.67,0.33,0.34,0.01,0.01,75183.03,1776372727000
1776372728.95,128.95,0.66,0.67,0.33,0.34,0.01,0.01,75185.41,1776372728000
1776372729.386,129.386,0.66,0.67,0.33,0.34,0.01,0.01,75185.41,1776372728000
1776372729.77,129.77,0.68,0.69,0.31,0.32,0.01,0.01,75185.41,1776372728000
1776372730.107,130.107,0.68,0.69,0.31,0.32,0.01,0.01,75185.41,1776372728000
1776372730.56,130.56,0.69,0.7,0.3,0.32,0.01,0.02,75189.16,1776372729000
1776372731.21,131.21,0.69,0.7,0.3,0.31,0.01,0.01,75189.16,1776372729000
1776372731.746,131.746,0.7,0.71,0.3,0.31,0.01,0.01,75191.07,1776372730000
1776372732.131,132.131,0.71,0.72,0.28,0.3,0.01,0.02,75191.07,1776372730000
1776372732.607,132.607,0.71,0.72,0.28,0.29,0.01,0.01,75193.44,1776372731000
1776372733.144,133.144,0.72,0.73,0.27,0.29,0.01,0.02,75193.44,1776372731000
1776372733.48,133.48,0.72,0.73,0.27,0.28,0.01,0.01,75193.44,1776372731000
1776372733.958,133.958,0.72,0.73,0.27,0.28,0.01,0.01,75193.44,1776372731000
1776372734.447,134.447,0.72,0.73,0.27,0.28,0.01,0.01,75196.35,1776372732000
1776372734.787,134.787,0.72,0.73,0.27,0.28,0.01,0.01,75197.46,1776372733000
1776372735.157,135.157,0.72,0.73,0.27,0.28,0.01,0.01,75198.2,1776372734000
1776372735.527,135.527,0.72,0.73,0.27,0.28,0.01,0.01,75198.2,1776372734000
1776372736.071,136.071,0.72,0.73,0.27,0.28,0.01,0.01,75198.2,1776372734000
1776372736.725,136.725,0.72,0.73,0.27,0.28,0.01,0.01,75199.03,1776372735000
1776372737.167,137.167,0.72,0.73,0.27,0.28,0.01,0.01,75198.88,1776372736000
1776372738.004,138.004,0.72,0.73,0.27,0.28,0.01,0.01,75198.88,1776372736000
1776372739.13,139.13,0.72,0.73,0.27,0.28,0.01,0.01,75198.61,1776372737000
1776372739.5,139.5,0.71,0.72,0.28,0.29,0.01,0.01,75197.97,1776372738000
1776372740.226,140.226,0.71,0.72,0.28,0.29,0.01,0.01,75197.97,1776372738000
1776372740.644,140.644,0.7,0.72,0.28,0.29,0.02,0.01,75197.97,1776372739000
1776372741.004,141.004,0.69,0.7,0.3,0.31,0.01,0.01,75197.97,1776372739000
1776372741.341,141.341,0.69,0.71,0.29,0.31,0.02,0.02,75196.32,1776372740000
1776372741.758,141.758,0.7,0.71,0.29,0.31,0.01,0.02,75196.32,1776372740000
1776372742.34,142.34,0.7,0.71,0.29,0.3,0.01,0.01,75196.03,1776372741000
1776372742.954,142.954,0.7,0.71,0.29,0.3,0.01,0.01,75196.03,1776372741000
1776372743.349,143.349,0.7,0.71,0.29,0.3,0.01,0.01,75193.52,1776372742000
1776372743.741,143.741,0.68,0.7,0.29,0.32,0.02,0.03,75193.52,1776372742000
1776372744.59,144.59,0.69,0.7,0.3,0.32,0.01,0.02,75193.52,1776372743000
1776372744.959,144.959,0.69,0.7,0.3,0.31,0.01,0.01,75193.52,1776372743000
1776372745.799,145.799,0.69,0.7,0.3,0.31,0.01,0.01,75193.76,1776372744000
1776372746.14,146.14,0.69,0.7,0.3,0.31,0.01,0.01,75193.7,1776372745000
1776372746.591,146.591,0.72,0.73,0.27,0.28,0.01,0.01,75193.7,1776372745000
1776372747.055,147.055,0.72,0.73,0.27,0.28,0.01,0.01,75193.7,1776372745000
1776372747.725,147.725,0.7,0.73,0.27,0.28,0.03,0.01,75193.7,1776372745000
1776372748.334,148.334,0.68,0.71,0.29,0.31,0.03,0.02,75193.72,1776372746000
1776372748.674,148.674,0.67,0.69,0.31,0.33,0.02,0.02,75194.74,1776372747000
1776372749.009,149.009,0.67,0.68,0.32,0.33,0.01,0.01,75194.74,1776372747000
1776372749.431,149.431,0.67,0.68,0.32,0.33,0.01,0.01,75198.26,1776372748000
1776372749.816,149.816,0.67,0.68,0.32,0.33,0.01,0.01,75198.26,1776372748000
1776372750.195,150.195,0.67,0.68,0.32,0.33,0.01,0.01,75198.26,1776372748000
1776372750.603,150.603,0.68,0.69,0.3,0.32,0.01,0.02,75198.26,1776372748000
1776372751.014,151.014,0.69,0.7,0.3,0.31,0.01,0.01,75193.61,1776372749000
1776372751.728,151.728,0.69,0.7,0.3,0.31,0.01,0.01,75195.39,1776372750000
1776372752.233,152.233,0.7,0.71,0.29,0.31,0.01,0.02,75195.39,1776372750000
1776372752.744,152.744,0.7,0.71,0.29,0.3,0.01,0.01,75196.25,1776372751000
1776372753.31,153.31,0.7,0.72,0.29,0.3,0.02,0.01,75196.25,1776372751000
1776372754.031,154.031,0.71,0.72,0.28,0.29,0.01,0.01,75196.25,1776372752000
1776372755.138,155.138,0.72,0.74,0.27,0.29,0.02,0.02,75196.25,1776372753000
1776372755.472,155.472,0.73,0.74,0.26,0.28,0.01,0.02,75196.25,1776372753000
1776372755.912,155.912,0.73,0.74,0.26,0.27,0.01,0.01,75198.71,1776372754000
1776372756.344,156.344,0.73,0.74,0.26,0.27,0.01,0.01,75198.71,1776372754000
1776372756.701,156.701,0.74,0.75,0.25,0.27,0.01,0.02,75198.79,1776372755000
1776372757.046,157.046,0.74,0.75,0.25,0.26,0.01,0.01,75200.28,1776372756000
1776372758.04,158.04,0.73,0.74,0.26,0.27,0.01,0.01,75200.28,1776372756000
1776372758.43,158.43,0.73,0.74,0.26,0.27,0.01,0.01,75200.28,1776372756000
1776372758.787,158.787,0.73,0.74,0.26,0.27,0.01,0.01,75201.28,1776372757000
1776372759.21,159.21,0.73,0.74,0.26,0.27,0.01,0.01,75201.28,1776372757000
1776372759.629,159.629,0.73,0.74,0.26,0.27,0.01,0.01,75200.68,1776372758000
1776372760.145,160.145,0.73,0.74,0.26,0.27,0.01,0.01,75199.42,1776372759000
1776372760.717,160.717,0.73,0.74,0.26,0.27,0.01,0.01,75199.42,1776372759000
1776372761.333,161.333,0.73,0.74,0.26,0.27,0.01,0.01,75199.42,1776372759000
1776372761.786,161.786,0.72,0.73,0.26,0.27,0.01,0.01,75198.78,1776372760000
1776372762.265,162.265,0.72,0.73,0.27,0.28,0.01,0.01,75198.78,1776372760000
1776372762.602,162.602,0.72,0.73,0.27,0.28,0.01,0.01,75198.78,1776372761000
1776372763.102,163.102,0.72,0.73,0.27,0.28,0.01,0.01,75198.78,1776372761000
1776372763.568,163.568,0.72,0.73,0.27,0.28,0.01,0.01,75198.06,1776372762000
1776372763.961,163.961,0.68,0.7,0.29,0.32,0.02,0.03,75198.06,1776372762000
1776372764.306,164.306,0.66,0.69,0.33,0.34,0.03,0.01,75198.06,1776372762000
1776372764.639,164.639,0.64,0.65,0.34,0.35,0.01,0.01,75197.85,1776372763000
1776372765.136,165.136,0.64,0.65,0.35,0.36,0.01,0.01,75197.85,1776372763000
1776372765.57,165.57,0.64,0.65,0.35,0.36,0.01,0.01,75197.85,1776372763000
1776372766.281,166.281,0.64,0.65,0.35,0.36,0.01,0.01,75197.85,1776372763000
1776372766.96,166.96,0.64,0.65,0.35,0.36,0.01,0.01,75187.68,1776372765000
1776372767.348,167.348,0.64,0.65,0.35,0.36,0.01,0.01,75187.68,1776372765000
1776372767.748,167.748,0.64,0.65,0.35,0.36,0.01,0.01,75187.68,1776372765000
1776372768.187,168.187,0.63,0.64,0.36,0.37,0.01,0.01,75183.37,1776372766000
1776372768.724,168.724,0.63,0.64,0.36,0.37,0.01,0.01,75182.99,1776372767000
1776372769.061,169.061,0.58,0.59,0.41,0.42,0.01,0.01,75182.99,1776372767000
1776372769.432,169.432,0.56,0.58,0.42,0.44,0.02,0.02,75182.99,1776372767000
1776372769.779,169.779,0.55,0.58,0.42,0.44,0.03,0.02,75182.42,1776372768000
1776372770.292,170.292,0.55,0.56,0.44,0.45,0.01,0.01,75176.22,1776372769000
1776372770.746,170.746,0.55,0.56,0.44,0.45,0.01,0.01,75176.22,1776372769000
1776372771.169,171.169,0.55,0.56,0.44,0.45,0.01,0.01,75176.22,1776372769000
1776372771.617,171.617,0.54,0.56,0.44,0.46,0.02,0.02,75169.89,1776372770000
1776372772.216,172.216,0.55,0.56,0.44,0.46,0.01,0.02,75169.89,1776372770000
1776372772.576,172.576,0.55,0.56,0.44,0.45,0.01,0.01,75169.89,1776372770000
1776372773.047,173.047,0.54,0.55,0.45,0.46,0.01,0.01,75169.78,1776372771000
1776372773.435,173.435,0.55,0.56,0.44,0.45,0.01,0.01,75169.78,1776372771000
1776372774.225,174.225,0.53,0.56,0.44,0.46,0.03,0.02,75169.75,1776372772000
1776372774.68,174.68,0.54,0.55,0.44,0.47,0.01,0.03,75169.81,1776372773000
1776372775.093,175.093,0.54,0.55,0.45,0.46,0.01,0.01,75169.81,1776372774000
1776372775.435,175.435,0.55,0.57,0.43,0.45,0.02,0.02,75169.81,1776372774000
1776372775.783,175.783,0.56,0.57,0.43,0.44,0.01,0.01,75169.81,1776372774000
1776372776.157,176.157,0.56,0.57,0.43,0.44,0.01,0.01,75169.81,1776372774000
1776372776.509,176.509,0.56,0.57,0.43,0.44,0.01,0.01,75170.02,1776372775000
1776372777.153,177.153,0.56,0.57,0.43,0.44,0.01,0.01,75170.02,1776372775000
1776372778.541,178.541,0.56,0.59,0.41,0.44,0.03,0.03,75177.15,1776372777000
1776372778.941,178.941,0.56,0.6,0.4,0.44,0.04,0.04,75177.15,1776372777000
1776372779.282,179.282,0.56,0.6,0.43,0.44,0.04,0.01,75178.41,1776372778000
1776372779.627,179.627,0.56,0.61,0.39,0.44,0.05,0.05,75178.41,1776372778000
1776372780.116,180.116,0.57,0.63,0.37,0.43,0.06,0.06,75178.41,1776372778000
1776372780.461,180.461,0.58,0.63,0.37,0.43,0.05,0.06,75178.41,1776372778000
1776372780.926,180.926,0.57,0.59,0.39,0.43,0.02,0.04,75181.0,1776372779000
1776372781.269,181.269,0.56,0.58,0.42,0.44,0.02,0.02,75181.0,1776372779000
1776372781.623,181.623,0.57,0.58,0.41,0.43,0.01,0.02,75181.11,1776372780000
1776372782.104,182.104,0.58,0.59,0.41,0.42,0.01,0.01,75181.11,1776372780000
1776372782.464,182.464,0.58,0.59,0.41,0.42,0.01,0.01,75180.0,1776372781000
1776372784.034,184.034,0.58,0.59,0.41,0.42,0.01,0.01,75178.08,1776372782000
1776372784.575,184.575,0.58,0.59,0.41,0.42,0.01,0.01,75178.08,1776372782000
1776372785.046,185.046,0.58,0.59,0.41,0.42,0.01,0.01,75178.37,1776372783000
1776372785.504,185.504,0.58,0.59,0.4,0.42,0.01,0.02,75178.37,1776372783000
1776372785.853,185.853,0.58,0.6,0.4,0.42,0.02,0.02,75178.37,1776372783000
1776372786.466,186.466,0.58,0.59,0.4,0.42,0.01,0.02,75178.37,1776372785000
1776372786.828,186.828,0.58,0.59,0.4,0.42,0.01,0.02,75178.37,1776372785000
1776372787.183,187.183,0.58,0.59,0.41,0.42,0.01,0.01,75178.37,1776372785000
1776372787.571,187.571,0.58,0.6,0.41,0.42,0.02,0.01,75178.56,1776372786000
1776372788.028,188.028,0.59,0.6,0.4,0.41,0.01,0.01,75178.56,1776372786000
1776372788.439,188.439,0.59,0.6,0.4,0.41,0.01,0.01,75178.56,1776372786000
1776372788.901,188.901,0.59,0.6,0.4,0.41,0.01,0.01,75178.48,1776372787000
1776372789.279,189.279,0.59,0.6,0.4,0.41,0.01,0.01,75178.48,1776372787000
1776372789.921,189.921,0.59,0.61,0.39,0.41,0.02,0.02,75178.91,1776372789000
1776372791.068,191.068,0.59,0.61,0.39,0.41,0.02,0.02,75178.44,1776372790000
1776372791.676,191.676,0.59,0.6,0.39,0.41,0.01,0.02,75178.44,1776372790000
1776372792.044,192.044,0.59,0.6,0.4,0.41,0.01,0.01,75178.44,1776372790000
1776372792.385,192.385,0.59,0.6,0.4,0.41,0.01,0.01,75169.78,1776372791000
1776372792.724,192.724,0.58,0.6,0.4,0.42,0.02,0.02,75169.78,1776372791000
1776372793.064,193.064,0.59,0.6,0.4,0.41,0.01,0.01,75169.78,1776372791000
1776372793.397,193.397,0.59,0.6,0.4,0.41,0.01,0.01,75168.91,1776372792000
1776372794.033,194.033,0.6,0.61,0.39,0.4,0.01,0.01,75172.87,1776372793000
1776372795.066,195.066,0.6,0.61,0.39,0.4,0.01,0.01,75179.01,1776372794000
1776372795.491,195.491,0.6,0.61,0.39,0.4,0.01,0.01,75179.01,1776372794000
1776372795.87,195.87,0.6,0.61,0.39,0.4,0.01,0.01,75179.01,1776372794000
1776372796.364,196.364,0.59,0.61,0.39,0.41,0.02,0.02,75178.45,1776372795000
1776372796.733,196.733,0.59,0.6,0.4,0.41,0.01,0.01,75178.45,1776372795000
1776372797.173,197.173,0.6,0.61,0.39,0.4,0.01,0.01,75178.45,1776372795000
1776372797.618,197.618,0.59,0.61,0.39,0.41,0.02,0.02,75178.45,1776372795000
1776372797.968,197.968,0.6,0.61,0.39,0.4,0.01,0.01,75176.37,1776372796000
1776372798.329,198.329,0.6,0.61,0.39,0.4,0.01,0.01,75176.37,1776372796000
1776372798.723,198.723,0.6,0.61,0.39,0.4,0.01,0.01,75176.51,1776372797000
1776372799.078,199.078,0.6,0.62,0.38,0.4,0.02,0.02,75177.63,1776372798000
1776372799.437,199.437,0.6,0.61,0.39,0.4,0.01,0.01,75177.63,1776372798000
1776372799.78,199.78,0.6,0.61,0.39,0.4,0.01,0.01,75177.63,1776372798000
1776372800.116,200.116,0.6,0.61,0.39,0.4,0.01,0.01,75177.63,1776372798000
1776372800.46,200.46,0.6,0.61,0.39,0.4,0.01,0.01,75177.98,1776372799000
1776372800.927,200.927,0.6,0.61,0.39,0.4,0.01,0.01,75177.98,1776372800000
1776372801.509,201.509,0.6,0.61,0.39,0.4,0.01,0.01,75177.98,1776372800000
1776372801.867,201.867,0.6,0.61,0.39,0.4,0.01,0.01,75177.98,1776372800000
1776372802.578,202.578,0.6,0.61,0.39,0.4,0.01,0.01,75177.84,1776372801000
1776372802.913,202.913,0.6,0.61,0.39,0.4,0.01,0.01,75177.84,1776372801000
1776372803.383,203.383,0.6,0.61,0.39,0.4,0.01,0.01,75177.84,1776372802000
1776372803.792,203.792,0.6,0.61,0.39,0.4,0.01,0.01,75177.84,1776372802000
1776372804.216,204.216,0.6,0.61,0.39,0.4,0.01,0.01,75177.95,1776372803000
1776372805.29,205.29,0.6,0.61,0.39,0.4,0.01,0.01,75177.95,1776372804000
1776372805.793,205.793,0.61,0.62,0.39,0.4,0.01,0.01,75177.95,1776372804000
1776372806.17,206.17,0.61,0.62,0.38,0.39,0.01,0.01,75177.95,1776372804000
1776372806.802,206.802,0.63,0.64,0.36,0.37,0.01,0.01,75177.78,1776372806000
1776372807.335,207.335,0.63,0.64,0.36,0.37,0.01,0.01,75177.78,1776372806000
1776372808.069,208.069,0.63,0.65,0.35,0.37,0.02,0.02,75178.86,1776372807000
1776372808.828,208.828,0.64,0.65,0.35,0.36,0.01,0.01,75178.86,1776372807000
1776372809.245,209.245,0.64,0.65,0.35,0.36,0.01,0.01,75182.14,1776372808000
1776372809.605,209.605,0.65,0.66,0.34,0.35,0.01,0.01,75182.14,1776372808000
1776372810.119,210.119,0.65,0.66,0.34,0.35,0.01,0.01,75182.14,1776372808000
1776372810.619,210.619,0.65,0.66,0.34,0.35,0.01,0.01,75182.22,1776372809000
1776372810.997,210.997,0.65,0.66,0.34,0.35,0.01,0.01,75182.22,1776372809000
1776372811.371,211.371,0.68,0.69,0.31,0.32,0.01,0.01,75183.2,1776372810000
1776372811.756,211.756,0.68,0.69,0.31,0.32,0.01,0.01,75183.2,1776372810000
1776372812.255,212.255,0.7,0.71,0.29,0.3,0.01,0.01,75183.34,1776372811000
1776372812.588,212.588,0.71,0.72,0.28,0.29,0.01,0.01,75183.34,1776372811000
1776372812.981,212.981,0.72,0.73,0.27,0.28,0.01,0.01,75183.34,1776372811000
1776372813.394,213.394,0.72,0.74,0.27,0.28,0.02,0.01,75187.69,1776372812000
1776372813.87,213.87,0.75,0.76,0.24,0.28,0.01,0.04,75187.69,1776372812000
1776372814.217,214.217,0.76,0.77,0.23,0.24,0.01,0.01,75187.69,1776372812000
1776372814.834,214.834,0.78,0.8,0.21,0.22,0.02,0.01,75193.37,1776372813000
1776372815.238,215.238,0.78,0.79,0.2,0.22,0.01,0.02,75199.61,1776372814000
1776372815.576,215.576,0.79,0.8,0.2,0.21,0.01,0.01,75199.61,1776372814000
1776372815.996,215.996,0.79,0.82,0.19,0.21,0.03,0.02,75199.61,1776372814000
1776372816.342,216.342,0.81,0.82,0.18,0.19,0.01,0.01,75199.61,1776372814000
1776372816.773,216.773,0.82,0.83,0.16,0.18,0.01,0.02,75203.5,1776372815000
1776372817.111,217.111,0.84,0.85,0.15,0.16,0.01,0.01,75205.33,1776372816000
1776372817.496,217.496,0.85,0.87,0.14,0.15,0.02,0.01,75205.33,1776372816000
1776372817.864,217.864,0.86,0.88,0.14,0.15,0.02,0.01,75205.33,1776372816000
1776372818.237,218.237,0.88,0.89,0.11,0.12,0.01,0.01,75208.1,1776372817000
1776372818.588,218.588,0.88,0.89,0.11,0.12,0.01,0.01,75208.1,1776372817000
1776372818.94,218.94,0.88,0.89,0.11,0.12,0.01,0.01,75208.1,1776372817000
1776372819.356,219.356,0.88,0.89,0.11,0.12,0.01,0.01,75208.1,1776372817000
1776372819.72,219.72,0.88,0.89,0.11,0.12,0.01,0.01,75208.65,1776372818000
1776372820.077,220.077,0.88,0.89,0.11,0.12,0.01,0.01,75210.23,1776372819000
1776372820.565,220.565,0.88,0.89,0.11,0.12,0.01,0.01,75210.23,1776372819000
1776372821.171,221.171,0.88,0.89,0.11,0.12,0.01,0.01,75210.9,1776372820000
1776372821.513,221.513,0.88,0.89,0.11,0.12,0.01,0.01,75210.9,1776372820000
1776372822.039,222.039,0.88,0.89,0.11,0.12,0.01,0.01,75210.9,1776372820000
1776372822.428,222.428,0.88,0.89,0.11,0.12,0.01,0.01,75210.87,1776372821000
1776372822.969,222.969,0.88,0.89,0.11,0.12,0.01,0.01,75210.87,1776372821000
1776372823.337,223.337,0.88,0.89,0.11,0.12,0.01,0.01,75210.89,1776372822000
1776372823.909,223.909,0.88,0.89,0.11,0.12,0.01,0.01,75210.89,1776372822000
1776372824.247,224.247,0.83,0.85,0.15,0.17,0.02,0.02,75210.89,1776372823000
1776372824.626,224.626,0.84,0.85,0.15,0.16,0.01,0.01,75210.89,1776372823000
1776372824.986,224.986,0.84,0.85,0.15,0.16,0.01,0.01,75210.89,1776372823000
1776372825.414,225.414,0.84,0.85,0.15,0.16,0.01,0.01,75211.09,1776372824000
1776372825.978,225.978,0.84,0.85,0.15,0.16,0.01,0.01,75211.09,1776372824000
1776372826.398,226.398,0.84,0.85,0.15,0.16,0.01,0.01,75203.87,1776372825000
1776372826.786,226.786,0.84,0.85,0.15,0.16,0.01,0.01,75203.87,1776372825000
1776372827.304,227.304,0.84,0.85,0.15,0.16,0.01,0.01,75203.87,1776372825000
1776372827.768,227.768,0.84,0.85,0.15,0.16,0.01,0.01,75203.65,1776372826000
1776372828.28,228.28,0.84,0.85,0.15,0.16,0.01,0.01,75203.7,1776372827000
1776372828.779,228.779,0.84,0.85,0.15,0.16,0.01,0.01,75203.7,1776372827000
1776372829.152,229.152,0.84,0.85,0.15,0.16,0.01,0.01,75203.7,1776372828000
1776372829.572,229.572,0.84,0.85,0.15,0.16,0.01,0.01,75203.7,1776372828000
1776372830.259,230.259,0.84,0.86,0.15,0.16,0.02,0.01,75203.7,1776372828000
1776372830.716,230.716,0.85,0.86,0.14,0.15,0.01,0.01,75203.58,1776372829000
1776372831.106,231.106,0.85,0.86,0.14,0.15,0.01,0.01,75203.58,1776372829000
1776372831.467,231.467,0.85,0.86,0.14,0.15,0.01,0.01,75203.55,1776372830000
1776372831.801,231.801,0.85,0.86,0.14,0.15,0.01,0.01,75203.55,1776372830000
1776372832.201,232.201,0.85,0.86,0.14,0.15,0.01,0.01,75203.47,1776372831000
1776372832.742,232.742,0.85,0.86,0.14,0.15,0.01,0.01,75203.47,1776372831000
1776372833.253,233.253,0.85,0.86,0.14,0.15,0.01,0.01,75203.47,1776372831000
1776372833.652,233.652,0.85,0.86,0.14,0.15,0.01,0.01,75203.47,1776372831000
1776372834.027,234.027,0.85,0.86,0.14,0.15,0.01,0.01,75203.47,1776372831000
1776372834.426,234.426,0.85,0.86,0.14,0.15,0.01,0.01,75203.16,1776372832000
1776372834.856,234.856,0.85,0.86,0.14,0.15,0.01,0.01,75203.16,1776372832000
1776372835.317,235.317,0.85,0.86,0.14,0.15,0.01,0.01,75202.75,1776372833000
1776372835.66,235.66,0.85,0.86,0.14,0.15,0.01,0.01,75202.75,1776372834000
1776372836.058,236.058,0.85,0.86,0.14,0.15,0.01,0.01,75202.75,1776372834000
1776372836.395,236.395,0.85,0.86,0.14,0.15,0.01,0.01,75202.75,1776372834000
1776372836.823,236.823,0.85,0.86,0.14,0.15,0.01,0.01,75202.75,1776372835000
1776372837.165,237.165,0.85,0.86,0.14,0.15,0.01,0.01,75202.75,1776372836000
1776372837.683,237.683,0.85,0.86,0.14,0.15,0.01,0.01,75202.75,1776372836000
1776372838.026,238.026,0.85,0.86,0.14,0.15,0.01,0.01,75202.75,1776372836000
1776372838.457,238.457,0.85,0.86,0.14,0.15,0.01,0.01,75202.75,1776372836000
1776372838.876,238.876,0.85,0.86,0.14,0.15,0.01,0.01,75202.75,1776372836000
1776372839.454,239.454,0.85,0.86,0.14,0.15,0.01,0.01,75202.66,1776372837000
1776372839.936,239.936,0.85,0.86,0.14,0.15,0.01,0.01,75202.77,1776372838000
1776372840.321,240.321,0.85,0.86,0.14,0.15,0.01,0.01,75202.77,1776372839000
1776372840.662,240.662,0.85,0.86,0.14,0.15,0.01,0.01,75202.77,1776372839000
1776372841.055,241.055,0.86,0.87,0.13,0.14,0.01,0.01,75202.96,1776372840000
1776372841.419,241.419,0.86,0.87,0.13,0.14,0.01,0.01,75202.96,1776372840000
1776372841.838,241.838,0.91,0.93,0.08,0.09,0.02,0.01,75202.96,1776372840000
1776372842.174,242.174,0.92,0.93,0.07,0.08,0.01,0.01,75202.96,1776372840000
1776372842.552,242.552,0.92,0.93,0.07,0.08,0.01,0.01,75202.96,1776372840000
1776372843.058,243.058,0.93,0.94,0.06,0.07,0.01,0.01,75203.39,1776372841000
1776372843.392,243.392,0.94,0.95,0.05,0.06,0.01,0.01,75209.33,1776372842000
1776372843.807,243.807,0.94,0.95,0.05,0.06,0.01,0.01,75209.33,1776372842000
1776372844.14,244.14,0.94,0.95,0.05,0.06,0.01,0.01,75214.52,1776372843000
1776372844.493,244.493,0.94,0.95,0.05,0.06,0.01,0.01,75214.52,1776372843000
1776372845.017,245.017,0.94,0.95,0.05,0.06,0.01,0.01,75214.52,1776372843000
1776372845.374,245.374,0.94,0.95,0.05,0.06,0.01,0.01,75214.52,1776372843000
1776372845.733,245.733,0.94,0.95,0.05,0.06,0.01,0.01,75215.45,1776372844000
1776372846.158,246.158,0.94,0.95,0.05,0.06,0.01,0.01,75215.45,1776372844000
1776372846.545,246.545,0.94,0.95,0.05,0.06,0.01,0.01,75215.56,1776372845000
1776372846.984,246.984,0.94,0.95,0.05,0.06,0.01,0.01,75215.56,1776372845000
1776372847.386,247.386,0.94,0.95,0.05,0.06,0.01,0.01,75215.83,1776372846000
1776372847.723,247.723,0.94,0.95,0.05,0.06,0.01,0.01,75215.83,1776372846000
1776372848.364,248.364,0.94,0.95,0.05,0.06,0.01,0.01,75215.83,1776372846000
1776372848.719,248.719,0.94,0.95,0.05,0.06,0.01,0.01,75215.83,1776372846000
1776372849.088,249.088,0.94,0.95,0.05,0.06,0.01,0.01,75215.71,1776372847000
1776372849.547,249.547,0.92,0.93,0.07,0.08,0.01,0.01,75215.71,1776372848000
1776372849.899,249.899,0.91,0.92,0.07,0.09,0.01,0.02,75215.71,1776372848000
1776372850.289,250.289,0.88,0.89,0.11,0.13,0.01,0.02,75215.71,1776372849000
1776372850.748,250.748,0.87,0.88,0.12,0.13,0.01,0.01,75215.71,1776372849000
1776372851.086,251.086,0.87,0.89,0.11,0.13,0.02,0.02,75215.71,1776372849000
1776372851.42,251.42,0.88,0.89,0.11,0.12,0.01,0.01,75214.7,1776372850000
1776372851.836,251.836,0.88,0.89,0.11,0.12,0.01,0.01,75214.7,1776372850000
1776372852.21,252.21,0.89,0.9,0.1,0.11,0.01,0.01,75206.87,1776372851000
1776372852.585,252.585,0.9,0.91,0.09,0.1,0.01,0.01,75206.87,1776372851000
1776372852.988,252.988,0.9,0.91,0.09,0.1,0.01,0.01,75206.87,1776372851000
1776372853.425,253.425,0.9,0.91,0.09,0.1,0.01,0.01,75205,1776372852000
1776372853.795,253.795,0.9,0.91,0.09,0.1,0.01,0.01,75205,1776372852000
1776372854.142,254.142,0.91,0.92,0.08,0.1,0.01,0.02,75204.44,1776372853000
1776372854.735,254.735,0.91,0.92,0.08,0.09,0.01,0.01,75204.44,1776372853000
1776372855.134,255.134,0.91,0.92,0.08,0.09,0.01,0.01,75204.48,1776372854000
1776372855.811,255.811,0.91,0.92,0.08,0.09,0.01,0.01,75204.48,1776372854000
1776372856.237,256.237,0.9,0.91,0.09,0.1,0.01,0.01,75204.48,1776372854000
1776372856.695,256.695,0.89,0.9,0.11,0.12,0.01,0.01,75204.47,1776372855000
1776372857.115,257.115,0.92,0.93,0.07,0.09,0.01,0.02,75204.48,1776372856000
1776372857.452,257.452,0.92,0.93,0.07,0.08,0.01,0.01,75204.48,1776372856000
1776372857.795,257.795,0.86,0.89,0.11,0.12,0.03,0.01,75204.48,1776372856000
1776372858.172,258.172,0.82,0.84,0.15,0.17,0.02,0.02,75204.48,1776372856000
1776372858.517,258.517,0.8,0.83,0.17,0.2,0.03,0.03,75204.82,1776372857000
1776372858.928,258.928,0.77,0.78,0.22,0.24,0.01,0.02,75204.82,1776372857000
1776372859.263,259.263,0.76,0.77,0.23,0.24,0.01,0.01,75198.93,1776372858000
1776372859.604,259.604,0.76,0.77,0.23,0.24,0.01,0.01,75198.93,1776372858000
1776372859.948,259.948,0.76,0.77,0.23,0.24,0.01,0.01,75198.93,1776372858000
1776372860.381,260.381,0.76,0.77,0.23,0.24,0.01,0.01,75198.93,1776372858000
1776372860.833,260.833,0.75,0.76,0.24,0.25,0.01,0.01,75189.2,1776372859000
1776372861.243,261.243,0.75,0.76,0.24,0.25,0.01,0.01,75187.2,1776372860000
1776372861.576,261.576,0.75,0.76,0.24,0.25,0.01,0.01,75187.2,1776372860000
1776372861.936,261.936,0.75,0.76,0.24,0.25,0.01,0.01,75187.2,1776372860000
1776372862.31,262.31,0.75,0.76,0.24,0.25,0.01,0.01,75184.43,1776372861000
1776372862.651,262.651,0.75,0.76,0.24,0.25,0.01,0.01,75184.43,1776372861000
1776372863.007,263.007,0.76,0.77,0.23,0.25,0.01,0.02,75184.43,1776372861000
1776372863.433,263.433,0.8,0.81,0.19,0.2,0.01,0.01,75183.41,1776372862000
1776372863.804,263.804,0.81,0.82,0.18,0.19,0.01,0.01,75183.41,1776372862000
1776372864.184,264.184,0.81,0.82,0.18,0.19,0.01,0.01,75183.19,1776372863000
1776372864.531,264.531,0.85,0.86,0.14,0.15,0.01,0.01,75183.19,1776372863000
1776372864.87,264.87,0.85,0.86,0.14,0.15,0.01,0.01,75183.19,1776372863000
1776372865.236,265.236,0.84,0.85,0.14,0.18,0.01,0.04,75183.19,1776372863000
1776372865.598,265.598,0.84,0.85,0.15,0.16,0.01,0.01,75183.19,1776372863000
1776372865.945,265.945,0.85,0.86,0.14,0.15,0.01,0.01,75187.21,1776372864000
1776372866.281,266.281,0.85,0.86,0.14,0.15,0.01,0.01,75190.23,1776372865000
1776372866.66,266.66,0.85,0.86,0.14,0.15,0.01,0.01,75190.23,1776372865000
1776372866.998,266.998,0.82,0.83,0.17,0.18,0.01,0.01,75190.23,1776372865000
1776372867.345,267.345,0.82,0.83,0.17,0.18,0.01,0.01,75190.23,1776372865000
1776372867.743,267.743,0.82,0.83,0.17,0.18,0.01,0.01,75190.23,1776372865000
1776372868.161,268.161,0.82,0.83,0.17,0.18,0.01,0.01,75191.72,1776372866000
1776372868.524,268.524,0.82,0.83,0.17,0.18,0.01,0.01,75191.24,1776372867000
1776372868.986,268.986,0.82,0.83,0.17,0.18,0.01,0.01,75191.24,1776372867000
1776372869.356,269.356,0.81,0.82,0.18,0.19,0.01,0.01,75189.12,1776372868000
1776372869.788,269.788,0.81,0.82,0.18,0.19,0.01,0.01,75189.12,1776372868000
1776372870.128,270.128,0.81,0.82,0.18,0.19,0.01,0.01,75188.21,1776372869000
1776372870.507,270.507,0.79,0.8,0.2,0.21,0.01,0.01,75188.21,1776372869000
1776372870.857,270.857,0.78,0.79,0.21,0.22,0.01,0.01,75188.21,1776372869000
1776372871.197,271.197,0.79,0.8,0.2,0.21,0.01,0.01,75188.21,1776372869000
1776372871.566,271.566,0.79,0.8,0.2,0.21,0.01,0.01,75187.47,1776372870000
1776372871.905,271.905,0.79,0.8,0.2,0.21,0.01,0.01,75187.47,1776372870000
1776372872.266,272.266,0.8,0.81,0.19,0.2,0.01,0.01,75187.47,1776372870000
1776372872.602,272.602,0.8,0.81,0.19,0.2,0.01,0.01,75187.47,1776372870000
1776372872.954,272.954,0.81,0.82,0.18,0.19,0.01,0.01,75183.67,1776372871000
1776372873.329,273.329,0.78,0.79,0.21,0.22,0.01,0.01,75184.11,1776372872000
1776372873.702,273.702,0.78,0.82,0.18,0.22,0.04,0.04,75184.11,1776372872000
1776372874.366,274.366,0.76,0.78,0.22,0.24,0.02,0.02,75184.1,1776372873000
1776372874.702,274.702,0.75,0.76,0.24,0.28,0.01,0.04,75184.1,1776372873000
1776372875.043,275.043,0.7,0.71,0.29,0.3,0.01,0.01,75181.87,1776372874000
1776372875.389,275.389,0.7,0.71,0.29,0.3,0.01,0.01,75181.87,1776372874000
1776372875.79,275.79,0.7,0.71,0.28,0.3,0.01,0.02,75181.87,1776372874000
1776372876.129,276.129,0.7,0.71,0.29,0.3,0.01,0.01,75174.46,1776372875000
1776372876.553,276.553,0.68,0.69,0.29,0.3,0.01,0.01,75174.46,1776372875000
1776372876.906,276.906,0.69,0.7,0.3,0.32,0.01,0.02,75174.46,1776372875000
1776372877.318,277.318,0.69,0.7,0.3,0.31,0.01,0.01,75173.43,1776372876000
1776372877.714,277.714,0.69,0.7,0.3,0.31,0.01,0.01,75173.43,1776372876000
1776372878.073,278.073,0.7,0.71,0.29,0.3,0.01,0.01,75173.41,1776372877000
1776372878.481,278.481,0.72,0.73,0.27,0.28,0.01,0.01,75173.41,1776372877000
1776372878.856,278.856,0.7,0.71,0.3,0.31,0.01,0.01,75173.41,1776372877000
1776372879.202,279.202,0.71,0.72,0.28,0.29,0.01,0.01,75173.85,1776372878000
1776372879.579,279.579,0.71,0.72,0.28,0.29,0.01,0.01,75173.85,1776372878000
1776372879.922,279.922,0.71,0.72,0.27,0.32,0.01,0.05,75173.85,1776372878000
1776372880.38,280.38,0.72,0.73,0.27,0.28,0.01,0.01,75173.85,1776372878000
1776372880.793,280.793,0.72,0.73,0.27,0.28,0.01,0.01,75174.16,1776372879000
1776372881.232,281.232,0.85,0.86,0.15,0.17,0.01,0.02,75174.16,1776372879000
1776372881.581,281.581,0.86,0.87,0.13,0.14,0.01,0.01,75174.16,1776372880000
1776372881.965,281.965,0.88,0.9,0.11,0.12,0.02,0.01,75174.19,1776372881000
1776372882.318,282.318,0.91,0.92,0.09,0.1,0.01,0.01,75174.19,1776372881000
1776372882.706,282.706,0.94,0.95,0.05,0.08,0.01,0.03,75174.19,1776372881000
1776372883.055,283.055,0.94,0.95,0.05,0.06,0.01,0.01,75181.73,1776372882000
1776372883.404,283.404,0.94,0.95,0.05,0.06,0.01,0.01,75181.73,1776372882000
1776372883.835,283.835,0.94,0.95,0.05,0.06,0.01,0.01,75181.73,1776372882000
1776372884.186,284.186,0.94,0.95,0.05,0.06,0.01,0.01,75185.53,1776372883000
1776372884.672,284.672,0.93,0.94,0.06,0.07,0.01,0.01,75185.53,1776372883000
1776372885.007,285.007,0.93,0.94,0.06,0.07,0.01,0.01,75185.53,1776372883000
1776372885.341,285.341,0.94,0.96,0.04,0.07,0.02,0.03,75187.29,1776372884000
1776372885.676,285.676,0.95,0.96,0.04,0.05,0.01,0.01,75187.29,1776372884000
1776372886.078,286.078,0.95,0.96,0.04,0.05,0.01,0.01,75188.8,1776372885000
1776372886.43,286.43,0.95,0.96,0.04,0.05,0.01,0.01,75188.8,1776372885000
1776372886.852,286.852,0.95,0.96,0.04,0.05,0.01,0.01,75188.8,1776372885000
1776372887.237,287.237,0.95,0.96,0.04,0.05,0.01,0.01,75187.32,1776372886000
1776372887.656,287.656,0.96,0.97,0.03,0.04,0.01,0.01,75187.32,1776372886000
1776372888.04,288.04,0.96,0.97,0.03,0.04,0.01,0.01,75187.32,1776372886000
1776372888.422,288.422,0.96,0.97,0.03,0.04,0.01,0.01,75189.41,1776372887000
1776372888.828,288.828,0.96,0.97,0.03,0.04,0.01,0.01,75189.41,1776372887000
1776372889.208,289.208,0.96,0.97,0.03,0.04,0.01,0.01,75189.41,1776372888000
1776372889.599,289.599,0.96,0.97,0.03,0.04,0.01,0.01,75189.41,1776372888000
1776372890.265,290.265,0.96,0.97,0.03,0.04,0.01,0.01,75188.82,1776372889000
1776372890.607,290.607,0.96,0.97,0.03,0.04,0.01,0.01,75188.82,1776372889000
1776372890.946,290.946,0.96,0.97,0.03,0.04,0.01,0.01,75188.82,1776372889000
1776372891.295,291.295,0.96,0.97,0.03,0.04,0.01,0.01,75189.19,1776372890000
1776372891.679,291.679,0.96,0.97,0.03,0.04,0.01,0.01,75189.19,1776372890000
1776372892.195,292.195,0.96,0.97,0.03,0.04,0.01,0.01,75189.19,1776372890000
1776372892.595,292.595,0.96,0.97,0.03,0.04,0.01,0.01,75189.39,1776372891000
1776372892.939,292.939,0.97,0.98,0.02,0.03,0.01,0.01,75193.05,1776372892000
1776372893.28,293.28,0.97,0.98,0.02,0.03,0.01,0.01,75193.05,1776372892000
1776372893.717,293.717,0.97,0.98,0.02,0.03,0.01,0.01,75193.05,1776372892000
1776372894.053,294.053,0.97,0.98,0.02,0.03,0.01,0.01,75193.05,1776372892000
1776372894.427,294.427,0.97,0.98,0.02,0.03,0.01,0.01,75194.21,1776372893000
1776372894.789,294.789,0.97,0.98,0.02,0.03,0.01,0.01,75194.21,1776372893000
1776372895.137,295.137,0.97,0.98,0.02,0.03,0.01,0.01,75194.61,1776372894000
1776372895.5,295.5,0.98,0.99,0.01,0.02,0.01,0.01,75194.61,1776372894000
1776372895.872,295.872,0.98,0.99,0.01,0.02,0.01,0.01,75194.61,1776372894000
1776372896.234,296.234,0.98,0.99,0.01,0.02,0.01,0.01,75195.09,1776372895000
1776372896.581,296.581,0.99,0.99,0.01,0.01,0.0,0.0,75195.09,1776372895000
1776372896.972,296.972,0.99,0.99,0.01,0.01,0.0,0.0,75195.09,1776372895000
1776372897.384,297.384,0.99,0.99,0.01,0.01,0.0,0.0,75195.37,1776372896000
1776372898.356,298.356,0.99,0.99,0.01,0.01,0.0,0.0,75195.9,1776372897000
1776372898.812,298.812,0.99,0.99,0.01,0.01,0.0,0.0,75195.9,1776372897000
1776372899.886,299.886,0.99,0.99,0.01,0.01,0.0,0.0,75198.55,1776372899000
1776372900.232,300.232,0.99,0.99,0.01,0.01,0.0,0.0,75198.55,1776372899000
1776372900.853,300.853,0.99,0.99,0.01,0.01,0.0,0.0,75198.55,1776372899000

# RESULT,winner=Up,slug=btc-updown-5m-1776372600,ticks=684
