timestamp,elapsed_sec,up_bid,up_ask,down_bid,down_ask,up_spread,down_spread,btc_price,btc_oracle_ts
1776836700.625,0.625,0.47,0.49,0.51,0.53,0.02,0.02,78131.96,1776836699000
1776836701.113,1.113,0.46,0.47,0.53,0.54,0.01,0.01,78132.87,1776836700000
1776836701.559,1.559,0.46,0.47,0.53,0.54,0.01,0.01,78132.87,1776836700000
1776836702.186,2.186,0.46,0.47,0.53,0.54,0.01,0.01,78131.69,1776836701000
1776836702.862,2.862,0.46,0.47,0.53,0.54,0.01,0.01,78131.69,1776836701000
1776836703.254,3.254,0.46,0.47,0.53,0.54,0.01,0.01,78127.18,1776836702000
1776836703.641,3.641,0.46,0.47,0.53,0.54,0.01,0.01,78127.18,1776836702000
1776836704.391,4.391,0.46,0.47,0.53,0.54,0.01,0.01,78126.13,1776836703000
1776836704.929,4.929,0.46,0.47,0.53,0.54,0.01,0.01,78126.13,1776836703000
1776836705.391,5.391,0.46,0.47,0.53,0.54,0.01,0.01,78126.13,1776836704000
1776836705.939,5.939,0.46,0.48,0.52,0.54,0.02,0.02,78125.81,1776836705000
1776836707.067,7.067,0.46,0.48,0.52,0.54,0.02,0.02,78113.53,1776836706000
1776836707.667,7.667,0.46,0.47,0.53,0.54,0.01,0.01,78113.53,1776836706000
1776836708.09,8.09,0.46,0.47,0.53,0.54,0.01,0.01,78113.03,1776836707000
1776836708.453,8.453,0.46,0.47,0.53,0.54,0.01,0.01,78113.03,1776836707000
1776836709.16,9.16,0.38,0.42,0.58,0.62,0.04,0.04,78112.84,1776836708000
1776836709.815,9.815,0.41,0.42,0.58,0.62,0.01,0.04,78112.84,1776836708000
1776836710.173,10.173,0.41,0.42,0.58,0.59,0.01,0.01,78112.84,1776836708000
1776836710.63,10.63,0.4,0.42,0.58,0.62,0.02,0.04,78107.42,1776836709000
1776836711.039,11.039,0.4,0.42,0.58,0.6,0.02,0.02,78107.42,1776836709000
1776836711.487,11.487,0.41,0.42,0.58,0.6,0.01,0.02,78107.42,1776836709000
1776836711.905,11.905,0.41,0.42,0.58,0.59,0.01,0.01,78106.2,1776836710000
1776836712.483,12.483,0.39,0.41,0.59,0.61,0.02,0.02,78106.2,1776836710000
1776836712.915,12.915,0.39,0.41,0.59,0.61,0.02,0.02,78106.2,1776836712000
1776836713.547,13.547,0.39,0.41,0.59,0.61,0.02,0.02,78106.2,1776836712000
1776836714.167,14.167,0.4,0.41,0.59,0.61,0.01,0.02,78103.93,1776836713000
1776836714.579,14.579,0.4,0.41,0.59,0.6,0.01,0.01,78103.93,1776836713000
1776836714.957,14.957,0.36,0.42,0.58,0.61,0.06,0.03,78103.93,1776836713000
1776836715.55,15.55,0.39,0.41,0.59,0.6,0.02,0.01,78104.01,1776836714000
1776836715.908,15.908,0.39,0.4,0.6,0.64,0.01,0.04,78104.01,1776836714000
1776836716.302,16.302,0.39,0.41,0.59,0.61,0.02,0.02,78108.23,1776836715000
1776836716.701,16.701,0.39,0.41,0.59,0.61,0.02,0.02,78108.23,1776836715000
1776836717.044,17.044,0.4,0.41,0.59,0.61,0.01,0.02,78112.18,1776836716000
1776836717.381,17.381,0.4,0.41,0.59,0.6,0.01,0.01,78112.18,1776836716000
1776836717.836,17.836,0.4,0.42,0.58,0.6,0.02,0.02,78116.53,1776836717000
1776836718.214,18.214,0.4,0.42,0.58,0.6,0.02,0.02,78116.53,1776836717000
1776836718.554,18.554,0.4,0.41,0.59,0.6,0.01,0.01,78116.53,1776836717000
1776836718.937,18.937,0.4,0.41,0.59,0.6,0.01,0.01,78119.99,1776836718000
1776836719.286,19.286,0.4,0.41,0.58,0.6,0.01,0.02,78119.99,1776836718000
1776836719.629,19.629,0.4,0.42,0.59,0.6,0.02,0.01,78119.99,1776836718000
1776836720.125,20.125,0.42,0.43,0.57,0.58,0.01,0.01,78119.99,1776836718000
1776836720.541,20.541,0.42,0.43,0.57,0.58,0.01,0.01,78119.1,1776836719000
1776836721.402,21.402,0.42,0.44,0.56,0.58,0.02,0.02,78118.76,1776836720000
1776836722.326,22.326,0.43,0.44,0.56,0.57,0.01,0.01,78120.09,1776836721000
1776836722.808,22.808,0.43,0.46,0.54,0.57,0.03,0.03,78120.09,1776836721000
1776836723.276,23.276,0.43,0.44,0.54,0.57,0.01,0.03,78120.09,1776836721000
1776836723.789,23.789,0.43,0.44,0.56,0.57,0.01,0.01,78120.1,1776836722000
1776836724.515,24.515,0.43,0.44,0.56,0.57,0.01,0.01,78120.1,1776836722000
1776836724.894,24.894,0.43,0.44,0.56,0.57,0.01,0.01,78120.1,1776836722000
1776836725.345,25.345,0.43,0.44,0.56,0.57,0.01,0.01,78117.56,1776836723000
1776836725.707,25.707,0.43,0.44,0.56,0.57,0.01,0.01,78114.06,1776836724000
1776836726.304,26.304,0.43,0.44,0.56,0.57,0.01,0.01,78113.22,1776836725000
1776836726.661,26.661,0.43,0.44,0.56,0.59,0.01,0.03,78113.22,1776836725000
1776836727.075,27.075,0.43,0.44,0.56,0.57,0.01,0.01,78113.22,1776836725000
1776836727.44,27.44,0.43,0.44,0.56,0.57,0.01,0.01,78112.71,1776836726000
1776836727.799,27.799,0.43,0.44,0.56,0.58,0.01,0.02,78112.71,1776836726000
1776836728.134,28.134,0.39,0.42,0.56,0.57,0.03,0.01,78112.07,1776836727000
1776836728.474,28.474,0.4,0.41,0.58,0.6,0.01,0.02,78112.07,1776836727000
1776836728.895,28.895,0.39,0.4,0.59,0.61,0.01,0.02,78112.07,1776836727000
1776836729.342,29.342,0.39,0.4,0.6,0.61,0.01,0.01,78110.74,1776836728000
1776836730.079,30.079,0.38,0.39,0.6,0.62,0.01,0.02,78110.74,1776836728000
1776836730.417,30.417,0.38,0.39,0.61,0.62,0.01,0.01,78110.74,1776836728000
1776836731.11,31.11,0.38,0.39,0.61,0.62,0.01,0.01,78107.65,1776836730000
1776836731.924,31.924,0.38,0.39,0.61,0.62,0.01,0.01,78107.65,1776836730000
1776836732.438,32.438,0.36,0.39,0.61,0.64,0.03,0.03,78105.66,1776836731000
1776836733.485,33.485,0.38,0.39,0.61,0.62,0.01,0.01,78105.87,1776836732000
1776836734.168,34.168,0.38,0.39,0.61,0.64,0.01,0.03,78105.87,1776836732000
1776836734.755,34.755,0.38,0.39,0.61,0.62,0.01,0.01,78105.87,1776836733000
1776836735.12,35.12,0.38,0.39,0.61,0.62,0.01,0.01,78105.87,1776836733000
1776836735.759,35.759,0.37,0.39,0.61,0.62,0.02,0.01,78104.57,1776836734000
1776836736.217,36.217,0.37,0.39,0.61,0.62,0.02,0.01,78104.57,1776836734000
1776836737.05,37.05,0.38,0.39,0.61,0.62,0.01,0.01,78105.04,1776836736000
1776836737.418,37.418,0.38,0.4,0.6,0.62,0.02,0.02,78105.04,1776836736000
1776836738.215,38.215,0.38,0.39,0.61,0.62,0.01,0.01,78105.04,1776836736000
1776836738.727,38.727,0.38,0.39,0.61,0.62,0.01,0.01,78106.09,1776836737000
1776836739.185,39.185,0.39,0.4,0.6,0.61,0.01,0.01,78106.09,1776836737000
1776836739.982,39.982,0.39,0.4,0.6,0.61,0.01,0.01,78107.11,1776836738000
1776836740.425,40.425,0.39,0.4,0.6,0.61,0.01,0.01,78107.11,1776836739000
1776836740.988,40.988,0.39,0.4,0.6,0.61,0.01,0.01,78107.11,1776836739000
1776836741.794,41.794,0.39,0.4,0.6,0.61,0.01,0.01,78107.12,1776836740000
1776836742.173,42.173,0.39,0.4,0.6,0.61,0.01,0.01,78107.48,1776836741000
1776836742.591,42.591,0.41,0.42,0.6,0.61,0.01,0.01,78107.48,1776836741000
1776836742.961,42.961,0.41,0.42,0.58,0.59,0.01,0.01,78107.48,1776836741000
1776836743.387,43.387,0.41,0.43,0.58,0.59,0.02,0.01,78107.48,1776836741000
1776836743.981,43.981,0.41,0.42,0.58,0.59,0.01,0.01,78110.9,1776836742000
1776836744.385,44.385,0.41,0.42,0.58,0.59,0.01,0.01,78110.91,1776836743000
1776836744.763,44.763,0.41,0.45,0.55,0.59,0.04,0.04,78110.91,1776836743000
1776836745.127,45.127,0.41,0.49,0.51,0.59,0.08,0.08,78110.91,1776836744000
1776836745.92,45.92,0.43,0.44,0.56,0.57,0.01,0.01,78110.91,1776836744000
1776836746.257,46.257,0.41,0.43,0.57,0.59,0.02,0.02,78116.15,1776836745000
1776836746.625,46.625,0.4,0.41,0.59,0.6,0.01,0.01,78116.15,1776836745000
1776836746.964,46.964,0.4,0.41,0.59,0.6,0.01,0.01,78116.15,1776836745000
1776836747.351,47.351,0.4,0.41,0.59,0.6,0.01,0.01,78117.04,1776836746000
1776836747.737,47.737,0.4,0.41,0.59,0.6,0.01,0.01,78117.04,1776836746000
1776836748.27,48.27,0.4,0.41,0.59,0.6,0.01,0.01,78117.04,1776836746000
1776836748.851,48.851,0.4,0.41,0.59,0.6,0.01,0.01,78111.43,1776836747000
1776836749.484,49.484,0.4,0.41,0.59,0.6,0.01,0.01,78109.34,1776836748000
1776836749.975,49.975,0.4,0.41,0.59,0.6,0.01,0.01,78109.19,1776836749000
1776836750.334,50.334,0.4,0.41,0.59,0.6,0.01,0.01,78109.19,1776836749000
1776836750.742,50.742,0.4,0.41,0.59,0.6,0.01,0.01,78109.19,1776836749000
1776836751.083,51.083,0.4,0.41,0.59,0.6,0.01,0.01,78109.25,1776836750000
1776836751.482,51.482,0.4,0.41,0.59,0.6,0.01,0.01,78109.25,1776836750000
1776836752.104,52.104,0.4,0.41,0.59,0.6,0.01,0.01,78109.25,1776836751000
1776836752.48,52.48,0.4,0.41,0.59,0.6,0.01,0.01,78109.25,1776836751000
1776836753.324,53.324,0.4,0.41,0.59,0.6,0.01,0.01,78109.16,1776836752000
1776836754.136,54.136,0.4,0.41,0.59,0.6,0.01,0.01,78109.16,1776836752000
1776836754.478,54.478,0.39,0.41,0.59,0.61,0.02,0.02,78109.2,1776836753000
1776836754.859,54.859,0.36,0.39,0.61,0.64,0.03,0.03,78109.2,1776836753000
1776836755.244,55.244,0.47,0.49,0.51,0.53,0.02,0.02,78109.2,1776836753000
1776836755.591,55.591,0.47,0.53,0.47,0.52,0.06,0.05,78120.91,1776836754000
1776836755.937,55.937,0.51,0.56,0.44,0.49,0.05,0.05,78126.96,1776836755000
1776836756.361,56.361,0.52,0.54,0.46,0.48,0.02,0.02,78126.96,1776836755000
1776836756.784,56.784,0.53,0.54,0.46,0.47,0.01,0.01,78126.96,1776836755000
1776836757.315,57.315,0.53,0.54,0.46,0.47,0.01,0.01,78133.86,1776836756000
1776836757.691,57.691,0.53,0.54,0.46,0.47,0.01,0.01,78133.86,1776836756000
1776836758.081,58.081,0.53,0.54,0.46,0.47,0.01,0.01,78133.86,1776836756000
1776836758.467,58.467,0.53,0.54,0.46,0.47,0.01,0.01,78139.87,1776836757000
1776836759.062,59.062,0.53,0.54,0.46,0.47,0.01,0.01,78139.87,1776836757000
1776836759.533,59.533,0.53,0.54,0.46,0.47,0.01,0.01,78139.83,1776836758000
1776836760.124,60.124,0.53,0.54,0.46,0.47,0.01,0.01,78139.83,1776836759000
1776836760.514,60.514,0.53,0.54,0.46,0.47,0.01,0.01,78139.83,1776836759000
1776836761.239,61.239,0.53,0.54,0.46,0.47,0.01,0.01,78139.83,1776836759000
1776836761.583,61.583,0.53,0.54,0.46,0.47,0.01,0.01,78137.97,1776836760000
1776836762.314,62.314,0.53,0.54,0.46,0.47,0.01,0.01,78119.4,1776836761000
1776836762.779,62.779,0.53,0.54,0.46,0.47,0.01,0.01,78119.4,1776836761000
1776836763.119,63.119,0.42,0.47,0.53,0.58,0.05,0.05,78115.14,1776836762000
1776836763.458,63.458,0.39,0.41,0.59,0.61,0.02,0.02,78115.14,1776836762000
1776836763.792,63.792,0.39,0.44,0.56,0.61,0.05,0.05,78115.14,1776836762000
1776836764.126,64.126,0.36,0.39,0.61,0.64,0.03,0.03,78109.99,1776836763000
1776836764.487,64.487,0.36,0.39,0.61,0.62,0.03,0.01,78109.99,1776836763000
1776836764.824,64.824,0.36,0.39,0.63,0.64,0.03,0.01,78109.99,1776836763000
1776836765.171,65.171,0.36,0.37,0.63,0.64,0.01,0.01,78103.16,1776836764000
1776836765.519,65.519,0.36,0.37,0.63,0.64,0.01,0.01,78103.16,1776836764000
1776836765.876,65.876,0.36,0.37,0.63,0.64,0.01,0.01,78103.16,1776836764000
1776836766.328,66.328,0.35,0.37,0.63,0.65,0.02,0.02,78095.78,1776836765000
1776836767.081,67.081,0.34,0.35,0.63,0.65,0.01,0.02,78095.78,1776836765000
1776836767.444,67.444,0.34,0.36,0.65,0.66,0.02,0.01,78095.78,1776836765000
1776836767.941,67.941,0.34,0.35,0.65,0.66,0.01,0.01,78097.17,1776836767000
1776836768.392,68.392,0.34,0.35,0.65,0.66,0.01,0.01,78097.17,1776836767000
1776836768.957,68.957,0.34,0.35,0.65,0.66,0.01,0.01,78097.17,1776836767000
1776836769.409,69.409,0.34,0.35,0.65,0.66,0.01,0.01,78095.45,1776836768000
1776836769.779,69.779,0.34,0.35,0.65,0.66,0.01,0.01,78095.45,1776836768000
1776836770.131,70.131,0.34,0.35,0.65,0.66,0.01,0.01,78094.12,1776836769000
1776836770.591,70.591,0.34,0.35,0.65,0.66,0.01,0.01,78094.12,1776836769000
1776836770.927,70.927,0.34,0.35,0.65,0.66,0.01,0.01,78094.12,1776836769000
1776836771.313,71.313,0.34,0.35,0.65,0.66,0.01,0.01,78093.54,1776836770000
1776836771.673,71.673,0.34,0.35,0.65,0.66,0.01,0.01,78093.54,1776836770000
1776836772.051,72.051,0.33,0.34,0.65,0.66,0.01,0.01,78093.54,1776836770000
1776836772.572,72.572,0.33,0.34,0.66,0.67,0.01,0.01,78093.29,1776836771000
1776836772.997,72.997,0.33,0.34,0.66,0.67,0.01,0.01,78093.29,1776836772000
1776836773.466,73.466,0.33,0.34,0.66,0.67,0.01,0.01,78093.29,1776836772000
1776836773.809,73.809,0.56,0.59,0.42,0.44,0.03,0.02,78093.29,1776836772000
1776836774.196,74.196,0.55,0.58,0.42,0.45,0.03,0.03,78093.23,1776836773000
1776836774.53,74.53,0.53,0.57,0.46,0.47,0.04,0.01,78093.23,1776836773000
1776836774.922,74.922,0.53,0.55,0.46,0.47,0.02,0.01,78093.23,1776836773000
1776836775.907,75.907,0.53,0.55,0.45,0.47,0.02,0.02,78124.05,1776836774000
1776836776.447,76.447,0.54,0.55,0.45,0.46,0.01,0.01,78139.87,1776836775000
1776836776.822,76.822,0.54,0.56,0.44,0.46,0.02,0.02,78139.87,1776836775000
1776836777.309,77.309,0.54,0.55,0.45,0.46,0.01,0.01,78139.87,1776836776000
1776836777.765,77.765,0.54,0.55,0.45,0.46,0.01,0.01,78139.87,1776836776000
1776836778.185,78.185,0.54,0.55,0.45,0.46,0.01,0.01,78143.71,1776836777000
1776836778.715,78.715,0.54,0.55,0.45,0.46,0.01,0.01,78143.71,1776836777000
1776836779.133,79.133,0.52,0.55,0.45,0.47,0.03,0.02,78143.97,1776836778000
1776836779.585,79.585,0.51,0.55,0.45,0.46,0.04,0.01,78143.97,1776836778000
1776836779.948,79.948,0.5,0.55,0.45,0.5,0.05,0.05,78143.97,1776836778000
1776836780.321,80.321,0.38,0.55,0.45,0.46,0.17,0.01,78144.36,1776836779000
1776836780.681,80.681,0.54,0.55,0.45,0.46,0.01,0.01,78144.36,1776836779000
1776836781.137,81.137,0.54,0.55,0.45,0.46,0.01,0.01,78144.36,1776836780000
1776836781.736,81.736,0.54,0.55,0.45,0.46,0.01,0.01,78144.36,1776836780000
1776836782.606,82.606,0.53,0.54,0.46,0.47,0.01,0.01,78143.97,1776836781000
1776836782.985,82.985,0.53,0.54,0.46,0.47,0.01,0.01,78143.97,1776836781000
1776836783.328,83.328,0.5,0.51,0.49,0.5,0.01,0.01,78145.3,1776836782000
1776836783.861,83.861,0.5,0.51,0.49,0.5,0.01,0.01,78145.3,1776836782000
1776836784.381,84.381,0.49,0.51,0.49,0.5,0.02,0.01,78145.3,1776836782000
1776836784.724,84.724,0.49,0.51,0.49,0.51,0.02,0.02,78142.46,1776836783000
1776836785.392,85.392,0.49,0.51,0.49,0.51,0.02,0.02,78133.35,1776836784000
1776836785.746,85.746,0.48,0.51,0.49,0.51,0.03,0.02,78133.35,1776836784000
1776836786.304,86.304,0.48,0.51,0.49,0.52,0.03,0.03,78133.35,1776836785000
1776836787.638,87.638,0.48,0.51,0.49,0.52,0.03,0.03,78123.36,1776836786000
1776836788.048,88.048,0.46,0.5,0.5,0.54,0.04,0.04,78123.36,1776836786000
1776836788.422,88.422,0.44,0.45,0.55,0.56,0.01,0.01,78120.68,1776836787000
1776836789.111,89.111,0.36,0.49,0.51,0.64,0.13,0.13,78120.68,1776836787000
1776836789.554,89.554,0.46,0.48,0.52,0.62,0.02,0.1,78119.26,1776836788000
1776836789.904,89.904,0.43,0.45,0.54,0.62,0.02,0.08,78119.26,1776836788000
1776836790.373,90.373,0.44,0.45,0.55,0.56,0.01,0.01,78119.26,1776836788000
1776836790.825,90.825,0.44,0.45,0.55,0.57,0.01,0.02,78114.33,1776836789000
1776836791.258,91.258,0.44,0.45,0.55,0.56,0.01,0.01,78114.33,1776836789000
1776836791.647,91.647,0.44,0.45,0.55,0.56,0.01,0.01,78114.97,1776836790000
1776836792.003,92.003,0.43,0.44,0.55,0.57,0.01,0.02,78114.97,1776836790000
1776836792.544,92.544,0.43,0.44,0.56,0.57,0.01,0.01,78114.97,1776836790000
1776836793.131,93.131,0.39,0.43,0.57,0.58,0.04,0.01,78116.17,1776836791000
1776836793.665,93.665,0.38,0.41,0.6,0.62,0.03,0.02,78116.17,1776836791000
1776836794.402,94.402,0.38,0.41,0.6,0.62,0.03,0.02,78116.07,1776836793000
1776836795.86,95.86,0.38,0.41,0.6,0.62,0.03,0.02,78111.13,1776836794000
1776836796.203,96.203,0.38,0.39,0.61,0.62,0.01,0.01,78111.13,1776836794000
1776836796.541,96.541,0.38,0.39,0.61,0.62,0.01,0.01,78111.13,1776836794000
1776836796.98,96.98,0.38,0.39,0.6,0.62,0.01,0.02,78110.81,1776836795000
1776836797.326,97.326,0.38,0.39,0.61,0.62,0.01,0.01,78110.81,1776836795000
1776836797.994,97.994,0.38,0.39,0.61,0.62,0.01,0.01,78111.44,1776836796000
1776836798.361,98.361,0.38,0.39,0.61,0.62,0.01,0.01,78110.74,1776836797000
1776836798.698,98.698,0.38,0.42,0.6,0.62,0.04,0.02,78110.74,1776836797000
1776836799.221,99.221,0.49,0.52,0.48,0.51,0.03,0.03,78110.74,1776836797000
1776836799.559,99.559,0.49,0.51,0.49,0.51,0.02,0.02,78110.74,1776836797000
1776836799.943,99.943,0.51,0.52,0.48,0.49,0.01,0.01,78124.02,1776836798000
1776836800.334,100.334,0.51,0.52,0.48,0.49,0.01,0.01,78124.02,1776836798000
1776836800.744,100.744,0.51,0.52,0.48,0.49,0.01,0.01,78136.84,1776836799000
1776836801.093,101.093,0.51,0.52,0.48,0.49,0.01,0.01,78136.84,1776836799000
1776836801.552,101.552,0.51,0.52,0.48,0.49,0.01,0.01,78141.26,1776836800000
1776836802.034,102.034,0.51,0.52,0.48,0.49,0.01,0.01,78141.26,1776836801000
1776836802.514,102.514,0.51,0.52,0.48,0.49,0.01,0.01,78141.26,1776836801000
1776836803.113,103.113,0.51,0.52,0.48,0.49,0.01,0.01,78140.33,1776836802000
1776836803.499,103.499,0.51,0.52,0.48,0.49,0.01,0.01,78140.33,1776836802000
1776836804.102,104.102,0.51,0.52,0.48,0.49,0.01,0.01,78140.33,1776836803000
1776836805.178,105.178,0.51,0.52,0.48,0.49,0.01,0.01,78138.66,1776836804000
1776836805.804,105.804,0.51,0.52,0.48,0.49,0.01,0.01,78138.66,1776836804000
1776836806.192,106.192,0.51,0.52,0.48,0.49,0.01,0.01,78131.24,1776836805000
1776836806.535,106.535,0.46,0.48,0.52,0.55,0.02,0.03,78131.24,1776836805000
1776836807.135,107.135,0.47,0.48,0.52,0.55,0.01,0.03,78131.24,1776836805000
1776836807.477,107.477,0.47,0.48,0.52,0.53,0.01,0.01,78132.75,1776836806000
1776836807.818,107.818,0.46,0.49,0.52,0.54,0.03,0.02,78132.75,1776836806000
1776836808.432,108.432,0.47,0.48,0.52,0.53,0.01,0.01,78134.94,1776836807000
1776836808.794,108.794,0.45,0.47,0.53,0.54,0.02,0.01,78134.94,1776836807000
1776836809.192,109.192,0.46,0.47,0.53,0.54,0.01,0.01,78134.94,1776836807000
1776836809.668,109.668,0.46,0.47,0.53,0.54,0.01,0.01,78134.55,1776836808000
1776836810.019,110.019,0.46,0.47,0.53,0.54,0.01,0.01,78134.55,1776836808000
1776836810.437,110.437,0.45,0.46,0.53,0.55,0.01,0.02,78128.85,1776836809000
1776836810.84,110.84,0.45,0.46,0.54,0.55,0.01,0.01,78128.85,1776836809000
1776836811.189,111.189,0.43,0.46,0.54,0.57,0.03,0.03,78125.16,1776836810000
1776836811.611,111.611,0.42,0.46,0.54,0.57,0.04,0.03,78125.16,1776836810000
1776836812.188,112.188,0.42,0.46,0.54,0.58,0.04,0.04,78122.35,1776836811000
1776836812.613,112.613,0.41,0.45,0.54,0.58,0.04,0.04,78122.35,1776836811000
1776836812.995,112.995,0.4,0.42,0.56,0.6,0.02,0.04,78122.35,1776836811000
1776836813.343,113.343,0.4,0.44,0.56,0.6,0.04,0.04,78117.76,1776836812000
1776836813.869,113.869,0.41,0.42,0.58,0.6,0.01,0.02,78117.76,1776836812000
1776836814.338,114.338,0.41,0.42,0.58,0.59,0.01,0.01,78117.97,1776836813000
1776836815.29,115.29,0.41,0.43,0.57,0.59,0.02,0.02,78117.71,1776836814000
1776836815.755,115.755,0.41,0.42,0.58,0.59,0.01,0.01,78117.71,1776836814000
1776836816.321,116.321,0.41,0.42,0.58,0.59,0.01,0.01,78117.71,1776836814000
1776836816.801,116.801,0.41,0.42,0.58,0.59,0.01,0.01,78116.66,1776836815000
1776836817.164,117.164,0.41,0.42,0.58,0.59,0.01,0.01,78116.83,1776836816000
1776836818.111,118.111,0.4,0.42,0.58,0.59,0.02,0.01,78116.83,1776836816000
1776836818.636,118.636,0.4,0.41,0.59,0.6,0.01,0.01,78116.39,1776836817000
1776836819.393,119.393,0.39,0.41,0.59,0.6,0.02,0.01,78116.39,1776836817000
1776836819.775,119.775,0.4,0.41,0.59,0.6,0.01,0.01,78115.88,1776836818000
1776836820.184,120.184,0.39,0.4,0.59,0.6,0.01,0.01,78112.41,1776836819000
1776836820.703,120.703,0.39,0.4,0.6,0.61,0.01,0.01,78112.41,1776836819000
1776836821.204,121.204,0.38,0.39,0.61,0.62,0.01,0.01,78112.41,1776836819000
1776836821.712,121.712,0.35,0.37,0.63,0.65,0.02,0.02,78111.14,1776836820000
1776836822.076,122.076,0.34,0.35,0.65,0.66,0.01,0.01,78110.51,1776836821000
1776836822.456,122.456,0.34,0.35,0.65,0.66,0.01,0.01,78110.51,1776836821000
1776836822.999,122.999,0.34,0.35,0.65,0.66,0.01,0.01,78110.51,1776836821000
1776836823.345,123.345,0.34,0.35,0.65,0.66,0.01,0.01,78108.84,1776836822000
1776836823.827,123.827,0.34,0.35,0.65,0.66,0.01,0.01,78108.84,1776836822000
1776836824.272,124.272,0.34,0.35,0.65,0.66,0.01,0.01,78108.84,1776836822000
1776836825.55,125.55,0.34,0.35,0.65,0.66,0.01,0.01,78116.26,1776836824000
1776836825.926,125.926,0.34,0.35,0.65,0.66,0.01,0.01,78116.26,1776836824000
1776836826.512,126.512,0.41,0.47,0.53,0.56,0.06,0.03,78117.1,1776836825000
1776836826.966,126.966,0.42,0.44,0.56,0.58,0.02,0.02,78117.1,1776836825000
1776836827.441,127.441,0.42,0.43,0.56,0.58,0.01,0.02,78117.1,1776836825000
1776836827.895,127.895,0.42,0.43,0.57,0.58,0.01,0.01,78117.18,1776836826000
1776836828.378,128.378,0.42,0.44,0.57,0.58,0.02,0.01,78117.18,1776836826000
1776836828.854,128.854,0.49,0.5,0.5,0.51,0.01,0.01,78117.53,1776836827000
1776836829.188,129.188,0.49,0.5,0.5,0.51,0.01,0.01,78117.45,1776836828000
1776836829.588,129.588,0.49,0.5,0.5,0.51,0.01,0.01,78117.45,1776836828000
1776836829.934,129.934,0.49,0.5,0.5,0.51,0.01,0.01,78117.45,1776836828000
1776836830.314,130.314,0.48,0.49,0.5,0.52,0.01,0.02,78117.45,1776836828000
1776836830.739,130.739,0.46,0.47,0.53,0.54,0.01,0.01,78127.74,1776836829000
1776836831.184,131.184,0.46,0.47,0.53,0.54,0.01,0.01,78127.74,1776836829000
1776836831.834,131.834,0.46,0.47,0.53,0.54,0.01,0.01,78128.48,1776836830000
1776836832.358,132.358,0.43,0.47,0.53,0.57,0.04,0.04,78126.88,1776836831000
1776836832.922,132.922,0.44,0.45,0.55,0.56,0.01,0.01,78126.88,1776836831000
1776836833.333,133.333,0.44,0.45,0.55,0.56,0.01,0.01,78128.12,1776836832000
1776836833.736,133.736,0.42,0.44,0.55,0.57,0.02,0.02,78128.12,1776836832000
1776836834.204,134.204,0.5,0.51,0.53,0.54,0.01,0.01,78126.25,1776836833000
1776836834.57,134.57,0.5,0.51,0.49,0.5,0.01,0.01,78126.25,1776836833000
1776836834.909,134.909,0.5,0.51,0.49,0.5,0.01,0.01,78127.53,1776836834000
1776836835.466,135.466,0.5,0.51,0.49,0.5,0.01,0.01,78127.53,1776836834000
1776836835.826,135.826,0.47,0.49,0.51,0.53,0.02,0.02,78127.53,1776836834000
1776836836.245,136.245,0.47,0.48,0.52,0.53,0.01,0.01,78133.6,1776836835000
1776836836.587,136.587,0.46,0.48,0.52,0.53,0.02,0.01,78133.6,1776836835000
1776836836.933,136.933,0.43,0.44,0.56,0.57,0.01,0.01,78131.46,1776836836000
1776836837.813,137.813,0.43,0.44,0.56,0.57,0.01,0.01,78126.0,1776836837000
1776836838.176,138.176,0.43,0.44,0.56,0.57,0.01,0.01,78126.0,1776836837000
1776836838.983,138.983,0.43,0.44,0.56,0.59,0.01,0.03,78126.0,1776836837000
1776836839.435,139.435,0.43,0.44,0.56,0.57,0.01,0.01,78126.34,1776836838000
1776836840.024,140.024,0.43,0.44,0.56,0.57,0.01,0.01,78126.34,1776836838000
1776836840.4,140.4,0.43,0.44,0.56,0.57,0.01,0.01,78125.58,1776836839000
1776836840.747,140.747,0.43,0.44,0.56,0.57,0.01,0.01,78125.58,1776836839000
1776836841.135,141.135,0.43,0.44,0.56,0.57,0.01,0.01,78127.71,1776836840000
1776836841.592,141.592,0.43,0.44,0.56,0.57,0.01,0.01,78127.71,1776836840000
1776836842.0,142.0,0.43,0.44,0.56,0.57,0.01,0.01,78129.91,1776836841000
1776836842.342,142.342,0.43,0.44,0.56,0.57,0.01,0.01,78129.91,1776836841000
1776836842.848,142.848,0.43,0.44,0.56,0.57,0.01,0.01,78129.91,1776836841000
1776836843.429,143.429,0.43,0.44,0.56,0.57,0.01,0.01,78130.86,1776836842000
1776836843.857,143.857,0.43,0.44,0.56,0.57,0.01,0.01,78130.86,1776836842000
1776836844.22,144.22,0.43,0.44,0.56,0.57,0.01,0.01,78128.5,1776836843000
1776836844.636,144.636,0.43,0.44,0.56,0.57,0.01,0.01,78128.5,1776836843000
1776836845.133,145.133,0.43,0.44,0.56,0.57,0.01,0.01,78128.5,1776836843000
1776836845.723,145.723,0.39,0.4,0.56,0.62,0.01,0.06,78126.35,1776836844000
1776836847.005,147.005,0.39,0.4,0.6,0.61,0.01,0.01,78120.68,1776836846000
1776836847.581,147.581,0.39,0.4,0.6,0.61,0.01,0.01,78120.68,1776836846000
1776836848.164,148.164,0.4,0.41,0.59,0.6,0.01,0.01,78120.89,1776836847000
1776836848.737,148.737,0.43,0.44,0.59,0.6,0.01,0.01,78120.89,1776836847000
1776836849.275,149.275,0.43,0.44,0.56,0.57,0.01,0.01,78126.48,1776836848000
1776836849.787,149.787,0.43,0.45,0.56,0.6,0.02,0.04,78126.48,1776836848000
1776836850.172,150.172,0.45,0.46,0.54,0.55,0.01,0.01,78126.48,1776836848000
1776836850.692,150.692,0.42,0.43,0.57,0.58,0.01,0.01,78123.04,1776836849000
1776836851.06,151.06,0.42,0.43,0.57,0.58,0.01,0.01,78123.04,1776836849000
1776836851.854,151.854,0.42,0.43,0.57,0.59,0.01,0.02,78122.79,1776836850000
1776836852.64,152.64,0.42,0.43,0.57,0.58,0.01,0.01,78122.17,1776836851000
1776836853.135,153.135,0.42,0.43,0.57,0.58,0.01,0.01,78122.17,1776836851000
1776836853.827,153.827,0.42,0.43,0.57,0.58,0.01,0.01,78120.71,1776836852000
1776836854.204,154.204,0.42,0.43,0.57,0.58,0.01,0.01,78121.05,1776836853000
1776836855.421,155.421,0.38,0.41,0.59,0.62,0.03,0.03,78120.14,1776836854000
1776836855.792,155.792,0.38,0.4,0.59,0.62,0.02,0.03,78120.14,1776836854000
1776836856.786,156.786,0.38,0.4,0.6,0.62,0.02,0.02,78120.12,1776836855000
1776836857.449,157.449,0.38,0.4,0.6,0.62,0.02,0.02,78120.12,1776836855000
1776836857.836,157.836,0.38,0.41,0.59,0.62,0.03,0.03,78133.49,1776836856000
1776836858.181,158.181,0.38,0.42,0.58,0.62,0.04,0.04,78133.49,1776836856000
1776836858.708,158.708,0.38,0.42,0.58,0.62,0.04,0.04,78134.87,1776836857000
1776836859.043,159.043,0.41,0.44,0.56,0.59,0.03,0.03,78134.87,1776836857000
1776836859.41,159.41,0.41,0.44,0.56,0.59,0.03,0.03,78151.87,1776836858000
1776836859.744,159.744,0.41,0.47,0.53,0.59,0.06,0.06,78151.87,1776836858000
1776836860.096,160.096,0.42,0.51,0.49,0.58,0.09,0.09,78151.87,1776836858000
1776836860.713,160.713,0.42,0.51,0.49,0.59,0.09,0.1,78151.43,1776836859000
1776836861.134,161.134,0.41,0.52,0.5,0.59,0.11,0.09,78151.76,1776836860000
1776836861.471,161.471,0.46,0.54,0.46,0.54,0.08,0.08,78151.76,1776836860000
1776836861.964,161.964,0.52,0.56,0.44,0.48,0.04,0.04,78151.76,1776836860000
1776836862.351,162.351,0.51,0.52,0.48,0.49,0.01,0.01,78146.46,1776836861000
1776836862.695,162.695,0.5,0.51,0.49,0.5,0.01,0.01,78146.46,1776836861000
1776836863.032,163.032,0.5,0.51,0.49,0.5,0.01,0.01,78146.46,1776836861000
1776836863.696,163.696,0.5,0.51,0.49,0.5,0.01,0.01,78137.29,1776836862000
1776836864.092,164.092,0.5,0.51,0.49,0.5,0.01,0.01,78137.29,1776836862000
1776836864.55,164.55,0.5,0.51,0.49,0.5,0.01,0.01,78138.5,1776836863000
1776836865.05,165.05,0.5,0.51,0.49,0.5,0.01,0.01,78139.06,1776836864000
1776836865.775,165.775,0.5,0.51,0.49,0.5,0.01,0.01,78139.06,1776836864000
1776836866.235,166.235,0.5,0.51,0.49,0.5,0.01,0.01,78139.06,1776836864000
1776836866.836,166.836,0.5,0.51,0.49,0.5,0.01,0.01,78139.02,1776836865000
1776836867.335,167.335,0.5,0.51,0.49,0.5,0.01,0.01,78139.0,1776836866000
1776836867.679,167.679,0.5,0.51,0.49,0.5,0.01,0.01,78139.0,1776836866000
1776836868.148,168.148,0.5,0.51,0.49,0.5,0.01,0.01,78139.0,1776836866000
1776836868.511,168.511,0.5,0.51,0.49,0.57,0.01,0.08,78133.33,1776836867000
1776836868.99,168.99,0.5,0.51,0.49,0.5,0.01,0.01,78134.44,1776836868000
1776836869.33,169.33,0.5,0.51,0.49,0.5,0.01,0.01,78134.44,1776836868000
1776836869.755,169.755,0.49,0.5,0.5,0.51,0.01,0.01,78134.44,1776836868000
1776836870.277,170.277,0.49,0.5,0.5,0.51,0.01,0.01,78134.36,1776836869000
1776836870.702,170.702,0.47,0.49,0.51,0.52,0.02,0.01,78134.36,1776836869000
1776836871.064,171.064,0.48,0.49,0.51,0.52,0.01,0.01,78134.36,1776836869000
1776836871.4,171.4,0.48,0.49,0.51,0.52,0.01,0.01,78134.37,1776836870000
1776836871.808,171.808,0.48,0.49,0.51,0.52,0.01,0.01,78134.37,1776836870000
1776836872.184,172.184,0.48,0.51,0.51,0.52,0.03,0.01,78134.37,1776836870000
1776836873.44,173.44,0.48,0.5,0.5,0.52,0.02,0.02,78134.82,1776836872000
1776836873.805,173.805,0.49,0.51,0.49,0.51,0.02,0.02,78134.82,1776836872000
1776836874.326,174.326,0.49,0.5,0.49,0.51,0.01,0.02,78134.77,1776836873000
1776836875.027,175.027,0.49,0.5,0.5,0.51,0.01,0.01,78134.77,1776836873000
1776836875.483,175.483,0.49,0.5,0.5,0.51,0.01,0.01,78137.02,1776836874000
1776836875.906,175.906,0.49,0.5,0.5,0.51,0.01,0.01,78137.02,1776836874000
1776836876.292,176.292,0.49,0.5,0.5,0.51,0.01,0.01,78137.26,1776836875000
1776836876.911,176.911,0.49,0.51,0.5,0.51,0.02,0.01,78137.26,1776836875000
1776836877.482,177.482,0.5,0.51,0.49,0.5,0.01,0.01,78137.26,1776836875000
1776836877.819,177.819,0.49,0.51,0.49,0.51,0.02,0.02,78135.69,1776836876000
1776836878.256,178.256,0.49,0.5,0.5,0.51,0.01,0.01,78135.69,1776836876000
1776836878.693,178.693,0.49,0.5,0.5,0.51,0.01,0.01,78134.37,1776836877000
1776836879.056,179.056,0.49,0.5,0.5,0.51,0.01,0.01,78134.37,1776836877000
1776836879.455,179.455,0.48,0.5,0.5,0.52,0.02,0.02,78132.94,1776836878000
1776836880.19,180.19,0.48,0.49,0.5,0.52,0.01,0.02,78132.94,1776836878000
1776836880.562,180.562,0.47,0.49,0.51,0.52,0.02,0.01,78133.28,1776836879000
1776836880.904,180.904,0.31,0.37,0.63,0.67,0.06,0.04,78133.28,1776836879000
1776836881.245,181.245,0.29,0.31,0.69,0.72,0.02,0.03,78133.17,1776836880000
1776836881.591,181.591,0.3,0.31,0.69,0.7,0.01,0.01,78133.17,1776836880000
1776836882.065,182.065,0.29,0.31,0.69,0.71,0.02,0.02,78133.17,1776836880000
1776836882.517,182.517,0.29,0.31,0.69,0.71,0.02,0.02,78133.17,1776836880000
1776836882.87,182.87,0.29,0.31,0.69,0.71,0.02,0.02,78127.74,1776836881000
1776836883.206,183.206,0.29,0.31,0.69,0.71,0.02,0.02,78106.85,1776836882000
1776836883.883,183.883,0.28,0.3,0.69,0.72,0.02,0.03,78106.85,1776836882000
1776836884.378,184.378,0.28,0.3,0.7,0.72,0.02,0.02,78102.87,1776836883000
1776836884.895,184.895,0.29,0.3,0.7,0.72,0.01,0.02,78102.87,1776836883000
1776836885.458,185.458,0.29,0.3,0.7,0.71,0.01,0.01,78102.87,1776836883000
1776836885.856,185.856,0.29,0.3,0.7,0.71,0.01,0.01,78100.83,1776836884000
1776836886.215,186.215,0.29,0.3,0.7,0.71,0.01,0.01,78100.83,1776836884000
1776836886.839,186.839,0.29,0.3,0.7,0.71,0.01,0.01,78100.25,1776836885000
1776836887.174,187.174,0.28,0.3,0.7,0.72,0.02,0.02,78099.42,1776836886000
1776836887.586,187.586,0.27,0.28,0.72,0.73,0.01,0.01,78099.42,1776836886000
1776836888.065,188.065,0.25,0.28,0.72,0.73,0.03,0.01,78099.42,1776836886000
1776836888.541,188.541,0.25,0.28,0.72,0.75,0.03,0.03,78097.03,1776836887000
1776836888.876,188.876,0.29,0.3,0.7,0.71,0.01,0.01,78097.03,1776836887000
1776836889.246,189.246,0.29,0.3,0.7,0.71,0.01,0.01,78099.93,1776836888000
1776836889.604,189.604,0.29,0.3,0.7,0.71,0.01,0.01,78099.93,1776836888000
1776836889.948,189.948,0.27,0.29,0.71,0.72,0.02,0.01,78099.93,1776836888000
1776836890.449,190.449,0.27,0.28,0.71,0.72,0.01,0.01,78104.77,1776836889000
1776836891.004,191.004,0.26,0.27,0.72,0.74,0.01,0.02,78104.77,1776836889000
1776836891.838,191.838,0.26,0.27,0.73,0.74,0.01,0.01,78098.65,1776836890000
1776836892.18,192.18,0.26,0.27,0.73,0.74,0.01,0.01,78098.65,1776836890000
1776836893.609,193.609,0.26,0.27,0.73,0.74,0.01,0.01,78104.29,1776836892000
1776836893.988,193.988,0.26,0.27,0.73,0.74,0.01,0.01,78104.29,1776836892000
1776836894.341,194.341,0.26,0.28,0.72,0.74,0.02,0.02,78104.29,1776836892000
1776836894.947,194.947,0.26,0.27,0.73,0.74,0.01,0.01,78104.23,1776836894000
1776836895.324,195.324,0.26,0.27,0.73,0.74,0.01,0.01,78104.23,1776836894000
1776836895.807,195.807,0.26,0.27,0.73,0.74,0.01,0.01,78104.23,1776836894000
1776836896.333,196.333,0.26,0.27,0.73,0.74,0.01,0.01,78105.4,1776836895000
1776836896.77,196.77,0.26,0.28,0.72,0.74,0.02,0.02,78105.4,1776836895000
1776836897.197,197.197,0.26,0.27,0.72,0.74,0.01,0.02,78105.4,1776836895000
1776836897.627,197.627,0.27,0.28,0.72,0.73,0.01,0.01,78105.4,1776836895000
1776836897.976,197.976,0.27,0.28,0.72,0.73,0.01,0.01,78106.66,1776836896000
1776836898.411,198.411,0.28,0.29,0.71,0.73,0.01,0.02,78106.66,1776836897000
1776836898.805,198.805,0.33,0.34,0.66,0.71,0.01,0.05,78106.66,1776836897000
1776836899.226,199.226,0.35,0.36,0.65,0.66,0.01,0.01,78106.66,1776836897000
1776836899.647,199.647,0.35,0.36,0.64,0.65,0.01,0.01,78106.97,1776836898000
1776836900.112,200.112,0.35,0.36,0.64,0.65,0.01,0.01,78106.97,1776836898000
1776836900.585,200.585,0.34,0.35,0.65,0.66,0.01,0.01,78114.2,1776836899000
1776836900.98,200.98,0.34,0.35,0.65,0.66,0.01,0.01,78114.2,1776836899000
1776836901.508,201.508,0.34,0.35,0.65,0.66,0.01,0.01,78114.58,1776836900000
1776836902.067,202.067,0.34,0.35,0.65,0.66,0.01,0.01,78114.23,1776836901000
1776836902.573,202.573,0.34,0.35,0.65,0.66,0.01,0.01,78114.23,1776836901000
1776836902.914,202.914,0.34,0.35,0.65,0.66,0.01,0.01,78114.23,1776836901000
1776836903.387,203.387,0.34,0.35,0.65,0.66,0.01,0.01,78113.62,1776836902000
1776836903.788,203.788,0.34,0.35,0.65,0.66,0.01,0.01,78113.62,1776836902000
1776836904.174,204.174,0.34,0.35,0.65,0.66,0.01,0.01,78113.62,1776836902000
1776836904.578,204.578,0.34,0.35,0.65,0.66,0.01,0.01,78112.85,1776836903000
1776836905.039,205.039,0.32,0.35,0.65,0.68,0.03,0.03,78112.85,1776836903000
1776836905.404,205.404,0.33,0.34,0.66,0.67,0.01,0.01,78112.85,1776836903000
1776836906.024,206.024,0.33,0.34,0.66,0.67,0.01,0.01,78113.22,1776836904000
1776836906.673,206.673,0.33,0.34,0.66,0.67,0.01,0.01,78113.72,1776836905000
1776836907.218,207.218,0.32,0.33,0.67,0.68,0.01,0.01,78113.72,1776836905000
1776836907.73,207.73,0.32,0.33,0.67,0.68,0.01,0.01,78111.91,1776836906000
1776836908.236,208.236,0.32,0.33,0.67,0.68,0.01,0.01,78111.91,1776836906000
1776836908.621,208.621,0.31,0.32,0.68,0.69,0.01,0.01,78111.91,1776836906000
1776836909.024,209.024,0.31,0.32,0.68,0.69,0.01,0.01,78113.48,1776836907000
1776836909.731,209.731,0.28,0.3,0.68,0.71,0.02,0.03,78113.48,1776836907000
1776836910.165,210.165,0.29,0.3,0.7,0.71,0.01,0.01,78112.03,1776836908000
1776836910.559,210.559,0.29,0.3,0.7,0.71,0.01,0.01,78111.86,1776836909000
1776836910.991,210.991,0.29,0.3,0.7,0.71,0.01,0.01,78111.86,1776836909000
1776836911.427,211.427,0.29,0.3,0.7,0.71,0.01,0.01,78110.39,1776836910000
1776836912.713,212.713,0.29,0.3,0.7,0.71,0.01,0.01,78107.99,1776836911000
1776836913.196,213.196,0.29,0.3,0.7,0.71,0.01,0.01,78107.99,1776836911000
1776836913.626,213.626,0.29,0.3,0.7,0.71,0.01,0.01,78108.25,1776836912000
1776836914.038,214.038,0.29,0.3,0.7,0.71,0.01,0.01,78108.25,1776836912000
1776836914.472,214.472,0.24,0.29,0.71,0.76,0.05,0.05,78109.95,1776836913000
1776836914.948,214.948,0.25,0.26,0.71,0.77,0.01,0.06,78109.95,1776836913000
1776836915.34,215.34,0.26,0.27,0.73,0.74,0.01,0.01,78109.95,1776836913000
1776836915.806,215.806,0.25,0.26,0.74,0.75,0.01,0.01,78106.06,1776836914000
1776836916.203,216.203,0.24,0.25,0.75,0.76,0.01,0.01,78106.06,1776836914000
1776836916.645,216.645,0.23,0.24,0.76,0.77,0.01,0.01,78104.15,1776836915000
1776836917.244,217.244,0.23,0.24,0.76,0.77,0.01,0.01,78104.15,1776836915000
1776836917.953,217.953,0.22,0.24,0.76,0.77,0.02,0.01,78101.77,1776836916000
1776836918.845,218.845,0.2,0.23,0.76,0.8,0.03,0.04,78103.17,1776836917000
1776836919.191,219.191,0.16,0.23,0.77,0.8,0.07,0.03,78103.17,1776836917000
1776836919.679,219.679,0.14,0.15,0.85,0.86,0.01,0.01,78094.29,1776836918000
1776836920.082,220.082,0.14,0.15,0.85,0.86,0.01,0.01,78094.29,1776836918000
1776836920.439,220.439,0.14,0.15,0.85,0.86,0.01,0.01,78091.79,1776836919000
1776836920.789,220.789,0.14,0.15,0.85,0.86,0.01,0.01,78091.79,1776836919000
1776836921.158,221.158,0.14,0.15,0.85,0.86,0.01,0.01,78091.12,1776836920000
1776836921.714,221.714,0.14,0.15,0.85,0.86,0.01,0.01,78091.12,1776836920000
1776836922.412,222.412,0.14,0.15,0.85,0.86,0.01,0.01,78091.12,1776836920000
1776836922.948,222.948,0.14,0.15,0.85,0.86,0.01,0.01,78091.01,1776836921000
1776836923.338,223.338,0.14,0.21,0.79,0.86,0.07,0.07,78090.67,1776836922000
1776836923.711,223.711,0.14,0.15,0.85,0.86,0.01,0.01,78090.67,1776836922000
1776836924.107,224.107,0.14,0.15,0.85,0.86,0.01,0.01,78090.67,1776836922000
1776836924.668,224.668,0.14,0.15,0.84,0.86,0.01,0.02,78089.8,1776836923000
1776836925.013,225.013,0.14,0.15,0.85,0.86,0.01,0.01,78089.8,1776836923000
1776836925.358,225.358,0.14,0.15,0.85,0.86,0.01,0.01,78086.49,1776836924000
1776836925.707,225.707,0.12,0.13,0.85,0.88,0.01,0.03,78086.49,1776836924000
1776836926.164,226.164,0.12,0.13,0.87,0.88,0.01,0.01,78085.15,1776836925000
1776836926.732,226.732,0.12,0.13,0.87,0.88,0.01,0.01,78085.15,1776836925000
1776836927.235,227.235,0.12,0.13,0.87,0.88,0.01,0.01,78083.91,1776836926000
1776836927.591,227.591,0.12,0.13,0.87,0.88,0.01,0.01,78083.91,1776836926000
1776836927.976,227.976,0.11,0.13,0.87,0.89,0.02,0.02,78083.91,1776836926000
1776836928.416,228.416,0.11,0.13,0.87,0.89,0.02,0.02,78084.3,1776836927000
1776836928.836,228.836,0.1,0.12,0.87,0.89,0.02,0.02,78084.3,1776836927000
1776836929.434,229.434,0.11,0.13,0.88,0.9,0.02,0.02,78082.44,1776836928000
1776836929.79,229.79,0.11,0.13,0.87,0.89,0.02,0.02,78082.44,1776836928000
1776836930.414,230.414,0.11,0.12,0.87,0.89,0.01,0.02,78079.52,1776836929000
1776836931.064,231.064,0.1,0.12,0.88,0.9,0.02,0.02,78078.42,1776836930000
1776836931.524,231.524,0.1,0.12,0.88,0.9,0.02,0.02,78078.42,1776836930000
1776836931.92,231.92,0.1,0.12,0.88,0.9,0.02,0.02,78078.42,1776836930000
1776836932.473,232.473,0.1,0.12,0.88,0.9,0.02,0.02,78076.97,1776836931000
1776836932.874,232.874,0.09,0.11,0.89,0.91,0.02,0.02,78076.97,1776836931000
1776836933.292,233.292,0.09,0.11,0.89,0.91,0.02,0.02,78076.85,1776836932000
1776836933.639,233.639,0.09,0.1,0.9,0.91,0.01,0.01,78076.85,1776836932000
1776836934.467,234.467,0.09,0.1,0.9,0.91,0.01,0.01,78076.85,1776836932000
1776836934.902,234.902,0.09,0.1,0.9,0.91,0.01,0.01,78076.45,1776836933000
1776836935.249,235.249,0.09,0.1,0.9,0.91,0.01,0.01,78076.4,1776836934000
1776836935.906,235.906,0.09,0.1,0.9,0.91,0.01,0.01,78076.4,1776836934000
1776836936.293,236.293,0.14,0.18,0.82,0.86,0.04,0.04,78076.51,1776836935000
1776836936.639,236.639,0.15,0.16,0.83,0.86,0.01,0.03,78076.51,1776836935000
1776836937.043,237.043,0.14,0.17,0.83,0.86,0.03,0.03,78076.51,1776836935000
1776836937.418,237.418,0.16,0.2,0.81,0.86,0.04,0.05,78078.25,1776836936000
1776836937.801,237.801,0.16,0.19,0.82,0.84,0.03,0.02,78078.25,1776836936000
1776836938.159,238.159,0.16,0.19,0.81,0.84,0.03,0.03,78078.25,1776836936000
1776836939.153,239.153,0.17,0.19,0.82,0.84,0.02,0.02,78096.94,1776836937000
1776836939.67,239.67,0.16,0.17,0.83,0.84,0.01,0.01,78093.88,1776836938000
1776836940.256,240.256,0.13,0.14,0.86,0.87,0.01,0.01,78093.88,1776836938000
1776836940.596,240.596,0.13,0.14,0.86,0.87,0.01,0.01,78092.05,1776836939000
1776836940.988,240.988,0.12,0.13,0.86,0.88,0.01,0.02,78092.05,1776836939000
1776836941.437,241.437,0.11,0.12,0.87,0.89,0.01,0.02,78092.05,1776836939000
1776836941.793,241.793,0.23,0.27,0.73,0.77,0.04,0.04,78092.05,1776836939000
1776836942.235,242.235,0.27,0.28,0.72,0.73,0.01,0.01,78091.41,1776836940000
1776836942.568,242.568,0.27,0.28,0.72,0.73,0.01,0.01,78091.41,1776836940000
1776836942.925,242.925,0.24,0.25,0.74,0.76,0.01,0.02,78089.44,1776836941000
1776836943.26,243.26,0.24,0.25,0.75,0.76,0.01,0.01,78089.44,1776836941000
1776836943.595,243.595,0.22,0.23,0.76,0.78,0.01,0.02,78093.1,1776836942000
1776836943.95,243.95,0.22,0.23,0.77,0.78,0.01,0.01,78093.1,1776836942000
1776836944.302,244.302,0.22,0.23,0.77,0.78,0.01,0.01,78093.1,1776836942000
1776836944.662,244.662,0.22,0.23,0.77,0.78,0.01,0.01,78103.07,1776836943000
1776836945.181,245.181,0.22,0.23,0.77,0.78,0.01,0.01,78103.32,1776836944000
1776836945.565,245.565,0.2,0.23,0.77,0.78,0.03,0.01,78103.32,1776836944000
1776836946.032,246.032,0.16,0.18,0.8,0.83,0.02,0.03,78103.32,1776836944000
1776836946.381,246.381,0.16,0.18,0.82,0.84,0.02,0.02,78103.69,1776836945000
1776836946.972,246.972,0.16,0.18,0.82,0.84,0.02,0.02,78101.19,1776836946000
1776836947.309,247.309,0.16,0.19,0.82,0.84,0.03,0.02,78101.19,1776836946000
1776836948.089,248.089,0.16,0.19,0.81,0.84,0.03,0.03,78097.03,1776836947000
1776836948.448,248.448,0.16,0.17,0.83,0.84,0.01,0.01,78097.03,1776836947000
1776836948.782,248.782,0.16,0.17,0.83,0.84,0.01,0.01,78097.03,1776836947000
1776836949.174,249.174,0.16,0.18,0.83,0.84,0.02,0.01,78097.03,1776836947000
1776836949.872,249.872,0.16,0.17,0.83,0.84,0.01,0.01,78100.11,1776836948000
1776836950.261,250.261,0.16,0.21,0.83,0.84,0.05,0.01,78100.11,1776836948000
1776836950.595,250.595,0.16,0.17,0.83,0.84,0.01,0.01,78100.35,1776836949000
1776836950.961,250.961,0.24,0.25,0.74,0.8,0.01,0.06,78100.35,1776836949000
1776836951.316,251.316,0.24,0.25,0.75,0.76,0.01,0.01,78097.85,1776836950000
1776836951.772,251.772,0.24,0.25,0.75,0.76,0.01,0.01,78097.85,1776836950000
1776836952.233,252.233,0.24,0.25,0.75,0.76,0.01,0.01,78097.85,1776836950000
1776836952.574,252.574,0.24,0.25,0.75,0.76,0.01,0.01,78102.98,1776836951000
1776836952.949,252.949,0.24,0.25,0.75,0.76,0.01,0.01,78102.98,1776836951000
1776836953.291,253.291,0.24,0.25,0.75,0.76,0.01,0.01,78102.98,1776836951000
1776836953.657,253.657,0.22,0.25,0.75,0.76,0.03,0.01,78106.03,1776836952000
1776836954.123,254.123,0.23,0.24,0.76,0.77,0.01,0.01,78106.03,1776836952000
1776836954.913,254.913,0.23,0.24,0.76,0.77,0.01,0.01,78107.07,1776836953000
1776836955.439,255.439,0.23,0.24,0.76,0.77,0.01,0.01,78106.03,1776836954000
1776836955.895,255.895,0.23,0.24,0.76,0.77,0.01,0.01,78106.03,1776836954000
1776836956.285,256.285,0.23,0.24,0.76,0.77,0.01,0.01,78106.03,1776836954000
1776836956.808,256.808,0.23,0.24,0.76,0.77,0.01,0.01,78106.08,1776836955000
1776836957.317,257.317,0.2,0.21,0.76,0.81,0.01,0.05,78106.08,1776836955000
1776836957.902,257.902,0.2,0.21,0.79,0.8,0.01,0.01,78106.58,1776836957000
1776836958.484,258.484,0.2,0.21,0.79,0.8,0.01,0.01,78106.58,1776836957000
1776836958.887,258.887,0.2,0.21,0.79,0.8,0.01,0.01,78106.58,1776836957000
1776836959.233,259.233,0.2,0.21,0.79,0.8,0.01,0.01,78105.73,1776836958000
1776836959.573,259.573,0.15,0.16,0.83,0.86,0.01,0.03,78105.73,1776836958000
1776836959.918,259.918,0.15,0.16,0.84,0.85,0.01,0.01,78105.46,1776836959000
1776836960.428,260.428,0.16,0.17,0.83,0.84,0.01,0.01,78105.46,1776836959000
1776836960.931,260.931,0.16,0.24,0.83,0.84,0.08,0.01,78105.46,1776836959000
1776836961.317,261.317,0.21,0.25,0.78,0.79,0.04,0.01,78104.74,1776836960000
1776836961.656,261.656,0.24,0.25,0.75,0.76,0.01,0.01,78104.74,1776836960000
1776836962.032,262.032,0.24,0.25,0.75,0.76,0.01,0.01,78102.32,1776836961000
1776836962.397,262.397,0.24,0.25,0.75,0.76,0.01,0.01,78102.32,1776836961000
1776836962.745,262.745,0.24,0.25,0.75,0.76,0.01,0.01,78102.32,1776836961000
1776836963.172,263.172,0.2,0.21,0.79,0.8,0.01,0.01,78107.99,1776836962000
1776836963.634,263.634,0.2,0.21,0.79,0.8,0.01,0.01,78107.99,1776836962000
1776836963.972,263.972,0.2,0.21,0.79,0.8,0.01,0.01,78109.02,1776836963000
1776836964.565,264.565,0.2,0.21,0.79,0.8,0.01,0.01,78109.02,1776836963000
1776836965.008,265.008,0.2,0.21,0.79,0.8,0.01,0.01,78108.22,1776836964000
1776836965.556,265.556,0.2,0.21,0.79,0.8,0.01,0.01,78108.22,1776836964000
1776836966.028,266.028,0.2,0.21,0.79,0.8,0.01,0.01,78108.22,1776836964000
1776836966.414,266.414,0.2,0.23,0.79,0.8,0.03,0.01,78108.22,1776836964000
1776836966.759,266.759,0.26,0.27,0.73,0.74,0.01,0.01,78110.91,1776836965000
1776836967.096,267.096,0.24,0.27,0.73,0.74,0.03,0.01,78110.91,1776836965000
1776836967.522,267.522,0.24,0.25,0.75,0.76,0.01,0.01,78109.96,1776836966000
1776836967.923,267.923,0.24,0.25,0.75,0.76,0.01,0.01,78109.96,1776836966000
1776836968.321,268.321,0.24,0.25,0.75,0.76,0.01,0.01,78110.99,1776836967000
1776836968.717,268.717,0.24,0.25,0.75,0.76,0.01,0.01,78110.99,1776836967000
1776836969.171,269.171,0.24,0.25,0.75,0.76,0.01,0.01,78110.83,1776836968000
1776836969.718,269.718,0.23,0.24,0.75,0.77,0.01,0.02,78110.83,1776836968000
1776836970.171,270.171,0.23,0.24,0.76,0.77,0.01,0.01,78110.83,1776836968000
1776836970.505,270.505,0.23,0.24,0.76,0.77,0.01,0.01,78114.89,1776836969000
1776836971.005,271.005,0.23,0.24,0.76,0.77,0.01,0.01,78114.89,1776836970000
1776836971.977,271.977,0.23,0.24,0.76,0.77,0.01,0.01,78114.89,1776836970000
1776836972.403,272.403,0.18,0.19,0.76,0.8,0.01,0.04,78110.73,1776836971000
1776836972.752,272.752,0.18,0.19,0.81,0.82,0.01,0.01,78110.73,1776836971000
1776836973.149,273.149,0.18,0.19,0.81,0.82,0.01,0.01,78110.73,1776836971000
1776836974.046,274.046,0.17,0.19,0.81,0.82,0.02,0.01,78110.78,1776836972000
1776836974.443,274.443,0.16,0.17,0.83,0.84,0.01,0.01,78110.78,1776836972000
1776836974.794,274.794,0.23,0.24,0.76,0.77,0.01,0.01,78109.49,1776836973000
1776836975.131,275.131,0.23,0.24,0.76,0.77,0.01,0.01,78109.0,1776836974000
1776836975.575,275.575,0.21,0.22,0.76,0.78,0.01,0.02,78109.0,1776836974000
1776836975.933,275.933,0.19,0.2,0.8,0.81,0.01,0.01,78109.0,1776836974000
1776836976.317,276.317,0.14,0.15,0.85,0.86,0.01,0.01,78109.47,1776836975000
1776836976.772,276.772,0.12,0.13,0.85,0.88,0.01,0.03,78109.47,1776836975000
1776836977.107,277.107,0.12,0.13,0.87,0.88,0.01,0.01,78109.47,1776836975000
1776836977.558,277.558,0.11,0.12,0.87,0.89,0.01,0.02,78111.9,1776836976000
1776836977.895,277.895,0.11,0.12,0.88,0.89,0.01,0.01,78111.9,1776836976000
1776836978.414,278.414,0.09,0.11,0.88,0.9,0.02,0.02,78112.24,1776836977000
1776836978.789,278.789,0.08,0.1,0.9,0.91,0.02,0.01,78112.24,1776836977000
1776836979.266,279.266,0.07,0.08,0.92,0.93,0.01,0.01,78108.71,1776836978000
1776836979.68,279.68,0.07,0.08,0.92,0.93,0.01,0.01,78108.71,1776836978000
1776836980.06,280.06,0.07,0.08,0.92,0.93,0.01,0.01,78108.71,1776836978000
1776836980.445,280.445,0.07,0.08,0.92,0.93,0.01,0.01,78109.82,1776836979000
1776836980.827,280.827,0.07,0.08,0.92,0.93,0.01,0.01,78109.82,1776836979000
1776836981.233,281.233,0.07,0.08,0.92,0.93,0.01,0.01,78109.82,1776836979000
1776836981.573,281.573,0.06,0.07,0.93,0.94,0.01,0.01,78106.25,1776836980000
1776836981.956,281.956,0.05,0.06,0.94,0.95,0.01,0.01,78104.53,1776836981000
1776836982.427,282.427,0.05,0.06,0.94,0.95,0.01,0.01,78104.53,1776836981000
1776836982.766,282.766,0.05,0.06,0.94,0.95,0.01,0.01,78104.53,1776836981000
1776836983.13,283.13,0.05,0.06,0.94,0.95,0.01,0.01,78104.53,1776836981000
1776836983.508,283.508,0.05,0.06,0.94,0.95,0.01,0.01,78104.86,1776836982000
1776836983.971,283.971,0.05,0.06,0.94,0.95,0.01,0.01,78104.86,1776836982000
1776836984.403,284.403,0.05,0.06,0.94,0.95,0.01,0.01,78104.58,1776836983000
1776836984.794,284.794,0.04,0.06,0.94,0.95,0.02,0.01,78104.58,1776836983000
1776836985.128,285.128,0.04,0.06,0.94,0.96,0.02,0.02,78104.58,1776836983000
1776836985.624,285.624,0.05,0.06,0.94,0.95,0.01,0.01,78104.54,1776836984000
1776836986.056,286.056,0.05,0.06,0.94,0.95,0.01,0.01,78104.54,1776836984000
1776836986.469,286.469,0.05,0.07,0.93,0.94,0.02,0.01,78104.54,1776836984000
1776836986.833,286.833,0.04,0.05,0.95,0.96,0.01,0.01,78104.54,1776836984000
1776836987.203,287.203,0.04,0.05,0.95,0.96,0.01,0.01,78104.54,1776836984000
1776836987.609,287.609,0.04,0.05,0.95,0.96,0.01,0.01,78104.54,1776836984000
1776836987.988,287.988,0.04,0.05,0.95,0.96,0.01,0.01,78104.54,1776836984000
1776836988.469,288.469,0.04,0.05,0.95,0.96,0.01,0.01,78104.54,1776836984000
1776836988.95,288.95,0.03,0.04,0.96,0.97,0.01,0.01,78104.54,1776836984000
1776836989.328,289.328,0.03,0.04,0.96,0.97,0.01,0.01,78104.54,1776836984000
1776836989.687,289.687,0.03,0.04,0.96,0.97,0.01,0.01,78104.54,1776836984000
1776836990.376,290.376,0.03,0.04,0.96,0.97,0.01,0.01,78104.54,1776836984000
1776836990.754,290.754,0.03,0.04,0.96,0.97,0.01,0.01,78104.54,1776836984000
1776836991.217,291.217,0.03,0.04,0.96,0.97,0.01,0.01,78104.54,1776836984000
1776836991.619,291.619,0.02,0.03,0.97,0.98,0.01,0.01,78104.54,1776836984000
1776836991.996,291.996,0.02,0.03,0.97,0.98,0.01,0.01,78104.54,1776836984000
1776836992.397,292.397,0.02,0.03,0.97,0.98,0.01,0.01,78104.54,1776836984000
1776836992.76,292.76,0.02,0.03,0.97,0.98,0.01,0.01,78104.54,1776836984000
1776836993.243,293.243,0.01,0.02,0.97,0.99,0.01,0.02,78104.54,1776836984000
1776836993.712,293.712,0.01,0.02,0.98,0.99,0.01,0.01,78098.58,1776836992000
1776836994.118,294.118,0.01,0.02,0.98,0.99,0.01,0.01,78098.58,1776836992000
1776836994.462,294.462,0.01,0.02,0.98,0.99,0.01,0.01,78096.53,1776836993000
1776836994.814,294.814,0.01,0.02,0.98,0.99,0.01,0.01,78096.53,1776836993000
1776836995.164,295.164,0.01,0.02,0.98,0.99,0.01,0.01,78096.53,1776836993000
1776836995.499,295.499,0.01,0.02,0.98,0.99,0.01,0.01,78097.32,1776836994000
1776836995.842,295.842,0.01,0.02,0.98,0.99,0.01,0.01,78097.32,1776836994000
1776836996.183,296.183,0.01,0.02,0.98,0.99,0.01,0.01,78095.83,1776836995000
1776836996.753,296.753,0.01,0.01,0.98,0.99,0.0,0.01,78095.83,1776836995000
1776836997.124,297.124,0.01,0.01,0.99,0.99,0.0,0.0,78095.64,1776836996000
1776836997.475,297.475,0.01,0.01,0.99,0.99,0.0,0.0,78095.64,1776836996000
1776836997.868,297.868,0.01,0.01,0.99,0.99,0.0,0.0,78095.64,1776836996000
1776836998.279,298.279,0.01,0.01,0.99,0.99,0.0,0.0,78095.64,1776836996000
1776836999.209,299.209,0.01,0.01,0.99,0.99,0.0,0.0,78090.7,1776836998000
1776836999.748,299.748,0.01,0.01,0.99,0.99,0.0,0.0,78090.7,1776836998000
1776837000.339,300.339,0.01,0.01,0.99,0.99,0.0,0.0,78092.56,1776836999000
1776837000.69,300.69,0.01,0.01,0.99,0.99,0.0,0.0,78092.56,1776836999000

# RESULT,winner=Down,slug=btc-updown-5m-1776836700,ticks=633
