timestamp,elapsed_sec,up_bid,up_ask,down_bid,down_ask,up_spread,down_spread,btc_price,btc_oracle_ts
1776780600.514,0.514,0.52,0.53,0.47,0.48,0.01,0.01,75896.26,1776780599000
1776780600.907,0.907,0.5,0.51,0.49,0.5,0.01,0.01,75896.26,1776780599000
1776780601.357,1.357,0.49,0.5,0.5,0.51,0.01,0.01,75896.22,1776780600000
1776780602.007,2.007,0.49,0.5,0.5,0.51,0.01,0.01,75896.22,1776780600000
1776780602.415,2.415,0.49,0.5,0.5,0.51,0.01,0.01,75896.22,1776780600000
1776780602.999,2.999,0.49,0.5,0.5,0.51,0.01,0.01,75888.07,1776780601000
1776780603.41,3.41,0.49,0.5,0.5,0.51,0.01,0.01,75887.82,1776780602000
1776780603.776,3.776,0.49,0.5,0.5,0.51,0.01,0.01,75887.82,1776780602000
1776780604.144,4.144,0.49,0.5,0.5,0.51,0.01,0.01,75887.84,1776780603000
1776780604.638,4.638,0.49,0.5,0.5,0.51,0.01,0.01,75887.84,1776780603000
1776780605.007,5.007,0.49,0.5,0.5,0.51,0.01,0.01,75887.84,1776780603000
1776780605.372,5.372,0.49,0.5,0.5,0.51,0.01,0.01,75889.67,1776780604000
1776780605.949,5.949,0.48,0.49,0.5,0.52,0.01,0.02,75889.67,1776780604000
1776780606.491,6.491,0.45,0.46,0.54,0.55,0.01,0.01,75889.67,1776780604000
1776780606.928,6.928,0.45,0.46,0.54,0.55,0.01,0.01,75889.37,1776780605000
1776780607.469,7.469,0.45,0.46,0.54,0.55,0.01,0.01,75888.23,1776780606000
1776780607.869,7.869,0.45,0.46,0.54,0.55,0.01,0.01,75888.23,1776780606000
1776780608.453,8.453,0.45,0.46,0.54,0.55,0.01,0.01,75888.23,1776780606000
1776780608.801,8.801,0.45,0.46,0.54,0.55,0.01,0.01,75888.23,1776780606000
1776780609.154,9.154,0.45,0.46,0.54,0.55,0.01,0.01,75887.0,1776780607000
1776780609.784,9.784,0.45,0.46,0.54,0.55,0.01,0.01,75888.12,1776780608000
1776780610.197,10.197,0.45,0.46,0.54,0.55,0.01,0.01,75888.12,1776780608000
1776780610.566,10.566,0.45,0.46,0.54,0.55,0.01,0.01,75888.12,1776780608000
1776780610.927,10.927,0.4,0.46,0.54,0.6,0.06,0.06,75888.12,1776780608000
1776780611.268,11.268,0.35,0.38,0.62,0.65,0.03,0.03,75885.39,1776780609000
1776780611.605,11.605,0.35,0.36,0.64,0.65,0.01,0.01,75866.07,1776780610000
1776780612.031,12.031,0.36,0.37,0.63,0.64,0.01,0.01,75866.07,1776780610000
1776780612.364,12.364,0.36,0.37,0.63,0.64,0.01,0.01,75866.07,1776780610000
1776780612.78,12.78,0.36,0.37,0.63,0.64,0.01,0.01,75866.07,1776780610000
1776780613.146,13.146,0.36,0.37,0.63,0.64,0.01,0.01,75855.74,1776780611000
1776780613.53,13.53,0.36,0.37,0.63,0.64,0.01,0.01,75854.25,1776780612000
1776780614.021,14.021,0.36,0.37,0.63,0.64,0.01,0.01,75854.25,1776780612000
1776780614.517,14.517,0.35,0.36,0.64,0.65,0.01,0.01,75854.25,1776780612000
1776780614.86,14.86,0.31,0.32,0.67,0.69,0.01,0.02,75854.25,1776780613000
1776780615.193,15.193,0.27,0.31,0.69,0.73,0.04,0.04,75854.25,1776780613000
1776780615.534,15.534,0.27,0.28,0.72,0.73,0.01,0.01,75854.25,1776780613000
1776780615.887,15.887,0.24,0.28,0.73,0.74,0.04,0.01,75854.25,1776780613000
1776780616.412,16.412,0.24,0.25,0.75,0.76,0.01,0.01,75855.49,1776780614000
1776780616.751,16.751,0.23,0.24,0.76,0.77,0.01,0.01,75850.22,1776780615000
1776780617.249,17.249,0.22,0.24,0.76,0.78,0.02,0.02,75850.22,1776780615000
1776780617.605,17.605,0.22,0.24,0.76,0.78,0.02,0.02,75850.22,1776780615000
1776780617.963,17.963,0.22,0.23,0.77,0.78,0.01,0.01,75822.95,1776780616000
1776780618.299,18.299,0.22,0.23,0.77,0.78,0.01,0.01,75822.95,1776780616000
1776780618.653,18.653,0.22,0.23,0.77,0.78,0.01,0.01,75822.95,1776780616000
1776780619.082,19.082,0.22,0.23,0.77,0.78,0.01,0.01,75805.43,1776780617000
1776780619.503,19.503,0.22,0.23,0.77,0.78,0.01,0.01,75805.43,1776780617000
1776780619.854,19.854,0.22,0.23,0.77,0.78,0.01,0.01,75805.43,1776780617000
1776780620.25,20.25,0.23,0.24,0.76,0.78,0.01,0.02,75800.84,1776780618000
1776780620.597,20.597,0.23,0.25,0.76,0.77,0.02,0.01,75800.84,1776780618000
1776780621.191,21.191,0.24,0.25,0.75,0.76,0.01,0.01,75800.84,1776780618000
1776780621.751,21.751,0.24,0.25,0.75,0.76,0.01,0.01,75801.69,1776780619000
1776780622.106,22.106,0.24,0.25,0.75,0.76,0.01,0.01,75801.69,1776780619000
1776780622.489,22.489,0.24,0.25,0.75,0.76,0.01,0.01,75801.96,1776780620000
1776780622.999,22.999,0.24,0.25,0.75,0.76,0.01,0.01,75801.96,1776780620000
1776780623.384,23.384,0.24,0.25,0.75,0.76,0.01,0.01,75801.96,1776780620000
1776780623.866,23.866,0.24,0.25,0.75,0.76,0.01,0.01,75809.31,1776780621000
1776780624.2,24.2,0.23,0.24,0.76,0.77,0.01,0.01,75809.31,1776780621000
1776780624.706,24.706,0.23,0.24,0.76,0.77,0.01,0.01,75809.31,1776780621000
1776780625.124,25.124,0.21,0.22,0.78,0.79,0.01,0.01,75814.76,1776780622000
1776780625.546,25.546,0.21,0.22,0.78,0.79,0.01,0.01,75814.76,1776780622000
1776780625.923,25.923,0.21,0.22,0.78,0.79,0.01,0.01,75814.76,1776780622000
1776780626.265,26.265,0.21,0.22,0.78,0.79,0.01,0.01,75814.69,1776780623000
1776780626.631,26.631,0.21,0.22,0.78,0.79,0.01,0.01,75814.69,1776780623000
1776780626.99,26.99,0.2,0.21,0.79,0.8,0.01,0.01,75809.11,1776780624000
1776780627.37,27.37,0.18,0.2,0.8,0.82,0.02,0.02,75809.11,1776780624000
1776780627.806,27.806,0.18,0.19,0.81,0.82,0.01,0.01,75807.18,1776780625000
1776780628.17,28.17,0.18,0.19,0.81,0.82,0.01,0.01,75807.18,1776780625000
1776780628.544,28.544,0.18,0.19,0.81,0.82,0.01,0.01,75794.66,1776780626000
1776780628.892,28.892,0.18,0.19,0.81,0.82,0.01,0.01,75794.66,1776780626000
1776780629.331,29.331,0.18,0.19,0.81,0.82,0.01,0.01,75794.66,1776780626000
1776780629.774,29.774,0.18,0.19,0.81,0.82,0.01,0.01,75780.56,1776780628000
1776780630.115,30.115,0.18,0.19,0.81,0.82,0.01,0.01,75780.56,1776780628000
1776780630.588,30.588,0.17,0.18,0.82,0.83,0.01,0.01,75780.56,1776780628000
1776780631.201,31.201,0.17,0.18,0.82,0.83,0.01,0.01,75782.22,1776780629000
1776780631.621,31.621,0.18,0.19,0.81,0.82,0.01,0.01,75783.13,1776780630000
1776780632.022,32.022,0.18,0.19,0.81,0.82,0.01,0.01,75783.13,1776780630000
1776780632.463,32.463,0.18,0.19,0.81,0.82,0.01,0.01,75782.21,1776780631000
1776780632.879,32.879,0.18,0.19,0.81,0.82,0.01,0.01,75782.21,1776780631000
1776780633.323,33.323,0.18,0.19,0.81,0.82,0.01,0.01,75782.21,1776780631000
1776780633.659,33.659,0.17,0.18,0.81,0.83,0.01,0.02,75787.17,1776780632000
1776780634.002,34.002,0.17,0.18,0.82,0.83,0.01,0.01,75787.17,1776780632000
1776780634.427,34.427,0.17,0.18,0.82,0.83,0.01,0.01,75788.64,1776780633000
1776780634.849,34.849,0.17,0.18,0.82,0.83,0.01,0.01,75788.64,1776780633000
1776780635.399,35.399,0.17,0.18,0.82,0.83,0.01,0.01,75788.64,1776780633000
1776780635.79,35.79,0.17,0.18,0.82,0.83,0.01,0.01,75784.58,1776780634000
1776780636.149,36.149,0.18,0.19,0.81,0.83,0.01,0.02,75784.58,1776780634000
1776780636.558,36.558,0.18,0.19,0.81,0.82,0.01,0.01,75780.28,1776780635000
1776780636.966,36.966,0.2,0.21,0.79,0.8,0.01,0.01,75780.28,1776780635000
1776780637.47,37.47,0.2,0.21,0.79,0.8,0.01,0.01,75780.28,1776780635000
1776780637.811,37.811,0.2,0.21,0.79,0.8,0.01,0.01,75780.28,1776780635000
1776780638.453,38.453,0.2,0.21,0.79,0.8,0.01,0.01,75785.56,1776780636000
1776780638.833,38.833,0.2,0.21,0.79,0.8,0.01,0.01,75788.57,1776780637000
1776780639.195,39.195,0.2,0.21,0.79,0.8,0.01,0.01,75788.57,1776780637000
1776780639.529,39.529,0.2,0.21,0.79,0.8,0.01,0.01,75800.14,1776780638000
1776780639.888,39.888,0.2,0.21,0.79,0.8,0.01,0.01,75800.14,1776780638000
1776780640.281,40.281,0.2,0.21,0.79,0.8,0.01,0.01,75800.14,1776780638000
1776780640.75,40.75,0.2,0.21,0.79,0.8,0.01,0.01,75805.74,1776780639000
1776780641.183,41.183,0.2,0.21,0.79,0.8,0.01,0.01,75805.74,1776780639000
1776780641.556,41.556,0.21,0.22,0.78,0.79,0.01,0.01,75808.23,1776780640000
1776780641.898,41.898,0.21,0.22,0.78,0.79,0.01,0.01,75808.23,1776780640000
1776780642.287,42.287,0.21,0.22,0.78,0.79,0.01,0.01,75808.23,1776780640000
1776780642.654,42.654,0.2,0.22,0.78,0.79,0.02,0.01,75803.2,1776780641000
1776780642.992,42.992,0.2,0.21,0.79,0.8,0.01,0.01,75803.2,1776780641000
1776780643.369,43.369,0.19,0.2,0.8,0.81,0.01,0.01,75803.2,1776780641000
1776780643.707,43.707,0.18,0.19,0.81,0.82,0.01,0.01,75802.93,1776780642000
1776780644.081,44.081,0.17,0.18,0.82,0.83,0.01,0.01,75802.93,1776780642000
1776780644.483,44.483,0.17,0.18,0.82,0.83,0.01,0.01,75801.64,1776780643000
1776780644.895,44.895,0.18,0.19,0.81,0.82,0.01,0.01,75801.64,1776780643000
1776780645.274,45.274,0.18,0.19,0.81,0.82,0.01,0.01,75792.88,1776780644000
1776780645.658,45.658,0.18,0.19,0.81,0.82,0.01,0.01,75792.88,1776780644000
1776780646.072,46.072,0.18,0.19,0.81,0.82,0.01,0.01,75792.88,1776780644000
1776780646.505,46.505,0.18,0.19,0.81,0.82,0.01,0.01,75788.67,1776780645000
1776780646.955,46.955,0.18,0.19,0.81,0.82,0.01,0.01,75788.67,1776780645000
1776780647.289,47.289,0.18,0.19,0.81,0.82,0.01,0.01,75789.27,1776780646000
1776780647.677,47.677,0.18,0.19,0.81,0.82,0.01,0.01,75789.27,1776780646000
1776780648.012,48.012,0.18,0.19,0.81,0.82,0.01,0.01,75789.27,1776780646000
1776780648.44,48.44,0.18,0.19,0.81,0.82,0.01,0.01,75790.03,1776780647000
1776780648.949,48.949,0.18,0.19,0.81,0.82,0.01,0.01,75790.24,1776780648000
1776780649.325,49.325,0.18,0.19,0.81,0.82,0.01,0.01,75790.24,1776780648000
1776780650.016,50.016,0.18,0.19,0.81,0.82,0.01,0.01,75790.41,1776780649000
1776780650.4,50.4,0.18,0.19,0.81,0.82,0.01,0.01,75790.41,1776780649000
1776780650.918,50.918,0.18,0.19,0.81,0.82,0.01,0.01,75794.7,1776780650000
1776780651.554,51.554,0.18,0.19,0.81,0.82,0.01,0.01,75794.7,1776780650000
1776780651.914,51.914,0.18,0.19,0.81,0.82,0.01,0.01,75797.38,1776780651000
1776780652.316,52.316,0.19,0.2,0.8,0.82,0.01,0.02,75797.38,1776780651000
1776780652.755,52.755,0.21,0.22,0.78,0.81,0.01,0.03,75797.38,1776780651000
1776780653.089,53.089,0.21,0.22,0.78,0.79,0.01,0.01,75798.48,1776780652000
1776780653.524,53.524,0.21,0.22,0.78,0.79,0.01,0.01,75798.48,1776780652000
1776780653.904,53.904,0.2,0.22,0.78,0.8,0.02,0.02,75798.48,1776780652000
1776780654.31,54.31,0.2,0.21,0.79,0.8,0.01,0.01,75801.42,1776780653000
1776780654.701,54.701,0.2,0.21,0.79,0.8,0.01,0.01,75801.42,1776780653000
1776780655.058,55.058,0.2,0.21,0.79,0.8,0.01,0.01,75807.0,1776780654000
1776780655.436,55.436,0.2,0.21,0.79,0.8,0.01,0.01,75807.0,1776780654000
1776780655.77,55.77,0.18,0.21,0.79,0.82,0.03,0.03,75807.0,1776780654000
1776780656.175,56.175,0.16,0.17,0.83,0.84,0.01,0.01,75807.0,1776780654000
1776780656.517,56.517,0.16,0.17,0.83,0.84,0.01,0.01,75807.0,1776780654000
1776780656.908,56.908,0.16,0.17,0.83,0.84,0.01,0.01,75803.59,1776780655000
1776780657.508,57.508,0.16,0.17,0.83,0.84,0.01,0.01,75803.06,1776780656000
1776780658.189,58.189,0.16,0.17,0.83,0.84,0.01,0.01,75793.15,1776780657000
1776780658.73,58.73,0.16,0.17,0.83,0.84,0.01,0.01,75793.15,1776780657000
1776780659.221,59.221,0.16,0.17,0.83,0.84,0.01,0.01,75794.53,1776780658000
1776780659.653,59.653,0.16,0.17,0.83,0.84,0.01,0.01,75794.53,1776780658000
1776780660.219,60.219,0.16,0.17,0.83,0.84,0.01,0.01,75794.66,1776780659000
1776780660.616,60.616,0.17,0.19,0.81,0.83,0.02,0.02,75794.66,1776780659000
1776780661.017,61.017,0.19,0.2,0.8,0.81,0.01,0.01,75794.66,1776780659000
1776780661.544,61.544,0.19,0.2,0.8,0.81,0.01,0.01,75794.66,1776780659000
1776780661.889,61.889,0.19,0.2,0.8,0.81,0.01,0.01,75796.4,1776780660000
1776780662.584,62.584,0.18,0.19,0.8,0.81,0.01,0.01,75798.59,1776780661000
1776780662.932,62.932,0.18,0.19,0.81,0.82,0.01,0.01,75798.59,1776780661000
1776780663.437,63.437,0.18,0.19,0.81,0.82,0.01,0.01,75801.17,1776780662000
1776780663.845,63.845,0.18,0.19,0.81,0.82,0.01,0.01,75801.17,1776780662000
1776780664.222,64.222,0.18,0.19,0.81,0.82,0.01,0.01,75800.3,1776780663000
1776780664.568,64.568,0.18,0.19,0.81,0.82,0.01,0.01,75800.3,1776780663000
1776780665.09,65.09,0.2,0.21,0.79,0.81,0.01,0.02,75800.3,1776780663000
1776780665.438,65.438,0.2,0.21,0.79,0.8,0.01,0.01,75799.42,1776780664000
1776780665.877,65.877,0.21,0.22,0.78,0.79,0.01,0.01,75799.42,1776780664000
1776780666.215,66.215,0.21,0.22,0.78,0.79,0.01,0.01,75802.72,1776780665000
1776780666.627,66.627,0.23,0.24,0.76,0.78,0.01,0.02,75802.72,1776780665000
1776780667.086,67.086,0.23,0.24,0.76,0.77,0.01,0.01,75802.72,1776780665000
1776780667.636,67.636,0.23,0.24,0.76,0.77,0.01,0.01,75811.04,1776780666000
1776780668.083,68.083,0.23,0.24,0.76,0.77,0.01,0.01,75811.04,1776780666000
1776780668.552,68.552,0.25,0.26,0.76,0.77,0.01,0.01,75815.23,1776780667000
1776780668.906,68.906,0.26,0.27,0.73,0.74,0.01,0.01,75815.23,1776780667000
1776780669.252,69.252,0.26,0.27,0.73,0.74,0.01,0.01,75815.23,1776780667000
1776780669.612,69.612,0.26,0.27,0.73,0.74,0.01,0.01,75823.47,1776780668000
1776780670.086,70.086,0.26,0.27,0.73,0.74,0.01,0.01,75823.47,1776780668000
1776780670.451,70.451,0.26,0.27,0.73,0.74,0.01,0.01,75823.47,1776780668000
1776780671.378,71.378,0.26,0.27,0.73,0.74,0.01,0.01,75824.74,1776780669000
1776780671.761,71.761,0.25,0.26,0.74,0.75,0.01,0.01,75829.02,1776780670000
1776780672.337,72.337,0.25,0.26,0.74,0.75,0.01,0.01,75829.02,1776780670000
1776780672.692,72.692,0.25,0.26,0.74,0.75,0.01,0.01,75829.51,1776780671000
1776780673.079,73.079,0.25,0.27,0.73,0.75,0.02,0.02,75829.17,1776780672000
1776780673.457,73.457,0.26,0.27,0.73,0.74,0.01,0.01,75829.17,1776780672000
1776780674.038,74.038,0.26,0.27,0.73,0.74,0.01,0.01,75829.17,1776780672000
1776780674.604,74.604,0.26,0.27,0.73,0.74,0.01,0.01,75827.22,1776780673000
1776780675.082,75.082,0.26,0.27,0.73,0.74,0.01,0.01,75827.22,1776780673000
1776780675.552,75.552,0.26,0.27,0.73,0.74,0.01,0.01,75827.84,1776780674000
1776780675.956,75.956,0.26,0.27,0.73,0.74,0.01,0.01,75827.84,1776780674000
1776780676.308,76.308,0.26,0.27,0.73,0.74,0.01,0.01,75827.84,1776780674000
1776780676.749,76.749,0.26,0.27,0.73,0.74,0.01,0.01,75826.36,1776780675000
1776780677.083,77.083,0.27,0.28,0.72,0.73,0.01,0.01,75825.84,1776780676000
1776780677.444,77.444,0.27,0.28,0.72,0.73,0.01,0.01,75825.84,1776780676000
1776780677.786,77.786,0.27,0.28,0.71,0.73,0.01,0.02,75825.84,1776780676000
1776780678.154,78.154,0.27,0.28,0.72,0.73,0.01,0.01,75826.66,1776780677000
1776780678.579,78.579,0.27,0.28,0.72,0.73,0.01,0.01,75826.66,1776780677000
1776780678.996,78.996,0.27,0.28,0.72,0.73,0.01,0.01,75826.66,1776780677000
1776780679.431,79.431,0.27,0.28,0.72,0.73,0.01,0.01,75833.24,1776780678000
1776780680.264,80.264,0.27,0.28,0.72,0.73,0.01,0.01,75833.24,1776780678000
1776780681.333,81.333,0.29,0.3,0.7,0.71,0.01,0.01,75834.87,1776780680000
1776780682.433,82.433,0.29,0.3,0.7,0.71,0.01,0.01,75841.2,1776780681000
1776780682.813,82.813,0.29,0.3,0.7,0.71,0.01,0.01,75841.2,1776780681000
1776780683.449,83.449,0.29,0.3,0.7,0.71,0.01,0.01,75841.18,1776780682000
1776780683.81,83.81,0.29,0.3,0.7,0.71,0.01,0.01,75841.18,1776780682000
1776780684.192,84.192,0.28,0.3,0.71,0.72,0.02,0.01,75841.18,1776780682000
1776780684.531,84.531,0.29,0.3,0.7,0.71,0.01,0.01,75838.74,1776780683000
1776780684.909,84.909,0.29,0.3,0.7,0.71,0.01,0.01,75838.74,1776780683000
1776780685.271,85.271,0.29,0.3,0.7,0.71,0.01,0.01,75837.27,1776780684000
1776780685.712,85.712,0.29,0.31,0.7,0.71,0.02,0.01,75837.27,1776780684000
1776780686.06,86.06,0.29,0.3,0.7,0.71,0.01,0.01,75836.7,1776780685000
1776780686.393,86.393,0.29,0.31,0.69,0.71,0.02,0.02,75836.7,1776780685000
1776780686.768,86.768,0.3,0.31,0.69,0.7,0.01,0.01,75836.7,1776780685000
1776780687.115,87.115,0.3,0.31,0.69,0.7,0.01,0.01,75842.41,1776780686000
1776780687.49,87.49,0.3,0.31,0.69,0.7,0.01,0.01,75842.41,1776780686000
1776780687.887,87.887,0.3,0.31,0.69,0.7,0.01,0.01,75842.41,1776780686000
1776780688.374,88.374,0.29,0.31,0.69,0.7,0.02,0.01,75842.6,1776780687000
1776780688.711,88.711,0.29,0.3,0.7,0.71,0.01,0.01,75842.6,1776780687000
1776780689.066,89.066,0.29,0.3,0.7,0.71,0.01,0.01,75842.6,1776780687000
1776780689.612,89.612,0.29,0.3,0.7,0.71,0.01,0.01,75844.25,1776780688000
1776780689.947,89.947,0.28,0.29,0.71,0.72,0.01,0.01,75844.25,1776780688000
1776780691.047,91.047,0.27,0.28,0.71,0.72,0.01,0.01,75841.87,1776780689000
1776780691.473,91.473,0.27,0.28,0.72,0.73,0.01,0.01,75841.87,1776780690000
1776780691.876,91.876,0.28,0.29,0.71,0.72,0.01,0.01,75841.87,1776780690000
1776780692.313,92.313,0.28,0.29,0.71,0.72,0.01,0.01,75841.87,1776780690000
1776780692.652,92.652,0.29,0.3,0.7,0.71,0.01,0.01,75838.59,1776780691000
1776780693.219,93.219,0.29,0.3,0.7,0.71,0.01,0.01,75837.37,1776780692000
1776780693.604,93.604,0.27,0.28,0.7,0.73,0.01,0.03,75837.37,1776780692000
1776780693.986,93.986,0.27,0.28,0.72,0.73,0.01,0.01,75837.37,1776780692000
1776780694.358,94.358,0.27,0.28,0.72,0.73,0.01,0.01,75839.55,1776780693000
1776780695.09,95.09,0.27,0.28,0.72,0.73,0.01,0.01,75843.11,1776780694000
1776780695.487,95.487,0.25,0.26,0.72,0.73,0.01,0.01,75843.11,1776780694000
1776780695.889,95.889,0.25,0.26,0.74,0.75,0.01,0.01,75843.11,1776780694000
1776780696.327,96.327,0.26,0.27,0.73,0.74,0.01,0.01,75838.35,1776780695000
1776780696.738,96.738,0.3,0.31,0.69,0.7,0.01,0.01,75838.35,1776780695000
1776780697.118,97.118,0.3,0.31,0.69,0.7,0.01,0.01,75838.35,1776780695000
1776780697.539,97.539,0.3,0.31,0.69,0.7,0.01,0.01,75838.35,1776780695000
1776780697.956,97.956,0.3,0.31,0.69,0.7,0.01,0.01,75838.35,1776780695000
1776780698.365,98.365,0.31,0.32,0.68,0.69,0.01,0.01,75841.49,1776780697000
1776780698.984,98.984,0.31,0.32,0.68,0.69,0.01,0.01,75845.51,1776780698000
1776780699.338,99.338,0.31,0.32,0.68,0.69,0.01,0.01,75845.51,1776780698000
1776780699.713,99.713,0.31,0.32,0.68,0.69,0.01,0.01,75845.51,1776780698000
1776780700.145,100.145,0.31,0.32,0.68,0.69,0.01,0.01,75847.58,1776780699000
1776780700.65,100.65,0.31,0.32,0.68,0.69,0.01,0.01,75847.58,1776780699000
1776780701.023,101.023,0.31,0.32,0.68,0.69,0.01,0.01,75847.58,1776780699000
1776780701.361,101.361,0.33,0.35,0.65,0.67,0.02,0.02,75847.58,1776780699000
1776780701.709,101.709,0.34,0.35,0.65,0.66,0.01,0.01,75847.59,1776780700000
1776780702.042,102.042,0.34,0.35,0.65,0.66,0.01,0.01,75847.59,1776780700000
1776780702.41,102.41,0.37,0.39,0.61,0.63,0.02,0.02,75848.66,1776780701000
1776780702.788,102.788,0.37,0.39,0.61,0.63,0.02,0.02,75848.66,1776780701000
1776780703.126,103.126,0.38,0.39,0.61,0.62,0.01,0.01,75850.23,1776780702000
1776780703.483,103.483,0.38,0.39,0.61,0.62,0.01,0.01,75850.23,1776780702000
1776780703.884,103.884,0.37,0.38,0.62,0.63,0.01,0.01,75850.23,1776780702000
1776780704.285,104.285,0.37,0.38,0.62,0.63,0.01,0.01,75850.23,1776780702000
1776780704.625,104.625,0.37,0.39,0.61,0.63,0.02,0.02,75861.02,1776780703000
1776780705.221,105.221,0.38,0.39,0.61,0.62,0.01,0.01,75861.02,1776780703000
1776780705.81,105.81,0.38,0.39,0.61,0.62,0.01,0.01,75859.64,1776780704000
1776780706.701,106.701,0.38,0.39,0.61,0.62,0.01,0.01,75861.9,1776780705000
1776780707.047,107.047,0.36,0.38,0.62,0.64,0.02,0.02,75861.9,1776780705000
1776780707.381,107.381,0.36,0.37,0.63,0.64,0.01,0.01,75866.12,1776780706000
1776780707.931,107.931,0.36,0.37,0.63,0.64,0.01,0.01,75866.12,1776780706000
1776780708.35,108.35,0.36,0.37,0.63,0.64,0.01,0.01,75866.12,1776780706000
1776780708.713,108.713,0.36,0.37,0.63,0.64,0.01,0.01,75864.65,1776780707000
1776780709.1,109.1,0.36,0.37,0.63,0.64,0.01,0.01,75864.65,1776780708000
1776780709.657,109.657,0.36,0.37,0.63,0.64,0.01,0.01,75864.65,1776780708000
1776780710.191,110.191,0.35,0.36,0.64,0.65,0.01,0.01,75864.13,1776780709000
1776780710.538,110.538,0.35,0.36,0.64,0.65,0.01,0.01,75864.13,1776780709000
1776780710.998,110.998,0.35,0.36,0.64,0.65,0.01,0.01,75864.13,1776780709000
1776780711.434,111.434,0.35,0.36,0.64,0.65,0.01,0.01,75864.18,1776780710000
1776780711.975,111.975,0.35,0.36,0.64,0.65,0.01,0.01,75862.52,1776780711000
1776780712.564,112.564,0.35,0.36,0.64,0.65,0.01,0.01,75862.52,1776780711000
1776780712.954,112.954,0.35,0.36,0.64,0.65,0.01,0.01,75862.52,1776780711000
1776780713.321,113.321,0.39,0.4,0.6,0.61,0.01,0.01,75862.53,1776780712000
1776780713.932,113.932,0.39,0.4,0.6,0.61,0.01,0.01,75862.53,1776780712000
1776780714.393,114.393,0.39,0.4,0.6,0.61,0.01,0.01,75862.53,1776780712000
1776780714.736,114.736,0.39,0.4,0.6,0.61,0.01,0.01,75863.73,1776780713000
1776780715.467,115.467,0.39,0.4,0.59,0.61,0.01,0.02,75863.73,1776780713000
1776780715.865,115.865,0.39,0.41,0.6,0.61,0.02,0.01,75866.58,1776780714000
1776780716.214,116.214,0.39,0.43,0.57,0.61,0.04,0.04,75876.32,1776780715000
1776780716.606,116.606,0.44,0.48,0.52,0.56,0.04,0.04,75876.32,1776780715000
1776780716.948,116.948,0.48,0.49,0.51,0.52,0.01,0.01,75876.32,1776780715000
1776780717.319,117.319,0.47,0.48,0.52,0.53,0.01,0.01,75876.32,1776780715000
1776780717.665,117.665,0.47,0.48,0.52,0.53,0.01,0.01,75876.32,1776780715000
1776780718.021,118.021,0.47,0.48,0.52,0.53,0.01,0.01,75888.22,1776780716000
1776780718.447,118.447,0.47,0.48,0.52,0.53,0.01,0.01,75886.66,1776780717000
1776780718.781,118.781,0.47,0.48,0.52,0.53,0.01,0.01,75886.66,1776780717000
1776780719.155,119.155,0.47,0.48,0.52,0.53,0.01,0.01,75886.66,1776780717000
1776780719.57,119.57,0.47,0.48,0.52,0.53,0.01,0.01,75884.9,1776780718000
1776780719.926,119.926,0.47,0.48,0.52,0.53,0.01,0.01,75884.9,1776780718000
1776780720.33,120.33,0.42,0.46,0.54,0.58,0.04,0.04,75884.63,1776780719000
1776780720.965,120.965,0.41,0.43,0.57,0.59,0.02,0.02,75884.63,1776780719000
1776780721.33,121.33,0.41,0.42,0.58,0.59,0.01,0.01,75884.63,1776780719000
1776780721.709,121.709,0.41,0.43,0.57,0.59,0.02,0.02,75884.54,1776780720000
1776780722.106,122.106,0.42,0.43,0.57,0.58,0.01,0.01,75884.54,1776780720000
1776780722.82,122.82,0.41,0.42,0.58,0.59,0.01,0.01,75879.49,1776780721000
1776780723.264,123.264,0.4,0.42,0.58,0.6,0.02,0.02,75879.49,1776780721000
1776780723.612,123.612,0.4,0.41,0.59,0.6,0.01,0.01,75876.75,1776780722000
1776780723.945,123.945,0.41,0.42,0.58,0.59,0.01,0.01,75876.75,1776780722000
1776780724.284,124.284,0.41,0.42,0.58,0.59,0.01,0.01,75874.22,1776780723000
1776780724.663,124.663,0.41,0.42,0.58,0.59,0.01,0.01,75874.22,1776780723000
1776780724.997,124.997,0.41,0.42,0.58,0.59,0.01,0.01,75874.22,1776780723000
1776780725.335,125.335,0.41,0.42,0.58,0.59,0.01,0.01,75874.22,1776780723000
1776780725.709,125.709,0.44,0.47,0.53,0.57,0.03,0.04,75874.22,1776780723000
1776780726.102,126.102,0.46,0.47,0.52,0.54,0.01,0.02,75876.83,1776780724000
1776780726.468,126.468,0.46,0.47,0.53,0.54,0.01,0.01,75877.87,1776780725000
1776780726.851,126.851,0.47,0.48,0.52,0.53,0.01,0.01,75877.87,1776780725000
1776780727.285,127.285,0.47,0.48,0.52,0.53,0.01,0.01,75879.96,1776780726000
1776780727.906,127.906,0.47,0.48,0.52,0.53,0.01,0.01,75879.96,1776780726000
1776780728.39,128.39,0.47,0.48,0.52,0.53,0.01,0.01,75879.96,1776780726000
1776780728.753,128.753,0.47,0.48,0.52,0.53,0.01,0.01,75879.96,1776780726000
1776780729.13,129.13,0.44,0.47,0.52,0.56,0.03,0.04,75885.03,1776780727000
1776780729.588,129.588,0.44,0.45,0.55,0.56,0.01,0.01,75885.03,1776780727000
1776780730.001,130.001,0.44,0.45,0.55,0.56,0.01,0.01,75885.27,1776780728000
1776780730.393,130.393,0.44,0.45,0.55,0.56,0.01,0.01,75886.62,1776780729000
1776780730.819,130.819,0.44,0.45,0.55,0.56,0.01,0.01,75886.62,1776780729000
1776780731.314,131.314,0.43,0.45,0.55,0.56,0.02,0.01,75883.45,1776780730000
1776780731.723,131.723,0.42,0.43,0.57,0.58,0.01,0.01,75883.45,1776780730000
1776780732.185,132.185,0.42,0.43,0.57,0.58,0.01,0.01,75881.77,1776780731000
1776780732.607,132.607,0.42,0.43,0.57,0.58,0.01,0.01,75881.77,1776780731000
1776780732.948,132.948,0.41,0.43,0.57,0.59,0.02,0.02,75881.77,1776780731000
1776780733.384,133.384,0.41,0.42,0.58,0.59,0.01,0.01,75877.75,1776780732000
1776780733.847,133.847,0.41,0.42,0.58,0.59,0.01,0.01,75877.75,1776780732000
1776780734.73,134.73,0.41,0.42,0.58,0.59,0.01,0.01,75876.47,1776780733000
1776780735.19,135.19,0.38,0.39,0.6,0.62,0.01,0.02,75875.23,1776780734000
1776780735.635,135.635,0.38,0.39,0.61,0.62,0.01,0.01,75875.23,1776780734000
1776780735.997,135.997,0.38,0.39,0.61,0.62,0.01,0.01,75875.23,1776780734000
1776780736.331,136.331,0.44,0.45,0.56,0.57,0.01,0.01,75875.23,1776780735000
1776780736.733,136.733,0.44,0.45,0.55,0.56,0.01,0.01,75875.23,1776780735000
1776780737.071,137.071,0.44,0.45,0.55,0.56,0.01,0.01,75875.23,1776780735000
1776780737.546,137.546,0.47,0.48,0.52,0.53,0.01,0.01,75871.36,1776780736000
1776780737.954,137.954,0.47,0.48,0.52,0.53,0.01,0.01,75871.36,1776780736000
1776780738.353,138.353,0.47,0.48,0.52,0.53,0.01,0.01,75879.43,1776780737000
1776780738.952,138.952,0.47,0.48,0.52,0.53,0.01,0.01,75879.43,1776780737000
1776780739.302,139.302,0.45,0.46,0.54,0.55,0.01,0.01,75883.85,1776780738000
1776780739.655,139.655,0.42,0.43,0.57,0.58,0.01,0.01,75883.85,1776780738000
1776780740.009,140.009,0.4,0.41,0.57,0.6,0.01,0.03,75883.85,1776780738000
1776780740.487,140.487,0.4,0.41,0.59,0.6,0.01,0.01,75887.51,1776780739000
1776780741.298,141.298,0.4,0.41,0.59,0.6,0.01,0.01,75879.02,1776780740000
1776780741.711,141.711,0.39,0.41,0.59,0.6,0.02,0.01,75879.02,1776780740000
1776780742.077,142.077,0.39,0.4,0.6,0.61,0.01,0.01,75879.02,1776780740000
1776780742.599,142.599,0.39,0.4,0.6,0.61,0.01,0.01,75877.11,1776780741000
1776780742.942,142.942,0.39,0.4,0.6,0.61,0.01,0.01,75877.11,1776780741000
1776780743.869,143.869,0.39,0.4,0.6,0.61,0.01,0.01,75877.1,1776780742000
1776780744.343,144.343,0.39,0.4,0.6,0.61,0.01,0.01,75874.73,1776780743000
1776780745.389,145.389,0.39,0.4,0.6,0.61,0.01,0.01,75872.64,1776780744000
1776780745.743,145.743,0.39,0.4,0.6,0.61,0.01,0.01,75872.64,1776780744000
1776780746.508,146.508,0.37,0.4,0.6,0.63,0.03,0.03,75872.33,1776780745000
1776780746.917,146.917,0.34,0.4,0.6,0.66,0.06,0.06,75872.15,1776780746000
1776780747.277,147.277,0.34,0.38,0.62,0.66,0.04,0.04,75872.15,1776780746000
1776780748.012,148.012,0.33,0.38,0.62,0.67,0.05,0.05,75868.78,1776780747000
1776780748.528,148.528,0.33,0.37,0.63,0.67,0.04,0.04,75868.78,1776780747000
1776780748.861,148.861,0.34,0.37,0.63,0.66,0.03,0.03,75868.78,1776780747000
1776780749.248,149.248,0.36,0.37,0.63,0.65,0.01,0.02,75868.5,1776780748000
1776780749.61,149.61,0.35,0.36,0.64,0.65,0.01,0.01,75868.5,1776780748000
1776780750.063,150.063,0.35,0.36,0.64,0.65,0.01,0.01,75868.5,1776780748000
1776780750.4,150.4,0.35,0.36,0.64,0.65,0.01,0.01,75868.85,1776780749000
1776780750.752,150.752,0.33,0.34,0.66,0.67,0.01,0.01,75868.85,1776780749000
1776780751.114,151.114,0.32,0.33,0.67,0.68,0.01,0.01,75868.85,1776780750000
1776780751.58,151.58,0.32,0.33,0.67,0.68,0.01,0.01,75868.85,1776780750000
1776780752.018,152.018,0.32,0.33,0.67,0.68,0.01,0.01,75868.85,1776780750000
1776780752.45,152.45,0.32,0.33,0.67,0.68,0.01,0.01,75864.82,1776780751000
1776780752.87,152.87,0.31,0.32,0.67,0.69,0.01,0.02,75864.82,1776780751000
1776780753.226,153.226,0.3,0.31,0.68,0.7,0.01,0.02,75864.82,1776780751000
1776780753.608,153.608,0.3,0.31,0.69,0.7,0.01,0.01,75862.95,1776780752000
1776780754.094,154.094,0.3,0.31,0.69,0.7,0.01,0.01,75862.95,1776780752000
1776780754.678,154.678,0.3,0.31,0.69,0.7,0.01,0.01,75861.02,1776780753000
1776780755.408,155.408,0.3,0.31,0.69,0.7,0.01,0.01,75860.39,1776780754000
1776780755.761,155.761,0.28,0.29,0.71,0.72,0.01,0.01,75860.39,1776780754000
1776780756.114,156.114,0.28,0.29,0.71,0.72,0.01,0.01,75860.39,1776780754000
1776780756.467,156.467,0.27,0.28,0.72,0.73,0.01,0.01,75860.88,1776780755000
1776780756.819,156.819,0.27,0.28,0.72,0.73,0.01,0.01,75860.88,1776780755000
1776780757.234,157.234,0.27,0.28,0.72,0.73,0.01,0.01,75860.62,1776780756000
1776780757.684,157.684,0.29,0.3,0.7,0.73,0.01,0.03,75860.62,1776780756000
1776780758.141,158.141,0.29,0.3,0.7,0.71,0.01,0.01,75860.62,1776780756000
1776780758.636,158.636,0.29,0.3,0.7,0.71,0.01,0.01,75857.35,1776780757000
1776780759.141,159.141,0.3,0.32,0.7,0.71,0.02,0.01,75857.35,1776780757000
1776780759.517,159.517,0.32,0.33,0.67,0.69,0.01,0.02,75857.35,1776780757000
1776780759.992,159.992,0.33,0.34,0.66,0.68,0.01,0.02,75860.21,1776780758000
1776780760.447,160.447,0.33,0.34,0.66,0.67,0.01,0.01,75860.57,1776780759000
1776780760.791,160.791,0.35,0.38,0.63,0.65,0.03,0.02,75860.57,1776780759000
1776780761.131,161.131,0.37,0.41,0.59,0.63,0.04,0.04,75860.57,1776780759000
1776780761.479,161.479,0.41,0.42,0.58,0.59,0.01,0.01,75863.04,1776780760000
1776780761.867,161.867,0.41,0.42,0.58,0.59,0.01,0.01,75863.04,1776780760000
1776780762.278,162.278,0.41,0.42,0.58,0.59,0.01,0.01,75863.04,1776780760000
1776780762.717,162.717,0.41,0.42,0.58,0.59,0.01,0.01,75868.68,1776780761000
1776780763.105,163.105,0.41,0.42,0.58,0.59,0.01,0.01,75873.75,1776780762000
1776780763.472,163.472,0.41,0.42,0.58,0.59,0.01,0.01,75873.75,1776780762000
1776780764.031,164.031,0.41,0.42,0.58,0.59,0.01,0.01,75873.75,1776780762000
1776780764.475,164.475,0.42,0.45,0.56,0.59,0.03,0.03,75876.16,1776780763000
1776780764.961,164.961,0.46,0.47,0.54,0.55,0.01,0.01,75876.16,1776780763000
1776780765.298,165.298,0.46,0.47,0.53,0.54,0.01,0.01,75877.16,1776780764000
1776780765.644,165.644,0.46,0.47,0.53,0.54,0.01,0.01,75877.16,1776780764000
1776780766.34,166.34,0.45,0.47,0.53,0.54,0.02,0.01,75877.16,1776780764000
1776780766.715,166.715,0.45,0.46,0.54,0.55,0.01,0.01,75881.61,1776780765000
1776780767.173,167.173,0.45,0.46,0.54,0.55,0.01,0.01,75881.61,1776780765000
1776780767.769,167.769,0.45,0.46,0.54,0.55,0.01,0.01,75888.84,1776780766000
1776780768.144,168.144,0.41,0.43,0.56,0.59,0.02,0.03,75888.84,1776780766000
1776780768.484,168.484,0.37,0.38,0.62,0.63,0.01,0.01,75884.95,1776780767000
1776780768.913,168.913,0.37,0.38,0.62,0.63,0.01,0.01,75884.95,1776780767000
1776780769.317,169.317,0.37,0.38,0.62,0.63,0.01,0.01,75884.32,1776780768000
1776780769.701,169.701,0.38,0.39,0.61,0.63,0.01,0.02,75884.32,1776780768000
1776780770.042,170.042,0.38,0.39,0.61,0.62,0.01,0.01,75884.32,1776780768000
1776780770.423,170.423,0.38,0.39,0.61,0.62,0.01,0.01,75879.22,1776780769000
1776780770.779,170.779,0.38,0.39,0.61,0.62,0.01,0.01,75879.22,1776780769000
1776780771.247,171.247,0.38,0.39,0.61,0.62,0.01,0.01,75879.22,1776780769000
1776780771.581,171.581,0.38,0.39,0.61,0.62,0.01,0.01,75879.22,1776780770000
1776780772.089,172.089,0.38,0.39,0.61,0.62,0.01,0.01,75879.22,1776780770000
1776780772.467,172.467,0.38,0.39,0.61,0.62,0.01,0.01,75879.22,1776780770000
1776780772.976,172.976,0.37,0.38,0.61,0.63,0.01,0.02,75878.76,1776780771000
1776780773.509,173.509,0.37,0.4,0.62,0.63,0.03,0.01,75877.41,1776780772000
1776780773.937,173.937,0.42,0.43,0.55,0.61,0.01,0.06,75877.41,1776780772000
1776780774.403,174.403,0.44,0.46,0.55,0.57,0.02,0.02,75875.1,1776780773000
1776780774.869,174.869,0.45,0.47,0.54,0.55,0.02,0.01,75875.1,1776780773000
1776780775.209,175.209,0.46,0.47,0.53,0.55,0.01,0.02,75875.1,1776780773000
1776780775.66,175.66,0.46,0.47,0.53,0.54,0.01,0.01,75876.84,1776780774000
1776780776.0,176.0,0.46,0.47,0.53,0.54,0.01,0.01,75884.01,1776780775000
1776780776.347,176.347,0.46,0.47,0.53,0.54,0.01,0.01,75884.01,1776780775000
1776780776.697,176.697,0.46,0.47,0.53,0.54,0.01,0.01,75884.01,1776780775000
1776780777.063,177.063,0.45,0.47,0.53,0.55,0.02,0.02,75885.87,1776780776000
1776780777.831,177.831,0.45,0.46,0.54,0.55,0.01,0.01,75885.87,1776780776000
1776780778.173,178.173,0.45,0.46,0.54,0.55,0.01,0.01,75885.97,1776780777000
1776780778.963,178.963,0.45,0.46,0.54,0.55,0.01,0.01,75885.97,1776780777000
1776780779.306,179.306,0.45,0.46,0.54,0.55,0.01,0.01,75884.22,1776780778000
1776780779.692,179.692,0.45,0.46,0.54,0.55,0.01,0.01,75884.22,1776780778000
1776780780.139,180.139,0.45,0.46,0.54,0.55,0.01,0.01,75884.22,1776780778000
1776780780.608,180.608,0.45,0.46,0.54,0.55,0.01,0.01,75884.35,1776780779000
1776780781.164,181.164,0.45,0.46,0.54,0.55,0.01,0.01,75884.35,1776780779000
1776780781.565,181.565,0.45,0.46,0.54,0.55,0.01,0.01,75886.13,1776780780000
1776780781.954,181.954,0.41,0.43,0.57,0.58,0.02,0.01,75886.13,1776780780000
1776780782.448,182.448,0.41,0.42,0.58,0.59,0.01,0.01,75887.18,1776780781000
1776780782.802,182.802,0.42,0.43,0.57,0.58,0.01,0.01,75887.18,1776780781000
1776780783.152,183.152,0.45,0.46,0.53,0.55,0.01,0.02,75887.18,1776780781000
1776780783.619,183.619,0.46,0.47,0.53,0.54,0.01,0.01,75885.13,1776780782000
1776780783.955,183.955,0.51,0.54,0.46,0.49,0.03,0.03,75885.13,1776780782000
1776780784.291,184.291,0.51,0.52,0.48,0.5,0.01,0.02,75885.13,1776780782000
1776780784.625,184.625,0.51,0.52,0.48,0.49,0.01,0.01,75885.13,1776780782000
1776780784.997,184.997,0.51,0.52,0.48,0.49,0.01,0.01,75887.4,1776780783000
1776780785.376,185.376,0.51,0.52,0.48,0.49,0.01,0.01,75892.25,1776780784000
1776780785.943,185.943,0.51,0.52,0.48,0.49,0.01,0.01,75892.25,1776780784000
1776780786.281,186.281,0.51,0.52,0.48,0.49,0.01,0.01,75892.25,1776780784000
1776780786.653,186.653,0.51,0.52,0.48,0.49,0.01,0.01,75892.25,1776780784000
1776780787.338,187.338,0.51,0.52,0.48,0.49,0.01,0.01,75894.86,1776780786000
1776780787.803,187.803,0.51,0.52,0.48,0.49,0.01,0.01,75894.86,1776780786000
1776780788.155,188.155,0.51,0.52,0.48,0.49,0.01,0.01,75894.86,1776780786000
1776780788.517,188.517,0.51,0.52,0.48,0.49,0.01,0.01,75894.41,1776780787000
1776780788.917,188.917,0.51,0.52,0.48,0.49,0.01,0.01,75894.41,1776780788000
1776780789.332,189.332,0.51,0.52,0.48,0.49,0.01,0.01,75894.41,1776780788000
1776780789.669,189.669,0.48,0.49,0.48,0.52,0.01,0.04,75894.41,1776780788000
1776780790.036,190.036,0.48,0.49,0.51,0.52,0.01,0.01,75895.16,1776780789000
1776780790.371,190.371,0.48,0.49,0.51,0.52,0.01,0.01,75895.16,1776780789000
1776780790.81,190.81,0.48,0.49,0.51,0.52,0.01,0.01,75895.16,1776780789000
1776780791.163,191.163,0.48,0.49,0.51,0.52,0.01,0.01,75895.39,1776780790000
1776780791.536,191.536,0.48,0.49,0.51,0.52,0.01,0.01,75895.39,1776780790000
1776780792.016,192.016,0.48,0.49,0.51,0.52,0.01,0.01,75895.39,1776780790000
1776780792.411,192.411,0.48,0.49,0.51,0.52,0.01,0.01,75893.78,1776780791000
1776780792.845,192.845,0.48,0.49,0.51,0.52,0.01,0.01,75893.78,1776780791000
1776780793.332,193.332,0.47,0.48,0.51,0.53,0.01,0.02,75892.86,1776780792000
1776780793.869,193.869,0.46,0.47,0.52,0.54,0.01,0.02,75892.86,1776780792000
1776780794.29,194.29,0.44,0.47,0.53,0.56,0.03,0.03,75891.84,1776780793000
1776780795.086,195.086,0.38,0.41,0.59,0.62,0.03,0.03,75891.84,1776780794000
1776780795.555,195.555,0.38,0.41,0.59,0.62,0.03,0.03,75891.84,1776780794000
1776780796.026,196.026,0.37,0.4,0.6,0.62,0.03,0.02,75891.84,1776780794000
1776780796.824,196.824,0.37,0.4,0.6,0.63,0.03,0.03,75879.9,1776780795000
1776780797.164,197.164,0.37,0.4,0.6,0.63,0.03,0.03,75868.79,1776780796000
1776780797.548,197.548,0.36,0.4,0.6,0.64,0.04,0.04,75868.79,1776780796000
1776780798.006,198.006,0.36,0.4,0.6,0.64,0.04,0.04,75868.79,1776780796000
1776780798.488,198.488,0.32,0.34,0.66,0.68,0.02,0.02,75863.94,1776780797000
1776780798.878,198.878,0.31,0.34,0.66,0.69,0.03,0.03,75863.94,1776780797000
1776780799.245,199.245,0.34,0.37,0.63,0.66,0.03,0.03,75863.11,1776780798000
1776780799.605,199.605,0.36,0.37,0.63,0.66,0.01,0.03,75863.11,1776780798000
1776780800.047,200.047,0.31,0.32,0.68,0.69,0.01,0.01,75863.11,1776780798000
1776780800.451,200.451,0.29,0.3,0.7,0.71,0.01,0.01,75863.11,1776780798000
1776780800.827,200.827,0.27,0.3,0.7,0.73,0.03,0.03,75864.95,1776780799000
1776780801.162,201.162,0.28,0.29,0.7,0.71,0.01,0.01,75864.95,1776780799000
1776780801.51,201.51,0.21,0.23,0.77,0.79,0.02,0.02,75867.86,1776780800000
1776780801.844,201.844,0.22,0.23,0.77,0.78,0.01,0.01,75867.86,1776780800000
1776780802.336,202.336,0.22,0.23,0.77,0.78,0.01,0.01,75867.86,1776780800000
1776780802.972,202.972,0.22,0.23,0.77,0.78,0.01,0.01,75863.72,1776780801000
1776780803.316,203.316,0.22,0.23,0.77,0.78,0.01,0.01,75859.72,1776780802000
1776780803.663,203.663,0.22,0.23,0.77,0.78,0.01,0.01,75859.72,1776780802000
1776780804.118,204.118,0.22,0.24,0.77,0.78,0.02,0.01,75859.72,1776780802000
1776780804.767,204.767,0.22,0.23,0.77,0.78,0.01,0.01,75859.72,1776780802000
1776780805.128,205.128,0.22,0.23,0.77,0.78,0.01,0.01,75856.72,1776780803000
1776780805.487,205.487,0.22,0.23,0.77,0.78,0.01,0.01,75856.72,1776780803000
1776780805.947,205.947,0.22,0.23,0.77,0.78,0.01,0.01,75856.72,1776780804000
1776780806.334,206.334,0.22,0.23,0.77,0.78,0.01,0.01,75856.72,1776780804000
1776780806.755,206.755,0.2,0.23,0.77,0.8,0.03,0.03,75856.57,1776780805000
1776780807.096,207.096,0.14,0.15,0.85,0.86,0.01,0.01,75856.57,1776780805000
1776780807.44,207.44,0.13,0.14,0.86,0.87,0.01,0.01,75856.57,1776780805000
1776780807.812,207.812,0.13,0.14,0.86,0.87,0.01,0.01,75856.57,1776780805000
1776780808.226,208.226,0.13,0.14,0.86,0.87,0.01,0.01,75838.9,1776780806000
1776780808.597,208.597,0.13,0.14,0.86,0.87,0.01,0.01,75838.9,1776780806000
1776780808.949,208.949,0.13,0.14,0.86,0.87,0.01,0.01,75838.63,1776780807000
1776780809.418,209.418,0.13,0.14,0.86,0.87,0.01,0.01,75838.63,1776780807000
1776780809.809,209.809,0.13,0.14,0.86,0.87,0.01,0.01,75835.29,1776780808000
1776780810.164,210.164,0.11,0.14,0.86,0.89,0.03,0.03,75835.29,1776780808000
1776780810.522,210.522,0.1,0.11,0.89,0.9,0.01,0.01,75835.29,1776780808000
1776780810.913,210.913,0.09,0.1,0.9,0.91,0.01,0.01,75835.8,1776780809000
1776780811.261,211.261,0.09,0.1,0.9,0.91,0.01,0.01,75835.8,1776780809000
1776780811.613,211.613,0.1,0.11,0.89,0.9,0.01,0.01,75835.73,1776780810000
1776780811.965,211.965,0.1,0.11,0.89,0.9,0.01,0.01,75835.73,1776780810000
1776780812.635,212.635,0.1,0.11,0.89,0.9,0.01,0.01,75835.73,1776780810000
1776780813.017,213.017,0.1,0.11,0.89,0.9,0.01,0.01,75828.23,1776780811000
1776780813.407,213.407,0.09,0.11,0.89,0.91,0.02,0.02,75828.23,1776780811000
1776780813.825,213.825,0.1,0.11,0.89,0.91,0.01,0.02,75827.4,1776780812000
1776780814.353,214.353,0.1,0.11,0.89,0.9,0.01,0.01,75827.4,1776780812000
1776780814.71,214.71,0.1,0.11,0.89,0.9,0.01,0.01,75824.61,1776780813000
1776780815.064,215.064,0.1,0.11,0.89,0.9,0.01,0.01,75824.61,1776780813000
1776780815.427,215.427,0.1,0.11,0.89,0.9,0.01,0.01,75824.61,1776780813000
1776780815.937,215.937,0.1,0.11,0.89,0.9,0.01,0.01,75824.61,1776780813000
1776780816.272,216.272,0.1,0.11,0.89,0.9,0.01,0.01,75822.93,1776780814000
1776780816.613,216.613,0.1,0.11,0.89,0.9,0.01,0.01,75822.93,1776780814000
1776780816.953,216.953,0.1,0.11,0.89,0.9,0.01,0.01,75822.56,1776780815000
1776780817.336,217.336,0.1,0.11,0.89,0.9,0.01,0.01,75822.56,1776780815000
1776780817.906,217.906,0.1,0.11,0.89,0.9,0.01,0.01,75822.76,1776780816000
1776780818.24,218.24,0.08,0.09,0.91,0.92,0.01,0.01,75822.76,1776780816000
1776780818.577,218.577,0.07,0.08,0.92,0.93,0.01,0.01,75823.55,1776780817000
1776780819.027,219.027,0.07,0.08,0.92,0.93,0.01,0.01,75823.55,1776780817000
1776780819.443,219.443,0.07,0.08,0.92,0.93,0.01,0.01,75823.55,1776780817000
1776780819.796,219.796,0.07,0.08,0.92,0.93,0.01,0.01,75823.74,1776780818000
1776780820.187,220.187,0.07,0.08,0.92,0.93,0.01,0.01,75823.74,1776780818000
1776780820.579,220.579,0.07,0.08,0.92,0.93,0.01,0.01,75823.74,1776780818000
1776780820.969,220.969,0.07,0.08,0.92,0.93,0.01,0.01,75817.03,1776780819000
1776780821.485,221.485,0.07,0.08,0.92,0.93,0.01,0.01,75815.54,1776780820000
1776780822.078,222.078,0.08,0.09,0.91,0.92,0.01,0.01,75815.54,1776780820000
1776780822.459,222.459,0.08,0.09,0.91,0.92,0.01,0.01,75815.54,1776780820000
1776780822.796,222.796,0.08,0.11,0.9,0.92,0.03,0.02,75816.1,1776780821000
1776780823.399,223.399,0.1,0.12,0.89,0.9,0.02,0.01,75819.97,1776780822000
1776780823.749,223.749,0.12,0.13,0.87,0.88,0.01,0.01,75819.97,1776780822000
1776780824.105,224.105,0.13,0.14,0.86,0.87,0.01,0.01,75819.97,1776780822000
1776780824.44,224.44,0.13,0.15,0.86,0.87,0.02,0.01,75828.16,1776780823000
1776780824.811,224.811,0.14,0.15,0.85,0.86,0.01,0.01,75828.16,1776780823000
1776780825.192,225.192,0.13,0.14,0.86,0.87,0.01,0.01,75828.16,1776780823000
1776780825.665,225.665,0.13,0.14,0.86,0.87,0.01,0.01,75834.73,1776780824000
1776780826.141,226.141,0.13,0.14,0.86,0.87,0.01,0.01,75834.73,1776780824000
1776780826.591,226.591,0.13,0.14,0.86,0.87,0.01,0.01,75839.53,1776780825000
1776780827.173,227.173,0.13,0.14,0.86,0.87,0.01,0.01,75839.53,1776780825000
1776780828.006,228.006,0.13,0.14,0.86,0.87,0.01,0.01,75840.98,1776780826000
1776780828.463,228.463,0.13,0.14,0.86,0.87,0.01,0.01,75841.15,1776780827000
1776780828.992,228.992,0.13,0.14,0.86,0.87,0.01,0.01,75841.15,1776780827000
1776780829.428,229.428,0.13,0.14,0.86,0.87,0.01,0.01,75842.52,1776780828000
1776780829.776,229.776,0.14,0.15,0.85,0.86,0.01,0.01,75842.52,1776780828000
1776780830.131,230.131,0.14,0.15,0.85,0.86,0.01,0.01,75842.52,1776780828000
1776780830.465,230.465,0.14,0.15,0.85,0.86,0.01,0.01,75843.53,1776780829000
1776780830.924,230.924,0.14,0.15,0.85,0.86,0.01,0.01,75843.53,1776780829000
1776780831.311,231.311,0.14,0.15,0.85,0.86,0.01,0.01,75843.53,1776780829000
1776780831.953,231.953,0.13,0.14,0.86,0.87,0.01,0.01,75844.17,1776780830000
1776780832.408,232.408,0.13,0.14,0.86,0.87,0.01,0.01,75843.95,1776780831000
1776780832.85,232.85,0.13,0.14,0.86,0.87,0.01,0.01,75843.95,1776780831000
1776780833.478,233.478,0.13,0.14,0.86,0.87,0.01,0.01,75842.9,1776780832000
1776780834.124,234.124,0.12,0.14,0.86,0.88,0.02,0.02,75842.79,1776780833000
1776780835.324,235.324,0.12,0.13,0.87,0.88,0.01,0.01,75842.79,1776780833000
1776780835.72,235.72,0.12,0.13,0.87,0.88,0.01,0.01,75842.78,1776780834000
1776780836.485,236.485,0.12,0.13,0.87,0.88,0.01,0.01,75843.21,1776780835000
1776780836.879,236.879,0.11,0.12,0.88,0.89,0.01,0.01,75843.21,1776780835000
1776780837.234,237.234,0.11,0.12,0.88,0.89,0.01,0.01,75843.21,1776780836000
1776780837.607,237.607,0.11,0.12,0.88,0.89,0.01,0.01,75843.21,1776780836000
1776780837.943,237.943,0.13,0.14,0.87,0.89,0.01,0.02,75843.21,1776780836000
1776780838.306,238.306,0.15,0.16,0.84,0.85,0.01,0.01,75843.21,1776780836000
1776780838.713,238.713,0.15,0.16,0.84,0.85,0.01,0.01,75842.42,1776780837000
1776780839.057,239.057,0.15,0.16,0.84,0.85,0.01,0.01,75842.42,1776780837000
1776780839.403,239.403,0.15,0.16,0.84,0.85,0.01,0.01,75843.06,1776780838000
1776780839.751,239.751,0.15,0.16,0.84,0.85,0.01,0.01,75843.06,1776780838000
1776780840.219,240.219,0.15,0.16,0.84,0.85,0.01,0.01,75844.76,1776780839000
1776780840.581,240.581,0.16,0.17,0.84,0.85,0.01,0.01,75844.76,1776780839000
1776780841.011,241.011,0.17,0.18,0.82,0.83,0.01,0.01,75844.76,1776780839000
1776780841.358,241.358,0.17,0.18,0.82,0.83,0.01,0.01,75848.26,1776780840000
1776780841.702,241.702,0.17,0.18,0.82,0.83,0.01,0.01,75848.26,1776780840000
1776780842.252,242.252,0.17,0.18,0.82,0.83,0.01,0.01,75848.26,1776780840000
1776780842.605,242.605,0.17,0.18,0.82,0.83,0.01,0.01,75850.39,1776780841000
1776780843.239,243.239,0.15,0.16,0.82,0.84,0.01,0.02,75850.69,1776780842000
1776780843.98,243.98,0.14,0.16,0.84,0.85,0.02,0.01,75850.69,1776780842000
1776780844.328,244.328,0.13,0.14,0.86,0.87,0.01,0.01,75854.41,1776780843000
1776780844.732,244.732,0.13,0.14,0.86,0.87,0.01,0.01,75854.41,1776780843000
1776780845.201,245.201,0.13,0.14,0.86,0.87,0.01,0.01,75854.41,1776780843000
1776780845.755,245.755,0.13,0.14,0.86,0.87,0.01,0.01,75852.99,1776780844000
1776780846.127,246.127,0.13,0.14,0.86,0.87,0.01,0.01,75852.99,1776780844000
1776780846.47,246.47,0.13,0.14,0.86,0.87,0.01,0.01,75845.37,1776780845000
1776780846.919,246.919,0.13,0.14,0.86,0.87,0.01,0.01,75845.37,1776780845000
1776780847.269,247.269,0.13,0.14,0.86,0.87,0.01,0.01,75844.41,1776780846000
1776780847.876,247.876,0.13,0.15,0.86,0.87,0.02,0.01,75844.41,1776780846000
1776780848.218,248.218,0.14,0.16,0.84,0.86,0.02,0.02,75844.41,1776780846000
1776780848.565,248.565,0.21,0.27,0.73,0.79,0.06,0.06,75845.6,1776780847000
1776780848.924,248.924,0.25,0.26,0.75,0.76,0.01,0.01,75845.6,1776780847000
1776780849.269,249.269,0.25,0.27,0.73,0.75,0.02,0.02,75845.6,1776780847000
1776780849.647,249.647,0.24,0.25,0.75,0.76,0.01,0.01,75849.56,1776780848000
1776780850.127,250.127,0.24,0.25,0.75,0.76,0.01,0.01,75849.56,1776780848000
1776780850.465,250.465,0.24,0.25,0.75,0.76,0.01,0.01,75856.25,1776780849000
1776780850.872,250.872,0.23,0.24,0.75,0.77,0.01,0.02,75856.25,1776780849000
1776780851.212,251.212,0.2,0.23,0.77,0.79,0.03,0.02,75856.25,1776780849000
1776780851.548,251.548,0.19,0.21,0.77,0.8,0.02,0.03,75863.76,1776780850000
1776780851.953,251.953,0.19,0.2,0.8,0.81,0.01,0.01,75863.76,1776780850000
1776780852.344,252.344,0.22,0.23,0.77,0.79,0.01,0.02,75863.76,1776780850000
1776780852.839,252.839,0.25,0.26,0.74,0.76,0.01,0.02,75863.76,1776780850000
1776780853.192,253.192,0.25,0.26,0.74,0.75,0.01,0.01,75865.58,1776780851000
1776780853.542,253.542,0.31,0.32,0.68,0.69,0.01,0.01,75865.58,1776780851000
1776780853.881,253.881,0.34,0.37,0.64,0.68,0.03,0.04,75864.78,1776780852000
1776780854.233,254.233,0.36,0.38,0.63,0.64,0.02,0.01,75864.78,1776780853000
1776780854.664,254.664,0.42,0.43,0.57,0.58,0.01,0.01,75864.78,1776780853000
1776780855.085,255.085,0.42,0.43,0.57,0.58,0.01,0.01,75864.78,1776780853000
1776780855.423,255.423,0.41,0.42,0.58,0.59,0.01,0.01,75870.2,1776780854000
1776780855.805,255.805,0.4,0.41,0.59,0.6,0.01,0.01,75870.2,1776780854000
1776780856.474,256.474,0.35,0.36,0.62,0.65,0.01,0.03,75876.58,1776780855000
1776780856.811,256.811,0.35,0.36,0.64,0.65,0.01,0.01,75876.58,1776780855000
1776780857.186,257.186,0.34,0.35,0.65,0.66,0.01,0.01,75876.58,1776780855000
1776780857.705,257.705,0.28,0.29,0.71,0.72,0.01,0.01,75885.27,1776780856000
1776780858.112,258.112,0.27,0.28,0.71,0.72,0.01,0.01,75885.27,1776780856000
1776780858.447,258.447,0.24,0.28,0.72,0.76,0.04,0.04,75883.89,1776780857000
1776780859.042,259.042,0.25,0.26,0.74,0.75,0.01,0.01,75883.89,1776780857000
1776780859.546,259.546,0.25,0.26,0.74,0.75,0.01,0.01,75883.89,1776780857000
1776780860.143,260.143,0.25,0.26,0.73,0.75,0.01,0.02,75880.15,1776780858000
1776780860.49,260.49,0.25,0.26,0.74,0.75,0.01,0.01,75878.52,1776780859000
1776780861.044,261.044,0.25,0.26,0.74,0.75,0.01,0.01,75878.52,1776780859000
1776780861.488,261.488,0.23,0.24,0.74,0.77,0.01,0.03,75878.52,1776780859000
1776780861.948,261.948,0.23,0.24,0.76,0.77,0.01,0.01,75875.48,1776780860000
1776780862.381,262.381,0.23,0.24,0.76,0.77,0.01,0.01,75875.42,1776780861000
1776780862.871,262.871,0.21,0.22,0.76,0.79,0.01,0.03,75875.42,1776780861000
1776780863.295,263.295,0.13,0.22,0.78,0.87,0.09,0.09,75875.42,1776780861000
1776780863.628,263.628,0.13,0.14,0.86,0.87,0.01,0.01,75875.42,1776780861000
1776780863.97,263.97,0.13,0.14,0.86,0.87,0.01,0.01,75874.55,1776780862000
1776780864.345,264.345,0.13,0.14,0.86,0.87,0.01,0.01,75874.55,1776780863000
1776780864.681,264.681,0.12,0.13,0.87,0.88,0.01,0.01,75874.55,1776780863000
1776780865.053,265.053,0.12,0.13,0.87,0.88,0.01,0.01,75868.69,1776780864000
1776780865.428,265.428,0.12,0.13,0.87,0.88,0.01,0.01,75868.69,1776780864000
1776780865.856,265.856,0.16,0.17,0.83,0.84,0.01,0.01,75868.69,1776780864000
1776780866.22,266.22,0.21,0.22,0.78,0.79,0.01,0.01,75868.69,1776780864000
1776780866.587,266.587,0.21,0.22,0.78,0.79,0.01,0.01,75868.69,1776780864000
1776780866.964,266.964,0.21,0.22,0.78,0.79,0.01,0.01,75865.63,1776780865000
1776780867.47,267.47,0.21,0.22,0.78,0.79,0.01,0.01,75865.9,1776780866000
1776780867.817,267.817,0.21,0.22,0.78,0.79,0.01,0.01,75865.9,1776780866000
1776780868.236,268.236,0.24,0.25,0.75,0.76,0.01,0.01,75865.9,1776780866000
1776780868.602,268.602,0.27,0.28,0.72,0.74,0.01,0.02,75871.76,1776780867000
1776780869.324,269.324,0.27,0.28,0.72,0.73,0.01,0.01,75873.01,1776780868000
1776780869.708,269.708,0.27,0.3,0.72,0.73,0.03,0.01,75873.01,1776780868000
1776780870.045,270.045,0.36,0.37,0.63,0.64,0.01,0.01,75874.73,1776780869000
1776780870.384,270.384,0.38,0.39,0.61,0.63,0.01,0.02,75874.73,1776780869000
1776780870.751,270.751,0.38,0.39,0.61,0.62,0.01,0.01,75874.73,1776780869000
1776780871.085,271.085,0.38,0.39,0.61,0.62,0.01,0.01,75877.48,1776780870000
1776780871.452,271.452,0.38,0.39,0.61,0.62,0.01,0.01,75877.48,1776780870000
1776780871.891,271.891,0.38,0.39,0.61,0.62,0.01,0.01,75877.48,1776780870000
1776780872.232,272.232,0.36,0.37,0.62,0.64,0.01,0.02,75882.26,1776780871000
1776780872.75,272.75,0.36,0.37,0.63,0.64,0.01,0.01,75882.26,1776780871000
1776780873.108,273.108,0.35,0.36,0.64,0.65,0.01,0.01,75885.23,1776780872000
1776780873.571,273.571,0.34,0.35,0.64,0.65,0.01,0.01,75885.23,1776780872000
1776780873.962,273.962,0.24,0.28,0.72,0.76,0.04,0.04,75885.23,1776780872000
1776780874.329,274.329,0.17,0.18,0.82,0.84,0.01,0.02,75886.32,1776780873000
1776780874.667,274.667,0.22,0.23,0.77,0.78,0.01,0.01,75886.32,1776780873000
1776780875.179,275.179,0.25,0.26,0.74,0.75,0.01,0.01,75885.93,1776780874000
1776780875.515,275.515,0.25,0.26,0.74,0.75,0.01,0.01,75885.93,1776780874000
1776780875.867,275.867,0.25,0.26,0.74,0.75,0.01,0.01,75878.97,1776780875000
1776780876.257,276.257,0.25,0.26,0.74,0.75,0.01,0.01,75878.97,1776780875000
1776780876.664,276.664,0.22,0.26,0.74,0.75,0.04,0.01,75878.97,1776780875000
1776780877.087,277.087,0.23,0.24,0.76,0.77,0.01,0.01,75878.96,1776780876000
1776780877.53,277.53,0.23,0.24,0.76,0.77,0.01,0.01,75878.96,1776780876000
1776780878.029,278.029,0.22,0.23,0.77,0.78,0.01,0.01,75879.82,1776780877000
1776780878.407,278.407,0.22,0.23,0.77,0.78,0.01,0.01,75879.82,1776780877000
1776780878.84,278.84,0.23,0.24,0.76,0.77,0.01,0.01,75879.82,1776780877000
1776780879.198,279.198,0.31,0.32,0.68,0.71,0.01,0.03,75879.82,1776780877000
1776780879.61,279.61,0.31,0.32,0.68,0.69,0.01,0.01,75880.66,1776780878000
1776780879.958,279.958,0.34,0.35,0.65,0.66,0.01,0.01,75880.66,1776780878000
1776780880.326,280.326,0.34,0.35,0.65,0.66,0.01,0.01,75880.66,1776780878000
1776780880.681,280.681,0.34,0.35,0.65,0.66,0.01,0.01,75879.12,1776780879000
1776780881.025,281.025,0.31,0.32,0.66,0.69,0.01,0.03,75879.12,1776780879000
1776780881.427,281.427,0.3,0.31,0.68,0.7,0.01,0.02,75879.12,1776780879000
1776780881.778,281.778,0.29,0.3,0.7,0.71,0.01,0.01,75879.12,1776780879000
1776780882.133,282.133,0.29,0.3,0.7,0.71,0.01,0.01,75882.64,1776780880000
1776780882.479,282.479,0.29,0.3,0.7,0.71,0.01,0.01,75884.36,1776780881000
1776780882.845,282.845,0.29,0.3,0.7,0.71,0.01,0.01,75884.36,1776780881000
1776780883.209,283.209,0.28,0.29,0.71,0.72,0.01,0.01,75884.36,1776780881000
1776780883.546,283.546,0.27,0.28,0.71,0.73,0.01,0.02,75886.1,1776780882000
1776780883.913,283.913,0.26,0.27,0.72,0.73,0.01,0.01,75886.1,1776780882000
1776780884.254,284.254,0.26,0.27,0.73,0.74,0.01,0.01,75886.1,1776780883000
1776780884.663,284.663,0.18,0.19,0.75,0.79,0.01,0.04,75886.1,1776780883000
1776780885.018,285.018,0.16,0.19,0.81,0.82,0.03,0.01,75886.1,1776780883000
1776780885.352,285.352,0.11,0.13,0.87,0.89,0.02,0.02,75884.25,1776780884000
1776780885.741,285.741,0.09,0.1,0.9,0.92,0.01,0.02,75884.25,1776780884000
1776780886.075,286.075,0.06,0.08,0.92,0.93,0.02,0.01,75884.25,1776780884000
1776780886.446,286.446,0.06,0.07,0.93,0.94,0.01,0.01,75879.64,1776780885000
1776780886.82,286.82,0.06,0.07,0.93,0.94,0.01,0.01,75879.64,1776780885000
1776780887.237,287.237,0.05,0.06,0.94,0.95,0.01,0.01,75878.1,1776780886000
1776780887.644,287.644,0.05,0.06,0.94,0.95,0.01,0.01,75878.1,1776780886000
1776780888.0,288.0,0.05,0.06,0.94,0.95,0.01,0.01,75878.1,1776780886000
1776780888.374,288.374,0.05,0.06,0.94,0.95,0.01,0.01,75871.59,1776780887000
1776780888.724,288.724,0.05,0.06,0.94,0.95,0.01,0.01,75871.59,1776780887000
1776780889.08,289.08,0.04,0.06,0.94,0.95,0.02,0.01,75871.59,1776780887000
1776780889.413,289.413,0.04,0.05,0.95,0.96,0.01,0.01,75862.52,1776780888000
1776780889.751,289.751,0.03,0.04,0.96,0.97,0.01,0.01,75862.52,1776780888000
1776780890.346,290.346,0.03,0.04,0.96,0.97,0.01,0.01,75862.52,1776780888000
1776780890.721,290.721,0.03,0.04,0.96,0.97,0.01,0.01,75867.24,1776780889000
1776780891.09,291.09,0.03,0.04,0.96,0.97,0.01,0.01,75867.46,1776780890000
1776780891.433,291.433,0.03,0.04,0.96,0.97,0.01,0.01,75867.46,1776780890000
1776780891.855,291.855,0.03,0.04,0.96,0.97,0.01,0.01,75867.46,1776780890000
1776780892.191,292.191,0.03,0.04,0.96,0.97,0.01,0.01,75866.36,1776780891000
1776780892.559,292.559,0.03,0.04,0.96,0.97,0.01,0.01,75866.36,1776780891000
1776780892.951,292.951,0.02,0.05,0.95,0.96,0.03,0.01,75866.36,1776780891000
1776780893.377,293.377,0.02,0.03,0.97,0.98,0.01,0.01,75865.51,1776780892000
1776780893.757,293.757,0.01,0.03,0.97,0.98,0.02,0.01,75865.51,1776780892000
1776780894.112,294.112,0.01,0.02,0.97,0.99,0.01,0.02,75867.41,1776780893000
1776780894.469,294.469,0.01,0.02,0.98,0.99,0.01,0.01,75867.41,1776780893000
1776780894.817,294.817,0.01,0.02,0.98,0.99,0.01,0.01,75867.41,1776780893000
1776780895.179,295.179,0.01,0.02,0.98,0.99,0.01,0.01,75869.76,1776780894000
1776780895.54,295.54,0.01,0.02,0.98,0.99,0.01,0.01,75869.76,1776780894000
1776780895.915,295.915,0.01,0.01,0.99,0.99,0.0,0.0,75869.76,1776780894000
1776780896.29,296.29,0.01,0.01,0.99,0.99,0.0,0.0,75869.76,1776780894000
1776780896.666,296.666,0.01,0.01,0.99,0.99,0.0,0.0,75868.09,1776780895000
1776780897.021,297.021,0.01,0.01,0.99,0.99,0.0,0.0,75868.09,1776780895000
1776780897.65,297.65,0.01,0.01,0.99,0.99,0.0,0.0,75859.63,1776780896000
1776780897.983,297.983,0.01,0.01,0.99,0.99,0.0,0.0,75859.63,1776780896000
1776780898.503,298.503,0.01,0.01,0.99,0.99,0.0,0.0,75859.11,1776780897000
1776780899.132,299.132,0.01,0.01,0.99,0.99,0.0,0.0,75859.11,1776780897000
1776780899.496,299.496,0.01,0.01,0.99,0.99,0.0,0.0,75859.11,1776780898000
1776780899.951,299.951,0.01,0.01,0.99,0.99,0.0,0.0,75859.11,1776780898000
1776780900.342,300.342,0.01,0.01,0.99,0.99,0.0,0.0,75859.19,1776780899000
1776780900.892,300.892,0.01,0.01,0.99,0.99,0.0,0.0,75859.19,1776780899000
1776780901.554,301.554,0.01,0.01,0.99,0.99,0.0,0.0,75860.61,1776780900000
1776780902.468,302.468,0.01,0.01,0.99,0.99,0.0,0.0,75861.13,1776780901000

# RESULT,winner=Down,slug=btc-updown-5m-1776780600,ticks=704
