timestamp,elapsed_sec,up_bid,up_ask,down_bid,down_ask,up_spread,down_spread,btc_price,btc_oracle_ts
1776366900.557,0.557,0.48,0.49,0.51,0.52,0.01,0.01,74838.2,1776366899000
1776366901.244,1.244,0.48,0.49,0.51,0.52,0.01,0.01,74838.1,1776366900000
1776366901.654,1.654,0.48,0.49,0.51,0.52,0.01,0.01,74838.1,1776366900000
1776366902.244,2.244,0.48,0.49,0.51,0.52,0.01,0.01,74838.1,1776366900000
1776366902.593,2.593,0.48,0.49,0.51,0.52,0.01,0.01,74837.73,1776366901000
1776366902.996,2.996,0.48,0.49,0.51,0.52,0.01,0.01,74837.73,1776366901000
1776366903.339,3.339,0.48,0.49,0.51,0.52,0.01,0.01,74837.73,1776366901000
1776366903.683,3.683,0.48,0.49,0.51,0.52,0.01,0.01,74838.42,1776366902000
1776366904.018,4.018,0.49,0.5,0.5,0.51,0.01,0.01,74838.42,1776366902000
1776366904.359,4.359,0.49,0.5,0.5,0.51,0.01,0.01,74838.45,1776366903000
1776366904.767,4.767,0.51,0.52,0.48,0.5,0.01,0.02,74838.45,1776366903000
1776366905.101,5.101,0.51,0.52,0.48,0.49,0.01,0.01,74838.89,1776366904000
1776366905.457,5.457,0.52,0.53,0.47,0.48,0.01,0.01,74838.89,1776366904000
1776366905.857,5.857,0.53,0.54,0.46,0.47,0.01,0.01,74838.89,1776366904000
1776366906.27,6.27,0.53,0.54,0.46,0.47,0.01,0.01,74848.69,1776366905000
1776366906.87,6.87,0.54,0.55,0.45,0.47,0.01,0.02,74848.69,1776366905000
1776366907.208,7.208,0.54,0.56,0.44,0.46,0.02,0.02,74852.39,1776366906000
1776366907.589,7.589,0.54,0.57,0.44,0.46,0.03,0.02,74852.39,1776366906000
1776366908.281,8.281,0.54,0.58,0.42,0.46,0.04,0.04,74853.29,1776366907000
1776366908.654,8.654,0.57,0.59,0.42,0.43,0.02,0.01,74853.29,1776366907000
1776366909.013,9.013,0.6,0.61,0.39,0.4,0.01,0.01,74853.29,1776366907000
1776366909.373,9.373,0.64,0.66,0.34,0.36,0.02,0.02,74853.29,1776366907000
1776366909.736,9.736,0.64,0.7,0.31,0.36,0.06,0.05,74869.69,1776366908000
1776366910.269,10.269,0.66,0.68,0.34,0.35,0.02,0.01,74874.86,1776366909000
1776366910.738,10.738,0.66,0.67,0.33,0.34,0.01,0.01,74874.86,1776366909000
1776366911.085,11.085,0.66,0.67,0.33,0.34,0.01,0.01,74879.88,1776366910000
1776366911.529,11.529,0.67,0.68,0.31,0.33,0.01,0.02,74879.88,1776366910000
1776366911.944,11.944,0.67,0.68,0.32,0.33,0.01,0.01,74879.88,1776366910000
1776366912.292,12.292,0.67,0.68,0.32,0.33,0.01,0.01,74879.88,1776366910000
1776366912.695,12.695,0.67,0.69,0.32,0.33,0.02,0.01,74880.28,1776366911000
1776366913.044,13.044,0.67,0.68,0.32,0.33,0.01,0.01,74880.28,1776366911000
1776366914.348,14.348,0.68,0.69,0.31,0.33,0.01,0.02,74880.28,1776366911000
1776366914.772,14.772,0.68,0.7,0.3,0.32,0.02,0.02,74881.49,1776366912000
1776366915.341,15.341,0.69,0.7,0.3,0.31,0.01,0.01,74881.51,1776366914000
1776366915.991,15.991,0.69,0.7,0.3,0.31,0.01,0.01,74881.51,1776366914000
1776366916.329,16.329,0.68,0.7,0.3,0.32,0.02,0.02,74881.51,1776366914000
1776366916.747,16.747,0.69,0.7,0.3,0.31,0.01,0.01,74883.69,1776366915000
1776366917.082,17.082,0.68,0.7,0.3,0.31,0.02,0.01,74883.69,1776366915000
1776366917.445,17.445,0.69,0.7,0.3,0.31,0.01,0.01,74880.65,1776366916000
1776366917.783,17.783,0.69,0.7,0.3,0.31,0.01,0.01,74880.65,1776366916000
1776366918.129,18.129,0.69,0.7,0.3,0.31,0.01,0.01,74879.0,1776366917000
1776366918.625,18.625,0.69,0.7,0.3,0.31,0.01,0.01,74879.0,1776366917000
1776366918.958,18.958,0.68,0.69,0.31,0.32,0.01,0.01,74879.0,1776366917000
1776366919.316,19.316,0.68,0.69,0.31,0.32,0.01,0.01,74879.0,1776366917000
1776366919.71,19.71,0.68,0.69,0.31,0.32,0.01,0.01,74879.12,1776366918000
1776366920.211,20.211,0.68,0.69,0.31,0.32,0.01,0.01,74879.12,1776366918000
1776366920.598,20.598,0.68,0.69,0.31,0.32,0.01,0.01,74879.52,1776366919000
1776366921.176,21.176,0.68,0.69,0.31,0.32,0.01,0.01,74879.52,1776366919000
1776366921.573,21.573,0.71,0.72,0.29,0.31,0.01,0.02,74879.52,1776366919000
1776366921.915,21.915,0.73,0.74,0.26,0.27,0.01,0.01,74879.64,1776366920000
1776366922.262,22.262,0.73,0.74,0.26,0.27,0.01,0.01,74879.64,1776366920000
1776366922.61,22.61,0.73,0.74,0.26,0.27,0.01,0.01,74880.06,1776366921000
1776366923.024,23.024,0.73,0.74,0.26,0.27,0.01,0.01,74880.06,1776366921000
1776366923.417,23.417,0.73,0.74,0.26,0.27,0.01,0.01,74888.25,1776366922000
1776366923.763,23.763,0.73,0.74,0.26,0.27,0.01,0.01,74888.25,1776366922000
1776366924.116,24.116,0.73,0.74,0.26,0.27,0.01,0.01,74894.51,1776366923000
1776366924.574,24.574,0.73,0.74,0.26,0.27,0.01,0.01,74894.51,1776366923000
1776366924.916,24.916,0.74,0.75,0.25,0.26,0.01,0.01,74894.51,1776366923000
1776366925.269,25.269,0.74,0.75,0.25,0.26,0.01,0.01,74894.51,1776366923000
1776366925.699,25.699,0.74,0.75,0.25,0.26,0.01,0.01,74894.51,1776366923000
1776366926.108,26.108,0.74,0.75,0.25,0.26,0.01,0.01,74894.51,1776366923000
1776366926.526,26.526,0.74,0.75,0.25,0.26,0.01,0.01,74894.51,1776366923000
1776366926.986,26.986,0.74,0.75,0.25,0.26,0.01,0.01,74893.41,1776366925000
1776366927.476,27.476,0.74,0.75,0.25,0.26,0.01,0.01,74893.23,1776366926000
1776366928.03,28.03,0.71,0.72,0.28,0.29,0.01,0.01,74893.23,1776366926000
1776366928.526,28.526,0.7,0.71,0.29,0.3,0.01,0.01,74893.25,1776366927000
1776366928.867,28.867,0.7,0.71,0.29,0.3,0.01,0.01,74893.25,1776366927000
1776366929.228,29.228,0.7,0.71,0.29,0.3,0.01,0.01,74893.25,1776366927000
1776366929.647,29.647,0.7,0.72,0.29,0.3,0.02,0.01,74891.08,1776366928000
1776366929.982,29.982,0.71,0.72,0.28,0.3,0.01,0.02,74891.08,1776366928000
1776366930.523,30.523,0.71,0.72,0.28,0.29,0.01,0.01,74887.23,1776366929000
1776366930.965,30.965,0.71,0.72,0.28,0.29,0.01,0.01,74887.23,1776366929000
1776366931.302,31.302,0.71,0.72,0.28,0.29,0.01,0.01,74887.23,1776366929000
1776366931.683,31.683,0.71,0.72,0.28,0.29,0.01,0.01,74887.23,1776366929000
1776366932.077,32.077,0.71,0.72,0.28,0.29,0.01,0.01,74892.16,1776366930000
1776366932.411,32.411,0.71,0.72,0.28,0.29,0.01,0.01,74892.16,1776366930000
1776366932.757,32.757,0.71,0.72,0.28,0.29,0.01,0.01,74892.16,1776366930000
1776366933.144,33.144,0.71,0.72,0.28,0.29,0.01,0.01,74893.33,1776366931000
1776366933.515,33.515,0.71,0.72,0.28,0.29,0.01,0.01,74893.39,1776366932000
1776366933.868,33.868,0.71,0.72,0.28,0.29,0.01,0.01,74893.39,1776366932000
1776366934.298,34.298,0.71,0.72,0.28,0.29,0.01,0.01,74894.23,1776366933000
1776366934.827,34.827,0.71,0.72,0.28,0.29,0.01,0.01,74894.23,1776366933000
1776366935.196,35.196,0.71,0.72,0.28,0.29,0.01,0.01,74895.79,1776366934000
1776366935.55,35.55,0.71,0.72,0.28,0.29,0.01,0.01,74895.79,1776366934000
1776366935.906,35.906,0.71,0.72,0.28,0.29,0.01,0.01,74895.79,1776366934000
1776366936.417,36.417,0.71,0.72,0.28,0.29,0.01,0.01,74895.5,1776366935000
1776366936.962,36.962,0.71,0.72,0.28,0.29,0.01,0.01,74895.5,1776366935000
1776366937.463,37.463,0.71,0.72,0.28,0.29,0.01,0.01,74895.65,1776366936000
1776366937.839,37.839,0.71,0.72,0.28,0.29,0.01,0.01,74895.65,1776366936000
1776366938.177,38.177,0.71,0.72,0.28,0.29,0.01,0.01,74895.56,1776366937000
1776366938.66,38.66,0.71,0.72,0.28,0.29,0.01,0.01,74895.56,1776366937000
1776366939.097,39.097,0.71,0.72,0.28,0.29,0.01,0.01,74895.26,1776366938000
1776366939.519,39.519,0.71,0.72,0.28,0.29,0.01,0.01,74895.26,1776366938000
1776366939.968,39.968,0.71,0.72,0.28,0.29,0.01,0.01,74890.95,1776366939000
1776366940.665,40.665,0.7,0.71,0.28,0.3,0.01,0.02,74890.95,1776366939000
1776366941.117,41.117,0.7,0.71,0.29,0.3,0.01,0.01,74889.39,1776366940000
1776366941.475,41.475,0.7,0.71,0.29,0.3,0.01,0.01,74889.39,1776366940000
1776366941.921,41.921,0.7,0.71,0.29,0.3,0.01,0.01,74887.39,1776366941000
1776366942.282,42.282,0.7,0.71,0.29,0.3,0.01,0.01,74887.39,1776366941000
1776366942.615,42.615,0.7,0.71,0.29,0.3,0.01,0.01,74887.39,1776366941000
1776366942.95,42.95,0.7,0.71,0.29,0.3,0.01,0.01,74885.6,1776366942000
1776366943.446,43.446,0.7,0.71,0.29,0.3,0.01,0.01,74885.6,1776366942000
1776366943.898,43.898,0.7,0.71,0.29,0.3,0.01,0.01,74885.6,1776366942000
1776366944.298,44.298,0.66,0.67,0.32,0.33,0.01,0.01,74885.63,1776366943000
1776366944.738,44.738,0.66,0.67,0.33,0.34,0.01,0.01,74885.63,1776366943000
1776366945.199,45.199,0.66,0.67,0.33,0.34,0.01,0.01,74885.58,1776366944000
1776366945.771,45.771,0.65,0.66,0.34,0.35,0.01,0.01,74885.58,1776366944000
1776366946.417,46.417,0.65,0.66,0.34,0.35,0.01,0.01,74876.46,1776366945000
1776366946.774,46.774,0.64,0.66,0.34,0.36,0.02,0.02,74876.46,1776366945000
1776366947.786,47.786,0.64,0.65,0.34,0.36,0.01,0.02,74872.41,1776366946000
1776366948.159,48.159,0.62,0.63,0.37,0.38,0.01,0.01,74872.41,1776366946000
1776366948.5,48.5,0.61,0.64,0.36,0.39,0.03,0.03,74859.74,1776366947000
1776366948.88,48.88,0.6,0.61,0.39,0.4,0.01,0.01,74859.74,1776366947000
1776366949.313,49.313,0.6,0.61,0.39,0.4,0.01,0.01,74858.85,1776366948000
1776366949.947,49.947,0.59,0.6,0.39,0.41,0.01,0.02,74858.85,1776366948000
1776366950.311,50.311,0.59,0.6,0.4,0.41,0.01,0.01,74858.44,1776366949000
1776366950.667,50.667,0.59,0.6,0.4,0.41,0.01,0.01,74858.44,1776366949000
1776366951.044,51.044,0.59,0.6,0.4,0.41,0.01,0.01,74857.76,1776366950000
1776366951.602,51.602,0.59,0.6,0.4,0.41,0.01,0.01,74857.76,1776366950000
1776366951.938,51.938,0.58,0.59,0.41,0.42,0.01,0.01,74857.76,1776366950000
1776366952.298,52.298,0.58,0.59,0.41,0.42,0.01,0.01,74857.51,1776366951000
1776366952.752,52.752,0.58,0.59,0.41,0.42,0.01,0.01,74857.51,1776366951000
1776366953.342,53.342,0.58,0.59,0.41,0.42,0.01,0.01,74857.31,1776366952000
1776366953.677,53.677,0.58,0.59,0.41,0.42,0.01,0.01,74857.31,1776366952000
1776366954.117,54.117,0.58,0.59,0.41,0.42,0.01,0.01,74857.31,1776366953000
1776366954.454,54.454,0.58,0.59,0.41,0.42,0.01,0.01,74857.31,1776366953000
1776366954.89,54.89,0.58,0.59,0.41,0.42,0.01,0.01,74857.31,1776366953000
1776366955.329,55.329,0.58,0.59,0.41,0.42,0.01,0.01,74857.31,1776366953000
1776366955.712,55.712,0.58,0.59,0.41,0.42,0.01,0.01,74857.12,1776366954000
1776366956.06,56.06,0.56,0.58,0.42,0.44,0.02,0.02,74857.06,1776366955000
1776366956.462,56.462,0.56,0.57,0.43,0.44,0.01,0.01,74857.06,1776366955000
1776366957.046,57.046,0.56,0.57,0.43,0.44,0.01,0.01,74857.06,1776366955000
1776366957.403,57.403,0.56,0.57,0.43,0.44,0.01,0.01,74854.01,1776366956000
1776366957.849,57.849,0.56,0.57,0.43,0.44,0.01,0.01,74854.01,1776366956000
1776366958.207,58.207,0.56,0.57,0.43,0.44,0.01,0.01,74851.7,1776366957000
1776366958.647,58.647,0.55,0.56,0.44,0.45,0.01,0.01,74851.7,1776366957000
1776366958.999,58.999,0.54,0.56,0.44,0.45,0.02,0.01,74851.7,1776366957000
1776366959.524,59.524,0.54,0.55,0.45,0.46,0.01,0.01,74852.11,1776366958000
1776366960.293,60.293,0.54,0.55,0.45,0.46,0.01,0.01,74851.9,1776366959000
1776366960.666,60.666,0.54,0.55,0.45,0.46,0.01,0.01,74851.9,1776366959000
1776366961.04,61.04,0.53,0.54,0.46,0.47,0.01,0.01,74851.54,1776366960000
1776366961.41,61.41,0.53,0.54,0.46,0.47,0.01,0.01,74851.54,1776366960000
1776366961.768,61.768,0.53,0.54,0.46,0.47,0.01,0.01,74851.54,1776366960000
1776366962.125,62.125,0.53,0.54,0.46,0.47,0.01,0.01,74851.54,1776366960000
1776366962.525,62.525,0.52,0.53,0.47,0.48,0.01,0.01,74844.16,1776366961000
1776366962.898,62.898,0.52,0.53,0.47,0.48,0.01,0.01,74844.16,1776366961000
1776366964.048,64.048,0.52,0.53,0.47,0.48,0.01,0.01,74845.43,1776366963000
1776366965.192,65.192,0.52,0.53,0.47,0.48,0.01,0.01,74845.43,1776366963000
1776366965.538,65.538,0.47,0.49,0.51,0.53,0.02,0.02,74838.68,1776366964000
1776366965.878,65.878,0.47,0.5,0.5,0.53,0.03,0.03,74838.68,1776366964000
1776366966.246,66.246,0.45,0.46,0.54,0.55,0.01,0.01,74821.29,1776366965000
1776366966.598,66.598,0.41,0.44,0.56,0.58,0.03,0.02,74821.29,1776366965000
1776366967.159,67.159,0.4,0.41,0.58,0.6,0.01,0.02,74821.29,1776366965000
1776366967.507,67.507,0.37,0.41,0.59,0.63,0.04,0.04,74820.23,1776366966000
1776366967.842,67.842,0.36,0.41,0.59,0.64,0.05,0.05,74820.23,1776366966000
1776366968.183,68.183,0.35,0.38,0.62,0.65,0.03,0.03,74820.23,1776366966000
1776366968.538,68.538,0.33,0.37,0.63,0.65,0.04,0.02,74818.3,1776366967000
1776366968.936,68.936,0.34,0.36,0.64,0.66,0.02,0.02,74818.3,1776366967000
1776366969.418,69.418,0.35,0.36,0.64,0.65,0.01,0.01,74818.3,1776366967000
1776366969.923,69.923,0.35,0.36,0.65,0.66,0.01,0.01,74809.57,1776366968000
1776366970.261,70.261,0.35,0.37,0.63,0.65,0.02,0.02,74805.63,1776366969000
1776366970.629,70.629,0.35,0.36,0.64,0.65,0.01,0.01,74805.63,1776366969000
1776366970.966,70.966,0.35,0.37,0.63,0.65,0.02,0.02,74805.63,1776366969000
1776366971.305,71.305,0.35,0.37,0.64,0.65,0.02,0.01,74804.42,1776366970000
1776366971.639,71.639,0.36,0.37,0.63,0.64,0.01,0.01,74804.42,1776366970000
1776366971.987,71.987,0.36,0.37,0.62,0.64,0.01,0.02,74804.42,1776366970000
1776366972.33,72.33,0.36,0.37,0.63,0.64,0.01,0.01,74805.64,1776366971000
1776366972.765,72.765,0.36,0.37,0.63,0.64,0.01,0.01,74805.64,1776366971000
1776366973.17,73.17,0.37,0.38,0.62,0.63,0.01,0.01,74810.64,1776366972000
1776366973.532,73.532,0.37,0.38,0.62,0.63,0.01,0.01,74810.64,1776366972000
1776366974.006,74.006,0.37,0.39,0.62,0.63,0.02,0.01,74810.64,1776366972000
1776366974.372,74.372,0.39,0.4,0.6,0.61,0.01,0.01,74811.84,1776366973000
1776366974.822,74.822,0.39,0.4,0.6,0.61,0.01,0.01,74811.84,1776366973000
1776366975.161,75.161,0.39,0.41,0.59,0.61,0.02,0.02,74817.28,1776366974000
1776366975.644,75.644,0.4,0.41,0.59,0.6,0.01,0.01,74817.28,1776366974000
1776366976.001,76.001,0.4,0.41,0.59,0.6,0.01,0.01,74817.28,1776366974000
1776366976.368,76.368,0.4,0.41,0.59,0.6,0.01,0.01,74820.94,1776366975000
1776366976.738,76.738,0.4,0.41,0.59,0.6,0.01,0.01,74820.94,1776366975000
1776366977.242,77.242,0.43,0.44,0.56,0.58,0.01,0.02,74820.94,1776366975000
1776366977.65,77.65,0.43,0.44,0.56,0.57,0.01,0.01,74821.09,1776366976000
1776366978.019,78.019,0.46,0.48,0.53,0.54,0.02,0.01,74821.38,1776366977000
1776366978.383,78.383,0.46,0.47,0.53,0.54,0.01,0.01,74821.38,1776366977000
1776366978.751,78.751,0.47,0.49,0.51,0.53,0.02,0.02,74821.38,1776366977000
1776366979.121,79.121,0.47,0.49,0.52,0.53,0.02,0.01,74826.85,1776366978000
1776366979.468,79.468,0.48,0.49,0.51,0.52,0.01,0.01,74826.85,1776366978000
1776366979.806,79.806,0.48,0.49,0.51,0.52,0.01,0.01,74826.85,1776366978000
1776366980.241,80.241,0.48,0.49,0.51,0.52,0.01,0.01,74834.2,1776366979000
1776366980.605,80.605,0.49,0.5,0.5,0.51,0.01,0.01,74834.2,1776366979000
1776366981.032,81.032,0.5,0.53,0.47,0.51,0.03,0.04,74836.02,1776366980000
1776366981.621,81.621,0.51,0.52,0.47,0.5,0.01,0.03,74836.02,1776366980000
1776366982.018,82.018,0.51,0.53,0.48,0.49,0.02,0.01,74836.02,1776366980000
1776366982.365,82.365,0.51,0.54,0.47,0.49,0.03,0.02,74838.27,1776366981000
1776366982.72,82.72,0.55,0.58,0.43,0.45,0.03,0.02,74838.27,1776366981000
1776366983.079,83.079,0.56,0.57,0.43,0.44,0.01,0.01,74838.27,1776366981000
1776366983.422,83.422,0.56,0.57,0.43,0.44,0.01,0.01,74843.12,1776366982000
1776366983.781,83.781,0.56,0.57,0.43,0.44,0.01,0.01,74843.12,1776366982000
1776366984.173,84.173,0.56,0.57,0.43,0.44,0.01,0.01,74851.56,1776366983000
1776366984.634,84.634,0.56,0.57,0.43,0.44,0.01,0.01,74851.56,1776366983000
1776366984.997,84.997,0.56,0.57,0.43,0.44,0.01,0.01,74851.56,1776366983000
1776366985.374,85.374,0.56,0.57,0.43,0.44,0.01,0.01,74853.1,1776366984000
1776366986.172,86.172,0.56,0.57,0.43,0.44,0.01,0.01,74852.91,1776366985000
1776366987.211,87.211,0.56,0.57,0.43,0.44,0.01,0.01,74852.91,1776366986000
1776366987.55,87.55,0.56,0.57,0.43,0.44,0.01,0.01,74852.91,1776366986000
1776366987.887,87.887,0.54,0.55,0.45,0.46,0.01,0.01,74852.91,1776366986000
1776366988.274,88.274,0.55,0.56,0.44,0.45,0.01,0.01,74850.77,1776366987000
1776366988.645,88.645,0.53,0.54,0.46,0.47,0.01,0.01,74850.77,1776366987000
1776366988.998,88.998,0.53,0.54,0.46,0.47,0.01,0.01,74850.77,1776366987000
1776366989.361,89.361,0.53,0.54,0.46,0.47,0.01,0.01,74850.77,1776366987000
1776366989.706,89.706,0.53,0.54,0.46,0.47,0.01,0.01,74850.77,1776366987000
1776366990.134,90.134,0.53,0.54,0.46,0.47,0.01,0.01,74847.24,1776366988000
1776366990.646,90.646,0.52,0.53,0.47,0.48,0.01,0.01,74845.86,1776366989000
1776366990.999,90.999,0.52,0.53,0.47,0.48,0.01,0.01,74845.86,1776366989000
1776366991.385,91.385,0.52,0.53,0.47,0.48,0.01,0.01,74845.27,1776366990000
1776366991.739,91.739,0.52,0.53,0.47,0.48,0.01,0.01,74845.27,1776366990000
1776366993.163,93.163,0.52,0.53,0.47,0.48,0.01,0.01,74844.55,1776366991000
1776366993.5,93.5,0.5,0.51,0.49,0.5,0.01,0.01,74844.53,1776366992000
1776366993.984,93.984,0.5,0.51,0.49,0.5,0.01,0.01,74842.43,1776366993000
1776366994.329,94.329,0.44,0.45,0.55,0.56,0.01,0.01,74842.43,1776366993000
1776366994.674,94.674,0.43,0.44,0.56,0.58,0.01,0.02,74842.43,1776366993000
1776366995.112,95.112,0.43,0.44,0.56,0.57,0.01,0.01,74842.43,1776366993000
1776366995.464,95.464,0.42,0.43,0.57,0.58,0.01,0.01,74836.69,1776366994000
1776366995.909,95.909,0.42,0.43,0.57,0.58,0.01,0.01,74836.69,1776366994000
1776366996.26,96.26,0.42,0.43,0.57,0.58,0.01,0.01,74836.69,1776366994000
1776366996.612,96.612,0.42,0.43,0.57,0.58,0.01,0.01,74824.33,1776366995000
1776366997.072,97.072,0.42,0.43,0.57,0.58,0.01,0.01,74824.33,1776366995000
1776366997.418,97.418,0.42,0.43,0.57,0.58,0.01,0.01,74824.43,1776366996000
1776366997.875,97.875,0.42,0.43,0.57,0.58,0.01,0.01,74824.43,1776366996000
1776366998.263,98.263,0.42,0.43,0.57,0.58,0.01,0.01,74824.68,1776366997000
1776366998.601,98.601,0.42,0.43,0.57,0.58,0.01,0.01,74824.68,1776366997000
1776366998.964,98.964,0.42,0.43,0.57,0.58,0.01,0.01,74824.68,1776366997000
1776366999.363,99.363,0.42,0.43,0.57,0.58,0.01,0.01,74824.76,1776366998000
1776366999.704,99.704,0.42,0.43,0.57,0.58,0.01,0.01,74824.76,1776366998000
1776367000.32,100.32,0.41,0.42,0.57,0.58,0.01,0.01,74824.76,1776366998000
1776367000.655,100.655,0.41,0.42,0.58,0.59,0.01,0.01,74824.41,1776366999000
1776367001.042,101.042,0.41,0.42,0.58,0.59,0.01,0.01,74824.73,1776367000000
1776367001.525,101.525,0.41,0.42,0.58,0.59,0.01,0.01,74824.73,1776367000000
1776367001.973,101.973,0.41,0.42,0.58,0.59,0.01,0.01,74824.73,1776367000000
1776367002.476,102.476,0.41,0.42,0.58,0.59,0.01,0.01,74824.28,1776367001000
1776367002.94,102.94,0.4,0.41,0.58,0.59,0.01,0.01,74824.28,1776367001000
1776367003.281,103.281,0.4,0.41,0.59,0.6,0.01,0.01,74824.28,1776367002000
1776367003.838,103.838,0.4,0.41,0.59,0.6,0.01,0.01,74824.28,1776367002000
1776367004.244,104.244,0.4,0.41,0.59,0.6,0.01,0.01,74824.28,1776367003000
1776367004.602,104.602,0.39,0.41,0.59,0.6,0.02,0.01,74824.28,1776367003000
1776367005.126,105.126,0.38,0.39,0.6,0.61,0.01,0.01,74824.28,1776367003000
1776367005.536,105.536,0.38,0.39,0.61,0.62,0.01,0.01,74824.28,1776367003000
1776367005.961,105.961,0.37,0.38,0.61,0.62,0.01,0.01,74821.75,1776367004000
1776367006.402,106.402,0.37,0.38,0.62,0.63,0.01,0.01,74820.59,1776367005000
1776367007.069,107.069,0.37,0.38,0.62,0.63,0.01,0.01,74820.59,1776367005000
1776367007.678,107.678,0.37,0.38,0.62,0.63,0.01,0.01,74820.41,1776367006000
1776367008.041,108.041,0.37,0.38,0.62,0.63,0.01,0.01,74820.41,1776367006000
1776367008.644,108.644,0.38,0.39,0.61,0.63,0.01,0.02,74820.2,1776367007000
1776367009.15,109.15,0.39,0.42,0.58,0.62,0.03,0.04,74820.2,1776367007000
1776367009.721,109.721,0.4,0.41,0.59,0.6,0.01,0.01,74820.72,1776367008000
1776367010.099,110.099,0.4,0.42,0.59,0.6,0.02,0.01,74820.72,1776367008000
1776367010.636,110.636,0.4,0.43,0.57,0.6,0.03,0.03,74823.03,1776367009000
1776367010.983,110.983,0.41,0.42,0.58,0.59,0.01,0.01,74823.03,1776367009000
1776367011.371,111.371,0.41,0.42,0.58,0.59,0.01,0.01,74824.48,1776367010000
1776367011.736,111.736,0.4,0.42,0.58,0.6,0.02,0.02,74824.48,1776367010000
1776367012.251,112.251,0.4,0.41,0.59,0.6,0.01,0.01,74824.48,1776367010000
1776367012.637,112.637,0.39,0.4,0.59,0.6,0.01,0.01,74822.91,1776367011000
1776367013.027,113.027,0.39,0.4,0.6,0.61,0.01,0.01,74822.91,1776367011000
1776367013.507,113.507,0.39,0.4,0.6,0.61,0.01,0.01,74820.77,1776367012000
1776367013.918,113.918,0.39,0.4,0.6,0.61,0.01,0.01,74820.77,1776367012000
1776367014.388,114.388,0.39,0.4,0.6,0.61,0.01,0.01,74819.74,1776367013000
1776367014.776,114.776,0.39,0.4,0.6,0.61,0.01,0.01,74819.74,1776367013000
1776367015.113,115.113,0.38,0.39,0.61,0.62,0.01,0.01,74819.74,1776367013000
1776367015.484,115.484,0.38,0.39,0.61,0.62,0.01,0.01,74819.74,1776367014000
1776367015.867,115.867,0.38,0.39,0.61,0.62,0.01,0.01,74819.74,1776367015000
1776367016.406,116.406,0.38,0.4,0.61,0.62,0.02,0.01,74819.74,1776367015000
1776367016.746,116.746,0.39,0.4,0.6,0.62,0.01,0.02,74819.74,1776367015000
1776367017.277,117.277,0.4,0.41,0.59,0.6,0.01,0.01,74818.66,1776367016000
1776367017.96,117.96,0.4,0.41,0.59,0.6,0.01,0.01,74821.52,1776367017000
1776367018.34,118.34,0.4,0.41,0.59,0.6,0.01,0.01,74821.52,1776367017000
1776367018.693,118.693,0.4,0.41,0.59,0.6,0.01,0.01,74821.52,1776367017000
1776367019.145,119.145,0.4,0.41,0.59,0.6,0.01,0.01,74821.52,1776367017000
1776367019.509,119.509,0.4,0.41,0.59,0.6,0.01,0.01,74823.27,1776367018000
1776367019.894,119.894,0.4,0.41,0.59,0.6,0.01,0.01,74823.27,1776367019000
1776367020.425,120.425,0.4,0.41,0.59,0.6,0.01,0.01,74823.27,1776367019000
1776367020.822,120.822,0.4,0.41,0.59,0.6,0.01,0.01,74823.27,1776367019000
1776367021.192,121.192,0.4,0.41,0.59,0.6,0.01,0.01,74823.6,1776367020000
1776367021.674,121.674,0.43,0.44,0.56,0.57,0.01,0.01,74823.6,1776367020000
1776367022.195,122.195,0.46,0.47,0.53,0.54,0.01,0.01,74823.6,1776367020000
1776367022.535,122.535,0.48,0.51,0.49,0.52,0.03,0.03,74823.59,1776367021000
1776367022.902,122.902,0.52,0.53,0.47,0.48,0.01,0.01,74823.59,1776367021000
1776367023.282,123.282,0.52,0.54,0.47,0.48,0.02,0.01,74823.59,1776367021000
1776367023.624,123.624,0.52,0.53,0.47,0.48,0.01,0.01,74829.99,1776367022000
1776367023.996,123.996,0.52,0.53,0.47,0.48,0.01,0.01,74829.99,1776367022000
1776367024.331,124.331,0.52,0.53,0.47,0.48,0.01,0.01,74844.9,1776367023000
1776367024.673,124.673,0.49,0.5,0.5,0.51,0.01,0.01,74844.9,1776367023000
1776367025.027,125.027,0.49,0.5,0.5,0.51,0.01,0.01,74844.9,1776367023000
1776367025.391,125.391,0.49,0.5,0.5,0.51,0.01,0.01,74846.09,1776367024000
1776367025.734,125.734,0.49,0.5,0.5,0.51,0.01,0.01,74846.09,1776367024000
1776367026.121,126.121,0.49,0.5,0.5,0.51,0.01,0.01,74846.09,1776367024000
1776367026.538,126.538,0.49,0.5,0.5,0.51,0.01,0.01,74844.0,1776367025000
1776367026.966,126.966,0.48,0.5,0.5,0.52,0.02,0.02,74841.56,1776367026000
1776367027.365,127.365,0.48,0.49,0.51,0.52,0.01,0.01,74841.56,1776367026000
1776367027.875,127.875,0.48,0.49,0.51,0.52,0.01,0.01,74841.56,1776367026000
1776367028.218,128.218,0.48,0.49,0.51,0.52,0.01,0.01,74841.56,1776367027000
1776367028.733,128.733,0.48,0.49,0.51,0.52,0.01,0.01,74841.56,1776367027000
1776367029.309,129.309,0.48,0.49,0.51,0.52,0.01,0.01,74840.0,1776367028000
1776367029.775,129.775,0.48,0.49,0.51,0.52,0.01,0.01,74840.0,1776367028000
1776367030.123,130.123,0.47,0.48,0.52,0.53,0.01,0.01,74840.0,1776367028000
1776367030.522,130.522,0.47,0.48,0.52,0.53,0.01,0.01,74839.09,1776367029000
1776367030.861,130.861,0.46,0.47,0.52,0.54,0.01,0.02,74839.09,1776367029000
1776367031.391,131.391,0.44,0.45,0.55,0.56,0.01,0.01,74838.5,1776367030000
1776367031.993,131.993,0.44,0.45,0.55,0.56,0.01,0.01,74838.5,1776367030000
1776367032.371,132.371,0.47,0.48,0.52,0.53,0.01,0.01,74837.04,1776367031000
1776367032.771,132.771,0.47,0.48,0.52,0.53,0.01,0.01,74837.04,1776367031000
1776367033.422,133.422,0.47,0.48,0.52,0.53,0.01,0.01,74837.04,1776367031000
1776367033.756,133.756,0.48,0.49,0.51,0.52,0.01,0.01,74837.04,1776367031000
1776367034.176,134.176,0.49,0.5,0.5,0.51,0.01,0.01,74835.39,1776367032000
1776367034.51,134.51,0.49,0.5,0.5,0.51,0.01,0.01,74835.39,1776367032000
1776367034.906,134.906,0.49,0.5,0.5,0.51,0.01,0.01,74836.63,1776367033000
1776367035.504,135.504,0.49,0.5,0.5,0.51,0.01,0.01,74836.64,1776367034000
1776367036.006,136.006,0.49,0.5,0.5,0.51,0.01,0.01,74836.64,1776367034000
1776367036.809,136.809,0.48,0.49,0.5,0.51,0.01,0.01,74837.58,1776367035000
1776367037.144,137.144,0.48,0.49,0.51,0.52,0.01,0.01,74837.58,1776367035000
1776367037.544,137.544,0.48,0.49,0.51,0.52,0.01,0.01,74837.55,1776367036000
1776367037.987,137.987,0.48,0.49,0.51,0.52,0.01,0.01,74837.55,1776367036000
1776367038.401,138.401,0.48,0.49,0.51,0.52,0.01,0.01,74837.5,1776367037000
1776367038.746,138.746,0.45,0.46,0.54,0.55,0.01,0.01,74837.5,1776367037000
1776367039.122,139.122,0.45,0.46,0.54,0.55,0.01,0.01,74837.47,1776367038000
1776367039.47,139.47,0.44,0.45,0.55,0.56,0.01,0.01,74837.47,1776367038000
1776367039.979,139.979,0.44,0.45,0.55,0.56,0.01,0.01,74836.98,1776367039000
1776367040.423,140.423,0.44,0.45,0.55,0.56,0.01,0.01,74836.98,1776367039000
1776367040.779,140.779,0.44,0.45,0.55,0.56,0.01,0.01,74836.98,1776367039000
1776367041.149,141.149,0.45,0.46,0.54,0.55,0.01,0.01,74835.78,1776367040000
1776367041.535,141.535,0.46,0.47,0.53,0.55,0.01,0.02,74835.78,1776367040000
1776367041.964,141.964,0.46,0.49,0.53,0.54,0.03,0.01,74835.78,1776367040000
1776367043.129,143.129,0.47,0.49,0.51,0.53,0.02,0.02,74836.19,1776367042000
1776367043.471,143.471,0.48,0.49,0.5,0.52,0.01,0.02,74836.19,1776367042000
1776367043.894,143.894,0.48,0.49,0.51,0.52,0.01,0.01,74836.19,1776367042000
1776367044.339,144.339,0.46,0.47,0.52,0.53,0.01,0.01,74836.95,1776367043000
1776367044.764,144.764,0.46,0.47,0.53,0.54,0.01,0.01,74836.95,1776367043000
1776367045.109,145.109,0.42,0.45,0.54,0.58,0.03,0.04,74836.95,1776367043000
1776367045.563,145.563,0.42,0.43,0.57,0.58,0.01,0.01,74834.47,1776367044000
1776367045.923,145.923,0.42,0.43,0.57,0.58,0.01,0.01,74834.47,1776367044000
1776367046.306,146.306,0.42,0.43,0.57,0.58,0.01,0.01,74834.47,1776367044000
1776367046.991,146.991,0.42,0.43,0.57,0.58,0.01,0.01,74831.36,1776367045000
1776367047.535,147.535,0.44,0.46,0.55,0.58,0.02,0.03,74830.27,1776367046000
1776367048.14,148.14,0.44,0.45,0.55,0.56,0.01,0.01,74830.2,1776367047000
1776367048.584,148.584,0.44,0.45,0.55,0.56,0.01,0.01,74830.2,1776367047000
1776367048.948,148.948,0.44,0.45,0.55,0.56,0.01,0.01,74830.2,1776367047000
1776367049.354,149.354,0.44,0.45,0.55,0.56,0.01,0.01,74830.2,1776367047000
1776367049.724,149.724,0.44,0.45,0.55,0.56,0.01,0.01,74830.2,1776367047000
1776367050.096,150.096,0.44,0.45,0.55,0.56,0.01,0.01,74832.17,1776367048000
1776367050.59,150.59,0.44,0.45,0.55,0.56,0.01,0.01,74832.17,1776367048000
1776367050.95,150.95,0.44,0.46,0.55,0.56,0.02,0.01,74832.63,1776367049000
1776367051.405,151.405,0.46,0.47,0.53,0.54,0.01,0.01,74832.63,1776367049000
1776367051.781,151.781,0.46,0.47,0.53,0.54,0.01,0.01,74832.29,1776367050000
1776367052.185,152.185,0.46,0.47,0.53,0.54,0.01,0.01,74832.29,1776367050000
1776367052.538,152.538,0.46,0.47,0.53,0.54,0.01,0.01,74831.87,1776367051000
1776367053.327,153.327,0.46,0.47,0.53,0.54,0.01,0.01,74833.07,1776367052000
1776367053.711,153.711,0.49,0.5,0.5,0.51,0.01,0.01,74833.07,1776367052000
1776367054.211,154.211,0.49,0.5,0.5,0.51,0.01,0.01,74833.52,1776367053000
1776367054.843,154.843,0.49,0.5,0.5,0.51,0.01,0.01,74833.52,1776367053000
1776367055.295,155.295,0.5,0.51,0.49,0.5,0.01,0.01,74833.52,1776367053000
1776367055.779,155.779,0.5,0.51,0.49,0.5,0.01,0.01,74837.88,1776367054000
1776367056.131,156.131,0.5,0.51,0.49,0.5,0.01,0.01,74838.62,1776367055000
1776367056.614,156.614,0.5,0.51,0.49,0.5,0.01,0.01,74838.62,1776367055000
1776367057.081,157.081,0.5,0.51,0.49,0.5,0.01,0.01,74838.62,1776367055000
1776367057.443,157.443,0.5,0.51,0.49,0.5,0.01,0.01,74838.62,1776367055000
1776367057.783,157.783,0.5,0.51,0.49,0.5,0.01,0.01,74838.95,1776367056000
1776367058.417,158.417,0.5,0.51,0.49,0.5,0.01,0.01,74838.95,1776367056000
1776367058.786,158.786,0.49,0.5,0.5,0.51,0.01,0.01,74839.12,1776367057000
1776367059.133,159.133,0.49,0.5,0.5,0.51,0.01,0.01,74839.06,1776367058000
1776367059.528,159.528,0.49,0.5,0.5,0.51,0.01,0.01,74839.06,1776367058000
1776367059.906,159.906,0.49,0.5,0.5,0.51,0.01,0.01,74839.06,1776367058000
1776367060.272,160.272,0.49,0.5,0.5,0.51,0.01,0.01,74839.06,1776367058000
1776367060.791,160.791,0.49,0.5,0.5,0.51,0.01,0.01,74838.42,1776367059000
1776367061.172,161.172,0.49,0.5,0.5,0.51,0.01,0.01,74838.42,1776367059000
1776367061.556,161.556,0.49,0.5,0.5,0.51,0.01,0.01,74838.42,1776367059000
1776367062.058,162.058,0.49,0.5,0.5,0.51,0.01,0.01,74837.6,1776367060000
1776367062.399,162.399,0.49,0.5,0.5,0.51,0.01,0.01,74837.53,1776367061000
1776367062.901,162.901,0.49,0.5,0.5,0.51,0.01,0.01,74837.53,1776367061000
1776367063.244,163.244,0.49,0.5,0.5,0.51,0.01,0.01,74837.53,1776367061000
1776367063.678,163.678,0.49,0.5,0.5,0.51,0.01,0.01,74837.53,1776367061000
1776367064.193,164.193,0.52,0.53,0.47,0.5,0.01,0.03,74837.53,1776367062000
1776367064.696,164.696,0.52,0.54,0.46,0.48,0.02,0.02,74837.02,1776367063000
1776367065.447,165.447,0.52,0.54,0.46,0.48,0.02,0.02,74838.38,1776367064000
1776367066.126,166.126,0.52,0.53,0.47,0.48,0.01,0.01,74838.38,1776367064000
1776367066.463,166.463,0.55,0.56,0.44,0.45,0.01,0.01,74838.38,1776367064000
1776367066.898,166.898,0.56,0.57,0.43,0.44,0.01,0.01,74842.01,1776367065000
1776367067.233,167.233,0.56,0.57,0.43,0.44,0.01,0.01,74842.01,1776367065000
1776367067.669,167.669,0.56,0.57,0.42,0.44,0.01,0.02,74842.01,1776367065000
1776367068.222,168.222,0.57,0.58,0.42,0.44,0.01,0.02,74842.01,1776367065000
1776367068.653,168.653,0.57,0.58,0.42,0.43,0.01,0.01,74850.02,1776367067000
1776367069.37,169.37,0.57,0.58,0.42,0.43,0.01,0.01,74850.02,1776367067000
1776367069.743,169.743,0.57,0.58,0.42,0.43,0.01,0.01,74851.73,1776367068000
1776367070.099,170.099,0.57,0.58,0.42,0.43,0.01,0.01,74851.73,1776367068000
1776367070.627,170.627,0.58,0.59,0.41,0.42,0.01,0.01,74851.31,1776367069000
1776367070.976,170.976,0.58,0.59,0.41,0.42,0.01,0.01,74851.31,1776367069000
1776367071.46,171.46,0.59,0.6,0.4,0.41,0.01,0.01,74850.86,1776367070000
1776367072.204,172.204,0.59,0.6,0.4,0.41,0.01,0.01,74850.86,1776367070000
1776367072.619,172.619,0.59,0.6,0.4,0.41,0.01,0.01,74851.96,1776367071000
1776367073.009,173.009,0.6,0.62,0.39,0.4,0.02,0.01,74851.96,1776367071000
1776367073.355,173.355,0.61,0.62,0.38,0.4,0.01,0.02,74851.92,1776367072000
1776367073.735,173.735,0.61,0.65,0.37,0.39,0.04,0.02,74851.92,1776367072000
1776367074.086,174.086,0.64,0.65,0.35,0.36,0.01,0.01,74851.98,1776367073000
1776367074.94,174.94,0.65,0.66,0.34,0.36,0.01,0.02,74851.98,1776367073000
1776367075.443,175.443,0.65,0.66,0.34,0.35,0.01,0.01,74868.38,1776367074000
1776367076.103,176.103,0.65,0.66,0.34,0.35,0.01,0.01,74874.27,1776367075000
1776367076.988,176.988,0.65,0.68,0.34,0.35,0.03,0.01,74874.27,1776367075000
1776367077.348,177.348,0.68,0.72,0.3,0.35,0.04,0.05,74874.27,1776367075000
1776367077.956,177.956,0.7,0.73,0.27,0.3,0.03,0.03,74878.94,1776367076000
1776367078.335,178.335,0.73,0.75,0.26,0.3,0.02,0.04,74880.46,1776367077000
1776367078.716,178.716,0.73,0.76,0.24,0.26,0.03,0.02,74880.46,1776367077000
1776367079.053,179.053,0.75,0.76,0.24,0.25,0.01,0.01,74880.46,1776367077000
1776367079.391,179.391,0.74,0.75,0.25,0.26,0.01,0.01,74882.4,1776367078000
1776367079.862,179.862,0.74,0.75,0.25,0.26,0.01,0.01,74882.4,1776367078000
1776367080.231,180.231,0.74,0.76,0.24,0.26,0.02,0.02,74885.18,1776367079000
1776367081.437,181.437,0.77,0.78,0.22,0.23,0.01,0.01,74891.44,1776367080000
1776367081.808,181.808,0.77,0.78,0.22,0.23,0.01,0.01,74891.44,1776367080000
1776367082.178,182.178,0.76,0.79,0.22,0.24,0.03,0.02,74891.44,1776367080000
1776367082.893,182.893,0.78,0.79,0.21,0.24,0.01,0.03,74891.32,1776367081000
1776367083.249,183.249,0.78,0.79,0.21,0.22,0.01,0.01,74891.32,1776367081000
1776367083.589,183.589,0.78,0.79,0.21,0.22,0.01,0.01,74890.5,1776367082000
1776367083.956,183.956,0.78,0.79,0.21,0.22,0.01,0.01,74890.5,1776367082000
1776367084.297,184.297,0.78,0.83,0.17,0.22,0.05,0.05,74890.5,1776367082000
1776367084.661,184.661,0.78,0.84,0.16,0.2,0.06,0.04,74890.5,1776367083000
1776367084.998,184.998,0.82,0.83,0.17,0.18,0.01,0.01,74890.5,1776367083000
1776367085.332,185.332,0.81,0.82,0.17,0.19,0.01,0.02,74890.44,1776367084000
1776367085.817,185.817,0.82,0.84,0.16,0.18,0.02,0.02,74890.44,1776367084000
1776367086.204,186.204,0.82,0.83,0.16,0.18,0.01,0.02,74890.44,1776367084000
1776367086.837,186.837,0.82,0.84,0.17,0.18,0.02,0.01,74890.44,1776367084000
1776367087.187,187.187,0.82,0.84,0.16,0.18,0.02,0.02,74892.65,1776367086000
1776367087.659,187.659,0.82,0.83,0.17,0.18,0.01,0.01,74892.65,1776367086000
1776367088.12,188.12,0.82,0.83,0.17,0.18,0.01,0.01,74892.65,1776367086000
1776367088.509,188.509,0.82,0.84,0.16,0.18,0.02,0.02,74892.74,1776367087000
1776367088.848,188.848,0.82,0.83,0.16,0.18,0.01,0.02,74892.74,1776367087000
1776367089.211,189.211,0.83,0.85,0.15,0.17,0.02,0.02,74898.22,1776367088000
1776367089.579,189.579,0.82,0.84,0.16,0.17,0.02,0.01,74898.22,1776367088000
1776367089.919,189.919,0.83,0.84,0.16,0.17,0.01,0.01,74898.22,1776367088000
1776367090.3,190.3,0.83,0.85,0.15,0.17,0.02,0.02,74898.98,1776367089000
1776367090.731,190.731,0.84,0.85,0.15,0.16,0.01,0.01,74898.98,1776367089000
1776367091.265,191.265,0.84,0.85,0.15,0.16,0.01,0.01,74899.6,1776367090000
1776367092.208,192.208,0.84,0.85,0.15,0.16,0.01,0.01,74899.85,1776367091000
1776367092.659,192.659,0.84,0.86,0.14,0.16,0.02,0.02,74899.85,1776367091000
1776367093.036,193.036,0.84,0.86,0.14,0.16,0.02,0.02,74899.85,1776367091000
1776367093.818,193.818,0.85,0.86,0.14,0.16,0.01,0.02,74899.27,1776367092000
1776367094.224,194.224,0.85,0.86,0.14,0.15,0.01,0.01,74899.27,1776367092000
1776367094.754,194.754,0.85,0.86,0.14,0.15,0.01,0.01,74903.3,1776367093000
1776367095.115,195.115,0.85,0.87,0.13,0.15,0.02,0.02,74903.3,1776367093000
1776367095.481,195.481,0.87,0.88,0.12,0.13,0.01,0.01,74909.12,1776367094000
1776367095.816,195.816,0.85,0.86,0.14,0.15,0.01,0.01,74909.12,1776367094000
1776367096.196,196.196,0.86,0.87,0.13,0.14,0.01,0.01,74904.67,1776367095000
1776367096.553,196.553,0.84,0.85,0.15,0.16,0.01,0.01,74904.67,1776367095000
1776367096.955,196.955,0.85,0.86,0.14,0.16,0.01,0.02,74904.67,1776367095000
1776367097.356,197.356,0.85,0.86,0.14,0.15,0.01,0.01,74902.33,1776367096000
1776367097.754,197.754,0.85,0.86,0.14,0.15,0.01,0.01,74902.33,1776367096000
1776367098.175,198.175,0.84,0.86,0.14,0.16,0.02,0.02,74899.94,1776367097000
1776367098.713,198.713,0.84,0.86,0.14,0.16,0.02,0.02,74899.94,1776367097000
1776367099.093,199.093,0.84,0.86,0.14,0.16,0.02,0.02,74899.94,1776367097000
1776367099.448,199.448,0.84,0.85,0.14,0.16,0.01,0.02,74892.3,1776367098000
1776367099.814,199.814,0.84,0.86,0.14,0.16,0.02,0.02,74892.3,1776367098000
1776367100.162,200.162,0.83,0.86,0.14,0.15,0.03,0.01,74892.3,1776367098000
1776367100.567,200.567,0.84,0.86,0.14,0.16,0.02,0.02,74892.11,1776367099000
1776367100.926,200.926,0.84,0.85,0.15,0.16,0.01,0.01,74892.11,1776367099000
1776367101.269,201.269,0.84,0.85,0.15,0.17,0.01,0.02,74892.11,1776367099000
1776367101.638,201.638,0.82,0.83,0.17,0.18,0.01,0.01,74892.11,1776367099000
1776367102.061,202.061,0.82,0.83,0.17,0.18,0.01,0.01,74891.98,1776367100000
1776367102.401,202.401,0.82,0.83,0.17,0.18,0.01,0.01,74891.73,1776367101000
1776367102.742,202.742,0.82,0.83,0.17,0.18,0.01,0.01,74891.73,1776367101000
1776367103.075,203.075,0.82,0.83,0.17,0.18,0.01,0.01,74891.55,1776367102000
1776367103.428,203.428,0.82,0.83,0.17,0.18,0.01,0.01,74891.55,1776367102000
1776367104.351,204.351,0.82,0.83,0.17,0.18,0.01,0.01,74889.36,1776367103000
1776367104.686,204.686,0.82,0.83,0.17,0.18,0.01,0.01,74889.36,1776367103000
1776367105.195,205.195,0.82,0.83,0.17,0.18,0.01,0.01,74889.36,1776367103000
1776367105.708,205.708,0.82,0.83,0.17,0.18,0.01,0.01,74887.76,1776367104000
1776367106.064,206.064,0.82,0.83,0.17,0.18,0.01,0.01,74887.66,1776367105000
1776367106.513,206.513,0.82,0.83,0.17,0.18,0.01,0.01,74887.66,1776367105000
1776367106.856,206.856,0.83,0.84,0.16,0.17,0.01,0.01,74887.66,1776367105000
1776367107.224,207.224,0.83,0.84,0.16,0.17,0.01,0.01,74887.66,1776367105000
1776367107.595,207.595,0.83,0.84,0.16,0.17,0.01,0.01,74887.94,1776367106000
1776367107.945,207.945,0.83,0.84,0.16,0.17,0.01,0.01,74887.25,1776367107000
1776367108.296,208.296,0.83,0.84,0.16,0.17,0.01,0.01,74887.25,1776367107000
1776367108.94,208.94,0.83,0.84,0.16,0.17,0.01,0.01,74887.25,1776367107000
1776367109.62,209.62,0.83,0.84,0.16,0.17,0.01,0.01,74886.14,1776367108000
1776367110.098,210.098,0.83,0.84,0.16,0.17,0.01,0.01,74886.14,1776367108000
1776367110.44,210.44,0.83,0.84,0.16,0.17,0.01,0.01,74886.22,1776367109000
1776367110.774,210.774,0.84,0.85,0.16,0.17,0.01,0.01,74886.22,1776367109000
1776367111.126,211.126,0.83,0.85,0.15,0.17,0.02,0.02,74887.84,1776367110000
1776367111.568,211.568,0.84,0.85,0.15,0.17,0.01,0.02,74887.84,1776367110000
1776367111.996,211.996,0.84,0.86,0.14,0.16,0.02,0.02,74888.92,1776367111000
1776367112.372,212.372,0.86,0.87,0.13,0.16,0.01,0.03,74888.92,1776367111000
1776367112.751,212.751,0.86,0.87,0.13,0.14,0.01,0.01,74888.92,1776367111000
1776367113.096,213.096,0.86,0.87,0.13,0.14,0.01,0.01,74888.92,1776367111000
1776367113.456,213.456,0.86,0.87,0.13,0.14,0.01,0.01,74888.95,1776367112000
1776367113.812,213.812,0.86,0.87,0.13,0.14,0.01,0.01,74888.95,1776367112000
1776367114.178,214.178,0.86,0.87,0.13,0.14,0.01,0.01,74888.95,1776367112000
1776367114.671,214.671,0.86,0.87,0.13,0.14,0.01,0.01,74889.58,1776367113000
1776367115.245,215.245,0.86,0.87,0.13,0.14,0.01,0.01,74889.58,1776367113000
1776367115.991,215.991,0.86,0.87,0.13,0.14,0.01,0.01,74891.48,1776367115000
1776367116.549,216.549,0.86,0.87,0.13,0.14,0.01,0.01,74891.48,1776367115000
1776367116.923,216.923,0.86,0.87,0.13,0.14,0.01,0.01,74891.48,1776367115000
1776367117.552,217.552,0.86,0.87,0.13,0.14,0.01,0.01,74888.94,1776367116000
1776367118.016,218.016,0.86,0.87,0.13,0.14,0.01,0.01,74888.94,1776367116000
1776367118.381,218.381,0.86,0.87,0.13,0.14,0.01,0.01,74888.94,1776367116000
1776367118.804,218.804,0.86,0.87,0.13,0.14,0.01,0.01,74889.08,1776367117000
1776367119.153,219.153,0.86,0.87,0.13,0.14,0.01,0.01,74889.08,1776367117000
1776367119.746,219.746,0.86,0.87,0.13,0.14,0.01,0.01,74888.78,1776367118000
1776367120.098,220.098,0.86,0.87,0.13,0.14,0.01,0.01,74888.78,1776367118000
1776367120.44,220.44,0.86,0.87,0.13,0.14,0.01,0.01,74888.71,1776367119000
1776367120.947,220.947,0.86,0.87,0.13,0.14,0.01,0.01,74888.71,1776367119000
1776367121.492,221.492,0.86,0.87,0.13,0.14,0.01,0.01,74889.18,1776367120000
1776367121.921,221.921,0.86,0.87,0.13,0.14,0.01,0.01,74889.18,1776367120000
1776367122.349,222.349,0.86,0.87,0.13,0.14,0.01,0.01,74889.18,1776367121000
1776367122.702,222.702,0.86,0.87,0.13,0.14,0.01,0.01,74889.18,1776367121000
1776367123.292,223.292,0.86,0.87,0.13,0.14,0.01,0.01,74889.27,1776367122000
1776367123.703,223.703,0.86,0.87,0.13,0.14,0.01,0.01,74889.27,1776367122000
1776367124.038,224.038,0.86,0.87,0.13,0.14,0.01,0.01,74889.27,1776367122000
1776367124.825,224.825,0.87,0.88,0.13,0.14,0.01,0.01,74889.24,1776367123000
1776367125.172,225.172,0.87,0.88,0.12,0.13,0.01,0.01,74889.24,1776367123000
1776367125.635,225.635,0.87,0.88,0.12,0.13,0.01,0.01,74889.24,1776367124000
1776367127.28,227.28,0.87,0.88,0.12,0.13,0.01,0.01,74889.52,1776367126000
1776367127.638,227.638,0.87,0.88,0.12,0.13,0.01,0.01,74889.52,1776367126000
1776367128.008,228.008,0.87,0.88,0.12,0.13,0.01,0.01,74889.53,1776367127000
1776367128.47,228.47,0.87,0.88,0.12,0.13,0.01,0.01,74889.53,1776367127000
1776367128.851,228.851,0.87,0.88,0.12,0.13,0.01,0.01,74889.53,1776367127000
1776367129.294,229.294,0.86,0.88,0.12,0.13,0.02,0.01,74889.52,1776367128000
1776367129.642,229.642,0.86,0.88,0.12,0.14,0.02,0.02,74889.52,1776367128000
1776367130.077,230.077,0.84,0.85,0.14,0.15,0.01,0.01,74889.52,1776367128000
1776367130.428,230.428,0.84,0.85,0.15,0.16,0.01,0.01,74889.11,1776367129000
1776367130.811,230.811,0.84,0.85,0.15,0.16,0.01,0.01,74889.11,1776367129000
1776367131.263,231.263,0.84,0.85,0.15,0.16,0.01,0.01,74887.63,1776367130000
1776367131.596,231.596,0.84,0.85,0.15,0.16,0.01,0.01,74887.63,1776367130000
1776367132.071,232.071,0.84,0.85,0.15,0.16,0.01,0.01,74883.55,1776367131000
1776367132.662,232.662,0.84,0.85,0.15,0.16,0.01,0.01,74883.55,1776367131000
1776367133.077,233.077,0.84,0.85,0.15,0.16,0.01,0.01,74883.55,1776367131000
1776367133.435,233.435,0.84,0.86,0.14,0.16,0.02,0.02,74883.55,1776367131000
1776367133.903,233.903,0.85,0.87,0.14,0.16,0.02,0.02,74882.93,1776367132000
1776367134.255,234.255,0.86,0.87,0.13,0.14,0.01,0.01,74883.52,1776367133000
1776367135.004,235.004,0.86,0.87,0.13,0.14,0.01,0.01,74884.49,1776367134000
1776367135.555,235.555,0.86,0.87,0.13,0.14,0.01,0.01,74884.49,1776367134000
1776367135.953,235.953,0.86,0.87,0.13,0.14,0.01,0.01,74884.49,1776367134000
1776367136.317,236.317,0.86,0.87,0.13,0.14,0.01,0.01,74884.56,1776367135000
1776367136.672,236.672,0.87,0.88,0.12,0.13,0.01,0.01,74884.56,1776367135000
1776367137.185,237.185,0.87,0.88,0.12,0.13,0.01,0.01,74884.08,1776367136000
1776367138.295,238.295,0.87,0.88,0.12,0.13,0.01,0.01,74884.08,1776367136000
1776367138.85,238.85,0.87,0.89,0.11,0.13,0.02,0.02,74884.49,1776367137000
1776367140.048,240.048,0.88,0.89,0.11,0.13,0.01,0.02,74884.53,1776367138000
1776367140.604,240.604,0.88,0.89,0.11,0.12,0.01,0.01,74886.13,1776367139000
1776367140.961,240.961,0.88,0.89,0.11,0.12,0.01,0.01,74886.13,1776367139000
1776367141.36,241.36,0.88,0.89,0.11,0.12,0.01,0.01,74886.13,1776367139000
1776367141.909,241.909,0.9,0.91,0.09,0.1,0.01,0.01,74892.34,1776367140000
1776367143.408,243.408,0.89,0.92,0.08,0.11,0.03,0.03,74892.54,1776367142000
1776367144.054,244.054,0.89,0.92,0.08,0.11,0.03,0.03,74892.6,1776367143000
1776367144.48,244.48,0.9,0.91,0.09,0.1,0.01,0.01,74892.6,1776367143000
1776367144.931,244.931,0.9,0.91,0.09,0.1,0.01,0.01,74892.6,1776367143000
1776367145.284,245.284,0.9,0.91,0.09,0.1,0.01,0.01,74892.6,1776367143000
1776367145.668,245.668,0.91,0.95,0.08,0.09,0.04,0.01,74901.87,1776367144000
1776367146.005,246.005,0.93,0.95,0.05,0.07,0.02,0.02,74901.87,1776367144000
1776367146.473,246.473,0.94,0.95,0.05,0.06,0.01,0.01,74901.87,1776367144000
1776367146.813,246.813,0.93,0.97,0.03,0.07,0.04,0.04,74911.93,1776367145000
1776367147.148,247.148,0.95,0.97,0.03,0.05,0.02,0.02,74916.97,1776367146000
1776367147.524,247.524,0.96,0.97,0.03,0.04,0.01,0.01,74916.97,1776367146000
1776367147.857,247.857,0.96,0.97,0.03,0.04,0.01,0.01,74916.97,1776367146000
1776367148.264,248.264,0.95,0.97,0.03,0.04,0.02,0.01,74916.97,1776367146000
1776367148.9,248.9,0.96,0.97,0.03,0.05,0.01,0.02,74925.51,1776367147000
1776367149.376,249.376,0.96,0.97,0.03,0.04,0.01,0.01,74925.82,1776367148000
1776367150.329,250.329,0.96,0.97,0.03,0.04,0.01,0.01,74928.64,1776367149000
1776367150.698,250.698,0.96,0.97,0.03,0.04,0.01,0.01,74928.64,1776367149000
1776367151.045,251.045,0.96,0.97,0.03,0.04,0.01,0.01,74928.64,1776367149000
1776367151.414,251.414,0.96,0.97,0.03,0.04,0.01,0.01,74928.7,1776367150000
1776367151.794,251.794,0.97,0.98,0.02,0.03,0.01,0.01,74928.7,1776367150000
1776367152.135,252.135,0.96,0.98,0.02,0.04,0.02,0.02,74928.74,1776367151000
1776367152.474,252.474,0.96,0.98,0.02,0.04,0.02,0.02,74928.74,1776367151000
1776367152.816,252.816,0.97,0.98,0.02,0.03,0.01,0.01,74928.74,1776367151000
1776367153.154,253.154,0.97,0.98,0.02,0.03,0.01,0.01,74928.67,1776367152000
1776367153.511,253.511,0.97,0.98,0.02,0.03,0.01,0.01,74928.67,1776367152000
1776367153.875,253.875,0.97,0.98,0.02,0.03,0.01,0.01,74928.67,1776367152000
1776367154.26,254.26,0.97,0.98,0.02,0.03,0.01,0.01,74927.49,1776367153000
1776367154.615,254.615,0.97,0.98,0.02,0.03,0.01,0.01,74927.49,1776367153000
1776367154.962,254.962,0.97,0.98,0.02,0.03,0.01,0.01,74927.49,1776367153000
1776367155.47,255.47,0.97,0.99,0.01,0.03,0.02,0.02,74925.96,1776367154000
1776367155.91,255.91,0.98,0.99,0.01,0.03,0.01,0.02,74925.96,1776367154000
1776367156.271,256.271,0.98,0.99,0.01,0.02,0.01,0.01,74925.02,1776367155000
1776367156.673,256.673,0.98,0.99,0.01,0.02,0.01,0.01,74925.02,1776367155000
1776367157.019,257.019,0.98,0.99,0.01,0.02,0.01,0.01,74925.02,1776367155000
1776367157.413,257.413,0.98,0.99,0.01,0.02,0.01,0.01,74923.08,1776367156000
1776367157.783,257.783,0.98,0.99,0.01,0.02,0.01,0.01,74923.08,1776367156000
1776367158.169,258.169,0.98,0.99,0.01,0.02,0.01,0.01,74923.08,1776367156000
1776367158.664,258.664,0.98,0.99,0.01,0.02,0.01,0.01,74927.24,1776367157000
1776367159.0,259.0,0.98,0.99,0.01,0.02,0.01,0.01,74929.15,1776367158000
1776367159.371,259.371,0.98,0.99,0.01,0.02,0.01,0.01,74929.15,1776367158000
1776367159.72,259.72,0.98,0.99,0.01,0.02,0.01,0.01,74929.15,1776367158000
1776367160.203,260.203,0.98,0.99,0.01,0.02,0.01,0.01,74929.91,1776367159000
1776367160.62,260.62,0.98,0.99,0.01,0.02,0.01,0.01,74929.91,1776367159000
1776367161.012,261.012,0.98,0.99,0.01,0.02,0.01,0.01,74929.91,1776367159000
1776367161.378,261.378,0.98,0.99,0.01,0.02,0.01,0.01,74939.87,1776367160000
1776367161.711,261.711,0.98,0.99,0.01,0.02,0.01,0.01,74939.87,1776367160000
1776367162.049,262.049,0.98,0.99,0.01,0.02,0.01,0.01,74933.5,1776367161000
1776367162.412,262.412,0.98,0.99,0.01,0.02,0.01,0.01,74933.5,1776367161000
1776367162.795,262.795,0.98,0.99,0.01,0.02,0.01,0.01,74933.5,1776367161000
1776367163.162,263.162,0.98,0.99,0.01,0.02,0.01,0.01,74929.59,1776367162000
1776367163.571,263.571,0.98,0.99,0.01,0.02,0.01,0.01,74929.59,1776367162000
1776367163.991,263.991,0.98,0.99,0.01,0.02,0.01,0.01,74929.59,1776367162000
1776367164.412,264.412,0.98,0.99,0.01,0.02,0.01,0.01,74926.34,1776367163000
1776367164.786,264.786,0.98,0.99,0.01,0.02,0.01,0.01,74926.34,1776367163000
1776367165.238,265.238,0.98,0.99,0.01,0.02,0.01,0.01,74926.34,1776367163000
1776367165.755,265.755,0.99,0.99,0.01,0.01,0.0,0.0,74924.42,1776367164000
1776367166.178,266.178,0.99,0.99,0.01,0.01,0.0,0.0,74924.42,1776367164000
1776367166.595,266.595,0.99,0.99,0.01,0.01,0.0,0.0,74924.88,1776367165000
1776367167.274,267.274,0.99,0.99,0.01,0.01,0.0,0.0,74924.99,1776367166000
1776367168.261,268.261,0.99,0.99,0.01,0.01,0.0,0.0,74924.55,1776367167000
1776367169.022,269.022,0.99,0.99,0.01,0.01,0.0,0.0,74924.55,1776367167000
1776367169.856,269.856,0.99,0.99,0.01,0.01,0.0,0.0,74923.38,1776367168000
1776367170.325,270.325,0.99,0.99,0.01,0.01,0.0,0.0,74923.55,1776367169000
1776367170.715,270.715,0.99,0.99,0.01,0.01,0.0,0.0,74923.55,1776367169000
1776367171.097,271.097,0.99,0.99,0.01,0.01,0.0,0.0,74923.55,1776367169000
1776367171.651,271.651,0.99,0.99,0.01,0.01,0.0,0.0,74933.5,1776367170000
1776367171.993,271.993,0.99,0.99,0.01,0.01,0.0,0.0,74933.5,1776367170000
1776367172.576,272.576,0.99,0.99,0.01,0.01,0.0,0.0,74933.23,1776367171000
1776367173.024,273.024,0.99,0.99,0.01,0.01,0.0,0.0,74933.23,1776367171000
1776367173.847,273.847,0.99,0.99,0.01,0.01,0.0,0.0,74930.89,1776367172000
1776367174.6,274.6,0.99,0.99,0.01,0.01,0.0,0.0,74927.65,1776367173000
1776367175.071,275.071,0.99,0.99,0.01,0.01,0.0,0.0,74927.65,1776367174000
1776367176.084,276.084,0.99,0.99,0.01,0.01,0.0,0.0,74927.08,1776367175000
1776367176.718,276.718,0.99,0.99,0.01,0.01,0.0,0.0,74927.08,1776367175000
1776367177.422,277.422,0.99,0.99,0.01,0.01,0.0,0.0,74925.65,1776367176000
1776367177.971,277.971,0.99,0.99,0.01,0.01,0.0,0.0,74919.92,1776367177000
1776367178.836,278.836,0.99,0.99,0.01,0.01,0.0,0.0,74919.92,1776367177000
1776367179.282,279.282,0.99,0.99,0.01,0.01,0.0,0.0,74919.11,1776367178000
1776367180.122,280.122,0.99,0.99,0.01,0.01,0.0,0.0,74919.01,1776367179000
1776367181.001,281.001,0.99,0.99,0.01,0.01,0.0,0.0,74918.88,1776367180000
1776367181.776,281.776,0.99,0.99,0.01,0.01,0.0,0.0,74918.88,1776367180000
1776367182.244,282.244,0.99,0.99,0.01,0.01,0.0,0.0,74918.97,1776367181000
1776367182.952,282.952,0.99,0.99,0.01,0.01,0.0,0.0,74918.97,1776367181000
1776367183.463,283.463,0.99,0.99,0.01,0.01,0.0,0.0,74919.81,1776367182000
1776367183.931,283.931,0.99,0.99,0.01,0.01,0.0,0.0,74919.81,1776367182000
1776367184.406,284.406,0.99,0.99,0.01,0.01,0.0,0.0,74919.92,1776367183000
1776367184.74,284.74,0.99,0.99,0.01,0.01,0.0,0.0,74919.92,1776367183000
1776367185.189,285.189,0.99,0.99,0.01,0.01,0.0,0.0,74919.14,1776367184000
1776367186.34,286.34,0.99,0.99,0.01,0.01,0.0,0.0,74918.71,1776367185000
1776367187.148,287.148,0.99,0.99,0.01,0.01,0.0,0.0,74918.98,1776367186000
1776367187.598,287.598,0.99,0.99,0.01,0.01,0.0,0.0,74918.98,1776367186000
1776367188.162,288.162,0.99,0.99,0.01,0.01,0.0,0.0,74919.05,1776367187000
1776367189.133,289.133,0.99,0.99,0.01,0.01,0.0,0.0,74922.59,1776367188000
1776367190.269,290.269,0.99,0.99,0.01,0.01,0.0,0.0,74924.36,1776367189000
1776367191.171,291.171,0.99,0.99,0.01,0.01,0.0,0.0,74924.67,1776367190000
1776367192.199,292.199,0.99,0.99,0.01,0.01,0.0,0.0,74924.0,1776367191000
1776367193.183,293.183,0.99,0.99,0.01,0.01,0.0,0.0,74923.66,1776367192000
1776367193.6,293.6,0.99,0.99,0.01,0.01,0.0,0.0,74923.66,1776367192000
1776367194.258,294.258,0.99,0.99,0.01,0.01,0.0,0.0,74926.92,1776367193000
1776367195.267,295.267,0.99,0.99,0.01,0.01,0.0,0.0,74930.53,1776367194000
1776367196.358,296.358,0.99,0.99,0.01,0.01,0.0,0.0,74932.73,1776367195000
1776367197.093,297.093,0.99,0.99,0.01,0.01,0.0,0.0,74932.73,1776367195000
1776367198.254,298.254,0.99,0.99,0.01,0.01,0.0,0.0,74940.24,1776367197000
1776367199.365,299.365,0.99,0.99,0.01,0.01,0.0,0.0,74940.48,1776367198000
1776367199.88,299.88,0.99,0.99,0.01,0.01,0.0,0.0,74940.65,1776367199000
1776367200.436,300.436,0.99,0.99,0.01,0.01,0.0,0.0,74940.65,1776367199000
1776367201.009,301.009,0.99,0.99,0.01,0.01,0.0,0.0,74943.77,1776367200000

# RESULT,winner=Up,slug=btc-updown-5m-1776366900,ticks=652
