timestamp,elapsed_sec,up_bid,up_ask,down_bid,down_ask,up_spread,down_spread,btc_price,btc_oracle_ts
1775979900.605,0.605,0.45,0.46,0.53,0.55,0.01,0.02,71763.66,1775979899000
1775979900.949,0.949,0.44,0.45,0.55,0.56,0.01,0.01,71763.66,1775979899000
1775979901.315,1.315,0.44,0.45,0.55,0.56,0.01,0.01,71763.66,1775979899000
1775979901.715,1.715,0.44,0.45,0.55,0.56,0.01,0.01,71763.66,1775979899000
1775979902.068,2.068,0.44,0.45,0.55,0.56,0.01,0.01,71763.66,1775979899000
1775979902.463,2.463,0.44,0.45,0.55,0.69,0.01,0.14,71763.66,1775979899000
1775979902.852,2.852,0.44,0.45,0.55,0.56,0.01,0.01,71763.66,1775979899000
1775979903.338,3.338,0.44,0.45,0.55,0.56,0.01,0.01,71765.61,1775979901000
1775979903.869,3.869,0.44,0.45,0.55,0.56,0.01,0.01,71765.61,1775979901000
1775979904.318,4.318,0.44,0.45,0.55,0.56,0.01,0.01,71765.91,1775979902000
1775979904.701,4.701,0.44,0.45,0.55,0.56,0.01,0.01,71765.91,1775979902000
1775979905.216,5.216,0.44,0.45,0.55,0.56,0.01,0.01,71765.9,1775979903000
1775979905.587,5.587,0.28,0.45,0.55,0.56,0.17,0.01,71765.9,1775979903000
1775979905.954,5.954,0.44,0.45,0.55,0.56,0.01,0.01,71765.9,1775979903000
1775979906.317,6.317,0.45,0.46,0.55,0.56,0.01,0.01,71765.9,1775979904000
1775979906.672,6.672,0.45,0.46,0.54,0.55,0.01,0.01,71765.83,1775979905000
1775979907.288,7.288,0.45,0.46,0.54,0.55,0.01,0.01,71765.83,1775979905000
1775979907.657,7.657,0.46,0.47,0.53,0.54,0.01,0.01,71765.83,1775979905000
1775979908.023,8.023,0.46,0.47,0.53,0.54,0.01,0.01,71765.82,1775979906000
1775979908.371,8.371,0.46,0.47,0.53,0.54,0.01,0.01,71765.93,1775979907000
1775979908.849,8.849,0.46,0.47,0.53,0.54,0.01,0.01,71765.93,1775979907000
1775979909.222,9.222,0.46,0.47,0.53,0.54,0.01,0.01,71766.11,1775979908000
1775979909.603,9.603,0.46,0.47,0.53,0.54,0.01,0.01,71766.11,1775979908000
1775979910.043,10.043,0.46,0.47,0.53,0.54,0.01,0.01,71766.11,1775979908000
1775979910.436,10.436,0.46,0.48,0.53,0.54,0.02,0.01,71766.11,1775979908000
1775979910.786,10.786,0.47,0.48,0.52,0.53,0.01,0.01,71766.99,1775979909000
1775979911.141,11.141,0.46,0.47,0.53,0.54,0.01,0.01,71766.99,1775979910000
1775979911.606,11.606,0.47,0.48,0.51,0.54,0.01,0.03,71766.99,1775979910000
1775979912.052,12.052,0.47,0.48,0.52,0.53,0.01,0.01,71766.99,1775979910000
1775979912.444,12.444,0.47,0.48,0.52,0.53,0.01,0.01,71766.18,1775979911000
1775979913.002,13.002,0.48,0.49,0.52,0.53,0.01,0.01,71766.18,1775979911000
1775979913.355,13.355,0.47,0.48,0.52,0.53,0.01,0.01,71766.18,1775979911000
1775979913.862,13.862,0.47,0.48,0.52,0.53,0.01,0.01,71766.11,1775979912000
1775979914.242,14.242,0.47,0.48,0.52,0.53,0.01,0.01,71766.11,1775979913000
1775979914.619,14.619,0.47,0.48,0.52,0.53,0.01,0.01,71766.11,1775979913000
1775979915.013,15.013,0.47,0.48,0.52,0.53,0.01,0.01,71766.11,1775979913000
1775979915.371,15.371,0.46,0.47,0.53,0.54,0.01,0.01,71766.11,1775979913000
1775979915.806,15.806,0.45,0.47,0.53,0.54,0.02,0.01,71766.77,1775979914000
1775979916.185,16.185,0.45,0.46,0.53,0.55,0.01,0.02,71766.77,1775979914000
1775979916.573,16.573,0.46,0.48,0.51,0.52,0.02,0.01,71766.77,1775979915000
1775979917.135,17.135,0.46,0.47,0.53,0.54,0.01,0.01,71766.77,1775979915000
1775979917.509,17.509,0.47,0.48,0.53,0.54,0.01,0.01,71766.87,1775979916000
1775979917.972,17.972,0.46,0.48,0.52,0.53,0.02,0.01,71766.87,1775979916000
1775979918.326,18.326,0.45,0.47,0.53,0.54,0.02,0.01,71766.87,1775979917000
1775979918.717,18.717,0.45,0.46,0.54,0.55,0.01,0.01,71766.87,1775979917000
1775979919.155,19.155,0.45,0.46,0.54,0.55,0.01,0.01,71766.87,1775979917000
1775979919.53,19.53,0.47,0.48,0.18,0.55,0.01,0.37,71766.87,1775979917000
1775979919.963,19.963,0.47,0.51,0.52,0.53,0.04,0.01,71764.7,1775979918000
1775979920.401,20.401,0.49,0.5,0.5,0.51,0.01,0.01,71767.61,1775979919000
1775979920.736,20.736,0.49,0.5,0.5,0.51,0.01,0.01,71767.61,1775979919000
1775979921.219,21.219,0.49,0.5,0.5,0.51,0.01,0.01,71767.61,1775979920000
1775979921.675,21.675,0.49,0.5,0.5,0.51,0.01,0.01,71767.61,1775979920000
1775979922.095,22.095,0.5,0.51,0.49,0.5,0.01,0.01,71767.61,1775979920000
1775979922.443,22.443,0.5,0.51,0.49,0.5,0.01,0.01,71767.65,1775979921000
1775979922.814,22.814,0.49,0.5,0.49,0.51,0.01,0.02,71767.65,1775979921000
1775979923.216,23.216,0.49,0.5,0.5,0.51,0.01,0.01,71767.64,1775979922000
1775979923.679,23.679,0.5,0.51,0.49,0.51,0.01,0.02,71767.64,1775979922000
1775979924.03,24.03,0.5,0.51,0.49,0.5,0.01,0.01,71767.64,1775979922000
1775979924.457,24.457,0.48,0.49,0.51,0.52,0.01,0.01,71767.68,1775979923000
1775979924.831,24.831,0.47,0.49,0.51,0.52,0.02,0.01,71767.68,1775979923000
1775979925.241,25.241,0.47,0.48,0.52,0.53,0.01,0.01,71767.65,1775979924000
1775979925.683,25.683,0.47,0.48,0.52,0.53,0.01,0.01,71767.65,1775979924000
1775979926.057,26.057,0.41,0.42,0.53,0.63,0.01,0.1,71767.65,1775979924000
1775979926.593,26.593,0.43,0.44,0.56,0.58,0.01,0.02,71767.65,1775979924000
1775979926.998,26.998,0.42,0.44,0.56,0.57,0.02,0.01,71766.02,1775979925000
1775979927.361,27.361,0.42,0.43,0.57,0.58,0.01,0.01,71765.41,1775979926000
1775979927.901,27.901,0.42,0.43,0.56,0.57,0.01,0.01,71765.41,1775979926000
1775979928.441,28.441,0.42,0.43,0.51,0.58,0.01,0.07,71765.41,1775979927000
1775979929.085,29.085,0.44,0.45,0.57,0.58,0.01,0.01,71765.41,1775979927000
1775979929.472,29.472,0.48,0.49,0.06,0.57,0.01,0.51,71765.41,1775979927000
1775979929.805,29.805,0.48,0.49,0.51,0.52,0.01,0.01,71764.69,1775979928000
1775979930.187,30.187,0.48,0.49,0.51,0.52,0.01,0.01,71764.69,1775979928000
1775979930.582,30.582,0.5,0.51,0.49,0.5,0.01,0.01,71764.51,1775979929000
1775979931.05,31.05,0.48,0.49,0.51,0.52,0.01,0.01,71764.51,1775979929000
1775979931.586,31.586,0.49,0.51,0.51,0.52,0.02,0.01,71764.51,1775979930000
1775979932.122,32.122,0.53,0.54,0.46,0.47,0.01,0.01,71764.51,1775979930000
1775979932.555,32.555,0.52,0.53,0.47,0.48,0.01,0.01,71764.61,1775979931000
1775979933.014,33.014,0.52,0.53,0.47,0.48,0.01,0.01,71764.61,1775979931000
1775979933.508,33.508,0.51,0.52,0.48,0.49,0.01,0.01,71764.61,1775979931000
1775979933.87,33.87,0.48,0.53,0.46,0.48,0.05,0.02,71764.61,1775979931000
1775979934.226,34.226,0.48,0.54,0.51,0.52,0.06,0.01,71764.61,1775979931000
1775979934.622,34.622,0.49,0.52,0.48,0.49,0.03,0.01,71766.64,1775979933000
1775979935.282,35.282,0.48,0.49,0.5,0.52,0.01,0.02,71766.64,1775979933000
1775979935.658,35.658,0.49,0.5,0.5,0.51,0.01,0.01,71766.7,1775979934000
1775979935.999,35.999,0.48,0.49,0.5,0.51,0.01,0.01,71766.7,1775979934000
1775979936.461,36.461,0.48,0.5,0.51,0.52,0.02,0.01,71766.7,1775979934000
1775979936.796,36.796,0.44,0.48,0.52,0.55,0.04,0.03,71766.74,1775979935000
1775979937.395,37.395,0.46,0.47,0.53,0.54,0.01,0.01,71766.74,1775979936000
1775979937.79,37.79,0.31,0.47,0.53,0.54,0.16,0.01,71766.74,1775979936000
1775979938.213,38.213,0.38,0.39,0.61,0.63,0.01,0.02,71766.74,1775979937000
1775979938.646,38.646,0.39,0.4,0.6,0.61,0.01,0.01,71766.74,1775979937000
1775979938.98,38.98,0.4,0.41,0.59,0.61,0.01,0.02,71766.74,1775979937000
1775979939.465,39.465,0.11,0.41,0.59,0.6,0.3,0.01,71766.74,1775979937000
1775979939.802,39.802,0.37,0.38,0.61,0.97,0.01,0.36,71765.16,1775979938000
1775979940.146,40.146,0.37,0.38,0.62,0.63,0.01,0.01,71765.16,1775979938000
1775979940.597,40.597,0.38,0.39,0.61,0.63,0.01,0.02,71764.52,1775979939000
1775979940.957,40.957,0.39,0.41,0.59,0.61,0.02,0.02,71764.52,1775979940000
1775979941.612,41.612,0.4,0.41,0.59,0.6,0.01,0.01,71764.52,1775979940000
1775979942.018,42.018,0.4,0.42,0.59,0.6,0.02,0.01,71764.52,1775979940000
1775979942.353,42.353,0.35,0.36,0.64,0.65,0.01,0.01,71764.52,1775979940000
1775979942.758,42.758,0.36,0.37,0.63,0.64,0.01,0.01,71764.52,1775979941000
1775979943.131,43.131,0.36,0.38,0.62,0.64,0.02,0.02,71764.55,1775979942000
1775979943.522,43.522,0.37,0.38,0.62,0.63,0.01,0.01,71764.55,1775979942000
1775979943.895,43.895,0.37,0.4,0.62,0.63,0.03,0.01,71764.55,1775979942000
1775979944.495,44.495,0.39,0.4,0.6,0.61,0.01,0.01,71764.61,1775979943000
1775979944.905,44.905,0.41,0.42,0.58,0.59,0.01,0.01,71764.61,1775979943000
1775979945.759,45.759,0.42,0.43,0.57,0.58,0.01,0.01,71764.61,1775979944000
1775979946.12,46.12,0.42,0.43,0.57,0.58,0.01,0.01,71764.61,1775979944000
1775979946.612,46.612,0.42,0.43,0.57,0.58,0.01,0.01,71764.67,1775979945000
1775979947.045,47.045,0.43,0.44,0.56,0.57,0.01,0.01,71765.66,1775979946000
1775979947.661,47.661,0.45,0.46,0.54,0.57,0.01,0.03,71765.66,1775979946000
1775979948.267,48.267,0.45,0.46,0.54,0.55,0.01,0.01,71765.66,1775979947000
1775979948.719,48.719,0.47,0.49,0.52,0.53,0.02,0.01,71765.66,1775979947000
1775979949.058,49.058,0.48,0.49,0.51,0.52,0.01,0.01,71765.66,1775979947000
1775979949.417,49.417,0.48,0.49,0.51,0.52,0.01,0.01,71765.66,1775979947000
1775979949.842,49.842,0.44,0.46,0.56,0.57,0.02,0.01,71765.86,1775979948000
1775979950.209,50.209,0.46,0.47,0.53,0.54,0.01,0.01,71765.86,1775979949000
1775979950.779,50.779,0.46,0.47,0.52,0.53,0.01,0.01,71765.86,1775979949000
1775979951.128,51.128,0.47,0.49,0.52,0.53,0.02,0.01,71765.86,1775979949000
1775979951.501,51.501,0.48,0.49,0.51,0.53,0.01,0.02,71765.91,1775979950000
1775979951.844,51.844,0.48,0.49,0.51,0.52,0.01,0.01,71765.91,1775979950000
1775979952.297,52.297,0.46,0.47,0.51,0.75,0.01,0.24,71765.91,1775979950000
1775979952.716,52.716,0.44,0.45,0.54,0.56,0.01,0.02,71765.9,1775979951000
1775979953.152,53.152,0.44,0.45,0.51,0.56,0.01,0.05,71765.9,1775979952000
1775979953.587,53.587,0.44,0.45,0.55,0.56,0.01,0.01,71765.9,1775979952000
1775979954.098,54.098,0.44,0.47,0.55,0.56,0.03,0.01,71765.9,1775979952000
1775979954.455,54.455,0.45,0.46,0.52,0.55,0.01,0.03,71765.9,1775979952000
1775979954.817,54.817,0.45,0.46,0.54,0.56,0.01,0.02,71765.77,1775979953000
1775979955.229,55.229,0.45,0.48,0.54,0.55,0.03,0.01,71765.77,1775979953000
1775979955.724,55.724,0.49,0.51,0.5,0.52,0.02,0.02,71765.19,1775979954000
1775979956.057,56.057,0.5,0.51,0.49,0.5,0.01,0.01,71765.19,1775979954000
1775979956.434,56.434,0.5,0.51,0.49,0.5,0.01,0.01,71765.19,1775979955000
1775979956.826,56.826,0.47,0.48,0.53,0.59,0.01,0.06,71765.19,1775979955000
1775979957.166,57.166,0.47,0.49,0.52,0.53,0.02,0.01,71765.19,1775979955000
1775979957.625,57.625,0.48,0.5,0.51,0.52,0.02,0.01,71765.48,1775979956000
1775979958.0,58.0,0.48,0.51,0.49,0.52,0.03,0.03,71765.48,1775979957000
1775979958.352,58.352,0.49,0.51,0.5,0.51,0.02,0.01,71765.48,1775979957000
1775979958.702,58.702,0.5,0.52,0.49,0.5,0.02,0.01,71765.48,1775979957000
1775979959.054,59.054,0.49,0.5,0.48,0.51,0.01,0.03,71765.48,1775979957000
1775979959.676,59.676,0.49,0.5,0.5,0.51,0.01,0.01,71765.48,1775979957000
1775979960.015,60.015,0.49,0.5,0.5,0.51,0.01,0.01,71766.64,1775979958000
1775979960.402,60.402,0.49,0.5,0.5,0.51,0.01,0.01,71766.64,1775979958000
1775979960.801,60.801,0.49,0.5,0.5,0.51,0.01,0.01,71766.6,1775979959000
1775979961.179,61.179,0.48,0.49,0.51,0.52,0.01,0.01,71766.49,1775979960000
1775979961.846,61.846,0.48,0.49,0.51,0.52,0.01,0.01,71766.49,1775979960000
1775979962.207,62.207,0.5,0.51,0.49,0.52,0.01,0.03,71766.49,1775979960000
1775979962.652,62.652,0.5,0.51,0.48,0.49,0.01,0.01,71766.42,1775979961000
1775979963.018,63.018,0.3,0.52,0.48,0.49,0.22,0.01,71766.42,1775979961000
1775979963.372,63.372,0.52,0.53,0.47,0.5,0.01,0.03,71766.44,1775979962000
1775979963.766,63.766,0.52,0.53,0.47,0.48,0.01,0.01,71766.44,1775979962000
1775979964.167,64.167,0.5,0.51,0.48,0.5,0.01,0.02,71766.44,1775979962000
1775979964.582,64.582,0.49,0.5,0.5,0.51,0.01,0.01,71766.6,1775979963000
1775979964.969,64.969,0.48,0.49,0.51,0.52,0.01,0.01,71766.6,1775979963000
1775979965.306,65.306,0.48,0.49,0.51,0.52,0.01,0.01,71766.69,1775979964000
1775979965.863,65.863,0.46,0.47,0.52,0.54,0.01,0.02,71766.69,1775979964000
1775979966.199,66.199,0.49,0.5,0.5,0.51,0.01,0.01,71766.69,1775979964000
1775979966.725,66.725,0.47,0.48,0.52,0.54,0.01,0.02,71767.01,1775979965000
1775979967.058,67.058,0.5,0.51,0.49,0.51,0.01,0.02,71767.01,1775979965000
1775979967.403,67.403,0.5,0.52,0.49,0.5,0.02,0.01,71767.01,1775979965000
1775979967.759,67.759,0.51,0.53,0.48,0.49,0.02,0.01,71766.92,1775979966000
1775979968.323,68.323,0.52,0.53,0.47,0.48,0.01,0.01,71766.92,1775979967000
1775979968.691,68.691,0.53,0.54,0.46,0.47,0.01,0.01,71766.92,1775979967000
1775979969.287,69.287,0.51,0.55,0.45,0.46,0.04,0.01,71766.81,1775979968000
1775979969.644,69.644,0.53,0.54,0.46,0.47,0.01,0.01,71766.81,1775979968000
1775979969.984,69.984,0.54,0.55,0.45,0.46,0.01,0.01,71766.81,1775979968000
1775979970.409,70.409,0.52,0.55,0.45,0.46,0.03,0.01,71766.81,1775979968000
1775979970.791,70.791,0.52,0.53,0.47,0.48,0.01,0.01,71766.81,1775979969000
1775979971.173,71.173,0.5,0.51,0.47,0.5,0.01,0.03,71766.9,1775979970000
1775979971.535,71.535,0.49,0.51,0.5,0.51,0.02,0.01,71766.9,1775979970000
1775979971.879,71.879,0.51,0.52,0.48,0.49,0.01,0.01,71766.9,1775979970000
1775979972.457,72.457,0.51,0.52,0.48,0.49,0.01,0.01,71767.85,1775979971000
1775979972.963,72.963,0.51,0.52,0.48,0.49,0.01,0.01,71767.08,1775979972000
1775979973.629,73.629,0.53,0.54,0.47,0.49,0.01,0.02,71767.08,1775979972000
1775979974.004,74.004,0.53,0.54,0.46,0.47,0.01,0.01,71766.95,1775979973000
1775979974.49,74.49,0.52,0.53,0.46,0.49,0.01,0.03,71766.95,1775979973000
1775979974.995,74.995,0.5,0.51,0.49,0.5,0.01,0.01,71766.95,1775979973000
1775979975.33,75.33,0.5,0.51,0.49,0.5,0.01,0.01,71766.92,1775979974000
1775979975.72,75.72,0.49,0.5,0.5,0.51,0.01,0.01,71766.92,1775979974000
1775979976.067,76.067,0.49,0.5,0.5,0.51,0.01,0.01,71766.63,1775979975000
1775979976.512,76.512,0.47,0.48,0.52,0.53,0.01,0.01,71766.63,1775979975000
1775979976.892,76.892,0.49,0.5,0.5,0.53,0.01,0.03,71766.63,1775979975000
1775979977.276,77.276,0.49,0.51,0.5,0.51,0.02,0.01,71766.63,1775979975000
1775979977.655,77.655,0.5,0.51,0.49,0.5,0.01,0.01,71766.63,1775979975000
1775979978.358,78.358,0.5,0.51,0.49,0.5,0.01,0.01,71767.47,1775979976000
1775979978.86,78.86,0.5,0.51,0.49,0.5,0.01,0.01,71769.15,1775979978000
1775979979.797,79.797,0.47,0.51,0.49,0.5,0.04,0.01,71769.15,1775979978000
1775979980.315,80.315,0.47,0.48,0.51,0.52,0.01,0.01,71769.2,1775979979000
1775979980.715,80.715,0.48,0.49,0.51,0.52,0.01,0.01,71769.2,1775979979000
1775979981.161,81.161,0.48,0.49,0.51,0.52,0.01,0.01,71768.94,1775979980000
1775979981.516,81.516,0.47,0.48,0.51,0.53,0.01,0.02,71768.94,1775979980000
1775979981.899,81.899,0.49,0.5,0.5,0.52,0.01,0.02,71768.94,1775979980000
1775979982.232,82.232,0.48,0.49,0.51,0.52,0.01,0.01,71769.04,1775979981000
1775979982.9,82.9,0.49,0.5,0.5,0.52,0.01,0.02,71769.04,1775979981000
1775979983.908,83.908,0.49,0.5,0.5,0.51,0.01,0.01,71768.81,1775979982000
1775979984.251,84.251,0.49,0.5,0.5,0.51,0.01,0.01,71767.35,1775979983000
1775979984.816,84.816,0.49,0.51,0.5,0.51,0.02,0.01,71767.35,1775979983000
1775979985.16,85.16,0.49,0.51,0.49,0.51,0.02,0.02,71767.35,1775979983000
1775979985.676,85.676,0.5,0.51,0.49,0.5,0.01,0.01,71767.5,1775979984000
1775979986.012,86.012,0.49,0.5,0.5,0.51,0.01,0.01,71767.5,1775979984000
1775979986.37,86.37,0.49,0.51,0.5,0.51,0.02,0.01,71767.5,1775979984000
1775979987.092,87.092,0.5,0.51,0.48,0.49,0.01,0.01,71768.07,1775979985000
1775979987.794,87.794,0.5,0.51,0.49,0.5,0.01,0.01,71768.06,1775979986000
1775979988.193,88.193,0.5,0.51,0.49,0.5,0.01,0.01,71768.04,1775979987000
1775979988.691,88.691,0.49,0.5,0.49,0.51,0.01,0.02,71768.04,1775979987000
1775979989.225,89.225,0.49,0.5,0.5,0.51,0.01,0.01,71767.96,1775979988000
1775979989.57,89.57,0.49,0.51,0.49,0.51,0.02,0.02,71767.96,1775979988000
1775979989.981,89.981,0.49,0.5,0.5,0.51,0.01,0.01,71767.96,1775979988000
1775979990.904,90.904,0.49,0.5,0.5,0.51,0.01,0.01,71767.93,1775979989000
1775979991.863,91.863,0.49,0.51,0.5,0.51,0.02,0.01,71767.93,1775979990000
1775979992.201,92.201,0.48,0.51,0.49,0.5,0.03,0.01,71767.96,1775979991000
1775979992.578,92.578,0.48,0.49,0.51,0.52,0.01,0.01,71767.96,1775979991000
1775979992.975,92.975,0.48,0.49,0.51,0.52,0.01,0.01,71767.96,1775979991000
1775979993.476,93.476,0.48,0.49,0.51,0.52,0.01,0.01,71767.95,1775979992000
1775979993.985,93.985,0.46,0.47,0.53,0.54,0.01,0.01,71767.95,1775979992000
1775979994.448,94.448,0.47,0.49,0.53,0.54,0.02,0.01,71767.95,1775979993000
1775979994.949,94.949,0.47,0.49,0.51,0.53,0.02,0.02,71767.96,1775979994000
1775979995.309,95.309,0.48,0.49,0.51,0.52,0.01,0.01,71767.96,1775979994000
1775979995.981,95.981,0.48,0.49,0.51,0.52,0.01,0.01,71767.96,1775979994000
1775979996.454,96.454,0.49,0.5,0.5,0.51,0.01,0.01,71768.05,1775979995000
1775979996.842,96.842,0.45,0.54,0.54,0.55,0.09,0.01,71768.05,1775979995000
1775979997.285,97.285,0.48,0.49,0.51,0.54,0.01,0.03,71767.81,1775979996000
1775979997.834,97.834,0.47,0.5,0.5,0.53,0.03,0.03,71767.78,1775979997000
1775979998.173,98.173,0.48,0.49,0.51,0.52,0.01,0.01,71767.78,1775979997000
1775979998.603,98.603,0.49,0.5,0.5,0.51,0.01,0.01,71767.78,1775979997000
1775979998.954,98.954,0.51,0.52,0.46,0.49,0.01,0.03,71767.78,1775979997000
1775979999.645,99.645,0.5,0.51,0.49,0.5,0.01,0.01,71767.32,1775979998000
1775979999.987,99.987,0.51,0.52,0.49,0.5,0.01,0.01,71767.32,1775979998000
1775980000.33,100.33,0.5,0.51,0.49,0.5,0.01,0.01,71767.32,1775979999000
1775980000.858,100.858,0.43,0.44,0.56,0.57,0.01,0.01,71767.32,1775979999000
1775980001.34,101.34,0.43,0.49,0.51,0.57,0.06,0.06,71767.59,1775980000000
1775980001.914,101.914,0.47,0.48,0.51,0.53,0.01,0.02,71767.59,1775980000000
1775980002.325,102.325,0.47,0.48,0.52,0.53,0.01,0.01,71767.67,1775980001000
1775980002.821,102.821,0.48,0.5,0.51,0.52,0.02,0.01,71767.67,1775980001000
1775980003.198,103.198,0.49,0.5,0.5,0.51,0.01,0.01,71767.61,1775980002000
1775980003.602,103.602,0.49,0.5,0.49,0.5,0.01,0.01,71767.61,1775980002000
1775980003.938,103.938,0.5,0.52,0.49,0.5,0.02,0.01,71767.61,1775980002000
1775980004.902,104.902,0.51,0.52,0.48,0.49,0.01,0.01,71767.61,1775980003000
1775980005.331,105.331,0.51,0.52,0.48,0.49,0.01,0.01,71767.75,1775980004000
1775980005.745,105.745,0.52,0.53,0.48,0.49,0.01,0.01,71767.75,1775980004000
1775980006.088,106.088,0.52,0.53,0.47,0.48,0.01,0.01,71767.75,1775980004000
1775980006.473,106.473,0.5,0.51,0.47,0.5,0.01,0.03,71767.73,1775980005000
1775980006.822,106.822,0.49,0.5,0.49,0.5,0.01,0.01,71767.73,1775980005000
1775980007.323,107.323,0.49,0.51,0.5,0.51,0.02,0.01,71767.73,1775980006000
1775980007.656,107.656,0.49,0.51,0.49,0.5,0.02,0.01,71767.73,1775980006000
1775980008.065,108.065,0.48,0.49,0.5,0.51,0.01,0.01,71767.73,1775980006000
1775980008.419,108.419,0.48,0.49,0.51,0.52,0.01,0.01,71767.85,1775980007000
1775980009.204,109.204,0.48,0.49,0.51,0.52,0.01,0.01,71767.93,1775980008000
1775980009.556,109.556,0.48,0.49,0.51,0.52,0.01,0.01,71767.93,1775980008000
1775980009.938,109.938,0.49,0.5,0.5,0.51,0.01,0.01,71767.93,1775980008000
1775980010.671,110.671,0.49,0.5,0.5,0.51,0.01,0.01,71767.87,1775980009000
1775980011.22,111.22,0.49,0.5,0.5,0.51,0.01,0.01,71767.87,1775980009000
1775980011.969,111.969,0.49,0.5,0.5,0.51,0.01,0.01,71767.85,1775980010000
1775980012.362,112.362,0.41,0.43,0.57,0.59,0.02,0.02,71768.1,1775980011000
1775980012.709,112.709,0.41,0.42,0.58,0.59,0.01,0.01,71768.1,1775980011000
1775980013.125,113.125,0.41,0.42,0.58,0.59,0.01,0.01,71768.1,1775980012000
1775980013.461,113.461,0.35,0.36,0.64,0.65,0.01,0.01,71768.1,1775980012000
1775980013.807,113.807,0.39,0.4,0.6,0.61,0.01,0.01,71768.1,1775980012000
1775980014.157,114.157,0.4,0.41,0.58,0.6,0.01,0.02,71768.1,1775980012000
1775980014.665,114.665,0.4,0.41,0.59,0.6,0.01,0.01,71766.8,1775980013000
1775980015.251,115.251,0.42,0.44,0.57,0.58,0.02,0.01,71766.29,1775980014000
1775980015.863,115.863,0.42,0.44,0.56,0.58,0.02,0.02,71766.29,1775980015000
1775980016.197,116.197,0.44,0.45,0.55,0.56,0.01,0.01,71766.29,1775980015000
1775980016.535,116.535,0.25,0.45,0.55,0.56,0.2,0.01,71766.29,1775980015000
1775980016.891,116.891,0.42,0.43,0.59,0.6,0.01,0.01,71767.53,1775980016000
1775980017.294,117.294,0.42,0.47,0.57,0.58,0.05,0.01,71767.53,1775980016000
1775980017.647,117.647,0.44,0.45,0.55,0.56,0.01,0.01,71767.53,1775980016000
1775980018.228,118.228,0.44,0.45,0.55,0.56,0.01,0.01,71767.84,1775980017000
1775980018.573,118.573,0.46,0.47,0.55,0.56,0.01,0.01,71767.84,1775980017000
1775980018.915,118.915,0.47,0.48,0.52,0.54,0.01,0.02,71767.84,1775980017000
1775980019.275,119.275,0.48,0.49,0.51,0.52,0.01,0.01,71767.84,1775980018000
1775980019.612,119.612,0.49,0.5,0.5,0.52,0.01,0.02,71767.84,1775980018000
1775980019.973,119.973,0.49,0.5,0.5,0.51,0.01,0.01,71767.84,1775980018000
1775980020.4,120.4,0.48,0.5,0.5,0.51,0.02,0.01,71768.09,1775980019000
1775980020.754,120.754,0.48,0.52,0.51,0.52,0.04,0.01,71768.09,1775980019000
1775980021.091,121.091,0.51,0.52,0.48,0.52,0.01,0.04,71768.09,1775980019000
1775980021.613,121.613,0.49,0.52,0.48,0.49,0.03,0.01,71768.12,1775980020000
1775980021.99,121.99,0.5,0.52,0.48,0.49,0.02,0.01,71768.12,1775980020000
1775980022.36,122.36,0.5,0.51,0.49,0.5,0.01,0.01,71768.15,1775980021000
1775980022.845,122.845,0.49,0.5,0.49,0.51,0.01,0.02,71768.15,1775980021000
1775980023.477,123.477,0.49,0.5,0.5,0.78,0.01,0.28,71768.13,1775980022000
1775980023.867,123.867,0.51,0.52,0.48,0.49,0.01,0.01,71768.13,1775980022000
1775980024.271,124.271,0.48,0.52,0.48,0.49,0.04,0.01,71768.56,1775980023000
1775980024.616,124.616,0.49,0.5,0.5,0.51,0.01,0.01,71768.56,1775980023000
1775980024.969,124.969,0.51,0.52,0.48,0.49,0.01,0.01,71768.91,1775980024000
1775980025.339,125.339,0.49,0.51,0.5,0.51,0.02,0.01,71768.91,1775980024000
1775980025.682,125.682,0.5,0.51,0.49,0.5,0.01,0.01,71768.91,1775980024000
1775980026.085,126.085,0.5,0.51,0.5,0.51,0.01,0.01,71768.91,1775980024000
1775980026.459,126.459,0.49,0.51,0.49,0.5,0.02,0.01,71768.91,1775980024000
1775980026.808,126.808,0.49,0.5,0.5,0.51,0.01,0.01,71769.43,1775980025000
1775980027.193,127.193,0.5,0.51,0.49,0.5,0.01,0.01,71769.03,1775980026000
1775980027.689,127.689,0.49,0.5,0.5,0.51,0.01,0.01,71769.03,1775980026000
1775980028.17,128.17,0.49,0.5,0.5,0.51,0.01,0.01,71769.03,1775980026000
1775980028.506,128.506,0.24,0.5,0.5,0.76,0.26,0.26,71769.0,1775980027000
1775980029.141,129.141,0.24,0.5,0.5,0.76,0.26,0.26,71769.43,1775980028000
1775980030.031,130.031,0.46,0.47,0.5,0.76,0.01,0.26,71769.43,1775980028000
1775980030.424,130.424,0.46,0.47,0.53,0.54,0.01,0.01,71769.27,1775980029000
1775980030.809,130.809,0.49,0.5,0.49,0.52,0.01,0.03,71769.27,1775980029000
1775980031.189,131.189,0.49,0.5,0.5,0.51,0.01,0.01,71769.27,1775980030000
1775980031.624,131.624,0.5,0.52,0.49,0.5,0.02,0.01,71769.27,1775980030000
1775980032.072,132.072,0.5,0.51,0.49,0.5,0.01,0.01,71769.27,1775980030000
1775980032.458,132.458,0.49,0.5,0.5,0.51,0.01,0.01,71769.26,1775980031000
1775980032.815,132.815,0.45,0.46,0.5,0.55,0.01,0.05,71769.26,1775980031000
1775980033.264,133.264,0.51,0.52,0.5,0.51,0.01,0.01,71769.26,1775980031000
1775980033.6,133.6,0.57,0.6,0.4,0.43,0.03,0.03,71769.25,1775980032000
1775980033.934,133.934,0.61,0.65,0.35,0.39,0.04,0.04,71769.25,1775980032000
1775980034.272,134.272,0.65,0.66,0.34,0.35,0.01,0.01,71769.25,1775980032000
1775980034.623,134.623,0.63,0.64,0.36,0.37,0.01,0.01,71767.79,1775980033000
1775980034.973,134.973,0.62,0.63,0.37,0.38,0.01,0.01,71767.79,1775980033000
1775980035.374,135.374,0.61,0.63,0.37,0.39,0.02,0.02,71770.02,1775980034000
1775980035.932,135.932,0.59,0.63,0.4,0.41,0.04,0.01,71770.02,1775980034000
1775980036.276,136.276,0.62,0.63,0.37,0.38,0.01,0.01,71771.89,1775980035000
1775980036.825,136.825,0.6,0.61,0.38,0.4,0.01,0.02,71771.89,1775980035000
1775980037.176,137.176,0.57,0.58,0.42,0.43,0.01,0.01,71773.57,1775980036000
1775980037.595,137.595,0.55,0.56,0.44,0.45,0.01,0.01,71773.57,1775980036000
1775980037.966,137.966,0.55,0.56,0.44,0.45,0.01,0.01,71773.57,1775980036000
1775980038.334,138.334,0.55,0.56,0.44,0.45,0.01,0.01,71773.59,1775980037000
1775980038.677,138.677,0.55,0.56,0.44,0.45,0.01,0.01,71773.59,1775980037000
1775980039.047,139.047,0.55,0.56,0.44,0.45,0.01,0.01,71774.35,1775980038000
1775980039.415,139.415,0.53,0.54,0.46,0.47,0.01,0.01,71774.35,1775980038000
1775980039.798,139.798,0.51,0.52,0.46,0.49,0.01,0.03,71774.35,1775980038000
1775980040.148,140.148,0.51,0.55,0.44,0.51,0.04,0.07,71774.35,1775980038000
1775980040.483,140.483,0.51,0.52,0.48,0.49,0.01,0.01,71774.15,1775980039000
1775980040.964,140.964,0.51,0.52,0.48,0.49,0.01,0.01,71773.81,1775980040000
1775980041.305,141.305,0.54,0.57,0.43,0.46,0.03,0.03,71773.81,1775980040000
1775980041.7,141.7,0.55,0.56,0.44,0.45,0.01,0.01,71773.81,1775980040000
1775980042.058,142.058,0.54,0.55,0.45,0.46,0.01,0.01,71772.75,1775980041000
1775980042.405,142.405,0.54,0.56,0.45,0.46,0.02,0.01,71772.75,1775980041000
1775980042.788,142.788,0.55,0.56,0.44,0.45,0.01,0.01,71772.75,1775980041000
1775980043.215,143.215,0.58,0.59,0.41,0.44,0.01,0.03,71771.11,1775980042000
1775980043.777,143.777,0.56,0.57,0.41,0.44,0.01,0.03,71771.11,1775980042000
1775980044.116,144.116,0.54,0.57,0.43,0.46,0.03,0.03,71771.04,1775980043000
1775980044.845,144.845,0.55,0.56,0.45,0.46,0.01,0.01,71771.04,1775980043000
1775980045.182,145.182,0.55,0.56,0.44,0.45,0.01,0.01,71771.04,1775980043000
1775980045.644,145.644,0.56,0.57,0.42,0.44,0.01,0.02,71770.85,1775980044000
1775980046.024,146.024,0.53,0.54,0.46,0.47,0.01,0.01,71770.85,1775980044000
1775980046.367,146.367,0.51,0.58,0.42,0.49,0.07,0.07,71770.85,1775980044000
1775980046.73,146.73,0.51,0.56,0.48,0.49,0.05,0.01,71770.74,1775980045000
1775980047.164,147.164,0.55,0.56,0.44,0.49,0.01,0.05,71770.74,1775980046000
1775980047.558,147.558,0.55,0.56,0.44,0.45,0.01,0.01,71770.74,1775980046000
1775980047.955,147.955,0.55,0.56,0.44,0.45,0.01,0.01,71771.23,1775980047000
1775980048.292,148.292,0.46,0.49,0.51,0.52,0.03,0.01,71771.23,1775980047000
1775980048.63,148.63,0.38,0.4,0.6,0.61,0.02,0.01,71771.23,1775980047000
1775980048.964,148.964,0.38,0.39,0.61,0.62,0.01,0.01,71771.58,1775980048000
1775980049.303,149.303,0.38,0.39,0.61,0.62,0.01,0.01,71771.58,1775980048000
1775980049.645,149.645,0.38,0.39,0.61,0.62,0.01,0.01,71771.58,1775980048000
1775980049.989,149.989,0.38,0.4,0.6,0.62,0.02,0.02,71766.94,1775980049000
1775980050.323,150.323,0.4,0.41,0.59,0.6,0.01,0.01,71766.94,1775980049000
1775980050.662,150.662,0.41,0.42,0.58,0.59,0.01,0.01,71766.94,1775980049000
1775980051.0,151.0,0.41,0.42,0.58,0.59,0.01,0.01,71766.94,1775980049000
1775980051.344,151.344,0.43,0.44,0.56,0.57,0.01,0.01,71759.69,1775980050000
1775980051.685,151.685,0.45,0.46,0.54,0.55,0.01,0.01,71759.69,1775980050000
1775980052.023,152.023,0.45,0.46,0.54,0.55,0.01,0.01,71756.82,1775980051000
1775980052.362,152.362,0.46,0.47,0.53,0.54,0.01,0.01,71756.82,1775980051000
1775980052.697,152.697,0.48,0.49,0.51,0.52,0.01,0.01,71756.82,1775980051000
1775980053.044,153.044,0.49,0.5,0.5,0.51,0.01,0.01,71756.82,1775980051000
1775980053.504,153.504,0.47,0.5,0.5,0.51,0.03,0.01,71756.82,1775980051000
1775980053.85,153.85,0.47,0.48,0.52,0.53,0.01,0.01,71756.68,1775980052000
1775980054.187,154.187,0.47,0.48,0.52,0.53,0.01,0.01,71756.68,1775980053000
1775980054.524,154.524,0.46,0.48,0.52,0.54,0.02,0.02,71756.68,1775980053000
1775980054.86,154.86,0.47,0.48,0.51,0.52,0.01,0.01,71756.68,1775980053000
1775980055.217,155.217,0.47,0.48,0.52,0.53,0.01,0.01,71756.83,1775980054000
1775980055.553,155.553,0.48,0.5,0.5,0.52,0.02,0.02,71756.83,1775980054000
1775980055.892,155.892,0.48,0.49,0.51,0.52,0.01,0.01,71756.83,1775980054000
1775980056.238,156.238,0.46,0.47,0.51,0.54,0.01,0.03,71756.83,1775980054000
1775980056.583,156.583,0.38,0.47,0.53,0.62,0.09,0.09,71756.83,1775980054000
1775980056.925,156.925,0.47,0.5,0.5,0.53,0.03,0.03,71757.27,1775980055000
1775980057.261,157.261,0.42,0.44,0.56,0.58,0.02,0.02,71756.74,1775980056000
1775980057.602,157.602,0.42,0.46,0.54,0.58,0.04,0.04,71756.74,1775980056000
1775980057.936,157.936,0.45,0.46,0.54,0.55,0.01,0.01,71756.74,1775980056000
1775980058.345,158.345,0.46,0.47,0.53,0.54,0.01,0.01,71756.74,1775980056000
1775980058.742,158.742,0.46,0.47,0.53,0.54,0.01,0.01,71756.89,1775980057000
1775980059.118,159.118,0.46,0.47,0.53,0.54,0.01,0.01,71756.89,1775980057000
1775980059.501,159.501,0.46,0.47,0.53,0.54,0.01,0.01,71756.7,1775980058000
1775980059.892,159.892,0.46,0.48,0.53,0.54,0.02,0.01,71756.7,1775980058000
1775980060.352,160.352,0.46,0.47,0.53,0.54,0.01,0.01,71756.7,1775980059000
1775980060.693,160.693,0.47,0.48,0.52,0.53,0.01,0.01,71756.7,1775980059000
1775980061.126,161.126,0.47,0.48,0.52,0.53,0.01,0.01,71756.7,1775980059000
1775980061.645,161.645,0.42,0.47,0.53,0.54,0.05,0.01,71756.74,1775980060000
1775980062.183,162.183,0.43,0.44,0.52,0.58,0.01,0.06,71756.74,1775980060000
1775980062.563,162.563,0.46,0.47,0.54,0.55,0.01,0.01,71756.85,1775980061000
1775980062.907,162.907,0.45,0.47,0.55,0.56,0.02,0.01,71756.85,1775980061000
1775980063.255,163.255,0.38,0.49,0.51,0.62,0.11,0.11,71756.85,1775980062000
1775980063.639,163.639,0.45,0.46,0.54,0.58,0.01,0.04,71756.85,1775980062000
1775980064.055,164.055,0.45,0.51,0.54,0.55,0.06,0.01,71756.85,1775980062000
1775980064.39,164.39,0.46,0.47,0.53,0.54,0.01,0.01,71756.73,1775980063000
1775980064.994,164.994,0.48,0.52,0.5,0.52,0.04,0.02,71756.73,1775980063000
1775980065.375,165.375,0.5,0.51,0.49,0.5,0.01,0.01,71756.73,1775980064000
1775980065.87,165.87,0.5,0.51,0.49,0.5,0.01,0.01,71756.73,1775980064000
1775980066.265,166.265,0.48,0.49,0.5,0.52,0.01,0.02,71757.76,1775980065000
1775980066.601,166.601,0.45,0.46,0.54,0.55,0.01,0.01,71757.76,1775980065000
1775980066.938,166.938,0.45,0.46,0.54,0.55,0.01,0.01,71757.76,1775980065000
1775980067.335,167.335,0.45,0.49,0.53,0.54,0.04,0.01,71757.91,1775980066000
1775980067.965,167.965,0.48,0.49,0.51,0.52,0.01,0.01,71757.91,1775980066000
1775980068.376,168.376,0.46,0.47,0.53,0.57,0.01,0.04,71757.9,1775980067000
1775980068.715,168.715,0.45,0.46,0.54,0.55,0.01,0.01,71757.9,1775980067000
1775980069.056,169.056,0.46,0.47,0.53,0.54,0.01,0.01,71757.9,1775980067000
1775980069.405,169.405,0.45,0.47,0.53,0.55,0.02,0.02,71757.75,1775980068000
1775980069.855,169.855,0.38,0.39,0.61,0.62,0.01,0.01,71757.75,1775980068000
1775980070.2,170.2,0.38,0.39,0.61,0.62,0.01,0.01,71757.75,1775980069000
1775980070.603,170.603,0.41,0.42,0.58,0.62,0.01,0.04,71757.75,1775980069000
1775980070.94,170.94,0.41,0.42,0.58,0.59,0.01,0.01,71757.75,1775980069000
1775980071.355,171.355,0.43,0.44,0.56,0.58,0.01,0.02,71757.75,1775980070000
1775980071.781,171.781,0.42,0.43,0.56,0.57,0.01,0.01,71757.75,1775980070000
1775980072.161,172.161,0.42,0.43,0.57,0.58,0.01,0.01,71757.75,1775980070000
1775980072.528,172.528,0.45,0.46,0.53,0.58,0.01,0.05,71756.11,1775980071000
1775980072.923,172.923,0.46,0.47,0.54,0.62,0.01,0.08,71756.11,1775980071000
1775980073.264,173.264,0.38,0.44,0.56,0.62,0.06,0.06,71756.11,1775980071000
1775980073.611,173.611,0.43,0.44,0.56,0.57,0.01,0.01,71756.05,1775980072000
1775980073.981,173.981,0.48,0.5,0.51,0.52,0.02,0.01,71756.06,1775980073000
1775980074.4,174.4,0.45,0.46,0.53,0.55,0.01,0.02,71756.06,1775980073000
1775980074.816,174.816,0.45,0.46,0.54,0.56,0.01,0.02,71756.06,1775980073000
1775980075.189,175.189,0.46,0.48,0.52,0.53,0.02,0.01,71756.0,1775980074000
1775980075.556,175.556,0.43,0.45,0.55,0.56,0.02,0.01,71756.0,1775980074000
1775980076.007,176.007,0.45,0.46,0.54,0.57,0.01,0.03,71756.0,1775980074000
1775980076.343,176.343,0.4,0.43,0.57,0.6,0.03,0.03,71755.76,1775980075000
1775980076.681,176.681,0.4,0.41,0.59,0.6,0.01,0.01,71755.76,1775980075000
1775980077.022,177.022,0.43,0.44,0.56,0.57,0.01,0.01,71755.76,1775980075000
1775980077.386,177.386,0.41,0.42,0.57,0.58,0.01,0.01,71755.76,1775980075000
1775980077.729,177.729,0.4,0.41,0.59,0.6,0.01,0.01,71755.56,1775980076000
1775980078.064,178.064,0.4,0.41,0.59,0.6,0.01,0.01,71755.56,1775980076000
1775980078.434,178.434,0.34,0.35,0.59,0.65,0.01,0.06,71755.56,1775980076000
1775980078.781,178.781,0.3,0.31,0.69,0.7,0.01,0.01,71755.92,1775980077000
1775980079.164,179.164,0.29,0.3,0.7,0.71,0.01,0.01,71755.72,1775980078000
1775980079.5,179.5,0.25,0.26,0.74,0.75,0.01,0.01,71755.72,1775980078000
1775980079.895,179.895,0.24,0.25,0.74,0.76,0.01,0.02,71755.72,1775980078000
1775980080.238,180.238,0.24,0.25,0.75,0.76,0.01,0.01,71749.44,1775980079000
1775980080.596,180.596,0.25,0.26,0.71,0.75,0.01,0.04,71749.44,1775980079000
1775980080.976,180.976,0.24,0.25,0.75,0.76,0.01,0.01,71749.44,1775980079000
1775980081.313,181.313,0.27,0.28,0.72,0.73,0.01,0.01,71749.44,1775980079000
1775980081.661,181.661,0.3,0.31,0.68,0.69,0.01,0.01,71741.28,1775980080000
1775980082.022,182.022,0.25,0.26,0.7,0.83,0.01,0.13,71741.28,1775980080000
1775980082.368,182.368,0.26,0.27,0.72,0.74,0.01,0.02,71738.9,1775980081000
1775980082.711,182.711,0.29,0.3,0.7,0.71,0.01,0.01,71738.9,1775980081000
1775980083.097,183.097,0.3,0.34,0.73,0.74,0.04,0.01,71738.9,1775980081000
1775980083.458,183.458,0.32,0.33,0.67,0.69,0.01,0.02,71738.9,1775980081000
1775980083.792,183.792,0.33,0.34,0.67,0.68,0.01,0.01,71738.75,1775980082000
1775980084.138,184.138,0.32,0.33,0.67,0.68,0.01,0.01,71738.75,1775980082000
1775980084.59,184.59,0.26,0.27,0.7,0.72,0.01,0.02,71738.54,1775980083000
1775980085.003,185.003,0.25,0.26,0.73,0.74,0.01,0.01,71738.54,1775980083000
1775980085.351,185.351,0.16,0.27,0.73,0.74,0.11,0.01,71738.54,1775980083000
1775980085.684,185.684,0.26,0.27,0.73,0.74,0.01,0.01,71738.53,1775980084000
1775980086.344,186.344,0.26,0.27,0.72,0.73,0.01,0.01,71738.36,1775980085000
1775980086.684,186.684,0.26,0.27,0.73,0.74,0.01,0.01,71738.36,1775980085000
1775980087.031,187.031,0.19,0.3,0.7,0.71,0.11,0.01,71738.36,1775980085000
1775980087.376,187.376,0.28,0.29,0.71,0.72,0.01,0.01,71738.42,1775980086000
1775980087.863,187.863,0.28,0.29,0.71,0.72,0.01,0.01,71738.42,1775980086000
1775980088.2,188.2,0.3,0.31,0.69,0.7,0.01,0.01,71738.42,1775980087000
1775980088.545,188.545,0.29,0.3,0.69,0.71,0.01,0.02,71738.42,1775980087000
1775980088.89,188.89,0.22,0.28,0.69,0.73,0.06,0.04,71738.42,1775980087000
1775980089.225,189.225,0.25,0.26,0.74,0.75,0.01,0.01,71738.42,1775980087000
1775980089.571,189.571,0.26,0.27,0.73,0.74,0.01,0.01,71738.19,1775980088000
1775980090.057,190.057,0.24,0.26,0.74,0.76,0.02,0.02,71738.19,1775980088000
1775980090.399,190.399,0.28,0.29,0.71,0.72,0.01,0.01,71738.27,1775980089000
1775980090.74,190.74,0.31,0.32,0.68,0.7,0.01,0.02,71738.27,1775980089000
1775980091.174,191.174,0.3,0.31,0.69,0.71,0.01,0.02,71738.27,1775980089000
1775980091.507,191.507,0.31,0.32,0.68,0.71,0.01,0.03,71738.27,1775980089000
1775980091.927,191.927,0.29,0.3,0.68,0.71,0.01,0.03,71740.57,1775980090000
1775980092.305,192.305,0.29,0.31,0.7,0.71,0.02,0.01,71740.57,1775980090000
1775980092.657,192.657,0.3,0.31,0.68,0.7,0.01,0.02,71739.5,1775980091000
1775980092.997,192.997,0.31,0.32,0.69,0.7,0.01,0.01,71739.5,1775980091000
1775980093.378,193.378,0.27,0.28,0.71,0.75,0.01,0.04,71739.5,1775980092000
1775980093.758,193.758,0.27,0.28,0.72,0.73,0.01,0.01,71739.5,1775980092000
1775980094.102,194.102,0.29,0.3,0.7,0.71,0.01,0.01,71739.5,1775980092000
1775980094.443,194.443,0.24,0.26,0.74,0.76,0.02,0.02,71739.5,1775980092000
1775980094.8,194.8,0.29,0.3,0.7,0.71,0.01,0.01,71739.29,1775980093000
1775980095.141,195.141,0.29,0.3,0.7,0.72,0.01,0.02,71739.29,1775980093000
1775980095.516,195.516,0.28,0.29,0.71,0.72,0.01,0.01,71739.21,1775980094000
1775980095.858,195.858,0.31,0.32,0.68,0.69,0.01,0.01,71739.21,1775980094000
1775980096.244,196.244,0.27,0.3,0.71,0.83,0.03,0.12,71739.21,1775980094000
1775980096.615,196.615,0.28,0.31,0.7,0.71,0.03,0.01,71739.21,1775980094000
1775980096.994,196.994,0.27,0.3,0.72,0.73,0.03,0.01,71739.09,1775980095000
1775980097.374,197.374,0.28,0.29,0.7,0.72,0.01,0.02,71739.09,1775980095000
1775980097.714,197.714,0.27,0.28,0.71,0.73,0.01,0.02,71738.56,1775980096000
1775980098.048,198.048,0.32,0.33,0.67,0.68,0.01,0.01,71738.56,1775980096000
1775980098.386,198.386,0.3,0.33,0.67,0.7,0.03,0.03,71739.09,1775980097000
1775980098.812,198.812,0.26,0.27,0.71,0.94,0.01,0.23,71739.09,1775980097000
1775980099.298,199.298,0.26,0.27,0.73,0.74,0.01,0.01,71739.09,1775980097000
1775980099.69,199.69,0.26,0.27,0.73,0.74,0.01,0.01,71738.56,1775980098000
1775980100.114,200.114,0.26,0.27,0.73,0.74,0.01,0.01,71738.56,1775980098000
1775980100.597,200.597,0.3,0.31,0.69,0.73,0.01,0.04,71738.61,1775980099000
1775980100.989,200.989,0.27,0.28,0.72,0.73,0.01,0.01,71738.61,1775980099000
1775980101.355,201.355,0.28,0.3,0.69,0.72,0.02,0.03,71738.58,1775980100000
1775980101.757,201.757,0.28,0.29,0.71,0.72,0.01,0.01,71738.58,1775980100000
1775980102.161,202.161,0.29,0.31,0.69,0.71,0.02,0.02,71738.56,1775980101000
1775980102.738,202.738,0.29,0.31,0.7,0.71,0.02,0.01,71738.56,1775980101000
1775980103.078,203.078,0.3,0.31,0.69,0.7,0.01,0.01,71738.55,1775980102000
1775980103.425,203.425,0.31,0.32,0.67,0.69,0.01,0.02,71738.55,1775980102000
1775980103.823,203.823,0.29,0.3,0.7,0.71,0.01,0.01,71738.55,1775980102000
1775980104.342,204.342,0.31,0.32,0.68,0.69,0.01,0.01,71738.62,1775980103000
1775980104.675,204.675,0.29,0.34,0.66,0.68,0.05,0.02,71738.62,1775980103000
1775980105.018,205.018,0.3,0.31,0.69,0.7,0.01,0.01,71738.64,1775980104000
1775980105.365,205.365,0.2,0.26,0.74,0.8,0.06,0.06,71738.64,1775980104000
1775980105.739,205.739,0.22,0.23,0.77,0.78,0.01,0.01,71738.64,1775980104000
1775980106.078,206.078,0.25,0.26,0.74,0.75,0.01,0.01,71739.72,1775980105000
1775980106.507,206.507,0.24,0.25,0.75,0.76,0.01,0.01,71739.72,1775980105000
1775980106.998,206.998,0.26,0.27,0.71,0.76,0.01,0.05,71739.72,1775980105000
1775980107.459,207.459,0.28,0.29,0.71,0.73,0.01,0.02,71739.92,1775980106000
1775980107.89,207.89,0.3,0.31,0.68,0.7,0.01,0.02,71739.92,1775980106000
1775980108.341,208.341,0.3,0.31,0.69,0.7,0.01,0.01,71739.61,1775980107000
1775980108.702,208.702,0.14,0.22,0.69,0.92,0.08,0.23,71739.61,1775980107000
1775980109.042,209.042,0.14,0.15,0.85,0.86,0.01,0.01,71739.61,1775980107000
1775980109.508,209.508,0.16,0.17,0.83,0.84,0.01,0.01,71739.61,1775980108000
1775980109.851,209.851,0.19,0.21,0.79,0.8,0.02,0.01,71739.61,1775980108000
1775980110.196,210.196,0.19,0.23,0.77,0.81,0.04,0.04,71739.42,1775980109000
1775980110.603,210.603,0.24,0.25,0.75,0.76,0.01,0.01,71739.42,1775980109000
1775980111.027,211.027,0.24,0.25,0.75,0.76,0.01,0.01,71739.1,1775980110000
1775980111.369,211.369,0.24,0.26,0.75,0.76,0.02,0.01,71739.1,1775980110000
1775980111.761,211.761,0.06,0.26,0.74,0.75,0.2,0.01,71739.1,1775980110000
1775980112.214,212.214,0.18,0.19,0.8,0.82,0.01,0.02,71739.1,1775980111000
1775980112.887,212.887,0.22,0.23,0.78,0.83,0.01,0.05,71739.1,1775980111000
1775980113.228,213.228,0.24,0.25,0.74,0.76,0.01,0.02,71739.03,1775980112000
1775980113.576,213.576,0.25,0.26,0.74,0.76,0.01,0.02,71739.03,1775980112000
1775980113.927,213.927,0.25,0.26,0.74,0.75,0.01,0.01,71739.03,1775980112000
1775980114.303,214.303,0.26,0.27,0.73,0.74,0.01,0.01,71738.98,1775980113000
1775980115.15,215.15,0.18,0.27,0.73,0.74,0.09,0.01,71738.98,1775980113000
1775980115.496,215.496,0.2,0.24,0.79,0.8,0.04,0.01,71741.13,1775980114000
1775980115.93,215.93,0.25,0.26,0.73,0.76,0.01,0.03,71741.13,1775980114000
1775980116.471,216.471,0.24,0.27,0.72,0.74,0.03,0.02,71741.13,1775980114000
1775980116.966,216.966,0.26,0.28,0.73,0.74,0.02,0.01,71743.34,1775980115000
1775980117.304,217.304,0.26,0.27,0.73,0.74,0.01,0.01,71743.34,1775980115000
1775980117.756,217.756,0.26,0.27,0.75,0.76,0.01,0.01,71743.34,1775980116000
1775980118.128,218.128,0.28,0.29,0.73,0.74,0.01,0.01,71743.34,1775980117000
1775980118.465,218.465,0.27,0.28,0.72,0.73,0.01,0.01,71743.34,1775980117000
1775980118.799,218.799,0.26,0.27,0.73,0.74,0.01,0.01,71743.34,1775980117000
1775980119.172,219.172,0.26,0.3,0.7,0.74,0.04,0.04,71743.32,1775980118000
1775980119.895,219.895,0.28,0.29,0.71,0.73,0.01,0.02,71743.32,1775980118000
1775980120.473,220.473,0.28,0.29,0.71,0.72,0.01,0.01,71743.32,1775980118000
1775980120.93,220.93,0.28,0.29,0.71,0.72,0.01,0.01,71743.35,1775980119000
1775980121.649,221.649,0.3,0.31,0.68,0.7,0.01,0.02,71743.35,1775980120000
1775980121.998,221.998,0.28,0.29,0.71,0.72,0.01,0.01,71743.35,1775980120000
1775980122.64,222.64,0.28,0.29,0.71,0.72,0.01,0.01,71743.66,1775980121000
1775980123.042,223.042,0.26,0.27,0.71,0.89,0.01,0.18,71743.66,1775980121000
1775980123.378,223.378,0.26,0.27,0.73,0.74,0.01,0.01,71743.66,1775980121000
1775980123.9,223.9,0.26,0.27,0.73,0.74,0.01,0.01,71743.66,1775980122000
1775980124.892,224.892,0.26,0.28,0.73,0.74,0.02,0.01,71743.66,1775980123000
1775980125.279,225.279,0.27,0.28,0.72,0.74,0.01,0.02,71743.63,1775980124000
1775980125.628,225.628,0.28,0.29,0.71,0.72,0.01,0.01,71743.63,1775980124000
1775980126.25,226.25,0.28,0.29,0.71,0.72,0.01,0.01,71743.63,1775980124000
1775980126.865,226.865,0.28,0.29,0.71,0.72,0.01,0.01,71743.68,1775980125000
1775980127.207,227.207,0.28,0.29,0.71,0.72,0.01,0.01,71743.68,1775980126000
1775980127.569,227.569,0.28,0.29,0.71,0.72,0.01,0.01,71743.68,1775980126000
1775980127.961,227.961,0.29,0.3,0.7,0.71,0.01,0.01,71743.68,1775980126000
1775980128.768,228.768,0.29,0.3,0.7,0.71,0.01,0.01,71743.66,1775980127000
1775980129.128,229.128,0.29,0.3,0.7,0.71,0.01,0.01,71743.66,1775980127000
1775980129.484,229.484,0.04,0.3,0.7,0.71,0.26,0.01,71743.67,1775980128000
1775980129.824,229.824,0.29,0.3,0.7,0.71,0.01,0.01,71743.67,1775980128000
1775980130.227,230.227,0.29,0.3,0.7,0.72,0.01,0.02,71743.67,1775980128000
1775980130.58,230.58,0.28,0.3,0.7,0.71,0.02,0.01,71743.67,1775980129000
1775980130.92,230.92,0.29,0.3,0.7,0.71,0.01,0.01,71743.67,1775980130000
1775980131.41,231.41,0.29,0.3,0.7,0.71,0.01,0.01,71743.67,1775980130000
1775980131.839,231.839,0.28,0.29,0.71,0.72,0.01,0.01,71743.67,1775980131000
1775980132.204,232.204,0.28,0.32,0.7,0.71,0.04,0.01,71743.67,1775980131000
1775980132.726,232.726,0.3,0.31,0.68,0.72,0.01,0.04,71743.67,1775980131000
1775980133.124,233.124,0.3,0.31,0.69,0.7,0.01,0.01,71743.67,1775980131000
1775980133.727,233.727,0.3,0.31,0.69,0.7,0.01,0.01,71743.67,1775980132000
1775980134.146,234.146,0.3,0.31,0.69,0.7,0.01,0.01,71743.67,1775980132000
1775980134.744,234.744,0.3,0.31,0.69,0.7,0.01,0.01,71743.67,1775980133000
1775980135.082,235.082,0.04,0.31,0.69,0.96,0.27,0.27,71743.67,1775980134000
1775980135.466,235.466,0.2,0.21,0.79,0.8,0.01,0.01,71743.67,1775980134000
1775980135.823,235.823,0.24,0.25,0.73,0.8,0.01,0.07,71743.67,1775980134000
1775980136.369,236.369,0.21,0.22,0.78,0.79,0.01,0.01,71743.67,1775980135000
1775980136.73,236.73,0.22,0.23,0.77,0.78,0.01,0.01,71743.67,1775980135000
1775980137.086,237.086,0.13,0.23,0.77,0.87,0.1,0.1,71743.67,1775980136000
1775980137.457,237.457,0.22,0.23,0.77,0.78,0.01,0.01,71743.67,1775980136000
1775980137.982,237.982,0.22,0.23,0.77,0.78,0.01,0.01,71743.15,1775980137000
1775980138.315,238.315,0.22,0.23,0.77,0.78,0.01,0.01,71743.15,1775980137000
1775980138.65,238.65,0.23,0.24,0.76,0.77,0.01,0.01,71743.15,1775980137000
1775980138.998,238.998,0.2,0.24,0.75,0.76,0.04,0.01,71741.55,1775980138000
1775980139.545,239.545,0.22,0.23,0.77,0.8,0.01,0.03,71741.55,1775980138000
1775980139.879,239.879,0.24,0.25,0.75,0.76,0.01,0.01,71741.55,1775980138000
1775980140.299,240.299,0.2,0.29,0.74,0.75,0.09,0.01,71740.5,1775980139000
1775980140.839,240.839,0.21,0.24,0.78,0.79,0.03,0.01,71740.5,1775980139000
1775980141.254,241.254,0.17,0.23,0.77,0.78,0.06,0.01,71740.5,1775980140000
1775980141.76,241.76,0.19,0.2,0.8,0.81,0.01,0.01,71740.5,1775980140000
1775980142.248,242.248,0.2,0.23,0.8,0.81,0.03,0.01,71740.93,1775980141000
1775980142.601,242.601,0.21,0.22,0.77,0.79,0.01,0.02,71740.93,1775980141000
1775980143.024,243.024,0.21,0.22,0.78,0.79,0.01,0.01,71740.93,1775980141000
1775980143.465,243.465,0.19,0.2,0.78,0.79,0.01,0.01,71740.93,1775980141000
1775980143.823,243.823,0.19,0.2,0.8,0.81,0.01,0.01,71740.93,1775980142000
1775980144.186,244.186,0.21,0.22,0.78,0.79,0.01,0.01,71740.97,1775980143000
1775980144.592,244.592,0.22,0.24,0.77,0.78,0.02,0.01,71740.97,1775980143000
1775980144.94,244.94,0.19,0.2,0.76,0.9,0.01,0.14,71740.97,1775980143000
1775980145.39,245.39,0.22,0.23,0.74,0.81,0.01,0.07,71741,1775980144000
1775980145.76,245.76,0.21,0.22,0.76,0.77,0.01,0.01,71741,1775980144000
1775980146.265,246.265,0.23,0.24,0.76,0.77,0.01,0.01,71741,1775980145000
1775980146.598,246.598,0.25,0.26,0.74,0.75,0.01,0.01,71741,1775980145000
1775980147.059,247.059,0.26,0.27,0.73,0.74,0.01,0.01,71741,1775980145000
1775980147.422,247.422,0.26,0.27,0.73,0.74,0.01,0.01,71741.29,1775980146000
1775980147.792,247.792,0.26,0.29,0.71,0.74,0.03,0.03,71741.29,1775980146000
1775980148.127,248.127,0.26,0.27,0.73,0.74,0.01,0.01,71741.29,1775980146000
1775980148.461,248.461,0.3,0.31,0.73,0.74,0.01,0.01,71739.86,1775980147000
1775980148.86,248.86,0.36,0.37,0.64,0.66,0.01,0.02,71739.86,1775980147000
1775980149.326,249.326,0.36,0.37,0.63,0.64,0.01,0.01,71739.86,1775980147000
1775980149.672,249.672,0.37,0.38,0.62,0.63,0.01,0.01,71742.13,1775980148000
1775980150.056,250.056,0.36,0.37,0.63,0.64,0.01,0.01,71742.82,1775980149000
1775980150.412,250.412,0.31,0.39,0.6,0.64,0.08,0.04,71742.82,1775980149000
1775980150.848,250.848,0.32,0.33,0.66,0.68,0.01,0.02,71742.82,1775980149000
1775980151.184,251.184,0.32,0.4,0.6,0.65,0.08,0.05,71746.61,1775980150000
1775980151.555,251.555,0.38,0.39,0.6,0.68,0.01,0.08,71746.61,1775980150000
1775980151.915,251.915,0.34,0.38,0.62,0.7,0.04,0.08,71746.61,1775980150000
1775980152.355,252.355,0.32,0.37,0.61,0.64,0.05,0.03,71750.13,1775980151000
1775980152.702,252.702,0.31,0.34,0.65,0.69,0.03,0.04,71750.13,1775980151000
1775980153.188,253.188,0.33,0.34,0.66,0.67,0.01,0.01,71750.15,1775980152000
1775980153.669,253.669,0.35,0.36,0.67,0.68,0.01,0.01,71750.15,1775980152000
1775980154.029,254.029,0.3,0.31,0.68,0.69,0.01,0.01,71750.15,1775980152000
1775980154.367,254.367,0.3,0.31,0.69,0.7,0.01,0.01,71751.0,1775980153000
1775980154.784,254.784,0.3,0.31,0.68,0.71,0.01,0.03,71751.0,1775980153000
1775980155.128,255.128,0.25,0.27,0.73,0.75,0.02,0.02,71751.0,1775980154000
1775980155.553,255.553,0.28,0.29,0.71,0.74,0.01,0.03,71751.0,1775980154000
1775980156.019,256.019,0.28,0.29,0.71,0.73,0.01,0.02,71751.0,1775980154000
1775980156.405,256.405,0.25,0.26,0.74,0.75,0.01,0.01,71751.0,1775980154000
1775980156.876,256.876,0.31,0.32,0.67,0.69,0.01,0.02,71751.0,1775980154000
1775980157.446,257.446,0.31,0.32,0.68,0.69,0.01,0.01,71751.0,1775980154000
1775980157.784,257.784,0.3,0.31,0.69,0.7,0.01,0.01,71751.0,1775980154000
1775980158.119,258.119,0.26,0.27,0.73,0.74,0.01,0.01,71751.0,1775980154000
1775980158.481,258.481,0.28,0.29,0.68,0.73,0.01,0.05,71751.0,1775980154000
1775980159.029,259.029,0.35,0.36,0.64,0.65,0.01,0.01,71751.0,1775980154000
1775980159.473,259.473,0.33,0.34,0.64,0.66,0.01,0.02,71751.0,1775980154000
1775980159.923,259.923,0.3,0.32,0.66,0.68,0.02,0.02,71751.0,1775980154000
1775980160.39,260.39,0.32,0.35,0.65,0.71,0.03,0.06,71751.0,1775980154000
1775980160.802,260.802,0.31,0.32,0.66,0.67,0.01,0.01,71751.0,1775980154000
1775980161.284,261.284,0.32,0.33,0.66,0.75,0.01,0.09,71751.0,1775980154000
1775980161.649,261.649,0.29,0.3,0.7,0.71,0.01,0.01,71751.0,1775980154000
1775980162.086,262.086,0.29,0.3,0.7,0.71,0.01,0.01,71751.0,1775980154000
1775980162.653,262.653,0.27,0.29,0.72,0.73,0.02,0.01,71751.0,1775980154000
1775980163.182,263.182,0.29,0.3,0.72,0.73,0.01,0.01,71751.0,1775980154000
1775980163.524,263.524,0.29,0.3,0.7,0.71,0.01,0.01,71751.45,1775980162000
1775980163.879,263.879,0.28,0.29,0.71,0.72,0.01,0.01,71751.45,1775980162000
1775980164.432,264.432,0.28,0.29,0.71,0.72,0.01,0.01,71751.46,1775980163000
1775980164.769,264.769,0.25,0.27,0.73,0.74,0.02,0.01,71751.46,1775980163000
1775980165.253,265.253,0.24,0.25,0.75,0.76,0.01,0.01,71751.46,1775980164000
1775980165.898,265.898,0.26,0.27,0.75,0.76,0.01,0.01,71751.46,1775980164000
1775980166.328,266.328,0.26,0.27,0.73,0.74,0.01,0.01,71751.46,1775980165000
1775980166.813,266.813,0.26,0.27,0.73,0.74,0.01,0.01,71751.46,1775980165000
1775980167.475,267.475,0.26,0.27,0.73,0.74,0.01,0.01,71751.67,1775980166000
1775980167.941,267.941,0.26,0.27,0.73,0.74,0.01,0.01,71751.67,1775980166000
1775980168.37,268.37,0.24,0.27,0.73,0.74,0.03,0.01,71751.67,1775980167000
1775980168.983,268.983,0.24,0.41,0.73,0.76,0.17,0.03,71751.67,1775980167000
1775980169.459,269.459,0.27,0.28,0.71,0.72,0.01,0.01,71751.62,1775980168000
1775980169.87,269.87,0.26,0.29,0.7,0.73,0.03,0.03,71751.62,1775980168000
1775980170.375,270.375,0.32,0.49,0.58,0.74,0.17,0.16,71751.62,1775980168000
1775980170.711,270.711,0.31,0.45,0.47,0.69,0.14,0.22,71751.65,1775980169000
1775980171.059,271.059,0.4,0.51,0.47,0.65,0.11,0.18,71751.65,1775980170000
1775980171.605,271.605,0.42,0.43,0.56,0.58,0.01,0.02,71751.65,1775980170000
1775980171.985,271.985,0.38,0.39,0.59,0.62,0.01,0.03,71751.65,1775980170000
1775980172.364,272.364,0.37,0.58,0.61,0.64,0.21,0.03,71751.66,1775980171000
1775980172.702,272.702,0.48,0.5,0.46,0.6,0.02,0.14,71751.66,1775980171000
1775980173.06,273.06,0.37,0.46,0.54,0.63,0.09,0.09,71751.66,1775980171000
1775980173.462,273.462,0.36,0.37,0.6,0.63,0.01,0.03,71751.66,1775980171000
1775980174.01,274.01,0.35,0.36,0.63,0.64,0.01,0.01,71751.81,1775980172000
1775980174.395,274.395,0.35,0.6,0.64,0.65,0.25,0.01,71751.81,1775980173000
1775980174.782,274.782,0.42,0.43,0.57,0.58,0.01,0.01,71751.81,1775980173000
1775980175.481,275.481,0.38,0.39,0.61,0.62,0.01,0.01,71751.81,1775980173000
1775980175.834,275.834,0.33,0.34,0.65,0.66,0.01,0.01,71751.38,1775980174000
1775980176.198,276.198,0.34,0.35,0.65,0.67,0.01,0.02,71751.21,1775980175000
1775980176.584,276.584,0.33,0.34,0.65,0.66,0.01,0.01,71751.21,1775980175000
1775980177.074,277.074,0.27,0.34,0.66,0.73,0.07,0.07,71751.21,1775980176000
1775980177.678,277.678,0.28,0.29,0.69,0.7,0.01,0.01,71751.21,1775980176000
1775980178.135,278.135,0.28,0.29,0.71,0.72,0.01,0.01,71751.22,1775980177000
1775980178.68,278.68,0.28,0.29,0.71,0.72,0.01,0.01,71751.22,1775980177000
1775980179.105,279.105,0.28,0.29,0.71,0.72,0.01,0.01,71751.23,1775980178000
1775980179.442,279.442,0.29,0.31,0.7,0.72,0.02,0.02,71751.23,1775980178000
1775980179.976,279.976,0.3,0.31,0.69,0.7,0.01,0.01,71751.23,1775980178000
1775980180.409,280.409,0.3,0.31,0.69,0.7,0.01,0.01,71751.33,1775980179000
1775980180.788,280.788,0.3,0.31,0.69,0.7,0.01,0.01,71751.33,1775980179000
1775980181.176,281.176,0.25,0.26,0.74,0.75,0.01,0.01,71751.37,1775980180000
1775980181.527,281.527,0.08,0.09,0.91,0.92,0.01,0.01,71751.37,1775980180000
1775980181.896,281.896,0.05,0.06,0.92,0.95,0.01,0.03,71751.37,1775980180000
1775980182.272,282.272,0.04,0.05,0.95,0.96,0.01,0.01,71751.31,1775980181000
1775980182.623,282.623,0.04,0.05,0.95,0.96,0.01,0.01,71751.31,1775980181000
1775980182.99,282.99,0.04,0.05,0.95,0.96,0.01,0.01,71729.24,1775980182000
1775980183.327,283.327,0.05,0.07,0.94,0.97,0.02,0.03,71729.24,1775980182000
1775980183.683,283.683,0.05,0.16,0.79,0.96,0.11,0.17,71729.24,1775980182000
1775980184.018,284.018,0.12,0.13,0.86,0.89,0.01,0.03,71720.25,1775980183000
1775980184.358,284.358,0.05,0.09,0.9,0.96,0.04,0.06,71720.25,1775980183000
1775980184.801,284.801,0.05,0.06,0.94,0.95,0.01,0.01,71720.25,1775980183000
1775980185.161,285.161,0.04,0.06,0.9,0.95,0.02,0.05,71718.47,1775980184000
1775980185.506,285.506,0.02,0.05,0.95,0.98,0.03,0.03,71718.47,1775980184000
1775980185.884,285.884,0.02,0.03,0.95,0.98,0.01,0.03,71718.47,1775980184000
1775980186.242,286.242,0.02,0.03,0.97,0.98,0.01,0.01,71718.47,1775980184000
1775980186.578,286.578,0.03,0.05,0.95,0.96,0.02,0.01,71720.22,1775980185000
1775980186.966,286.966,0.02,0.04,0.96,0.97,0.02,0.01,71720.22,1775980185000
1775980187.343,287.343,0.03,0.04,0.96,0.97,0.01,0.01,71720.22,1775980186000
1775980187.684,287.684,0.04,0.05,0.95,0.97,0.01,0.02,71720.22,1775980186000
1775980188.09,288.09,0.01,0.04,0.96,0.97,0.03,0.01,71720.22,1775980186000
1775980188.48,288.48,0.01,0.02,0.98,0.99,0.01,0.01,71720.22,1775980186000
1775980188.816,288.816,0.01,0.02,0.98,0.99,0.01,0.01,71720.83,1775980187000
1775980189.198,289.198,0.01,0.02,0.98,0.99,0.01,0.01,71721.09,1775980188000
1775980189.545,289.545,0.01,0.02,0.98,0.99,0.01,0.01,71721.09,1775980188000
1775980189.926,289.926,0.01,0.01,0.99,0.99,0.0,0.0,71721.09,1775980188000
1775980190.946,290.946,0.01,0.01,0.99,0.99,0.0,0.0,71721.09,1775980188000
1775980191.346,291.346,0.01,0.01,0.99,0.99,0.0,0.0,71721.06,1775980190000
1775980191.966,291.966,0.01,0.01,0.99,0.99,0.0,0.0,71721.06,1775980191000
1775980192.336,292.336,0.01,0.01,0.99,0.99,0.0,0.0,71721.06,1775980191000
1775980192.962,292.962,0.01,0.01,0.99,0.99,0.0,0.0,71724.71,1775980192000
1775980193.368,293.368,0.01,0.01,0.99,0.99,0.0,0.0,71724.71,1775980192000
1775980194.01,294.01,0.01,0.01,0.99,0.99,0.0,0.0,71724.62,1775980193000
1775980194.354,294.354,0.01,0.01,0.99,0.99,0.0,0.0,71724.62,1775980193000
1775980194.935,294.935,0.01,0.01,0.99,0.99,0.0,0.0,71724.62,1775980193000
1775980195.382,295.382,0.01,0.01,0.99,0.99,0.0,0.0,71724.62,1775980194000
1775980196.049,296.049,0.01,0.01,0.99,0.99,0.0,0.0,71724.62,1775980194000
1775980196.402,296.402,0.01,0.01,0.99,0.99,0.0,0.0,71724.73,1775980195000
1775980197.016,297.016,0.01,0.01,0.99,0.99,0.0,0.0,71724.73,1775980195000
1775980197.352,297.352,0.01,0.01,0.99,0.99,0.0,0.0,71724.68,1775980196000
1775980198.112,298.112,0.01,0.01,0.99,0.99,0.0,0.0,71724.68,1775980196000
1775980199.142,299.142,0.01,0.01,0.99,0.99,0.0,0.0,71722.72,1775980198000
1775980199.911,299.911,0.01,0.01,0.99,0.99,0.0,0.0,71722.72,1775980198000
1775980200.367,300.367,0.01,0.01,0.99,0.99,0.0,0.0,71721.51,1775980199000

# RESULT,winner=Down,slug=btc-updown-5m-1775979900,ticks=708
