timestamp,elapsed_sec,up_bid,up_ask,down_bid,down_ask,up_spread,down_spread,btc_price,btc_oracle_ts
1775984100.514,0.514,0.55,0.56,0.44,0.45,0.01,0.01,71632.86,1775984099000
1775984100.994,0.994,0.54,0.56,0.45,0.46,0.02,0.01,71632.86,1775984099000
1775984101.385,1.385,0.53,0.54,0.46,0.47,0.01,0.01,71632.86,1775984099000
1775984101.722,1.722,0.53,0.54,0.46,0.47,0.01,0.01,71632.86,1775984100000
1775984102.134,2.134,0.53,0.54,0.46,0.47,0.01,0.01,71632.86,1775984100000
1775984102.542,2.542,0.53,0.54,0.46,0.47,0.01,0.01,71633.03,1775984101000
1775984103.007,3.007,0.54,0.55,0.45,0.47,0.01,0.02,71633.03,1775984101000
1775984103.363,3.363,0.52,0.53,0.47,0.48,0.01,0.01,71633.03,1775984102000
1775984104.15,4.15,0.52,0.53,0.47,0.48,0.01,0.01,71633.03,1775984102000
1775984104.654,4.654,0.52,0.53,0.47,0.48,0.01,0.01,71633.03,1775984102000
1775984105.047,5.047,0.52,0.53,0.47,0.48,0.01,0.01,71633.28,1775984103000
1775984105.434,5.434,0.52,0.53,0.47,0.48,0.01,0.01,71632.79,1775984104000
1775984105.817,5.817,0.52,0.53,0.47,0.48,0.01,0.01,71632.79,1775984104000
1775984106.155,6.155,0.52,0.55,0.47,0.48,0.03,0.01,71632.5,1775984105000
1775984106.492,6.492,0.59,0.6,0.4,0.41,0.01,0.01,71632.5,1775984105000
1775984106.83,6.83,0.61,0.63,0.38,0.39,0.02,0.01,71632.5,1775984105000
1775984107.193,7.193,0.63,0.64,0.36,0.37,0.01,0.01,71632.23,1775984106000
1775984107.537,7.537,0.63,0.64,0.36,0.37,0.01,0.01,71632.23,1775984106000
1775984107.995,7.995,0.63,0.64,0.36,0.37,0.01,0.01,71632.84,1775984107000
1775984108.344,8.344,0.62,0.63,0.37,0.38,0.01,0.01,71632.84,1775984107000
1775984108.69,8.69,0.64,0.66,0.34,0.35,0.02,0.01,71632.84,1775984107000
1775984109.07,9.07,0.63,0.64,0.36,0.37,0.01,0.01,71632.84,1775984107000
1775984109.441,9.441,0.63,0.64,0.37,0.38,0.01,0.01,71636.36,1775984108000
1775984109.775,9.775,0.62,0.63,0.36,0.37,0.01,0.01,71636.36,1775984108000
1775984110.118,10.118,0.64,0.65,0.37,0.38,0.01,0.01,71636.36,1775984108000
1775984110.489,10.489,0.62,0.64,0.37,0.38,0.02,0.01,71640.98,1775984109000
1775984110.853,10.853,0.63,0.64,0.36,0.37,0.01,0.01,71640.98,1775984109000
1775984111.19,11.19,0.59,0.61,0.38,0.41,0.02,0.03,71640.79,1775984110000
1775984111.58,11.58,0.61,0.62,0.33,0.41,0.01,0.08,71640.79,1775984110000
1775984111.924,11.924,0.62,0.63,0.37,0.38,0.01,0.01,71640.79,1775984110000
1775984112.267,12.267,0.6,0.61,0.37,0.4,0.01,0.03,71640.81,1775984111000
1775984112.703,12.703,0.59,0.6,0.4,0.43,0.01,0.03,71640.81,1775984111000
1775984113.168,13.168,0.59,0.6,0.4,0.41,0.01,0.01,71640.8,1775984112000
1775984113.574,13.574,0.59,0.6,0.4,0.41,0.01,0.01,71640.8,1775984112000
1775984114.0,14.0,0.59,0.6,0.4,0.41,0.01,0.01,71640.8,1775984112000
1775984114.547,14.547,0.59,0.6,0.41,0.42,0.01,0.01,71640.79,1775984113000
1775984114.923,14.923,0.59,0.6,0.4,0.41,0.01,0.01,71640.79,1775984113000
1775984115.267,15.267,0.58,0.59,0.41,0.42,0.01,0.01,71640.78,1775984114000
1775984115.613,15.613,0.58,0.59,0.41,0.42,0.01,0.01,71640.78,1775984114000
1775984115.997,15.997,0.58,0.59,0.41,0.42,0.01,0.01,71640.78,1775984114000
1775984116.38,16.38,0.58,0.59,0.41,0.42,0.01,0.01,71640.78,1775984115000
1775984116.778,16.778,0.58,0.59,0.41,0.42,0.01,0.01,71640.78,1775984115000
1775984117.149,17.149,0.58,0.6,0.4,0.42,0.02,0.02,71640.79,1775984116000
1775984117.514,17.514,0.6,0.61,0.3,0.43,0.01,0.13,71640.79,1775984116000
1775984117.853,17.853,0.61,0.62,0.39,0.41,0.01,0.02,71640.79,1775984116000
1775984118.193,18.193,0.6,0.61,0.38,0.39,0.01,0.01,71640.78,1775984117000
1775984118.623,18.623,0.54,0.55,0.43,0.47,0.01,0.04,71640.78,1775984117000
1775984119.033,19.033,0.54,0.55,0.45,0.46,0.01,0.01,71640.78,1775984117000
1775984119.444,19.444,0.55,0.56,0.44,0.45,0.01,0.01,71640.78,1775984118000
1775984119.778,19.778,0.55,0.56,0.44,0.45,0.01,0.01,71640.78,1775984118000
1775984120.113,20.113,0.55,0.56,0.44,0.45,0.01,0.01,71640.78,1775984118000
1775984120.518,20.518,0.54,0.55,0.44,0.45,0.01,0.01,71638.19,1775984119000
1775984120.852,20.852,0.54,0.55,0.45,0.46,0.01,0.01,71638.19,1775984119000
1775984121.4,21.4,0.54,0.55,0.45,0.46,0.01,0.01,71638.19,1775984119000
1775984121.766,21.766,0.54,0.55,0.45,0.46,0.01,0.01,71638.18,1775984120000
1775984122.16,22.16,0.55,0.56,0.44,0.45,0.01,0.01,71638.18,1775984120000
1775984122.534,22.534,0.55,0.56,0.44,0.45,0.01,0.01,71637.87,1775984121000
1775984122.89,22.89,0.56,0.57,0.43,0.44,0.01,0.01,71637.87,1775984121000
1775984123.254,23.254,0.56,0.57,0.43,0.44,0.01,0.01,71637.87,1775984121000
1775984123.598,23.598,0.56,0.57,0.43,0.44,0.01,0.01,71637.83,1775984122000
1775984123.963,23.963,0.56,0.57,0.43,0.44,0.01,0.01,71637.22,1775984123000
1775984124.483,24.483,0.56,0.57,0.43,0.44,0.01,0.01,71637.22,1775984123000
1775984124.973,24.973,0.55,0.57,0.43,0.44,0.02,0.01,71637.22,1775984123000
1775984125.38,25.38,0.54,0.55,0.44,0.46,0.01,0.02,71637.22,1775984124000
1775984125.727,25.727,0.54,0.55,0.45,0.46,0.01,0.01,71637.22,1775984124000
1775984126.333,26.333,0.54,0.55,0.45,0.46,0.01,0.01,71637.22,1775984124000
1775984126.677,26.677,0.54,0.55,0.45,0.46,0.01,0.01,71637.83,1775984125000
1775984127.027,27.027,0.54,0.55,0.45,0.46,0.01,0.01,71636.92,1775984126000
1775984127.514,27.514,0.56,0.57,0.43,0.45,0.01,0.02,71636.92,1775984126000
1775984127.867,27.867,0.56,0.57,0.43,0.44,0.01,0.01,71636.92,1775984126000
1775984128.229,28.229,0.56,0.57,0.43,0.44,0.01,0.01,71636.79,1775984127000
1775984128.72,28.72,0.56,0.57,0.43,0.44,0.01,0.01,71636.79,1775984127000
1775984129.253,29.253,0.56,0.57,0.43,0.44,0.01,0.01,71636.79,1775984127000
1775984129.635,29.635,0.55,0.56,0.43,0.44,0.01,0.01,71636.79,1775984128000
1775984130.022,30.022,0.56,0.58,0.44,0.45,0.02,0.01,71636.79,1775984128000
1775984130.476,30.476,0.57,0.58,0.42,0.43,0.01,0.01,71636.79,1775984128000
1775984130.936,30.936,0.57,0.58,0.42,0.43,0.01,0.01,71637.59,1775984129000
1775984131.337,31.337,0.57,0.58,0.42,0.43,0.01,0.01,71638.06,1775984130000
1775984131.766,31.766,0.52,0.53,0.47,0.48,0.01,0.01,71638.06,1775984130000
1775984132.194,32.194,0.52,0.53,0.47,0.48,0.01,0.01,71638.06,1775984130000
1775984132.642,32.642,0.52,0.53,0.47,0.48,0.01,0.01,71638.07,1775984131000
1775984133.015,33.015,0.52,0.54,0.47,0.48,0.02,0.01,71638.07,1775984131000
1775984133.419,33.419,0.52,0.54,0.46,0.48,0.02,0.02,71636.53,1775984132000
1775984133.867,33.867,0.52,0.54,0.46,0.47,0.02,0.01,71636.53,1775984132000
1775984134.284,34.284,0.53,0.54,0.46,0.47,0.01,0.01,71636.53,1775984133000
1775984135.011,35.011,0.52,0.53,0.46,0.48,0.01,0.02,71636.53,1775984133000
1775984135.442,35.442,0.51,0.53,0.47,0.48,0.02,0.01,71636.53,1775984133000
1775984135.811,35.811,0.53,0.54,0.46,0.47,0.01,0.01,71637.29,1775984134000
1775984136.144,36.144,0.55,0.56,0.44,0.45,0.01,0.01,71637.29,1775984134000
1775984136.642,36.642,0.56,0.57,0.43,0.44,0.01,0.01,71637.32,1775984135000
1775984137.17,37.17,0.56,0.57,0.42,0.44,0.01,0.02,71637.32,1775984135000
1775984137.551,37.551,0.56,0.57,0.44,0.45,0.01,0.01,71637.35,1775984136000
1775984138.041,38.041,0.56,0.57,0.43,0.44,0.01,0.01,71637.29,1775984137000
1775984138.437,38.437,0.56,0.57,0.43,0.44,0.01,0.01,71637.29,1775984137000
1775984138.944,38.944,0.55,0.57,0.43,0.45,0.02,0.02,71637.29,1775984137000
1775984139.299,39.299,0.57,0.58,0.43,0.44,0.01,0.01,71637.29,1775984137000
1775984139.939,39.939,0.54,0.55,0.42,0.43,0.01,0.01,71633.29,1775984138000
1775984140.435,40.435,0.54,0.55,0.45,0.46,0.01,0.01,71638.09,1775984139000
1775984141.0,41.0,0.54,0.55,0.45,0.46,0.01,0.01,71638.09,1775984139000
1775984141.517,41.517,0.54,0.55,0.45,0.46,0.01,0.01,71638.09,1775984139000
1775984141.866,41.866,0.54,0.55,0.45,0.46,0.01,0.01,71638.09,1775984140000
1775984142.37,42.37,0.54,0.55,0.45,0.46,0.01,0.01,71638.09,1775984140000
1775984143.223,43.223,0.54,0.55,0.45,0.46,0.01,0.01,71638.11,1775984142000
1775984143.683,43.683,0.53,0.54,0.45,0.48,0.01,0.03,71638.11,1775984142000
1775984144.031,44.031,0.51,0.55,0.45,0.46,0.04,0.01,71638.11,1775984142000
1775984144.547,44.547,0.53,0.54,0.45,0.49,0.01,0.04,71638.11,1775984142000
1775984144.903,44.903,0.54,0.55,0.45,0.46,0.01,0.01,71638.12,1775984143000
1775984145.28,45.28,0.53,0.54,0.46,0.47,0.01,0.01,71638.09,1775984144000
1775984145.772,45.772,0.54,0.55,0.47,0.48,0.01,0.01,71638.09,1775984144000
1775984146.209,46.209,0.51,0.52,0.48,0.51,0.01,0.03,71638.09,1775984144000
1775984146.593,46.593,0.51,0.52,0.48,0.49,0.01,0.01,71638.09,1775984144000
1775984147.129,47.129,0.51,0.52,0.48,0.49,0.01,0.01,71638.06,1775984145000
1775984147.609,47.609,0.51,0.52,0.48,0.49,0.01,0.01,71638.06,1775984146000
1775984148.023,48.023,0.51,0.52,0.48,0.49,0.01,0.01,71638.06,1775984146000
1775984148.497,48.497,0.51,0.52,0.48,0.49,0.01,0.01,71637.14,1775984147000
1775984149.031,49.031,0.54,0.55,0.47,0.48,0.01,0.01,71637.14,1775984147000
1775984149.436,49.436,0.54,0.56,0.44,0.46,0.02,0.02,71636.87,1775984148000
1775984149.83,49.83,0.55,0.56,0.44,0.45,0.01,0.01,71636.87,1775984148000
1775984150.283,50.283,0.55,0.57,0.44,0.45,0.02,0.01,71636.87,1775984149000
1775984150.652,50.652,0.56,0.57,0.43,0.44,0.01,0.01,71636.87,1775984149000
1775984151.031,51.031,0.56,0.57,0.43,0.44,0.01,0.01,71636.87,1775984149000
1775984151.404,51.404,0.56,0.57,0.43,0.44,0.01,0.01,71636.98,1775984150000
1775984151.948,51.948,0.58,0.59,0.41,0.44,0.01,0.03,71636.98,1775984150000
1775984152.35,52.35,0.58,0.59,0.41,0.42,0.01,0.01,71637.31,1775984151000
1775984152.922,52.922,0.58,0.59,0.41,0.42,0.01,0.01,71637.31,1775984151000
1775984153.295,53.295,0.57,0.58,0.42,0.43,0.01,0.01,71637.31,1775984151000
1775984153.798,53.798,0.57,0.58,0.42,0.43,0.01,0.01,71637.29,1775984152000
1775984154.247,54.247,0.56,0.57,0.42,0.43,0.01,0.01,71637.29,1775984152000
1775984154.619,54.619,0.55,0.56,0.44,0.45,0.01,0.01,71637.27,1775984153000
1775984155.105,55.105,0.55,0.56,0.44,0.45,0.01,0.01,71637.27,1775984153000
1775984155.624,55.624,0.55,0.56,0.44,0.45,0.01,0.01,71637.28,1775984154000
1775984156.067,56.067,0.57,0.58,0.42,0.43,0.01,0.01,71637.26,1775984155000
1775984156.531,56.531,0.56,0.57,0.43,0.44,0.01,0.01,71637.26,1775984155000
1775984157.015,57.015,0.57,0.59,0.43,0.44,0.02,0.01,71637.26,1775984155000
1775984157.679,57.679,0.56,0.57,0.43,0.44,0.01,0.01,71637.32,1775984156000
1775984158.067,58.067,0.56,0.57,0.43,0.44,0.01,0.01,71637.33,1775984157000
1775984158.429,58.429,0.59,0.6,0.4,0.41,0.01,0.01,71637.33,1775984157000
1775984158.803,58.803,0.62,0.63,0.37,0.4,0.01,0.03,71637.33,1775984157000
1775984159.15,59.15,0.63,0.64,0.36,0.37,0.01,0.01,71637.75,1775984158000
1775984159.512,59.512,0.59,0.62,0.39,0.41,0.03,0.02,71637.75,1775984158000
1775984159.868,59.868,0.59,0.6,0.38,0.41,0.01,0.03,71637.75,1775984158000
1775984160.204,60.204,0.62,0.63,0.37,0.38,0.01,0.01,71637.77,1775984159000
1775984160.634,60.634,0.59,0.6,0.4,0.41,0.01,0.01,71637.77,1775984159000
1775984160.982,60.982,0.62,0.63,0.37,0.38,0.01,0.01,71637.77,1775984159000
1775984161.435,61.435,0.65,0.66,0.34,0.35,0.01,0.01,71638.61,1775984160000
1775984161.848,61.848,0.65,0.66,0.34,0.35,0.01,0.01,71638.61,1775984160000
1775984162.2,62.2,0.65,0.66,0.34,0.35,0.01,0.01,71639.51,1775984161000
1775984162.586,62.586,0.64,0.65,0.35,0.36,0.01,0.01,71639.51,1775984161000
1775984162.924,62.924,0.65,0.67,0.33,0.35,0.02,0.02,71639.44,1775984162000
1775984163.281,63.281,0.73,0.74,0.26,0.27,0.01,0.01,71639.44,1775984162000
1775984163.65,63.65,0.74,0.75,0.25,0.26,0.01,0.01,71639.44,1775984162000
1775984164.005,64.005,0.72,0.73,0.27,0.28,0.01,0.01,71639.44,1775984162000
1775984164.464,64.464,0.72,0.73,0.28,0.29,0.01,0.01,71642.44,1775984163000
1775984164.862,64.862,0.72,0.73,0.27,0.28,0.01,0.01,71642.44,1775984163000
1775984165.217,65.217,0.71,0.72,0.27,0.29,0.01,0.02,71645.51,1775984164000
1775984165.792,65.792,0.73,0.74,0.26,0.28,0.01,0.02,71645.51,1775984164000
1775984166.312,66.312,0.74,0.75,0.25,0.26,0.01,0.01,71645.51,1775984164000
1775984166.682,66.682,0.74,0.75,0.25,0.26,0.01,0.01,71649.43,1775984165000
1775984167.018,67.018,0.72,0.73,0.27,0.28,0.01,0.01,71649.43,1775984165000
1775984167.356,67.356,0.72,0.73,0.27,0.28,0.01,0.01,71650.27,1775984166000
1775984167.761,67.761,0.72,0.73,0.27,0.28,0.01,0.01,71650.27,1775984166000
1775984168.101,68.101,0.72,0.73,0.27,0.28,0.01,0.01,71650.27,1775984166000
1775984168.73,68.73,0.72,0.73,0.27,0.28,0.01,0.01,71650.17,1775984167000
1775984169.069,69.069,0.76,0.77,0.23,0.24,0.01,0.01,71650.17,1775984167000
1775984169.55,69.55,0.73,0.74,0.26,0.27,0.01,0.01,71649.36,1775984168000
1775984170.041,70.041,0.72,0.73,0.26,0.28,0.01,0.02,71649.36,1775984168000
1775984170.398,70.398,0.73,0.74,0.26,0.27,0.01,0.01,71649.55,1775984169000
1775984170.82,70.82,0.75,0.76,0.26,0.27,0.01,0.01,71649.55,1775984169000
1775984171.236,71.236,0.74,0.75,0.25,0.26,0.01,0.01,71650.38,1775984170000
1775984171.651,71.651,0.72,0.73,0.27,0.28,0.01,0.01,71650.38,1775984170000
1775984172.027,72.027,0.67,0.68,0.31,0.33,0.01,0.02,71650.38,1775984170000
1775984172.398,72.398,0.66,0.67,0.33,0.34,0.01,0.01,71650.45,1775984171000
1775984172.826,72.826,0.64,0.66,0.33,0.35,0.02,0.02,71650.45,1775984171000
1775984173.199,73.199,0.64,0.65,0.35,0.36,0.01,0.01,71650.09,1775984172000
1775984173.685,73.685,0.62,0.63,0.37,0.38,0.01,0.01,71650.09,1775984172000
1775984174.06,74.06,0.62,0.63,0.37,0.38,0.01,0.01,71650.09,1775984172000
1775984174.414,74.414,0.6,0.61,0.39,0.4,0.01,0.01,71642.55,1775984173000
1775984174.799,74.799,0.6,0.61,0.39,0.4,0.01,0.01,71642.55,1775984173000
1775984175.134,75.134,0.6,0.63,0.37,0.4,0.03,0.03,71642.55,1775984173000
1775984175.481,75.481,0.59,0.6,0.4,0.41,0.01,0.01,71644.8,1775984174000
1775984176.013,76.013,0.6,0.61,0.39,0.4,0.01,0.01,71644.8,1775984174000
1775984176.375,76.375,0.61,0.62,0.39,0.4,0.01,0.01,71642.59,1775984175000
1775984176.755,76.755,0.62,0.63,0.38,0.39,0.01,0.01,71642.59,1775984175000
1775984177.128,77.128,0.63,0.66,0.37,0.38,0.03,0.01,71642.59,1775984175000
1775984177.465,77.465,0.63,0.64,0.36,0.37,0.01,0.01,71641.96,1775984176000
1775984178.126,78.126,0.63,0.64,0.36,0.37,0.01,0.01,71642.01,1775984177000
1775984178.462,78.462,0.58,0.65,0.35,0.42,0.07,0.07,71642.01,1775984177000
1775984179.223,79.223,0.59,0.6,0.35,0.37,0.01,0.02,71642.01,1775984177000
1775984179.558,79.558,0.63,0.65,0.35,0.38,0.02,0.03,71642.01,1775984178000
1775984179.891,79.891,0.62,0.63,0.37,0.38,0.01,0.01,71642.01,1775984178000
1775984180.329,80.329,0.64,0.65,0.37,0.38,0.01,0.01,71642.01,1775984178000
1775984180.685,80.685,0.62,0.63,0.38,0.39,0.01,0.01,71642.01,1775984178000
1775984181.252,81.252,0.63,0.65,0.34,0.37,0.02,0.03,71642.01,1775984178000
1775984181.586,81.586,0.58,0.64,0.36,0.37,0.06,0.01,71642.01,1775984178000
1775984181.924,81.924,0.6,0.61,0.39,0.4,0.01,0.01,71643.36,1775984180000
1775984182.373,82.373,0.6,0.61,0.39,0.4,0.01,0.01,71643.36,1775984180000
1775984182.712,82.712,0.6,0.61,0.39,0.4,0.01,0.01,71643.56,1775984181000
1775984183.257,83.257,0.6,0.61,0.39,0.4,0.01,0.01,71643.56,1775984181000
1775984183.721,83.721,0.6,0.61,0.39,0.4,0.01,0.01,71643.56,1775984182000
1775984184.301,84.301,0.58,0.59,0.39,0.42,0.01,0.03,71643.56,1775984182000
1775984184.735,84.735,0.6,0.61,0.4,0.41,0.01,0.01,71643.9,1775984183000
1775984185.097,85.097,0.6,0.61,0.39,0.4,0.01,0.01,71643.9,1775984183000
1775984185.508,85.508,0.56,0.57,0.43,0.44,0.01,0.01,71643.9,1775984183000
1775984185.862,85.862,0.59,0.6,0.4,0.41,0.01,0.01,71643.72,1775984184000
1775984186.245,86.245,0.59,0.6,0.4,0.41,0.01,0.01,71643.72,1775984184000
1775984186.618,86.618,0.59,0.6,0.4,0.41,0.01,0.01,71643.72,1775984185000
1775984187.284,87.284,0.59,0.6,0.4,0.41,0.01,0.01,71643.72,1775984185000
1775984187.645,87.645,0.59,0.6,0.4,0.41,0.01,0.01,71643.72,1775984185000
1775984187.987,87.987,0.59,0.6,0.4,0.41,0.01,0.01,71640.89,1775984186000
1775984188.619,88.619,0.59,0.61,0.39,0.4,0.02,0.01,71640.89,1775984186000
1775984189.457,89.457,0.56,0.59,0.41,0.42,0.03,0.01,71640.89,1775984187000
1775984189.825,89.825,0.55,0.56,0.43,0.44,0.01,0.01,71640.89,1775984187000
1775984190.238,90.238,0.55,0.56,0.44,0.45,0.01,0.01,71641.46,1775984188000
1775984190.626,90.626,0.55,0.56,0.44,0.45,0.01,0.01,71641.46,1775984188000
1775984190.987,90.987,0.55,0.56,0.44,0.45,0.01,0.01,71641.92,1775984189000
1775984191.329,91.329,0.53,0.54,0.46,0.47,0.01,0.01,71641.92,1775984189000
1775984191.74,91.74,0.54,0.55,0.46,0.47,0.01,0.01,71641.24,1775984190000
1775984192.093,92.093,0.54,0.55,0.45,0.46,0.01,0.01,71641.24,1775984190000
1775984192.567,92.567,0.54,0.55,0.45,0.46,0.01,0.01,71640.1,1775984191000
1775984192.931,92.931,0.54,0.55,0.45,0.46,0.01,0.01,71640.1,1775984191000
1775984193.296,93.296,0.52,0.53,0.45,0.48,0.01,0.03,71639.23,1775984192000
1775984194.006,94.006,0.52,0.53,0.47,0.48,0.01,0.01,71639.23,1775984192000
1775984194.348,94.348,0.53,0.54,0.46,0.47,0.01,0.01,71639.23,1775984192000
1775984194.765,94.765,0.53,0.54,0.46,0.47,0.01,0.01,71639.1,1775984193000
1775984195.21,95.21,0.52,0.53,0.46,0.47,0.01,0.01,71639.1,1775984193000
1775984195.581,95.581,0.53,0.54,0.46,0.47,0.01,0.01,71638.36,1775984194000
1775984196.203,96.203,0.53,0.54,0.46,0.47,0.01,0.01,71638.36,1775984194000
1775984196.63,96.63,0.53,0.54,0.46,0.47,0.01,0.01,71638.36,1775984194000
1775984197.084,97.084,0.53,0.54,0.45,0.46,0.01,0.01,71638.36,1775984194000
1775984197.419,97.419,0.54,0.55,0.46,0.47,0.01,0.01,71637.91,1775984195000
1775984197.759,97.759,0.52,0.53,0.47,0.48,0.01,0.01,71637.91,1775984195000
1775984198.103,98.103,0.51,0.52,0.48,0.49,0.01,0.01,71637.91,1775984196000
1775984198.683,98.683,0.51,0.52,0.48,0.49,0.01,0.01,71638.28,1775984197000
1775984199.372,99.372,0.51,0.52,0.48,0.49,0.01,0.01,71637.74,1775984198000
1775984199.841,99.841,0.51,0.52,0.48,0.49,0.01,0.01,71637.74,1775984198000
1775984200.306,100.306,0.51,0.52,0.48,0.49,0.01,0.01,71636.91,1775984199000
1775984200.79,100.79,0.53,0.54,0.39,0.49,0.01,0.1,71636.91,1775984199000
1775984201.355,101.355,0.5,0.51,0.47,0.48,0.01,0.01,71636.91,1775984199000
1775984201.7,101.7,0.5,0.51,0.49,0.5,0.01,0.01,71636.91,1775984199000
1775984202.138,102.138,0.5,0.51,0.49,0.5,0.01,0.01,71635.72,1775984200000
1775984202.572,102.572,0.5,0.51,0.49,0.5,0.01,0.01,71635.72,1775984200000
1775984202.972,102.972,0.5,0.51,0.49,0.5,0.01,0.01,71635.5,1775984201000
1775984203.31,103.31,0.5,0.51,0.49,0.5,0.01,0.01,71635.5,1775984201000
1775984203.644,103.644,0.5,0.51,0.49,0.5,0.01,0.01,71635.5,1775984201000
1775984204.15,104.15,0.49,0.5,0.49,0.5,0.01,0.01,71634.79,1775984202000
1775984204.488,104.488,0.49,0.5,0.5,0.51,0.01,0.01,71634.18,1775984203000
1775984204.84,104.84,0.49,0.5,0.5,0.51,0.01,0.01,71634.18,1775984203000
1775984205.182,105.182,0.49,0.5,0.5,0.51,0.01,0.01,71634.18,1775984203000
1775984205.616,105.616,0.49,0.5,0.5,0.51,0.01,0.01,71633.59,1775984204000
1775984206.0,106.0,0.49,0.5,0.5,0.51,0.01,0.01,71633.59,1775984204000
1775984206.762,106.762,0.49,0.5,0.5,0.51,0.01,0.01,71633.59,1775984205000
1775984207.22,107.22,0.49,0.5,0.5,0.51,0.01,0.01,71633.59,1775984205000
1775984207.561,107.561,0.49,0.5,0.5,0.51,0.01,0.01,71633.85,1775984206000
1775984207.901,107.901,0.49,0.5,0.5,0.51,0.01,0.01,71633.85,1775984206000
1775984208.382,108.382,0.49,0.5,0.5,0.51,0.01,0.01,71633.85,1775984206000
1775984208.853,108.853,0.49,0.5,0.5,0.51,0.01,0.01,71633.85,1775984207000
1775984209.403,109.403,0.49,0.5,0.5,0.51,0.01,0.01,71633.85,1775984207000
1775984209.745,109.745,0.49,0.5,0.5,0.51,0.01,0.01,71634.43,1775984208000
1775984210.08,110.08,0.49,0.5,0.5,0.51,0.01,0.01,71634.87,1775984209000
1775984210.438,110.438,0.49,0.5,0.5,0.51,0.01,0.01,71634.87,1775984209000
1775984210.779,110.779,0.49,0.5,0.5,0.51,0.01,0.01,71634.87,1775984209000
1775984211.115,111.115,0.49,0.5,0.5,0.51,0.01,0.01,71636.03,1775984210000
1775984211.458,111.458,0.49,0.5,0.5,0.51,0.01,0.01,71636.03,1775984210000
1775984211.953,111.953,0.5,0.51,0.49,0.5,0.01,0.01,71636.03,1775984210000
1775984212.288,112.288,0.52,0.53,0.47,0.49,0.01,0.02,71636.57,1775984211000
1775984212.871,112.871,0.53,0.54,0.47,0.48,0.01,0.01,71636.57,1775984211000
1775984213.849,113.849,0.53,0.54,0.46,0.47,0.01,0.01,71636.64,1775984212000
1775984214.26,114.26,0.54,0.55,0.45,0.47,0.01,0.02,71636.58,1775984213000
1775984214.873,114.873,0.54,0.56,0.45,0.46,0.02,0.01,71636.58,1775984213000
1775984215.491,115.491,0.58,0.59,0.37,0.42,0.01,0.05,71636.59,1775984214000
1775984215.931,115.931,0.58,0.59,0.41,0.42,0.01,0.01,71636.59,1775984214000
1775984216.285,116.285,0.58,0.59,0.41,0.42,0.01,0.01,71636.57,1775984215000
1775984216.663,116.663,0.58,0.59,0.41,0.42,0.01,0.01,71636.57,1775984215000
1775984217.051,117.051,0.58,0.59,0.41,0.42,0.01,0.01,71636.57,1775984215000
1775984218.021,118.021,0.58,0.59,0.41,0.42,0.01,0.01,71636.57,1775984216000
1775984218.362,118.362,0.58,0.59,0.41,0.42,0.01,0.01,71636.57,1775984216000
1775984218.837,118.837,0.58,0.59,0.41,0.42,0.01,0.01,71636.57,1775984217000
1775984219.267,119.267,0.57,0.59,0.41,0.42,0.02,0.01,71636.57,1775984217000
1775984219.629,119.629,0.57,0.59,0.41,0.43,0.02,0.02,71635.86,1775984218000
1775984220.116,120.116,0.56,0.57,0.3,0.44,0.01,0.14,71635.86,1775984218000
1775984220.472,120.472,0.57,0.58,0.42,0.43,0.01,0.01,71635.86,1775984218000
1775984221.173,121.173,0.57,0.58,0.42,0.43,0.01,0.01,71635.87,1775984220000
1775984221.595,121.595,0.54,0.55,0.43,0.44,0.01,0.01,71635.87,1775984220000
1775984222.003,122.003,0.53,0.54,0.46,0.47,0.01,0.01,71635.87,1775984220000
1775984222.448,122.448,0.53,0.54,0.46,0.47,0.01,0.01,71630.96,1775984221000
1775984222.793,122.793,0.53,0.54,0.46,0.47,0.01,0.01,71630.96,1775984221000
1775984223.136,123.136,0.53,0.54,0.46,0.47,0.01,0.01,71635.66,1775984222000
1775984223.683,123.683,0.53,0.54,0.46,0.47,0.01,0.01,71635.66,1775984222000
1775984224.27,124.27,0.5,0.74,0.48,0.5,0.24,0.02,71635.66,1775984222000
1775984224.932,124.932,0.5,0.51,0.26,0.5,0.01,0.24,71635.58,1775984223000
1775984225.41,125.41,0.5,0.51,0.49,0.5,0.01,0.01,71635.58,1775984223000
1775984225.751,125.751,0.5,0.51,0.49,0.5,0.01,0.01,71634.41,1775984224000
1775984226.095,126.095,0.51,0.52,0.48,0.49,0.01,0.01,71634.41,1775984224000
1775984226.545,126.545,0.49,0.5,0.5,0.51,0.01,0.01,71633.52,1775984225000
1775984226.976,126.976,0.49,0.5,0.5,0.51,0.01,0.01,71633.52,1775984225000
1775984227.463,127.463,0.49,0.5,0.5,0.51,0.01,0.01,71633.51,1775984226000
1775984227.826,127.826,0.49,0.5,0.5,0.51,0.01,0.01,71633.51,1775984226000
1775984228.313,128.313,0.5,0.53,0.49,0.5,0.03,0.01,71631.95,1775984227000
1775984228.647,128.647,0.52,0.53,0.47,0.48,0.01,0.01,71631.95,1775984227000
1775984229.146,129.146,0.51,0.52,0.48,0.49,0.01,0.01,71631.95,1775984227000
1775984229.673,129.673,0.51,0.52,0.48,0.49,0.01,0.01,71631.95,1775984228000
1775984230.07,130.07,0.51,0.53,0.48,0.49,0.02,0.01,71631.95,1775984228000
1775984230.429,130.429,0.52,0.53,0.47,0.48,0.01,0.01,71632.08,1775984229000
1775984230.845,130.845,0.51,0.52,0.47,0.48,0.01,0.01,71632.08,1775984229000
1775984231.285,131.285,0.52,0.53,0.48,0.49,0.01,0.01,71629.07,1775984230000
1775984231.628,131.628,0.53,0.54,0.46,0.47,0.01,0.01,71629.07,1775984230000
1775984231.967,131.967,0.54,0.55,0.45,0.46,0.01,0.01,71629.07,1775984230000
1775984232.322,132.322,0.54,0.55,0.45,0.46,0.01,0.01,71632.08,1775984231000
1775984232.798,132.798,0.54,0.55,0.45,0.46,0.01,0.01,71632.08,1775984231000
1775984233.416,133.416,0.55,0.56,0.45,0.46,0.01,0.01,71632.08,1775984231000
1775984233.78,133.78,0.55,0.56,0.44,0.45,0.01,0.01,71632.09,1775984232000
1775984234.178,134.178,0.55,0.56,0.44,0.45,0.01,0.01,71632.09,1775984232000
1775984234.535,134.535,0.55,0.56,0.44,0.45,0.01,0.01,71632.17,1775984233000
1775984234.873,134.873,0.55,0.56,0.44,0.45,0.01,0.01,71632.17,1775984233000
1775984235.275,135.275,0.55,0.56,0.44,0.45,0.01,0.01,71632.73,1775984234000
1775984235.902,135.902,0.55,0.56,0.44,0.45,0.01,0.01,71632.66,1775984235000
1775984236.729,136.729,0.55,0.56,0.44,0.45,0.01,0.01,71632.66,1775984235000
1775984237.378,137.378,0.51,0.52,0.44,0.5,0.01,0.06,71632.38,1775984236000
1775984237.952,137.952,0.52,0.54,0.46,0.48,0.02,0.02,71632.38,1775984237000
1775984238.785,138.785,0.53,0.54,0.46,0.47,0.01,0.01,71632.38,1775984238000
1775984239.143,139.143,0.53,0.54,0.46,0.47,0.01,0.01,71632.38,1775984238000
1775984239.901,139.901,0.53,0.55,0.46,0.47,0.02,0.01,71632.38,1775984238000
1775984240.297,140.297,0.54,0.55,0.45,0.47,0.01,0.02,71632.38,1775984238000
1775984241.151,141.151,0.54,0.55,0.45,0.46,0.01,0.01,71632.41,1775984239000
1775984241.672,141.672,0.54,0.55,0.45,0.46,0.01,0.01,71632.42,1775984240000
1775984242.017,142.017,0.54,0.55,0.45,0.46,0.01,0.01,71632.42,1775984240000
1775984242.578,142.578,0.54,0.58,0.45,0.46,0.04,0.01,71632.37,1775984241000
1775984243.123,143.123,0.54,0.58,0.42,0.46,0.04,0.04,71632.37,1775984242000
1775984243.48,143.48,0.57,0.58,0.42,0.43,0.01,0.01,71632.37,1775984242000
1775984243.945,143.945,0.57,0.58,0.42,0.43,0.01,0.01,71632.37,1775984242000
1775984244.882,144.882,0.58,0.59,0.41,0.42,0.01,0.01,71632.37,1775984243000
1775984245.356,145.356,0.57,0.58,0.41,0.43,0.01,0.02,71632.38,1775984244000
1775984245.955,145.955,0.57,0.58,0.42,0.43,0.01,0.01,71633.3,1775984245000
1775984246.301,146.301,0.57,0.58,0.42,0.43,0.01,0.01,71633.3,1775984245000
1775984246.678,146.678,0.57,0.58,0.42,0.43,0.01,0.01,71633.3,1775984245000
1775984247.04,147.04,0.57,0.58,0.42,0.43,0.01,0.01,71633.3,1775984245000
1775984247.413,147.413,0.57,0.58,0.42,0.43,0.01,0.01,71634.35,1775984246000
1775984247.916,147.916,0.57,0.58,0.42,0.43,0.01,0.01,71634.35,1775984247000
1775984248.465,148.465,0.56,0.57,0.42,0.43,0.01,0.01,71634.35,1775984247000
1775984248.872,148.872,0.56,0.57,0.43,0.44,0.01,0.01,71634.35,1775984247000
1775984249.535,149.535,0.56,0.57,0.43,0.44,0.01,0.01,71634.25,1775984248000
1775984249.957,149.957,0.56,0.57,0.43,0.44,0.01,0.01,71634.25,1775984248000
1775984250.595,150.595,0.55,0.56,0.43,0.44,0.01,0.01,71634.25,1775984249000
1775984250.966,150.966,0.55,0.56,0.44,0.45,0.01,0.01,71634.25,1775984249000
1775984251.308,151.308,0.53,0.54,0.46,0.47,0.01,0.01,71634.25,1775984250000
1775984251.752,151.752,0.53,0.54,0.46,0.47,0.01,0.01,71634.25,1775984250000
1775984252.233,152.233,0.53,0.54,0.46,0.47,0.01,0.01,71634.25,1775984251000
1775984252.842,152.842,0.53,0.54,0.46,0.47,0.01,0.01,71634.25,1775984251000
1775984253.335,153.335,0.53,0.54,0.46,0.47,0.01,0.01,71633.23,1775984252000
1775984253.848,153.848,0.54,0.55,0.45,0.47,0.01,0.02,71633.23,1775984252000
1775984254.25,154.25,0.54,0.55,0.45,0.46,0.01,0.01,71633.29,1775984253000
1775984254.607,154.607,0.52,0.54,0.45,0.54,0.02,0.09,71633.29,1775984253000
1775984255.16,155.16,0.51,0.52,0.48,0.49,0.01,0.01,71633.29,1775984253000
1775984255.599,155.599,0.51,0.52,0.48,0.49,0.01,0.01,71633.23,1775984254000
1775984256.015,156.015,0.51,0.52,0.48,0.49,0.01,0.01,71633.23,1775984254000
1775984256.355,156.355,0.49,0.51,0.49,0.5,0.02,0.01,71633.29,1775984255000
1775984257.148,157.148,0.49,0.51,0.49,0.51,0.02,0.02,71633.95,1775984256000
1775984257.695,157.695,0.49,0.51,0.49,0.51,0.02,0.02,71633.95,1775984256000
1775984258.177,158.177,0.5,0.51,0.49,0.5,0.01,0.01,71634.22,1775984257000
1775984259.049,159.049,0.5,0.51,0.49,0.5,0.01,0.01,71634.22,1775984257000
1775984259.536,159.536,0.5,0.53,0.49,0.5,0.03,0.01,71634.2,1775984258000
1775984259.879,159.879,0.51,0.53,0.47,0.48,0.02,0.01,71634.2,1775984258000
1775984260.277,160.277,0.51,0.53,0.47,0.49,0.02,0.02,71634.2,1775984259000
1775984261.386,161.386,0.5,0.51,0.49,0.5,0.01,0.01,71634.17,1775984260000
1775984261.881,161.881,0.49,0.51,0.49,0.5,0.02,0.01,71634.17,1775984260000
1775984262.748,162.748,0.49,0.51,0.5,0.51,0.02,0.01,71634.07,1775984261000
1775984263.195,163.195,0.5,0.51,0.49,0.5,0.01,0.01,71633.91,1775984262000
1775984263.913,163.913,0.49,0.51,0.49,0.5,0.02,0.01,71633.91,1775984262000
1775984264.647,164.647,0.49,0.51,0.5,0.51,0.02,0.01,71633.83,1775984263000
1775984265.15,165.15,0.49,0.51,0.49,0.51,0.02,0.02,71633.8,1775984264000
1775984265.594,165.594,0.49,0.51,0.5,0.51,0.02,0.01,71633.8,1775984264000
1775984266.201,166.201,0.5,0.52,0.49,0.51,0.02,0.02,71633.8,1775984264000
1775984266.591,166.591,0.51,0.52,0.48,0.49,0.01,0.01,71633.8,1775984265000
1775984266.961,166.961,0.5,0.51,0.49,0.5,0.01,0.01,71633.8,1775984265000
1775984267.329,167.329,0.5,0.52,0.48,0.5,0.02,0.02,71633.4,1775984266000
1775984267.891,167.891,0.51,0.53,0.47,0.49,0.02,0.02,71633.43,1775984267000
1775984268.296,168.296,0.5,0.51,0.47,0.49,0.01,0.02,71633.43,1775984267000
1775984268.698,168.698,0.51,0.52,0.49,0.51,0.01,0.02,71633.43,1775984267000
1775984269.048,169.048,0.51,0.52,0.48,0.49,0.01,0.01,71633.43,1775984268000
1775984269.386,169.386,0.5,0.51,0.49,0.5,0.01,0.01,71633.43,1775984268000
1775984269.755,169.755,0.49,0.51,0.49,0.5,0.02,0.01,71633.43,1775984268000
1775984270.088,170.088,0.45,0.46,0.54,0.55,0.01,0.01,71633.43,1775984268000
1775984270.427,170.427,0.44,0.46,0.54,0.56,0.02,0.02,71633.44,1775984269000
1775984270.769,170.769,0.45,0.46,0.54,0.55,0.01,0.01,71633.44,1775984269000
1775984271.202,171.202,0.45,0.46,0.54,0.55,0.01,0.01,71633.44,1775984269000
1775984271.917,171.917,0.45,0.46,0.54,0.55,0.01,0.01,71631.16,1775984271000
1775984272.265,172.265,0.47,0.48,0.52,0.53,0.01,0.01,71631.16,1775984271000
1775984272.619,172.619,0.48,0.49,0.51,0.52,0.01,0.01,71631.16,1775984271000
1775984272.957,172.957,0.48,0.49,0.51,0.52,0.01,0.01,71631.16,1775984271000
1775984273.307,173.307,0.48,0.5,0.51,0.52,0.02,0.01,71630.53,1775984272000
1775984273.919,173.919,0.49,0.5,0.5,0.52,0.01,0.02,71630.53,1775984272000
1775984274.337,174.337,0.49,0.5,0.5,0.51,0.01,0.01,71630.53,1775984272000
1775984274.712,174.712,0.49,0.5,0.5,0.51,0.01,0.01,71630.35,1775984273000
1775984275.15,175.15,0.48,0.49,0.51,0.52,0.01,0.01,71630.35,1775984273000
1775984275.976,175.976,0.48,0.49,0.5,0.52,0.01,0.02,71630.35,1775984274000
1775984276.419,176.419,0.47,0.48,0.52,0.53,0.01,0.01,71630.05,1775984275000
1775984277.219,177.219,0.47,0.48,0.52,0.53,0.01,0.01,71630.05,1775984276000
1775984277.563,177.563,0.47,0.48,0.52,0.53,0.01,0.01,71630.05,1775984276000
1775984278.142,178.142,0.47,0.48,0.52,0.53,0.01,0.01,71630.06,1775984277000
1775984278.488,178.488,0.47,0.48,0.52,0.53,0.01,0.01,71630.06,1775984277000
1775984279.068,179.068,0.47,0.48,0.52,0.53,0.01,0.01,71630.06,1775984277000
1775984279.404,179.404,0.45,0.47,0.53,0.55,0.02,0.02,71630.11,1775984278000
1775984280.519,180.519,0.43,0.44,0.56,0.57,0.01,0.01,71630.11,1775984278000
1775984281.155,181.155,0.43,0.44,0.56,0.57,0.01,0.01,71629.77,1775984280000
1775984281.598,181.598,0.43,0.44,0.56,0.57,0.01,0.01,71629.77,1775984280000
1775984282.126,182.126,0.43,0.44,0.55,0.57,0.01,0.02,71629.77,1775984280000
1775984282.466,182.466,0.43,0.44,0.56,0.57,0.01,0.01,71629.31,1775984281000
1775984282.879,182.879,0.43,0.44,0.56,0.57,0.01,0.01,71629.31,1775984281000
1775984283.216,183.216,0.43,0.44,0.56,0.57,0.01,0.01,71629.25,1775984282000
1775984283.552,183.552,0.43,0.44,0.56,0.57,0.01,0.01,71629.25,1775984282000
1775984283.89,183.89,0.43,0.44,0.56,0.57,0.01,0.01,71629.25,1775984282000
1775984284.352,184.352,0.43,0.44,0.56,0.57,0.01,0.01,71629.77,1775984283000
1775984284.859,184.859,0.43,0.44,0.56,0.57,0.01,0.01,71629.77,1775984283000
1775984285.39,185.39,0.44,0.45,0.55,0.56,0.01,0.01,71629.02,1775984284000
1775984285.743,185.743,0.45,0.46,0.54,0.56,0.01,0.02,71629.02,1775984284000
1775984286.114,186.114,0.45,0.46,0.54,0.55,0.01,0.01,71629.02,1775984284000
1775984286.458,186.458,0.45,0.46,0.54,0.55,0.01,0.01,71629.02,1775984285000
1775984286.797,186.797,0.45,0.46,0.54,0.55,0.01,0.01,71629.02,1775984285000
1775984287.15,187.15,0.45,0.46,0.54,0.55,0.01,0.01,71629.02,1775984285000
1775984287.516,187.516,0.45,0.46,0.54,0.55,0.01,0.01,71629.02,1775984286000
1775984287.999,187.999,0.45,0.46,0.54,0.55,0.01,0.01,71629.02,1775984286000
1775984288.343,188.343,0.45,0.47,0.54,0.55,0.02,0.01,71629.02,1775984286000
1775984288.686,188.686,0.45,0.46,0.53,0.55,0.01,0.02,71629.02,1775984286000
1775984289.081,189.081,0.46,0.48,0.54,0.55,0.02,0.01,71629.01,1775984287000
1775984289.443,189.443,0.46,0.47,0.52,0.54,0.01,0.02,71629.01,1775984287000
1775984289.782,189.782,0.45,0.46,0.54,0.55,0.01,0.01,71629.01,1775984288000
1775984290.379,190.379,0.46,0.47,0.53,0.54,0.01,0.01,71629.05,1775984289000
1775984291.365,191.365,0.46,0.48,0.52,0.54,0.02,0.02,71629.39,1775984290000
1775984291.782,191.782,0.47,0.48,0.52,0.54,0.01,0.02,71629.39,1775984290000
1775984292.222,192.222,0.47,0.48,0.52,0.53,0.01,0.01,71629.39,1775984290000
1775984292.71,192.71,0.47,0.48,0.52,0.53,0.01,0.01,71629.5,1775984291000
1775984293.236,193.236,0.47,0.48,0.52,0.53,0.01,0.01,71629.5,1775984292000
1775984294.385,194.385,0.46,0.48,0.52,0.54,0.02,0.02,71629.5,1775984293000
1775984294.87,194.87,0.46,0.48,0.52,0.54,0.02,0.02,71629.5,1775984294000
1775984295.313,195.313,0.46,0.47,0.52,0.54,0.01,0.02,71629.5,1775984294000
1775984295.843,195.843,0.46,0.47,0.53,0.54,0.01,0.01,71629.5,1775984294000
1775984296.185,196.185,0.46,0.47,0.53,0.54,0.01,0.01,71629.5,1775984295000
1775984296.938,196.938,0.46,0.47,0.53,0.54,0.01,0.01,71629.6,1775984296000
1775984297.275,197.275,0.41,0.42,0.58,0.59,0.01,0.01,71629.6,1775984296000
1775984297.662,197.662,0.41,0.42,0.58,0.6,0.01,0.02,71629.6,1775984296000
1775984298.0,198.0,0.41,0.42,0.58,0.59,0.01,0.01,71629.57,1775984297000
1775984298.379,198.379,0.41,0.42,0.58,0.59,0.01,0.01,71629.57,1775984297000
1775984298.84,198.84,0.41,0.42,0.58,0.59,0.01,0.01,71629.57,1775984297000
1775984299.179,199.179,0.41,0.42,0.58,0.59,0.01,0.01,71626.44,1775984298000
1775984299.575,199.575,0.41,0.42,0.58,0.59,0.01,0.01,71626.44,1775984298000
1775984300.023,200.023,0.41,0.43,0.57,0.59,0.02,0.02,71626.44,1775984299000
1775984300.504,200.504,0.48,0.49,0.51,0.57,0.01,0.06,71626.44,1775984299000
1775984301.063,201.063,0.48,0.49,0.51,0.52,0.01,0.01,71627.11,1775984300000
1775984301.474,201.474,0.47,0.48,0.51,0.52,0.01,0.01,71627.11,1775984300000
1775984301.855,201.855,0.47,0.48,0.52,0.53,0.01,0.01,71627.11,1775984300000
1775984302.374,202.374,0.46,0.47,0.53,0.54,0.01,0.01,71627,1775984301000
1775984302.939,202.939,0.47,0.48,0.52,0.53,0.01,0.01,71627,1775984302000
1775984303.447,203.447,0.47,0.5,0.52,0.53,0.03,0.01,71627,1775984302000
1775984303.805,203.805,0.52,0.53,0.47,0.48,0.01,0.01,71627,1775984302000
1775984304.193,204.193,0.52,0.53,0.47,0.48,0.01,0.01,71629.22,1775984303000
1775984304.542,204.542,0.52,0.53,0.47,0.48,0.01,0.01,71629.22,1775984303000
1775984304.876,204.876,0.52,0.53,0.47,0.48,0.01,0.01,71629.22,1775984303000
1775984305.212,205.212,0.52,0.53,0.47,0.48,0.01,0.01,71630.3,1775984304000
1775984305.933,205.933,0.52,0.53,0.47,0.48,0.01,0.01,71630.99,1775984305000
1775984306.267,206.267,0.52,0.53,0.47,0.48,0.01,0.01,71630.99,1775984305000
1775984306.748,206.748,0.53,0.54,0.46,0.48,0.01,0.02,71630.99,1775984305000
1775984307.192,207.192,0.52,0.53,0.47,0.48,0.01,0.01,71631.0,1775984306000
1775984307.526,207.526,0.52,0.53,0.47,0.48,0.01,0.01,71631.0,1775984306000
1775984307.86,207.86,0.53,0.54,0.46,0.47,0.01,0.01,71631.0,1775984306000
1775984308.284,208.284,0.51,0.53,0.47,0.48,0.02,0.01,71631.01,1775984307000
1775984308.75,208.75,0.54,0.55,0.48,0.49,0.01,0.01,71631.01,1775984307000
1775984309.092,209.092,0.61,0.75,0.25,0.39,0.14,0.14,71631.89,1775984308000
1775984309.436,209.436,0.74,0.75,0.25,0.26,0.01,0.01,71631.89,1775984308000
1775984309.836,209.836,0.75,0.76,0.24,0.25,0.01,0.01,71631.89,1775984308000
1775984310.184,210.184,0.75,0.76,0.24,0.25,0.01,0.01,71631.96,1775984309000
1775984310.52,210.52,0.74,0.75,0.25,0.26,0.01,0.01,71631.96,1775984309000
1775984310.864,210.864,0.74,0.75,0.25,0.26,0.01,0.01,71631.96,1775984309000
1775984311.2,211.2,0.74,0.75,0.25,0.26,0.01,0.01,71634.58,1775984310000
1775984311.585,211.585,0.78,0.79,0.22,0.23,0.01,0.01,71634.58,1775984310000
1775984312.001,212.001,0.76,0.77,0.23,0.24,0.01,0.01,71640.8,1775984311000
1775984312.623,212.623,0.77,0.78,0.24,0.25,0.01,0.01,71640.8,1775984311000
1775984312.968,212.968,0.75,0.76,0.24,0.25,0.01,0.01,71640.8,1775984311000
1775984313.413,213.413,0.75,0.76,0.24,0.27,0.01,0.03,71641.29,1775984312000
1775984313.771,213.771,0.74,0.76,0.24,0.25,0.02,0.01,71641.29,1775984312000
1775984314.168,214.168,0.75,0.76,0.24,0.25,0.01,0.01,71641.29,1775984312000
1775984314.527,214.527,0.75,0.76,0.24,0.25,0.01,0.01,71641.41,1775984313000
1775984314.894,214.894,0.75,0.76,0.24,0.25,0.01,0.01,71641.41,1775984313000
1775984315.453,215.453,0.75,0.76,0.24,0.25,0.01,0.01,71641.41,1775984314000
1775984315.86,215.86,0.75,0.76,0.24,0.25,0.01,0.01,71641.42,1775984315000
1775984316.207,216.207,0.74,0.75,0.23,0.24,0.01,0.01,71641.42,1775984315000
1775984316.839,216.839,0.74,0.75,0.25,0.26,0.01,0.01,71641.47,1775984316000
1775984317.22,217.22,0.79,0.8,0.2,0.21,0.01,0.01,71641.47,1775984316000
1775984317.561,217.561,0.78,0.79,0.21,0.22,0.01,0.01,71641.47,1775984316000
1775984317.896,217.896,0.79,0.8,0.2,0.21,0.01,0.01,71641.47,1775984316000
1775984318.346,218.346,0.84,0.85,0.15,0.16,0.01,0.01,71641.46,1775984317000
1775984318.743,218.743,0.85,0.86,0.14,0.15,0.01,0.01,71641.46,1775984317000
1775984319.078,219.078,0.84,0.85,0.15,0.16,0.01,0.01,71641.46,1775984317000
1775984319.625,219.625,0.86,0.87,0.13,0.15,0.01,0.02,71641.46,1775984318000
1775984319.961,219.961,0.86,0.87,0.13,0.14,0.01,0.01,71641.46,1775984318000
1775984320.425,220.425,0.86,0.88,0.13,0.14,0.02,0.01,71641.46,1775984319000
1775984320.882,220.882,0.85,0.86,0.14,0.15,0.01,0.01,71641.46,1775984319000
1775984321.405,221.405,0.84,0.86,0.14,0.15,0.02,0.01,71647.11,1775984320000
1775984321.751,221.751,0.84,0.85,0.15,0.16,0.01,0.01,71647.11,1775984320000
1775984322.096,222.096,0.84,0.87,0.13,0.16,0.03,0.03,71647.25,1775984321000
1775984322.554,222.554,0.83,0.84,0.15,0.16,0.01,0.01,71647.25,1775984321000
1775984322.895,222.895,0.83,0.84,0.16,0.17,0.01,0.01,71647.25,1775984321000
1775984323.239,223.239,0.82,0.84,0.16,0.18,0.02,0.02,71647.25,1775984322000
1775984323.617,223.617,0.84,0.85,0.15,0.16,0.01,0.01,71647.25,1775984322000
1775984323.964,223.964,0.83,0.86,0.16,0.17,0.03,0.01,71647.25,1775984322000
1775984324.373,224.373,0.88,0.89,0.11,0.13,0.01,0.02,71648.68,1775984323000
1775984324.707,224.707,0.88,0.89,0.11,0.12,0.01,0.01,71648.68,1775984323000
1775984325.219,225.219,0.88,0.89,0.11,0.12,0.01,0.01,71648.77,1775984324000
1775984325.652,225.652,0.89,0.9,0.1,0.11,0.01,0.01,71648.77,1775984324000
1775984326.076,226.076,0.89,0.9,0.1,0.11,0.01,0.01,71648.72,1775984325000
1775984326.647,226.647,0.92,0.93,0.07,0.12,0.01,0.05,71648.72,1775984325000
1775984326.989,226.989,0.92,0.93,0.07,0.08,0.01,0.01,71648.72,1775984325000
1775984327.382,227.382,0.9,0.91,0.09,0.1,0.01,0.01,71648.72,1775984325000
1775984327.731,227.731,0.9,0.91,0.09,0.1,0.01,0.01,71649.19,1775984326000
1775984328.082,228.082,0.88,0.89,0.09,0.11,0.01,0.02,71649.19,1775984327000
1775984328.507,228.507,0.87,0.88,0.11,0.15,0.01,0.04,71649.19,1775984327000
1775984328.848,228.848,0.87,0.88,0.12,0.13,0.01,0.01,71649.19,1775984327000
1775984329.305,229.305,0.87,0.88,0.12,0.13,0.01,0.01,71649.2,1775984328000
1775984329.66,229.66,0.86,0.88,0.12,0.14,0.02,0.02,71649.2,1775984328000
1775984330.135,230.135,0.87,0.88,0.12,0.14,0.01,0.02,71649.2,1775984328000
1775984330.752,230.752,0.87,0.94,0.12,0.13,0.07,0.01,71649.21,1775984329000
1775984331.086,231.086,0.87,0.91,0.06,0.07,0.04,0.01,71649.21,1775984329000
1775984331.709,231.709,0.87,0.88,0.11,0.13,0.01,0.02,71649.21,1775984329000
1775984332.52,232.52,0.87,0.88,0.12,0.13,0.01,0.01,71649.48,1775984330000
1775984332.905,232.905,0.87,0.94,0.12,0.13,0.07,0.01,71649.48,1775984331000
1775984333.284,233.284,0.87,0.88,0.12,0.13,0.01,0.01,71649.48,1775984331000
1775984333.63,233.63,0.86,0.88,0.12,0.13,0.02,0.01,71649.5,1775984332000
1775984334.223,234.223,0.87,0.88,0.12,0.13,0.01,0.01,71649.5,1775984332000
1775984334.601,234.601,0.87,0.88,0.12,0.13,0.01,0.01,71649.49,1775984333000
1775984335.122,235.122,0.87,0.88,0.12,0.13,0.01,0.01,71649.49,1775984333000
1775984335.648,235.648,0.87,0.88,0.12,0.13,0.01,0.01,71649.46,1775984334000
1775984336.034,236.034,0.87,0.88,0.12,0.13,0.01,0.01,71649.46,1775984334000
1775984336.505,236.505,0.94,0.95,0.05,0.13,0.01,0.08,71649.46,1775984334000
1775984336.843,236.843,0.89,0.95,0.05,0.06,0.06,0.01,71649.46,1775984335000
1775984337.18,237.18,0.93,0.94,0.06,0.07,0.01,0.01,71649.46,1775984336000
1775984337.551,237.551,0.91,0.94,0.06,0.07,0.03,0.01,71649.46,1775984336000
1775984338.008,238.008,0.95,0.96,0.04,0.05,0.01,0.01,71649.46,1775984336000
1775984338.392,238.392,0.94,0.95,0.04,0.06,0.01,0.02,71649.52,1775984337000
1775984338.75,238.75,0.94,0.95,0.05,0.07,0.01,0.02,71649.52,1775984337000
1775984339.113,239.113,0.94,0.95,0.05,0.06,0.01,0.01,71649.52,1775984337000
1775984339.488,239.488,0.94,0.95,0.05,0.06,0.01,0.01,71653.73,1775984338000
1775984339.915,239.915,0.94,0.95,0.05,0.07,0.01,0.02,71653.73,1775984338000
1775984340.27,240.27,0.94,0.95,0.05,0.06,0.01,0.01,71653.73,1775984338000
1775984340.678,240.678,0.94,0.97,0.05,0.06,0.03,0.01,71656.22,1775984339000
1775984341.261,241.261,0.94,0.97,0.03,0.06,0.03,0.03,71656.22,1775984340000
1775984341.596,241.596,0.94,0.95,0.05,0.06,0.01,0.01,71656.22,1775984340000
1775984342.274,242.274,0.93,0.94,0.06,0.07,0.01,0.01,71656.22,1775984340000
1775984342.645,242.645,0.93,0.94,0.06,0.07,0.01,0.01,71656.31,1775984341000
1775984343.024,243.024,0.94,0.95,0.05,0.06,0.01,0.01,71656.31,1775984341000
1775984343.379,243.379,0.94,0.95,0.05,0.06,0.01,0.01,71656.31,1775984341000
1775984343.88,243.88,0.94,0.95,0.05,0.06,0.01,0.01,71661.99,1775984342000
1775984344.291,244.291,0.94,0.95,0.05,0.06,0.01,0.01,71661.99,1775984343000
1775984344.635,244.635,0.94,0.96,0.05,0.06,0.02,0.01,71661.99,1775984343000
1775984345.049,245.049,0.94,0.96,0.04,0.06,0.02,0.02,71662.18,1775984344000
1775984345.838,245.838,0.95,0.96,0.04,0.05,0.01,0.01,71662.18,1775984344000
1775984346.173,246.173,0.95,0.96,0.04,0.05,0.01,0.01,71662.18,1775984345000
1775984346.525,246.525,0.95,0.96,0.04,0.05,0.01,0.01,71662.18,1775984345000
1775984346.954,246.954,0.95,0.96,0.04,0.05,0.01,0.01,71662.24,1775984346000
1775984347.376,247.376,0.95,0.96,0.03,0.04,0.01,0.01,71662.24,1775984346000
1775984347.827,247.827,0.95,0.96,0.04,0.05,0.01,0.01,71662.24,1775984346000
1775984348.363,248.363,0.95,0.96,0.04,0.05,0.01,0.01,71662.24,1775984347000
1775984348.739,248.739,0.95,0.96,0.04,0.05,0.01,0.01,71662.24,1775984347000
1775984349.201,249.201,0.97,0.98,0.01,0.05,0.01,0.04,71662.18,1775984348000
1775984349.572,249.572,0.98,0.99,0.01,0.02,0.01,0.01,71662.18,1775984348000
1775984349.907,249.907,0.98,0.99,0.01,0.02,0.01,0.01,71662.25,1775984349000
1775984350.249,250.249,0.98,0.99,0.01,0.02,0.01,0.01,71662.25,1775984349000
1775984350.597,250.597,0.98,0.99,0.01,0.02,0.01,0.01,71662.25,1775984349000
1775984350.96,250.96,0.98,0.99,0.01,0.02,0.01,0.01,71662.26,1775984350000
1775984351.382,251.382,0.96,0.98,0.02,0.04,0.02,0.02,71662.26,1775984350000
1775984351.729,251.729,0.97,0.98,0.02,0.04,0.01,0.02,71662.26,1775984350000
1775984352.096,252.096,0.97,0.98,0.02,0.04,0.01,0.02,71662.27,1775984351000
1775984352.627,252.627,0.96,0.97,0.02,0.03,0.01,0.01,71662.27,1775984351000
1775984353.095,253.095,0.97,0.98,0.02,0.04,0.01,0.02,71662.27,1775984351000
1775984353.467,253.467,0.97,0.98,0.02,0.05,0.01,0.03,71662.43,1775984352000
1775984354.157,254.157,0.97,0.99,0.02,0.03,0.02,0.01,71662.43,1775984352000
1775984354.598,254.598,0.97,0.98,0.02,0.03,0.01,0.01,71662.46,1775984353000
1775984354.97,254.97,0.95,0.96,0.03,0.05,0.01,0.02,71662.46,1775984353000
1775984355.36,255.36,0.94,0.95,0.05,0.06,0.01,0.01,71662.47,1775984354000
1775984355.969,255.969,0.93,0.94,0.05,0.07,0.01,0.02,71662.47,1775984354000
1775984356.446,256.446,0.93,0.95,0.05,0.07,0.02,0.02,71662.43,1775984355000
1775984356.868,256.868,0.94,0.95,0.05,0.06,0.01,0.01,71660.42,1775984356000
1775984357.225,257.225,0.95,0.96,0.05,0.06,0.01,0.01,71660.42,1775984356000
1775984357.627,257.627,0.95,0.96,0.04,0.05,0.01,0.01,71660.42,1775984356000
1775984357.988,257.988,0.95,0.96,0.04,0.05,0.01,0.01,71660.42,1775984357000
1775984358.488,258.488,0.95,0.96,0.04,0.05,0.01,0.01,71660.42,1775984357000
1775984358.867,258.867,0.95,0.96,0.04,0.05,0.01,0.01,71660.42,1775984357000
1775984359.27,259.27,0.95,0.96,0.04,0.05,0.01,0.01,71660.42,1775984358000
1775984359.772,259.772,0.95,0.96,0.04,0.05,0.01,0.01,71660.42,1775984358000
1775984360.16,260.16,0.95,0.97,0.04,0.05,0.02,0.01,71660.42,1775984358000
1775984360.68,260.68,0.96,0.97,0.03,0.05,0.01,0.02,71660.43,1775984359000
1775984361.084,261.084,0.95,0.96,0.04,0.05,0.01,0.01,71660.43,1775984360000
1775984361.472,261.472,0.95,0.96,0.04,0.05,0.01,0.01,71660.43,1775984360000
1775984362.101,262.101,0.95,0.96,0.04,0.05,0.01,0.01,71660.44,1775984361000
1775984363.076,263.076,0.95,0.96,0.04,0.05,0.01,0.01,71660.44,1775984361000
1775984363.596,263.596,0.95,0.96,0.03,0.05,0.01,0.02,71660.4,1775984362000
1775984363.973,263.973,0.95,0.96,0.04,0.05,0.01,0.01,71660.4,1775984362000
1775984364.313,264.313,0.95,0.96,0.04,0.05,0.01,0.01,71660.4,1775984362000
1775984364.662,264.662,0.95,0.96,0.04,0.05,0.01,0.01,71659.97,1775984363000
1775984365.065,265.065,0.95,0.96,0.04,0.05,0.01,0.01,71659.97,1775984363000
1775984365.436,265.436,0.95,0.96,0.04,0.05,0.01,0.01,71659.97,1775984363000
1775984365.803,265.803,0.95,0.96,0.03,0.05,0.01,0.02,71659.97,1775984363000
1775984366.15,266.15,0.95,0.96,0.04,0.05,0.01,0.01,71656.41,1775984364000
1775984366.57,266.57,0.95,0.96,0.04,0.05,0.01,0.01,71659.09,1775984365000
1775984366.992,266.992,0.95,0.96,0.04,0.05,0.01,0.01,71659.09,1775984365000
1775984367.376,267.376,0.95,0.96,0.04,0.05,0.01,0.01,71659.14,1775984366000
1775984367.914,267.914,0.96,0.97,0.04,0.05,0.01,0.01,71659.14,1775984366000
1775984368.355,268.355,0.96,0.97,0.03,0.04,0.01,0.01,71659.14,1775984366000
1775984368.71,268.71,0.96,0.97,0.03,0.04,0.01,0.01,71659.01,1775984367000
1775984369.135,269.135,0.97,0.98,0.03,0.04,0.01,0.01,71658.93,1775984368000
1775984369.504,269.504,0.97,0.98,0.02,0.03,0.01,0.01,71658.93,1775984368000
1775984369.846,269.846,0.96,0.97,0.03,0.04,0.01,0.01,71658.93,1775984368000
1775984370.231,270.231,0.96,0.97,0.03,0.04,0.01,0.01,71658.75,1775984369000
1775984370.571,270.571,0.96,0.97,0.03,0.04,0.01,0.01,71658.75,1775984369000
1775984371.016,271.016,0.96,0.97,0.03,0.04,0.01,0.01,71658.75,1775984369000
1775984371.351,271.351,0.96,0.97,0.03,0.04,0.01,0.01,71658.75,1775984369000
1775984371.748,271.748,0.96,0.97,0.03,0.04,0.01,0.01,71658.75,1775984369000
1775984372.146,272.146,0.96,0.98,0.03,0.04,0.02,0.01,71658.73,1775984370000
1775984372.484,272.484,0.96,0.99,0.01,0.04,0.03,0.03,71658.07,1775984371000
1775984372.893,272.893,0.96,0.97,0.03,0.04,0.01,0.01,71658.07,1775984371000
1775984373.363,273.363,0.96,0.97,0.03,0.04,0.01,0.01,71657.07,1775984372000
1775984373.698,273.698,0.94,0.95,0.05,0.06,0.01,0.01,71657.07,1775984372000
1775984374.058,274.058,0.94,0.95,0.05,0.06,0.01,0.01,71657.07,1775984372000
1775984374.451,274.451,0.94,0.95,0.05,0.06,0.01,0.01,71657.07,1775984373000
1775984374.925,274.925,0.94,0.95,0.05,0.06,0.01,0.01,71657.07,1775984373000
1775984375.464,275.464,0.95,0.96,0.04,0.05,0.01,0.01,71655.3,1775984374000
1775984375.804,275.804,0.95,0.96,0.04,0.05,0.01,0.01,71655.3,1775984374000
1775984376.201,276.201,0.95,0.96,0.04,0.05,0.01,0.01,71655.3,1775984374000
1775984377.034,277.034,0.96,0.97,0.03,0.04,0.01,0.01,71654.53,1775984376000
1775984377.553,277.553,0.96,0.97,0.03,0.04,0.01,0.01,71654.53,1775984376000
1775984377.9,277.9,0.96,0.99,0.03,0.04,0.03,0.01,71654.53,1775984376000
1775984378.33,278.33,0.97,0.98,0.01,0.04,0.01,0.03,71654.53,1775984377000
1775984379.106,279.106,0.97,0.98,0.02,0.03,0.01,0.01,71654.53,1775984377000
1775984379.719,279.719,0.94,0.95,0.05,0.06,0.01,0.01,71654.66,1775984378000
1775984380.25,280.25,0.94,0.95,0.05,0.06,0.01,0.01,71654.66,1775984378000
1775984380.746,280.746,0.94,0.95,0.05,0.06,0.01,0.01,71654.55,1775984379000
1775984381.215,281.215,0.94,0.95,0.05,0.06,0.01,0.01,71654.55,1775984380000
1775984381.862,281.862,0.94,0.95,0.05,0.06,0.01,0.01,71654.55,1775984380000
1775984382.416,282.416,0.94,0.95,0.05,0.06,0.01,0.01,71654.31,1775984381000
1775984382.842,282.842,0.94,0.95,0.05,0.06,0.01,0.01,71654.31,1775984381000
1775984383.241,283.241,0.94,0.95,0.05,0.06,0.01,0.01,71654.13,1775984382000
1775984384.443,284.443,0.95,0.96,0.05,0.06,0.01,0.01,71654.13,1775984382000
1775984384.859,284.859,0.88,0.98,0.01,0.05,0.1,0.04,71654.66,1775984383000
1775984385.2,285.2,0.97,0.99,0.01,0.03,0.02,0.02,71654.43,1775984384000
1775984385.6,285.6,0.93,0.98,0.02,0.03,0.05,0.01,71654.43,1775984384000
1775984385.975,285.975,0.95,0.96,0.02,0.07,0.01,0.05,71654.43,1775984384000
1775984386.334,286.334,0.95,0.98,0.04,0.05,0.03,0.01,71654.43,1775984384000
1775984386.771,286.771,0.97,0.98,0.02,0.03,0.01,0.01,71654.74,1775984385000
1775984387.277,287.277,0.96,0.97,0.03,0.04,0.01,0.01,71654.59,1775984386000
1775984387.718,287.718,0.95,0.97,0.04,0.05,0.02,0.01,71654.59,1775984386000
1775984388.305,288.305,0.96,0.97,0.03,0.04,0.01,0.01,71654.59,1775984387000
1775984388.763,288.763,0.98,0.99,0.01,0.02,0.01,0.01,71654.59,1775984387000
1775984389.159,289.159,0.98,0.99,0.01,0.02,0.01,0.01,71654.59,1775984387000
1775984389.689,289.689,0.98,0.99,0.01,0.02,0.01,0.01,71654.48,1775984388000
1775984390.829,290.829,0.98,0.99,0.01,0.02,0.01,0.01,71654.48,1775984389000
1775984391.289,291.289,0.96,0.98,0.02,0.04,0.02,0.02,71654.39,1775984390000
1775984391.754,291.754,0.98,0.99,0.01,0.02,0.01,0.01,71654.39,1775984390000
1775984392.276,292.276,0.98,0.99,0.01,0.02,0.01,0.01,71654.39,1775984390000
1775984392.79,292.79,0.98,0.99,0.01,0.02,0.01,0.01,71654.39,1775984391000
1775984393.128,293.128,0.98,0.99,0.01,0.02,0.01,0.01,71654.39,1775984391000
1775984393.627,293.627,0.98,0.99,0.01,0.02,0.01,0.01,71654.48,1775984392000
1775984393.981,293.981,0.97,0.98,0.02,0.03,0.01,0.01,71654.48,1775984392000
1775984394.34,294.34,0.97,0.99,0.02,0.03,0.02,0.01,71654.34,1775984393000
1775984394.738,294.738,0.98,0.99,0.01,0.02,0.01,0.01,71654.34,1775984393000
1775984395.178,295.178,0.98,0.99,0.01,0.02,0.01,0.01,71654.34,1775984393000
1775984395.709,295.709,0.98,0.99,0.01,0.02,0.01,0.01,71654.34,1775984394000
1775984396.067,296.067,0.98,0.99,0.01,0.02,0.01,0.01,71654.34,1775984394000
1775984396.422,296.422,0.98,0.99,0.01,0.02,0.01,0.01,71654.36,1775984395000
1775984397.033,297.033,0.99,0.99,0.01,0.01,0.0,0.0,71654.36,1775984395000
1775984397.42,297.42,0.99,0.99,0.01,0.01,0.0,0.0,71654.29,1775984396000
1775984397.902,297.902,0.99,0.99,0.01,0.01,0.0,0.0,71654.29,1775984396000
1775984399.085,299.085,0.99,0.99,0.01,0.01,0.0,0.0,71654.29,1775984397000
1775984399.729,299.729,0.99,0.99,0.01,0.01,0.0,0.0,71654.65,1775984398000
1775984400.282,300.282,0.99,0.99,0.01,0.01,0.0,0.0,71654.62,1775984399000
1775984400.786,300.786,0.99,0.99,0.01,0.01,0.0,0.0,71654.62,1775984399000

# RESULT,winner=Up,slug=btc-updown-5m-1775984100,ticks=673
