timestamp,elapsed_sec,up_bid,up_ask,down_bid,down_ask,up_spread,down_spread,btc_price,btc_oracle_ts
1777244100.548,0.548,0.51,0.52,0.48,0.49,0.01,0.01,78381.43,1777244099000
1777244101.013,1.013,0.51,0.52,0.48,0.49,0.01,0.01,78381.91,1777244100000
1777244101.597,1.597,0.51,0.52,0.48,0.49,0.01,0.01,78381.91,1777244100000
1777244102.321,2.321,0.51,0.52,0.48,0.49,0.01,0.01,78381.86,1777244101000
1777244103.138,3.138,0.51,0.52,0.48,0.49,0.01,0.01,78381.9,1777244102000
1777244103.523,3.523,0.51,0.52,0.48,0.49,0.01,0.01,78381.9,1777244102000
1777244103.857,3.857,0.51,0.52,0.48,0.49,0.01,0.01,78381.9,1777244102000
1777244104.529,4.529,0.51,0.52,0.47,0.49,0.01,0.02,78381.9,1777244102000
1777244104.869,4.869,0.4,0.46,0.54,0.6,0.06,0.06,78381.77,1777244103000
1777244105.215,5.215,0.39,0.4,0.6,0.63,0.01,0.03,78381.77,1777244103000
1777244105.583,5.583,0.38,0.39,0.61,0.62,0.01,0.01,78381.77,1777244103000
1777244105.944,5.944,0.37,0.38,0.62,0.63,0.01,0.01,78381.89,1777244104000
1777244106.346,6.346,0.37,0.38,0.62,0.63,0.01,0.01,78381.89,1777244104000
1777244106.727,6.727,0.36,0.37,0.63,0.64,0.01,0.01,78378.67,1777244105000
1777244107.194,7.194,0.36,0.37,0.63,0.64,0.01,0.01,78361.57,1777244106000
1777244107.646,7.646,0.34,0.35,0.64,0.65,0.01,0.01,78361.57,1777244106000
1777244108.059,8.059,0.33,0.34,0.65,0.67,0.01,0.02,78361.57,1777244106000
1777244108.44,8.44,0.33,0.34,0.66,0.67,0.01,0.01,78361.57,1777244106000
1777244108.782,8.782,0.33,0.36,0.66,0.67,0.03,0.01,78361.57,1777244106000
1777244109.182,9.182,0.33,0.34,0.66,0.67,0.01,0.01,78350.51,1777244107000
1777244110.004,10.004,0.33,0.34,0.66,0.67,0.01,0.01,78348.13,1777244109000
1777244110.512,10.512,0.32,0.33,0.67,0.68,0.01,0.01,78348.13,1777244109000
1777244110.846,10.846,0.32,0.33,0.67,0.68,0.01,0.01,78346.53,1777244110000
1777244111.19,11.19,0.31,0.32,0.68,0.69,0.01,0.01,78346.53,1777244110000
1777244111.854,11.854,0.3,0.31,0.68,0.7,0.01,0.02,78346.53,1777244110000
1777244112.28,12.28,0.3,0.31,0.69,0.7,0.01,0.01,78342.14,1777244111000
1777244112.614,12.614,0.3,0.31,0.69,0.7,0.01,0.01,78342.14,1777244111000
1777244113.201,13.201,0.3,0.44,0.69,0.7,0.14,0.01,78342.14,1777244111000
1777244113.628,13.628,0.3,0.31,0.69,0.7,0.01,0.01,78339.88,1777244112000
1777244113.961,13.961,0.3,0.31,0.69,0.7,0.01,0.01,78339.88,1777244112000
1777244114.308,14.308,0.29,0.3,0.7,0.71,0.01,0.01,78339.88,1777244112000
1777244114.643,14.643,0.29,0.3,0.7,0.71,0.01,0.01,78339.86,1777244113000
1777244114.982,14.982,0.28,0.29,0.71,0.72,0.01,0.01,78339.86,1777244113000
1777244115.476,15.476,0.27,0.28,0.72,0.73,0.01,0.01,78339.75,1777244114000
1777244116.097,16.097,0.27,0.28,0.72,0.73,0.01,0.01,78339.75,1777244114000
1777244117.175,17.175,0.27,0.28,0.72,0.73,0.01,0.01,78330.43,1777244115000
1777244117.561,17.561,0.27,0.28,0.72,0.73,0.01,0.01,78329.92,1777244116000
1777244118.048,18.048,0.27,0.28,0.72,0.73,0.01,0.01,78329.92,1777244116000
1777244118.54,18.54,0.27,0.28,0.72,0.73,0.01,0.01,78325.18,1777244117000
1777244119.177,19.177,0.28,0.29,0.71,0.72,0.01,0.01,78325.18,1777244118000
1777244119.535,19.535,0.29,0.3,0.7,0.71,0.01,0.01,78325.18,1777244118000
1777244119.868,19.868,0.29,0.3,0.7,0.71,0.01,0.01,78325.18,1777244118000
1777244120.234,20.234,0.27,0.28,0.7,0.73,0.01,0.03,78324.86,1777244119000
1777244120.576,20.576,0.27,0.28,0.72,0.73,0.01,0.01,78324.86,1777244119000
1777244120.924,20.924,0.28,0.29,0.71,0.72,0.01,0.01,78324.86,1777244119000
1777244121.297,21.297,0.28,0.3,0.71,0.72,0.02,0.01,78324.86,1777244119000
1777244121.74,21.74,0.29,0.3,0.7,0.71,0.01,0.01,78324.86,1777244119000
1777244122.088,22.088,0.27,0.3,0.7,0.71,0.03,0.01,78325.33,1777244120000
1777244122.427,22.427,0.28,0.29,0.7,0.72,0.01,0.02,78323.3,1777244121000
1777244122.761,22.761,0.27,0.28,0.72,0.73,0.01,0.01,78323.3,1777244121000
1777244123.232,23.232,0.27,0.28,0.72,0.73,0.01,0.01,78322.97,1777244122000
1777244123.593,23.593,0.27,0.28,0.72,0.74,0.01,0.02,78322.97,1777244122000
1777244124.13,24.13,0.27,0.28,0.72,0.73,0.01,0.01,78322.97,1777244122000
1777244124.754,24.754,0.27,0.28,0.72,0.73,0.01,0.01,78323.48,1777244123000
1777244125.214,25.214,0.27,0.46,0.72,0.74,0.19,0.02,78323.48,1777244123000
1777244125.733,25.733,0.27,0.28,0.72,0.73,0.01,0.01,78322.01,1777244124000
1777244126.069,26.069,0.26,0.27,0.73,0.74,0.01,0.01,78322.01,1777244125000
1777244126.493,26.493,0.26,0.27,0.73,0.74,0.01,0.01,78322.01,1777244125000
1777244127.04,27.04,0.26,0.27,0.73,0.74,0.01,0.01,78322.01,1777244125000
1777244127.445,27.445,0.26,0.27,0.73,0.74,0.01,0.01,78320.68,1777244126000
1777244128.186,28.186,0.26,0.27,0.73,0.74,0.01,0.01,78315.51,1777244127000
1777244128.547,28.547,0.26,0.27,0.73,0.74,0.01,0.01,78315.51,1777244127000
1777244129.243,29.243,0.26,0.27,0.73,0.74,0.01,0.01,78315.51,1777244127000
1777244129.602,29.602,0.26,0.27,0.73,0.74,0.01,0.01,78315.17,1777244128000
1777244130.137,30.137,0.26,0.27,0.73,0.74,0.01,0.01,78315.17,1777244129000
1777244130.488,30.488,0.26,0.27,0.73,0.74,0.01,0.01,78315.17,1777244129000
1777244130.833,30.833,0.26,0.27,0.73,0.74,0.01,0.01,78315.17,1777244129000
1777244131.227,31.227,0.26,0.27,0.73,0.74,0.01,0.01,78315.21,1777244130000
1777244132.034,32.034,0.26,0.27,0.73,0.74,0.01,0.01,78315.21,1777244130000
1777244132.385,32.385,0.26,0.29,0.71,0.74,0.03,0.03,78315.22,1777244131000
1777244132.759,32.759,0.31,0.32,0.68,0.69,0.01,0.01,78315.22,1777244131000
1777244133.158,33.158,0.32,0.33,0.67,0.68,0.01,0.01,78315.22,1777244131000
1777244133.555,33.555,0.32,0.33,0.67,0.68,0.01,0.01,78321.16,1777244132000
1777244133.948,33.948,0.32,0.33,0.67,0.68,0.01,0.01,78321.16,1777244132000
1777244134.292,34.292,0.32,0.33,0.67,0.68,0.01,0.01,78325.05,1777244133000
1777244134.661,34.661,0.31,0.32,0.68,0.69,0.01,0.01,78325.05,1777244133000
1777244135.008,35.008,0.31,0.32,0.68,0.69,0.01,0.01,78325.05,1777244133000
1777244135.355,35.355,0.3,0.31,0.69,0.7,0.01,0.01,78324.97,1777244134000
1777244135.786,35.786,0.3,0.31,0.69,0.7,0.01,0.01,78324.97,1777244134000
1777244136.229,36.229,0.3,0.31,0.69,0.7,0.01,0.01,78324.97,1777244134000
1777244136.589,36.589,0.3,0.31,0.69,0.7,0.01,0.01,78324.97,1777244134000
1777244136.977,36.977,0.3,0.31,0.69,0.7,0.01,0.01,78325.48,1777244135000
1777244137.358,37.358,0.3,0.31,0.69,0.7,0.01,0.01,78325.79,1777244136000
1777244137.798,37.798,0.3,0.31,0.69,0.7,0.01,0.01,78325.79,1777244136000
1777244138.238,38.238,0.3,0.31,0.69,0.7,0.01,0.01,78325.79,1777244136000
1777244138.596,38.596,0.3,0.31,0.69,0.7,0.01,0.01,78326.84,1777244137000
1777244139.238,39.238,0.3,0.31,0.69,0.7,0.01,0.01,78326.84,1777244137000
1777244139.604,39.604,0.3,0.31,0.69,0.7,0.01,0.01,78326.84,1777244137000
1777244140.064,40.064,0.3,0.31,0.69,0.7,0.01,0.01,78329.15,1777244139000
1777244140.658,40.658,0.3,0.31,0.69,0.7,0.01,0.01,78329.15,1777244139000
1777244141.059,41.059,0.3,0.31,0.69,0.7,0.01,0.01,78329.15,1777244139000
1777244141.462,41.462,0.3,0.31,0.69,0.7,0.01,0.01,78329.09,1777244140000
1777244141.905,41.905,0.37,0.38,0.62,0.63,0.01,0.01,78329.09,1777244140000
1777244142.244,42.244,0.36,0.37,0.62,0.64,0.01,0.02,78329.01,1777244141000
1777244142.627,42.627,0.36,0.37,0.63,0.64,0.01,0.01,78329.01,1777244141000
1777244142.993,42.993,0.36,0.37,0.63,0.64,0.01,0.01,78329.01,1777244141000
1777244143.36,43.36,0.36,0.37,0.63,0.64,0.01,0.01,78330.99,1777244142000
1777244143.796,43.796,0.36,0.37,0.63,0.64,0.01,0.01,78330.99,1777244142000
1777244144.191,44.191,0.35,0.37,0.63,0.64,0.02,0.01,78330.99,1777244142000
1777244144.561,44.561,0.34,0.35,0.65,0.66,0.01,0.01,78333.63,1777244143000
1777244144.967,44.967,0.34,0.35,0.65,0.66,0.01,0.01,78333.64,1777244144000
1777244145.508,45.508,0.34,0.38,0.65,0.66,0.04,0.01,78333.64,1777244144000
1777244146.038,46.038,0.38,0.41,0.59,0.62,0.03,0.03,78336.98,1777244145000
1777244146.833,46.833,0.38,0.41,0.59,0.62,0.03,0.03,78336.98,1777244145000
1777244147.25,47.25,0.38,0.41,0.59,0.62,0.03,0.03,78340.01,1777244146000
1777244147.682,47.682,0.4,0.44,0.56,0.61,0.04,0.05,78340.01,1777244146000
1777244148.13,48.13,0.42,0.46,0.54,0.59,0.04,0.05,78340.01,1777244146000
1777244148.47,48.47,0.41,0.44,0.56,0.59,0.03,0.03,78348.93,1777244147000
1777244148.84,48.84,0.38,0.42,0.58,0.62,0.04,0.04,78348.93,1777244147000
1777244149.174,49.174,0.39,0.4,0.6,0.61,0.01,0.01,78348.93,1777244147000
1777244149.516,49.516,0.31,0.32,0.68,0.69,0.01,0.01,78344.25,1777244148000
1777244149.906,49.906,0.31,0.32,0.68,0.69,0.01,0.01,78344.25,1777244148000
1777244150.376,50.376,0.31,0.32,0.68,0.69,0.01,0.01,78344.25,1777244148000
1777244150.875,50.875,0.31,0.32,0.68,0.69,0.01,0.01,78333.8,1777244149000
1777244151.313,51.313,0.31,0.32,0.68,0.69,0.01,0.01,78333.8,1777244149000
1777244151.667,51.667,0.31,0.32,0.68,0.69,0.01,0.01,78333.8,1777244150000
1777244152.16,52.16,0.31,0.33,0.68,0.69,0.02,0.01,78333.8,1777244150000
1777244152.535,52.535,0.32,0.33,0.67,0.68,0.01,0.01,78333.8,1777244151000
1777244152.981,52.981,0.32,0.33,0.67,0.68,0.01,0.01,78333.8,1777244151000
1777244153.343,53.343,0.32,0.33,0.67,0.68,0.01,0.01,78333.8,1777244152000
1777244153.817,53.817,0.32,0.33,0.67,0.68,0.01,0.01,78333.8,1777244152000
1777244154.375,54.375,0.32,0.33,0.67,0.68,0.01,0.01,78336.19,1777244153000
1777244154.761,54.761,0.33,0.34,0.66,0.68,0.01,0.02,78336.19,1777244153000
1777244155.148,55.148,0.33,0.34,0.66,0.67,0.01,0.01,78336.21,1777244154000
1777244155.56,55.56,0.31,0.33,0.67,0.69,0.02,0.02,78336.21,1777244154000
1777244156.195,56.195,0.31,0.32,0.67,0.69,0.01,0.02,78336.21,1777244154000
1777244156.937,56.937,0.31,0.32,0.68,0.69,0.01,0.01,78335.79,1777244156000
1777244157.338,57.338,0.31,0.32,0.68,0.69,0.01,0.01,78335.79,1777244156000
1777244157.988,57.988,0.3,0.31,0.69,0.7,0.01,0.01,78335.47,1777244157000
1777244158.476,58.476,0.3,0.31,0.69,0.7,0.01,0.01,78335.47,1777244157000
1777244159.035,59.035,0.3,0.31,0.69,0.7,0.01,0.01,78335.47,1777244157000
1777244159.607,59.607,0.3,0.31,0.69,0.7,0.01,0.01,78334.62,1777244158000
1777244160.114,60.114,0.29,0.3,0.7,0.71,0.01,0.01,78334.62,1777244158000
1777244160.462,60.462,0.29,0.3,0.7,0.71,0.01,0.01,78335.29,1777244159000
1777244160.916,60.916,0.29,0.3,0.7,0.71,0.01,0.01,78335.29,1777244159000
1777244161.299,61.299,0.28,0.29,0.71,0.72,0.01,0.01,78335.29,1777244159000
1777244161.721,61.721,0.28,0.29,0.71,0.72,0.01,0.01,78333.17,1777244160000
1777244162.13,62.13,0.28,0.29,0.71,0.72,0.01,0.01,78333.43,1777244161000
1777244162.508,62.508,0.28,0.29,0.71,0.72,0.01,0.01,78333.43,1777244161000
1777244162.938,62.938,0.28,0.29,0.71,0.72,0.01,0.01,78333.43,1777244161000
1777244163.589,63.589,0.28,0.29,0.71,0.72,0.01,0.01,78333.16,1777244162000
1777244164.195,64.195,0.28,0.29,0.71,0.72,0.01,0.01,78333.16,1777244162000
1777244165.002,65.002,0.28,0.29,0.71,0.72,0.01,0.01,78333.15,1777244163000
1777244165.345,65.345,0.28,0.29,0.71,0.72,0.01,0.01,78333.15,1777244163000
1777244165.768,65.768,0.32,0.33,0.67,0.68,0.01,0.01,78330.38,1777244164000
1777244166.101,66.101,0.32,0.33,0.67,0.68,0.01,0.01,78330.38,1777244164000
1777244166.443,66.443,0.32,0.33,0.67,0.68,0.01,0.01,78330.38,1777244164000
1777244167.181,67.181,0.32,0.33,0.67,0.68,0.01,0.01,78332.95,1777244166000
1777244167.539,67.539,0.32,0.35,0.67,0.68,0.03,0.01,78332.95,1777244166000
1777244168.239,68.239,0.32,0.34,0.66,0.68,0.02,0.02,78337.69,1777244167000
1777244168.59,68.59,0.32,0.33,0.66,0.68,0.01,0.02,78337.69,1777244167000
1777244169.196,69.196,0.32,0.33,0.67,0.69,0.01,0.02,78337.69,1777244167000
1777244169.579,69.579,0.31,0.32,0.67,0.69,0.01,0.02,78337.69,1777244167000
1777244170.023,70.023,0.31,0.32,0.68,0.69,0.01,0.01,78335.14,1777244169000
1777244170.653,70.653,0.3,0.31,0.69,0.7,0.01,0.01,78335.14,1777244169000
1777244171.017,71.017,0.3,0.31,0.69,0.7,0.01,0.01,78335.14,1777244169000
1777244171.387,71.387,0.3,0.31,0.69,0.7,0.01,0.01,78334.43,1777244170000
1777244172.039,72.039,0.3,0.31,0.69,0.7,0.01,0.01,78334.43,1777244170000
1777244172.408,72.408,0.3,0.31,0.69,0.7,0.01,0.01,78334.43,1777244170000
1777244172.745,72.745,0.3,0.31,0.69,0.7,0.01,0.01,78334.34,1777244171000
1777244173.264,73.264,0.3,0.31,0.69,0.7,0.01,0.01,78334.46,1777244172000
1777244173.627,73.627,0.3,0.31,0.69,0.7,0.01,0.01,78334.46,1777244172000
1777244174.355,74.355,0.3,0.31,0.69,0.7,0.01,0.01,78334.46,1777244172000
1777244175.279,75.279,0.3,0.31,0.69,0.7,0.01,0.01,78334.64,1777244174000
1777244176.115,76.115,0.3,0.31,0.69,0.7,0.01,0.01,78334.64,1777244174000
1777244176.461,76.461,0.31,0.33,0.68,0.69,0.02,0.01,78334.64,1777244174000
1777244176.863,76.863,0.36,0.37,0.57,0.64,0.01,0.07,78337.56,1777244175000
1777244177.359,77.359,0.38,0.4,0.6,0.62,0.02,0.02,78337.56,1777244175000
1777244177.924,77.924,0.39,0.4,0.6,0.61,0.01,0.01,78348.44,1777244176000
1777244178.307,78.307,0.39,0.4,0.6,0.61,0.01,0.01,78349.47,1777244177000
1777244178.69,78.69,0.39,0.4,0.6,0.61,0.01,0.01,78349.47,1777244177000
1777244179.435,79.435,0.39,0.4,0.6,0.61,0.01,0.01,78349.47,1777244177000
1777244179.8,79.8,0.39,0.4,0.6,0.61,0.01,0.01,78350.75,1777244178000
1777244180.195,80.195,0.38,0.39,0.6,0.62,0.01,0.02,78350.75,1777244178000
1777244180.541,80.541,0.38,0.39,0.61,0.62,0.01,0.01,78350.76,1777244179000
1777244180.968,80.968,0.38,0.39,0.61,0.62,0.01,0.01,78350.76,1777244179000
1777244181.551,81.551,0.38,0.39,0.61,0.62,0.01,0.01,78350.76,1777244179000
1777244182.5,82.5,0.38,0.39,0.61,0.62,0.01,0.01,78350.91,1777244181000
1777244182.966,82.966,0.37,0.38,0.62,0.63,0.01,0.01,78350.91,1777244181000
1777244183.644,83.644,0.37,0.38,0.62,0.63,0.01,0.01,78350.91,1777244182000
1777244184.042,84.042,0.37,0.38,0.62,0.63,0.01,0.01,78350.91,1777244182000
1777244184.641,84.641,0.37,0.38,0.62,0.63,0.01,0.01,78350.95,1777244183000
1777244185.137,85.137,0.37,0.38,0.62,0.63,0.01,0.01,78350.95,1777244183000
1777244185.514,85.514,0.37,0.38,0.62,0.63,0.01,0.01,78350.95,1777244183000
1777244186.019,86.019,0.37,0.38,0.62,0.63,0.01,0.01,78351.07,1777244184000
1777244186.361,86.361,0.37,0.38,0.62,0.63,0.01,0.01,78351.07,1777244185000
1777244187.002,87.002,0.37,0.38,0.62,0.63,0.01,0.01,78351.07,1777244185000
1777244187.42,87.42,0.37,0.38,0.62,0.63,0.01,0.01,78351.07,1777244185000
1777244187.759,87.759,0.37,0.38,0.62,0.63,0.01,0.01,78351.07,1777244186000
1777244188.385,88.385,0.37,0.38,0.62,0.63,0.01,0.01,78351.03,1777244187000
1777244189.216,89.216,0.37,0.38,0.62,0.63,0.01,0.01,78351.03,1777244187000
1777244189.621,89.621,0.37,0.38,0.62,0.63,0.01,0.01,78351.07,1777244188000
1777244190.022,90.022,0.37,0.38,0.62,0.63,0.01,0.01,78351.07,1777244188000
1777244190.977,90.977,0.37,0.38,0.62,0.63,0.01,0.01,78351.07,1777244189000
1777244191.417,91.417,0.37,0.38,0.62,0.63,0.01,0.01,78351.07,1777244189000
1777244192.055,92.055,0.37,0.38,0.62,0.63,0.01,0.01,78351.1,1777244191000
1777244192.514,92.514,0.37,0.38,0.62,0.63,0.01,0.01,78351.1,1777244191000
1777244192.903,92.903,0.37,0.38,0.62,0.63,0.01,0.01,78351.1,1777244191000
1777244193.302,93.302,0.37,0.38,0.62,0.63,0.01,0.01,78351.1,1777244192000
1777244193.661,93.661,0.37,0.38,0.62,0.63,0.01,0.01,78351.1,1777244192000
1777244194.04,94.04,0.41,0.43,0.56,0.59,0.02,0.03,78351.1,1777244192000
1777244194.795,94.795,0.42,0.43,0.57,0.58,0.01,0.01,78351.09,1777244193000
1777244195.142,95.142,0.42,0.43,0.57,0.58,0.01,0.01,78351.09,1777244193000
1777244195.521,95.521,0.42,0.43,0.57,0.58,0.01,0.01,78351.09,1777244194000
1777244195.98,95.98,0.45,0.46,0.54,0.55,0.01,0.01,78351.09,1777244194000
1777244196.612,96.612,0.45,0.46,0.54,0.55,0.01,0.01,78355.86,1777244195000
1777244196.997,96.997,0.44,0.45,0.55,0.56,0.01,0.01,78355.86,1777244195000
1777244197.618,97.618,0.44,0.45,0.55,0.56,0.01,0.01,78358.24,1777244196000
1777244198.081,98.081,0.44,0.45,0.55,0.56,0.01,0.01,78358.24,1777244196000
1777244198.6,98.6,0.43,0.44,0.56,0.57,0.01,0.01,78359.73,1777244197000
1777244198.964,98.964,0.43,0.44,0.56,0.57,0.01,0.01,78359.73,1777244197000
1777244199.334,99.334,0.43,0.44,0.56,0.57,0.01,0.01,78359.84,1777244198000
1777244200.212,100.212,0.44,0.45,0.55,0.57,0.01,0.02,78359.84,1777244198000
1777244200.55,100.55,0.44,0.45,0.55,0.56,0.01,0.01,78360.5,1777244199000
1777244200.957,100.957,0.44,0.47,0.53,0.56,0.03,0.03,78361.49,1777244200000
1777244201.635,101.635,0.46,0.47,0.53,0.54,0.01,0.01,78361.49,1777244200000
1777244202.052,102.052,0.46,0.47,0.53,0.54,0.01,0.01,78362.45,1777244201000
1777244202.477,102.477,0.46,0.47,0.53,0.54,0.01,0.01,78362.45,1777244201000
1777244202.847,102.847,0.43,0.45,0.55,0.57,0.02,0.02,78362.45,1777244201000
1777244203.189,103.189,0.42,0.43,0.56,0.58,0.01,0.02,78362.45,1777244201000
1777244203.528,103.528,0.42,0.43,0.57,0.58,0.01,0.01,78362.45,1777244201000
1777244203.933,103.933,0.42,0.43,0.57,0.58,0.01,0.01,78362.46,1777244202000
1777244204.326,104.326,0.42,0.43,0.57,0.58,0.01,0.01,78362.46,1777244202000
1777244204.94,104.94,0.42,0.43,0.57,0.58,0.01,0.01,78361.13,1777244203000
1777244205.651,105.651,0.42,0.43,0.57,0.58,0.01,0.01,78360.7,1777244204000
1777244206.124,106.124,0.42,0.43,0.57,0.58,0.01,0.01,78360.7,1777244204000
1777244206.534,106.534,0.42,0.43,0.57,0.58,0.01,0.01,78361.27,1777244205000
1777244206.94,106.94,0.42,0.43,0.57,0.58,0.01,0.01,78361.27,1777244205000
1777244207.286,107.286,0.42,0.43,0.57,0.58,0.01,0.01,78361.27,1777244205000
1777244207.746,107.746,0.41,0.42,0.58,0.59,0.01,0.01,78361.22,1777244206000
1777244208.115,108.115,0.41,0.42,0.58,0.59,0.01,0.01,78361.22,1777244207000
1777244208.506,108.506,0.41,0.42,0.58,0.59,0.01,0.01,78361.22,1777244207000
1777244209.002,109.002,0.41,0.42,0.58,0.59,0.01,0.01,78361.22,1777244207000
1777244209.548,109.548,0.41,0.42,0.58,0.59,0.01,0.01,78360.54,1777244208000
1777244209.899,109.899,0.41,0.42,0.58,0.59,0.01,0.01,78360.54,1777244208000
1777244210.462,110.462,0.41,0.42,0.58,0.59,0.01,0.01,78360.57,1777244209000
1777244210.882,110.882,0.41,0.42,0.58,0.59,0.01,0.01,78360.57,1777244209000
1777244211.358,111.358,0.41,0.42,0.58,0.59,0.01,0.01,78360.3,1777244210000
1777244212.098,112.098,0.41,0.42,0.58,0.59,0.01,0.01,78360.3,1777244210000
1777244212.646,112.646,0.41,0.42,0.58,0.59,0.01,0.01,78359.87,1777244211000
1777244212.987,112.987,0.41,0.42,0.58,0.59,0.01,0.01,78359.87,1777244211000
1777244213.397,113.397,0.41,0.42,0.58,0.59,0.01,0.01,78361.53,1777244212000
1777244213.811,113.811,0.41,0.42,0.58,0.59,0.01,0.01,78361.53,1777244212000
1777244214.422,114.422,0.41,0.42,0.58,0.59,0.01,0.01,78359.86,1777244213000
1777244214.775,114.775,0.41,0.42,0.58,0.59,0.01,0.01,78359.86,1777244213000
1777244215.121,115.121,0.41,0.42,0.58,0.59,0.01,0.01,78359.86,1777244213000
1777244215.499,115.499,0.4,0.41,0.58,0.6,0.01,0.02,78361.09,1777244214000
1777244215.908,115.908,0.4,0.41,0.59,0.6,0.01,0.01,78361.09,1777244214000
1777244216.39,116.39,0.4,0.41,0.59,0.6,0.01,0.01,78361.09,1777244214000
1777244216.898,116.898,0.4,0.41,0.59,0.6,0.01,0.01,78361.41,1777244215000
1777244217.35,117.35,0.4,0.41,0.59,0.6,0.01,0.01,78361.73,1777244216000
1777244218.219,118.219,0.4,0.41,0.59,0.6,0.01,0.01,78361.73,1777244216000
1777244218.572,118.572,0.4,0.41,0.59,0.6,0.01,0.01,78361.17,1777244217000
1777244218.926,118.926,0.4,0.41,0.59,0.6,0.01,0.01,78361.17,1777244217000
1777244219.406,119.406,0.4,0.41,0.59,0.6,0.01,0.01,78361.17,1777244218000
1777244219.97,119.97,0.4,0.41,0.59,0.6,0.01,0.01,78361.17,1777244218000
1777244220.362,120.362,0.4,0.41,0.59,0.6,0.01,0.01,78361.1,1777244219000
1777244220.77,120.77,0.4,0.41,0.59,0.6,0.01,0.01,78361.1,1777244219000
1777244221.292,121.292,0.4,0.41,0.59,0.6,0.01,0.01,78361.1,1777244219000
1777244222.071,122.071,0.4,0.41,0.59,0.6,0.01,0.01,78361.21,1777244220000
1777244222.45,122.45,0.39,0.41,0.59,0.61,0.02,0.02,78360.53,1777244221000
1777244222.941,122.941,0.39,0.4,0.6,0.61,0.01,0.01,78360.53,1777244221000
1777244223.314,123.314,0.39,0.4,0.6,0.61,0.01,0.01,78360.53,1777244222000
1777244223.755,123.755,0.39,0.4,0.6,0.61,0.01,0.01,78360.53,1777244222000
1777244224.354,124.354,0.39,0.4,0.6,0.61,0.01,0.01,78361.25,1777244223000
1777244224.886,124.886,0.38,0.4,0.6,0.61,0.02,0.01,78361.25,1777244223000
1777244226.169,126.169,0.38,0.39,0.6,0.62,0.01,0.02,78361.37,1777244224000
1777244226.873,126.873,0.38,0.39,0.61,0.62,0.01,0.01,78361.3,1777244225000
1777244227.321,127.321,0.38,0.39,0.61,0.62,0.01,0.01,78361.19,1777244226000
1777244227.657,127.657,0.38,0.39,0.61,0.62,0.01,0.01,78361.19,1777244226000
1777244228.067,128.067,0.38,0.39,0.61,0.62,0.01,0.01,78361.19,1777244227000
1777244228.832,128.832,0.38,0.39,0.61,0.62,0.01,0.01,78361.19,1777244227000
1777244229.341,129.341,0.38,0.39,0.61,0.62,0.01,0.01,78361.2,1777244228000
1777244230.33,130.33,0.38,0.39,0.61,0.62,0.01,0.01,78361.14,1777244229000
1777244230.946,130.946,0.38,0.39,0.61,0.62,0.01,0.01,78361.14,1777244229000
1777244231.337,131.337,0.38,0.39,0.61,0.62,0.01,0.01,78361.14,1777244230000
1777244231.768,131.768,0.38,0.39,0.61,0.62,0.01,0.01,78361.14,1777244230000
1777244232.112,132.112,0.38,0.39,0.61,0.62,0.01,0.01,78361.14,1777244230000
1777244232.475,132.475,0.38,0.39,0.61,0.62,0.01,0.01,78361.58,1777244231000
1777244233.163,133.163,0.38,0.39,0.61,0.62,0.01,0.01,78361.51,1777244232000
1777244233.648,133.648,0.37,0.39,0.61,0.63,0.02,0.02,78361.51,1777244232000
1777244234.118,134.118,0.37,0.38,0.62,0.63,0.01,0.01,78361.51,1777244233000
1777244235.077,135.077,0.37,0.38,0.62,0.63,0.01,0.01,78361.22,1777244234000
1777244236.096,136.096,0.37,0.38,0.62,0.63,0.01,0.01,78359.33,1777244235000
1777244236.433,136.433,0.29,0.33,0.67,0.71,0.04,0.04,78359.33,1777244235000
1777244236.854,136.854,0.29,0.31,0.67,0.71,0.02,0.04,78359.33,1777244235000
1777244237.189,137.189,0.3,0.31,0.69,0.7,0.01,0.01,78356.7,1777244236000
1777244237.551,137.551,0.3,0.31,0.69,0.7,0.01,0.01,78356.7,1777244236000
1777244237.961,137.961,0.35,0.36,0.64,0.65,0.01,0.01,78356.7,1777244236000
1777244238.432,138.432,0.39,0.42,0.58,0.61,0.03,0.03,78354.77,1777244237000
1777244238.779,138.779,0.43,0.45,0.55,0.58,0.02,0.03,78354.77,1777244237000
1777244239.202,139.202,0.43,0.44,0.56,0.57,0.01,0.01,78355.75,1777244238000
1777244239.609,139.609,0.43,0.44,0.56,0.57,0.01,0.01,78355.75,1777244238000
1777244239.956,139.956,0.43,0.44,0.56,0.57,0.01,0.01,78364.76,1777244239000
1777244240.965,140.965,0.43,0.44,0.56,0.57,0.01,0.01,78368.45,1777244240000
1777244241.387,141.387,0.43,0.44,0.56,0.57,0.01,0.01,78368.45,1777244240000
1777244241.829,141.829,0.43,0.44,0.56,0.57,0.01,0.01,78368.45,1777244240000
1777244242.78,142.78,0.43,0.44,0.56,0.57,0.01,0.01,78369.0,1777244241000
1777244243.277,143.277,0.44,0.45,0.55,0.56,0.01,0.01,78369.6,1777244242000
1777244243.666,143.666,0.46,0.47,0.53,0.55,0.01,0.02,78369.6,1777244242000
1777244244.055,144.055,0.46,0.48,0.52,0.54,0.02,0.02,78369.6,1777244242000
1777244244.434,144.434,0.47,0.48,0.52,0.53,0.01,0.01,78369.6,1777244243000
1777244244.963,144.963,0.47,0.48,0.52,0.53,0.01,0.01,78369.6,1777244243000
1777244245.597,145.597,0.46,0.48,0.52,0.54,0.02,0.02,78371.9,1777244244000
1777244246.08,146.08,0.46,0.47,0.53,0.54,0.01,0.01,78371.9,1777244244000
1777244246.593,146.593,0.46,0.47,0.53,0.54,0.01,0.01,78372.29,1777244245000
1777244247.05,147.05,0.45,0.46,0.53,0.55,0.01,0.02,78372.29,1777244245000
1777244247.397,147.397,0.45,0.46,0.54,0.55,0.01,0.01,78372.29,1777244245000
1777244247.853,147.853,0.45,0.46,0.54,0.55,0.01,0.01,78373.42,1777244246000
1777244248.191,148.191,0.45,0.46,0.54,0.55,0.01,0.01,78373.42,1777244247000
1777244248.604,148.604,0.45,0.46,0.54,0.55,0.01,0.01,78373.42,1777244247000
1777244248.941,148.941,0.45,0.46,0.54,0.55,0.01,0.01,78373.42,1777244247000
1777244249.505,149.505,0.45,0.46,0.54,0.55,0.01,0.01,78373.44,1777244248000
1777244249.877,149.877,0.45,0.46,0.54,0.55,0.01,0.01,78373.44,1777244248000
1777244250.272,150.272,0.45,0.46,0.54,0.55,0.01,0.01,78372.17,1777244249000
1777244250.872,150.872,0.46,0.47,0.53,0.54,0.01,0.01,78372.17,1777244249000
1777244251.406,151.406,0.47,0.48,0.52,0.53,0.01,0.01,78372.17,1777244249000
1777244252.029,152.029,0.48,0.49,0.51,0.52,0.01,0.01,78372.87,1777244250000
1777244252.754,152.754,0.48,0.49,0.51,0.52,0.01,0.01,78372.19,1777244251000
1777244253.179,153.179,0.48,0.51,0.49,0.52,0.03,0.03,78372.19,1777244252000
1777244253.768,153.768,0.5,0.51,0.49,0.51,0.01,0.02,78372.19,1777244252000
1777244254.264,154.264,0.5,0.51,0.49,0.5,0.01,0.01,78372.19,1777244253000
1777244254.629,154.629,0.51,0.52,0.48,0.49,0.01,0.01,78372.19,1777244253000
1777244254.971,154.971,0.52,0.53,0.47,0.48,0.01,0.01,78372.19,1777244253000
1777244255.316,155.316,0.53,0.54,0.46,0.47,0.01,0.01,78372.19,1777244253000
1777244255.663,155.663,0.54,0.55,0.45,0.46,0.01,0.01,78376.53,1777244254000
1777244256.007,156.007,0.59,0.6,0.4,0.44,0.01,0.04,78376.53,1777244254000
1777244256.345,156.345,0.57,0.58,0.42,0.43,0.01,0.01,78376.53,1777244254000
1777244256.682,156.682,0.57,0.58,0.42,0.43,0.01,0.01,78377.65,1777244255000
1777244257.045,157.045,0.57,0.58,0.42,0.43,0.01,0.01,78379.87,1777244256000
1777244257.394,157.394,0.57,0.58,0.42,0.43,0.01,0.01,78379.87,1777244256000
1777244257.766,157.766,0.57,0.58,0.42,0.43,0.01,0.01,78379.87,1777244256000
1777244258.239,158.239,0.55,0.57,0.42,0.43,0.02,0.01,78379.87,1777244256000
1777244258.593,158.593,0.48,0.5,0.5,0.51,0.02,0.01,78381.59,1777244257000
1777244258.975,158.975,0.49,0.5,0.5,0.51,0.01,0.01,78381.59,1777244257000
1777244259.536,159.536,0.49,0.5,0.5,0.51,0.01,0.01,78382.65,1777244258000
1777244259.99,159.99,0.49,0.5,0.5,0.51,0.01,0.01,78382.65,1777244258000
1777244260.425,160.425,0.5,0.51,0.49,0.51,0.01,0.02,78381.12,1777244259000
1777244260.995,160.995,0.47,0.48,0.5,0.53,0.01,0.03,78381.12,1777244259000
1777244261.355,161.355,0.47,0.49,0.51,0.53,0.02,0.02,78380.69,1777244260000
1777244261.732,161.732,0.48,0.49,0.51,0.52,0.01,0.01,78380.69,1777244260000
1777244262.771,162.771,0.48,0.49,0.51,0.52,0.01,0.01,78380.85,1777244261000
1777244263.126,163.126,0.48,0.49,0.51,0.52,0.01,0.01,78380.85,1777244261000
1777244263.492,163.492,0.49,0.5,0.5,0.52,0.01,0.02,78380.95,1777244262000
1777244263.967,163.967,0.49,0.5,0.5,0.51,0.01,0.01,78380.95,1777244262000
1777244264.316,164.316,0.49,0.5,0.5,0.51,0.01,0.01,78380.95,1777244262000
1777244264.833,164.833,0.49,0.5,0.5,0.51,0.01,0.01,78380.85,1777244263000
1777244265.323,165.323,0.5,0.51,0.5,0.51,0.01,0.01,78380.81,1777244264000
1777244265.661,165.661,0.5,0.51,0.49,0.5,0.01,0.01,78380.81,1777244264000
1777244266.139,166.139,0.5,0.51,0.49,0.5,0.01,0.01,78380.81,1777244264000
1777244266.689,166.689,0.53,0.54,0.46,0.48,0.01,0.02,78380.82,1777244265000
1777244267.406,167.406,0.53,0.54,0.46,0.47,0.01,0.01,78380.82,1777244266000
1777244267.755,167.755,0.53,0.54,0.46,0.47,0.01,0.01,78380.82,1777244266000
1777244268.278,168.278,0.46,0.5,0.47,0.51,0.04,0.04,78380.84,1777244267000
1777244268.693,168.693,0.44,0.45,0.54,0.59,0.01,0.05,78380.84,1777244267000
1777244269.11,169.11,0.42,0.43,0.56,0.57,0.01,0.01,78380.84,1777244267000
1777244269.523,169.523,0.42,0.43,0.57,0.58,0.01,0.01,78381.16,1777244268000
1777244269.918,169.918,0.41,0.43,0.57,0.59,0.02,0.02,78381.16,1777244268000
1777244270.611,170.611,0.41,0.42,0.58,0.59,0.01,0.01,78375.49,1777244269000
1777244271.07,171.07,0.41,0.42,0.58,0.59,0.01,0.01,78375.49,1777244269000
1777244271.674,171.674,0.41,0.42,0.58,0.59,0.01,0.01,78372.65,1777244270000
1777244272.195,172.195,0.41,0.42,0.58,0.59,0.01,0.01,78371.88,1777244271000
1777244272.53,172.53,0.41,0.42,0.58,0.59,0.01,0.01,78371.88,1777244271000
1777244272.97,172.97,0.41,0.42,0.58,0.59,0.01,0.01,78371.88,1777244271000
1777244273.385,173.385,0.41,0.42,0.58,0.59,0.01,0.01,78372.05,1777244272000
1777244273.79,173.79,0.4,0.42,0.58,0.59,0.02,0.01,78372.05,1777244272000
1777244274.208,174.208,0.4,0.41,0.59,0.6,0.01,0.01,78372.05,1777244272000
1777244274.606,174.606,0.4,0.41,0.59,0.6,0.01,0.01,78372.05,1777244272000
1777244274.984,174.984,0.4,0.41,0.59,0.6,0.01,0.01,78372.05,1777244272000
1777244275.52,175.52,0.4,0.41,0.59,0.6,0.01,0.01,78372.2,1777244273000
1777244275.914,175.914,0.4,0.41,0.59,0.6,0.01,0.01,78372.2,1777244274000
1777244276.259,176.259,0.41,0.42,0.58,0.59,0.01,0.01,78372.2,1777244275000
1777244276.841,176.841,0.41,0.42,0.58,0.59,0.01,0.01,78372.2,1777244275000
1777244277.189,177.189,0.41,0.42,0.58,0.59,0.01,0.01,78372.2,1777244275000
1777244277.797,177.797,0.43,0.44,0.56,0.57,0.01,0.01,78372.15,1777244276000
1777244278.229,178.229,0.43,0.44,0.56,0.57,0.01,0.01,78372.15,1777244276000
1777244278.599,178.599,0.43,0.44,0.56,0.57,0.01,0.01,78372.36,1777244277000
1777244279.033,179.033,0.43,0.44,0.56,0.57,0.01,0.01,78373.17,1777244278000
1777244279.506,179.506,0.43,0.44,0.56,0.57,0.01,0.01,78373.17,1777244278000
1777244279.915,179.915,0.43,0.44,0.56,0.57,0.01,0.01,78373.17,1777244278000
1777244280.256,180.256,0.43,0.48,0.54,0.57,0.05,0.03,78373.58,1777244279000
1777244280.675,180.675,0.48,0.49,0.51,0.52,0.01,0.01,78373.58,1777244279000
1777244281.09,181.09,0.49,0.5,0.5,0.51,0.01,0.01,78373.58,1777244279000
1777244281.444,181.444,0.49,0.5,0.5,0.51,0.01,0.01,78374.76,1777244280000
1777244282.11,182.11,0.49,0.5,0.5,0.51,0.01,0.01,78374.76,1777244280000
1777244282.504,182.504,0.49,0.5,0.5,0.51,0.01,0.01,78376.66,1777244281000
1777244283.056,183.056,0.49,0.5,0.5,0.51,0.01,0.01,78376.66,1777244281000
1777244283.411,183.411,0.49,0.5,0.5,0.51,0.01,0.01,78376.77,1777244282000
1777244283.842,183.842,0.49,0.52,0.48,0.51,0.03,0.03,78376.77,1777244282000
1777244284.286,184.286,0.51,0.56,0.44,0.49,0.05,0.05,78377.71,1777244283000
1777244284.659,184.659,0.57,0.58,0.42,0.43,0.01,0.01,78377.71,1777244283000
1777244284.998,184.998,0.56,0.57,0.43,0.44,0.01,0.01,78377.71,1777244283000
1777244285.46,185.46,0.56,0.57,0.43,0.44,0.01,0.01,78378.51,1777244284000
1777244285.87,185.87,0.56,0.57,0.43,0.44,0.01,0.01,78378.51,1777244284000
1777244286.291,186.291,0.56,0.57,0.43,0.44,0.01,0.01,78382.86,1777244285000
1777244286.658,186.658,0.56,0.57,0.43,0.44,0.01,0.01,78382.86,1777244285000
1777244287.073,187.073,0.56,0.57,0.43,0.44,0.01,0.01,78382.86,1777244285000
1777244287.472,187.472,0.56,0.57,0.43,0.44,0.01,0.01,78382.86,1777244285000
1777244287.85,187.85,0.56,0.57,0.43,0.44,0.01,0.01,78382.89,1777244286000
1777244288.252,188.252,0.55,0.56,0.44,0.45,0.01,0.01,78383.89,1777244287000
1777244288.637,188.637,0.55,0.56,0.44,0.45,0.01,0.01,78383.89,1777244287000
1777244289.439,189.439,0.55,0.56,0.44,0.45,0.01,0.01,78383.89,1777244287000
1777244289.886,189.886,0.55,0.56,0.44,0.45,0.01,0.01,78383.89,1777244287000
1777244290.448,190.448,0.55,0.56,0.44,0.45,0.01,0.01,78383.19,1777244289000
1777244291.157,191.157,0.55,0.56,0.44,0.45,0.01,0.01,78384.08,1777244290000
1777244291.732,191.732,0.55,0.56,0.44,0.45,0.01,0.01,78384.08,1777244290000
1777244292.164,192.164,0.55,0.56,0.44,0.45,0.01,0.01,78384.08,1777244290000
1777244292.587,192.587,0.55,0.56,0.44,0.45,0.01,0.01,78384.08,1777244290000
1777244293.135,193.135,0.55,0.56,0.44,0.45,0.01,0.01,78384.33,1777244292000
1777244293.583,193.583,0.54,0.55,0.44,0.46,0.01,0.02,78384.33,1777244292000
1777244294.187,194.187,0.54,0.55,0.45,0.46,0.01,0.01,78384.33,1777244292000
1777244294.596,194.596,0.54,0.55,0.45,0.46,0.01,0.01,78384.29,1777244293000
1777244295.078,195.078,0.54,0.55,0.45,0.46,0.01,0.01,78384.29,1777244293000
1777244295.854,195.854,0.53,0.54,0.46,0.47,0.01,0.01,78384.22,1777244294000
1777244296.438,196.438,0.53,0.54,0.46,0.47,0.01,0.01,78384.22,1777244294000
1777244297.147,197.147,0.52,0.54,0.46,0.47,0.02,0.01,78383.46,1777244295000
1777244297.958,197.958,0.53,0.54,0.46,0.48,0.01,0.02,78384.35,1777244296000
1777244298.42,198.42,0.53,0.54,0.46,0.47,0.01,0.01,78384.35,1777244297000
1777244299.424,199.424,0.53,0.54,0.46,0.47,0.01,0.01,78384.37,1777244298000
1777244300.016,200.016,0.53,0.54,0.46,0.47,0.01,0.01,78384.37,1777244298000
1777244300.355,200.355,0.56,0.57,0.43,0.45,0.01,0.02,78384.38,1777244299000
1777244300.714,200.714,0.56,0.57,0.43,0.44,0.01,0.01,78384.38,1777244299000
1777244301.158,201.158,0.56,0.57,0.43,0.44,0.01,0.01,78384.38,1777244299000
1777244301.585,201.585,0.56,0.57,0.43,0.44,0.01,0.01,78384.39,1777244300000
1777244302.044,202.044,0.56,0.57,0.43,0.44,0.01,0.01,78384.39,1777244300000
1777244302.654,202.654,0.57,0.58,0.42,0.43,0.01,0.01,78384.39,1777244301000
1777244303.133,203.133,0.57,0.58,0.42,0.43,0.01,0.01,78384.39,1777244301000
1777244303.549,203.549,0.57,0.58,0.42,0.43,0.01,0.01,78385.13,1777244302000
1777244303.901,203.901,0.57,0.58,0.42,0.43,0.01,0.01,78385.13,1777244302000
1777244304.281,204.281,0.57,0.58,0.42,0.43,0.01,0.01,78385.55,1777244303000
1777244304.631,204.631,0.57,0.58,0.42,0.43,0.01,0.01,78385.55,1777244303000
1777244305.5,205.5,0.57,0.58,0.42,0.43,0.01,0.01,78385.55,1777244304000
1777244306.189,206.189,0.57,0.58,0.42,0.43,0.01,0.01,78385.55,1777244304000
1777244306.531,206.531,0.57,0.58,0.42,0.43,0.01,0.01,78385.55,1777244305000
1777244307.035,207.035,0.57,0.58,0.42,0.43,0.01,0.01,78385.55,1777244305000
1777244307.544,207.544,0.57,0.58,0.42,0.43,0.01,0.01,78385.9,1777244306000
1777244308.191,208.191,0.57,0.58,0.42,0.43,0.01,0.01,78385.9,1777244306000
1777244309.366,209.366,0.57,0.58,0.42,0.43,0.01,0.01,78385.9,1777244307000
1777244309.936,209.936,0.57,0.58,0.42,0.43,0.01,0.01,78385.9,1777244308000
1777244310.425,210.425,0.57,0.58,0.42,0.43,0.01,0.01,78384.57,1777244309000
1777244311.14,211.14,0.57,0.58,0.42,0.43,0.01,0.01,78384.57,1777244309000
1777244311.954,211.954,0.57,0.58,0.42,0.43,0.01,0.01,78385.91,1777244310000
1777244312.369,212.369,0.57,0.58,0.42,0.43,0.01,0.01,78385.93,1777244311000
1777244312.945,212.945,0.58,0.59,0.41,0.42,0.01,0.01,78385.93,1777244312000
1777244313.384,213.384,0.58,0.59,0.41,0.42,0.01,0.01,78385.93,1777244312000
1777244314.044,214.044,0.58,0.59,0.41,0.42,0.01,0.01,78385.93,1777244312000
1777244314.498,214.498,0.58,0.59,0.41,0.42,0.01,0.01,78385.93,1777244313000
1777244315.427,215.427,0.58,0.59,0.41,0.42,0.01,0.01,78385.95,1777244314000
1777244315.858,215.858,0.58,0.59,0.41,0.42,0.01,0.01,78385.95,1777244314000
1777244316.493,216.493,0.58,0.59,0.41,0.42,0.01,0.01,78385.95,1777244315000
1777244316.875,216.875,0.58,0.59,0.41,0.42,0.01,0.01,78385.95,1777244315000
1777244317.27,217.27,0.56,0.58,0.42,0.43,0.02,0.01,78385.93,1777244316000
1777244317.604,217.604,0.56,0.57,0.42,0.44,0.01,0.02,78385.93,1777244316000
1777244318.406,218.406,0.56,0.57,0.43,0.44,0.01,0.01,78385.7,1777244317000
1777244318.941,218.941,0.55,0.56,0.43,0.44,0.01,0.01,78385.7,1777244317000
1777244319.566,219.566,0.55,0.56,0.44,0.45,0.01,0.01,78385.7,1777244318000
1777244320.27,220.27,0.55,0.56,0.44,0.45,0.01,0.01,78385.39,1777244319000
1777244321.146,221.146,0.55,0.56,0.44,0.45,0.01,0.01,78385.39,1777244319000
1777244321.533,221.533,0.55,0.56,0.44,0.45,0.01,0.01,78385.23,1777244320000
1777244321.882,221.882,0.55,0.56,0.44,0.45,0.01,0.01,78385.23,1777244320000
1777244322.638,222.638,0.55,0.56,0.44,0.45,0.01,0.01,78385.3,1777244321000
1777244323.325,223.325,0.55,0.56,0.44,0.45,0.01,0.01,78385.3,1777244322000
1777244324.019,224.019,0.55,0.56,0.44,0.45,0.01,0.01,78385.24,1777244323000
1777244325.21,225.21,0.55,0.56,0.44,0.45,0.01,0.01,78384.96,1777244324000
1777244325.64,225.64,0.55,0.56,0.44,0.45,0.01,0.01,78384.96,1777244324000
1777244326.01,226.01,0.55,0.56,0.44,0.45,0.01,0.01,78384.96,1777244324000
1777244326.495,226.495,0.55,0.56,0.44,0.45,0.01,0.01,78385.23,1777244325000
1777244327.081,227.081,0.55,0.56,0.44,0.45,0.01,0.01,78385.16,1777244326000
1777244327.903,227.903,0.55,0.56,0.44,0.45,0.01,0.01,78385.16,1777244327000
1777244328.414,228.414,0.55,0.56,0.44,0.45,0.01,0.01,78385.16,1777244327000
1777244328.76,228.76,0.55,0.56,0.44,0.45,0.01,0.01,78385.16,1777244327000
1777244329.232,229.232,0.55,0.56,0.44,0.45,0.01,0.01,78385.58,1777244328000
1777244330.113,230.113,0.55,0.56,0.44,0.45,0.01,0.01,78385.58,1777244328000
1777244330.518,230.518,0.55,0.56,0.44,0.45,0.01,0.01,78384.67,1777244329000
1777244330.886,230.886,0.54,0.55,0.45,0.46,0.01,0.01,78384.67,1777244329000
1777244331.269,231.269,0.54,0.55,0.45,0.46,0.01,0.01,78384.67,1777244329000
1777244331.621,231.621,0.54,0.55,0.45,0.46,0.01,0.01,78384.67,1777244330000
1777244332.274,232.274,0.54,0.55,0.45,0.46,0.01,0.01,78384.67,1777244331000
1777244332.77,232.77,0.54,0.55,0.45,0.46,0.01,0.01,78384.67,1777244331000
1777244333.327,233.327,0.54,0.55,0.45,0.46,0.01,0.01,78384.86,1777244332000
1777244333.716,233.716,0.53,0.54,0.46,0.47,0.01,0.01,78384.86,1777244332000
1777244334.356,234.356,0.54,0.55,0.45,0.46,0.01,0.01,78384.86,1777244333000
1777244334.703,234.703,0.54,0.55,0.45,0.46,0.01,0.01,78384.86,1777244333000
1777244335.052,235.052,0.54,0.55,0.45,0.46,0.01,0.01,78384.86,1777244333000
1777244335.402,235.402,0.54,0.55,0.45,0.46,0.01,0.01,78384.67,1777244334000
1777244335.742,235.742,0.54,0.55,0.45,0.46,0.01,0.01,78384.67,1777244334000
1777244336.137,236.137,0.54,0.55,0.45,0.46,0.01,0.01,78384.67,1777244334000
1777244336.58,236.58,0.54,0.55,0.45,0.46,0.01,0.01,78385.27,1777244335000
1777244336.923,236.923,0.54,0.55,0.45,0.46,0.01,0.01,78385.27,1777244335000
1777244337.398,237.398,0.54,0.55,0.45,0.46,0.01,0.01,78385.45,1777244336000
1777244337.761,237.761,0.53,0.54,0.46,0.47,0.01,0.01,78385.45,1777244336000
1777244338.309,238.309,0.53,0.54,0.46,0.47,0.01,0.01,78385.73,1777244337000
1777244339.104,239.104,0.54,0.55,0.45,0.46,0.01,0.01,78385.73,1777244337000
1777244339.501,239.501,0.54,0.55,0.45,0.46,0.01,0.01,78385.73,1777244337000
1777244339.877,239.877,0.54,0.55,0.45,0.46,0.01,0.01,78384.37,1777244338000
1777244340.413,240.413,0.54,0.55,0.45,0.46,0.01,0.01,78384.37,1777244339000
1777244340.819,240.819,0.54,0.55,0.45,0.46,0.01,0.01,78384.37,1777244339000
1777244341.319,241.319,0.54,0.55,0.45,0.46,0.01,0.01,78384.43,1777244340000
1777244341.664,241.664,0.54,0.55,0.45,0.46,0.01,0.01,78384.43,1777244340000
1777244342.043,242.043,0.53,0.54,0.46,0.47,0.01,0.01,78384.43,1777244340000
1777244342.394,242.394,0.54,0.55,0.45,0.47,0.01,0.02,78384.23,1777244341000
1777244342.731,242.731,0.54,0.55,0.45,0.46,0.01,0.01,78384.23,1777244341000
1777244343.095,243.095,0.54,0.55,0.45,0.46,0.01,0.01,78384.39,1777244342000
1777244343.432,243.432,0.54,0.55,0.45,0.46,0.01,0.01,78384.39,1777244342000
1777244343.81,243.81,0.54,0.55,0.45,0.46,0.01,0.01,78384.39,1777244342000
1777244344.21,244.21,0.54,0.55,0.45,0.46,0.01,0.01,78384.44,1777244343000
1777244344.652,244.652,0.54,0.55,0.45,0.46,0.01,0.01,78384.44,1777244343000
1777244345.291,245.291,0.54,0.55,0.45,0.46,0.01,0.01,78384.44,1777244344000
1777244345.626,245.626,0.54,0.55,0.45,0.46,0.01,0.01,78384.44,1777244344000
1777244346.231,246.231,0.54,0.55,0.45,0.46,0.01,0.01,78384.42,1777244345000
1777244347.035,247.035,0.54,0.55,0.45,0.46,0.01,0.01,78384.42,1777244345000
1777244347.499,247.499,0.54,0.55,0.45,0.46,0.01,0.01,78384.3,1777244346000
1777244348.045,248.045,0.54,0.55,0.45,0.46,0.01,0.01,78384.29,1777244347000
1777244348.394,248.394,0.54,0.55,0.45,0.46,0.01,0.01,78384.29,1777244347000
1777244348.858,248.858,0.54,0.55,0.45,0.46,0.01,0.01,78384.29,1777244347000
1777244349.532,249.532,0.54,0.55,0.45,0.46,0.01,0.01,78384.31,1777244348000
1777244349.87,249.87,0.53,0.54,0.46,0.47,0.01,0.01,78384.31,1777244348000
1777244350.237,250.237,0.54,0.55,0.45,0.47,0.01,0.02,78384.31,1777244349000
1777244350.67,250.67,0.54,0.55,0.45,0.46,0.01,0.01,78384.31,1777244349000
1777244351.099,251.099,0.54,0.55,0.45,0.46,0.01,0.01,78384.31,1777244349000
1777244351.434,251.434,0.54,0.55,0.45,0.46,0.01,0.01,78384.34,1777244350000
1777244351.779,251.779,0.36,0.38,0.62,0.64,0.02,0.02,78384.34,1777244350000
1777244352.13,252.13,0.27,0.28,0.71,0.73,0.01,0.02,78384.34,1777244350000
1777244352.511,252.511,0.26,0.27,0.73,0.74,0.01,0.01,78384.34,1777244351000
1777244352.892,252.892,0.3,0.31,0.69,0.71,0.01,0.02,78384.34,1777244351000
1777244353.23,253.23,0.31,0.32,0.68,0.69,0.01,0.01,78384.34,1777244351000
1777244353.568,253.568,0.31,0.36,0.64,0.69,0.05,0.05,78384.34,1777244351000
1777244353.915,253.915,0.34,0.35,0.65,0.66,0.01,0.01,78376.67,1777244352000
1777244354.315,254.315,0.34,0.35,0.65,0.66,0.01,0.01,78376.67,1777244352000
1777244354.887,254.887,0.33,0.34,0.65,0.67,0.01,0.02,78371.41,1777244353000
1777244355.305,255.305,0.33,0.34,0.66,0.67,0.01,0.01,78372.05,1777244354000
1777244355.678,255.678,0.33,0.34,0.66,0.67,0.01,0.01,78372.05,1777244354000
1777244356.03,256.03,0.33,0.34,0.66,0.67,0.01,0.01,78372.05,1777244354000
1777244356.41,256.41,0.33,0.34,0.66,0.67,0.01,0.01,78374.62,1777244355000
1777244356.878,256.878,0.32,0.33,0.67,0.68,0.01,0.01,78374.62,1777244355000
1777244357.409,257.409,0.31,0.32,0.68,0.69,0.01,0.01,78373.69,1777244356000
1777244358.086,258.086,0.29,0.3,0.69,0.7,0.01,0.01,78373.69,1777244356000
1777244358.452,258.452,0.28,0.29,0.71,0.72,0.01,0.01,78372.44,1777244357000
1777244358.807,258.807,0.28,0.29,0.71,0.72,0.01,0.01,78372.44,1777244357000
1777244359.249,259.249,0.29,0.3,0.7,0.72,0.01,0.02,78372.36,1777244358000
1777244359.978,259.978,0.29,0.3,0.7,0.71,0.01,0.01,78372.36,1777244358000
1777244360.311,260.311,0.29,0.3,0.7,0.71,0.01,0.01,78371.93,1777244359000
1777244360.661,260.661,0.29,0.3,0.7,0.71,0.01,0.01,78371.93,1777244359000
1777244361.051,261.051,0.27,0.28,0.72,0.73,0.01,0.01,78371.93,1777244360000
1777244361.428,261.428,0.25,0.28,0.72,0.73,0.03,0.01,78371.93,1777244360000
1777244361.809,261.809,0.25,0.26,0.74,0.75,0.01,0.01,78371.93,1777244360000
1777244362.206,262.206,0.24,0.25,0.75,0.76,0.01,0.01,78371.84,1777244361000
1777244362.542,262.542,0.24,0.25,0.75,0.76,0.01,0.01,78371.84,1777244361000
1777244362.888,262.888,0.24,0.25,0.75,0.76,0.01,0.01,78371.86,1777244362000
1777244363.221,263.221,0.24,0.25,0.75,0.76,0.01,0.01,78371.86,1777244362000
1777244363.578,263.578,0.24,0.25,0.75,0.76,0.01,0.01,78371.86,1777244362000
1777244364.005,264.005,0.24,0.25,0.75,0.76,0.01,0.01,78371.84,1777244363000
1777244364.39,264.39,0.2,0.21,0.79,0.8,0.01,0.01,78371.84,1777244363000
1777244364.727,264.727,0.2,0.21,0.79,0.8,0.01,0.01,78371.84,1777244363000
1777244365.067,265.067,0.19,0.2,0.8,0.81,0.01,0.01,78371.84,1777244363000
1777244365.421,265.421,0.19,0.2,0.8,0.81,0.01,0.01,78371.84,1777244363000
1777244365.77,265.77,0.18,0.19,0.81,0.82,0.01,0.01,78371.72,1777244364000
1777244366.113,266.113,0.18,0.19,0.81,0.82,0.01,0.01,78371.72,1777244364000
1777244366.46,266.46,0.18,0.19,0.81,0.82,0.01,0.01,78371.1,1777244365000
1777244366.797,266.797,0.1,0.13,0.86,0.9,0.03,0.04,78371.1,1777244365000
1777244367.138,267.138,0.09,0.1,0.9,0.91,0.01,0.01,78369.05,1777244366000
1777244367.509,267.509,0.09,0.1,0.9,0.91,0.01,0.01,78369.05,1777244366000
1777244367.872,267.872,0.09,0.1,0.9,0.91,0.01,0.01,78369.05,1777244366000
1777244368.206,268.206,0.08,0.09,0.91,0.92,0.01,0.01,78367.99,1777244367000
1777244368.575,268.575,0.08,0.09,0.91,0.92,0.01,0.01,78367.99,1777244367000
1777244368.923,268.923,0.08,0.09,0.91,0.92,0.01,0.01,78367.99,1777244367000
1777244369.282,269.282,0.07,0.08,0.91,0.93,0.01,0.02,78360.57,1777244368000
1777244369.723,269.723,0.07,0.08,0.92,0.93,0.01,0.01,78360.57,1777244368000
1777244370.066,270.066,0.07,0.08,0.92,0.93,0.01,0.01,78360.57,1777244368000
1777244370.407,270.407,0.07,0.09,0.91,0.93,0.02,0.02,78355.76,1777244369000
1777244370.862,270.862,0.08,0.09,0.91,0.92,0.01,0.01,78355.76,1777244369000
1777244371.197,271.197,0.08,0.09,0.91,0.93,0.01,0.02,78355.76,1777244369000
1777244371.537,271.537,0.06,0.07,0.92,0.94,0.01,0.02,78354.12,1777244370000
1777244371.89,271.89,0.06,0.07,0.93,0.94,0.01,0.01,78354.12,1777244370000
1777244372.238,272.238,0.08,0.09,0.94,0.95,0.01,0.01,78354.12,1777244371000
1777244372.576,272.576,0.2,0.24,0.76,0.81,0.04,0.05,78354.12,1777244371000
1777244372.948,272.948,0.31,0.32,0.68,0.69,0.01,0.01,78354.12,1777244371000
1777244373.283,273.283,0.34,0.35,0.65,0.66,0.01,0.01,78354.12,1777244372000
1777244373.627,273.627,0.27,0.28,0.71,0.73,0.01,0.02,78354.12,1777244372000
1777244374.018,274.018,0.14,0.15,0.84,0.86,0.01,0.02,78354.12,1777244372000
1777244374.41,274.41,0.13,0.14,0.86,0.87,0.01,0.01,78366.55,1777244373000
1777244374.822,274.822,0.12,0.13,0.87,0.88,0.01,0.01,78366.55,1777244373000
1777244375.175,275.175,0.09,0.1,0.9,0.91,0.01,0.01,78366.55,1777244374000
1777244375.51,275.51,0.09,0.1,0.9,0.91,0.01,0.01,78366.55,1777244374000
1777244375.877,275.877,0.09,0.1,0.9,0.91,0.01,0.01,78366.55,1777244374000
1777244376.265,276.265,0.1,0.11,0.89,0.9,0.01,0.01,78363.7,1777244375000
1777244376.639,276.639,0.1,0.11,0.89,0.9,0.01,0.01,78363.7,1777244375000
1777244377.009,277.009,0.08,0.1,0.9,0.91,0.02,0.01,78363.7,1777244375000
1777244377.351,277.351,0.08,0.09,0.91,0.92,0.01,0.01,78363.7,1777244375000
1777244377.696,277.696,0.08,0.09,0.91,0.92,0.01,0.01,78360.82,1777244376000
1777244378.094,278.094,0.07,0.09,0.91,0.93,0.02,0.02,78360.82,1777244377000
1777244378.648,278.648,0.07,0.08,0.92,0.93,0.01,0.01,78360.82,1777244377000
1777244379.041,279.041,0.07,0.08,0.92,0.93,0.01,0.01,78360.82,1777244377000
1777244379.38,279.38,0.07,0.08,0.92,0.93,0.01,0.01,78359.61,1777244378000
1777244379.83,279.83,0.07,0.08,0.92,0.93,0.01,0.01,78359.61,1777244378000
1777244380.264,280.264,0.07,0.08,0.92,0.93,0.01,0.01,78360.83,1777244379000
1777244380.656,280.656,0.07,0.08,0.91,0.93,0.01,0.02,78360.83,1777244379000
1777244381.024,281.024,0.06,0.07,0.92,0.94,0.01,0.02,78360.83,1777244379000
1777244381.38,281.38,0.06,0.07,0.93,0.94,0.01,0.01,78361.55,1777244380000
1777244381.795,281.795,0.05,0.06,0.94,0.95,0.01,0.01,78361.55,1777244380000
1777244382.187,282.187,0.05,0.06,0.94,0.95,0.01,0.01,78361.88,1777244381000
1777244382.544,282.544,0.05,0.06,0.94,0.95,0.01,0.01,78361.88,1777244381000
1777244383.193,283.193,0.05,0.06,0.94,0.95,0.01,0.01,78362.21,1777244382000
1777244383.578,283.578,0.06,0.07,0.92,0.95,0.01,0.03,78362.21,1777244382000
1777244383.92,283.92,0.05,0.06,0.94,0.95,0.01,0.01,78362.21,1777244382000
1777244384.302,284.302,0.05,0.06,0.94,0.95,0.01,0.01,78362.1,1777244383000
1777244384.638,284.638,0.02,0.06,0.94,0.95,0.04,0.01,78362.1,1777244383000
1777244384.987,284.987,0.03,0.04,0.94,0.98,0.01,0.04,78362.1,1777244383000
1777244385.323,285.323,0.02,0.04,0.96,0.98,0.02,0.02,78362.1,1777244383000
1777244385.662,285.662,0.02,0.03,0.97,0.98,0.01,0.01,78360.98,1777244384000
1777244386.002,286.002,0.02,0.03,0.97,0.98,0.01,0.01,78360.98,1777244384000
1777244386.38,286.38,0.02,0.03,0.97,0.98,0.01,0.01,78360.37,1777244385000
1777244386.892,286.892,0.02,0.03,0.97,0.98,0.01,0.01,78360.37,1777244385000
1777244387.248,287.248,0.04,0.05,0.95,0.96,0.01,0.01,78360.37,1777244385000
1777244387.613,287.613,0.02,0.05,0.95,0.96,0.03,0.01,78355.36,1777244386000
1777244387.95,287.95,0.04,0.05,0.95,0.96,0.01,0.01,78355.36,1777244386000
1777244388.299,288.299,0.01,0.04,0.95,0.98,0.03,0.03,78354.56,1777244387000
1777244388.723,288.723,0.01,0.03,0.97,0.98,0.02,0.01,78354.56,1777244387000
1777244389.099,289.099,0.01,0.03,0.98,0.99,0.02,0.01,78354.56,1777244387000
1777244389.446,289.446,0.03,0.04,0.93,0.99,0.01,0.06,78354.41,1777244388000
1777244389.804,289.804,0.01,0.02,0.98,0.99,0.01,0.01,78354.41,1777244388000
1777244390.271,290.271,0.01,0.02,0.98,0.99,0.01,0.01,78353.65,1777244389000
1777244390.608,290.608,0.02,0.03,0.97,0.98,0.01,0.01,78353.65,1777244389000
1777244391.008,291.008,0.01,0.02,0.98,0.99,0.01,0.01,78353.65,1777244389000
1777244391.386,291.386,0.01,0.02,0.98,0.99,0.01,0.01,78352.13,1777244390000
1777244392.059,292.059,0.01,0.01,0.98,0.99,0.0,0.01,78352.13,1777244390000
1777244392.397,292.397,0.01,0.01,0.99,0.99,0.0,0.0,78346.43,1777244391000
1777244393.203,293.203,0.01,0.01,0.99,0.99,0.0,0.0,78346.43,1777244391000
1777244393.54,293.54,0.01,0.01,0.99,0.99,0.0,0.0,78346.31,1777244392000
1777244394.174,294.174,0.01,0.01,0.99,0.99,0.0,0.0,78346.32,1777244393000
1777244394.757,294.757,0.01,0.01,0.99,0.99,0.0,0.0,78346.32,1777244393000
1777244395.315,295.315,0.01,0.01,0.99,0.99,0.0,0.0,78346.23,1777244394000
1777244395.814,295.814,0.01,0.01,0.99,0.99,0.0,0.0,78346.23,1777244394000
1777244396.186,296.186,0.01,0.01,0.99,0.99,0.0,0.0,78345.99,1777244395000
1777244396.867,296.867,0.01,0.01,0.99,0.99,0.0,0.0,78345.99,1777244395000
1777244397.232,297.232,0.01,0.01,0.99,0.99,0.0,0.0,78345.99,1777244395000
1777244397.589,297.589,0.01,0.01,0.99,0.99,0.0,0.0,78340.62,1777244396000
1777244398.388,298.388,0.01,0.01,0.99,0.99,0.0,0.0,78339.97,1777244397000
1777244398.9,298.9,0.01,0.01,0.99,0.99,0.0,0.0,78338.45,1777244398000
1777244399.542,299.542,0.01,0.01,0.99,0.99,0.0,0.0,78338.45,1777244398000
1777244399.89,299.89,0.01,0.01,0.99,0.99,0.0,0.0,78338.45,1777244399000
1777244400.451,300.451,0.01,0.01,0.99,0.99,0.0,0.0,78338.45,1777244399000

# RESULT,winner=Down,slug=btc-updown-5m-1777244100,ticks=642
