timestamp,elapsed_sec,up_bid,up_ask,down_bid,down_ask,up_spread,down_spread,btc_price,btc_oracle_ts
1777308000.56,0.56,0.49,0.5,0.48,0.5,0.01,0.02,76714.6,1777307999000
1777308000.967,0.967,0.5,0.51,0.49,0.5,0.01,0.01,76714.6,1777307999000
1777308001.337,1.337,0.47,0.48,0.5,0.53,0.01,0.03,76713.33,1777308000000
1777308001.757,1.757,0.47,0.48,0.52,0.53,0.01,0.01,76713.33,1777308000000
1777308002.177,2.177,0.47,0.48,0.52,0.53,0.01,0.01,76708.51,1777308001000
1777308002.767,2.767,0.46,0.47,0.53,0.54,0.01,0.01,76708.51,1777308001000
1777308003.152,3.152,0.46,0.47,0.53,0.54,0.01,0.01,76698.38,1777308002000
1777308003.509,3.509,0.41,0.43,0.57,0.59,0.02,0.02,76698.38,1777308002000
1777308003.844,3.844,0.38,0.39,0.59,0.62,0.01,0.03,76698.38,1777308002000
1777308004.181,4.181,0.37,0.38,0.62,0.63,0.01,0.01,76698.38,1777308002000
1777308004.628,4.628,0.36,0.37,0.62,0.64,0.01,0.02,76696.79,1777308003000
1777308005.003,5.003,0.35,0.36,0.63,0.64,0.01,0.01,76696.79,1777308003000
1777308005.414,5.414,0.35,0.36,0.64,0.65,0.01,0.01,76690.85,1777308004000
1777308005.749,5.749,0.35,0.36,0.64,0.65,0.01,0.01,76690.85,1777308004000
1777308006.235,6.235,0.34,0.36,0.64,0.65,0.02,0.01,76690.85,1777308004000
1777308006.677,6.677,0.34,0.35,0.65,0.66,0.01,0.01,76682.22,1777308005000
1777308007.021,7.021,0.3,0.31,0.67,0.7,0.01,0.03,76681.33,1777308006000
1777308007.418,7.418,0.3,0.31,0.69,0.7,0.01,0.01,76681.33,1777308006000
1777308008.03,8.03,0.3,0.31,0.69,0.7,0.01,0.01,76678.91,1777308007000
1777308008.365,8.365,0.3,0.31,0.69,0.7,0.01,0.01,76678.91,1777308007000
1777308008.935,8.935,0.3,0.31,0.69,0.7,0.01,0.01,76678.91,1777308007000
1777308009.404,9.404,0.3,0.31,0.69,0.7,0.01,0.01,76676.4,1777308008000
1777308009.797,9.797,0.3,0.31,0.69,0.7,0.01,0.01,76676.4,1777308008000
1777308010.205,10.205,0.3,0.31,0.69,0.7,0.01,0.01,76676.4,1777308008000
1777308010.544,10.544,0.29,0.3,0.7,0.71,0.01,0.01,76672.55,1777308009000
1777308010.921,10.921,0.29,0.3,0.7,0.71,0.01,0.01,76672.55,1777308009000
1777308011.276,11.276,0.29,0.3,0.7,0.71,0.01,0.01,76672.55,1777308009000
1777308011.798,11.798,0.29,0.3,0.7,0.71,0.01,0.01,76671.26,1777308010000
1777308012.346,12.346,0.29,0.3,0.7,0.71,0.01,0.01,76671.26,1777308010000
1777308012.86,12.86,0.29,0.3,0.7,0.71,0.01,0.01,76669.31,1777308011000
1777308013.211,13.211,0.29,0.3,0.7,0.71,0.01,0.01,76669.79,1777308012000
1777308013.584,13.584,0.29,0.3,0.7,0.71,0.01,0.01,76669.79,1777308012000
1777308013.988,13.988,0.29,0.3,0.7,0.71,0.01,0.01,76669.79,1777308013000
1777308014.766,14.766,0.29,0.3,0.7,0.71,0.01,0.01,76669.79,1777308013000
1777308015.102,15.102,0.25,0.26,0.74,0.75,0.01,0.01,76669.18,1777308014000
1777308015.484,15.484,0.25,0.26,0.74,0.75,0.01,0.01,76669.18,1777308014000
1777308015.826,15.826,0.25,0.26,0.74,0.75,0.01,0.01,76669.18,1777308014000
1777308016.18,16.18,0.25,0.26,0.74,0.75,0.01,0.01,76668.1,1777308015000
1777308016.562,16.562,0.25,0.26,0.74,0.75,0.01,0.01,76668.1,1777308015000
1777308016.994,16.994,0.25,0.26,0.74,0.75,0.01,0.01,76668.1,1777308015000
1777308017.346,17.346,0.25,0.26,0.74,0.75,0.01,0.01,76662.89,1777308016000
1777308017.743,17.743,0.24,0.25,0.75,0.76,0.01,0.01,76662.89,1777308016000
1777308018.191,18.191,0.24,0.25,0.75,0.76,0.01,0.01,76662.89,1777308016000
1777308018.685,18.685,0.24,0.25,0.75,0.76,0.01,0.01,76659.81,1777308017000
1777308019.174,19.174,0.24,0.25,0.75,0.76,0.01,0.01,76659.81,1777308017000
1777308019.601,19.601,0.24,0.25,0.75,0.76,0.01,0.01,76659.81,1777308017000
1777308019.977,19.977,0.24,0.25,0.75,0.76,0.01,0.01,76660.12,1777308018000
1777308020.418,20.418,0.24,0.25,0.75,0.76,0.01,0.01,76660.12,1777308018000
1777308020.831,20.831,0.23,0.24,0.75,0.77,0.01,0.02,76660.12,1777308019000
1777308021.722,21.722,0.24,0.25,0.75,0.76,0.01,0.01,76656.85,1777308020000
1777308022.205,22.205,0.24,0.25,0.75,0.76,0.01,0.01,76656.85,1777308020000
1777308023.056,23.056,0.24,0.25,0.75,0.76,0.01,0.01,76656.27,1777308021000
1777308023.632,23.632,0.24,0.25,0.75,0.76,0.01,0.01,76656.27,1777308021000
1777308023.965,23.965,0.23,0.24,0.76,0.77,0.01,0.01,76656.27,1777308021000
1777308024.347,24.347,0.23,0.24,0.76,0.77,0.01,0.01,76656.27,1777308022000
1777308024.898,24.898,0.23,0.24,0.76,0.77,0.01,0.01,76656.84,1777308023000
1777308025.258,25.258,0.22,0.23,0.77,0.78,0.01,0.01,76656.84,1777308023000
1777308025.593,25.593,0.2,0.21,0.77,0.8,0.01,0.03,76656.84,1777308023000
1777308026.283,26.283,0.2,0.21,0.79,0.8,0.01,0.01,76656.03,1777308024000
1777308026.642,26.642,0.19,0.2,0.8,0.81,0.01,0.01,76656.03,1777308024000
1777308027.033,27.033,0.18,0.2,0.8,0.81,0.02,0.01,76655.16,1777308025000
1777308027.499,27.499,0.17,0.18,0.81,0.83,0.01,0.02,76655.16,1777308025000
1777308027.844,27.844,0.17,0.18,0.82,0.83,0.01,0.01,76655.16,1777308025000
1777308028.239,28.239,0.17,0.18,0.82,0.83,0.01,0.01,76646.61,1777308026000
1777308028.974,28.974,0.18,0.19,0.81,0.83,0.01,0.02,76644.71,1777308027000
1777308029.327,29.327,0.18,0.19,0.81,0.82,0.01,0.01,76644.71,1777308027000
1777308030.053,30.053,0.18,0.19,0.81,0.82,0.01,0.01,76635.73,1777308028000
1777308030.437,30.437,0.18,0.19,0.81,0.82,0.01,0.01,76635.73,1777308028000
1777308030.854,30.854,0.18,0.19,0.81,0.82,0.01,0.01,76635.1,1777308029000
1777308031.222,31.222,0.18,0.19,0.81,0.82,0.01,0.01,76635.1,1777308029000
1777308031.561,31.561,0.18,0.19,0.81,0.82,0.01,0.01,76635.1,1777308029000
1777308031.933,31.933,0.18,0.19,0.81,0.82,0.01,0.01,76635.95,1777308030000
1777308032.338,32.338,0.18,0.19,0.81,0.82,0.01,0.01,76635.95,1777308031000
1777308032.672,32.672,0.18,0.19,0.81,0.82,0.01,0.01,76635.95,1777308031000
1777308033.52,33.52,0.18,0.19,0.81,0.82,0.01,0.01,76635.95,1777308031000
1777308033.869,33.869,0.18,0.19,0.81,0.82,0.01,0.01,76635.7,1777308032000
1777308034.272,34.272,0.18,0.2,0.81,0.82,0.02,0.01,76635.7,1777308032000
1777308034.66,34.66,0.23,0.24,0.76,0.77,0.01,0.01,76633.94,1777308033000
1777308035.037,35.037,0.23,0.24,0.76,0.77,0.01,0.01,76633.94,1777308033000
1777308035.393,35.393,0.23,0.24,0.76,0.77,0.01,0.01,76635.7,1777308034000
1777308035.808,35.808,0.23,0.24,0.76,0.77,0.01,0.01,76635.7,1777308034000
1777308036.169,36.169,0.23,0.24,0.76,0.77,0.01,0.01,76635.7,1777308034000
1777308036.604,36.604,0.23,0.24,0.76,0.77,0.01,0.01,76635.7,1777308034000
1777308037.04,37.04,0.23,0.24,0.76,0.77,0.01,0.01,76644.85,1777308035000
1777308037.409,37.409,0.23,0.24,0.76,0.77,0.01,0.01,76644.85,1777308035000
1777308037.759,37.759,0.23,0.24,0.76,0.77,0.01,0.01,76647.8,1777308036000
1777308038.221,38.221,0.23,0.24,0.76,0.77,0.01,0.01,76647.8,1777308036000
1777308038.625,38.625,0.23,0.24,0.76,0.77,0.01,0.01,76647.8,1777308036000
1777308039.008,39.008,0.23,0.24,0.76,0.77,0.01,0.01,76648.94,1777308037000
1777308039.365,39.365,0.23,0.24,0.76,0.77,0.01,0.01,76648.94,1777308037000
1777308039.927,39.927,0.23,0.24,0.76,0.77,0.01,0.01,76650.98,1777308038000
1777308040.28,40.28,0.23,0.24,0.76,0.77,0.01,0.01,76650.63,1777308039000
1777308040.629,40.629,0.23,0.24,0.76,0.77,0.01,0.01,76650.63,1777308039000
1777308041.231,41.231,0.23,0.24,0.76,0.77,0.01,0.01,76650.63,1777308039000
1777308041.658,41.658,0.23,0.24,0.76,0.77,0.01,0.01,76650.63,1777308039000
1777308042.09,42.09,0.23,0.24,0.76,0.77,0.01,0.01,76649.09,1777308040000
1777308042.448,42.448,0.22,0.23,0.76,0.78,0.01,0.02,76649.09,1777308040000
1777308042.894,42.894,0.2,0.21,0.79,0.8,0.01,0.01,76649.12,1777308041000
1777308043.269,43.269,0.2,0.21,0.79,0.8,0.01,0.01,76650.5,1777308042000
1777308043.871,43.871,0.2,0.21,0.79,0.8,0.01,0.01,76650.5,1777308042000
1777308044.345,44.345,0.23,0.24,0.76,0.77,0.01,0.01,76650.5,1777308042000
1777308044.681,44.681,0.22,0.23,0.77,0.78,0.01,0.01,76645.81,1777308043000
1777308045.109,45.109,0.22,0.23,0.77,0.78,0.01,0.01,76645.81,1777308043000
1777308045.443,45.443,0.2,0.21,0.78,0.79,0.01,0.01,76646.19,1777308044000
1777308045.851,45.851,0.19,0.2,0.79,0.81,0.01,0.02,76646.19,1777308044000
1777308046.264,46.264,0.19,0.2,0.8,0.81,0.01,0.01,76646.26,1777308045000
1777308046.655,46.655,0.17,0.19,0.8,0.82,0.02,0.02,76646.26,1777308045000
1777308046.993,46.993,0.16,0.17,0.81,0.84,0.01,0.03,76646.26,1777308045000
1777308047.334,47.334,0.16,0.17,0.83,0.84,0.01,0.01,76646.26,1777308045000
1777308047.904,47.904,0.16,0.17,0.83,0.84,0.01,0.01,76643.79,1777308046000
1777308048.275,48.275,0.16,0.17,0.83,0.84,0.01,0.01,76643.79,1777308046000
1777308048.632,48.632,0.16,0.17,0.83,0.84,0.01,0.01,76641.85,1777308047000
1777308049.197,49.197,0.16,0.17,0.83,0.84,0.01,0.01,76641.85,1777308047000
1777308049.581,49.581,0.16,0.17,0.83,0.84,0.01,0.01,76638.98,1777308048000
1777308050.013,50.013,0.16,0.17,0.83,0.84,0.01,0.01,76638.98,1777308048000
1777308050.422,50.422,0.16,0.17,0.83,0.84,0.01,0.01,76638.98,1777308048000
1777308050.796,50.796,0.16,0.17,0.83,0.84,0.01,0.01,76638.98,1777308048000
1777308051.134,51.134,0.17,0.18,0.82,0.83,0.01,0.01,76635.71,1777308049000
1777308051.597,51.597,0.17,0.18,0.82,0.83,0.01,0.01,76635.71,1777308049000
1777308051.969,51.969,0.17,0.18,0.82,0.83,0.01,0.01,76635.71,1777308050000
1777308052.521,52.521,0.17,0.18,0.82,0.83,0.01,0.01,76635.71,1777308050000
1777308053.061,53.061,0.17,0.18,0.82,0.83,0.01,0.01,76635.58,1777308051000
1777308053.416,53.416,0.2,0.21,0.79,0.8,0.01,0.01,76635.58,1777308051000
1777308053.821,53.821,0.22,0.23,0.78,0.79,0.01,0.01,76636.51,1777308052000
1777308054.182,54.182,0.22,0.23,0.77,0.78,0.01,0.01,76636.51,1777308052000
1777308054.528,54.528,0.23,0.24,0.76,0.77,0.01,0.01,76636.95,1777308053000
1777308054.862,54.862,0.23,0.24,0.76,0.77,0.01,0.01,76636.95,1777308053000
1777308055.344,55.344,0.23,0.24,0.76,0.78,0.01,0.02,76636.95,1777308053000
1777308055.869,55.869,0.22,0.23,0.76,0.78,0.01,0.02,76643.37,1777308054000
1777308056.295,56.295,0.23,0.24,0.77,0.78,0.01,0.01,76643.37,1777308054000
1777308056.673,56.673,0.23,0.24,0.76,0.77,0.01,0.01,76650.14,1777308055000
1777308057.039,57.039,0.23,0.24,0.75,0.77,0.01,0.02,76650.14,1777308055000
1777308057.808,57.808,0.23,0.24,0.76,0.77,0.01,0.01,76650.02,1777308056000
1777308058.185,58.185,0.23,0.24,0.76,0.77,0.01,0.01,76650.02,1777308056000
1777308058.872,58.872,0.23,0.24,0.76,0.77,0.01,0.01,76651.75,1777308057000
1777308059.26,59.26,0.23,0.24,0.76,0.77,0.01,0.01,76650.4,1777308058000
1777308059.775,59.775,0.23,0.24,0.76,0.77,0.01,0.01,76650.4,1777308058000
1777308060.267,60.267,0.23,0.24,0.76,0.77,0.01,0.01,76650.4,1777308058000
1777308060.63,60.63,0.23,0.24,0.76,0.77,0.01,0.01,76650.43,1777308059000
1777308061.006,61.006,0.24,0.26,0.74,0.76,0.02,0.02,76650.43,1777308059000
1777308061.402,61.402,0.24,0.25,0.75,0.76,0.01,0.01,76650.43,1777308059000
1777308061.748,61.748,0.23,0.25,0.75,0.77,0.02,0.02,76650.53,1777308060000
1777308062.103,62.103,0.23,0.24,0.76,0.77,0.01,0.01,76650.53,1777308060000
1777308062.436,62.436,0.23,0.24,0.76,0.77,0.01,0.01,76650.53,1777308060000
1777308062.857,62.857,0.23,0.24,0.76,0.77,0.01,0.01,76651.53,1777308061000
1777308063.273,63.273,0.23,0.24,0.76,0.77,0.01,0.01,76651.53,1777308061000
1777308063.636,63.636,0.23,0.24,0.76,0.77,0.01,0.01,76651.98,1777308062000
1777308064.222,64.222,0.23,0.24,0.76,0.77,0.01,0.01,76651.98,1777308062000
1777308064.577,64.577,0.23,0.24,0.76,0.77,0.01,0.01,76652.07,1777308063000
1777308064.963,64.963,0.26,0.27,0.72,0.75,0.01,0.03,76652.07,1777308063000
1777308065.395,65.395,0.26,0.27,0.73,0.74,0.01,0.01,76652.07,1777308063000
1777308065.732,65.732,0.27,0.28,0.72,0.73,0.01,0.01,76652.11,1777308064000
1777308066.145,66.145,0.28,0.29,0.71,0.73,0.01,0.02,76652.11,1777308064000
1777308066.557,66.557,0.28,0.29,0.71,0.72,0.01,0.01,76655.91,1777308065000
1777308066.893,66.893,0.29,0.3,0.7,0.71,0.01,0.01,76655.91,1777308065000
1777308067.228,67.228,0.3,0.31,0.69,0.7,0.01,0.01,76660.37,1777308066000
1777308067.742,67.742,0.31,0.32,0.68,0.7,0.01,0.02,76660.37,1777308066000
1777308068.093,68.093,0.31,0.32,0.68,0.69,0.01,0.01,76660.37,1777308066000
1777308068.679,68.679,0.3,0.31,0.69,0.7,0.01,0.01,76666.86,1777308067000
1777308069.095,69.095,0.3,0.31,0.69,0.7,0.01,0.01,76666.86,1777308067000
1777308069.706,69.706,0.3,0.31,0.69,0.7,0.01,0.01,76672.21,1777308068000
1777308070.172,70.172,0.28,0.3,0.7,0.71,0.02,0.01,76672.21,1777308068000
1777308070.659,70.659,0.28,0.29,0.71,0.72,0.01,0.01,76670.47,1777308069000
1777308071.022,71.022,0.28,0.29,0.71,0.72,0.01,0.01,76670.47,1777308069000
1777308071.496,71.496,0.28,0.29,0.71,0.72,0.01,0.01,76670.04,1777308070000
1777308072.096,72.096,0.28,0.29,0.71,0.72,0.01,0.01,76670.04,1777308070000
1777308072.435,72.435,0.28,0.29,0.69,0.72,0.01,0.03,76670.05,1777308071000
1777308072.966,72.966,0.28,0.29,0.71,0.72,0.01,0.01,76670.05,1777308071000
1777308073.331,73.331,0.28,0.29,0.71,0.72,0.01,0.01,76670.05,1777308071000
1777308073.688,73.688,0.28,0.29,0.71,0.72,0.01,0.01,76667.97,1777308072000
1777308074.038,74.038,0.27,0.28,0.72,0.73,0.01,0.01,76667.97,1777308072000
1777308074.414,74.414,0.27,0.28,0.72,0.73,0.01,0.01,76670.38,1777308073000
1777308074.909,74.909,0.25,0.26,0.73,0.75,0.01,0.02,76670.38,1777308073000
1777308075.262,75.262,0.23,0.24,0.76,0.77,0.01,0.01,76670.97,1777308074000
1777308075.621,75.621,0.22,0.23,0.76,0.78,0.01,0.02,76670.97,1777308074000
1777308075.957,75.957,0.21,0.22,0.78,0.79,0.01,0.01,76670.97,1777308074000
1777308076.449,76.449,0.21,0.22,0.78,0.79,0.01,0.01,76667.69,1777308075000
1777308076.889,76.889,0.21,0.22,0.78,0.79,0.01,0.01,76667.69,1777308075000
1777308077.279,77.279,0.18,0.21,0.79,0.81,0.03,0.02,76659.86,1777308076000
1777308077.627,77.627,0.18,0.19,0.81,0.82,0.01,0.01,76659.86,1777308076000
1777308078.011,78.011,0.18,0.19,0.81,0.82,0.01,0.01,76659.86,1777308076000
1777308078.42,78.42,0.18,0.19,0.81,0.82,0.01,0.01,76659.86,1777308076000
1777308078.952,78.952,0.18,0.19,0.81,0.82,0.01,0.01,76656.38,1777308077000
1777308079.44,79.44,0.18,0.19,0.81,0.82,0.01,0.01,76656.38,1777308077000
1777308079.879,79.879,0.18,0.19,0.81,0.82,0.01,0.01,76651.1,1777308078000
1777308080.223,80.223,0.17,0.19,0.81,0.82,0.02,0.01,76651.1,1777308078000
1777308080.667,80.667,0.17,0.18,0.82,0.83,0.01,0.01,76651.1,1777308079000
1777308081.077,81.077,0.17,0.18,0.82,0.83,0.01,0.01,76651.1,1777308079000
1777308081.458,81.458,0.17,0.18,0.82,0.83,0.01,0.01,76651.08,1777308080000
1777308081.843,81.843,0.17,0.18,0.82,0.83,0.01,0.01,76651.08,1777308080000
1777308082.479,82.479,0.21,0.23,0.77,0.79,0.02,0.02,76649.08,1777308081000
1777308083.011,83.011,0.2,0.21,0.79,0.8,0.01,0.01,76649.08,1777308081000
1777308083.367,83.367,0.2,0.21,0.79,0.8,0.01,0.01,76648.69,1777308082000
1777308083.781,83.781,0.2,0.22,0.79,0.8,0.02,0.01,76648.69,1777308082000
1777308084.191,84.191,0.2,0.21,0.79,0.8,0.01,0.01,76648.69,1777308082000
1777308084.534,84.534,0.19,0.21,0.79,0.81,0.02,0.02,76648.69,1777308083000
1777308084.9,84.9,0.2,0.21,0.79,0.8,0.01,0.01,76648.69,1777308083000
1777308085.34,85.34,0.2,0.21,0.79,0.8,0.01,0.01,76649.84,1777308084000
1777308085.713,85.713,0.2,0.21,0.79,0.8,0.01,0.01,76649.84,1777308084000
1777308086.459,86.459,0.2,0.21,0.79,0.8,0.01,0.01,76649.84,1777308084000
1777308086.843,86.843,0.19,0.21,0.79,0.81,0.02,0.02,76649.9,1777308085000
1777308087.178,87.178,0.18,0.19,0.8,0.82,0.01,0.02,76649.9,1777308085000
1777308087.645,87.645,0.17,0.19,0.81,0.82,0.02,0.01,76649.18,1777308086000
1777308088.063,88.063,0.17,0.18,0.82,0.83,0.01,0.01,76649.18,1777308086000
1777308089.228,89.228,0.17,0.18,0.82,0.83,0.01,0.01,76649.14,1777308087000
1777308089.662,89.662,0.17,0.18,0.82,0.83,0.01,0.01,76647.63,1777308088000
1777308090.321,90.321,0.17,0.18,0.82,0.83,0.01,0.01,76647.63,1777308088000
1777308090.808,90.808,0.16,0.17,0.83,0.84,0.01,0.01,76644.63,1777308089000
1777308091.24,91.24,0.16,0.17,0.83,0.84,0.01,0.01,76644.63,1777308090000
1777308091.585,91.585,0.15,0.16,0.84,0.85,0.01,0.01,76644.63,1777308090000
1777308092.03,92.03,0.16,0.17,0.83,0.84,0.01,0.01,76644.63,1777308090000
1777308092.415,92.415,0.16,0.17,0.83,0.84,0.01,0.01,76644.63,1777308090000
1777308092.773,92.773,0.16,0.17,0.83,0.84,0.01,0.01,76643.65,1777308091000
1777308093.42,93.42,0.14,0.16,0.83,0.84,0.02,0.01,76643.65,1777308091000
1777308093.766,93.766,0.14,0.15,0.85,0.86,0.01,0.01,76640.81,1777308092000
1777308094.213,94.213,0.14,0.15,0.85,0.86,0.01,0.01,76640.81,1777308092000
1777308094.646,94.646,0.14,0.15,0.85,0.86,0.01,0.01,76640.81,1777308092000
1777308095.595,95.595,0.14,0.15,0.85,0.86,0.01,0.01,76636.62,1777308094000
1777308096.003,96.003,0.14,0.15,0.85,0.86,0.01,0.01,76636.62,1777308094000
1777308096.464,96.464,0.14,0.15,0.85,0.86,0.01,0.01,76636.55,1777308095000
1777308097.498,97.498,0.13,0.15,0.85,0.86,0.02,0.01,76636.55,1777308095000
1777308097.863,97.863,0.11,0.12,0.88,0.89,0.01,0.01,76634.06,1777308096000
1777308098.23,98.23,0.1,0.11,0.89,0.9,0.01,0.01,76634.06,1777308096000
1777308098.564,98.564,0.1,0.11,0.89,0.9,0.01,0.01,76634.06,1777308096000
1777308099.247,99.247,0.1,0.11,0.89,0.9,0.01,0.01,76632.29,1777308097000
1777308099.601,99.601,0.1,0.11,0.89,0.9,0.01,0.01,76622.8,1777308098000
1777308099.939,99.939,0.09,0.1,0.9,0.91,0.01,0.01,76622.8,1777308098000
1777308100.55,100.55,0.09,0.1,0.9,0.91,0.01,0.01,76621.99,1777308099000
1777308100.958,100.958,0.09,0.1,0.9,0.91,0.01,0.01,76621.99,1777308099000
1777308101.37,101.37,0.09,0.1,0.9,0.91,0.01,0.01,76621.99,1777308099000
1777308101.711,101.711,0.09,0.1,0.9,0.91,0.01,0.01,76621.99,1777308099000
1777308102.071,102.071,0.09,0.1,0.9,0.91,0.01,0.01,76613.25,1777308100000
1777308102.495,102.495,0.09,0.1,0.9,0.91,0.01,0.01,76610.48,1777308101000
1777308102.855,102.855,0.09,0.1,0.9,0.91,0.01,0.01,76610.48,1777308101000
1777308103.216,103.216,0.08,0.09,0.9,0.91,0.01,0.01,76610.48,1777308101000
1777308103.681,103.681,0.08,0.09,0.91,0.92,0.01,0.01,76610.48,1777308101000
1777308104.078,104.078,0.08,0.09,0.91,0.92,0.01,0.01,76612.0,1777308102000
1777308104.435,104.435,0.08,0.09,0.91,0.92,0.01,0.01,76611.01,1777308103000
1777308104.926,104.926,0.08,0.09,0.91,0.92,0.01,0.01,76611.01,1777308103000
1777308105.438,105.438,0.08,0.09,0.91,0.92,0.01,0.01,76608.99,1777308104000
1777308105.965,105.965,0.08,0.09,0.91,0.92,0.01,0.01,76608.99,1777308104000
1777308106.325,106.325,0.08,0.09,0.91,0.92,0.01,0.01,76608.99,1777308104000
1777308106.717,106.717,0.08,0.09,0.91,0.92,0.01,0.01,76604.39,1777308105000
1777308107.21,107.21,0.07,0.08,0.91,0.93,0.01,0.02,76604.39,1777308105000
1777308107.582,107.582,0.07,0.08,0.92,0.93,0.01,0.01,76603.92,1777308106000
1777308107.919,107.919,0.07,0.08,0.92,0.93,0.01,0.01,76603.92,1777308106000
1777308108.437,108.437,0.07,0.08,0.92,0.93,0.01,0.01,76604.55,1777308107000
1777308108.83,108.83,0.07,0.08,0.92,0.93,0.01,0.01,76604.55,1777308107000
1777308109.192,109.192,0.07,0.08,0.92,0.93,0.01,0.01,76604.55,1777308107000
1777308109.59,109.59,0.07,0.08,0.92,0.93,0.01,0.01,76604.55,1777308107000
1777308109.961,109.961,0.08,0.09,0.91,0.92,0.01,0.01,76602.38,1777308108000
1777308110.345,110.345,0.08,0.09,0.91,0.92,0.01,0.01,76602.41,1777308109000
1777308110.738,110.738,0.08,0.09,0.91,0.92,0.01,0.01,76602.41,1777308109000
1777308111.507,111.507,0.08,0.09,0.91,0.92,0.01,0.01,76607.91,1777308110000
1777308111.85,111.85,0.08,0.09,0.91,0.92,0.01,0.01,76607.91,1777308110000
1777308112.213,112.213,0.1,0.11,0.89,0.9,0.01,0.01,76608.92,1777308111000
1777308112.982,112.982,0.1,0.11,0.89,0.9,0.01,0.01,76608.92,1777308111000
1777308113.326,113.326,0.1,0.11,0.89,0.9,0.01,0.01,76608.92,1777308111000
1777308113.726,113.726,0.1,0.11,0.89,0.9,0.01,0.01,76608.92,1777308111000
1777308114.09,114.09,0.1,0.11,0.89,0.9,0.01,0.01,76622.97,1777308112000
1777308114.43,114.43,0.1,0.11,0.89,0.9,0.01,0.01,76622.97,1777308112000
1777308114.914,114.914,0.1,0.11,0.89,0.9,0.01,0.01,76621.59,1777308113000
1777308115.305,115.305,0.1,0.11,0.89,0.9,0.01,0.01,76621.59,1777308113000
1777308115.672,115.672,0.1,0.11,0.89,0.9,0.01,0.01,76621.59,1777308114000
1777308116.279,116.279,0.1,0.11,0.89,0.9,0.01,0.01,76621.59,1777308114000
1777308116.632,116.632,0.1,0.11,0.89,0.9,0.01,0.01,76621.62,1777308115000
1777308116.979,116.979,0.1,0.11,0.89,0.9,0.01,0.01,76621.62,1777308115000
1777308117.379,117.379,0.1,0.11,0.89,0.9,0.01,0.01,76621.17,1777308116000
1777308117.905,117.905,0.1,0.11,0.89,0.9,0.01,0.01,76621.17,1777308116000
1777308118.307,118.307,0.1,0.11,0.89,0.9,0.01,0.01,76622.23,1777308117000
1777308118.664,118.664,0.09,0.1,0.89,0.91,0.01,0.02,76622.23,1777308117000
1777308119.001,119.001,0.09,0.1,0.9,0.91,0.01,0.01,76622.23,1777308117000
1777308119.518,119.518,0.09,0.1,0.9,0.91,0.01,0.01,76622.19,1777308118000
1777308119.971,119.971,0.09,0.1,0.9,0.91,0.01,0.01,76622.19,1777308118000
1777308120.465,120.465,0.09,0.1,0.9,0.91,0.01,0.01,76622.46,1777308119000
1777308120.813,120.813,0.11,0.12,0.88,0.89,0.01,0.01,76622.46,1777308119000
1777308121.167,121.167,0.11,0.12,0.88,0.89,0.01,0.01,76622.46,1777308119000
1777308121.556,121.556,0.11,0.14,0.87,0.89,0.03,0.02,76622.33,1777308120000
1777308121.974,121.974,0.12,0.13,0.87,0.88,0.01,0.01,76622.33,1777308120000
1777308122.335,122.335,0.12,0.13,0.87,0.88,0.01,0.01,76622.33,1777308120000
1777308122.795,122.795,0.1,0.12,0.87,0.89,0.02,0.02,76625.69,1777308121000
1777308123.128,123.128,0.11,0.12,0.88,0.89,0.01,0.01,76625.69,1777308121000
1777308123.599,123.599,0.11,0.12,0.88,0.89,0.01,0.01,76632.17,1777308122000
1777308123.957,123.957,0.11,0.12,0.88,0.89,0.01,0.01,76632.17,1777308122000
1777308124.418,124.418,0.11,0.12,0.88,0.89,0.01,0.01,76633.34,1777308123000
1777308124.79,124.79,0.11,0.12,0.88,0.89,0.01,0.01,76633.34,1777308123000
1777308125.215,125.215,0.11,0.12,0.88,0.89,0.01,0.01,76629.63,1777308124000
1777308125.724,125.724,0.11,0.12,0.88,0.89,0.01,0.01,76629.63,1777308124000
1777308126.181,126.181,0.11,0.12,0.88,0.89,0.01,0.01,76629.63,1777308124000
1777308126.582,126.582,0.11,0.12,0.88,0.89,0.01,0.01,76630.05,1777308125000
1777308127.006,127.006,0.12,0.13,0.88,0.89,0.01,0.01,76630.05,1777308125000
1777308127.485,127.485,0.12,0.13,0.87,0.88,0.01,0.01,76630.05,1777308125000
1777308127.831,127.831,0.13,0.14,0.86,0.88,0.01,0.02,76630.05,1777308125000
1777308128.283,128.283,0.12,0.13,0.86,0.88,0.01,0.02,76628.66,1777308126000
1777308128.812,128.812,0.12,0.13,0.87,0.88,0.01,0.01,76629.85,1777308127000
1777308129.157,129.157,0.12,0.13,0.87,0.88,0.01,0.01,76630.09,1777308128000
1777308129.539,129.539,0.12,0.13,0.87,0.88,0.01,0.01,76630.09,1777308128000
1777308130.15,130.15,0.12,0.13,0.87,0.88,0.01,0.01,76629.93,1777308129000
1777308130.498,130.498,0.12,0.13,0.87,0.88,0.01,0.01,76629.93,1777308129000
1777308130.905,130.905,0.11,0.12,0.88,0.89,0.01,0.01,76629.93,1777308129000
1777308131.247,131.247,0.11,0.13,0.87,0.89,0.02,0.02,76629.93,1777308129000
1777308131.795,131.795,0.11,0.12,0.88,0.89,0.01,0.01,76629.77,1777308130000
1777308132.384,132.384,0.11,0.12,0.88,0.89,0.01,0.01,76629.77,1777308130000
1777308132.964,132.964,0.11,0.12,0.88,0.89,0.01,0.01,76626.76,1777308131000
1777308133.422,133.422,0.11,0.12,0.88,0.89,0.01,0.01,76626.76,1777308131000
1777308133.883,133.883,0.11,0.12,0.88,0.89,0.01,0.01,76626.76,1777308131000
1777308134.305,134.305,0.11,0.12,0.88,0.89,0.01,0.01,76626.76,1777308131000
1777308134.881,134.881,0.11,0.12,0.88,0.89,0.01,0.01,76626.76,1777308131000
1777308135.243,135.243,0.11,0.12,0.88,0.89,0.01,0.01,76626.76,1777308131000
1777308136.349,136.349,0.11,0.12,0.88,0.89,0.01,0.01,76626.76,1777308131000
1777308136.752,136.752,0.11,0.12,0.88,0.89,0.01,0.01,76626.76,1777308131000
1777308137.731,137.731,0.1,0.11,0.89,0.9,0.01,0.01,76628.8,1777308135000
1777308138.157,138.157,0.09,0.1,0.89,0.91,0.01,0.02,76628.91,1777308136000
1777308138.515,138.515,0.09,0.1,0.9,0.91,0.01,0.01,76628.91,1777308136000
1777308138.868,138.868,0.08,0.1,0.9,0.91,0.02,0.01,76627.44,1777308137000
1777308139.588,139.588,0.08,0.09,0.9,0.92,0.01,0.02,76626.28,1777308138000
1777308139.946,139.946,0.08,0.09,0.91,0.92,0.01,0.01,76626.28,1777308138000
1777308140.344,140.344,0.08,0.09,0.91,0.92,0.01,0.01,76621.35,1777308139000
1777308140.687,140.687,0.08,0.09,0.91,0.92,0.01,0.01,76621.35,1777308139000
1777308141.195,141.195,0.08,0.09,0.91,0.92,0.01,0.01,76620.91,1777308140000
1777308142.095,142.095,0.08,0.09,0.91,0.92,0.01,0.01,76620.91,1777308140000
1777308142.442,142.442,0.08,0.1,0.91,0.92,0.02,0.01,76620.91,1777308140000
1777308142.881,142.881,0.1,0.11,0.89,0.9,0.01,0.01,76621.48,1777308141000
1777308143.246,143.246,0.1,0.11,0.89,0.9,0.01,0.01,76621.48,1777308141000
1777308143.689,143.689,0.1,0.11,0.89,0.9,0.01,0.01,76624.09,1777308142000
1777308144.236,144.236,0.1,0.11,0.89,0.9,0.01,0.01,76624.09,1777308142000
1777308144.611,144.611,0.11,0.12,0.88,0.89,0.01,0.01,76624.09,1777308142000
1777308144.994,144.994,0.11,0.12,0.88,0.89,0.01,0.01,76625.06,1777308143000
1777308145.52,145.52,0.11,0.12,0.88,0.89,0.01,0.01,76625.34,1777308144000
1777308146.339,146.339,0.11,0.12,0.88,0.89,0.01,0.01,76629.77,1777308145000
1777308146.761,146.761,0.11,0.12,0.88,0.89,0.01,0.01,76629.77,1777308145000
1777308147.588,147.588,0.11,0.12,0.88,0.89,0.01,0.01,76630.71,1777308146000
1777308148.158,148.158,0.11,0.12,0.88,0.89,0.01,0.01,76630.71,1777308146000
1777308148.549,148.549,0.11,0.12,0.88,0.89,0.01,0.01,76630.71,1777308147000
1777308149.033,149.033,0.09,0.1,0.88,0.9,0.01,0.02,76630.71,1777308147000
1777308150.523,150.523,0.09,0.1,0.9,0.91,0.01,0.01,76630.56,1777308149000
1777308151.026,151.026,0.09,0.1,0.9,0.91,0.01,0.01,76630.56,1777308149000
1777308151.382,151.382,0.09,0.1,0.9,0.91,0.01,0.01,76630.56,1777308150000
1777308151.726,151.726,0.09,0.1,0.9,0.91,0.01,0.01,76630.56,1777308150000
1777308152.188,152.188,0.08,0.09,0.91,0.92,0.01,0.01,76630.56,1777308150000
1777308152.584,152.584,0.08,0.09,0.91,0.92,0.01,0.01,76630.56,1777308150000
1777308153.263,153.263,0.07,0.08,0.91,0.93,0.01,0.02,76628.56,1777308151000
1777308153.768,153.768,0.07,0.08,0.92,0.93,0.01,0.01,76628.56,1777308152000
1777308154.182,154.182,0.07,0.08,0.92,0.93,0.01,0.01,76628.56,1777308152000
1777308154.824,154.824,0.07,0.08,0.92,0.93,0.01,0.01,76628.59,1777308153000
1777308155.195,155.195,0.07,0.09,0.92,0.93,0.02,0.01,76628.59,1777308153000
1777308155.576,155.576,0.08,0.09,0.91,0.92,0.01,0.01,76628.57,1777308154000
1777308156.179,156.179,0.07,0.09,0.91,0.92,0.02,0.01,76628.57,1777308154000
1777308156.52,156.52,0.08,0.09,0.91,0.92,0.01,0.01,76628.57,1777308154000
1777308156.868,156.868,0.07,0.09,0.91,0.93,0.02,0.02,76628.54,1777308155000
1777308157.363,157.363,0.08,0.1,0.91,0.92,0.02,0.01,76628.54,1777308155000
1777308157.809,157.809,0.08,0.1,0.9,0.91,0.02,0.01,76627.7,1777308156000
1777308158.211,158.211,0.08,0.1,0.9,0.92,0.02,0.02,76627.7,1777308157000
1777308158.68,158.68,0.08,0.09,0.91,0.92,0.01,0.01,76627.7,1777308157000
1777308159.34,159.34,0.08,0.09,0.91,0.92,0.01,0.01,76627.7,1777308157000
1777308159.861,159.861,0.07,0.08,0.91,0.92,0.01,0.01,76628.0,1777308158000
1777308160.229,160.229,0.06,0.08,0.92,0.93,0.02,0.01,76628.0,1777308158000
1777308160.682,160.682,0.06,0.07,0.93,0.94,0.01,0.01,76627.92,1777308159000
1777308161.021,161.021,0.05,0.06,0.94,0.95,0.01,0.01,76627.92,1777308159000
1777308161.503,161.503,0.05,0.06,0.94,0.95,0.01,0.01,76627.92,1777308159000
1777308161.866,161.866,0.05,0.06,0.94,0.95,0.01,0.01,76626.14,1777308160000
1777308162.256,162.256,0.05,0.06,0.94,0.95,0.01,0.01,76626.14,1777308160000
1777308162.64,162.64,0.05,0.06,0.94,0.95,0.01,0.01,76623.79,1777308161000
1777308163.072,163.072,0.05,0.06,0.94,0.95,0.01,0.01,76617.08,1777308162000
1777308163.608,163.608,0.05,0.06,0.94,0.95,0.01,0.01,76617.08,1777308162000
1777308163.963,163.963,0.05,0.06,0.94,0.95,0.01,0.01,76617.08,1777308162000
1777308164.301,164.301,0.05,0.06,0.94,0.95,0.01,0.01,76617.08,1777308162000
1777308164.773,164.773,0.05,0.06,0.94,0.95,0.01,0.01,76608.74,1777308163000
1777308165.246,165.246,0.05,0.06,0.94,0.95,0.01,0.01,76608.74,1777308163000
1777308165.596,165.596,0.05,0.06,0.94,0.95,0.01,0.01,76608.68,1777308164000
1777308165.975,165.975,0.05,0.06,0.94,0.95,0.01,0.01,76608.68,1777308164000
1777308166.317,166.317,0.05,0.06,0.94,0.95,0.01,0.01,76607.06,1777308165000
1777308166.863,166.863,0.05,0.06,0.94,0.95,0.01,0.01,76607.06,1777308165000
1777308167.285,167.285,0.05,0.06,0.94,0.95,0.01,0.01,76607.06,1777308165000
1777308167.63,167.63,0.05,0.06,0.94,0.95,0.01,0.01,76606.65,1777308166000
1777308167.967,167.967,0.05,0.06,0.94,0.95,0.01,0.01,76606.65,1777308166000
1777308168.312,168.312,0.05,0.06,0.94,0.95,0.01,0.01,76606.65,1777308167000
1777308169.048,169.048,0.05,0.06,0.94,0.95,0.01,0.01,76606.65,1777308167000
1777308169.666,169.666,0.05,0.06,0.94,0.95,0.01,0.01,76606.65,1777308167000
1777308170.155,170.155,0.05,0.06,0.94,0.95,0.01,0.01,76607.21,1777308168000
1777308170.597,170.597,0.05,0.06,0.94,0.95,0.01,0.01,76607.07,1777308169000
1777308171.061,171.061,0.05,0.06,0.94,0.95,0.01,0.01,76607.07,1777308169000
1777308171.504,171.504,0.05,0.06,0.94,0.95,0.01,0.01,76607.07,1777308169000
1777308171.949,171.949,0.05,0.06,0.94,0.95,0.01,0.01,76607.09,1777308170000
1777308172.555,172.555,0.05,0.06,0.94,0.95,0.01,0.01,76607.09,1777308171000
1777308173.093,173.093,0.05,0.06,0.94,0.95,0.01,0.01,76607.09,1777308171000
1777308173.464,173.464,0.05,0.06,0.94,0.95,0.01,0.01,76607.14,1777308172000
1777308174.3,174.3,0.05,0.06,0.94,0.95,0.01,0.01,76607.13,1777308173000
1777308174.639,174.639,0.05,0.06,0.94,0.95,0.01,0.01,76607.13,1777308173000
1777308175.174,175.174,0.05,0.06,0.94,0.95,0.01,0.01,76607.13,1777308173000
1777308175.722,175.722,0.05,0.06,0.94,0.95,0.01,0.01,76607.68,1777308174000
1777308176.276,176.276,0.05,0.06,0.94,0.95,0.01,0.01,76607.68,1777308174000
1777308176.625,176.625,0.05,0.06,0.94,0.95,0.01,0.01,76609.64,1777308175000
1777308177.095,177.095,0.05,0.06,0.94,0.95,0.01,0.01,76610.21,1777308176000
1777308177.885,177.885,0.05,0.06,0.94,0.95,0.01,0.01,76610.21,1777308176000
1777308178.319,178.319,0.05,0.06,0.94,0.95,0.01,0.01,76610.45,1777308177000
1777308178.896,178.896,0.05,0.06,0.94,0.95,0.01,0.01,76610.45,1777308177000
1777308179.368,179.368,0.05,0.06,0.94,0.95,0.01,0.01,76610.45,1777308177000
1777308179.848,179.848,0.05,0.06,0.94,0.95,0.01,0.01,76612.98,1777308178000
1777308180.483,180.483,0.04,0.05,0.94,0.95,0.01,0.01,76612.98,1777308178000
1777308180.898,180.898,0.04,0.05,0.95,0.96,0.01,0.01,76612.99,1777308179000
1777308181.274,181.274,0.04,0.05,0.95,0.96,0.01,0.01,76612.99,1777308179000
1777308181.631,181.631,0.04,0.05,0.95,0.96,0.01,0.01,76612.99,1777308179000
1777308181.984,181.984,0.04,0.05,0.95,0.96,0.01,0.01,76612.41,1777308180000
1777308182.33,182.33,0.04,0.05,0.95,0.96,0.01,0.01,76612.41,1777308180000
1777308182.666,182.666,0.04,0.05,0.95,0.96,0.01,0.01,76611.28,1777308181000
1777308183.043,183.043,0.04,0.05,0.95,0.96,0.01,0.01,76611.28,1777308181000
1777308183.525,183.525,0.04,0.05,0.95,0.96,0.01,0.01,76611.48,1777308182000
1777308184.107,184.107,0.05,0.06,0.94,0.95,0.01,0.01,76614.5,1777308183000
1777308184.482,184.482,0.05,0.06,0.94,0.95,0.01,0.01,76614.5,1777308183000
1777308184.837,184.837,0.05,0.06,0.94,0.95,0.01,0.01,76614.5,1777308183000
1777308185.246,185.246,0.05,0.06,0.94,0.95,0.01,0.01,76614.5,1777308183000
1777308185.778,185.778,0.05,0.06,0.94,0.95,0.01,0.01,76614.5,1777308183000
1777308186.16,186.16,0.05,0.06,0.94,0.95,0.01,0.01,76614.5,1777308183000
1777308186.529,186.529,0.05,0.06,0.94,0.95,0.01,0.01,76617.25,1777308184000
1777308187.163,187.163,0.05,0.06,0.94,0.95,0.01,0.01,76617.12,1777308185000
1777308187.603,187.603,0.05,0.06,0.94,0.95,0.01,0.01,76617.12,1777308185000
1777308187.974,187.974,0.05,0.06,0.94,0.95,0.01,0.01,76617.12,1777308185000
1777308188.336,188.336,0.05,0.06,0.94,0.95,0.01,0.01,76618.22,1777308186000
1777308188.763,188.763,0.06,0.07,0.93,0.94,0.01,0.01,76618.43,1777308187000
1777308189.255,189.255,0.06,0.07,0.93,0.94,0.01,0.01,76618.43,1777308187000
1777308189.657,189.657,0.06,0.07,0.93,0.94,0.01,0.01,76619.55,1777308188000
1777308190.0,190.0,0.06,0.07,0.93,0.94,0.01,0.01,76619.55,1777308188000
1777308190.347,190.347,0.06,0.07,0.93,0.94,0.01,0.01,76619.55,1777308188000
1777308190.785,190.785,0.06,0.07,0.93,0.94,0.01,0.01,76632.02,1777308189000
1777308191.155,191.155,0.06,0.07,0.93,0.94,0.01,0.01,76632.02,1777308189000
1777308191.783,191.783,0.06,0.07,0.93,0.94,0.01,0.01,76632.02,1777308189000
1777308192.245,192.245,0.06,0.07,0.93,0.94,0.01,0.01,76633.51,1777308190000
1777308193.368,193.368,0.06,0.07,0.93,0.94,0.01,0.01,76631.46,1777308191000
1777308194.546,194.546,0.06,0.07,0.93,0.94,0.01,0.01,76629.28,1777308193000
1777308195.03,195.03,0.06,0.07,0.93,0.94,0.01,0.01,76629.81,1777308194000
1777308195.474,195.474,0.06,0.07,0.93,0.94,0.01,0.01,76629.81,1777308194000
1777308195.97,195.97,0.06,0.07,0.93,0.94,0.01,0.01,76629.81,1777308194000
1777308196.66,196.66,0.06,0.07,0.93,0.94,0.01,0.01,76629.81,1777308195000
1777308197.268,197.268,0.06,0.07,0.93,0.94,0.01,0.01,76630.1,1777308196000
1777308197.988,197.988,0.06,0.07,0.93,0.94,0.01,0.01,76630.1,1777308196000
1777308198.37,198.37,0.06,0.07,0.93,0.94,0.01,0.01,76630.57,1777308197000
1777308198.741,198.741,0.06,0.07,0.93,0.94,0.01,0.01,76630.57,1777308197000
1777308199.096,199.096,0.05,0.06,0.94,0.95,0.01,0.01,76630.57,1777308197000
1777308199.47,199.47,0.06,0.07,0.93,0.95,0.01,0.02,76630.57,1777308197000
1777308199.897,199.897,0.06,0.07,0.93,0.94,0.01,0.01,76633.85,1777308198000
1777308200.28,200.28,0.06,0.07,0.93,0.94,0.01,0.01,76633.85,1777308198000
1777308200.741,200.741,0.06,0.07,0.93,0.94,0.01,0.01,76633.5,1777308199000
1777308201.496,201.496,0.06,0.07,0.93,0.94,0.01,0.01,76633.5,1777308199000
1777308201.92,201.92,0.05,0.06,0.94,0.95,0.01,0.01,76634.62,1777308200000
1777308202.406,202.406,0.05,0.06,0.94,0.95,0.01,0.01,76635.42,1777308201000
1777308202.869,202.869,0.04,0.05,0.94,0.97,0.01,0.03,76635.42,1777308201000
1777308203.204,203.204,0.04,0.05,0.95,0.96,0.01,0.01,76635.42,1777308201000
1777308203.544,203.544,0.04,0.05,0.95,0.96,0.01,0.01,76635.42,1777308201000
1777308204.15,204.15,0.04,0.05,0.95,0.96,0.01,0.01,76635.62,1777308202000
1777308204.513,204.513,0.04,0.05,0.95,0.96,0.01,0.01,76635.62,1777308202000
1777308204.891,204.891,0.04,0.05,0.95,0.96,0.01,0.01,76635.48,1777308203000
1777308205.313,205.313,0.04,0.05,0.95,0.96,0.01,0.01,76635.48,1777308203000
1777308206.024,206.024,0.04,0.05,0.95,0.96,0.01,0.01,76634.98,1777308205000
1777308206.421,206.421,0.04,0.05,0.95,0.96,0.01,0.01,76634.98,1777308205000
1777308206.991,206.991,0.04,0.05,0.95,0.96,0.01,0.01,76634.98,1777308205000
1777308207.437,207.437,0.04,0.05,0.95,0.96,0.01,0.01,76634.98,1777308205000
1777308207.953,207.953,0.04,0.05,0.95,0.96,0.01,0.01,76633.7,1777308206000
1777308208.549,208.549,0.04,0.05,0.95,0.96,0.01,0.01,76633.7,1777308207000
1777308209.03,209.03,0.04,0.05,0.95,0.96,0.01,0.01,76633.7,1777308207000
1777308209.368,209.368,0.04,0.05,0.95,0.96,0.01,0.01,76633.7,1777308207000
1777308209.719,209.719,0.03,0.04,0.96,0.97,0.01,0.01,76633.9,1777308208000
1777308210.055,210.055,0.03,0.04,0.96,0.97,0.01,0.01,76633.9,1777308208000
1777308210.465,210.465,0.03,0.04,0.96,0.97,0.01,0.01,76633.37,1777308209000
1777308210.866,210.866,0.03,0.04,0.96,0.97,0.01,0.01,76633.37,1777308209000
1777308211.328,211.328,0.03,0.04,0.96,0.97,0.01,0.01,76633.37,1777308210000
1777308211.669,211.669,0.03,0.04,0.96,0.97,0.01,0.01,76633.37,1777308210000
1777308212.064,212.064,0.03,0.04,0.96,0.97,0.01,0.01,76633.37,1777308210000
1777308212.503,212.503,0.03,0.04,0.96,0.97,0.01,0.01,76628.79,1777308211000
1777308213.054,213.054,0.03,0.04,0.96,0.97,0.01,0.01,76628.79,1777308211000
1777308213.713,213.713,0.03,0.04,0.96,0.97,0.01,0.01,76622.14,1777308212000
1777308214.154,214.154,0.03,0.04,0.96,0.97,0.01,0.01,76622.14,1777308212000
1777308214.512,214.512,0.03,0.04,0.96,0.97,0.01,0.01,76622.14,1777308212000
1777308214.911,214.911,0.03,0.04,0.96,0.97,0.01,0.01,76621.76,1777308213000
1777308215.315,215.315,0.03,0.04,0.96,0.97,0.01,0.01,76622.58,1777308214000
1777308215.666,215.666,0.03,0.04,0.96,0.97,0.01,0.01,76622.58,1777308214000
1777308216.526,216.526,0.03,0.04,0.96,0.97,0.01,0.01,76622.19,1777308215000
1777308216.921,216.921,0.02,0.03,0.96,0.97,0.01,0.01,76622.19,1777308215000
1777308217.399,217.399,0.02,0.03,0.97,0.98,0.01,0.01,76622.26,1777308216000
1777308217.953,217.953,0.02,0.03,0.97,0.98,0.01,0.01,76622.26,1777308216000
1777308218.373,218.373,0.02,0.03,0.97,0.98,0.01,0.01,76622.26,1777308216000
1777308218.937,218.937,0.02,0.03,0.97,0.98,0.01,0.01,76623.76,1777308217000
1777308219.387,219.387,0.02,0.03,0.97,0.98,0.01,0.01,76623.76,1777308217000
1777308219.823,219.823,0.02,0.03,0.97,0.98,0.01,0.01,76623.76,1777308218000
1777308220.157,220.157,0.02,0.03,0.97,0.98,0.01,0.01,76623.38,1777308219000
1777308220.592,220.592,0.02,0.03,0.97,0.98,0.01,0.01,76623.38,1777308219000
1777308221.081,221.081,0.02,0.03,0.97,0.98,0.01,0.01,76623.38,1777308219000
1777308222.153,222.153,0.02,0.03,0.97,0.98,0.01,0.01,76623.39,1777308220000
1777308222.521,222.521,0.02,0.03,0.97,0.98,0.01,0.01,76623.38,1777308221000
1777308223.005,223.005,0.02,0.03,0.97,0.98,0.01,0.01,76623.38,1777308221000
1777308223.531,223.531,0.02,0.03,0.97,0.98,0.01,0.01,76623.35,1777308222000
1777308223.935,223.935,0.02,0.03,0.97,0.98,0.01,0.01,76623.35,1777308222000
1777308224.35,224.35,0.02,0.03,0.97,0.98,0.01,0.01,76622.81,1777308223000
1777308224.689,224.689,0.02,0.03,0.97,0.98,0.01,0.01,76622.81,1777308223000
1777308225.162,225.162,0.02,0.03,0.97,0.98,0.01,0.01,76622.81,1777308223000
1777308225.755,225.755,0.02,0.03,0.97,0.98,0.01,0.01,76622.66,1777308224000
1777308226.503,226.503,0.02,0.03,0.97,0.98,0.01,0.01,76623.12,1777308225000
1777308226.84,226.84,0.02,0.03,0.97,0.98,0.01,0.01,76623.12,1777308225000
1777308227.282,227.282,0.02,0.03,0.97,0.98,0.01,0.01,76623.33,1777308226000
1777308228.164,228.164,0.02,0.03,0.97,0.98,0.01,0.01,76623.33,1777308226000
1777308228.786,228.786,0.02,0.03,0.97,0.98,0.01,0.01,76623.25,1777308227000
1777308229.155,229.155,0.02,0.03,0.97,0.98,0.01,0.01,76623.25,1777308227000
1777308229.875,229.875,0.02,0.03,0.97,0.98,0.01,0.01,76621.39,1777308228000
1777308230.295,230.295,0.02,0.03,0.97,0.98,0.01,0.01,76621.23,1777308229000
1777308230.844,230.844,0.02,0.03,0.97,0.98,0.01,0.01,76621.23,1777308229000
1777308231.188,231.188,0.02,0.03,0.97,0.98,0.01,0.01,76621.11,1777308230000
1777308231.547,231.547,0.02,0.03,0.97,0.98,0.01,0.01,76621.11,1777308230000
1777308232.155,232.155,0.02,0.03,0.97,0.98,0.01,0.01,76621.11,1777308230000
1777308232.51,232.51,0.02,0.03,0.97,0.98,0.01,0.01,76621.11,1777308230000
1777308233.245,233.245,0.02,0.03,0.97,0.98,0.01,0.01,76621.46,1777308232000
1777308233.716,233.716,0.02,0.03,0.97,0.98,0.01,0.01,76621.46,1777308232000
1777308234.385,234.385,0.02,0.03,0.97,0.98,0.01,0.01,76622.21,1777308233000
1777308235.007,235.007,0.02,0.03,0.97,0.98,0.01,0.01,76622.21,1777308233000
1777308235.393,235.393,0.02,0.03,0.97,0.98,0.01,0.01,76622.21,1777308234000
1777308235.751,235.751,0.02,0.03,0.97,0.98,0.01,0.01,76622.21,1777308234000
1777308236.085,236.085,0.02,0.03,0.97,0.98,0.01,0.01,76622.21,1777308234000
1777308236.481,236.481,0.02,0.03,0.97,0.98,0.01,0.01,76622.22,1777308235000
1777308236.903,236.903,0.02,0.03,0.97,0.98,0.01,0.01,76622.22,1777308235000
1777308237.292,237.292,0.02,0.03,0.97,0.98,0.01,0.01,76622.22,1777308235000
1777308237.973,237.973,0.02,0.03,0.97,0.98,0.01,0.01,76616.43,1777308236000
1777308238.377,238.377,0.02,0.03,0.97,0.98,0.01,0.01,76616.43,1777308236000
1777308238.846,238.846,0.02,0.03,0.97,0.98,0.01,0.01,76613.46,1777308237000
1777308239.62,239.62,0.02,0.03,0.97,0.98,0.01,0.01,76613.03,1777308238000
1777308240.008,240.008,0.02,0.03,0.97,0.98,0.01,0.01,76613.22,1777308239000
1777308240.344,240.344,0.02,0.03,0.97,0.98,0.01,0.01,76613.22,1777308239000
1777308240.733,240.733,0.02,0.03,0.97,0.98,0.01,0.01,76613.22,1777308239000
1777308241.074,241.074,0.02,0.03,0.97,0.98,0.01,0.01,76614.1,1777308240000
1777308241.626,241.626,0.02,0.03,0.97,0.99,0.01,0.02,76614.1,1777308240000
1777308242.006,242.006,0.01,0.03,0.97,0.99,0.02,0.02,76612.69,1777308241000
1777308242.347,242.347,0.01,0.02,0.98,0.99,0.01,0.01,76612.69,1777308241000
1777308242.707,242.707,0.01,0.02,0.98,0.99,0.01,0.01,76612.69,1777308241000
1777308243.087,243.087,0.01,0.01,0.99,0.99,0.0,0.0,76613.21,1777308242000
1777308243.443,243.443,0.01,0.02,0.98,0.99,0.01,0.01,76613.21,1777308242000
1777308244.012,244.012,0.01,0.01,0.99,0.99,0.0,0.0,76613.21,1777308243000
1777308244.438,244.438,0.01,0.02,0.98,0.99,0.01,0.01,76613.21,1777308243000
1777308244.79,244.79,0.01,0.02,0.98,0.99,0.01,0.01,76613.21,1777308243000
1777308245.128,245.128,0.01,0.02,0.98,0.99,0.01,0.01,76618.47,1777308244000
1777308245.942,245.942,0.01,0.02,0.98,0.99,0.01,0.01,76618.47,1777308244000
1777308246.469,246.469,0.01,0.01,0.99,0.99,0.0,0.0,76620.2,1777308245000
1777308246.861,246.861,0.01,0.01,0.99,0.99,0.0,0.0,76620.2,1777308245000
1777308247.868,247.868,0.01,0.01,0.99,0.99,0.0,0.0,76620.2,1777308245000
1777308248.345,248.345,0.01,0.01,0.99,0.99,0.0,0.0,76620.79,1777308246000
1777308248.84,248.84,0.01,0.01,0.99,0.99,0.0,0.0,76620.5,1777308247000
1777308249.69,249.69,0.01,0.01,0.99,0.99,0.0,0.0,76620.5,1777308248000
1777308250.607,250.607,0.01,0.02,0.99,0.99,0.01,0.0,76620.5,1777308248000
1777308251.226,251.226,0.01,0.02,0.98,0.99,0.01,0.01,76619.95,1777308250000
1777308252.408,252.408,0.01,0.02,0.98,0.99,0.01,0.01,76619.95,1777308250000
1777308252.992,252.992,0.01,0.02,0.98,0.99,0.01,0.01,76619.84,1777308251000
1777308253.508,253.508,0.01,0.02,0.98,0.99,0.01,0.01,76619.84,1777308252000
1777308253.878,253.878,0.01,0.02,0.98,0.99,0.01,0.01,76619.84,1777308252000
1777308254.328,254.328,0.01,0.02,0.98,0.99,0.01,0.01,76620.04,1777308253000
1777308254.712,254.712,0.01,0.02,0.98,0.99,0.01,0.01,76620.04,1777308253000
1777308255.485,255.485,0.01,0.01,0.99,0.99,0.0,0.0,76620.24,1777308254000
1777308255.845,255.845,0.01,0.01,0.99,0.99,0.0,0.0,76620.24,1777308254000
1777308256.432,256.432,0.01,0.01,0.99,0.99,0.0,0.0,76621.31,1777308255000
1777308257.115,257.115,0.01,0.01,0.99,0.99,0.0,0.0,76620.92,1777308256000
1777308257.772,257.772,0.01,0.01,0.99,0.99,0.0,0.0,76620.92,1777308256000
1777308258.16,258.16,0.01,0.01,0.99,0.99,0.0,0.0,76620.05,1777308257000
1777308259.304,259.304,0.01,0.01,0.99,0.99,0.0,0.0,76619.17,1777308258000
1777308259.669,259.669,0.01,0.01,0.99,0.99,0.0,0.0,76619.17,1777308258000
1777308260.065,260.065,0.01,0.01,0.99,0.99,0.0,0.0,76619.43,1777308259000
1777308261.007,261.007,0.01,0.01,0.99,0.99,0.0,0.0,76620.01,1777308260000
1777308261.566,261.566,0.01,0.01,0.99,0.99,0.0,0.0,76620.01,1777308260000
1777308262.215,262.215,0.01,0.01,0.99,0.99,0.0,0.0,76619.38,1777308261000
1777308263.242,263.242,0.01,0.01,0.99,0.99,0.0,0.0,76619.15,1777308262000
1777308264.397,264.397,0.01,0.01,0.99,0.99,0.0,0.0,76616.18,1777308263000
1777308264.89,264.89,0.01,0.01,0.99,0.99,0.0,0.0,76614.79,1777308264000
1777308265.24,265.24,0.01,0.01,0.99,0.99,0.0,0.0,76614.79,1777308264000
1777308266.133,266.133,0.01,0.01,0.99,0.99,0.0,0.0,76614.69,1777308265000
1777308266.867,266.867,0.01,0.01,0.99,0.99,0.0,0.0,76614.69,1777308265000
1777308267.363,267.363,0.01,0.01,0.99,0.99,0.0,0.0,76614.88,1777308266000
1777308268.259,268.259,0.01,0.01,0.99,0.99,0.0,0.0,76614.88,1777308266000
1777308269.068,269.068,0.01,0.01,0.99,0.99,0.0,0.0,76614.67,1777308268000
1777308270.307,270.307,0.01,0.01,0.99,0.99,0.0,0.0,76614.89,1777308269000
1777308270.712,270.712,0.01,0.01,0.99,0.99,0.0,0.0,76614.89,1777308269000
1777308271.466,271.466,0.01,0.01,0.99,0.99,0.0,0.0,76614.81,1777308270000
1777308272.046,272.046,0.01,0.01,0.99,0.99,0.0,0.0,76614.66,1777308271000
1777308273.174,273.174,0.01,0.01,0.99,0.99,0.0,0.0,76612.75,1777308272000
1777308274.339,274.339,0.01,0.01,0.99,0.99,0.0,0.0,76612.75,1777308272000
1777308275.045,275.045,0.01,0.01,0.99,0.99,0.0,0.0,76608.67,1777308274000
1777308276.041,276.041,0.01,0.01,0.99,0.99,0.0,0.0,76608.67,1777308274000
1777308277.33,277.33,0.01,0.01,0.99,0.99,0.0,0.0,76608.84,1777308276000
1777308278.401,278.401,0.01,0.01,0.99,0.99,0.0,0.0,76606.38,1777308277000
1777308279.119,279.119,0.01,0.01,0.99,0.99,0.0,0.0,76604.65,1777308278000
1777308280.16,280.16,0.01,0.01,0.99,0.99,0.0,0.0,76601.15,1777308279000
1777308281.135,281.135,0.01,0.01,0.99,0.99,0.0,0.0,76601.15,1777308279000
1777308281.747,281.747,0.01,0.01,0.99,0.99,0.0,0.0,76596.81,1777308280000
1777308282.363,282.363,0.01,0.01,0.99,0.99,0.0,0.0,76596.81,1777308280000
1777308282.743,282.743,0.01,0.01,0.99,0.99,0.0,0.0,76592.5,1777308281000
1777308283.6,283.6,0.01,0.01,0.99,0.99,0.0,0.0,76592.19,1777308282000
1777308284.177,284.177,0.01,0.01,0.99,0.99,0.0,0.0,76594.95,1777308283000
1777308285.275,285.275,0.01,0.01,0.99,0.99,0.0,0.0,76596.18,1777308284000
1777308285.627,285.627,0.01,0.01,0.99,0.99,0.0,0.0,76596.18,1777308284000
1777308286.11,286.11,0.01,0.01,0.99,0.99,0.0,0.0,76596.18,1777308284000
1777308288.022,288.022,0.01,0.01,0.99,0.99,0.0,0.0,76597.75,1777308286000
1777308288.632,288.632,0.01,0.01,0.99,0.99,0.0,0.0,76595.12,1777308287000
1777308289.195,289.195,0.01,0.01,0.99,0.99,0.0,0.0,76595.19,1777308288000
1777308289.665,289.665,0.01,0.01,0.99,0.99,0.0,0.0,76595.19,1777308288000
1777308290.354,290.354,0.01,0.01,0.99,0.99,0.0,0.0,76596.91,1777308289000
1777308291.621,291.621,0.01,0.01,0.99,0.99,0.0,0.0,76595.7,1777308290000
1777308292.164,292.164,0.01,0.01,0.99,0.99,0.0,0.0,76594.44,1777308291000
1777308293.818,293.818,0.01,0.01,0.99,0.99,0.0,0.0,76595.01,1777308292000
1777308294.301,294.301,0.01,0.01,0.99,0.99,0.0,0.0,76595.1,1777308293000
1777308295.199,295.199,0.01,0.01,0.99,0.99,0.0,0.0,76595.1,1777308293000
1777308296.329,296.329,0.01,0.01,0.99,0.99,0.0,0.0,76594.1,1777308295000
1777308297.326,297.326,0.01,0.01,0.99,0.99,0.0,0.0,76594.04,1777308296000
1777308298.32,298.32,0.01,0.01,0.99,0.99,0.0,0.0,76594.06,1777308297000
1777308299.437,299.437,0.01,0.01,0.99,0.99,0.0,0.0,76595.34,1777308298000
1777308299.951,299.951,0.01,0.01,0.99,0.99,0.0,0.0,76594.73,1777308299000
1777308300.377,300.377,0.01,0.01,0.99,0.99,0.0,0.0,76594.73,1777308299000
1777308300.975,300.975,0.01,0.01,0.99,0.99,0.0,0.0,76594.19,1777308300000

# RESULT,winner=Down,slug=btc-updown-5m-1777308000,ticks=611
