timestamp,elapsed_sec,up_bid,up_ask,down_bid,down_ask,up_spread,down_spread,btc_price,btc_oracle_ts
1776872100.507,0.507,0.48,0.49,0.51,0.52,0.01,0.01,79109.85,1776872097000
1776872100.889,0.889,0.49,0.51,0.49,0.52,0.02,0.03,79109.85,1776872097000
1776872101.573,1.573,0.49,0.5,0.5,0.51,0.01,0.01,79112.81,1776872100000
1776872101.944,1.944,0.47,0.5,0.5,0.53,0.03,0.03,79112.81,1776872100000
1776872102.839,2.839,0.49,0.5,0.5,0.53,0.01,0.03,79113.35,1776872101000
1776872103.541,3.541,0.48,0.5,0.5,0.53,0.02,0.03,79113.77,1776872102000
1776872103.91,3.91,0.48,0.5,0.5,0.52,0.02,0.02,79113.77,1776872102000
1776872104.261,4.261,0.48,0.49,0.51,0.52,0.01,0.01,79112.76,1776872103000
1776872104.906,4.906,0.47,0.49,0.5,0.53,0.02,0.03,79112.76,1776872103000
1776872105.256,5.256,0.48,0.49,0.51,0.52,0.01,0.01,79113.41,1776872104000
1776872106.059,6.059,0.48,0.49,0.51,0.52,0.01,0.01,79113.41,1776872104000
1776872106.441,6.441,0.48,0.49,0.51,0.52,0.01,0.01,79113.54,1776872105000
1776872106.885,6.885,0.48,0.49,0.51,0.52,0.01,0.01,79113.54,1776872105000
1776872107.218,7.218,0.47,0.49,0.51,0.53,0.02,0.02,79113.54,1776872105000
1776872107.558,7.558,0.44,0.48,0.52,0.55,0.04,0.03,79114.83,1776872106000
1776872107.956,7.956,0.43,0.44,0.55,0.57,0.01,0.02,79114.83,1776872106000
1776872108.321,8.321,0.4,0.42,0.58,0.6,0.02,0.02,79107.58,1776872107000
1776872108.656,8.656,0.4,0.41,0.59,0.6,0.01,0.01,79107.58,1776872107000
1776872109.361,9.361,0.4,0.41,0.59,0.6,0.01,0.01,79097.69,1776872108000
1776872109.792,9.792,0.4,0.41,0.59,0.6,0.01,0.01,79097.69,1776872108000
1776872110.26,10.26,0.4,0.41,0.59,0.6,0.01,0.01,79092.56,1776872109000
1776872110.634,10.634,0.4,0.41,0.59,0.6,0.01,0.01,79092.56,1776872109000
1776872111.003,11.003,0.4,0.41,0.59,0.6,0.01,0.01,79081.3,1776872110000
1776872111.596,11.596,0.4,0.41,0.59,0.6,0.01,0.01,79081.3,1776872110000
1776872112.031,12.031,0.4,0.41,0.59,0.6,0.01,0.01,79081.3,1776872110000
1776872112.405,12.405,0.4,0.41,0.59,0.6,0.01,0.01,79085.94,1776872111000
1776872112.92,12.92,0.4,0.41,0.59,0.6,0.01,0.01,79085.94,1776872111000
1776872113.254,13.254,0.4,0.41,0.59,0.6,0.01,0.01,79086.93,1776872112000
1776872113.633,13.633,0.4,0.41,0.59,0.6,0.01,0.01,79086.93,1776872112000
1776872113.992,13.992,0.4,0.41,0.59,0.6,0.01,0.01,79086.93,1776872112000
1776872114.326,14.326,0.4,0.41,0.59,0.6,0.01,0.01,79086.93,1776872112000
1776872114.754,14.754,0.4,0.41,0.59,0.6,0.01,0.01,79080.52,1776872113000
1776872115.134,15.134,0.4,0.41,0.59,0.6,0.01,0.01,79080.52,1776872113000
1776872115.477,15.477,0.39,0.4,0.6,0.61,0.01,0.01,79080.52,1776872113000
1776872115.853,15.853,0.38,0.4,0.6,0.62,0.02,0.02,79071.66,1776872114000
1776872116.218,16.218,0.37,0.41,0.6,0.63,0.04,0.03,79071.66,1776872114000
1776872116.555,16.555,0.4,0.41,0.59,0.6,0.01,0.01,79074.51,1776872115000
1776872116.961,16.961,0.4,0.41,0.59,0.6,0.01,0.01,79074.51,1776872115000
1776872117.361,17.361,0.39,0.4,0.59,0.61,0.01,0.02,79074.51,1776872115000
1776872117.763,17.763,0.39,0.4,0.6,0.61,0.01,0.01,79078.09,1776872116000
1776872118.117,18.117,0.39,0.4,0.6,0.61,0.01,0.01,79078.16,1776872117000
1776872118.45,18.45,0.39,0.4,0.6,0.61,0.01,0.01,79078.16,1776872117000
1776872118.853,18.853,0.39,0.4,0.6,0.61,0.01,0.01,79078.16,1776872117000
1776872119.192,19.192,0.39,0.4,0.6,0.61,0.01,0.01,79071.61,1776872118000
1776872119.575,19.575,0.39,0.4,0.6,0.61,0.01,0.01,79071.61,1776872118000
1776872119.96,19.96,0.39,0.4,0.6,0.61,0.01,0.01,79071.61,1776872118000
1776872120.327,20.327,0.39,0.4,0.6,0.61,0.01,0.01,79071.61,1776872118000
1776872120.662,20.662,0.4,0.41,0.59,0.6,0.01,0.01,79071.87,1776872119000
1776872121.095,21.095,0.4,0.41,0.59,0.6,0.01,0.01,79073.08,1776872120000
1776872122.099,22.099,0.41,0.42,0.58,0.59,0.01,0.01,79079.56,1776872121000
1776872122.648,22.648,0.41,0.42,0.58,0.59,0.01,0.01,79079.56,1776872121000
1776872123.133,23.133,0.42,0.43,0.57,0.58,0.01,0.01,79079.56,1776872121000
1776872123.469,23.469,0.42,0.44,0.56,0.58,0.02,0.02,79085.73,1776872122000
1776872124.148,24.148,0.42,0.44,0.57,0.58,0.02,0.01,79085.73,1776872122000
1776872124.596,24.596,0.43,0.44,0.56,0.57,0.01,0.01,79085.73,1776872123000
1776872124.988,24.988,0.43,0.44,0.56,0.57,0.01,0.01,79085.73,1776872123000
1776872125.344,25.344,0.43,0.44,0.56,0.57,0.01,0.01,79086.87,1776872124000
1776872125.935,25.935,0.43,0.44,0.56,0.57,0.01,0.01,79087.5,1776872125000
1776872126.298,26.298,0.42,0.43,0.57,0.58,0.01,0.01,79087.5,1776872125000
1776872126.652,26.652,0.42,0.43,0.57,0.58,0.01,0.01,79087.5,1776872125000
1776872126.995,26.995,0.4,0.42,0.58,0.6,0.02,0.02,79087.73,1776872126000
1776872127.354,27.354,0.4,0.41,0.59,0.6,0.01,0.01,79087.73,1776872126000
1776872127.731,27.731,0.39,0.4,0.6,0.61,0.01,0.01,79087.73,1776872126000
1776872128.211,28.211,0.39,0.4,0.6,0.61,0.01,0.01,79087.73,1776872126000
1776872128.664,28.664,0.39,0.4,0.6,0.61,0.01,0.01,79086.87,1776872127000
1776872129.065,29.065,0.39,0.4,0.6,0.61,0.01,0.01,79086.87,1776872127000
1776872129.633,29.633,0.39,0.4,0.6,0.61,0.01,0.01,79077.16,1776872128000
1776872130.181,30.181,0.39,0.4,0.6,0.61,0.01,0.01,79077.82,1776872129000
1776872130.59,30.59,0.39,0.4,0.6,0.61,0.01,0.01,79077.82,1776872129000
1776872131.787,31.787,0.39,0.4,0.6,0.61,0.01,0.01,79077.82,1776872129000
1776872132.22,32.22,0.4,0.41,0.59,0.6,0.01,0.01,79079.5,1776872130000
1776872132.559,32.559,0.4,0.41,0.59,0.6,0.01,0.01,79080.73,1776872131000
1776872133.171,33.171,0.39,0.41,0.59,0.61,0.02,0.02,79082.37,1776872132000
1776872134.209,34.209,0.39,0.4,0.59,0.61,0.01,0.02,79082.37,1776872132000
1776872134.595,34.595,0.39,0.4,0.6,0.61,0.01,0.01,79088.2,1776872133000
1776872134.928,34.928,0.4,0.41,0.59,0.6,0.01,0.01,79088.2,1776872133000
1776872135.3,35.3,0.39,0.4,0.6,0.61,0.01,0.01,79088.2,1776872133000
1776872135.647,35.647,0.39,0.4,0.6,0.61,0.01,0.01,79088.24,1776872134000
1776872135.991,35.991,0.38,0.39,0.61,0.62,0.01,0.01,79087.09,1776872135000
1776872136.328,36.328,0.38,0.39,0.61,0.62,0.01,0.01,79087.09,1776872135000
1776872136.721,36.721,0.37,0.38,0.61,0.62,0.01,0.01,79087.09,1776872135000
1776872137.067,37.067,0.37,0.38,0.62,0.63,0.01,0.01,79087.09,1776872135000
1776872137.533,37.533,0.36,0.37,0.62,0.63,0.01,0.01,79077.0,1776872136000
1776872138.05,38.05,0.36,0.37,0.63,0.64,0.01,0.01,79077.0,1776872136000
1776872138.462,38.462,0.36,0.37,0.63,0.64,0.01,0.01,79074.52,1776872137000
1776872138.879,38.879,0.36,0.37,0.63,0.64,0.01,0.01,79074.52,1776872137000
1776872139.245,39.245,0.36,0.37,0.63,0.64,0.01,0.01,79073.64,1776872138000
1776872139.638,39.638,0.36,0.37,0.63,0.64,0.01,0.01,79073.64,1776872138000
1776872139.995,39.995,0.36,0.37,0.63,0.64,0.01,0.01,79073.64,1776872138000
1776872140.476,40.476,0.36,0.37,0.63,0.64,0.01,0.01,79073.64,1776872138000
1776872141.042,41.042,0.36,0.38,0.63,0.64,0.02,0.01,79073.28,1776872139000
1776872141.826,41.826,0.36,0.37,0.63,0.64,0.01,0.01,79074.52,1776872140000
1776872142.334,42.334,0.39,0.4,0.6,0.61,0.01,0.01,79074.62,1776872141000
1776872142.668,42.668,0.39,0.4,0.6,0.61,0.01,0.01,79074.62,1776872141000
1776872143.003,43.003,0.39,0.4,0.6,0.61,0.01,0.01,79074.62,1776872141000
1776872143.579,43.579,0.39,0.4,0.6,0.61,0.01,0.01,79074.39,1776872142000
1776872143.994,43.994,0.39,0.4,0.6,0.61,0.01,0.01,79074.39,1776872142000
1776872144.723,44.723,0.39,0.4,0.6,0.61,0.01,0.01,79077.03,1776872143000
1776872145.404,45.404,0.39,0.4,0.6,0.61,0.01,0.01,79077.03,1776872143000
1776872145.895,45.895,0.37,0.39,0.61,0.63,0.02,0.02,79079.81,1776872144000
1776872146.434,46.434,0.37,0.38,0.62,0.63,0.01,0.01,79080.23,1776872145000
1776872146.906,46.906,0.37,0.38,0.62,0.63,0.01,0.01,79078.36,1776872146000
1776872147.464,47.464,0.37,0.38,0.62,0.63,0.01,0.01,79078.36,1776872146000
1776872147.934,47.934,0.37,0.38,0.62,0.63,0.01,0.01,79075.41,1776872147000
1776872148.332,48.332,0.37,0.38,0.62,0.63,0.01,0.01,79075.41,1776872147000
1776872148.713,48.713,0.37,0.38,0.62,0.64,0.01,0.02,79075.41,1776872147000
1776872149.062,49.062,0.37,0.38,0.62,0.63,0.01,0.01,79075.04,1776872148000
1776872150.017,50.017,0.37,0.38,0.62,0.63,0.01,0.01,79074.46,1776872149000
1776872150.56,50.56,0.36,0.37,0.63,0.64,0.01,0.01,79074.46,1776872149000
1776872150.913,50.913,0.35,0.36,0.64,0.65,0.01,0.01,79074.46,1776872149000
1776872151.3,51.3,0.34,0.36,0.64,0.66,0.02,0.02,79066.05,1776872150000
1776872151.98,51.98,0.34,0.35,0.65,0.67,0.01,0.02,79066.05,1776872150000
1776872152.454,52.454,0.34,0.35,0.65,0.66,0.01,0.01,79062.62,1776872151000
1776872152.918,52.918,0.34,0.35,0.65,0.66,0.01,0.01,79062.62,1776872151000
1776872153.309,53.309,0.33,0.35,0.65,0.66,0.02,0.01,79062.12,1776872152000
1776872153.685,53.685,0.34,0.35,0.65,0.66,0.01,0.01,79062.12,1776872152000
1776872154.183,54.183,0.33,0.35,0.65,0.67,0.02,0.02,79062.06,1776872153000
1776872154.543,54.543,0.33,0.34,0.66,0.67,0.01,0.01,79062.06,1776872153000
1776872154.898,54.898,0.33,0.34,0.66,0.67,0.01,0.01,79062.06,1776872153000
1776872155.333,55.333,0.33,0.34,0.66,0.67,0.01,0.01,79062.15,1776872154000
1776872155.672,55.672,0.33,0.34,0.66,0.67,0.01,0.01,79062.15,1776872154000
1776872156.081,56.081,0.33,0.34,0.66,0.67,0.01,0.01,79063.57,1776872155000
1776872156.471,56.471,0.33,0.34,0.66,0.67,0.01,0.01,79063.57,1776872155000
1776872157.106,57.106,0.33,0.34,0.66,0.67,0.01,0.01,79063.57,1776872155000
1776872157.606,57.606,0.33,0.34,0.66,0.67,0.01,0.01,79063.9,1776872156000
1776872158.073,58.073,0.33,0.34,0.66,0.67,0.01,0.01,79063.9,1776872156000
1776872158.944,58.944,0.33,0.34,0.66,0.67,0.01,0.01,79064.03,1776872157000
1776872159.736,59.736,0.33,0.34,0.66,0.67,0.01,0.01,79064.35,1776872158000
1776872160.132,60.132,0.33,0.34,0.66,0.67,0.01,0.01,79064.35,1776872158000
1776872160.605,60.605,0.32,0.34,0.66,0.67,0.02,0.01,79069.03,1776872159000
1776872161.189,61.189,0.31,0.33,0.67,0.68,0.02,0.01,79069.03,1776872159000
1776872161.558,61.558,0.3,0.33,0.67,0.7,0.03,0.03,79069.53,1776872160000
1776872161.966,61.966,0.3,0.31,0.69,0.7,0.01,0.01,79069.53,1776872160000
1776872162.314,62.314,0.27,0.3,0.7,0.73,0.03,0.03,79068.31,1776872161000
1776872162.679,62.679,0.28,0.29,0.71,0.72,0.01,0.01,79068.31,1776872161000
1776872163.092,63.092,0.27,0.28,0.72,0.73,0.01,0.01,79068.31,1776872161000
1776872163.436,63.436,0.27,0.28,0.72,0.73,0.01,0.01,79047.46,1776872162000
1776872163.771,63.771,0.27,0.28,0.72,0.73,0.01,0.01,79047.46,1776872162000
1776872164.137,64.137,0.27,0.28,0.72,0.73,0.01,0.01,79047.46,1776872162000
1776872164.509,64.509,0.27,0.28,0.72,0.73,0.01,0.01,79047.46,1776872162000
1776872164.871,64.871,0.27,0.28,0.72,0.73,0.01,0.01,79041.35,1776872163000
1776872165.215,65.215,0.26,0.27,0.73,0.74,0.01,0.01,79041.35,1776872163000
1776872165.577,65.577,0.26,0.27,0.73,0.74,0.01,0.01,79041.35,1776872163000
1776872165.946,65.946,0.26,0.27,0.73,0.74,0.01,0.01,79048.2,1776872164000
1776872166.32,66.32,0.26,0.27,0.73,0.74,0.01,0.01,79047.78,1776872165000
1776872167.129,67.129,0.25,0.27,0.73,0.75,0.02,0.02,79044.46,1776872166000
1776872167.471,67.471,0.25,0.26,0.73,0.75,0.01,0.02,79044.46,1776872166000
1776872167.921,67.921,0.25,0.26,0.74,0.75,0.01,0.01,79044.46,1776872166000
1776872168.281,68.281,0.25,0.26,0.74,0.75,0.01,0.01,79041.39,1776872167000
1776872169.022,69.022,0.25,0.26,0.74,0.75,0.01,0.01,79041.39,1776872167000
1776872169.426,69.426,0.25,0.26,0.74,0.75,0.01,0.01,79041.29,1776872168000
1776872169.766,69.766,0.24,0.27,0.73,0.76,0.03,0.03,79041.29,1776872168000
1776872170.144,70.144,0.24,0.26,0.74,0.76,0.02,0.02,79037.0,1776872169000
1776872170.656,70.656,0.24,0.26,0.74,0.76,0.02,0.02,79037.0,1776872169000
1776872171.158,71.158,0.24,0.26,0.74,0.76,0.02,0.02,79033.58,1776872170000
1776872171.5,71.5,0.24,0.26,0.74,0.76,0.02,0.02,79033.58,1776872170000
1776872171.922,71.922,0.25,0.26,0.74,0.75,0.01,0.01,79033.58,1776872170000
1776872172.409,72.409,0.25,0.26,0.74,0.75,0.01,0.01,79037.23,1776872171000
1776872172.865,72.865,0.25,0.26,0.74,0.75,0.01,0.01,79037.23,1776872171000
1776872173.25,73.25,0.25,0.26,0.74,0.75,0.01,0.01,79037.23,1776872171000
1776872173.702,73.702,0.25,0.26,0.74,0.75,0.01,0.01,79037.23,1776872171000
1776872174.125,74.125,0.26,0.27,0.73,0.74,0.01,0.01,79034.85,1776872173000
1776872174.646,74.646,0.26,0.27,0.73,0.74,0.01,0.01,79034.85,1776872173000
1776872175.031,75.031,0.31,0.34,0.66,0.7,0.03,0.04,79034.85,1776872173000
1776872175.404,75.404,0.33,0.34,0.66,0.67,0.01,0.01,79040.21,1776872174000
1776872175.799,75.799,0.33,0.34,0.66,0.67,0.01,0.01,79040.21,1776872174000
1776872176.162,76.162,0.33,0.34,0.66,0.67,0.01,0.01,79040.21,1776872174000
1776872177.318,77.318,0.33,0.34,0.66,0.67,0.01,0.01,79057.83,1776872176000
1776872177.866,77.866,0.33,0.34,0.66,0.67,0.01,0.01,79057.83,1776872176000
1776872178.509,78.509,0.33,0.34,0.66,0.67,0.01,0.01,79059.49,1776872177000
1776872178.88,78.88,0.33,0.34,0.66,0.67,0.01,0.01,79059.49,1776872177000
1776872179.295,79.295,0.33,0.34,0.66,0.67,0.01,0.01,79059.05,1776872178000
1776872179.693,79.693,0.33,0.34,0.66,0.67,0.01,0.01,79059.05,1776872178000
1776872180.032,80.032,0.33,0.35,0.65,0.67,0.02,0.02,79059.05,1776872178000
1776872180.369,80.369,0.34,0.38,0.62,0.66,0.04,0.04,79067.25,1776872179000
1776872180.715,80.715,0.33,0.34,0.66,0.67,0.01,0.01,79067.25,1776872179000
1776872181.069,81.069,0.33,0.34,0.66,0.67,0.01,0.01,79067.25,1776872179000
1776872181.451,81.451,0.33,0.34,0.66,0.67,0.01,0.01,79067.67,1776872180000
1776872181.818,81.818,0.33,0.34,0.66,0.67,0.01,0.01,79067.67,1776872180000
1776872182.461,82.461,0.33,0.34,0.66,0.67,0.01,0.01,79067.67,1776872180000
1776872182.934,82.934,0.32,0.34,0.66,0.67,0.02,0.01,79067.83,1776872181000
1776872183.268,83.268,0.29,0.31,0.69,0.71,0.02,0.02,79067.96,1776872182000
1776872183.796,83.796,0.28,0.29,0.7,0.72,0.01,0.02,79067.96,1776872182000
1776872184.193,84.193,0.28,0.29,0.71,0.72,0.01,0.01,79067.96,1776872182000
1776872184.56,84.56,0.27,0.29,0.71,0.72,0.02,0.01,79067.72,1776872183000
1776872185.067,85.067,0.26,0.27,0.73,0.74,0.01,0.01,79067.72,1776872183000
1776872185.739,85.739,0.26,0.27,0.73,0.74,0.01,0.01,79054.69,1776872184000
1776872186.23,86.23,0.26,0.27,0.73,0.74,0.01,0.01,79054.69,1776872184000
1776872186.716,86.716,0.26,0.28,0.73,0.74,0.02,0.01,79054.69,1776872184000
1776872187.05,87.05,0.26,0.28,0.72,0.74,0.02,0.02,79048.81,1776872185000
1776872187.413,87.413,0.26,0.28,0.72,0.74,0.02,0.02,79046.8,1776872186000
1776872187.778,87.778,0.28,0.29,0.7,0.74,0.01,0.04,79046.8,1776872186000
1776872188.219,88.219,0.28,0.29,0.71,0.72,0.01,0.01,79050.86,1776872187000
1776872188.716,88.716,0.36,0.38,0.62,0.64,0.02,0.02,79050.86,1776872187000
1776872189.378,89.378,0.36,0.38,0.62,0.64,0.02,0.02,79050.86,1776872187000
1776872189.715,89.715,0.36,0.39,0.61,0.64,0.03,0.03,79075.54,1776872188000
1776872190.054,90.054,0.38,0.41,0.59,0.62,0.03,0.03,79075.54,1776872188000
1776872190.445,90.445,0.38,0.44,0.56,0.62,0.06,0.06,79101.7,1776872189000
1776872190.785,90.785,0.42,0.45,0.55,0.58,0.03,0.03,79101.7,1776872189000
1776872191.123,91.123,0.42,0.43,0.57,0.58,0.01,0.01,79102.94,1776872190000
1776872191.528,91.528,0.42,0.43,0.57,0.58,0.01,0.01,79102.94,1776872190000
1776872191.955,91.955,0.42,0.43,0.57,0.58,0.01,0.01,79102.94,1776872190000
1776872192.331,92.331,0.42,0.43,0.57,0.58,0.01,0.01,79102.68,1776872191000
1776872192.686,92.686,0.42,0.43,0.57,0.58,0.01,0.01,79102.68,1776872191000
1776872193.025,93.025,0.43,0.44,0.56,0.57,0.01,0.01,79101.3,1776872192000
1776872193.543,93.543,0.43,0.44,0.56,0.57,0.01,0.01,79101.3,1776872192000
1776872193.989,93.989,0.43,0.44,0.56,0.57,0.01,0.01,79101.3,1776872192000
1776872194.405,94.405,0.43,0.44,0.56,0.57,0.01,0.01,79101.3,1776872192000
1776872194.771,94.771,0.43,0.44,0.56,0.57,0.01,0.01,79100.81,1776872193000
1776872195.115,95.115,0.43,0.44,0.56,0.57,0.01,0.01,79099.95,1776872194000
1776872195.514,95.514,0.43,0.44,0.56,0.57,0.01,0.01,79099.95,1776872194000
1776872195.882,95.882,0.43,0.44,0.56,0.57,0.01,0.01,79099.95,1776872194000
1776872196.45,96.45,0.43,0.44,0.56,0.57,0.01,0.01,79100.01,1776872195000
1776872196.86,96.86,0.43,0.44,0.56,0.57,0.01,0.01,79100.01,1776872195000
1776872197.221,97.221,0.43,0.44,0.56,0.57,0.01,0.01,79097.42,1776872196000
1776872197.597,97.597,0.42,0.44,0.56,0.58,0.02,0.02,79097.42,1776872196000
1776872197.984,97.984,0.42,0.44,0.56,0.58,0.02,0.02,79097.42,1776872196000
1776872198.714,98.714,0.43,0.44,0.56,0.57,0.01,0.01,79097.78,1776872197000
1776872199.066,99.066,0.43,0.44,0.56,0.57,0.01,0.01,79100.3,1776872198000
1776872199.419,99.419,0.43,0.48,0.52,0.57,0.05,0.05,79100.3,1776872198000
1776872199.763,99.763,0.49,0.52,0.48,0.51,0.03,0.03,79100.3,1776872198000
1776872200.144,100.144,0.46,0.51,0.49,0.54,0.05,0.05,79100.3,1776872198000
1776872200.5,100.5,0.53,0.58,0.42,0.47,0.05,0.05,79136.8,1776872199000
1776872200.855,100.855,0.56,0.6,0.42,0.44,0.04,0.02,79136.8,1776872199000
1776872201.202,101.202,0.57,0.58,0.42,0.43,0.01,0.01,79140.15,1776872200000
1776872201.549,101.549,0.57,0.58,0.42,0.43,0.01,0.01,79140.15,1776872200000
1776872201.964,101.964,0.57,0.58,0.42,0.43,0.01,0.01,79140.15,1776872200000
1776872202.31,102.31,0.57,0.58,0.42,0.43,0.01,0.01,79140.15,1776872200000
1776872202.756,102.756,0.57,0.58,0.42,0.43,0.01,0.01,79140.65,1776872201000
1776872203.131,103.131,0.57,0.58,0.42,0.43,0.01,0.01,79140.65,1776872201000
1776872203.487,103.487,0.57,0.58,0.42,0.43,0.01,0.01,79141.81,1776872202000
1776872204.294,104.294,0.57,0.58,0.42,0.43,0.01,0.01,79141.81,1776872202000
1776872204.637,104.637,0.57,0.59,0.42,0.43,0.02,0.01,79143.33,1776872203000
1776872205.006,105.006,0.57,0.59,0.41,0.43,0.02,0.02,79143.33,1776872203000
1776872205.428,105.428,0.57,0.59,0.41,0.43,0.02,0.02,79145.0,1776872204000
1776872205.784,105.784,0.57,0.58,0.41,0.43,0.01,0.02,79145.0,1776872204000
1776872206.19,106.19,0.57,0.58,0.42,0.43,0.01,0.01,79145.0,1776872204000
1776872206.528,106.528,0.57,0.58,0.42,0.43,0.01,0.01,79145.0,1776872204000
1776872206.929,106.929,0.57,0.58,0.42,0.43,0.01,0.01,79141.7,1776872205000
1776872207.676,107.676,0.57,0.58,0.42,0.43,0.01,0.01,79140.01,1776872206000
1776872208.299,108.299,0.57,0.58,0.42,0.43,0.01,0.01,79140.01,1776872206000
1776872208.636,108.636,0.57,0.58,0.42,0.43,0.01,0.01,79138.77,1776872207000
1776872209.011,109.011,0.57,0.58,0.42,0.43,0.01,0.01,79138.92,1776872208000
1776872209.349,109.349,0.56,0.57,0.43,0.45,0.01,0.02,79138.92,1776872208000
1776872209.718,109.718,0.56,0.57,0.43,0.44,0.01,0.01,79138.92,1776872208000
1776872210.055,110.055,0.54,0.55,0.45,0.46,0.01,0.01,79138.92,1776872208000
1776872210.392,110.392,0.54,0.55,0.45,0.46,0.01,0.01,79138.91,1776872209000
1776872210.835,110.835,0.54,0.55,0.45,0.46,0.01,0.01,79138.91,1776872209000
1776872211.197,111.197,0.54,0.55,0.45,0.46,0.01,0.01,79138.91,1776872209000
1776872211.624,111.624,0.54,0.55,0.45,0.46,0.01,0.01,79134.26,1776872210000
1776872212.399,112.399,0.54,0.55,0.45,0.46,0.01,0.01,79132.72,1776872211000
1776872213.185,113.185,0.54,0.55,0.45,0.46,0.01,0.01,79128.18,1776872212000
1776872213.92,113.92,0.54,0.55,0.45,0.46,0.01,0.01,79128.18,1776872212000
1776872214.337,114.337,0.54,0.55,0.45,0.46,0.01,0.01,79130.29,1776872213000
1776872214.682,114.682,0.54,0.55,0.45,0.46,0.01,0.01,79130.29,1776872213000
1776872215.036,115.036,0.54,0.55,0.45,0.46,0.01,0.01,79130.29,1776872213000
1776872215.503,115.503,0.54,0.55,0.45,0.46,0.01,0.01,79133.55,1776872214000
1776872215.87,115.87,0.54,0.55,0.45,0.46,0.01,0.01,79132.8,1776872215000
1776872216.213,116.213,0.54,0.55,0.45,0.46,0.01,0.01,79132.8,1776872215000
1776872216.554,116.554,0.54,0.55,0.45,0.46,0.01,0.01,79132.8,1776872215000
1776872216.92,116.92,0.54,0.58,0.44,0.46,0.04,0.02,79132.8,1776872215000
1776872217.255,117.255,0.58,0.6,0.4,0.42,0.02,0.02,79132.8,1776872215000
1776872217.596,117.596,0.55,0.6,0.4,0.45,0.05,0.05,79132.8,1776872215000
1776872217.931,117.931,0.59,0.6,0.4,0.41,0.01,0.01,79132.8,1776872215000
1776872218.287,118.287,0.59,0.6,0.4,0.41,0.01,0.01,79132.8,1776872215000
1776872218.641,118.641,0.6,0.61,0.39,0.4,0.01,0.01,79132.8,1776872215000
1776872219.098,119.098,0.61,0.62,0.38,0.4,0.01,0.02,79156.89,1776872217000
1776872219.577,119.577,0.61,0.62,0.38,0.39,0.01,0.01,79157.32,1776872218000
1776872219.914,119.914,0.61,0.62,0.38,0.39,0.01,0.01,79157.32,1776872218000
1776872220.252,120.252,0.61,0.62,0.38,0.39,0.01,0.01,79157.32,1776872218000
1776872220.681,120.681,0.61,0.63,0.38,0.39,0.02,0.01,79157.4,1776872219000
1776872221.046,121.046,0.65,0.66,0.34,0.35,0.01,0.01,79157.4,1776872219000
1776872221.388,121.388,0.65,0.66,0.34,0.35,0.01,0.01,79157.4,1776872219000
1776872221.733,121.733,0.65,0.66,0.34,0.35,0.01,0.01,79157.4,1776872219000
1776872222.168,122.168,0.65,0.66,0.34,0.35,0.01,0.01,79157.51,1776872220000
1776872222.526,122.526,0.65,0.66,0.34,0.35,0.01,0.01,79157.51,1776872220000
1776872222.901,122.901,0.65,0.66,0.34,0.35,0.01,0.01,79164.76,1776872221000
1776872224.027,124.027,0.65,0.66,0.34,0.35,0.01,0.01,79161.18,1776872223000
1776872224.575,124.575,0.65,0.66,0.34,0.35,0.01,0.01,79161.18,1776872223000
1776872224.925,124.925,0.65,0.66,0.34,0.35,0.01,0.01,79161.18,1776872223000
1776872225.282,125.282,0.65,0.66,0.34,0.35,0.01,0.01,79160.99,1776872224000
1776872225.629,125.629,0.65,0.66,0.34,0.35,0.01,0.01,79160.99,1776872224000
1776872226.014,126.014,0.65,0.66,0.34,0.35,0.01,0.01,79160.99,1776872224000
1776872226.347,126.347,0.65,0.66,0.34,0.35,0.01,0.01,79161.15,1776872225000
1776872226.711,126.711,0.62,0.64,0.36,0.38,0.02,0.02,79161.15,1776872225000
1776872227.257,127.257,0.62,0.63,0.37,0.38,0.01,0.01,79161.15,1776872225000
1776872227.606,127.606,0.61,0.63,0.37,0.38,0.02,0.01,79157.89,1776872226000
1776872227.985,127.985,0.62,0.63,0.37,0.38,0.01,0.01,79157.89,1776872226000
1776872228.331,128.331,0.62,0.63,0.37,0.38,0.01,0.01,79147.66,1776872227000
1776872228.745,128.745,0.62,0.63,0.37,0.38,0.01,0.01,79147.66,1776872227000
1776872229.169,129.169,0.62,0.63,0.37,0.38,0.01,0.01,79147.66,1776872227000
1776872229.599,129.599,0.62,0.63,0.37,0.38,0.01,0.01,79150.84,1776872228000
1776872230.12,130.12,0.62,0.63,0.37,0.38,0.01,0.01,79150.84,1776872228000
1776872230.503,130.503,0.62,0.63,0.37,0.38,0.01,0.01,79150.84,1776872228000
1776872230.849,130.849,0.62,0.63,0.37,0.38,0.01,0.01,79152.13,1776872229000
1776872231.364,131.364,0.62,0.63,0.37,0.38,0.01,0.01,79152.13,1776872230000
1776872231.851,131.851,0.62,0.63,0.37,0.38,0.01,0.01,79152.13,1776872230000
1776872232.477,132.477,0.62,0.63,0.37,0.38,0.01,0.01,79151.78,1776872231000
1776872233.278,133.278,0.62,0.63,0.37,0.38,0.01,0.01,79151.78,1776872231000
1776872233.93,133.93,0.62,0.63,0.37,0.38,0.01,0.01,79151.41,1776872232000
1776872234.442,134.442,0.57,0.61,0.39,0.43,0.04,0.04,79150.7,1776872233000
1776872234.782,134.782,0.62,0.63,0.37,0.38,0.01,0.01,79150.7,1776872233000
1776872235.115,135.115,0.6,0.62,0.38,0.4,0.02,0.02,79150.7,1776872233000
1776872235.449,135.449,0.6,0.61,0.39,0.4,0.01,0.01,79150.7,1776872233000
1776872235.81,135.81,0.58,0.59,0.4,0.41,0.01,0.01,79141.61,1776872234000
1776872236.17,136.17,0.58,0.59,0.41,0.42,0.01,0.01,79141.61,1776872234000
1776872236.556,136.556,0.58,0.59,0.41,0.42,0.01,0.01,79141.61,1776872234000
1776872236.949,136.949,0.58,0.59,0.41,0.42,0.01,0.01,79142.01,1776872235000
1776872237.323,137.323,0.58,0.59,0.41,0.42,0.01,0.01,79142.01,1776872235000
1776872237.814,137.814,0.58,0.59,0.41,0.42,0.01,0.01,79141.32,1776872236000
1776872238.15,138.15,0.61,0.63,0.38,0.4,0.02,0.02,79141.32,1776872236000
1776872238.577,138.577,0.62,0.63,0.37,0.39,0.01,0.02,79141.32,1776872236000
1776872238.916,138.916,0.62,0.63,0.37,0.38,0.01,0.01,79141.32,1776872236000
1776872239.47,139.47,0.62,0.63,0.37,0.38,0.01,0.01,79137.59,1776872237000
1776872240.057,140.057,0.62,0.63,0.37,0.38,0.01,0.01,79140.65,1776872238000
1776872240.413,140.413,0.62,0.63,0.37,0.38,0.01,0.01,79145.24,1776872239000
1776872241.004,141.004,0.62,0.63,0.37,0.38,0.01,0.01,79147.21,1776872240000
1776872241.409,141.409,0.62,0.63,0.37,0.38,0.01,0.01,79147.21,1776872240000
1776872241.914,141.914,0.61,0.63,0.37,0.38,0.02,0.01,79147.21,1776872240000
1776872242.255,142.255,0.61,0.63,0.37,0.39,0.02,0.02,79147.21,1776872240000
1776872242.827,142.827,0.62,0.63,0.37,0.38,0.01,0.01,79148.34,1776872241000
1776872243.508,143.508,0.61,0.62,0.37,0.39,0.01,0.02,79146.51,1776872242000
1776872243.861,143.861,0.58,0.61,0.39,0.41,0.03,0.02,79146.51,1776872242000
1776872244.298,144.298,0.6,0.61,0.39,0.4,0.01,0.01,79146.51,1776872242000
1776872245.223,145.223,0.6,0.61,0.39,0.4,0.01,0.01,79144.32,1776872244000
1776872245.586,145.586,0.6,0.61,0.39,0.4,0.01,0.01,79144.32,1776872244000
1776872245.948,145.948,0.62,0.63,0.37,0.38,0.01,0.01,79144.32,1776872244000
1776872246.303,146.303,0.62,0.63,0.37,0.38,0.01,0.01,79144.32,1776872244000
1776872246.653,146.653,0.63,0.64,0.36,0.37,0.01,0.01,79144.32,1776872244000
1776872247.059,147.059,0.64,0.65,0.35,0.36,0.01,0.01,79151.36,1776872245000
1776872247.437,147.437,0.67,0.68,0.32,0.33,0.01,0.01,79151.36,1776872246000
1776872248.073,148.073,0.7,0.71,0.29,0.32,0.01,0.03,79151.36,1776872246000
1776872248.499,148.499,0.72,0.73,0.27,0.29,0.01,0.02,79151.36,1776872246000
1776872248.865,148.865,0.72,0.73,0.27,0.28,0.01,0.01,79163.37,1776872247000
1776872249.426,149.426,0.72,0.74,0.26,0.28,0.02,0.02,79170.78,1776872248000
1776872249.764,149.764,0.73,0.74,0.26,0.28,0.01,0.02,79170.78,1776872248000
1776872250.735,150.735,0.73,0.74,0.26,0.27,0.01,0.01,79173.9,1776872249000
1776872251.182,151.182,0.73,0.74,0.26,0.27,0.01,0.01,79176.99,1776872250000
1776872251.749,151.749,0.73,0.74,0.26,0.27,0.01,0.01,79176.99,1776872250000
1776872252.18,152.18,0.73,0.74,0.26,0.27,0.01,0.01,79178.52,1776872251000
1776872252.575,152.575,0.73,0.74,0.26,0.27,0.01,0.01,79178.52,1776872251000
1776872252.993,152.993,0.73,0.74,0.26,0.27,0.01,0.01,79178.52,1776872251000
1776872253.404,153.404,0.73,0.74,0.26,0.27,0.01,0.01,79178.48,1776872252000
1776872253.829,153.829,0.72,0.73,0.26,0.28,0.01,0.02,79178.48,1776872252000
1776872254.164,154.164,0.72,0.73,0.27,0.28,0.01,0.01,79177.72,1776872253000
1776872254.618,154.618,0.73,0.75,0.26,0.27,0.02,0.01,79177.72,1776872253000
1776872254.963,154.963,0.74,0.76,0.25,0.26,0.02,0.01,79177.72,1776872253000
1776872255.298,155.298,0.75,0.76,0.24,0.25,0.01,0.01,79176.84,1776872254000
1776872255.65,155.65,0.75,0.76,0.24,0.25,0.01,0.01,79176.84,1776872254000
1776872256.018,156.018,0.75,0.76,0.24,0.25,0.01,0.01,79176.84,1776872254000
1776872256.364,156.364,0.75,0.76,0.24,0.25,0.01,0.01,79177.34,1776872255000
1776872256.74,156.74,0.75,0.76,0.24,0.25,0.01,0.01,79177.34,1776872255000
1776872257.445,157.445,0.75,0.76,0.24,0.25,0.01,0.01,79182.99,1776872256000
1776872257.81,157.81,0.73,0.74,0.26,0.27,0.01,0.01,79182.99,1776872256000
1776872258.151,158.151,0.73,0.74,0.26,0.27,0.01,0.01,79186.46,1776872257000
1776872258.814,158.814,0.73,0.74,0.26,0.27,0.01,0.01,79186.46,1776872257000
1776872259.23,159.23,0.73,0.75,0.26,0.27,0.02,0.01,79185.91,1776872258000
1776872259.588,159.588,0.74,0.76,0.24,0.26,0.02,0.02,79185.91,1776872258000
1776872259.966,159.966,0.74,0.76,0.24,0.26,0.02,0.02,79185.91,1776872258000
1776872260.521,160.521,0.74,0.76,0.24,0.26,0.02,0.02,79178.83,1776872259000
1776872260.893,160.893,0.76,0.77,0.23,0.24,0.01,0.01,79181.91,1776872260000
1776872261.26,161.26,0.75,0.76,0.24,0.25,0.01,0.01,79181.91,1776872260000
1776872261.614,161.614,0.75,0.76,0.24,0.25,0.01,0.01,79181.91,1776872260000
1776872262.386,162.386,0.75,0.76,0.24,0.25,0.01,0.01,79184.88,1776872261000
1776872262.789,162.789,0.75,0.76,0.24,0.25,0.01,0.01,79184.88,1776872261000
1776872263.131,163.131,0.75,0.76,0.24,0.25,0.01,0.01,79185.48,1776872262000
1776872263.962,163.962,0.75,0.77,0.22,0.25,0.02,0.03,79185.48,1776872262000
1776872264.314,164.314,0.75,0.76,0.24,0.25,0.01,0.01,79185.42,1776872263000
1776872264.746,164.746,0.75,0.76,0.24,0.25,0.01,0.01,79185.42,1776872263000
1776872265.164,165.164,0.75,0.76,0.24,0.25,0.01,0.01,79185.42,1776872263000
1776872265.52,165.52,0.75,0.76,0.24,0.25,0.01,0.01,79185.42,1776872263000
1776872265.872,165.872,0.75,0.76,0.24,0.25,0.01,0.01,79186.97,1776872264000
1776872266.219,166.219,0.75,0.76,0.24,0.25,0.01,0.01,79186.97,1776872265000
1776872266.595,166.595,0.75,0.76,0.24,0.25,0.01,0.01,79186.97,1776872265000
1776872267.002,167.002,0.75,0.76,0.24,0.25,0.01,0.01,79186.97,1776872265000
1776872267.35,167.35,0.75,0.76,0.24,0.25,0.01,0.01,79186.74,1776872266000
1776872267.889,167.889,0.75,0.76,0.24,0.25,0.01,0.01,79186.74,1776872266000
1776872268.31,168.31,0.72,0.76,0.24,0.25,0.04,0.01,79186.86,1776872267000
1776872268.743,168.743,0.75,0.76,0.24,0.25,0.01,0.01,79186.86,1776872267000
1776872269.133,169.133,0.75,0.76,0.24,0.25,0.01,0.01,79186.86,1776872268000
1776872269.514,169.514,0.75,0.76,0.24,0.25,0.01,0.01,79186.86,1776872268000
1776872269.978,169.978,0.75,0.76,0.24,0.25,0.01,0.01,79186.86,1776872268000
1776872270.522,170.522,0.75,0.76,0.24,0.25,0.01,0.01,79186.83,1776872269000
1776872270.962,170.962,0.76,0.77,0.23,0.25,0.01,0.02,79186.83,1776872269000
1776872271.378,171.378,0.76,0.77,0.23,0.24,0.01,0.01,79186.82,1776872270000
1776872271.803,171.803,0.76,0.78,0.22,0.24,0.02,0.02,79186.82,1776872270000
1776872272.316,172.316,0.78,0.79,0.21,0.22,0.01,0.01,79189.38,1776872271000
1776872272.68,172.68,0.78,0.79,0.21,0.22,0.01,0.01,79189.38,1776872271000
1776872273.055,173.055,0.78,0.79,0.21,0.22,0.01,0.01,79192.08,1776872272000
1776872273.392,173.392,0.78,0.79,0.21,0.22,0.01,0.01,79192.08,1776872272000
1776872273.863,173.863,0.78,0.79,0.21,0.22,0.01,0.01,79192.08,1776872272000
1776872274.212,174.212,0.78,0.8,0.2,0.22,0.02,0.02,79197.71,1776872273000
1776872274.545,174.545,0.79,0.81,0.19,0.21,0.02,0.02,79197.71,1776872273000
1776872274.919,174.919,0.84,0.85,0.15,0.16,0.01,0.01,79197.71,1776872273000
1776872275.268,175.268,0.84,0.85,0.15,0.16,0.01,0.01,79198.64,1776872274000
1776872275.62,175.62,0.84,0.85,0.15,0.16,0.01,0.01,79198.64,1776872274000
1776872275.972,175.972,0.84,0.85,0.15,0.16,0.01,0.01,79198.64,1776872274000
1776872276.431,176.431,0.84,0.85,0.15,0.16,0.01,0.01,79214.81,1776872275000
1776872276.77,176.77,0.84,0.86,0.14,0.16,0.02,0.02,79214.81,1776872275000
1776872277.398,177.398,0.85,0.86,0.14,0.15,0.01,0.01,79236.98,1776872276000
1776872278.085,178.085,0.85,0.86,0.14,0.15,0.01,0.01,79236.98,1776872276000
1776872278.45,178.45,0.85,0.86,0.14,0.15,0.01,0.01,79236.98,1776872276000
1776872278.861,178.861,0.85,0.86,0.14,0.15,0.01,0.01,79236.98,1776872276000
1776872279.629,179.629,0.85,0.87,0.14,0.15,0.02,0.01,79237.45,1776872277000
1776872280.009,180.009,0.85,0.88,0.12,0.15,0.03,0.03,79237.54,1776872278000
1776872280.357,180.357,0.85,0.88,0.12,0.15,0.03,0.03,79237.54,1776872278000
1776872280.757,180.757,0.85,0.88,0.12,0.15,0.03,0.03,79237.77,1776872279000
1776872281.141,181.141,0.86,0.88,0.12,0.15,0.02,0.03,79237.77,1776872279000
1776872281.932,181.932,0.85,0.86,0.12,0.15,0.01,0.03,79237.47,1776872280000
1776872282.273,182.273,0.85,0.86,0.14,0.15,0.01,0.01,79237.47,1776872280000
1776872282.607,182.607,0.85,0.86,0.14,0.15,0.01,0.01,79237.47,1776872280000
1776872282.946,182.946,0.85,0.86,0.14,0.15,0.01,0.01,79228.69,1776872281000
1776872283.346,183.346,0.85,0.86,0.14,0.15,0.01,0.01,79228.69,1776872281000
1776872283.74,183.74,0.85,0.86,0.14,0.15,0.01,0.01,79221.1,1776872282000
1776872284.082,184.082,0.85,0.86,0.14,0.15,0.01,0.01,79221.1,1776872282000
1776872284.607,184.607,0.84,0.86,0.14,0.15,0.02,0.01,79218.48,1776872283000
1776872284.944,184.944,0.84,0.85,0.15,0.16,0.01,0.01,79218.48,1776872283000
1776872285.297,185.297,0.84,0.85,0.15,0.16,0.01,0.01,79218.48,1776872283000
1776872285.813,185.813,0.84,0.85,0.15,0.16,0.01,0.01,79218.48,1776872283000
1776872286.248,186.248,0.82,0.85,0.15,0.16,0.03,0.01,79213.45,1776872284000
1776872286.723,186.723,0.84,0.85,0.15,0.16,0.01,0.01,79212.79,1776872285000
1776872287.345,187.345,0.84,0.85,0.15,0.16,0.01,0.01,79212.41,1776872286000
1776872288.186,188.186,0.84,0.85,0.15,0.16,0.01,0.01,79212.41,1776872286000
1776872288.668,188.668,0.84,0.85,0.15,0.16,0.01,0.01,79212.68,1776872287000
1776872289.554,189.554,0.84,0.85,0.15,0.16,0.01,0.01,79216.7,1776872288000
1776872289.987,189.987,0.84,0.85,0.15,0.16,0.01,0.01,79216.7,1776872288000
1776872290.325,190.325,0.84,0.85,0.14,0.16,0.01,0.02,79217.37,1776872289000
1776872290.709,190.709,0.84,0.85,0.15,0.16,0.01,0.01,79217.37,1776872289000
1776872291.302,191.302,0.84,0.85,0.13,0.16,0.01,0.03,79217.37,1776872289000
1776872291.639,191.639,0.84,0.86,0.14,0.16,0.02,0.02,79217.37,1776872289000
1776872292.023,192.023,0.84,0.85,0.15,0.16,0.01,0.01,79217.2,1776872290000
1776872292.39,192.39,0.84,0.85,0.15,0.16,0.01,0.01,79217.2,1776872290000
1776872292.777,192.777,0.84,0.85,0.15,0.16,0.01,0.01,79216.99,1776872291000
1776872293.23,193.23,0.84,0.85,0.15,0.16,0.01,0.01,79216.99,1776872291000
1776872293.651,193.651,0.84,0.85,0.15,0.16,0.01,0.01,79216.31,1776872292000
1776872294.002,194.002,0.84,0.85,0.15,0.16,0.01,0.01,79216.31,1776872292000
1776872294.538,194.538,0.84,0.85,0.15,0.16,0.01,0.01,79216.31,1776872292000
1776872294.875,194.875,0.84,0.85,0.15,0.16,0.01,0.01,79215.59,1776872293000
1776872295.218,195.218,0.84,0.85,0.15,0.16,0.01,0.01,79215.59,1776872293000
1776872295.555,195.555,0.84,0.85,0.15,0.16,0.01,0.01,79215.34,1776872294000
1776872296.285,196.285,0.84,0.85,0.15,0.16,0.01,0.01,79216.31,1776872295000
1776872297.413,197.413,0.84,0.85,0.15,0.16,0.01,0.01,79216.31,1776872295000
1776872298.107,198.107,0.84,0.85,0.15,0.16,0.01,0.01,79216.31,1776872295000
1776872298.668,198.668,0.84,0.85,0.15,0.16,0.01,0.01,79215.37,1776872297000
1776872299.105,199.105,0.84,0.85,0.15,0.16,0.01,0.01,79215.37,1776872297000
1776872299.556,199.556,0.84,0.85,0.15,0.16,0.01,0.01,79214.23,1776872298000
1776872300.301,200.301,0.84,0.85,0.15,0.16,0.01,0.01,79214.23,1776872298000
1776872300.934,200.934,0.84,0.85,0.15,0.16,0.01,0.01,79214.95,1776872300000
1776872301.288,201.288,0.84,0.86,0.14,0.16,0.02,0.02,79214.95,1776872300000
1776872301.656,201.656,0.84,0.86,0.15,0.16,0.02,0.01,79214.95,1776872300000
1776872302.008,202.008,0.85,0.87,0.13,0.15,0.02,0.02,79214.92,1776872301000
1776872302.413,202.413,0.85,0.86,0.14,0.15,0.01,0.01,79214.92,1776872301000
1776872302.811,202.811,0.85,0.86,0.14,0.15,0.01,0.01,79214.92,1776872301000
1776872303.182,203.182,0.86,0.87,0.13,0.14,0.01,0.01,79214.24,1776872302000
1776872303.573,203.573,0.86,0.87,0.13,0.14,0.01,0.01,79214.24,1776872302000
1776872303.961,203.961,0.86,0.87,0.13,0.14,0.01,0.01,79214.24,1776872302000
1776872304.678,204.678,0.86,0.87,0.13,0.14,0.01,0.01,79215.55,1776872303000
1776872305.179,205.179,0.86,0.87,0.13,0.14,0.01,0.01,79215.55,1776872303000
1776872305.665,205.665,0.86,0.88,0.12,0.14,0.02,0.02,79216.65,1776872304000
1776872306.124,206.124,0.86,0.88,0.12,0.14,0.02,0.02,79215.15,1776872305000
1776872306.868,206.868,0.86,0.88,0.12,0.14,0.02,0.02,79215.15,1776872305000
1776872307.357,207.357,0.87,0.88,0.12,0.13,0.01,0.01,79215.01,1776872306000
1776872307.769,207.769,0.87,0.88,0.12,0.13,0.01,0.01,79215.01,1776872306000
1776872308.222,208.222,0.87,0.88,0.12,0.13,0.01,0.01,79215.01,1776872306000
1776872308.967,208.967,0.87,0.88,0.12,0.13,0.01,0.01,79216.93,1776872307000
1776872309.309,209.309,0.87,0.88,0.12,0.13,0.01,0.01,79216.51,1776872308000
1776872309.718,209.718,0.88,0.89,0.11,0.13,0.01,0.02,79216.51,1776872308000
1776872310.147,210.147,0.88,0.89,0.11,0.12,0.01,0.01,79216.51,1776872308000
1776872310.539,210.539,0.89,0.9,0.1,0.11,0.01,0.01,79215.17,1776872309000
1776872310.904,210.904,0.89,0.9,0.1,0.11,0.01,0.01,79215.17,1776872309000
1776872311.723,211.723,0.89,0.9,0.1,0.11,0.01,0.01,79215.17,1776872310000
1776872312.605,212.605,0.89,0.9,0.1,0.11,0.01,0.01,79216.12,1776872311000
1776872312.945,212.945,0.89,0.9,0.1,0.11,0.01,0.01,79216.12,1776872311000
1776872313.319,213.319,0.9,0.91,0.09,0.11,0.01,0.02,79216.12,1776872312000
1776872313.656,213.656,0.9,0.91,0.09,0.1,0.01,0.01,79216.12,1776872312000
1776872314.003,214.003,0.9,0.91,0.09,0.1,0.01,0.01,79216.12,1776872312000
1776872314.374,214.374,0.9,0.91,0.09,0.1,0.01,0.01,79215.96,1776872313000
1776872314.985,214.985,0.86,0.91,0.09,0.1,0.05,0.01,79215.96,1776872313000
1776872315.407,215.407,0.89,0.91,0.09,0.14,0.02,0.05,79215.97,1776872314000
1776872315.871,215.871,0.86,0.9,0.13,0.14,0.04,0.01,79215.97,1776872314000
1776872316.319,216.319,0.87,0.9,0.1,0.14,0.03,0.04,79215.97,1776872315000
1776872316.765,216.765,0.9,0.91,0.09,0.1,0.01,0.01,79215.97,1776872315000
1776872317.147,217.147,0.9,0.91,0.09,0.1,0.01,0.01,79213.57,1776872316000
1776872317.55,217.55,0.9,0.91,0.09,0.1,0.01,0.01,79213.57,1776872316000
1776872317.986,217.986,0.89,0.9,0.1,0.11,0.01,0.01,79212.2,1776872317000
1776872318.386,218.386,0.88,0.9,0.1,0.12,0.02,0.02,79212.2,1776872317000
1776872318.723,218.723,0.87,0.88,0.12,0.13,0.01,0.01,79212.2,1776872317000
1776872319.694,219.694,0.87,0.88,0.11,0.13,0.01,0.02,79211.9,1776872318000
1776872320.034,220.034,0.87,0.89,0.12,0.13,0.02,0.01,79208.18,1776872319000
1776872320.708,220.708,0.87,0.88,0.11,0.13,0.01,0.02,79208.18,1776872319000
1776872321.148,221.148,0.87,0.88,0.12,0.13,0.01,0.01,79200.81,1776872320000
1776872321.484,221.484,0.86,0.87,0.13,0.14,0.01,0.01,79200.81,1776872320000
1776872321.869,221.869,0.82,0.83,0.17,0.18,0.01,0.01,79200.81,1776872320000
1776872322.214,222.214,0.82,0.83,0.17,0.18,0.01,0.01,79200.98,1776872321000
1776872322.568,222.568,0.82,0.83,0.17,0.18,0.01,0.01,79200.98,1776872321000
1776872322.967,222.967,0.82,0.83,0.17,0.18,0.01,0.01,79200.98,1776872321000
1776872323.327,223.327,0.82,0.83,0.17,0.18,0.01,0.01,79200.98,1776872321000
1776872323.685,223.685,0.82,0.83,0.17,0.18,0.01,0.01,79193.62,1776872322000
1776872324.018,224.018,0.82,0.83,0.16,0.18,0.01,0.02,79190.77,1776872323000
1776872324.446,224.446,0.83,0.84,0.16,0.18,0.01,0.02,79190.77,1776872323000
1776872324.878,224.878,0.83,0.85,0.16,0.17,0.02,0.01,79190.77,1776872323000
1776872325.216,225.216,0.84,0.85,0.15,0.16,0.01,0.01,79190.77,1776872323000
1776872325.584,225.584,0.84,0.85,0.15,0.16,0.01,0.01,79181.29,1776872324000
1776872325.956,225.956,0.84,0.85,0.15,0.16,0.01,0.01,79181.29,1776872324000
1776872326.297,226.297,0.84,0.85,0.15,0.16,0.01,0.01,79181.29,1776872324000
1776872326.75,226.75,0.84,0.85,0.15,0.16,0.01,0.01,79181.29,1776872324000
1776872327.236,227.236,0.84,0.85,0.15,0.16,0.01,0.01,79181.13,1776872325000
1776872327.616,227.616,0.85,0.86,0.14,0.15,0.01,0.01,79181.13,1776872325000
1776872328.016,228.016,0.85,0.86,0.14,0.15,0.01,0.01,79181.13,1776872325000
1776872328.386,228.386,0.86,0.87,0.12,0.14,0.01,0.02,79182.17,1776872326000
1776872328.906,228.906,0.86,0.87,0.13,0.14,0.01,0.01,79182.59,1776872327000
1776872329.423,229.423,0.86,0.88,0.13,0.14,0.02,0.01,79182.59,1776872327000
1776872329.758,229.758,0.9,0.91,0.09,0.11,0.01,0.02,79183.05,1776872328000
1776872330.213,230.213,0.9,0.91,0.09,0.1,0.01,0.01,79183.05,1776872328000
1776872330.776,230.776,0.9,0.91,0.09,0.1,0.01,0.01,79183.84,1776872329000
1776872331.182,231.182,0.9,0.91,0.09,0.1,0.01,0.01,79183.84,1776872329000
1776872331.551,231.551,0.9,0.91,0.09,0.1,0.01,0.01,79183.84,1776872329000
1776872332.041,232.041,0.9,0.92,0.08,0.1,0.02,0.02,79195.94,1776872330000
1776872332.435,232.435,0.91,0.92,0.08,0.09,0.01,0.01,79195.94,1776872330000
1776872332.872,232.872,0.91,0.92,0.08,0.09,0.01,0.01,79201.2,1776872331000
1776872333.227,233.227,0.92,0.93,0.07,0.09,0.01,0.02,79201.2,1776872331000
1776872333.565,233.565,0.92,0.93,0.07,0.08,0.01,0.01,79202.63,1776872332000
1776872333.926,233.926,0.92,0.93,0.07,0.08,0.01,0.01,79202.63,1776872332000
1776872334.584,234.584,0.92,0.93,0.07,0.08,0.01,0.01,79204.47,1776872333000
1776872335.086,235.086,0.92,0.93,0.07,0.08,0.01,0.01,79204.47,1776872333000
1776872335.477,235.477,0.92,0.93,0.07,0.08,0.01,0.01,79204.47,1776872333000
1776872335.814,235.814,0.93,0.94,0.06,0.07,0.01,0.01,79204.47,1776872333000
1776872336.189,236.189,0.93,0.95,0.05,0.07,0.02,0.02,79207.28,1776872334000
1776872336.526,236.526,0.94,0.95,0.05,0.06,0.01,0.01,79207.44,1776872335000
1776872336.931,236.931,0.94,0.95,0.05,0.06,0.01,0.01,79207.44,1776872335000
1776872337.285,237.285,0.94,0.95,0.05,0.06,0.01,0.01,79207.84,1776872336000
1776872337.871,237.871,0.94,0.95,0.05,0.06,0.01,0.01,79207.84,1776872336000
1776872338.557,238.557,0.94,0.95,0.05,0.06,0.01,0.01,79208.53,1776872337000
1776872338.904,238.904,0.94,0.95,0.05,0.06,0.01,0.01,79208.53,1776872337000
1776872339.275,239.275,0.94,0.95,0.05,0.06,0.01,0.01,79208.53,1776872337000
1776872339.622,239.622,0.94,0.95,0.05,0.06,0.01,0.01,79208.36,1776872338000
1776872339.963,239.963,0.94,0.95,0.05,0.06,0.01,0.01,79208.36,1776872338000
1776872340.304,240.304,0.95,0.96,0.04,0.06,0.01,0.02,79208.36,1776872338000
1776872340.652,240.652,0.95,0.96,0.04,0.05,0.01,0.01,79208.36,1776872338000
1776872341.021,241.021,0.95,0.96,0.04,0.05,0.01,0.01,79209.88,1776872339000
1776872341.482,241.482,0.96,0.97,0.03,0.04,0.01,0.01,79209.88,1776872339000
1776872341.949,241.949,0.96,0.97,0.03,0.04,0.01,0.01,79212.61,1776872340000
1776872342.365,242.365,0.97,0.98,0.02,0.03,0.01,0.01,79212.61,1776872340000
1776872342.818,242.818,0.98,0.99,0.01,0.02,0.01,0.01,79212.88,1776872341000
1776872343.184,243.184,0.98,0.99,0.01,0.02,0.01,0.01,79212.88,1776872341000
1776872343.608,243.608,0.98,0.99,0.01,0.02,0.01,0.01,79213.07,1776872342000
1776872344.311,244.311,0.98,0.99,0.01,0.02,0.01,0.01,79213.07,1776872342000
1776872344.723,244.723,0.98,0.99,0.01,0.02,0.01,0.01,79231.57,1776872343000
1776872345.167,245.167,0.98,0.99,0.01,0.02,0.01,0.01,79231.57,1776872343000
1776872345.548,245.548,0.98,0.99,0.01,0.02,0.01,0.01,79237.79,1776872344000
1776872345.975,245.975,0.98,0.99,0.01,0.02,0.01,0.01,79237.79,1776872344000
1776872346.429,246.429,0.98,0.99,0.01,0.02,0.01,0.01,79231.63,1776872345000
1776872346.765,246.765,0.98,0.99,0.01,0.02,0.01,0.01,79231.63,1776872345000
1776872347.133,247.133,0.98,0.99,0.01,0.02,0.01,0.01,79232.79,1776872346000
1776872347.485,247.485,0.98,0.99,0.01,0.02,0.01,0.01,79232.79,1776872346000
1776872347.835,247.835,0.98,0.99,0.01,0.02,0.01,0.01,79232.79,1776872346000
1776872348.198,248.198,0.98,0.99,0.01,0.02,0.01,0.01,79236.09,1776872347000
1776872348.539,248.539,0.98,0.99,0.01,0.02,0.01,0.01,79236.09,1776872347000
1776872348.925,248.925,0.98,0.99,0.01,0.02,0.01,0.01,79237.5,1776872348000
1776872349.304,249.304,0.98,0.99,0.01,0.02,0.01,0.01,79237.5,1776872348000
1776872349.765,249.765,0.98,0.99,0.01,0.02,0.01,0.01,79237.5,1776872348000
1776872350.166,250.166,0.98,0.99,0.01,0.02,0.01,0.01,79236.95,1776872349000
1776872350.576,250.576,0.99,0.99,0.01,0.02,0.0,0.01,79236.95,1776872349000
1776872350.933,250.933,0.99,0.99,0.01,0.01,0.0,0.0,79238.64,1776872350000
1776872351.322,251.322,0.99,0.99,0.01,0.01,0.0,0.0,79238.64,1776872350000
1776872351.793,251.793,0.99,0.99,0.01,0.01,0.0,0.0,79238.64,1776872350000
1776872352.227,252.227,0.99,0.99,0.01,0.01,0.0,0.0,79244.57,1776872351000
1776872352.634,252.634,0.99,0.99,0.01,0.01,0.0,0.0,79244.57,1776872351000
1776872353.079,253.079,0.99,0.99,0.01,0.01,0.0,0.0,79246.78,1776872352000
1776872353.459,253.459,0.99,0.99,0.01,0.01,0.0,0.0,79246.78,1776872352000
1776872354.066,254.066,0.99,0.99,0.01,0.01,0.0,0.0,79246.78,1776872352000
1776872354.614,254.614,0.99,0.99,0.01,0.01,0.0,0.0,79271.82,1776872353000
1776872355.099,255.099,0.99,0.99,0.01,0.01,0.0,0.0,79271.82,1776872353000
1776872355.474,255.474,0.99,0.99,0.01,0.01,0.0,0.0,79290.04,1776872354000
1776872355.948,255.948,0.99,0.99,0.01,0.01,0.0,0.0,79290.04,1776872354000
1776872356.288,256.288,0.99,0.99,0.01,0.01,0.0,0.0,79290.04,1776872354000
1776872356.977,256.977,0.99,0.99,0.01,0.01,0.0,0.0,79293.77,1776872355000
1776872357.655,257.655,0.99,0.99,0.01,0.01,0.0,0.0,79296.6,1776872356000
1776872358.324,258.324,0.99,0.99,0.01,0.01,0.0,0.0,79296.6,1776872356000
1776872359.057,259.057,0.99,0.99,0.01,0.01,0.0,0.0,79298.67,1776872358000
1776872359.937,259.937,0.99,0.99,0.01,0.01,0.0,0.0,79298.67,1776872358000
1776872360.387,260.387,0.99,0.99,0.01,0.01,0.0,0.0,79299.46,1776872359000
1776872361.102,261.102,0.99,0.99,0.01,0.01,0.0,0.0,79299.46,1776872359000
1776872361.716,261.716,0.99,0.99,0.01,0.01,0.0,0.0,79300.98,1776872360000
1776872362.255,262.255,0.99,0.99,0.01,0.01,0.0,0.0,79300.98,1776872360000
1776872362.954,262.954,0.99,0.99,0.01,0.01,0.0,0.0,79299.11,1776872362000
1776872363.426,263.426,0.99,0.99,0.01,0.01,0.0,0.0,79299.11,1776872362000
1776872363.793,263.793,0.99,0.99,0.01,0.01,0.0,0.0,79299.11,1776872362000
1776872364.142,264.142,0.99,0.99,0.01,0.01,0.0,0.0,79298.98,1776872363000
1776872365.023,265.023,0.99,0.99,0.01,0.01,0.0,0.0,79298.98,1776872363000
1776872365.53,265.53,0.99,0.99,0.01,0.01,0.0,0.0,79299.32,1776872364000
1776872366.054,266.054,0.99,0.99,0.01,0.01,0.0,0.0,79299.32,1776872364000
1776872366.978,266.978,0.99,0.99,0.01,0.01,0.0,0.0,79299.63,1776872366000
1776872368.273,268.273,0.99,0.99,0.01,0.01,0.0,0.0,79299.35,1776872367000
1776872368.762,268.762,0.99,0.99,0.01,0.01,0.0,0.0,79299.35,1776872367000
1776872369.341,269.341,0.99,0.99,0.01,0.01,0.0,0.0,79299.35,1776872367000
1776872369.901,269.901,0.99,0.99,0.01,0.01,0.0,0.0,79299.89,1776872369000
1776872370.877,270.877,0.99,0.99,0.01,0.01,0.0,0.0,79299.89,1776872369000
1776872371.402,271.402,0.99,0.99,0.01,0.01,0.0,0.0,79299.12,1776872370000
1776872371.896,271.896,0.99,0.99,0.01,0.01,0.0,0.0,79299.12,1776872370000
1776872372.431,272.431,0.99,0.99,0.01,0.01,0.0,0.0,79298.9,1776872371000
1776872372.782,272.782,0.99,0.99,0.01,0.01,0.0,0.0,79298.9,1776872371000
1776872373.508,273.508,0.99,0.99,0.01,0.01,0.0,0.0,79294.83,1776872372000
1776872374.051,274.051,0.99,0.99,0.01,0.01,0.0,0.0,79286.2,1776872373000
1776872374.817,274.817,0.99,0.99,0.01,0.01,0.0,0.0,79286.2,1776872373000
1776872376.345,276.345,0.99,0.99,0.01,0.01,0.0,0.0,79288.31,1776872375000
1776872376.882,276.882,0.99,0.99,0.01,0.01,0.0,0.0,79288.31,1776872375000
1776872377.511,277.511,0.99,0.99,0.01,0.01,0.0,0.0,79288.39,1776872376000
1776872378.1,278.1,0.99,0.99,0.01,0.01,0.0,0.0,79288.71,1776872377000
1776872379.143,279.143,0.99,0.99,0.01,0.01,0.0,0.0,79289.75,1776872378000
1776872379.488,279.488,0.99,0.99,0.01,0.01,0.0,0.0,79289.75,1776872378000
1776872380.228,280.228,0.99,0.99,0.01,0.01,0.0,0.0,79289.58,1776872379000
1776872380.74,280.74,0.99,0.99,0.01,0.01,0.0,0.0,79289.58,1776872379000
1776872381.401,281.401,0.99,0.99,0.01,0.01,0.0,0.0,79287.86,1776872380000
1776872381.963,281.963,0.99,0.99,0.01,0.01,0.0,0.0,79287.86,1776872380000
1776872382.459,282.459,0.99,0.99,0.01,0.01,0.0,0.0,79288.59,1776872381000
1776872382.92,282.92,0.99,0.99,0.01,0.01,0.0,0.0,79288.57,1776872382000
1776872383.372,283.372,0.99,0.99,0.01,0.01,0.0,0.0,79288.57,1776872382000
1776872383.977,283.977,0.99,0.99,0.01,0.01,0.0,0.0,79288.43,1776872383000
1776872384.956,284.956,0.99,0.99,0.01,0.01,0.0,0.0,79288.86,1776872384000
1776872386.261,286.261,0.99,0.99,0.01,0.01,0.0,0.0,79290.19,1776872385000
1776872386.971,286.971,0.99,0.99,0.01,0.01,0.0,0.0,79290.19,1776872385000
1776872387.758,287.758,0.99,0.99,0.01,0.01,0.0,0.0,79288.39,1776872386000
1776872388.294,288.294,0.99,0.99,0.01,0.01,0.0,0.0,79287.48,1776872387000
1776872389.017,289.017,0.99,0.99,0.01,0.01,0.0,0.0,79287.48,1776872387000
1776872389.506,289.506,0.99,0.99,0.01,0.01,0.0,0.0,79287.0,1776872388000
1776872390.263,290.263,0.99,0.99,0.01,0.01,0.0,0.0,79287.0,1776872389000
1776872390.883,290.883,0.99,0.99,0.01,0.01,0.0,0.0,79276.38,1776872390000
1776872391.656,291.656,0.99,0.99,0.01,0.01,0.0,0.0,79276.38,1776872390000
1776872391.99,291.99,0.99,0.99,0.01,0.01,0.0,0.0,79273.21,1776872391000
1776872392.845,292.845,0.99,0.99,0.01,0.01,0.0,0.0,79273.21,1776872391000
1776872394.373,294.373,0.99,0.99,0.01,0.01,0.0,0.0,79273.63,1776872393000
1776872395.438,295.438,0.99,0.99,0.01,0.01,0.0,0.0,79274.92,1776872394000
1776872396.378,296.378,0.99,0.99,0.01,0.01,0.0,0.0,79279.56,1776872395000
1776872396.917,296.917,0.99,0.99,0.01,0.01,0.0,0.0,79280.4,1776872396000
1776872397.981,297.981,0.99,0.99,0.01,0.01,0.0,0.0,79282.1,1776872397000
1776872399.031,299.031,0.99,0.99,0.01,0.01,0.0,0.0,79282.75,1776872398000
1776872399.907,299.907,0.99,0.99,0.01,0.01,0.0,0.0,79282.75,1776872398000
1776872400.342,300.342,0.99,0.99,0.01,0.01,0.0,0.0,79286.45,1776872399000
1776872400.756,300.756,0.99,0.99,0.01,0.01,0.0,0.0,79286.45,1776872399000
1776872401.986,301.986,0.99,0.99,0.01,0.01,0.0,0.0,79285.88,1776872401000
1776872402.905,302.905,0.99,0.99,0.01,0.01,0.0,0.0,79285.91,1776872402000

# RESULT,winner=Up,slug=btc-updown-5m-1776872100,ticks=642
