timestamp,elapsed_sec,up_bid,up_ask,down_bid,down_ask,up_spread,down_spread,btc_price,btc_oracle_ts
1775920800.562,0.562,0.49,0.5,0.49,0.5,0.01,0.01,72828.79,1775920799000
1775920800.902,0.902,0.49,0.5,0.5,0.51,0.01,0.01,72828.79,1775920799000
1775920801.362,1.362,0.49,0.5,0.5,0.51,0.01,0.01,72828.79,1775920799000
1775920801.721,1.721,0.48,0.49,0.5,0.52,0.01,0.02,72829.03,1775920800000
1775920802.271,2.271,0.48,0.49,0.51,0.52,0.01,0.01,72829.03,1775920801000
1775920802.696,2.696,0.48,0.49,0.51,0.52,0.01,0.01,72829.03,1775920801000
1775920803.045,3.045,0.45,0.46,0.54,0.55,0.01,0.01,72829.03,1775920801000
1775920803.413,3.413,0.45,0.46,0.54,0.55,0.01,0.01,72829.11,1775920802000
1775920803.792,3.792,0.45,0.46,0.54,0.55,0.01,0.01,72829.11,1775920802000
1775920804.14,4.14,0.45,0.46,0.54,0.55,0.01,0.01,72829.11,1775920802000
1775920804.478,4.478,0.45,0.46,0.54,0.55,0.01,0.01,72826.6,1775920803000
1775920804.97,4.97,0.45,0.46,0.54,0.56,0.01,0.02,72826.6,1775920803000
1775920805.386,5.386,0.46,0.47,0.53,0.54,0.01,0.01,72824.67,1775920804000
1775920805.727,5.727,0.46,0.47,0.53,0.54,0.01,0.01,72824.67,1775920804000
1775920806.084,6.084,0.45,0.47,0.53,0.55,0.02,0.02,72824.01,1775920805000
1775920806.489,6.489,0.45,0.47,0.54,0.55,0.02,0.01,72824.01,1775920805000
1775920806.826,6.826,0.46,0.47,0.53,0.54,0.01,0.01,72824.01,1775920805000
1775920807.202,7.202,0.46,0.47,0.53,0.54,0.01,0.01,72824.22,1775920806000
1775920807.585,7.585,0.46,0.47,0.53,0.54,0.01,0.01,72824.22,1775920806000
1775920808.04,8.04,0.46,0.47,0.53,0.55,0.01,0.02,72824.22,1775920806000
1775920808.401,8.401,0.45,0.46,0.54,0.55,0.01,0.01,72824.39,1775920807000
1775920808.737,8.737,0.46,0.47,0.53,0.54,0.01,0.01,72824.39,1775920807000
1775920809.234,9.234,0.45,0.46,0.54,0.55,0.01,0.01,72824.39,1775920808000
1775920809.702,9.702,0.45,0.46,0.54,0.55,0.01,0.01,72824.39,1775920808000
1775920810.275,10.275,0.45,0.46,0.54,0.55,0.01,0.01,72824.46,1775920809000
1775920810.815,10.815,0.45,0.46,0.54,0.55,0.01,0.01,72824.46,1775920809000
1775920811.215,11.215,0.45,0.46,0.54,0.55,0.01,0.01,72824.46,1775920809000
1775920811.548,11.548,0.45,0.46,0.54,0.55,0.01,0.01,72824.54,1775920810000
1775920811.928,11.928,0.45,0.46,0.54,0.55,0.01,0.01,72824.54,1775920810000
1775920812.359,12.359,0.45,0.46,0.54,0.55,0.01,0.01,72824.51,1775920811000
1775920812.83,12.83,0.45,0.46,0.54,0.55,0.01,0.01,72824.51,1775920811000
1775920813.527,13.527,0.45,0.46,0.54,0.55,0.01,0.01,72824.51,1775920811000
1775920814.016,14.016,0.45,0.46,0.54,0.55,0.01,0.01,72824.13,1775920812000
1775920814.441,14.441,0.47,0.48,0.51,0.53,0.01,0.02,72824.13,1775920812000
1775920814.821,14.821,0.47,0.48,0.52,0.53,0.01,0.01,72824.13,1775920812000
1775920815.162,15.162,0.47,0.48,0.52,0.53,0.01,0.01,72825.24,1775920813000
1775920815.526,15.526,0.47,0.48,0.52,0.53,0.01,0.01,72825.24,1775920813000
1775920815.933,15.933,0.47,0.48,0.52,0.53,0.01,0.01,72825.16,1775920814000
1775920816.298,16.298,0.47,0.48,0.52,0.53,0.01,0.01,72825.02,1775920815000
1775920816.71,16.71,0.47,0.48,0.52,0.53,0.01,0.01,72825.02,1775920815000
1775920817.448,17.448,0.47,0.48,0.52,0.53,0.01,0.01,72825.02,1775920815000
1775920817.964,17.964,0.46,0.47,0.52,0.54,0.01,0.02,72827.25,1775920816000
1775920818.311,18.311,0.46,0.47,0.53,0.54,0.01,0.01,72826.61,1775920817000
1775920819.447,19.447,0.47,0.48,0.53,0.54,0.01,0.01,72826.61,1775920817000
1775920819.972,19.972,0.48,0.49,0.5,0.53,0.01,0.03,72826.82,1775920818000
1775920820.355,20.355,0.48,0.49,0.51,0.52,0.01,0.01,72826.82,1775920818000
1775920820.702,20.702,0.48,0.49,0.51,0.52,0.01,0.01,72826.82,1775920819000
1775920821.512,21.512,0.48,0.49,0.51,0.52,0.01,0.01,72827.08,1775920820000
1775920822.246,22.246,0.48,0.49,0.51,0.52,0.01,0.01,72828.42,1775920821000
1775920822.598,22.598,0.47,0.49,0.51,0.53,0.02,0.02,72828.42,1775920821000
1775920823.221,23.221,0.47,0.48,0.52,0.53,0.01,0.01,72828.42,1775920821000
1775920823.566,23.566,0.47,0.48,0.52,0.53,0.01,0.01,72829.77,1775920822000
1775920824.216,24.216,0.46,0.48,0.52,0.53,0.02,0.01,72829.77,1775920822000
1775920824.558,24.558,0.45,0.47,0.53,0.55,0.02,0.02,72829.29,1775920823000
1775920825.064,25.064,0.44,0.45,0.54,0.56,0.01,0.02,72829.29,1775920823000
1775920825.42,25.42,0.44,0.45,0.55,0.56,0.01,0.01,72829.29,1775920823000
1775920825.787,25.787,0.44,0.45,0.55,0.56,0.01,0.01,72828.85,1775920824000
1775920826.141,26.141,0.45,0.46,0.54,0.56,0.01,0.02,72825.64,1775920825000
1775920826.689,26.689,0.44,0.45,0.55,0.56,0.01,0.01,72825.64,1775920825000
1775920827.077,27.077,0.45,0.46,0.54,0.56,0.01,0.02,72825.64,1775920825000
1775920827.433,27.433,0.44,0.46,0.54,0.55,0.02,0.01,72825.64,1775920825000
1775920827.986,27.986,0.44,0.45,0.55,0.56,0.01,0.01,72825.44,1775920826000
1775920828.338,28.338,0.44,0.45,0.55,0.56,0.01,0.01,72825.63,1775920827000
1775920828.7,28.7,0.44,0.45,0.55,0.56,0.01,0.01,72825.63,1775920827000
1775920829.135,29.135,0.44,0.47,0.53,0.56,0.03,0.03,72825.96,1775920828000
1775920829.507,29.507,0.45,0.46,0.54,0.55,0.01,0.01,72825.96,1775920828000
1775920829.986,29.986,0.45,0.46,0.54,0.55,0.01,0.01,72825.96,1775920828000
1775920830.366,30.366,0.45,0.46,0.54,0.55,0.01,0.01,72825.94,1775920829000
1775920830.848,30.848,0.45,0.46,0.54,0.55,0.01,0.01,72825.94,1775920829000
1775920831.28,31.28,0.45,0.46,0.54,0.55,0.01,0.01,72825.94,1775920830000
1775920831.78,31.78,0.45,0.46,0.54,0.55,0.01,0.01,72825.94,1775920830000
1775920832.117,32.117,0.45,0.46,0.54,0.55,0.01,0.01,72826.6,1775920831000
1775920832.475,32.475,0.45,0.46,0.54,0.55,0.01,0.01,72826.6,1775920831000
1775920832.99,32.99,0.44,0.45,0.55,0.56,0.01,0.01,72826.6,1775920831000
1775920833.41,33.41,0.44,0.45,0.55,0.56,0.01,0.01,72826.41,1775920832000
1775920833.991,33.991,0.44,0.45,0.55,0.56,0.01,0.01,72826.41,1775920832000
1775920834.66,34.66,0.44,0.45,0.55,0.56,0.01,0.01,72825.75,1775920833000
1775920835.007,35.007,0.44,0.45,0.55,0.56,0.01,0.01,72825.33,1775920834000
1775920835.592,35.592,0.44,0.45,0.55,0.56,0.01,0.01,72825.33,1775920834000
1775920836.371,36.371,0.44,0.45,0.55,0.56,0.01,0.01,72824.3,1775920835000
1775920836.887,36.887,0.44,0.45,0.55,0.56,0.01,0.01,72824.3,1775920835000
1775920837.259,37.259,0.45,0.46,0.55,0.56,0.01,0.01,72823.68,1775920836000
1775920837.608,37.608,0.45,0.46,0.54,0.55,0.01,0.01,72823.68,1775920836000
1775920837.966,37.966,0.45,0.46,0.54,0.55,0.01,0.01,72823.68,1775920836000
1775920838.907,38.907,0.45,0.46,0.54,0.55,0.01,0.01,72823.88,1775920838000
1775920839.248,39.248,0.45,0.46,0.54,0.55,0.01,0.01,72823.88,1775920838000
1775920839.733,39.733,0.45,0.46,0.54,0.55,0.01,0.01,72823.88,1775920838000
1775920840.311,40.311,0.44,0.45,0.54,0.56,0.01,0.02,72823.58,1775920839000
1775920840.697,40.697,0.44,0.45,0.55,0.56,0.01,0.01,72823.58,1775920839000
1775920841.175,41.175,0.44,0.45,0.55,0.56,0.01,0.01,72823.58,1775920839000
1775920841.641,41.641,0.44,0.45,0.55,0.56,0.01,0.01,72823.58,1775920839000
1775920841.987,41.987,0.39,0.42,0.58,0.6,0.03,0.02,72823.77,1775920840000
1775920842.362,42.362,0.39,0.4,0.6,0.61,0.01,0.01,72823.77,1775920840000
1775920842.721,42.721,0.38,0.39,0.61,0.62,0.01,0.01,72823.77,1775920840000
1775920843.307,43.307,0.38,0.39,0.61,0.62,0.01,0.01,72822.08,1775920841000
1775920843.645,43.645,0.39,0.4,0.6,0.61,0.01,0.01,72819.13,1775920842000
1775920844.05,44.05,0.39,0.4,0.6,0.61,0.01,0.01,72819.13,1775920842000
1775920844.404,44.404,0.39,0.4,0.6,0.61,0.01,0.01,72817.79,1775920843000
1775920844.77,44.77,0.39,0.4,0.6,0.61,0.01,0.01,72817.79,1775920843000
1775920845.126,45.126,0.39,0.4,0.6,0.61,0.01,0.01,72817.79,1775920843000
1775920845.465,45.465,0.39,0.4,0.6,0.61,0.01,0.01,72812.69,1775920844000
1775920845.951,45.951,0.39,0.4,0.6,0.61,0.01,0.01,72812.69,1775920844000
1775920846.323,46.323,0.39,0.4,0.6,0.61,0.01,0.01,72817.05,1775920845000
1775920846.697,46.697,0.39,0.4,0.6,0.61,0.01,0.01,72817.05,1775920845000
1775920847.038,47.038,0.39,0.4,0.6,0.61,0.01,0.01,72817.05,1775920845000
1775920847.643,47.643,0.39,0.4,0.6,0.61,0.01,0.01,72817.01,1775920846000
1775920848.248,48.248,0.39,0.4,0.6,0.62,0.01,0.02,72817.01,1775920846000
1775920848.607,48.607,0.39,0.4,0.6,0.61,0.01,0.01,72816.9,1775920847000
1775920849.055,49.055,0.39,0.4,0.6,0.61,0.01,0.01,72816.9,1775920848000
1775920849.588,49.588,0.38,0.4,0.6,0.61,0.02,0.01,72816.9,1775920848000
1775920850.012,50.012,0.38,0.39,0.61,0.62,0.01,0.01,72816.9,1775920848000
1775920850.353,50.353,0.38,0.39,0.61,0.62,0.01,0.01,72816.89,1775920849000
1775920850.718,50.718,0.38,0.39,0.61,0.62,0.01,0.01,72816.89,1775920849000
1775920851.246,51.246,0.37,0.39,0.61,0.62,0.02,0.01,72816.89,1775920849000
1775920851.866,51.866,0.38,0.39,0.61,0.62,0.01,0.01,72816.89,1775920850000
1775920852.236,52.236,0.41,0.43,0.57,0.6,0.02,0.03,72816.89,1775920850000
1775920852.587,52.587,0.41,0.43,0.57,0.59,0.02,0.02,72816.81,1775920851000
1775920852.948,52.948,0.41,0.42,0.58,0.59,0.01,0.01,72816.81,1775920851000
1775920853.301,53.301,0.41,0.42,0.58,0.59,0.01,0.01,72816.81,1775920852000
1775920853.643,53.643,0.41,0.44,0.56,0.59,0.03,0.03,72816.81,1775920852000
1775920854.178,54.178,0.41,0.42,0.56,0.59,0.01,0.03,72816.81,1775920852000
1775920854.796,54.796,0.4,0.41,0.59,0.6,0.01,0.01,72817.81,1775920853000
1775920855.134,55.134,0.39,0.4,0.6,0.61,0.01,0.01,72817.81,1775920853000
1775920855.871,55.871,0.38,0.39,0.61,0.62,0.01,0.01,72820.16,1775920854000
1775920856.3,56.3,0.38,0.39,0.61,0.62,0.01,0.01,72818.94,1775920855000
1775920856.971,56.971,0.38,0.39,0.61,0.62,0.01,0.01,72818.94,1775920855000
1775920857.516,57.516,0.37,0.38,0.62,0.63,0.01,0.01,72818.94,1775920855000
1775920858.074,58.074,0.37,0.38,0.62,0.63,0.01,0.01,72817.57,1775920856000
1775920858.64,58.64,0.37,0.38,0.62,0.63,0.01,0.01,72815.88,1775920857000
1775920859.055,59.055,0.35,0.36,0.63,0.65,0.01,0.02,72815.88,1775920857000
1775920859.412,59.412,0.35,0.36,0.64,0.65,0.01,0.01,72815.91,1775920858000
1775920859.875,59.875,0.35,0.36,0.64,0.65,0.01,0.01,72815.91,1775920859000
1775920860.239,60.239,0.35,0.36,0.64,0.65,0.01,0.01,72815.91,1775920859000
1775920860.608,60.608,0.35,0.36,0.64,0.65,0.01,0.01,72815.91,1775920859000
1775920860.991,60.991,0.35,0.36,0.64,0.65,0.01,0.01,72815.91,1775920859000
1775920861.373,61.373,0.35,0.36,0.64,0.65,0.01,0.01,72815.23,1775920860000
1775920861.75,61.75,0.35,0.36,0.64,0.65,0.01,0.01,72815.23,1775920860000
1775920862.101,62.101,0.35,0.36,0.64,0.65,0.01,0.01,72815.23,1775920860000
1775920862.576,62.576,0.36,0.37,0.63,0.64,0.01,0.01,72814.71,1775920861000
1775920863.276,63.276,0.36,0.37,0.63,0.64,0.01,0.01,72814.71,1775920861000
1775920863.668,63.668,0.36,0.37,0.63,0.64,0.01,0.01,72814.05,1775920862000
1775920864.319,64.319,0.37,0.38,0.62,0.63,0.01,0.01,72814.93,1775920863000
1775920864.676,64.676,0.37,0.38,0.62,0.63,0.01,0.01,72814.93,1775920863000
1775920865.049,65.049,0.37,0.38,0.62,0.63,0.01,0.01,72814.93,1775920864000
1775920865.483,65.483,0.37,0.38,0.62,0.63,0.01,0.01,72814.93,1775920864000
1775920865.839,65.839,0.37,0.38,0.62,0.63,0.01,0.01,72814.93,1775920864000
1775920866.24,66.24,0.37,0.38,0.62,0.63,0.01,0.01,72815.26,1775920865000
1775920866.672,66.672,0.35,0.38,0.62,0.63,0.03,0.01,72815.26,1775920865000
1775920867.167,67.167,0.36,0.37,0.62,0.65,0.01,0.03,72815.26,1775920865000
1775920867.681,67.681,0.36,0.37,0.63,0.64,0.01,0.01,72815.26,1775920866000
1775920868.035,68.035,0.36,0.37,0.63,0.64,0.01,0.01,72815.26,1775920866000
1775920868.408,68.408,0.36,0.37,0.63,0.64,0.01,0.01,72815.11,1775920867000
1775920868.808,68.808,0.34,0.35,0.65,0.66,0.01,0.01,72815.11,1775920867000
1775920869.299,69.299,0.34,0.35,0.65,0.66,0.01,0.01,72815.51,1775920868000
1775920869.645,69.645,0.34,0.35,0.65,0.66,0.01,0.01,72815.51,1775920868000
1775920870.003,70.003,0.33,0.34,0.65,0.66,0.01,0.01,72814.87,1775920869000
1775920870.409,70.409,0.33,0.34,0.66,0.67,0.01,0.01,72814.87,1775920869000
1775920870.79,70.79,0.33,0.34,0.66,0.67,0.01,0.01,72814.87,1775920869000
1775920871.183,71.183,0.32,0.33,0.67,0.68,0.01,0.01,72813.35,1775920870000
1775920871.892,71.892,0.32,0.33,0.67,0.68,0.01,0.01,72813.35,1775920870000
1775920872.241,72.241,0.32,0.33,0.67,0.68,0.01,0.01,72811.13,1775920871000
1775920872.6,72.6,0.32,0.33,0.67,0.68,0.01,0.01,72811.13,1775920871000
1775920873.187,73.187,0.31,0.33,0.67,0.68,0.02,0.01,72811.13,1775920871000
1775920873.577,73.577,0.31,0.32,0.68,0.69,0.01,0.01,72810.82,1775920872000
1775920873.918,73.918,0.31,0.32,0.68,0.69,0.01,0.01,72810.82,1775920872000
1775920874.284,74.284,0.31,0.32,0.68,0.69,0.01,0.01,72810.82,1775920872000
1775920874.629,74.629,0.31,0.32,0.68,0.69,0.01,0.01,72808.9,1775920873000
1775920875.04,75.04,0.3,0.31,0.68,0.7,0.01,0.02,72808.9,1775920873000
1775920875.408,75.408,0.3,0.31,0.69,0.7,0.01,0.01,72808.9,1775920874000
1775920875.81,75.81,0.3,0.31,0.69,0.7,0.01,0.01,72808.9,1775920874000
1775920876.187,76.187,0.3,0.31,0.69,0.7,0.01,0.01,72808.9,1775920874000
1775920876.575,76.575,0.28,0.31,0.69,0.7,0.03,0.01,72808.9,1775920874000
1775920876.913,76.913,0.28,0.29,0.71,0.72,0.01,0.01,72808.63,1775920875000
1775920877.357,77.357,0.29,0.3,0.7,0.71,0.01,0.01,72808.63,1775920875000
1775920877.74,77.74,0.29,0.3,0.7,0.71,0.01,0.01,72808.33,1775920876000
1775920878.185,78.185,0.29,0.3,0.7,0.71,0.01,0.01,72808.33,1775920876000
1775920878.608,78.608,0.29,0.3,0.69,0.71,0.01,0.02,72809.43,1775920877000
1775920879.095,79.095,0.29,0.3,0.7,0.71,0.01,0.01,72809.43,1775920877000
1775920879.472,79.472,0.26,0.29,0.71,0.74,0.03,0.03,72807.58,1775920878000
1775920879.83,79.83,0.26,0.27,0.73,0.74,0.01,0.01,72807.58,1775920878000
1775920880.176,80.176,0.26,0.27,0.73,0.74,0.01,0.01,72807.58,1775920878000
1775920880.552,80.552,0.26,0.27,0.73,0.74,0.01,0.01,72809.48,1775920879000
1775920880.97,80.97,0.26,0.27,0.73,0.74,0.01,0.01,72809.48,1775920879000
1775920881.342,81.342,0.25,0.26,0.74,0.75,0.01,0.01,72807.58,1775920880000
1775920881.845,81.845,0.26,0.27,0.72,0.74,0.01,0.02,72807.58,1775920880000
1775920882.507,82.507,0.23,0.27,0.73,0.77,0.04,0.04,72806.48,1775920881000
1775920883.013,83.013,0.24,0.25,0.75,0.76,0.01,0.01,72806.48,1775920881000
1775920883.44,83.44,0.25,0.26,0.74,0.75,0.01,0.01,72806.43,1775920882000
1775920884.046,84.046,0.26,0.27,0.74,0.75,0.01,0.01,72806.43,1775920882000
1775920884.462,84.462,0.26,0.27,0.73,0.74,0.01,0.01,72806.43,1775920882000
1775920884.796,84.796,0.24,0.25,0.75,0.76,0.01,0.01,72804.27,1775920883000
1775920885.161,85.161,0.24,0.25,0.75,0.76,0.01,0.01,72802.21,1775920884000
1775920885.585,85.585,0.24,0.25,0.75,0.76,0.01,0.01,72802.21,1775920884000
1775920886.015,86.015,0.22,0.24,0.76,0.77,0.02,0.01,72802.21,1775920884000
1775920886.473,86.473,0.23,0.24,0.76,0.77,0.01,0.01,72800.94,1775920885000
1775920886.824,86.824,0.22,0.23,0.77,0.78,0.01,0.01,72800.94,1775920885000
1775920887.272,87.272,0.21,0.22,0.78,0.8,0.01,0.02,72799.91,1775920886000
1775920887.657,87.657,0.21,0.22,0.78,0.79,0.01,0.01,72799.91,1775920886000
1775920888.165,88.165,0.21,0.22,0.78,0.79,0.01,0.01,72799.91,1775920886000
1775920888.584,88.584,0.21,0.22,0.78,0.79,0.01,0.01,72798.24,1775920887000
1775920889.034,89.034,0.2,0.21,0.79,0.8,0.01,0.01,72798.24,1775920887000
1775920889.393,89.393,0.2,0.21,0.79,0.8,0.01,0.01,72797.7,1775920888000
1775920889.75,89.75,0.2,0.21,0.79,0.8,0.01,0.01,72797.7,1775920888000
1775920890.148,90.148,0.2,0.21,0.79,0.8,0.01,0.01,72797.69,1775920889000
1775920890.499,90.499,0.2,0.21,0.79,0.8,0.01,0.01,72797.69,1775920889000
1775920890.866,90.866,0.18,0.21,0.79,0.8,0.03,0.01,72797.69,1775920889000
1775920891.232,91.232,0.19,0.2,0.8,0.81,0.01,0.01,72797.57,1775920890000
1775920891.591,91.591,0.21,0.22,0.78,0.79,0.01,0.01,72797.57,1775920890000
1775920892.206,92.206,0.2,0.21,0.79,0.8,0.01,0.01,72796.63,1775920891000
1775920892.645,92.645,0.2,0.22,0.79,0.8,0.02,0.01,72796.63,1775920891000
1775920892.988,92.988,0.21,0.22,0.78,0.79,0.01,0.01,72796.63,1775920891000
1775920893.35,93.35,0.21,0.22,0.78,0.79,0.01,0.01,72796.88,1775920892000
1775920893.765,93.765,0.21,0.22,0.78,0.79,0.01,0.01,72796.88,1775920892000
1775920894.286,94.286,0.21,0.22,0.78,0.79,0.01,0.01,72796.88,1775920893000
1775920894.763,94.763,0.21,0.22,0.78,0.79,0.01,0.01,72796.88,1775920893000
1775920895.186,95.186,0.21,0.22,0.78,0.79,0.01,0.01,72796.89,1775920894000
1775920895.625,95.625,0.21,0.22,0.78,0.79,0.01,0.01,72796.89,1775920894000
1775920896.009,96.009,0.21,0.22,0.78,0.79,0.01,0.01,72796.89,1775920894000
1775920896.457,96.457,0.21,0.22,0.78,0.79,0.01,0.01,72796.85,1775920895000
1775920896.98,96.98,0.21,0.22,0.78,0.79,0.01,0.01,72796.85,1775920895000
1775920897.487,97.487,0.21,0.22,0.78,0.79,0.01,0.01,72796.81,1775920896000
1775920897.851,97.851,0.21,0.22,0.78,0.79,0.01,0.01,72796.81,1775920896000
1775920898.194,98.194,0.2,0.21,0.79,0.8,0.01,0.01,72796.84,1775920897000
1775920898.57,98.57,0.2,0.21,0.79,0.8,0.01,0.01,72796.84,1775920897000
1775920899.135,99.135,0.2,0.21,0.79,0.8,0.01,0.01,72796.83,1775920898000
1775920899.669,99.669,0.18,0.21,0.79,0.8,0.03,0.01,72796.83,1775920898000
1775920900.162,100.162,0.18,0.19,0.81,0.82,0.01,0.01,72796.62,1775920899000
1775920900.518,100.518,0.18,0.19,0.81,0.82,0.01,0.01,72796.62,1775920899000
1775920900.905,100.905,0.19,0.2,0.8,0.81,0.01,0.01,72796.62,1775920899000
1775920901.527,101.527,0.19,0.21,0.8,0.81,0.02,0.01,72795.1,1775920900000
1775920902.108,102.108,0.2,0.22,0.78,0.8,0.02,0.02,72794.75,1775920901000
1775920902.617,102.617,0.21,0.22,0.78,0.79,0.01,0.01,72794.75,1775920901000
1775920903.036,103.036,0.2,0.22,0.78,0.79,0.02,0.01,72794.75,1775920901000
1775920903.464,103.464,0.2,0.21,0.79,0.8,0.01,0.01,72795.99,1775920902000
1775920903.803,103.803,0.2,0.21,0.79,0.8,0.01,0.01,72795.99,1775920902000
1775920904.181,104.181,0.2,0.21,0.79,0.8,0.01,0.01,72795.99,1775920902000
1775920904.528,104.528,0.2,0.21,0.79,0.8,0.01,0.01,72796.44,1775920903000
1775920904.935,104.935,0.2,0.21,0.79,0.8,0.01,0.01,72796.44,1775920903000
1775920905.483,105.483,0.2,0.21,0.79,0.8,0.01,0.01,72796.36,1775920904000
1775920905.86,105.86,0.23,0.24,0.77,0.78,0.01,0.01,72796.36,1775920904000
1775920906.281,106.281,0.23,0.24,0.76,0.77,0.01,0.01,72796.99,1775920905000
1775920906.706,106.706,0.24,0.26,0.75,0.76,0.02,0.01,72796.99,1775920905000
1775920907.148,107.148,0.25,0.26,0.74,0.75,0.01,0.01,72796.99,1775920905000
1775920907.703,107.703,0.27,0.28,0.72,0.74,0.01,0.02,72797.37,1775920906000
1775920908.082,108.082,0.27,0.28,0.72,0.73,0.01,0.01,72797.37,1775920906000
1775920908.424,108.424,0.27,0.28,0.72,0.73,0.01,0.01,72801.42,1775920907000
1775920908.828,108.828,0.27,0.28,0.72,0.73,0.01,0.01,72801.42,1775920907000
1775920909.17,109.17,0.27,0.28,0.72,0.73,0.01,0.01,72801.42,1775920907000
1775920909.514,109.514,0.27,0.28,0.72,0.73,0.01,0.01,72804.36,1775920908000
1775920909.853,109.853,0.27,0.28,0.72,0.73,0.01,0.01,72804.36,1775920908000
1775920910.222,110.222,0.26,0.27,0.73,0.74,0.01,0.01,72804.36,1775920908000
1775920910.657,110.657,0.26,0.27,0.72,0.74,0.01,0.02,72804.44,1775920909000
1775920911.357,111.357,0.26,0.27,0.73,0.74,0.01,0.01,72804.44,1775920910000
1775920911.795,111.795,0.26,0.27,0.73,0.74,0.01,0.01,72804.44,1775920910000
1775920912.352,112.352,0.26,0.27,0.73,0.74,0.01,0.01,72805.01,1775920911000
1775920912.7,112.7,0.26,0.27,0.73,0.74,0.01,0.01,72805.01,1775920911000
1775920913.149,113.149,0.27,0.28,0.72,0.73,0.01,0.01,72805.01,1775920911000
1775920913.904,113.904,0.26,0.27,0.73,0.74,0.01,0.01,72805.41,1775920913000
1775920914.298,114.298,0.26,0.27,0.73,0.74,0.01,0.01,72805.41,1775920913000
1775920914.736,114.736,0.26,0.27,0.73,0.74,0.01,0.01,72805.41,1775920913000
1775920915.264,115.264,0.26,0.27,0.73,0.74,0.01,0.01,72805.66,1775920914000
1775920915.951,115.951,0.26,0.27,0.72,0.74,0.01,0.02,72805.66,1775920914000
1775920916.399,116.399,0.26,0.29,0.73,0.74,0.03,0.01,72805.66,1775920914000
1775920916.859,116.859,0.27,0.28,0.71,0.73,0.01,0.02,72806.71,1775920915000
1775920917.252,117.252,0.27,0.28,0.72,0.73,0.01,0.01,72806.01,1775920916000
1775920917.88,117.88,0.27,0.28,0.72,0.73,0.01,0.01,72806.01,1775920916000
1775920918.416,118.416,0.27,0.28,0.72,0.73,0.01,0.01,72805.84,1775920917000
1775920918.808,118.808,0.27,0.28,0.72,0.73,0.01,0.01,72805.84,1775920917000
1775920919.171,119.171,0.27,0.28,0.72,0.73,0.01,0.01,72805.43,1775920918000
1775920919.672,119.672,0.28,0.29,0.68,0.72,0.01,0.04,72805.43,1775920918000
1775920920.043,120.043,0.28,0.29,0.71,0.72,0.01,0.01,72805.43,1775920919000
1775920920.436,120.436,0.28,0.29,0.71,0.72,0.01,0.01,72805.43,1775920919000
1775920920.82,120.82,0.28,0.29,0.71,0.72,0.01,0.01,72805.43,1775920919000
1775920921.249,121.249,0.27,0.28,0.72,0.73,0.01,0.01,72806.38,1775920920000
1775920921.627,121.627,0.27,0.28,0.72,0.73,0.01,0.01,72806.38,1775920920000
1775920922.189,122.189,0.27,0.28,0.72,0.73,0.01,0.01,72806.29,1775920921000
1775920922.555,122.555,0.27,0.28,0.72,0.73,0.01,0.01,72806.29,1775920921000
1775920922.998,122.998,0.27,0.28,0.72,0.73,0.01,0.01,72806.29,1775920922000
1775920923.368,123.368,0.28,0.29,0.71,0.73,0.01,0.02,72806.29,1775920922000
1775920923.86,123.86,0.34,0.35,0.65,0.66,0.01,0.01,72806.29,1775920922000
1775920924.221,124.221,0.34,0.35,0.65,0.66,0.01,0.01,72804.41,1775920923000
1775920924.632,124.632,0.34,0.35,0.65,0.66,0.01,0.01,72804.41,1775920923000
1775920924.982,124.982,0.34,0.35,0.65,0.66,0.01,0.01,72804.41,1775920923000
1775920925.899,125.899,0.33,0.34,0.65,0.67,0.01,0.02,72805.81,1775920924000
1775920926.237,126.237,0.32,0.34,0.66,0.67,0.02,0.01,72808.68,1775920925000
1775920926.576,126.576,0.32,0.33,0.67,0.68,0.01,0.01,72808.68,1775920925000
1775920926.915,126.915,0.32,0.33,0.67,0.68,0.01,0.01,72808.68,1775920925000
1775920927.277,127.277,0.32,0.33,0.67,0.68,0.01,0.01,72809.15,1775920926000
1775920927.711,127.711,0.32,0.33,0.67,0.68,0.01,0.01,72809.15,1775920926000
1775920928.156,128.156,0.31,0.33,0.67,0.68,0.02,0.01,72809.23,1775920927000
1775920928.49,128.49,0.31,0.32,0.68,0.69,0.01,0.01,72809.23,1775920927000
1775920929.202,129.202,0.31,0.32,0.68,0.69,0.01,0.01,72809.23,1775920927000
1775920929.665,129.665,0.31,0.32,0.68,0.69,0.01,0.01,72809.13,1775920928000
1775920930.037,130.037,0.31,0.32,0.68,0.69,0.01,0.01,72809.38,1775920929000
1775920930.531,130.531,0.31,0.32,0.68,0.69,0.01,0.01,72809.38,1775920929000
1775920931.042,131.042,0.31,0.32,0.68,0.69,0.01,0.01,72809.38,1775920929000
1775920931.834,131.834,0.31,0.32,0.68,0.69,0.01,0.01,72809.38,1775920930000
1775920932.358,132.358,0.31,0.32,0.68,0.69,0.01,0.01,72809.1,1775920931000
1775920932.807,132.807,0.31,0.32,0.68,0.69,0.01,0.01,72809.1,1775920931000
1775920933.15,133.15,0.31,0.32,0.68,0.69,0.01,0.01,72809.1,1775920931000
1775920933.499,133.499,0.32,0.33,0.67,0.68,0.01,0.01,72809.22,1775920932000
1775920934.2,134.2,0.31,0.32,0.68,0.69,0.01,0.01,72809.22,1775920932000
1775920934.619,134.619,0.31,0.32,0.68,0.69,0.01,0.01,72809.44,1775920933000
1775920934.989,134.989,0.31,0.32,0.68,0.69,0.01,0.01,72809.44,1775920933000
1775920935.463,135.463,0.3,0.32,0.68,0.69,0.02,0.01,72809.33,1775920934000
1775920935.836,135.836,0.25,0.26,0.74,0.75,0.01,0.01,72809.33,1775920934000
1775920936.205,136.205,0.24,0.25,0.79,0.8,0.01,0.01,72809.33,1775920934000
1775920936.586,136.586,0.24,0.25,0.75,0.76,0.01,0.01,72809.03,1775920935000
1775920936.923,136.923,0.24,0.25,0.75,0.76,0.01,0.01,72809.03,1775920935000
1775920937.43,137.43,0.24,0.25,0.75,0.76,0.01,0.01,72809.03,1775920935000
1775920937.787,137.787,0.24,0.25,0.75,0.76,0.01,0.01,72806.38,1775920936000
1775920938.188,138.188,0.24,0.25,0.75,0.76,0.01,0.01,72802.56,1775920937000
1775920938.553,138.553,0.24,0.25,0.75,0.76,0.01,0.01,72802.56,1775920937000
1775920938.937,138.937,0.24,0.25,0.75,0.76,0.01,0.01,72802.56,1775920937000
1775920939.29,139.29,0.24,0.25,0.75,0.76,0.01,0.01,72802.56,1775920937000
1775920939.638,139.638,0.24,0.25,0.75,0.76,0.01,0.01,72802.56,1775920937000
1775920940.22,140.22,0.24,0.25,0.75,0.76,0.01,0.01,72804.25,1775920938000
1775920940.797,140.797,0.24,0.25,0.75,0.76,0.01,0.01,72803.98,1775920939000
1775920941.193,141.193,0.24,0.25,0.75,0.76,0.01,0.01,72803.98,1775920939000
1775920941.616,141.616,0.24,0.25,0.75,0.76,0.01,0.01,72803.98,1775920939000
1775920941.985,141.985,0.24,0.25,0.75,0.76,0.01,0.01,72804.62,1775920940000
1775920942.736,142.736,0.24,0.25,0.75,0.76,0.01,0.01,72804.01,1775920941000
1775920943.158,143.158,0.24,0.25,0.75,0.76,0.01,0.01,72804.01,1775920941000
1775920943.574,143.574,0.24,0.25,0.75,0.76,0.01,0.01,72804.4,1775920942000
1775920944.005,144.005,0.23,0.25,0.75,0.76,0.02,0.01,72804.4,1775920942000
1775920944.859,144.859,0.23,0.24,0.75,0.77,0.01,0.02,72803.48,1775920943000
1775920946.015,146.015,0.23,0.24,0.76,0.77,0.01,0.01,72803.6,1775920944000
1775920946.593,146.593,0.23,0.24,0.76,0.77,0.01,0.01,72803.39,1775920945000
1775920947.34,147.34,0.23,0.24,0.76,0.77,0.01,0.01,72803.32,1775920946000
1775920948.134,148.134,0.23,0.24,0.76,0.77,0.01,0.01,72803.32,1775920946000
1775920948.514,148.514,0.23,0.24,0.76,0.77,0.01,0.01,72802.05,1775920947000
1775920948.848,148.848,0.24,0.27,0.75,0.76,0.03,0.01,72802.05,1775920947000
1775920949.244,149.244,0.26,0.27,0.73,0.74,0.01,0.01,72802.05,1775920948000
1775920949.661,149.661,0.26,0.27,0.73,0.74,0.01,0.01,72802.05,1775920948000
1775920950.019,150.019,0.27,0.28,0.72,0.73,0.01,0.01,72802.05,1775920948000
1775920950.452,150.452,0.27,0.28,0.72,0.73,0.01,0.01,72802.79,1775920949000
1775920950.87,150.87,0.28,0.29,0.71,0.73,0.01,0.02,72802.79,1775920949000
1775920951.242,151.242,0.28,0.29,0.71,0.72,0.01,0.01,72804.74,1775920950000
1775920951.653,151.653,0.28,0.29,0.71,0.72,0.01,0.01,72804.74,1775920950000
1775920952.097,152.097,0.28,0.29,0.71,0.72,0.01,0.01,72804.74,1775920950000
1775920952.472,152.472,0.28,0.29,0.71,0.72,0.01,0.01,72805.95,1775920951000
1775920953.094,153.094,0.28,0.29,0.71,0.72,0.01,0.01,72806.42,1775920952000
1775920953.429,153.429,0.28,0.29,0.71,0.72,0.01,0.01,72806.42,1775920952000
1775920953.871,153.871,0.28,0.29,0.71,0.72,0.01,0.01,72806.42,1775920952000
1775920954.352,154.352,0.28,0.29,0.71,0.72,0.01,0.01,72808.23,1775920953000
1775920954.751,154.751,0.28,0.29,0.71,0.72,0.01,0.01,72808.23,1775920953000
1775920955.087,155.087,0.28,0.29,0.71,0.72,0.01,0.01,72808.23,1775920953000
1775920955.783,155.783,0.28,0.29,0.71,0.72,0.01,0.01,72808.34,1775920954000
1775920956.327,156.327,0.28,0.29,0.71,0.72,0.01,0.01,72808.27,1775920955000
1775920956.885,156.885,0.28,0.29,0.71,0.72,0.01,0.01,72808.27,1775920955000
1775920957.361,157.361,0.28,0.29,0.71,0.72,0.01,0.01,72808.27,1775920956000
1775920958.218,158.218,0.27,0.28,0.71,0.72,0.01,0.01,72808.27,1775920956000
1775920959.159,159.159,0.27,0.31,0.72,0.73,0.04,0.01,72808.27,1775920957000
1775920959.508,159.508,0.3,0.31,0.69,0.73,0.01,0.04,72808.27,1775920957000
1775920959.856,159.856,0.27,0.31,0.69,0.7,0.04,0.01,72808.21,1775920958000
1775920960.328,160.328,0.27,0.29,0.71,0.73,0.02,0.02,72808.21,1775920959000
1775920961.089,161.089,0.27,0.28,0.71,0.73,0.01,0.02,72808.21,1775920959000
1775920961.488,161.488,0.27,0.28,0.72,0.73,0.01,0.01,72808.27,1775920960000
1775920962.237,162.237,0.26,0.28,0.72,0.73,0.02,0.01,72808.27,1775920960000
1775920962.746,162.746,0.26,0.27,0.73,0.74,0.01,0.01,72808.27,1775920961000
1775920963.509,163.509,0.26,0.27,0.73,0.74,0.01,0.01,72808.26,1775920962000
1775920964.263,164.263,0.25,0.27,0.73,0.75,0.02,0.02,72806.92,1775920963000
1775920964.961,164.961,0.24,0.26,0.73,0.75,0.02,0.02,72806.92,1775920963000
1775920965.399,165.399,0.24,0.25,0.74,0.76,0.01,0.02,72806.92,1775920963000
1775920965.755,165.755,0.24,0.25,0.75,0.76,0.01,0.01,72805.34,1775920964000
1775920966.113,166.113,0.24,0.25,0.75,0.76,0.01,0.01,72805.34,1775920964000
1775920966.456,166.456,0.24,0.25,0.75,0.76,0.01,0.01,72805.18,1775920965000
1775920966.911,166.911,0.24,0.25,0.75,0.76,0.01,0.01,72805.18,1775920965000
1775920967.425,167.425,0.18,0.19,0.81,0.82,0.01,0.01,72805.18,1775920965000
1775920967.79,167.79,0.18,0.19,0.81,0.82,0.01,0.01,72805.15,1775920966000
1775920968.165,168.165,0.18,0.19,0.81,0.82,0.01,0.01,72805.15,1775920966000
1775920968.524,168.524,0.18,0.19,0.81,0.82,0.01,0.01,72805.07,1775920967000
1775920968.863,168.863,0.18,0.19,0.81,0.82,0.01,0.01,72805.07,1775920967000
1775920969.729,169.729,0.18,0.19,0.81,0.82,0.01,0.01,72804.23,1775920968000
1775920970.101,170.101,0.17,0.18,0.81,0.83,0.01,0.02,72804.23,1775920968000
1775920970.514,170.514,0.16,0.17,0.83,0.84,0.01,0.01,72804.23,1775920968000
1775920970.905,170.905,0.17,0.18,0.82,0.84,0.01,0.02,72802.95,1775920969000
1775920971.263,171.263,0.17,0.18,0.82,0.83,0.01,0.01,72802.44,1775920970000
1775920971.904,171.904,0.16,0.17,0.82,0.83,0.01,0.01,72802.44,1775920970000
1775920972.271,172.271,0.16,0.18,0.83,0.84,0.02,0.01,72802.44,1775920970000
1775920972.64,172.64,0.16,0.17,0.83,0.84,0.01,0.01,72803.54,1775920971000
1775920973.074,173.074,0.13,0.17,0.83,0.84,0.04,0.01,72803.54,1775920971000
1775920973.432,173.432,0.16,0.17,0.83,0.84,0.01,0.01,72801.91,1775920972000
1775920973.767,173.767,0.16,0.17,0.83,0.84,0.01,0.01,72801.91,1775920972000
1775920974.298,174.298,0.16,0.17,0.83,0.84,0.01,0.01,72801.91,1775920972000
1775920974.818,174.818,0.13,0.17,0.83,0.84,0.04,0.01,72801.6,1775920973000
1775920975.162,175.162,0.14,0.15,0.85,0.86,0.01,0.01,72801.6,1775920974000
1775920975.512,175.512,0.15,0.16,0.84,0.85,0.01,0.01,72801.6,1775920974000
1775920975.951,175.951,0.15,0.17,0.84,0.85,0.02,0.01,72801.6,1775920974000
1775920976.512,176.512,0.16,0.17,0.83,0.84,0.01,0.01,72801.62,1775920975000
1775920977.049,177.049,0.17,0.18,0.82,0.83,0.01,0.01,72801.62,1775920975000
1775920977.554,177.554,0.17,0.18,0.82,0.83,0.01,0.01,72801.62,1775920975000
1775920977.922,177.922,0.17,0.18,0.81,0.83,0.01,0.02,72801.93,1775920976000
1775920978.265,178.265,0.17,0.19,0.81,0.83,0.02,0.02,72801.93,1775920976000
1775920978.693,178.693,0.11,0.19,0.81,0.82,0.08,0.01,72803.26,1775920977000
1775920979.2,179.2,0.17,0.18,0.82,0.83,0.01,0.01,72803.26,1775920977000
1775920979.806,179.806,0.17,0.18,0.82,0.83,0.01,0.01,72802.1,1775920978000
1775920980.391,180.391,0.16,0.17,0.83,0.84,0.01,0.01,72802.1,1775920979000
1775920980.863,180.863,0.15,0.16,0.84,0.85,0.01,0.01,72802.1,1775920979000
1775920981.283,181.283,0.15,0.16,0.84,0.85,0.01,0.01,72802.1,1775920980000
1775920981.733,181.733,0.15,0.17,0.84,0.85,0.02,0.01,72802.1,1775920980000
1775920982.279,182.279,0.16,0.17,0.83,0.84,0.01,0.01,72802.1,1775920981000
1775920982.651,182.651,0.16,0.17,0.83,0.84,0.01,0.01,72802.1,1775920981000
1775920982.985,182.985,0.16,0.17,0.83,0.84,0.01,0.01,72802.1,1775920981000
1775920983.319,183.319,0.18,0.2,0.8,0.82,0.02,0.02,72802.1,1775920981000
1775920983.661,183.661,0.2,0.21,0.79,0.8,0.01,0.01,72802.1,1775920982000
1775920984.022,184.022,0.2,0.21,0.79,0.8,0.01,0.01,72802.1,1775920982000
1775920984.501,184.501,0.2,0.21,0.79,0.8,0.01,0.01,72802.1,1775920982000
1775920984.919,184.919,0.2,0.21,0.79,0.8,0.01,0.01,72801.9,1775920983000
1775920985.519,185.519,0.21,0.23,0.77,0.8,0.02,0.03,72802.58,1775920984000
1775920985.982,185.982,0.22,0.23,0.77,0.78,0.01,0.01,72802.58,1775920984000
1775920986.358,186.358,0.21,0.22,0.77,0.79,0.01,0.02,72804.43,1775920985000
1775920986.738,186.738,0.21,0.22,0.78,0.79,0.01,0.01,72804.43,1775920985000
1775920987.154,187.154,0.21,0.22,0.78,0.79,0.01,0.01,72804.43,1775920985000
1775920987.584,187.584,0.2,0.21,0.79,0.8,0.01,0.01,72807.04,1775920986000
1775920987.969,187.969,0.2,0.21,0.79,0.8,0.01,0.01,72807.04,1775920986000
1775920988.33,188.33,0.2,0.21,0.79,0.8,0.01,0.01,72806.46,1775920987000
1775920988.71,188.71,0.2,0.23,0.79,0.8,0.03,0.01,72806.46,1775920987000
1775920989.382,189.382,0.21,0.22,0.78,0.79,0.01,0.01,72806.36,1775920988000
1775920989.94,189.94,0.21,0.22,0.78,0.79,0.01,0.01,72806.36,1775920989000
1775920990.274,190.274,0.2,0.23,0.77,0.79,0.03,0.02,72806.36,1775920989000
1775920990.658,190.658,0.2,0.22,0.78,0.8,0.02,0.02,72806.36,1775920989000
1775920991.019,191.019,0.2,0.22,0.78,0.8,0.02,0.02,72806.39,1775920990000
1775920991.393,191.393,0.21,0.22,0.78,0.8,0.01,0.02,72806.39,1775920990000
1775920991.89,191.89,0.2,0.22,0.78,0.79,0.02,0.01,72806.39,1775920990000
1775920992.327,192.327,0.2,0.21,0.79,0.8,0.01,0.01,72806.37,1775920991000
1775920992.76,192.76,0.2,0.23,0.79,0.8,0.03,0.01,72806.37,1775920991000
1775920993.328,193.328,0.22,0.23,0.77,0.8,0.01,0.03,72806.37,1775920991000
1775920993.722,193.722,0.22,0.23,0.77,0.78,0.01,0.01,72806.37,1775920992000
1775920994.289,194.289,0.22,0.23,0.77,0.78,0.01,0.01,72806.1,1775920993000
1775920994.855,194.855,0.22,0.23,0.77,0.78,0.01,0.01,72806.1,1775920993000
1775920995.439,195.439,0.22,0.23,0.77,0.78,0.01,0.01,72806.1,1775920993000
1775920996.05,196.05,0.21,0.22,0.78,0.79,0.01,0.01,72806.64,1775920995000
1775920996.489,196.489,0.2,0.21,0.79,0.8,0.01,0.01,72806.64,1775920995000
1775920996.961,196.961,0.2,0.21,0.79,0.8,0.01,0.01,72806.64,1775920995000
1775920997.767,197.767,0.19,0.2,0.79,0.8,0.01,0.01,72806.45,1775920996000
1775920998.262,198.262,0.19,0.2,0.8,0.81,0.01,0.01,72806.45,1775920996000
1775920998.675,198.675,0.19,0.2,0.8,0.81,0.01,0.01,72806.59,1775920997000
1775920999.039,199.039,0.19,0.2,0.8,0.81,0.01,0.01,72806.82,1775920998000
1775920999.463,199.463,0.15,0.16,0.84,0.85,0.01,0.01,72806.82,1775920998000
1775920999.891,199.891,0.15,0.16,0.84,0.85,0.01,0.01,72806.82,1775920998000
1775921000.366,200.366,0.15,0.16,0.84,0.85,0.01,0.01,72806.82,1775920999000
1775921000.813,200.813,0.15,0.16,0.84,0.85,0.01,0.01,72806.82,1775920999000
1775921001.227,201.227,0.15,0.16,0.84,0.85,0.01,0.01,72806.82,1775920999000
1775921001.977,201.977,0.15,0.16,0.84,0.85,0.01,0.01,72806.37,1775921000000
1775921002.365,202.365,0.16,0.19,0.81,0.84,0.03,0.03,72806.45,1775921001000
1775921002.945,202.945,0.18,0.19,0.81,0.82,0.01,0.01,72806.45,1775921002000
1775921003.462,203.462,0.18,0.19,0.81,0.82,0.01,0.01,72806.45,1775921002000
1775921003.795,203.795,0.19,0.2,0.8,0.81,0.01,0.01,72806.45,1775921002000
1775921004.41,204.41,0.18,0.2,0.8,0.81,0.02,0.01,72806.37,1775921003000
1775921004.779,204.779,0.15,0.19,0.8,0.82,0.04,0.02,72806.37,1775921003000
1775921005.161,205.161,0.15,0.19,0.81,0.85,0.04,0.04,72807.77,1775921004000
1775921005.648,205.648,0.17,0.18,0.81,0.85,0.01,0.04,72807.77,1775921004000
1775921007.242,207.242,0.16,0.18,0.82,0.84,0.02,0.02,72807.69,1775921006000
1775921007.831,207.831,0.16,0.17,0.83,0.84,0.01,0.01,72807.69,1775921006000
1775921008.213,208.213,0.16,0.17,0.83,0.84,0.01,0.01,72807.69,1775921006000
1775921008.685,208.685,0.16,0.17,0.83,0.84,0.01,0.01,72808.76,1775921007000
1775921009.069,209.069,0.15,0.16,0.83,0.85,0.01,0.02,72808.76,1775921007000
1775921009.506,209.506,0.16,0.17,0.83,0.85,0.01,0.02,72808.76,1775921008000
1775921010.025,210.025,0.15,0.16,0.84,0.85,0.01,0.01,72808.76,1775921008000
1775921010.372,210.372,0.15,0.16,0.84,0.85,0.01,0.01,72808.76,1775921008000
1775921010.795,210.795,0.15,0.16,0.84,0.85,0.01,0.01,72807.85,1775921009000
1775921011.169,211.169,0.15,0.16,0.84,0.85,0.01,0.01,72807.85,1775921009000
1775921011.687,211.687,0.15,0.16,0.84,0.85,0.01,0.01,72807.85,1775921010000
1775921012.258,212.258,0.14,0.17,0.85,0.86,0.03,0.01,72807.73,1775921011000
1775921012.62,212.62,0.16,0.17,0.83,0.84,0.01,0.01,72807.73,1775921011000
1775921013.144,213.144,0.14,0.15,0.84,0.85,0.01,0.01,72807.73,1775921011000
1775921013.532,213.532,0.14,0.15,0.85,0.86,0.01,0.01,72807.25,1775921012000
1775921013.99,213.99,0.13,0.14,0.86,0.87,0.01,0.01,72807.25,1775921012000
1775921014.459,214.459,0.13,0.14,0.86,0.87,0.01,0.01,72807.25,1775921013000
1775921014.806,214.806,0.13,0.14,0.86,0.87,0.01,0.01,72807.25,1775921013000
1775921015.378,215.378,0.13,0.14,0.86,0.87,0.01,0.01,72807.25,1775921013000
1775921015.87,215.87,0.14,0.15,0.84,0.87,0.01,0.03,72806.7,1775921014000
1775921016.356,216.356,0.14,0.15,0.85,0.86,0.01,0.01,72806.7,1775921014000
1775921017.192,217.192,0.15,0.16,0.84,0.85,0.01,0.01,72806.7,1775921015000
1775921018.151,218.151,0.14,0.16,0.84,0.85,0.02,0.01,72806.55,1775921016000
1775921018.665,218.665,0.14,0.15,0.85,0.86,0.01,0.01,72806.61,1775921017000
1775921019.018,219.018,0.14,0.16,0.84,0.85,0.02,0.01,72806.61,1775921017000
1775921019.584,219.584,0.14,0.15,0.84,0.86,0.01,0.02,72806.61,1775921017000
1775921019.966,219.966,0.14,0.15,0.85,0.86,0.01,0.01,72806.61,1775921018000
1775921020.34,220.34,0.14,0.16,0.85,0.86,0.02,0.01,72806.61,1775921018000
1775921020.733,220.733,0.14,0.16,0.85,0.86,0.02,0.01,72806.68,1775921019000
1775921021.069,221.069,0.14,0.15,0.84,0.86,0.01,0.02,72806.68,1775921019000
1775921021.463,221.463,0.14,0.15,0.85,0.86,0.01,0.01,72806.68,1775921019000
1775921022.006,222.006,0.14,0.15,0.85,0.86,0.01,0.01,72807.07,1775921020000
1775921022.589,222.589,0.14,0.15,0.85,0.86,0.01,0.01,72807.07,1775921020000
1775921023.612,223.612,0.14,0.16,0.85,0.86,0.02,0.01,72807.29,1775921021000
1775921023.978,223.978,0.15,0.16,0.84,0.85,0.01,0.01,72807.59,1775921022000
1775921024.402,224.402,0.15,0.16,0.84,0.85,0.01,0.01,72807.59,1775921022000
1775921025.064,225.064,0.15,0.16,0.84,0.85,0.01,0.01,72807.8,1775921023000
1775921025.608,225.608,0.15,0.16,0.84,0.85,0.01,0.01,72807.8,1775921024000
1775921026.012,226.012,0.14,0.15,0.85,0.86,0.01,0.01,72807.8,1775921024000
1775921026.629,226.629,0.14,0.15,0.85,0.86,0.01,0.01,72808.38,1775921025000
1775921027.186,227.186,0.15,0.16,0.84,0.86,0.01,0.02,72808.38,1775921025000
1775921027.611,227.611,0.15,0.16,0.84,0.85,0.01,0.01,72808.82,1775921026000
1775921028.167,228.167,0.15,0.16,0.84,0.85,0.01,0.01,72808.82,1775921026000
1775921028.773,228.773,0.16,0.17,0.82,0.85,0.01,0.03,72808.82,1775921026000
1775921029.165,229.165,0.15,0.16,0.84,0.85,0.01,0.01,72807.99,1775921027000
1775921029.644,229.644,0.15,0.16,0.84,0.85,0.01,0.01,72807.99,1775921028000
1775921030.023,230.023,0.15,0.16,0.84,0.85,0.01,0.01,72808.14,1775921029000
1775921030.478,230.478,0.15,0.16,0.84,0.85,0.01,0.01,72808.14,1775921029000
1775921030.911,230.911,0.17,0.18,0.82,0.83,0.01,0.01,72808.14,1775921029000
1775921031.513,231.513,0.16,0.17,0.83,0.84,0.01,0.01,72808.24,1775921030000
1775921032.101,232.101,0.15,0.16,0.84,0.85,0.01,0.01,72808.41,1775921031000
1775921032.466,232.466,0.15,0.16,0.84,0.85,0.01,0.01,72808.41,1775921031000
1775921032.99,232.99,0.15,0.16,0.84,0.85,0.01,0.01,72808.41,1775921031000
1775921034.06,234.06,0.14,0.15,0.84,0.86,0.01,0.02,72808.45,1775921032000
1775921034.556,234.556,0.14,0.15,0.85,0.86,0.01,0.01,72808.03,1775921033000
1775921035.168,235.168,0.14,0.15,0.85,0.86,0.01,0.01,72807.85,1775921034000
1775921035.893,235.893,0.14,0.15,0.85,0.86,0.01,0.01,72807.85,1775921034000
1775921036.348,236.348,0.14,0.15,0.85,0.86,0.01,0.01,72807.87,1775921035000
1775921036.838,236.838,0.14,0.15,0.85,0.86,0.01,0.01,72807.87,1775921035000
1775921037.181,237.181,0.14,0.15,0.85,0.86,0.01,0.01,72807.87,1775921036000
1775921038.154,238.154,0.14,0.15,0.85,0.86,0.01,0.01,72807.93,1775921037000
1775921039.138,239.138,0.14,0.15,0.85,0.86,0.01,0.01,72807.93,1775921038000
1775921039.696,239.696,0.13,0.15,0.85,0.86,0.02,0.01,72807.93,1775921038000
1775921040.099,240.099,0.13,0.14,0.86,0.87,0.01,0.01,72807.89,1775921039000
1775921040.474,240.474,0.13,0.15,0.85,0.87,0.02,0.02,72807.89,1775921039000
1775921041.062,241.062,0.13,0.14,0.86,0.87,0.01,0.01,72807.89,1775921039000
1775921041.438,241.438,0.12,0.13,0.87,0.88,0.01,0.01,72807.89,1775921040000
1775921041.892,241.892,0.12,0.13,0.87,0.88,0.01,0.01,72807.89,1775921040000
1775921042.342,242.342,0.13,0.14,0.86,0.87,0.01,0.01,72807.75,1775921041000
1775921042.68,242.68,0.12,0.14,0.86,0.87,0.02,0.01,72807.75,1775921041000
1775921043.062,243.062,0.12,0.13,0.87,0.88,0.01,0.01,72807.75,1775921041000
1775921043.435,243.435,0.12,0.13,0.87,0.88,0.01,0.01,72807.47,1775921042000
1775921043.905,243.905,0.12,0.13,0.87,0.88,0.01,0.01,72807.47,1775921042000
1775921044.431,244.431,0.12,0.13,0.87,0.88,0.01,0.01,72807.35,1775921043000
1775921044.824,244.824,0.11,0.13,0.87,0.88,0.02,0.01,72807.35,1775921043000
1775921045.276,245.276,0.11,0.12,0.88,0.89,0.01,0.01,72807.35,1775921043000
1775921045.951,245.951,0.11,0.12,0.88,0.89,0.01,0.01,72807.37,1775921044000
1775921046.421,246.421,0.11,0.12,0.88,0.89,0.01,0.01,72807.37,1775921044000
1775921046.829,246.829,0.1,0.12,0.88,0.89,0.02,0.01,72807.37,1775921045000
1775921047.173,247.173,0.1,0.11,0.89,0.9,0.01,0.01,72807.37,1775921045000
1775921047.56,247.56,0.12,0.13,0.87,0.88,0.01,0.01,72807.34,1775921046000
1775921048.028,248.028,0.12,0.13,0.87,0.88,0.01,0.01,72807.29,1775921047000
1775921048.47,248.47,0.12,0.13,0.87,0.88,0.01,0.01,72807.29,1775921047000
1775921048.82,248.82,0.09,0.1,0.9,0.91,0.01,0.01,72807.29,1775921047000
1775921049.197,249.197,0.08,0.09,0.91,0.92,0.01,0.01,72807.29,1775921048000
1775921049.595,249.595,0.08,0.09,0.91,0.92,0.01,0.01,72807.29,1775921048000
1775921049.987,249.987,0.08,0.09,0.91,0.92,0.01,0.01,72807.29,1775921048000
1775921050.328,250.328,0.08,0.09,0.91,0.92,0.01,0.01,72807.16,1775921049000
1775921050.688,250.688,0.08,0.09,0.91,0.92,0.01,0.01,72807.16,1775921049000
1775921051.16,251.16,0.07,0.09,0.91,0.93,0.02,0.02,72801.5,1775921050000
1775921051.691,251.691,0.07,0.08,0.92,0.93,0.01,0.01,72801.5,1775921050000
1775921052.03,252.03,0.07,0.08,0.92,0.93,0.01,0.01,72801.5,1775921050000
1775921052.371,252.371,0.07,0.08,0.92,0.93,0.01,0.01,72800.82,1775921051000
1775921052.811,252.811,0.07,0.08,0.92,0.93,0.01,0.01,72800.82,1775921051000
1775921053.283,253.283,0.06,0.07,0.92,0.94,0.01,0.02,72800.82,1775921051000
1775921053.617,253.617,0.06,0.07,0.93,0.94,0.01,0.01,72800.84,1775921052000
1775921053.966,253.966,0.06,0.07,0.93,0.94,0.01,0.01,72800.84,1775921052000
1775921054.394,254.394,0.06,0.07,0.93,0.94,0.01,0.01,72800.84,1775921052000
1775921054.727,254.727,0.06,0.07,0.93,0.94,0.01,0.01,72801.67,1775921053000
1775921055.286,255.286,0.05,0.07,0.93,0.94,0.02,0.01,72801.67,1775921054000
1775921055.767,255.767,0.05,0.06,0.94,0.95,0.01,0.01,72801.67,1775921054000
1775921056.178,256.178,0.05,0.06,0.94,0.95,0.01,0.01,72801.67,1775921054000
1775921056.651,256.651,0.05,0.06,0.94,0.95,0.01,0.01,72801.67,1775921055000
1775921056.986,256.986,0.05,0.06,0.94,0.95,0.01,0.01,72801.67,1775921055000
1775921057.513,257.513,0.05,0.06,0.94,0.95,0.01,0.01,72801.77,1775921056000
1775921057.847,257.847,0.05,0.06,0.94,0.95,0.01,0.01,72801.77,1775921056000
1775921058.296,258.296,0.05,0.06,0.94,0.95,0.01,0.01,72801.77,1775921056000
1775921058.631,258.631,0.05,0.06,0.94,0.95,0.01,0.01,72801.77,1775921057000
1775921059.017,259.017,0.04,0.05,0.95,0.96,0.01,0.01,72801.77,1775921057000
1775921059.458,259.458,0.04,0.05,0.95,0.96,0.01,0.01,72801.77,1775921057000
1775921059.832,259.832,0.04,0.05,0.94,0.96,0.01,0.02,72800.83,1775921058000
1775921060.264,260.264,0.04,0.05,0.95,0.96,0.01,0.01,72800.83,1775921058000
1775921060.713,260.713,0.04,0.05,0.95,0.96,0.01,0.01,72800.83,1775921059000
1775921061.169,261.169,0.04,0.05,0.95,0.96,0.01,0.01,72800.83,1775921059000
1775921061.657,261.657,0.04,0.05,0.95,0.96,0.01,0.01,72800.63,1775921060000
1775921061.995,261.995,0.04,0.05,0.95,0.96,0.01,0.01,72800.63,1775921060000
1775921062.603,262.603,0.04,0.05,0.95,0.96,0.01,0.01,72800.64,1775921061000
1775921062.941,262.941,0.03,0.05,0.95,0.97,0.02,0.02,72800.64,1775921061000
1775921063.298,263.298,0.03,0.04,0.96,0.97,0.01,0.01,72801.01,1775921062000
1775921063.674,263.674,0.03,0.05,0.95,0.96,0.02,0.01,72801.01,1775921062000
1775921064.012,264.012,0.04,0.05,0.95,0.96,0.01,0.01,72801.01,1775921062000
1775921064.359,264.359,0.03,0.04,0.96,0.97,0.01,0.01,72801.01,1775921062000
1775921064.802,264.802,0.03,0.05,0.96,0.97,0.02,0.01,72801.01,1775921063000
1775921065.227,265.227,0.04,0.05,0.95,0.96,0.01,0.01,72800.66,1775921064000
1775921065.654,265.654,0.03,0.04,0.95,0.97,0.01,0.02,72800.66,1775921064000
1775921066.003,266.003,0.03,0.04,0.96,0.97,0.01,0.01,72800.67,1775921065000
1775921066.512,266.512,0.03,0.04,0.96,0.98,0.01,0.02,72800.67,1775921065000
1775921066.969,266.969,0.03,0.04,0.96,0.97,0.01,0.01,72800.67,1775921065000
1775921067.497,267.497,0.03,0.04,0.96,0.97,0.01,0.01,72800.67,1775921066000
1775921068.198,268.198,0.03,0.04,0.96,0.97,0.01,0.01,72800.67,1775921066000
1775921068.644,268.644,0.03,0.04,0.96,0.97,0.01,0.01,72800.66,1775921067000
1775921069.04,269.04,0.03,0.04,0.96,0.97,0.01,0.01,72800.66,1775921067000
1775921069.81,269.81,0.03,0.04,0.96,0.97,0.01,0.01,72800.66,1775921067000
1775921070.29,270.29,0.03,0.04,0.96,0.97,0.01,0.01,72800.73,1775921068000
1775921070.64,270.64,0.03,0.04,0.96,0.97,0.01,0.01,72800.78,1775921069000
1775921071.018,271.018,0.03,0.04,0.96,0.97,0.01,0.01,72800.78,1775921069000
1775921071.719,271.719,0.02,0.03,0.97,0.98,0.01,0.01,72800.92,1775921070000
1775921072.082,272.082,0.02,0.03,0.97,0.98,0.01,0.01,72800.92,1775921070000
1775921072.607,272.607,0.02,0.03,0.97,0.98,0.01,0.01,72800.92,1775921071000
1775921072.94,272.94,0.02,0.04,0.96,0.98,0.02,0.02,72800.92,1775921071000
1775921073.39,273.39,0.02,0.03,0.97,0.98,0.01,0.01,72800.85,1775921072000
1775921073.877,273.877,0.02,0.04,0.96,0.98,0.02,0.02,72800.85,1775921072000
1775921074.676,274.676,0.02,0.03,0.96,0.98,0.01,0.02,72800.85,1775921073000
1775921075.165,275.165,0.03,0.04,0.96,0.97,0.01,0.01,72800.56,1775921074000
1775921075.669,275.669,0.03,0.04,0.96,0.97,0.01,0.01,72800.56,1775921074000
1775921076.076,276.076,0.03,0.04,0.96,0.97,0.01,0.01,72800.56,1775921074000
1775921076.449,276.449,0.03,0.04,0.96,0.97,0.01,0.01,72800.57,1775921075000
1775921076.873,276.873,0.03,0.04,0.96,0.97,0.01,0.01,72800.57,1775921075000
1775921077.338,277.338,0.02,0.04,0.96,0.97,0.02,0.01,72801.29,1775921076000
1775921077.724,277.724,0.02,0.03,0.96,0.98,0.01,0.02,72801.29,1775921076000
1775921078.11,278.11,0.02,0.03,0.97,0.98,0.01,0.01,72801.52,1775921077000
1775921078.488,278.488,0.01,0.02,0.97,0.99,0.01,0.02,72801.52,1775921077000
1775921078.822,278.822,0.01,0.02,0.98,0.99,0.01,0.01,72801.52,1775921077000
1775921079.218,279.218,0.01,0.02,0.98,0.99,0.01,0.01,72801.63,1775921078000
1775921079.554,279.554,0.01,0.02,0.98,0.99,0.01,0.01,72801.63,1775921078000
1775921079.979,279.979,0.01,0.02,0.98,0.99,0.01,0.01,72801.63,1775921079000
1775921080.316,280.316,0.01,0.02,0.98,0.99,0.01,0.01,72801.63,1775921079000
1775921080.656,280.656,0.01,0.03,0.97,0.99,0.02,0.02,72801.63,1775921079000
1775921080.991,280.991,0.01,0.02,0.98,0.99,0.01,0.01,72801.43,1775921080000
1775921081.326,281.326,0.01,0.02,0.98,0.99,0.01,0.01,72801.43,1775921080000
1775921081.68,281.68,0.01,0.02,0.98,0.99,0.01,0.01,72801.43,1775921080000
1775921082.052,282.052,0.01,0.02,0.98,0.99,0.01,0.01,72801.36,1775921081000
1775921082.559,282.559,0.01,0.02,0.98,0.99,0.01,0.01,72801.36,1775921081000
1775921082.911,282.911,0.01,0.02,0.98,0.99,0.01,0.01,72801.1,1775921082000
1775921083.461,283.461,0.01,0.02,0.98,0.99,0.01,0.01,72801.1,1775921082000
1775921083.893,283.893,0.01,0.02,0.98,0.99,0.01,0.01,72801,1775921083000
1775921084.446,284.446,0.01,0.02,0.98,0.99,0.01,0.01,72801,1775921083000
1775921084.816,284.816,0.01,0.02,0.98,0.99,0.01,0.01,72801,1775921083000
1775921085.177,285.177,0.01,0.02,0.98,0.99,0.01,0.01,72801,1775921083000
1775921085.563,285.563,0.01,0.02,0.98,0.99,0.01,0.01,72799.86,1775921084000
1775921085.981,285.981,0.01,0.02,0.98,0.99,0.01,0.01,72799.86,1775921084000
1775921086.618,286.618,0.01,0.02,0.98,0.99,0.01,0.01,72799.86,1775921085000
1775921086.952,286.952,0.01,0.02,0.98,0.99,0.01,0.01,72799.86,1775921085000
1775921087.32,287.32,0.01,0.02,0.98,0.99,0.01,0.01,72799.86,1775921085000
1775921087.676,287.676,0.01,0.02,0.98,0.99,0.01,0.01,72799.56,1775921086000
1775921088.047,288.047,0.01,0.02,0.97,0.99,0.01,0.02,72799.56,1775921087000
1775921088.78,288.78,0.01,0.02,0.98,0.99,0.01,0.01,72799.56,1775921087000
1775921089.181,289.181,0.01,0.02,0.98,0.99,0.01,0.01,72797.89,1775921088000
1775921089.536,289.536,0.01,0.02,0.98,0.99,0.01,0.01,72797.89,1775921088000
1775921090.229,290.229,0.01,0.02,0.98,0.99,0.01,0.01,72797.89,1775921088000
1775921090.586,290.586,0.01,0.02,0.98,0.99,0.01,0.01,72796.86,1775921089000
1775921090.932,290.932,0.01,0.02,0.98,0.99,0.01,0.01,72796.86,1775921089000
1775921091.292,291.292,0.01,0.02,0.98,0.99,0.01,0.01,72796.86,1775921090000
1775921091.882,291.882,0.01,0.02,0.98,0.99,0.01,0.01,72796.86,1775921090000
1775921092.301,292.301,0.01,0.02,0.98,0.99,0.01,0.01,72795.69,1775921091000
1775921092.639,292.639,0.01,0.02,0.98,0.99,0.01,0.01,72795.69,1775921091000
1775921093.02,293.02,0.01,0.02,0.98,0.99,0.01,0.01,72795.69,1775921091000
1775921093.527,293.527,0.01,0.01,0.99,0.99,0.0,0.0,72795.43,1775921092000
1775921093.871,293.871,0.01,0.01,0.99,0.99,0.0,0.0,72795.43,1775921092000
1775921094.292,294.292,0.01,0.01,0.99,0.99,0.0,0.0,72795.41,1775921093000
1775921094.708,294.708,0.01,0.01,0.99,0.99,0.0,0.0,72795.41,1775921093000
1775921095.315,295.315,0.01,0.01,0.99,0.99,0.0,0.0,72795.41,1775921094000
1775921095.876,295.876,0.01,0.01,0.99,0.99,0.0,0.0,72795.41,1775921094000
1775921096.308,296.308,0.01,0.01,0.99,0.99,0.0,0.0,72795.41,1775921095000
1775921096.747,296.747,0.01,0.01,0.99,0.99,0.0,0.0,72795.41,1775921095000
1775921097.144,297.144,0.01,0.01,0.99,0.99,0.0,0.0,72795.41,1775921095000
1775921097.872,297.872,0.01,0.01,0.99,0.99,0.0,0.0,72795.6,1775921097000
1775921098.981,298.981,0.01,0.01,0.99,0.99,0.0,0.0,72795.6,1775921097000
1775921099.747,299.747,0.01,0.01,0.99,0.99,0.0,0.0,72795.47,1775921098000
1775921100.354,300.354,0.01,0.01,0.99,0.99,0.0,0.0,72795.08,1775921099000
1775921100.694,300.694,0.01,0.01,0.99,0.99,0.0,0.0,72795.08,1775921099000
1775921101.3,301.3,0.01,0.01,0.99,0.99,0.0,0.0,72795.51,1775921100000
1775921102.252,302.252,0.01,0.01,0.99,0.99,0.0,0.0,72796.34,1775921101000

# RESULT,winner=Down,slug=btc-updown-5m-1775920800,ticks=656
