timestamp,elapsed_sec,up_bid,up_ask,down_bid,down_ask,up_spread,down_spread,btc_price,btc_oracle_ts
1776403500.555,0.555,0.5,0.51,0.49,0.5,0.01,0.01,74739.91,1776403499000
1776403500.985,0.985,0.49,0.5,0.5,0.51,0.01,0.01,74739.91,1776403499000
1776403501.479,1.479,0.49,0.5,0.5,0.51,0.01,0.01,74739.43,1776403500000
1776403501.831,1.831,0.49,0.5,0.5,0.51,0.01,0.01,74739.43,1776403500000
1776403502.23,2.23,0.49,0.5,0.5,0.51,0.01,0.01,74739.16,1776403501000
1776403502.955,2.955,0.49,0.5,0.5,0.51,0.01,0.01,74739.16,1776403501000
1776403503.312,3.312,0.49,0.5,0.5,0.51,0.01,0.01,74739.31,1776403502000
1776403503.736,3.736,0.49,0.5,0.5,0.51,0.01,0.01,74739.31,1776403502000
1776403504.085,4.085,0.49,0.5,0.5,0.51,0.01,0.01,74739.31,1776403503000
1776403504.421,4.421,0.49,0.5,0.5,0.51,0.01,0.01,74739.31,1776403503000
1776403505.013,5.013,0.49,0.5,0.5,0.51,0.01,0.01,74739.0,1776403504000
1776403505.535,5.535,0.49,0.5,0.5,0.51,0.01,0.01,74739.0,1776403504000
1776403506.053,6.053,0.49,0.5,0.5,0.51,0.01,0.01,74739.0,1776403504000
1776403506.566,6.566,0.49,0.5,0.5,0.51,0.01,0.01,74739.0,1776403505000
1776403507.111,7.111,0.49,0.5,0.5,0.51,0.01,0.01,74738.96,1776403506000
1776403507.641,7.641,0.49,0.5,0.5,0.51,0.01,0.01,74738.96,1776403506000
1776403508.1,8.1,0.49,0.5,0.5,0.51,0.01,0.01,74738.96,1776403506000
1776403509.232,9.232,0.5,0.51,0.5,0.51,0.01,0.01,74738.96,1776403507000
1776403509.636,9.636,0.55,0.56,0.44,0.45,0.01,0.01,74739.13,1776403508000
1776403509.987,9.987,0.55,0.56,0.44,0.45,0.01,0.01,74739.13,1776403508000
1776403510.323,10.323,0.55,0.56,0.44,0.45,0.01,0.01,74739.13,1776403508000
1776403510.794,10.794,0.54,0.55,0.44,0.46,0.01,0.02,74739.2,1776403509000
1776403511.165,11.165,0.54,0.55,0.45,0.46,0.01,0.01,74739.2,1776403509000
1776403511.691,11.691,0.54,0.55,0.45,0.46,0.01,0.01,74740.69,1776403510000
1776403512.256,12.256,0.54,0.55,0.45,0.46,0.01,0.01,74740.69,1776403510000
1776403512.624,12.624,0.54,0.55,0.45,0.46,0.01,0.01,74742.84,1776403511000
1776403513.372,13.372,0.53,0.55,0.45,0.47,0.02,0.02,74742.84,1776403511000
1776403513.921,13.921,0.53,0.54,0.46,0.47,0.01,0.01,74742.85,1776403512000
1776403514.265,14.265,0.52,0.53,0.46,0.48,0.01,0.02,74742.85,1776403512000
1776403514.9,14.9,0.52,0.53,0.47,0.48,0.01,0.01,74742.85,1776403513000
1776403515.36,15.36,0.51,0.52,0.48,0.49,0.01,0.01,74742.85,1776403514000
1776403515.776,15.776,0.51,0.52,0.48,0.49,0.01,0.01,74742.85,1776403514000
1776403516.16,16.16,0.51,0.52,0.48,0.49,0.01,0.01,74742.85,1776403514000
1776403516.638,16.638,0.51,0.52,0.48,0.49,0.01,0.01,74742.85,1776403514000
1776403517.289,17.289,0.51,0.52,0.48,0.49,0.01,0.01,74741.55,1776403515000
1776403517.835,17.835,0.51,0.52,0.48,0.49,0.01,0.01,74741.55,1776403516000
1776403518.341,18.341,0.51,0.52,0.48,0.49,0.01,0.01,74741.56,1776403517000
1776403519.011,19.011,0.51,0.57,0.48,0.49,0.06,0.01,74741.56,1776403517000
1776403519.39,19.39,0.53,0.54,0.48,0.49,0.01,0.01,74741.56,1776403517000
1776403520.48,20.48,0.53,0.54,0.46,0.47,0.01,0.01,74741.6,1776403519000
1776403520.862,20.862,0.53,0.54,0.46,0.47,0.01,0.01,74741.6,1776403519000
1776403521.302,21.302,0.53,0.54,0.46,0.47,0.01,0.01,74742.26,1776403520000
1776403521.739,21.739,0.53,0.54,0.46,0.47,0.01,0.01,74742.26,1776403520000
1776403522.092,22.092,0.53,0.54,0.46,0.47,0.01,0.01,74742.26,1776403520000
1776403522.497,22.497,0.53,0.54,0.46,0.47,0.01,0.01,74742.26,1776403521000
1776403523.075,23.075,0.53,0.54,0.46,0.47,0.01,0.01,74742.26,1776403521000
1776403523.509,23.509,0.52,0.53,0.46,0.48,0.01,0.02,74742.26,1776403522000
1776403523.921,23.921,0.48,0.49,0.49,0.52,0.01,0.03,74742.26,1776403522000
1776403524.609,24.609,0.48,0.49,0.51,0.52,0.01,0.01,74742.26,1776403522000
1776403525.03,25.03,0.47,0.49,0.51,0.52,0.02,0.01,74742.37,1776403523000
1776403525.447,25.447,0.47,0.48,0.51,0.53,0.01,0.02,74742.37,1776403523000
1776403526.209,26.209,0.47,0.48,0.52,0.53,0.01,0.01,74739.43,1776403525000
1776403526.773,26.773,0.47,0.48,0.52,0.53,0.01,0.01,74739.43,1776403525000
1776403527.182,27.182,0.47,0.48,0.52,0.53,0.01,0.01,74739.43,1776403525000
1776403527.692,27.692,0.47,0.48,0.52,0.53,0.01,0.01,74739.43,1776403525000
1776403528.46,28.46,0.47,0.48,0.52,0.53,0.01,0.01,74739.35,1776403526000
1776403528.833,28.833,0.47,0.48,0.52,0.53,0.01,0.01,74739.35,1776403526000
1776403529.397,29.397,0.47,0.48,0.52,0.53,0.01,0.01,74739.35,1776403527000
1776403529.811,29.811,0.47,0.48,0.52,0.53,0.01,0.01,74739.35,1776403528000
1776403530.548,30.548,0.47,0.48,0.52,0.53,0.01,0.01,74739.35,1776403529000
1776403530.906,30.906,0.43,0.44,0.56,0.57,0.01,0.01,74739.35,1776403529000
1776403531.268,31.268,0.43,0.44,0.56,0.57,0.01,0.01,74739.19,1776403530000
1776403531.654,31.654,0.42,0.44,0.56,0.57,0.02,0.01,74739.19,1776403530000
1776403532.04,32.04,0.39,0.4,0.6,0.61,0.01,0.01,74739.19,1776403530000
1776403532.376,32.376,0.39,0.4,0.6,0.61,0.01,0.01,74739.19,1776403530000
1776403532.729,32.729,0.39,0.4,0.6,0.61,0.01,0.01,74739.19,1776403530000
1776403533.125,33.125,0.39,0.4,0.6,0.61,0.01,0.01,74738.82,1776403531000
1776403533.689,33.689,0.39,0.4,0.6,0.61,0.01,0.01,74737.29,1776403532000
1776403534.071,34.071,0.38,0.39,0.61,0.62,0.01,0.01,74737.29,1776403532000
1776403534.446,34.446,0.38,0.39,0.61,0.62,0.01,0.01,74734.23,1776403533000
1776403534.85,34.85,0.38,0.39,0.61,0.62,0.01,0.01,74734.23,1776403533000
1776403535.184,35.184,0.38,0.39,0.61,0.62,0.01,0.01,74734.23,1776403533000
1776403535.558,35.558,0.38,0.39,0.61,0.62,0.01,0.01,74734.23,1776403533000
1776403535.946,35.946,0.38,0.39,0.61,0.62,0.01,0.01,74731.09,1776403534000
1776403536.453,36.453,0.37,0.38,0.62,0.63,0.01,0.01,74731.09,1776403534000
1776403536.812,36.812,0.37,0.38,0.62,0.63,0.01,0.01,74730.89,1776403535000
1776403537.244,37.244,0.37,0.38,0.62,0.63,0.01,0.01,74731.01,1776403536000
1776403537.706,37.706,0.37,0.38,0.62,0.63,0.01,0.01,74731.01,1776403536000
1776403538.047,38.047,0.37,0.38,0.62,0.63,0.01,0.01,74731.01,1776403536000
1776403538.415,38.415,0.37,0.38,0.62,0.63,0.01,0.01,74731.01,1776403536000
1776403538.872,38.872,0.37,0.38,0.62,0.63,0.01,0.01,74730.96,1776403537000
1776403539.277,39.277,0.37,0.38,0.62,0.63,0.01,0.01,74730.96,1776403537000
1776403539.675,39.675,0.37,0.38,0.62,0.63,0.01,0.01,74730.73,1776403538000
1776403540.325,40.325,0.37,0.38,0.62,0.63,0.01,0.01,74730.69,1776403539000
1776403540.67,40.67,0.37,0.38,0.62,0.63,0.01,0.01,74730.69,1776403539000
1776403541.077,41.077,0.37,0.38,0.62,0.63,0.01,0.01,74730.69,1776403539000
1776403541.431,41.431,0.37,0.38,0.62,0.63,0.01,0.01,74730.69,1776403539000
1776403541.821,41.821,0.37,0.38,0.62,0.63,0.01,0.01,74731.17,1776403540000
1776403542.177,42.177,0.35,0.37,0.62,0.64,0.02,0.02,74731.17,1776403540000
1776403542.521,42.521,0.33,0.34,0.66,0.67,0.01,0.01,74731.35,1776403541000
1776403542.974,42.974,0.31,0.33,0.67,0.68,0.02,0.01,74731.35,1776403541000
1776403543.449,43.449,0.31,0.33,0.68,0.69,0.02,0.01,74731.17,1776403542000
1776403543.957,43.957,0.3,0.31,0.69,0.7,0.01,0.01,74731.17,1776403542000
1776403544.348,44.348,0.3,0.31,0.69,0.7,0.01,0.01,74731.17,1776403542000
1776403544.74,44.74,0.3,0.31,0.69,0.7,0.01,0.01,74727.37,1776403543000
1776403545.152,45.152,0.3,0.31,0.69,0.7,0.01,0.01,74727.37,1776403543000
1776403545.582,45.582,0.28,0.3,0.7,0.72,0.02,0.02,74724.77,1776403544000
1776403545.975,45.975,0.28,0.29,0.71,0.72,0.01,0.01,74724.77,1776403544000
1776403546.572,46.572,0.28,0.29,0.71,0.72,0.01,0.01,74724.77,1776403544000
1776403546.916,46.916,0.28,0.29,0.71,0.72,0.01,0.01,74721.85,1776403545000
1776403547.336,47.336,0.27,0.28,0.72,0.73,0.01,0.01,74721.85,1776403545000
1776403547.839,47.839,0.27,0.28,0.72,0.73,0.01,0.01,74718.26,1776403546000
1776403548.176,48.176,0.26,0.27,0.73,0.74,0.01,0.01,74718.26,1776403546000
1776403548.59,48.59,0.23,0.26,0.74,0.77,0.03,0.03,74718.2,1776403547000
1776403548.986,48.986,0.23,0.24,0.76,0.77,0.01,0.01,74718.2,1776403547000
1776403549.401,49.401,0.23,0.24,0.76,0.77,0.01,0.01,74718.2,1776403547000
1776403549.877,49.877,0.23,0.24,0.76,0.77,0.01,0.01,74716.91,1776403548000
1776403550.287,50.287,0.23,0.24,0.76,0.77,0.01,0.01,74716.91,1776403548000
1776403550.673,50.673,0.23,0.24,0.76,0.77,0.01,0.01,74715.44,1776403549000
1776403551.008,51.008,0.22,0.23,0.76,0.77,0.01,0.01,74715.44,1776403549000
1776403551.439,51.439,0.22,0.23,0.77,0.78,0.01,0.01,74710.42,1776403550000
1776403551.801,51.801,0.22,0.23,0.77,0.78,0.01,0.01,74710.42,1776403550000
1776403552.517,52.517,0.22,0.23,0.77,0.78,0.01,0.01,74710.1,1776403551000
1776403552.93,52.93,0.21,0.22,0.78,0.79,0.01,0.01,74710.1,1776403551000
1776403553.659,53.659,0.22,0.23,0.77,0.78,0.01,0.01,74708.71,1776403552000
1776403554.315,54.315,0.22,0.23,0.77,0.78,0.01,0.01,74708.62,1776403553000
1776403554.807,54.807,0.22,0.26,0.77,0.78,0.04,0.01,74708.62,1776403553000
1776403555.167,55.167,0.26,0.28,0.73,0.74,0.02,0.01,74708.62,1776403553000
1776403555.527,55.527,0.27,0.28,0.72,0.73,0.01,0.01,74708.62,1776403553000
1776403555.963,55.963,0.27,0.28,0.72,0.73,0.01,0.01,74709.05,1776403554000
1776403556.439,56.439,0.28,0.29,0.71,0.72,0.01,0.01,74709.05,1776403554000
1776403556.784,56.784,0.28,0.29,0.71,0.72,0.01,0.01,74709.05,1776403555000
1776403557.151,57.151,0.28,0.29,0.71,0.72,0.01,0.01,74710.38,1776403556000
1776403557.495,57.495,0.28,0.29,0.71,0.72,0.01,0.01,74710.38,1776403556000
1776403558.33,58.33,0.28,0.29,0.71,0.72,0.01,0.01,74711.9,1776403557000
1776403558.815,58.815,0.28,0.29,0.71,0.72,0.01,0.01,74711.9,1776403557000
1776403559.364,59.364,0.29,0.3,0.7,0.71,0.01,0.01,74711.9,1776403557000
1776403559.728,59.728,0.29,0.3,0.7,0.71,0.01,0.01,74711.87,1776403558000
1776403560.061,60.061,0.29,0.3,0.7,0.71,0.01,0.01,74711.87,1776403558000
1776403560.475,60.475,0.29,0.3,0.7,0.71,0.01,0.01,74711.87,1776403559000
1776403560.884,60.884,0.3,0.31,0.69,0.7,0.01,0.01,74711.87,1776403559000
1776403561.225,61.225,0.29,0.3,0.69,0.71,0.01,0.02,74711.87,1776403559000
1776403561.656,61.656,0.29,0.3,0.7,0.71,0.01,0.01,74712.02,1776403560000
1776403562.061,62.061,0.29,0.3,0.7,0.71,0.01,0.01,74712.02,1776403560000
1776403562.408,62.408,0.29,0.3,0.7,0.71,0.01,0.01,74712.25,1776403561000
1776403562.858,62.858,0.29,0.3,0.7,0.71,0.01,0.01,74712.25,1776403561000
1776403563.687,63.687,0.27,0.29,0.71,0.72,0.02,0.01,74712.25,1776403561000
1776403564.034,64.034,0.27,0.28,0.71,0.73,0.01,0.02,74712.86,1776403562000
1776403564.428,64.428,0.27,0.28,0.72,0.73,0.01,0.01,74712.85,1776403563000
1776403564.835,64.835,0.27,0.28,0.72,0.73,0.01,0.01,74712.85,1776403563000
1776403565.367,65.367,0.26,0.27,0.72,0.73,0.01,0.01,74712.85,1776403563000
1776403565.874,65.874,0.26,0.27,0.73,0.74,0.01,0.01,74712.85,1776403564000
1776403566.209,66.209,0.26,0.27,0.73,0.74,0.01,0.01,74712.85,1776403564000
1776403566.553,66.553,0.23,0.24,0.75,0.76,0.01,0.01,74712.23,1776403565000
1776403566.898,66.898,0.21,0.22,0.77,0.79,0.01,0.02,74712.23,1776403565000
1776403567.238,67.238,0.21,0.22,0.78,0.79,0.01,0.01,74712.23,1776403565000
1776403567.575,67.575,0.21,0.22,0.78,0.79,0.01,0.01,74712.12,1776403566000
1776403567.929,67.929,0.21,0.22,0.78,0.79,0.01,0.01,74712.12,1776403566000
1776403568.271,68.271,0.21,0.22,0.78,0.79,0.01,0.01,74711.94,1776403567000
1776403568.62,68.62,0.21,0.22,0.78,0.79,0.01,0.01,74711.94,1776403567000
1776403569.193,69.193,0.21,0.22,0.78,0.79,0.01,0.01,74708.59,1776403568000
1776403569.728,69.728,0.21,0.22,0.78,0.79,0.01,0.01,74708.59,1776403568000
1776403570.156,70.156,0.21,0.22,0.78,0.79,0.01,0.01,74708.59,1776403568000
1776403570.583,70.583,0.21,0.22,0.78,0.79,0.01,0.01,74708.5,1776403569000
1776403571.013,71.013,0.22,0.23,0.77,0.79,0.01,0.02,74708.5,1776403569000
1776403571.493,71.493,0.22,0.23,0.77,0.78,0.01,0.01,74708.5,1776403570000
1776403571.863,71.863,0.22,0.23,0.77,0.78,0.01,0.01,74708.5,1776403570000
1776403572.618,72.618,0.22,0.23,0.77,0.78,0.01,0.01,74708.28,1776403571000
1776403573.003,73.003,0.22,0.23,0.77,0.78,0.01,0.01,74708.28,1776403571000
1776403573.368,73.368,0.2,0.26,0.74,0.8,0.06,0.06,74708.28,1776403572000
1776403573.724,73.724,0.21,0.22,0.78,0.79,0.01,0.01,74708.28,1776403572000
1776403574.26,74.26,0.22,0.23,0.77,0.78,0.01,0.01,74708.58,1776403573000
1776403574.655,74.655,0.22,0.23,0.77,0.78,0.01,0.01,74708.58,1776403573000
1776403575.094,75.094,0.22,0.23,0.77,0.78,0.01,0.01,74708.58,1776403574000
1776403575.462,75.462,0.23,0.24,0.76,0.77,0.01,0.01,74708.58,1776403574000
1776403575.874,75.874,0.23,0.24,0.76,0.77,0.01,0.01,74708.58,1776403574000
1776403576.618,76.618,0.24,0.26,0.75,0.76,0.02,0.01,74707.18,1776403575000
1776403576.987,76.987,0.26,0.27,0.72,0.74,0.01,0.02,74707.18,1776403575000
1776403577.333,77.333,0.27,0.28,0.72,0.73,0.01,0.01,74707.18,1776403575000
1776403577.679,77.679,0.27,0.28,0.72,0.73,0.01,0.01,74707.18,1776403576000
1776403578.045,78.045,0.28,0.29,0.72,0.73,0.01,0.01,74707.18,1776403576000
1776403578.386,78.386,0.28,0.29,0.71,0.72,0.01,0.01,74707.07,1776403577000
1776403578.95,78.95,0.28,0.29,0.71,0.72,0.01,0.01,74707.07,1776403577000
1776403579.348,79.348,0.28,0.29,0.71,0.72,0.01,0.01,74707.21,1776403578000
1776403580.092,80.092,0.27,0.28,0.71,0.73,0.01,0.02,74707.21,1776403578000
1776403580.467,80.467,0.27,0.28,0.72,0.73,0.01,0.01,74707.21,1776403578000
1776403580.82,80.82,0.27,0.28,0.72,0.73,0.01,0.01,74707.67,1776403579000
1776403581.236,81.236,0.27,0.28,0.72,0.73,0.01,0.01,74707.67,1776403580000
1776403581.748,81.748,0.27,0.28,0.72,0.73,0.01,0.01,74707.67,1776403580000
1776403582.099,82.099,0.27,0.28,0.72,0.73,0.01,0.01,74707.62,1776403581000
1776403582.639,82.639,0.27,0.28,0.72,0.73,0.01,0.01,74707.62,1776403581000
1776403583.225,83.225,0.27,0.28,0.72,0.73,0.01,0.01,74707.43,1776403582000
1776403584.074,84.074,0.26,0.27,0.72,0.74,0.01,0.02,74707.43,1776403582000
1776403584.83,84.83,0.25,0.26,0.73,0.75,0.01,0.02,74707.43,1776403583000
1776403585.424,85.424,0.25,0.26,0.74,0.75,0.01,0.01,74707.62,1776403584000
1776403585.847,85.847,0.25,0.26,0.74,0.75,0.01,0.01,74707.62,1776403584000
1776403586.709,86.709,0.25,0.26,0.74,0.75,0.01,0.01,74707.62,1776403585000
1776403587.295,87.295,0.24,0.26,0.74,0.75,0.02,0.01,74707.93,1776403586000
1776403587.726,87.726,0.21,0.22,0.74,0.78,0.01,0.04,74707.93,1776403586000
1776403588.085,88.085,0.21,0.22,0.78,0.79,0.01,0.01,74707.93,1776403587000
1776403588.558,88.558,0.19,0.2,0.8,0.81,0.01,0.01,74707.93,1776403587000
1776403589.134,89.134,0.19,0.2,0.8,0.81,0.01,0.01,74706.83,1776403588000
1776403589.625,89.625,0.18,0.19,0.81,0.82,0.01,0.01,74706.83,1776403588000
1776403590.127,90.127,0.18,0.19,0.81,0.82,0.01,0.01,74705.22,1776403589000
1776403590.497,90.497,0.18,0.19,0.81,0.82,0.01,0.01,74705.22,1776403589000
1776403590.852,90.852,0.18,0.19,0.81,0.82,0.01,0.01,74705.22,1776403589000
1776403591.338,91.338,0.18,0.19,0.81,0.82,0.01,0.01,74704.49,1776403590000
1776403592.199,92.199,0.18,0.19,0.81,0.82,0.01,0.01,74704.49,1776403590000
1776403592.635,92.635,0.16,0.17,0.83,0.84,0.01,0.01,74703.97,1776403591000
1776403593.262,93.262,0.16,0.17,0.83,0.84,0.01,0.01,74703.97,1776403591000
1776403593.779,93.779,0.16,0.17,0.83,0.84,0.01,0.01,74703.38,1776403592000
1776403594.258,94.258,0.16,0.17,0.83,0.84,0.01,0.01,74703.38,1776403592000
1776403595.077,95.077,0.15,0.17,0.83,0.84,0.02,0.01,74702.7,1776403593000
1776403595.6,95.6,0.15,0.16,0.84,0.85,0.01,0.01,74701.47,1776403594000
1776403596.454,96.454,0.15,0.16,0.84,0.85,0.01,0.01,74700.47,1776403595000
1776403596.929,96.929,0.15,0.16,0.84,0.85,0.01,0.01,74700.69,1776403596000
1776403597.294,97.294,0.15,0.16,0.84,0.85,0.01,0.01,74700.69,1776403596000
1776403598.25,98.25,0.15,0.16,0.84,0.85,0.01,0.01,74700.91,1776403597000
1776403598.766,98.766,0.15,0.16,0.84,0.85,0.01,0.01,74700.91,1776403597000
1776403599.196,99.196,0.15,0.16,0.84,0.85,0.01,0.01,74700.91,1776403597000
1776403599.533,99.533,0.15,0.16,0.84,0.85,0.01,0.01,74701.01,1776403598000
1776403600.285,100.285,0.15,0.16,0.84,0.85,0.01,0.01,74701.01,1776403599000
1776403600.891,100.891,0.15,0.16,0.84,0.85,0.01,0.01,74701.01,1776403599000
1776403601.444,101.444,0.15,0.16,0.84,0.85,0.01,0.01,74700.96,1776403600000
1776403602.234,102.234,0.15,0.16,0.84,0.85,0.01,0.01,74700.96,1776403601000
1776403602.627,102.627,0.15,0.16,0.84,0.85,0.01,0.01,74700.96,1776403601000
1776403603.251,103.251,0.15,0.16,0.84,0.85,0.01,0.01,74700.96,1776403601000
1776403603.707,103.707,0.14,0.15,0.84,0.86,0.01,0.02,74700.96,1776403602000
1776403604.161,104.161,0.14,0.15,0.85,0.86,0.01,0.01,74700.96,1776403602000
1776403604.522,104.522,0.14,0.15,0.85,0.86,0.01,0.01,74701.14,1776403603000
1776403604.941,104.941,0.14,0.15,0.85,0.86,0.01,0.01,74701.14,1776403603000
1776403606.269,106.269,0.15,0.16,0.84,0.85,0.01,0.01,74701.11,1776403604000
1776403606.662,106.662,0.15,0.16,0.84,0.85,0.01,0.01,74701.11,1776403604000
1776403607.129,107.129,0.15,0.16,0.84,0.85,0.01,0.01,74701.11,1776403604000
1776403607.485,107.485,0.23,0.25,0.75,0.78,0.02,0.03,74701.01,1776403606000
1776403607.874,107.874,0.25,0.26,0.74,0.75,0.01,0.01,74701.01,1776403606000
1776403608.217,108.217,0.25,0.26,0.74,0.75,0.01,0.01,74701.01,1776403607000
1776403608.585,108.585,0.26,0.27,0.73,0.74,0.01,0.01,74701.01,1776403607000
1776403609.177,109.177,0.26,0.27,0.73,0.74,0.01,0.01,74707.51,1776403608000
1776403609.715,109.715,0.26,0.27,0.73,0.74,0.01,0.01,74707.51,1776403608000
1776403610.136,110.136,0.26,0.27,0.73,0.74,0.01,0.01,74707.51,1776403608000
1776403610.537,110.537,0.26,0.27,0.73,0.74,0.01,0.01,74709.95,1776403609000
1776403610.889,110.889,0.26,0.27,0.73,0.74,0.01,0.01,74709.95,1776403609000
1776403611.307,111.307,0.21,0.22,0.78,0.79,0.01,0.01,74714.23,1776403610000
1776403611.72,111.72,0.21,0.22,0.78,0.79,0.01,0.01,74714.23,1776403610000
1776403612.197,112.197,0.21,0.22,0.78,0.79,0.01,0.01,74710.01,1776403611000
1776403612.572,112.572,0.21,0.22,0.78,0.79,0.01,0.01,74710.01,1776403611000
1776403613.314,113.314,0.21,0.22,0.78,0.79,0.01,0.01,74710.01,1776403611000
1776403613.857,113.857,0.21,0.22,0.78,0.79,0.01,0.01,74709.11,1776403612000
1776403614.242,114.242,0.14,0.16,0.84,0.85,0.02,0.01,74709.11,1776403612000
1776403614.596,114.596,0.15,0.16,0.84,0.85,0.01,0.01,74708.92,1776403613000
1776403614.996,114.996,0.14,0.15,0.84,0.85,0.01,0.01,74708.92,1776403613000
1776403615.393,115.393,0.14,0.15,0.85,0.86,0.01,0.01,74707.54,1776403614000
1776403615.933,115.933,0.14,0.15,0.85,0.86,0.01,0.01,74707.54,1776403614000
1776403616.277,116.277,0.14,0.15,0.85,0.86,0.01,0.01,74702.07,1776403615000
1776403616.905,116.905,0.13,0.14,0.85,0.86,0.01,0.01,74702.07,1776403615000
1776403617.259,117.259,0.13,0.14,0.86,0.87,0.01,0.01,74702.07,1776403615000
1776403617.796,117.796,0.14,0.15,0.85,0.86,0.01,0.01,74699.04,1776403616000
1776403618.631,118.631,0.14,0.15,0.85,0.86,0.01,0.01,74699.07,1776403617000
1776403618.975,118.975,0.14,0.15,0.85,0.86,0.01,0.01,74699.07,1776403617000
1776403619.464,119.464,0.14,0.15,0.85,0.86,0.01,0.01,74700.68,1776403618000
1776403619.949,119.949,0.14,0.15,0.85,0.86,0.01,0.01,74700.68,1776403618000
1776403620.376,120.376,0.13,0.14,0.85,0.87,0.01,0.02,74700.68,1776403618000
1776403621.068,121.068,0.13,0.14,0.86,0.87,0.01,0.01,74700.68,1776403618000
1776403621.423,121.423,0.13,0.14,0.86,0.87,0.01,0.01,74700.68,1776403618000
1776403621.921,121.921,0.12,0.13,0.87,0.88,0.01,0.01,74699.19,1776403620000
1776403622.361,122.361,0.11,0.13,0.88,0.89,0.02,0.01,74699.19,1776403620000
1776403622.748,122.748,0.11,0.12,0.88,0.89,0.01,0.01,74699.59,1776403621000
1776403623.097,123.097,0.12,0.13,0.88,0.89,0.01,0.01,74699.59,1776403621000
1776403623.436,123.436,0.12,0.13,0.87,0.88,0.01,0.01,74698.97,1776403622000
1776403623.769,123.769,0.12,0.13,0.87,0.88,0.01,0.01,74698.97,1776403622000
1776403624.346,124.346,0.12,0.13,0.87,0.88,0.01,0.01,74697.12,1776403623000
1776403624.783,124.783,0.12,0.13,0.87,0.88,0.01,0.01,74697.12,1776403623000
1776403625.259,125.259,0.12,0.13,0.87,0.88,0.01,0.01,74697.32,1776403624000
1776403625.637,125.637,0.12,0.13,0.87,0.88,0.01,0.01,74697.32,1776403624000
1776403625.972,125.972,0.1,0.12,0.88,0.89,0.02,0.01,74697.55,1776403625000
1776403626.306,126.306,0.1,0.11,0.89,0.9,0.01,0.01,74697.55,1776403625000
1776403626.656,126.656,0.1,0.11,0.89,0.9,0.01,0.01,74697.55,1776403625000
1776403626.994,126.994,0.1,0.11,0.89,0.9,0.01,0.01,74698.43,1776403626000
1776403627.334,127.334,0.09,0.1,0.89,0.91,0.01,0.02,74698.43,1776403626000
1776403627.743,127.743,0.09,0.1,0.9,0.91,0.01,0.01,74698.43,1776403626000
1776403628.079,128.079,0.09,0.1,0.9,0.91,0.01,0.01,74697.23,1776403627000
1776403628.429,128.429,0.12,0.15,0.85,0.88,0.03,0.03,74697.23,1776403627000
1776403628.848,128.848,0.14,0.15,0.85,0.86,0.01,0.01,74697.23,1776403627000
1776403629.283,129.283,0.14,0.15,0.85,0.86,0.01,0.01,74694.27,1776403628000
1776403629.623,129.623,0.15,0.16,0.84,0.85,0.01,0.01,74694.27,1776403628000
1776403630.021,130.021,0.15,0.16,0.84,0.85,0.01,0.01,74695.6,1776403629000
1776403630.446,130.446,0.15,0.16,0.84,0.85,0.01,0.01,74695.6,1776403629000
1776403631.064,131.064,0.15,0.16,0.84,0.85,0.01,0.01,74698.19,1776403630000
1776403631.414,131.414,0.15,0.16,0.84,0.85,0.01,0.01,74698.19,1776403630000
1776403631.773,131.773,0.15,0.16,0.84,0.85,0.01,0.01,74698.19,1776403630000
1776403632.407,132.407,0.15,0.16,0.84,0.85,0.01,0.01,74698.2,1776403631000
1776403633.036,133.036,0.15,0.16,0.84,0.85,0.01,0.01,74698.19,1776403632000
1776403633.875,133.875,0.15,0.16,0.84,0.85,0.01,0.01,74698.19,1776403632000
1776403634.605,134.605,0.15,0.16,0.84,0.85,0.01,0.01,74697.81,1776403633000
1776403635.028,135.028,0.15,0.16,0.84,0.85,0.01,0.01,74697.81,1776403633000
1776403636.049,136.049,0.15,0.16,0.84,0.85,0.01,0.01,74697.71,1776403635000
1776403636.46,136.46,0.15,0.16,0.84,0.85,0.01,0.01,74697.71,1776403635000
1776403636.901,136.901,0.15,0.16,0.84,0.85,0.01,0.01,74697.71,1776403635000
1776403637.377,137.377,0.15,0.16,0.84,0.85,0.01,0.01,74697.71,1776403636000
1776403638.043,138.043,0.15,0.16,0.84,0.85,0.01,0.01,74697.7,1776403637000
1776403638.416,138.416,0.14,0.15,0.84,0.85,0.01,0.01,74697.7,1776403637000
1776403638.763,138.763,0.14,0.15,0.85,0.86,0.01,0.01,74697.7,1776403637000
1776403639.319,139.319,0.13,0.14,0.86,0.87,0.01,0.01,74696.57,1776403638000
1776403640.058,140.058,0.13,0.14,0.86,0.87,0.01,0.01,74695.77,1776403639000
1776403641.106,141.106,0.12,0.13,0.87,0.88,0.01,0.01,74695.76,1776403640000
1776403641.624,141.624,0.12,0.13,0.87,0.88,0.01,0.01,74695.76,1776403640000
1776403642.091,142.091,0.12,0.13,0.87,0.88,0.01,0.01,74695.33,1776403641000
1776403642.468,142.468,0.12,0.13,0.87,0.88,0.01,0.01,74695.33,1776403641000
1776403642.879,142.879,0.11,0.12,0.87,0.88,0.01,0.01,74695.33,1776403641000
1776403643.671,143.671,0.11,0.12,0.88,0.89,0.01,0.01,74695.49,1776403642000
1776403644.044,144.044,0.11,0.12,0.88,0.89,0.01,0.01,74694.8,1776403643000
1776403645.126,145.126,0.11,0.12,0.88,0.89,0.01,0.01,74694.8,1776403644000
1776403646.045,146.045,0.11,0.12,0.88,0.89,0.01,0.01,74694.86,1776403645000
1776403646.452,146.452,0.11,0.15,0.88,0.89,0.04,0.01,74694.86,1776403645000
1776403647.124,147.124,0.12,0.14,0.85,0.89,0.02,0.04,74694.86,1776403645000
1776403647.512,147.512,0.12,0.13,0.87,0.88,0.01,0.01,74694.86,1776403645000
1776403647.984,147.984,0.12,0.13,0.87,0.88,0.01,0.01,74694.86,1776403645000
1776403648.919,148.919,0.11,0.12,0.87,0.88,0.01,0.01,74694.86,1776403645000
1776403649.972,149.972,0.11,0.12,0.88,0.89,0.01,0.01,74694.86,1776403645000
1776403650.416,150.416,0.11,0.12,0.88,0.89,0.01,0.01,74694.86,1776403645000
1776403650.878,150.878,0.11,0.12,0.88,0.89,0.01,0.01,74694.86,1776403645000
1776403651.782,151.782,0.11,0.12,0.88,0.89,0.01,0.01,74694.86,1776403645000
1776403652.145,152.145,0.11,0.12,0.88,0.89,0.01,0.01,74694.86,1776403645000
1776403652.536,152.536,0.11,0.12,0.88,0.89,0.01,0.01,74694.86,1776403645000
1776403652.921,152.921,0.1,0.11,0.89,0.9,0.01,0.01,74694.86,1776403645000
1776403653.329,153.329,0.1,0.11,0.89,0.9,0.01,0.01,74695.69,1776403652000
1776403653.722,153.722,0.1,0.11,0.89,0.9,0.01,0.01,74695.69,1776403652000
1776403654.339,154.339,0.1,0.16,0.84,0.9,0.06,0.06,74694.87,1776403653000
1776403654.687,154.687,0.11,0.12,0.88,0.89,0.01,0.01,74694.87,1776403653000
1776403655.166,155.166,0.13,0.14,0.87,0.88,0.01,0.01,74694.87,1776403653000
1776403655.539,155.539,0.13,0.14,0.86,0.87,0.01,0.01,74694.44,1776403654000
1776403656.109,156.109,0.13,0.14,0.86,0.87,0.01,0.01,74694.44,1776403654000
1776403656.443,156.443,0.13,0.16,0.85,0.87,0.03,0.02,74695.93,1776403655000
1776403656.996,156.996,0.15,0.16,0.84,0.85,0.01,0.01,74695.93,1776403655000
1776403657.517,157.517,0.15,0.16,0.84,0.85,0.01,0.01,74696.14,1776403656000
1776403657.911,157.911,0.15,0.16,0.84,0.85,0.01,0.01,74696.14,1776403656000
1776403658.302,158.302,0.15,0.16,0.84,0.85,0.01,0.01,74696.36,1776403657000
1776403658.909,158.909,0.15,0.16,0.84,0.85,0.01,0.01,74696.36,1776403657000
1776403659.319,159.319,0.15,0.16,0.84,0.85,0.01,0.01,74696.36,1776403657000
1776403660.071,160.071,0.15,0.16,0.84,0.85,0.01,0.01,74698.94,1776403659000
1776403660.518,160.518,0.15,0.16,0.84,0.85,0.01,0.01,74698.94,1776403659000
1776403661.186,161.186,0.15,0.16,0.84,0.85,0.01,0.01,74698.96,1776403660000
1776403661.938,161.938,0.15,0.16,0.84,0.85,0.01,0.01,74698.96,1776403660000
1776403663.244,163.244,0.14,0.15,0.84,0.85,0.01,0.01,74698.97,1776403661000
1776403663.67,163.67,0.13,0.15,0.85,0.86,0.02,0.01,74698.97,1776403662000
1776403664.12,164.12,0.13,0.15,0.85,0.87,0.02,0.02,74698.99,1776403663000
1776403664.578,164.578,0.13,0.14,0.86,0.87,0.01,0.01,74698.99,1776403663000
1776403664.957,164.957,0.13,0.14,0.86,0.87,0.01,0.01,74698.99,1776403663000
1776403665.454,165.454,0.13,0.14,0.86,0.87,0.01,0.01,74699.03,1776403664000
1776403666.067,166.067,0.13,0.14,0.86,0.87,0.01,0.01,74699.03,1776403664000
1776403666.541,166.541,0.13,0.14,0.86,0.87,0.01,0.01,74699.03,1776403665000
1776403666.912,166.912,0.13,0.14,0.86,0.87,0.01,0.01,74699.03,1776403665000
1776403667.307,167.307,0.13,0.14,0.86,0.87,0.01,0.01,74698.83,1776403666000
1776403668.324,168.324,0.13,0.14,0.86,0.87,0.01,0.01,74698.66,1776403667000
1776403668.67,168.67,0.13,0.14,0.86,0.87,0.01,0.01,74698.66,1776403667000
1776403669.523,169.523,0.13,0.16,0.84,0.87,0.03,0.03,74698.96,1776403668000
1776403669.903,169.903,0.13,0.15,0.86,0.87,0.02,0.01,74698.96,1776403668000
1776403670.36,170.36,0.14,0.15,0.85,0.87,0.01,0.02,74699.07,1776403669000
1776403670.703,170.703,0.15,0.16,0.84,0.86,0.01,0.02,74699.07,1776403669000
1776403671.09,171.09,0.16,0.17,0.83,0.84,0.01,0.01,74699.42,1776403670000
1776403671.6,171.6,0.16,0.17,0.83,0.84,0.01,0.01,74699.42,1776403670000
1776403672.004,172.004,0.16,0.17,0.83,0.84,0.01,0.01,74699.42,1776403670000
1776403672.365,172.365,0.16,0.17,0.83,0.84,0.01,0.01,74700.06,1776403671000
1776403673.346,173.346,0.16,0.17,0.83,0.84,0.01,0.01,74703.0,1776403672000
1776403673.69,173.69,0.16,0.17,0.83,0.84,0.01,0.01,74703.0,1776403672000
1776403674.125,174.125,0.16,0.17,0.83,0.84,0.01,0.01,74703.0,1776403672000
1776403674.535,174.535,0.16,0.17,0.83,0.84,0.01,0.01,74702.94,1776403673000
1776403675.05,175.05,0.16,0.17,0.83,0.84,0.01,0.01,74702.94,1776403674000
1776403676.188,176.188,0.16,0.17,0.83,0.84,0.01,0.01,74702.65,1776403675000
1776403676.683,176.683,0.16,0.17,0.83,0.84,0.01,0.01,74702.65,1776403675000
1776403677.043,177.043,0.16,0.17,0.83,0.84,0.01,0.01,74702.65,1776403675000
1776403677.428,177.428,0.16,0.17,0.83,0.84,0.01,0.01,74702.65,1776403676000
1776403677.886,177.886,0.16,0.17,0.83,0.84,0.01,0.01,74702.65,1776403676000
1776403678.446,178.446,0.16,0.17,0.83,0.84,0.01,0.01,74702.68,1776403677000
1776403678.961,178.961,0.16,0.17,0.83,0.84,0.01,0.01,74702.68,1776403677000
1776403679.651,179.651,0.16,0.17,0.83,0.84,0.01,0.01,74702.63,1776403678000
1776403680.025,180.025,0.16,0.17,0.83,0.84,0.01,0.01,74702.63,1776403678000
1776403681.264,181.264,0.16,0.17,0.83,0.84,0.01,0.01,74702.63,1776403679000
1776403681.607,181.607,0.16,0.17,0.83,0.84,0.01,0.01,74702.63,1776403680000
1776403682.069,182.069,0.16,0.17,0.83,0.84,0.01,0.01,74702.63,1776403680000
1776403683.352,183.352,0.16,0.17,0.83,0.84,0.01,0.01,74704.78,1776403682000
1776403684.205,184.205,0.16,0.17,0.83,0.84,0.01,0.01,74704.78,1776403682000
1776403684.582,184.582,0.15,0.17,0.83,0.85,0.02,0.02,74705.28,1776403683000
1776403684.918,184.918,0.16,0.18,0.83,0.84,0.02,0.01,74705.28,1776403683000
1776403685.254,185.254,0.17,0.2,0.8,0.83,0.03,0.03,74705.63,1776403684000
1776403685.597,185.597,0.19,0.21,0.79,0.81,0.02,0.02,74705.63,1776403684000
1776403685.957,185.957,0.2,0.22,0.78,0.8,0.02,0.02,74705.63,1776403684000
1776403686.302,186.302,0.2,0.21,0.79,0.8,0.01,0.01,74705.63,1776403684000
1776403686.714,186.714,0.2,0.21,0.79,0.8,0.01,0.01,74706.72,1776403685000
1776403687.543,187.543,0.2,0.21,0.79,0.8,0.01,0.01,74706.72,1776403685000
1776403687.973,187.973,0.2,0.21,0.79,0.8,0.01,0.01,74706.48,1776403686000
1776403688.528,188.528,0.2,0.21,0.79,0.8,0.01,0.01,74706.48,1776403687000
1776403689.102,189.102,0.2,0.21,0.79,0.8,0.01,0.01,74706.48,1776403687000
1776403689.617,189.617,0.2,0.21,0.79,0.8,0.01,0.01,74706.57,1776403688000
1776403690.012,190.012,0.2,0.21,0.79,0.8,0.01,0.01,74706.57,1776403688000
1776403690.349,190.349,0.2,0.21,0.79,0.8,0.01,0.01,74706.57,1776403689000
1776403690.945,190.945,0.2,0.21,0.79,0.8,0.01,0.01,74706.57,1776403689000
1776403691.378,191.378,0.2,0.21,0.79,0.8,0.01,0.01,74706.57,1776403689000
1776403691.926,191.926,0.2,0.21,0.79,0.8,0.01,0.01,74706.57,1776403690000
1776403692.407,192.407,0.2,0.21,0.79,0.8,0.01,0.01,74707.04,1776403691000
1776403692.846,192.846,0.19,0.2,0.8,0.81,0.01,0.01,74707.04,1776403691000
1776403693.236,193.236,0.19,0.2,0.8,0.81,0.01,0.01,74707.04,1776403691000
1776403693.626,193.626,0.19,0.2,0.8,0.81,0.01,0.01,74706.57,1776403692000
1776403694.026,194.026,0.19,0.2,0.8,0.81,0.01,0.01,74706.57,1776403692000
1776403694.553,194.553,0.19,0.2,0.8,0.81,0.01,0.01,74706.57,1776403692000
1776403694.916,194.916,0.19,0.2,0.8,0.81,0.01,0.01,74707.12,1776403693000
1776403695.415,195.415,0.19,0.2,0.8,0.81,0.01,0.01,74707.12,1776403693000
1776403695.945,195.945,0.19,0.2,0.8,0.81,0.01,0.01,74707.13,1776403694000
1776403696.457,196.457,0.19,0.2,0.8,0.81,0.01,0.01,74707.13,1776403694000
1776403696.839,196.839,0.2,0.21,0.79,0.81,0.01,0.02,74707.8,1776403695000
1776403697.287,197.287,0.19,0.21,0.79,0.8,0.02,0.01,74708.86,1776403696000
1776403697.81,197.81,0.2,0.21,0.79,0.8,0.01,0.01,74708.86,1776403696000
1776403698.272,198.272,0.2,0.21,0.79,0.8,0.01,0.01,74709.75,1776403697000
1776403698.822,198.822,0.18,0.19,0.81,0.82,0.01,0.01,74709.75,1776403697000
1776403699.608,199.608,0.18,0.19,0.81,0.82,0.01,0.01,74709.75,1776403697000
1776403699.967,199.967,0.18,0.19,0.81,0.82,0.01,0.01,74711.22,1776403698000
1776403700.502,200.502,0.18,0.19,0.81,0.82,0.01,0.01,74710.98,1776403699000
1776403700.925,200.925,0.18,0.19,0.81,0.82,0.01,0.01,74710.98,1776403699000
1776403701.26,201.26,0.17,0.18,0.82,0.83,0.01,0.01,74710.98,1776403700000
1776403701.678,201.678,0.17,0.18,0.82,0.83,0.01,0.01,74710.98,1776403700000
1776403702.061,202.061,0.17,0.18,0.82,0.83,0.01,0.01,74710.76,1776403701000
1776403702.435,202.435,0.17,0.18,0.82,0.83,0.01,0.01,74710.76,1776403701000
1776403702.902,202.902,0.17,0.18,0.82,0.83,0.01,0.01,74710.76,1776403701000
1776403703.262,203.262,0.17,0.18,0.82,0.83,0.01,0.01,74710.78,1776403702000
1776403703.697,203.697,0.17,0.18,0.82,0.83,0.01,0.01,74710.78,1776403702000
1776403704.432,204.432,0.17,0.18,0.82,0.83,0.01,0.01,74710.88,1776403703000
1776403704.835,204.835,0.17,0.18,0.82,0.83,0.01,0.01,74710.88,1776403703000
1776403705.522,205.522,0.17,0.18,0.82,0.83,0.01,0.01,74710.99,1776403704000
1776403706.18,206.18,0.17,0.18,0.82,0.83,0.01,0.01,74711.96,1776403705000
1776403707.315,207.315,0.17,0.18,0.82,0.83,0.01,0.01,74711.97,1776403706000
1776403708.083,208.083,0.16,0.17,0.82,0.84,0.01,0.02,74711.97,1776403706000
1776403708.576,208.576,0.16,0.17,0.83,0.84,0.01,0.01,74711.97,1776403707000
1776403709.064,209.064,0.16,0.17,0.83,0.84,0.01,0.01,74711.97,1776403708000
1776403709.509,209.509,0.15,0.17,0.83,0.84,0.02,0.01,74711.97,1776403708000
1776403710.094,210.094,0.14,0.15,0.85,0.86,0.01,0.01,74711.97,1776403708000
1776403710.55,210.55,0.14,0.15,0.85,0.86,0.01,0.01,74711.99,1776403709000
1776403711.173,211.173,0.13,0.15,0.86,0.87,0.02,0.01,74711.99,1776403709000
1776403711.56,211.56,0.14,0.15,0.85,0.86,0.01,0.01,74712.86,1776403710000
1776403712.172,212.172,0.14,0.15,0.85,0.86,0.01,0.01,74712.86,1776403710000
1776403713.466,213.466,0.14,0.15,0.85,0.86,0.01,0.01,74712.84,1776403711000
1776403713.829,213.829,0.08,0.09,0.91,0.93,0.01,0.02,74712.58,1776403712000
1776403714.203,214.203,0.06,0.07,0.93,0.94,0.01,0.01,74712.58,1776403712000
1776403714.589,214.589,0.06,0.07,0.93,0.94,0.01,0.01,74712.54,1776403713000
1776403714.924,214.924,0.06,0.07,0.93,0.94,0.01,0.01,74712.54,1776403713000
1776403715.29,215.29,0.06,0.07,0.93,0.94,0.01,0.01,74712.54,1776403713000
1776403715.626,215.626,0.06,0.07,0.93,0.94,0.01,0.01,74706.34,1776403714000
1776403716.093,216.093,0.06,0.07,0.93,0.94,0.01,0.01,74706.34,1776403714000
1776403716.427,216.427,0.06,0.07,0.93,0.94,0.01,0.01,74705.39,1776403715000
1776403716.989,216.989,0.06,0.07,0.93,0.94,0.01,0.01,74705.39,1776403715000
1776403717.376,217.376,0.06,0.07,0.93,0.94,0.01,0.01,74705.39,1776403715000
1776403717.986,217.986,0.06,0.07,0.93,0.94,0.01,0.01,74702.09,1776403716000
1776403718.343,218.343,0.06,0.07,0.93,0.94,0.01,0.01,74699.74,1776403717000
1776403718.698,218.698,0.06,0.07,0.93,0.94,0.01,0.01,74699.74,1776403717000
1776403719.153,219.153,0.06,0.07,0.93,0.94,0.01,0.01,74699.74,1776403717000
1776403719.571,219.571,0.06,0.07,0.93,0.94,0.01,0.01,74696.26,1776403718000
1776403719.929,219.929,0.06,0.07,0.93,0.94,0.01,0.01,74696.26,1776403718000
1776403720.288,220.288,0.06,0.07,0.93,0.94,0.01,0.01,74695.82,1776403719000
1776403720.66,220.66,0.05,0.06,0.93,0.95,0.01,0.02,74695.82,1776403719000
1776403721.023,221.023,0.05,0.06,0.94,0.95,0.01,0.01,74695.82,1776403719000
1776403721.382,221.382,0.05,0.06,0.94,0.95,0.01,0.01,74695.81,1776403720000
1776403721.724,221.724,0.05,0.06,0.94,0.95,0.01,0.01,74695.81,1776403720000
1776403722.061,222.061,0.05,0.06,0.94,0.95,0.01,0.01,74695.81,1776403720000
1776403722.395,222.395,0.05,0.06,0.94,0.95,0.01,0.01,74695.81,1776403720000
1776403722.74,222.74,0.05,0.06,0.94,0.95,0.01,0.01,74695.81,1776403720000
1776403723.211,223.211,0.05,0.06,0.94,0.95,0.01,0.01,74695.6,1776403721000
1776403723.609,223.609,0.05,0.06,0.94,0.95,0.01,0.01,74694.34,1776403722000
1776403724.095,224.095,0.05,0.06,0.94,0.95,0.01,0.01,74694.34,1776403722000
1776403724.515,224.515,0.05,0.06,0.94,0.95,0.01,0.01,74694.34,1776403722000
1776403724.964,224.964,0.04,0.05,0.94,0.96,0.01,0.02,74692.48,1776403723000
1776403725.384,225.384,0.04,0.05,0.95,0.96,0.01,0.01,74690.86,1776403724000
1776403725.718,225.718,0.04,0.05,0.95,0.96,0.01,0.01,74690.86,1776403724000
1776403726.067,226.067,0.04,0.05,0.95,0.96,0.01,0.01,74690.86,1776403724000
1776403726.428,226.428,0.04,0.05,0.95,0.96,0.01,0.01,74690.34,1776403725000
1776403726.961,226.961,0.04,0.05,0.95,0.96,0.01,0.01,74690.34,1776403725000
1776403727.383,227.383,0.04,0.05,0.95,0.96,0.01,0.01,74690.29,1776403726000
1776403727.798,227.798,0.04,0.05,0.95,0.96,0.01,0.01,74690.29,1776403726000
1776403728.188,228.188,0.04,0.05,0.95,0.96,0.01,0.01,74690.29,1776403726000
1776403728.526,228.526,0.04,0.05,0.95,0.96,0.01,0.01,74689.85,1776403727000
1776403728.94,228.94,0.04,0.07,0.95,0.96,0.03,0.01,74689.85,1776403727000
1776403729.361,229.361,0.04,0.05,0.95,0.96,0.01,0.01,74689.85,1776403727000
1776403729.851,229.851,0.04,0.05,0.95,0.96,0.01,0.01,74689.82,1776403728000
1776403730.746,230.746,0.04,0.05,0.95,0.96,0.01,0.01,74689.82,1776403728000
1776403731.133,231.133,0.04,0.05,0.95,0.96,0.01,0.01,74690.32,1776403729000
1776403731.483,231.483,0.05,0.06,0.94,0.95,0.01,0.01,74690.32,1776403729000
1776403731.832,231.832,0.05,0.06,0.94,0.95,0.01,0.01,74690.03,1776403730000
1776403732.19,232.19,0.05,0.06,0.94,0.95,0.01,0.01,74690.03,1776403730000
1776403732.585,232.585,0.05,0.06,0.94,0.95,0.01,0.01,74689.98,1776403731000
1776403732.939,232.939,0.05,0.06,0.94,0.95,0.01,0.01,74689.98,1776403731000
1776403733.359,233.359,0.05,0.06,0.94,0.95,0.01,0.01,74689.98,1776403731000
1776403733.72,233.72,0.04,0.05,0.94,0.95,0.01,0.01,74689.68,1776403732000
1776403734.126,234.126,0.05,0.06,0.94,0.97,0.01,0.03,74689.68,1776403732000
1776403734.49,234.49,0.05,0.06,0.94,0.95,0.01,0.01,74689.68,1776403733000
1776403734.845,234.845,0.03,0.04,0.93,0.97,0.01,0.04,74689.68,1776403733000
1776403735.27,235.27,0.03,0.04,0.96,0.97,0.01,0.01,74689.76,1776403734000
1776403735.801,235.801,0.03,0.04,0.96,0.97,0.01,0.01,74689.76,1776403734000
1776403736.165,236.165,0.04,0.05,0.94,0.97,0.01,0.03,74689.76,1776403734000
1776403736.59,236.59,0.04,0.05,0.95,0.96,0.01,0.01,74689.85,1776403735000
1776403736.998,236.998,0.04,0.06,0.95,0.96,0.02,0.01,74689.85,1776403735000
1776403737.41,237.41,0.03,0.05,0.95,0.96,0.02,0.01,74689.85,1776403735000
1776403737.964,237.964,0.03,0.04,0.96,0.97,0.01,0.01,74689.5,1776403736000
1776403738.37,238.37,0.03,0.04,0.96,0.97,0.01,0.01,74689.32,1776403737000
1776403739.072,239.072,0.03,0.04,0.96,0.97,0.01,0.01,74689.32,1776403737000
1776403739.475,239.475,0.03,0.04,0.96,0.97,0.01,0.01,74688.74,1776403738000
1776403739.838,239.838,0.03,0.04,0.96,0.97,0.01,0.01,74688.74,1776403738000
1776403740.291,240.291,0.04,0.05,0.96,0.97,0.01,0.01,74688.74,1776403738000
1776403740.948,240.948,0.04,0.05,0.95,0.96,0.01,0.01,74688.49,1776403740000
1776403741.301,241.301,0.04,0.05,0.95,0.96,0.01,0.01,74688.49,1776403740000
1776403741.745,241.745,0.03,0.06,0.95,0.96,0.03,0.01,74688.49,1776403740000
1776403742.168,242.168,0.04,0.05,0.95,0.96,0.01,0.01,74688.49,1776403740000
1776403742.709,242.709,0.03,0.04,0.96,0.97,0.01,0.01,74688.57,1776403741000
1776403743.275,243.275,0.03,0.04,0.96,0.97,0.01,0.01,74688.57,1776403741000
1776403743.634,243.634,0.04,0.05,0.94,0.96,0.01,0.02,74688.76,1776403742000
1776403745.05,245.05,0.04,0.05,0.95,0.96,0.01,0.01,74689.02,1776403744000
1776403745.435,245.435,0.03,0.04,0.95,0.96,0.01,0.01,74689.02,1776403744000
1776403746.055,246.055,0.05,0.06,0.95,0.96,0.01,0.01,74689.02,1776403744000
1776403746.864,246.864,0.05,0.06,0.94,0.95,0.01,0.01,74689.02,1776403744000
1776403747.235,247.235,0.05,0.06,0.94,0.95,0.01,0.01,74688.67,1776403745000
1776403747.647,247.647,0.05,0.06,0.94,0.95,0.01,0.01,74688.67,1776403746000
1776403748.091,248.091,0.05,0.06,0.94,0.95,0.01,0.01,74688.96,1776403747000
1776403748.63,248.63,0.04,0.05,0.94,0.97,0.01,0.03,74688.96,1776403747000
1776403749.019,249.019,0.04,0.05,0.95,0.96,0.01,0.01,74688.96,1776403747000
1776403749.37,249.37,0.04,0.05,0.95,0.96,0.01,0.01,74688.97,1776403748000
1776403749.71,249.71,0.04,0.05,0.95,0.96,0.01,0.01,74688.97,1776403748000
1776403750.172,250.172,0.04,0.05,0.95,0.96,0.01,0.01,74688.97,1776403748000
1776403750.544,250.544,0.04,0.05,0.95,0.96,0.01,0.01,74689.21,1776403749000
1776403751.045,251.045,0.03,0.05,0.95,0.96,0.02,0.01,74689.21,1776403749000
1776403751.426,251.426,0.03,0.04,0.96,0.97,0.01,0.01,74689.21,1776403749000
1776403752.203,252.203,0.03,0.04,0.96,0.97,0.01,0.01,74689.2,1776403751000
1776403752.955,252.955,0.03,0.04,0.96,0.97,0.01,0.01,74689.2,1776403751000
1776403753.32,253.32,0.03,0.04,0.96,0.97,0.01,0.01,74688.96,1776403752000
1776403753.701,253.701,0.03,0.04,0.96,0.97,0.01,0.01,74688.96,1776403752000
1776403754.115,254.115,0.03,0.04,0.96,0.97,0.01,0.01,74688.96,1776403752000
1776403754.557,254.557,0.03,0.04,0.96,0.97,0.01,0.01,74688.96,1776403753000
1776403754.925,254.925,0.03,0.04,0.96,0.97,0.01,0.01,74688.96,1776403753000
1776403755.258,255.258,0.03,0.04,0.96,0.97,0.01,0.01,74688.55,1776403754000
1776403755.614,255.614,0.03,0.04,0.96,0.97,0.01,0.01,74688.55,1776403754000
1776403755.947,255.947,0.02,0.03,0.97,0.98,0.01,0.01,74688.55,1776403754000
1776403756.301,256.301,0.02,0.03,0.97,0.98,0.01,0.01,74688.55,1776403754000
1776403756.637,256.637,0.02,0.03,0.97,0.98,0.01,0.01,74687.45,1776403755000
1776403757.084,257.084,0.02,0.03,0.97,0.98,0.01,0.01,74687.45,1776403755000
1776403757.49,257.49,0.02,0.03,0.97,0.98,0.01,0.01,74685.14,1776403756000
1776403757.851,257.851,0.02,0.03,0.97,0.98,0.01,0.01,74685.14,1776403756000
1776403758.207,258.207,0.02,0.03,0.97,0.98,0.01,0.01,74682.38,1776403757000
1776403758.56,258.56,0.02,0.03,0.97,0.98,0.01,0.01,74682.38,1776403757000
1776403758.921,258.921,0.01,0.02,0.98,0.99,0.01,0.01,74682.38,1776403757000
1776403759.3,259.3,0.01,0.02,0.98,0.99,0.01,0.01,74676.77,1776403758000
1776403759.695,259.695,0.01,0.02,0.98,0.99,0.01,0.01,74676.77,1776403758000
1776403760.065,260.065,0.01,0.02,0.98,0.99,0.01,0.01,74676.77,1776403758000
1776403760.399,260.399,0.01,0.02,0.98,0.99,0.01,0.01,74676.77,1776403759000
1776403760.795,260.795,0.01,0.02,0.98,0.99,0.01,0.01,74676.77,1776403759000
1776403761.386,261.386,0.01,0.02,0.98,0.99,0.01,0.01,74676.77,1776403759000
1776403761.774,261.774,0.01,0.02,0.98,0.99,0.01,0.01,74676.77,1776403759000
1776403762.133,262.133,0.01,0.02,0.98,0.99,0.01,0.01,74676.71,1776403760000
1776403762.608,262.608,0.01,0.02,0.98,0.99,0.01,0.01,74676.71,1776403760000
1776403762.959,262.959,0.01,0.02,0.98,0.99,0.01,0.01,74677.25,1776403761000
1776403763.352,263.352,0.01,0.02,0.98,0.99,0.01,0.01,74677.25,1776403761000
1776403763.701,263.701,0.01,0.02,0.98,0.99,0.01,0.01,74677.25,1776403762000
1776403764.262,264.262,0.01,0.02,0.98,0.99,0.01,0.01,74677.25,1776403762000
1776403764.767,264.767,0.01,0.01,0.99,0.99,0.0,0.0,74677.15,1776403763000
1776403765.11,265.11,0.01,0.01,0.99,0.99,0.0,0.0,74677.09,1776403764000
1776403765.52,265.52,0.01,0.01,0.99,0.99,0.0,0.0,74677.09,1776403764000
1776403765.88,265.88,0.01,0.01,0.99,0.99,0.0,0.0,74677.09,1776403764000
1776403766.355,266.355,0.01,0.01,0.99,0.99,0.0,0.0,74677.09,1776403764000
1776403767.068,267.068,0.01,0.01,0.99,0.99,0.0,0.0,74676.05,1776403766000
1776403767.712,267.712,0.01,0.01,0.99,0.99,0.0,0.0,74676.05,1776403766000
1776403768.276,268.276,0.01,0.01,0.99,0.99,0.0,0.0,74674.9,1776403767000
1776403768.717,268.717,0.01,0.01,0.99,0.99,0.0,0.0,74674.9,1776403767000
1776403769.493,269.493,0.01,0.01,0.99,0.99,0.0,0.0,74671.89,1776403768000
1776403770.059,270.059,0.01,0.01,0.99,0.99,0.0,0.0,74671.89,1776403768000
1776403770.392,270.392,0.01,0.01,0.99,0.99,0.0,0.0,74671.89,1776403769000
1776403771.212,271.212,0.01,0.01,0.99,0.99,0.0,0.0,74671.89,1776403769000
1776403771.565,271.565,0.01,0.01,0.99,0.99,0.0,0.0,74670.33,1776403770000
1776403772.014,272.014,0.01,0.01,0.99,0.99,0.0,0.0,74670.33,1776403770000
1776403772.495,272.495,0.01,0.01,0.99,0.99,0.0,0.0,74668.86,1776403771000
1776403772.926,272.926,0.01,0.01,0.99,0.99,0.0,0.0,74668.86,1776403771000
1776403774.275,274.275,0.01,0.01,0.99,0.99,0.0,0.0,74668.86,1776403772000
1776403774.699,274.699,0.01,0.01,0.99,0.99,0.0,0.0,74670.68,1776403773000
1776403775.243,275.243,0.01,0.01,0.99,0.99,0.0,0.0,74670.68,1776403773000
1776403775.892,275.892,0.01,0.01,0.99,0.99,0.0,0.0,74671.22,1776403774000
1776403777.225,277.225,0.01,0.01,0.99,0.99,0.0,0.0,74671.07,1776403776000
1776403778.476,278.476,0.01,0.01,0.99,0.99,0.0,0.0,74671.21,1776403777000
1776403779.132,279.132,0.01,0.01,0.99,0.99,0.0,0.0,74671.04,1776403778000
1776403779.806,279.806,0.01,0.01,0.99,0.99,0.0,0.0,74671.04,1776403778000
1776403780.324,280.324,0.01,0.01,0.99,0.99,0.0,0.0,74671.04,1776403778000
1776403780.994,280.994,0.01,0.01,0.99,0.99,0.0,0.0,74670.94,1776403780000
1776403782.143,282.143,0.01,0.01,0.99,0.99,0.0,0.0,74674.16,1776403781000
1776403784.132,284.132,0.01,0.01,0.99,0.99,0.0,0.0,74678.28,1776403783000
1776403785.752,285.752,0.01,0.01,0.99,0.99,0.0,0.0,74678.13,1776403784000
1776403786.414,286.414,0.01,0.01,0.99,0.99,0.0,0.0,74678.13,1776403785000
1776403787.042,287.042,0.01,0.01,0.99,0.99,0.0,0.0,74678.13,1776403786000
1776403788.42,288.42,0.01,0.01,0.99,0.99,0.0,0.0,74678.26,1776403787000
1776403789.189,289.189,0.01,0.01,0.99,0.99,0.0,0.0,74678.26,1776403788000
1776403790.705,290.705,0.01,0.01,0.99,0.99,0.0,0.0,74678.26,1776403789000
1776403791.508,291.508,0.01,0.01,0.99,0.99,0.0,0.0,74678.52,1776403790000
1776403792.169,292.169,0.01,0.01,0.99,0.99,0.0,0.0,74678.52,1776403791000
1776403793.631,293.631,0.01,0.01,0.99,0.99,0.0,0.0,74678.53,1776403792000
1776403794.322,294.322,0.01,0.01,0.99,0.99,0.0,0.0,74678.46,1776403793000
1776403795.039,295.039,0.01,0.01,0.99,0.99,0.0,0.0,74678.46,1776403793000
1776403795.772,295.772,0.01,0.01,0.99,0.99,0.0,0.0,74678.43,1776403794000
1776403796.838,296.838,0.01,0.01,0.99,0.99,0.0,0.0,74678.48,1776403795000
1776403797.472,297.472,0.01,0.01,0.99,0.99,0.0,0.0,74678.48,1776403796000
1776403797.973,297.973,0.01,0.01,0.99,0.99,0.0,0.0,74678.49,1776403797000
1776403798.974,298.974,0.01,0.01,0.99,0.99,0.0,0.0,74678.76,1776403798000
1776403800.024,300.024,0.01,0.01,0.99,0.99,0.0,0.0,74678.81,1776403799000
1776403800.467,300.467,0.01,0.01,0.99,0.99,0.0,0.0,74678.81,1776403799000
1776403800.99,300.99,0.01,0.01,0.99,0.99,0.0,0.0,74680.56,1776403800000
1776403802.271,302.271,0.01,0.01,0.99,0.99,0.0,0.0,74680.41,1776403801000

# RESULT,winner=Down,slug=btc-updown-5m-1776403500,ticks=598
