timestamp,elapsed_sec,up_bid,up_ask,down_bid,down_ask,up_spread,down_spread,btc_price,btc_oracle_ts
1776803100.539,0.539,0.48,0.49,0.51,0.52,0.01,0.01,75645.97,1776803099000
1776803100.985,0.985,0.54,0.55,0.45,0.46,0.01,0.01,75645.97,1776803099000
1776803101.443,1.443,0.54,0.55,0.45,0.46,0.01,0.01,75645.52,1776803100000
1776803101.792,1.792,0.47,0.55,0.45,0.46,0.08,0.01,75645.52,1776803100000
1776803102.327,2.327,0.54,0.55,0.45,0.53,0.01,0.08,75648.11,1776803101000
1776803102.791,2.791,0.54,0.55,0.45,0.46,0.01,0.01,75648.11,1776803101000
1776803103.222,3.222,0.54,0.55,0.45,0.46,0.01,0.01,75652.22,1776803102000
1776803103.697,3.697,0.54,0.55,0.45,0.46,0.01,0.01,75652.22,1776803102000
1776803104.031,4.031,0.54,0.55,0.45,0.46,0.01,0.01,75652.22,1776803102000
1776803104.444,4.444,0.53,0.54,0.46,0.47,0.01,0.01,75654.76,1776803103000
1776803104.81,4.81,0.53,0.54,0.46,0.47,0.01,0.01,75654.76,1776803103000
1776803105.168,5.168,0.54,0.56,0.44,0.47,0.02,0.03,75654.76,1776803104000
1776803105.502,5.502,0.56,0.57,0.43,0.44,0.01,0.01,75654.76,1776803104000
1776803105.886,5.886,0.56,0.57,0.43,0.44,0.01,0.01,75654.76,1776803104000
1776803106.384,6.384,0.56,0.57,0.43,0.44,0.01,0.01,75654.76,1776803104000
1776803106.722,6.722,0.56,0.57,0.43,0.44,0.01,0.01,75658.22,1776803105000
1776803107.244,7.244,0.55,0.56,0.44,0.45,0.01,0.01,75658.78,1776803106000
1776803107.933,7.933,0.54,0.55,0.44,0.46,0.01,0.02,75658.78,1776803106000
1776803108.299,8.299,0.54,0.55,0.45,0.46,0.01,0.01,75660.88,1776803107000
1776803108.651,8.651,0.54,0.55,0.45,0.46,0.01,0.01,75660.88,1776803107000
1776803109.103,9.103,0.55,0.56,0.45,0.46,0.01,0.01,75660.88,1776803107000
1776803109.629,9.629,0.56,0.57,0.43,0.44,0.01,0.01,75658.21,1776803108000
1776803109.978,9.978,0.56,0.57,0.43,0.44,0.01,0.01,75658.21,1776803109000
1776803110.418,10.418,0.56,0.57,0.43,0.44,0.01,0.01,75658.21,1776803109000
1776803110.854,10.854,0.56,0.57,0.43,0.44,0.01,0.01,75658.21,1776803109000
1776803111.229,11.229,0.56,0.57,0.43,0.44,0.01,0.01,75660.91,1776803110000
1776803111.645,11.645,0.56,0.57,0.43,0.44,0.01,0.01,75660.91,1776803110000
1776803111.98,11.98,0.57,0.58,0.41,0.43,0.01,0.02,75660.91,1776803110000
1776803112.444,12.444,0.59,0.6,0.4,0.42,0.01,0.02,75660.91,1776803110000
1776803113.089,13.089,0.59,0.6,0.4,0.41,0.01,0.01,75660.91,1776803110000
1776803113.452,13.452,0.59,0.6,0.4,0.41,0.01,0.01,75664.25,1776803111000
1776803113.817,13.817,0.59,0.6,0.4,0.41,0.01,0.01,75665.23,1776803112000
1776803114.153,14.153,0.59,0.62,0.4,0.41,0.03,0.01,75665.23,1776803112000
1776803114.556,14.556,0.6,0.61,0.39,0.4,0.01,0.01,75670.07,1776803113000
1776803115.235,15.235,0.6,0.61,0.39,0.4,0.01,0.01,75670.07,1776803113000
1776803115.602,15.602,0.6,0.61,0.39,0.4,0.01,0.01,75670.07,1776803113000
1776803115.948,15.948,0.6,0.61,0.39,0.4,0.01,0.01,75673.41,1776803114000
1776803116.498,16.498,0.6,0.64,0.36,0.4,0.04,0.04,75674.56,1776803115000
1776803117.229,17.229,0.62,0.63,0.37,0.38,0.01,0.01,75674.56,1776803115000
1776803117.966,17.966,0.62,0.63,0.37,0.38,0.01,0.01,75674.86,1776803116000
1776803118.383,18.383,0.62,0.63,0.37,0.38,0.01,0.01,75674.96,1776803117000
1776803118.877,18.877,0.62,0.63,0.37,0.38,0.01,0.01,75674.96,1776803117000
1776803119.327,19.327,0.62,0.63,0.37,0.38,0.01,0.01,75674.96,1776803117000
1776803119.752,19.752,0.64,0.69,0.31,0.36,0.05,0.05,75675.33,1776803118000
1776803120.115,20.115,0.63,0.64,0.36,0.37,0.01,0.01,75676.22,1776803119000
1776803120.523,20.523,0.63,0.64,0.36,0.37,0.01,0.01,75676.22,1776803119000
1776803120.881,20.881,0.63,0.64,0.36,0.37,0.01,0.01,75676.22,1776803119000
1776803121.532,21.532,0.63,0.64,0.36,0.37,0.01,0.01,75676.44,1776803120000
1776803122.008,22.008,0.64,0.65,0.35,0.37,0.01,0.02,75676.44,1776803120000
1776803122.348,22.348,0.64,0.66,0.34,0.36,0.02,0.02,75676.16,1776803121000
1776803122.701,22.701,0.65,0.69,0.33,0.35,0.04,0.02,75676.16,1776803121000
1776803123.278,23.278,0.66,0.67,0.33,0.34,0.01,0.01,75676.52,1776803122000
1776803123.644,23.644,0.67,0.68,0.32,0.34,0.01,0.02,75676.52,1776803122000
1776803124.053,24.053,0.68,0.69,0.31,0.32,0.01,0.01,75676.52,1776803122000
1776803124.476,24.476,0.68,0.69,0.31,0.32,0.01,0.01,75681.15,1776803123000
1776803125.184,25.184,0.68,0.69,0.31,0.32,0.01,0.01,75683.6,1776803124000
1776803125.522,25.522,0.69,0.7,0.3,0.31,0.01,0.01,75683.6,1776803124000
1776803126.256,26.256,0.69,0.7,0.29,0.31,0.01,0.02,75683.6,1776803124000
1776803126.75,26.75,0.7,0.71,0.3,0.31,0.01,0.01,75685.81,1776803125000
1776803127.096,27.096,0.7,0.72,0.29,0.3,0.02,0.01,75685.81,1776803125000
1776803127.546,27.546,0.7,0.71,0.28,0.3,0.01,0.02,75689.28,1776803126000
1776803128.012,28.012,0.7,0.72,0.28,0.3,0.02,0.02,75689.28,1776803126000
1776803128.379,28.379,0.71,0.72,0.28,0.29,0.01,0.01,75692.33,1776803127000
1776803128.745,28.745,0.71,0.72,0.28,0.29,0.01,0.01,75692.33,1776803127000
1776803129.13,29.13,0.72,0.73,0.27,0.28,0.01,0.01,75693.77,1776803128000
1776803129.704,29.704,0.72,0.73,0.27,0.28,0.01,0.01,75693.77,1776803128000
1776803130.095,30.095,0.72,0.73,0.27,0.28,0.01,0.01,75693.77,1776803128000
1776803130.508,30.508,0.71,0.72,0.28,0.29,0.01,0.01,75695.93,1776803129000
1776803130.951,30.951,0.71,0.72,0.28,0.29,0.01,0.01,75695.93,1776803129000
1776803131.319,31.319,0.71,0.72,0.28,0.29,0.01,0.01,75696.07,1776803130000
1776803131.689,31.689,0.69,0.7,0.3,0.31,0.01,0.01,75696.07,1776803130000
1776803132.088,32.088,0.69,0.7,0.3,0.31,0.01,0.01,75696.07,1776803130000
1776803132.525,32.525,0.69,0.7,0.3,0.31,0.01,0.01,75692.96,1776803131000
1776803132.991,32.991,0.69,0.7,0.3,0.31,0.01,0.01,75692.96,1776803131000
1776803133.375,33.375,0.69,0.7,0.3,0.31,0.01,0.01,75692.57,1776803132000
1776803133.826,33.826,0.69,0.7,0.3,0.31,0.01,0.01,75692.57,1776803132000
1776803134.31,34.31,0.69,0.7,0.3,0.31,0.01,0.01,75693.03,1776803133000
1776803134.676,34.676,0.69,0.7,0.3,0.31,0.01,0.01,75693.03,1776803133000
1776803135.072,35.072,0.69,0.7,0.3,0.31,0.01,0.01,75693.03,1776803133000
1776803135.447,35.447,0.7,0.71,0.29,0.31,0.01,0.02,75693.13,1776803134000
1776803135.988,35.988,0.7,0.71,0.29,0.3,0.01,0.01,75693.13,1776803134000
1776803136.416,36.416,0.7,0.71,0.29,0.3,0.01,0.01,75691.55,1776803135000
1776803137.034,37.034,0.7,0.71,0.29,0.3,0.01,0.01,75691.55,1776803135000
1776803137.382,37.382,0.7,0.71,0.29,0.3,0.01,0.01,75691.55,1776803135000
1776803137.795,37.795,0.7,0.71,0.29,0.3,0.01,0.01,75694.13,1776803136000
1776803138.419,38.419,0.7,0.71,0.29,0.3,0.01,0.01,75693.38,1776803137000
1776803138.956,38.956,0.7,0.71,0.29,0.3,0.01,0.01,75693.38,1776803137000
1776803139.38,39.38,0.7,0.71,0.29,0.3,0.01,0.01,75692.95,1776803138000
1776803139.737,39.737,0.7,0.71,0.29,0.3,0.01,0.01,75692.95,1776803138000
1776803140.178,40.178,0.7,0.71,0.29,0.3,0.01,0.01,75692.95,1776803139000
1776803140.587,40.587,0.69,0.7,0.29,0.31,0.01,0.02,75692.95,1776803139000
1776803140.985,40.985,0.69,0.7,0.3,0.31,0.01,0.01,75692.95,1776803139000
1776803141.393,41.393,0.69,0.7,0.3,0.31,0.01,0.01,75692.95,1776803139000
1776803141.826,41.826,0.69,0.7,0.3,0.31,0.01,0.01,75692.21,1776803140000
1776803142.201,42.201,0.67,0.7,0.3,0.31,0.03,0.01,75692.21,1776803140000
1776803142.691,42.691,0.69,0.7,0.3,0.31,0.01,0.01,75691.85,1776803141000
1776803143.155,43.155,0.69,0.7,0.3,0.31,0.01,0.01,75691.85,1776803141000
1776803143.506,43.506,0.67,0.68,0.32,0.33,0.01,0.01,75691.61,1776803142000
1776803143.868,43.868,0.67,0.68,0.32,0.33,0.01,0.01,75691.61,1776803142000
1776803144.207,44.207,0.66,0.68,0.32,0.33,0.02,0.01,75691.61,1776803142000
1776803144.654,44.654,0.66,0.67,0.33,0.34,0.01,0.01,75691.23,1776803143000
1776803145.011,45.011,0.66,0.67,0.33,0.34,0.01,0.01,75691.23,1776803143000
1776803145.365,45.365,0.66,0.67,0.33,0.34,0.01,0.01,75690.37,1776803144000
1776803145.755,45.755,0.66,0.67,0.33,0.34,0.01,0.01,75690.37,1776803144000
1776803146.183,46.183,0.66,0.67,0.33,0.34,0.01,0.01,75685.31,1776803145000
1776803146.531,46.531,0.66,0.67,0.33,0.34,0.01,0.01,75685.31,1776803145000
1776803146.893,46.893,0.66,0.67,0.33,0.34,0.01,0.01,75685.31,1776803145000
1776803147.333,47.333,0.66,0.67,0.33,0.34,0.01,0.01,75685.31,1776803145000
1776803147.947,47.947,0.66,0.67,0.33,0.34,0.01,0.01,75685.25,1776803146000
1776803148.739,48.739,0.66,0.67,0.33,0.34,0.01,0.01,75685.25,1776803147000
1776803149.156,49.156,0.6,0.61,0.39,0.4,0.01,0.01,75685.25,1776803148000
1776803149.491,49.491,0.6,0.61,0.39,0.4,0.01,0.01,75685.25,1776803148000
1776803149.84,49.84,0.6,0.61,0.39,0.4,0.01,0.01,75685.25,1776803148000
1776803150.182,50.182,0.6,0.61,0.39,0.4,0.01,0.01,75685.14,1776803149000
1776803150.832,50.832,0.6,0.61,0.39,0.4,0.01,0.01,75685.14,1776803149000
1776803151.181,51.181,0.63,0.68,0.36,0.37,0.05,0.01,75678.21,1776803150000
1776803151.544,51.544,0.63,0.68,0.32,0.37,0.05,0.05,75678.21,1776803150000
1776803151.924,51.924,0.66,0.67,0.33,0.34,0.01,0.01,75678.21,1776803150000
1776803152.374,52.374,0.66,0.67,0.33,0.34,0.01,0.01,75679.6,1776803151000
1776803152.883,52.883,0.66,0.67,0.33,0.34,0.01,0.01,75679.6,1776803151000
1776803153.296,53.296,0.66,0.67,0.33,0.34,0.01,0.01,75679.6,1776803151000
1776803153.663,53.663,0.68,0.69,0.31,0.32,0.01,0.01,75683.25,1776803152000
1776803153.999,53.999,0.68,0.69,0.31,0.32,0.01,0.01,75683.25,1776803152000
1776803154.414,54.414,0.68,0.69,0.31,0.32,0.01,0.01,75683.25,1776803152000
1776803154.794,54.794,0.75,0.76,0.24,0.25,0.01,0.01,75686.33,1776803153000
1776803155.142,55.142,0.75,0.76,0.24,0.25,0.01,0.01,75686.33,1776803153000
1776803155.504,55.504,0.75,0.76,0.24,0.25,0.01,0.01,75686.33,1776803153000
1776803155.845,55.845,0.75,0.76,0.24,0.25,0.01,0.01,75686.33,1776803153000
1776803156.293,56.293,0.74,0.75,0.25,0.26,0.01,0.01,75690.9,1776803154000
1776803156.677,56.677,0.74,0.75,0.25,0.26,0.01,0.01,75698.54,1776803155000
1776803157.134,57.134,0.74,0.75,0.25,0.26,0.01,0.01,75699.82,1776803156000
1776803157.598,57.598,0.74,0.75,0.25,0.26,0.01,0.01,75699.82,1776803156000
1776803157.948,57.948,0.73,0.74,0.26,0.27,0.01,0.01,75699.9,1776803157000
1776803158.349,58.349,0.73,0.74,0.26,0.27,0.01,0.01,75699.9,1776803157000
1776803158.701,58.701,0.72,0.74,0.26,0.27,0.02,0.01,75699.9,1776803157000
1776803159.188,59.188,0.72,0.73,0.27,0.28,0.01,0.01,75699.9,1776803157000
1776803159.544,59.544,0.71,0.72,0.28,0.29,0.01,0.01,75699.32,1776803158000
1776803159.912,59.912,0.71,0.72,0.28,0.29,0.01,0.01,75699.32,1776803158000
1776803160.287,60.287,0.71,0.72,0.28,0.29,0.01,0.01,75699.55,1776803159000
1776803160.638,60.638,0.71,0.72,0.27,0.29,0.01,0.02,75699.55,1776803159000
1776803161.077,61.077,0.71,0.72,0.28,0.29,0.01,0.01,75699.55,1776803159000
1776803161.416,61.416,0.71,0.72,0.28,0.29,0.01,0.01,75698.9,1776803160000
1776803161.752,61.752,0.71,0.72,0.28,0.29,0.01,0.01,75698.9,1776803160000
1776803162.147,62.147,0.71,0.72,0.28,0.29,0.01,0.01,75698.9,1776803160000
1776803162.564,62.564,0.72,0.73,0.27,0.28,0.01,0.01,75701.72,1776803161000
1776803162.93,62.93,0.72,0.73,0.27,0.28,0.01,0.01,75701.72,1776803161000
1776803163.357,63.357,0.72,0.73,0.27,0.28,0.01,0.01,75693.85,1776803162000
1776803163.725,63.725,0.72,0.73,0.27,0.28,0.01,0.01,75693.85,1776803162000
1776803164.209,64.209,0.72,0.73,0.27,0.28,0.01,0.01,75698.72,1776803163000
1776803164.614,64.614,0.73,0.74,0.26,0.27,0.01,0.01,75698.72,1776803163000
1776803165.188,65.188,0.73,0.74,0.26,0.27,0.01,0.01,75696.81,1776803164000
1776803165.619,65.619,0.73,0.74,0.26,0.27,0.01,0.01,75696.81,1776803164000
1776803165.986,65.986,0.73,0.74,0.26,0.27,0.01,0.01,75696.81,1776803164000
1776803166.324,66.324,0.73,0.74,0.26,0.27,0.01,0.01,75697.49,1776803165000
1776803166.684,66.684,0.73,0.74,0.26,0.27,0.01,0.01,75697.49,1776803165000
1776803167.055,67.055,0.72,0.73,0.26,0.27,0.01,0.01,75697.52,1776803166000
1776803167.591,67.591,0.72,0.73,0.27,0.28,0.01,0.01,75697.52,1776803166000
1776803168.147,68.147,0.71,0.72,0.28,0.29,0.01,0.01,75697.52,1776803166000
1776803168.502,68.502,0.7,0.71,0.29,0.3,0.01,0.01,75697.39,1776803167000
1776803168.941,68.941,0.7,0.71,0.29,0.3,0.01,0.01,75697.39,1776803167000
1776803169.293,69.293,0.7,0.71,0.29,0.3,0.01,0.01,75695.74,1776803168000
1776803169.689,69.689,0.63,0.64,0.35,0.37,0.01,0.02,75695.74,1776803168000
1776803170.035,70.035,0.62,0.63,0.37,0.38,0.01,0.01,75695.74,1776803168000
1776803170.432,70.432,0.63,0.64,0.36,0.37,0.01,0.01,75692.38,1776803169000
1776803170.907,70.907,0.64,0.65,0.35,0.36,0.01,0.01,75692.38,1776803169000
1776803171.339,71.339,0.64,0.65,0.35,0.36,0.01,0.01,75692.38,1776803169000
1776803171.715,71.715,0.64,0.65,0.35,0.36,0.01,0.01,75684.71,1776803170000
1776803172.107,72.107,0.64,0.65,0.35,0.36,0.01,0.01,75684.71,1776803171000
1776803172.685,72.685,0.65,0.66,0.34,0.36,0.01,0.02,75684.71,1776803171000
1776803173.019,73.019,0.74,0.75,0.25,0.26,0.01,0.01,75684.71,1776803171000
1776803173.368,73.368,0.74,0.75,0.25,0.26,0.01,0.01,75684.2,1776803172000
1776803173.716,73.716,0.74,0.75,0.25,0.26,0.01,0.01,75684.2,1776803172000
1776803174.053,74.053,0.74,0.75,0.25,0.26,0.01,0.01,75684.2,1776803172000
1776803174.392,74.392,0.74,0.75,0.25,0.26,0.01,0.01,75684.2,1776803172000
1776803174.754,74.754,0.74,0.75,0.25,0.26,0.01,0.01,75689.18,1776803173000
1776803175.184,75.184,0.75,0.76,0.24,0.25,0.01,0.01,75689.18,1776803173000
1776803175.62,75.62,0.75,0.76,0.24,0.25,0.01,0.01,75689.18,1776803173000
1776803175.96,75.96,0.75,0.76,0.24,0.25,0.01,0.01,75700.68,1776803174000
1776803176.302,76.302,0.75,0.76,0.24,0.25,0.01,0.01,75700.68,1776803174000
1776803176.742,76.742,0.75,0.76,0.24,0.25,0.01,0.01,75701.46,1776803175000
1776803177.217,77.217,0.75,0.76,0.24,0.25,0.01,0.01,75702.03,1776803176000
1776803177.565,77.565,0.75,0.76,0.24,0.25,0.01,0.01,75702.03,1776803176000
1776803178.113,78.113,0.75,0.76,0.24,0.25,0.01,0.01,75702.03,1776803176000
1776803178.59,78.59,0.75,0.76,0.24,0.25,0.01,0.01,75702.43,1776803177000
1776803178.934,78.934,0.75,0.77,0.24,0.25,0.02,0.01,75702.43,1776803177000
1776803179.267,79.267,0.76,0.77,0.23,0.24,0.01,0.01,75702.43,1776803177000
1776803179.618,79.618,0.76,0.77,0.23,0.24,0.01,0.01,75702.43,1776803178000
1776803179.957,79.957,0.73,0.74,0.26,0.27,0.01,0.01,75702.79,1776803179000
1776803180.409,80.409,0.71,0.72,0.28,0.29,0.01,0.01,75702.79,1776803179000
1776803180.814,80.814,0.71,0.72,0.28,0.29,0.01,0.01,75702.79,1776803179000
1776803181.48,81.48,0.7,0.71,0.29,0.3,0.01,0.01,75702.61,1776803180000
1776803181.829,81.829,0.7,0.71,0.29,0.3,0.01,0.01,75702.61,1776803180000
1776803182.165,82.165,0.77,0.78,0.22,0.26,0.01,0.04,75694.03,1776803181000
1776803182.503,82.503,0.77,0.78,0.22,0.23,0.01,0.01,75694.03,1776803181000
1776803182.843,82.843,0.77,0.78,0.22,0.23,0.01,0.01,75694.03,1776803181000
1776803183.178,83.178,0.77,0.78,0.22,0.23,0.01,0.01,75693.51,1776803182000
1776803183.512,83.512,0.77,0.79,0.22,0.23,0.02,0.01,75693.51,1776803182000
1776803183.92,83.92,0.78,0.79,0.21,0.22,0.01,0.01,75693.51,1776803182000
1776803184.266,84.266,0.78,0.79,0.21,0.22,0.01,0.01,75693.51,1776803182000
1776803184.752,84.752,0.8,0.81,0.19,0.2,0.01,0.01,75704.93,1776803183000
1776803185.125,85.125,0.8,0.81,0.19,0.2,0.01,0.01,75704.93,1776803183000
1776803185.46,85.46,0.8,0.81,0.19,0.2,0.01,0.01,75704.93,1776803183000
1776803185.801,85.801,0.81,0.82,0.18,0.19,0.01,0.01,75705.72,1776803184000
1776803186.259,86.259,0.81,0.82,0.18,0.19,0.01,0.01,75711.68,1776803185000
1776803186.605,86.605,0.81,0.82,0.18,0.19,0.01,0.01,75711.68,1776803185000
1776803187.024,87.024,0.81,0.82,0.18,0.19,0.01,0.01,75711.68,1776803185000
1776803187.437,87.437,0.81,0.82,0.18,0.19,0.01,0.01,75716.35,1776803186000
1776803187.865,87.865,0.81,0.83,0.18,0.19,0.02,0.01,75716.35,1776803186000
1776803188.239,88.239,0.83,0.84,0.16,0.17,0.01,0.01,75716.35,1776803186000
1776803188.643,88.643,0.83,0.84,0.16,0.17,0.01,0.01,75716.47,1776803187000
1776803189.076,89.076,0.83,0.84,0.16,0.17,0.01,0.01,75716.47,1776803187000
1776803189.469,89.469,0.83,0.84,0.16,0.17,0.01,0.01,75719.85,1776803188000
1776803190.013,90.013,0.82,0.83,0.17,0.18,0.01,0.01,75719.85,1776803188000
1776803190.348,90.348,0.82,0.84,0.16,0.18,0.02,0.02,75723.5,1776803189000
1776803190.689,90.689,0.87,0.88,0.12,0.13,0.01,0.01,75723.5,1776803189000
1776803191.107,91.107,0.87,0.89,0.11,0.13,0.02,0.02,75725.38,1776803190000
1776803191.453,91.453,0.87,0.88,0.12,0.13,0.01,0.01,75725.38,1776803190000
1776803191.793,91.793,0.86,0.87,0.13,0.14,0.01,0.01,75725.38,1776803190000
1776803192.139,92.139,0.86,0.87,0.13,0.14,0.01,0.01,75725.38,1776803190000
1776803192.488,92.488,0.82,0.83,0.17,0.18,0.01,0.01,75734.49,1776803191000
1776803192.868,92.868,0.82,0.83,0.17,0.18,0.01,0.01,75738.66,1776803192000
1776803193.202,93.202,0.82,0.83,0.17,0.18,0.01,0.01,75738.66,1776803192000
1776803193.58,93.58,0.82,0.83,0.17,0.18,0.01,0.01,75738.66,1776803192000
1776803193.934,93.934,0.82,0.83,0.17,0.18,0.01,0.01,75738.66,1776803192000
1776803194.277,94.277,0.81,0.82,0.18,0.19,0.01,0.01,75731.75,1776803193000
1776803194.726,94.726,0.82,0.83,0.17,0.19,0.01,0.02,75731.75,1776803193000
1776803195.099,95.099,0.82,0.83,0.17,0.18,0.01,0.01,75731.75,1776803193000
1776803195.458,95.458,0.83,0.84,0.16,0.17,0.01,0.01,75731.75,1776803193000
1776803195.897,95.897,0.83,0.84,0.16,0.17,0.01,0.01,75729.1,1776803194000
1776803196.292,96.292,0.83,0.84,0.16,0.17,0.01,0.01,75729.1,1776803194000
1776803196.678,96.678,0.83,0.84,0.16,0.17,0.01,0.01,75729.99,1776803195000
1776803197.163,97.163,0.83,0.84,0.16,0.17,0.01,0.01,75729.99,1776803195000
1776803197.529,97.529,0.84,0.85,0.15,0.17,0.01,0.02,75729.99,1776803195000
1776803197.867,97.867,0.84,0.89,0.11,0.16,0.05,0.05,75729.99,1776803195000
1776803198.221,98.221,0.89,0.9,0.1,0.11,0.01,0.01,75731.84,1776803196000
1776803198.647,98.647,0.89,0.9,0.1,0.11,0.01,0.01,75730.65,1776803197000
1776803199.031,99.031,0.89,0.9,0.1,0.11,0.01,0.01,75730.65,1776803197000
1776803199.375,99.375,0.85,0.87,0.13,0.15,0.02,0.02,75737.3,1776803198000
1776803199.805,99.805,0.85,0.86,0.13,0.15,0.01,0.02,75737.3,1776803198000
1776803200.152,100.152,0.85,0.86,0.14,0.15,0.01,0.01,75737.3,1776803198000
1776803200.492,100.492,0.86,0.87,0.13,0.14,0.01,0.01,75743.38,1776803199000
1776803200.964,100.964,0.86,0.87,0.13,0.14,0.01,0.01,75743.38,1776803199000
1776803201.358,101.358,0.86,0.87,0.13,0.14,0.01,0.01,75737.99,1776803200000
1776803201.752,101.752,0.86,0.87,0.13,0.14,0.01,0.01,75737.99,1776803200000
1776803202.237,102.237,0.86,0.87,0.13,0.14,0.01,0.01,75737.99,1776803200000
1776803202.859,102.859,0.85,0.86,0.13,0.15,0.01,0.02,75740.13,1776803201000
1776803203.492,103.492,0.85,0.86,0.14,0.15,0.01,0.01,75740.13,1776803202000
1776803203.929,103.929,0.85,0.86,0.14,0.15,0.01,0.01,75740.13,1776803202000
1776803204.409,104.409,0.85,0.86,0.14,0.15,0.01,0.01,75740.13,1776803203000
1776803204.878,104.878,0.86,0.87,0.14,0.15,0.01,0.01,75740.13,1776803203000
1776803205.762,105.762,0.86,0.87,0.13,0.14,0.01,0.01,75738.82,1776803204000
1776803206.663,106.663,0.85,0.87,0.13,0.14,0.02,0.01,75740.13,1776803205000
1776803207.078,107.078,0.85,0.86,0.14,0.15,0.01,0.01,75741.1,1776803206000
1776803207.418,107.418,0.87,0.88,0.12,0.13,0.01,0.01,75741.1,1776803206000
1776803207.76,107.76,0.85,0.86,0.12,0.16,0.01,0.04,75741.1,1776803206000
1776803208.106,108.106,0.85,0.87,0.14,0.15,0.02,0.01,75741.14,1776803207000
1776803208.526,108.526,0.87,0.88,0.13,0.14,0.01,0.01,75741.14,1776803207000
1776803209.115,109.115,0.87,0.88,0.12,0.13,0.01,0.01,75741.95,1776803208000
1776803209.641,109.641,0.86,0.88,0.12,0.13,0.02,0.01,75741.95,1776803208000
1776803210.117,110.117,0.86,0.87,0.13,0.14,0.01,0.01,75739.92,1776803209000
1776803210.686,110.686,0.86,0.87,0.13,0.14,0.01,0.01,75739.92,1776803209000
1776803211.101,111.101,0.88,0.89,0.11,0.12,0.01,0.01,75739.92,1776803209000
1776803211.502,111.502,0.88,0.89,0.11,0.12,0.01,0.01,75739.15,1776803210000
1776803211.917,111.917,0.88,0.89,0.11,0.12,0.01,0.01,75739.15,1776803210000
1776803212.264,112.264,0.88,0.89,0.11,0.12,0.01,0.01,75739.15,1776803210000
1776803212.826,112.826,0.88,0.89,0.11,0.12,0.01,0.01,75745.85,1776803211000
1776803213.168,113.168,0.88,0.89,0.11,0.12,0.01,0.01,75748.43,1776803212000
1776803213.509,113.509,0.88,0.89,0.11,0.12,0.01,0.01,75748.43,1776803212000
1776803213.899,113.899,0.89,0.9,0.1,0.12,0.01,0.02,75748.43,1776803212000
1776803214.281,114.281,0.88,0.9,0.1,0.11,0.02,0.01,75748.57,1776803213000
1776803214.62,114.62,0.89,0.9,0.1,0.11,0.01,0.01,75748.57,1776803213000
1776803215.024,115.024,0.87,0.89,0.11,0.12,0.02,0.01,75748.57,1776803213000
1776803215.529,115.529,0.87,0.88,0.12,0.13,0.01,0.01,75748.6,1776803214000
1776803215.903,115.903,0.86,0.87,0.13,0.14,0.01,0.01,75748.81,1776803215000
1776803216.252,116.252,0.86,0.87,0.13,0.14,0.01,0.01,75748.81,1776803215000
1776803216.619,116.619,0.86,0.87,0.13,0.14,0.01,0.01,75748.81,1776803215000
1776803217.129,117.129,0.86,0.87,0.13,0.14,0.01,0.01,75742.67,1776803216000
1776803217.594,117.594,0.86,0.87,0.13,0.14,0.01,0.01,75742.67,1776803216000
1776803218.197,118.197,0.88,0.89,0.11,0.14,0.01,0.03,75742.67,1776803216000
1776803218.609,118.609,0.89,0.9,0.1,0.11,0.01,0.01,75742.28,1776803217000
1776803218.955,118.955,0.89,0.9,0.1,0.11,0.01,0.01,75742.28,1776803217000
1776803219.346,119.346,0.89,0.9,0.1,0.11,0.01,0.01,75744.73,1776803218000
1776803219.711,119.711,0.9,0.91,0.09,0.1,0.01,0.01,75744.73,1776803218000
1776803220.065,120.065,0.9,0.91,0.09,0.1,0.01,0.01,75744.73,1776803218000
1776803220.612,120.612,0.9,0.91,0.09,0.1,0.01,0.01,75751.75,1776803219000
1776803220.984,120.984,0.9,0.91,0.09,0.1,0.01,0.01,75751.75,1776803220000
1776803221.322,121.322,0.9,0.91,0.09,0.1,0.01,0.01,75751.75,1776803220000
1776803221.718,121.718,0.9,0.91,0.09,0.1,0.01,0.01,75751.75,1776803220000
1776803222.133,122.133,0.9,0.91,0.09,0.1,0.01,0.01,75751.75,1776803220000
1776803222.515,122.515,0.9,0.91,0.09,0.1,0.01,0.01,75752.06,1776803221000
1776803223.125,123.125,0.9,0.91,0.09,0.1,0.01,0.01,75752.06,1776803221000
1776803223.522,123.522,0.89,0.9,0.09,0.11,0.01,0.02,75750.67,1776803222000
1776803223.871,123.871,0.88,0.89,0.11,0.12,0.01,0.01,75750.67,1776803222000
1776803224.278,124.278,0.88,0.89,0.11,0.12,0.01,0.01,75750.67,1776803222000
1776803224.667,124.667,0.88,0.89,0.11,0.12,0.01,0.01,75750.67,1776803223000
1776803225.018,125.018,0.88,0.89,0.11,0.12,0.01,0.01,75744.88,1776803224000
1776803225.439,125.439,0.87,0.88,0.11,0.13,0.01,0.02,75744.88,1776803224000
1776803225.944,125.944,0.87,0.88,0.12,0.13,0.01,0.01,75744.88,1776803224000
1776803226.334,126.334,0.84,0.87,0.13,0.16,0.03,0.03,75743.75,1776803225000
1776803226.679,126.679,0.85,0.86,0.14,0.15,0.01,0.01,75743.75,1776803225000
1776803227.048,127.048,0.85,0.86,0.14,0.15,0.01,0.01,75743.75,1776803225000
1776803227.435,127.435,0.85,0.86,0.14,0.15,0.01,0.01,75741.1,1776803226000
1776803227.854,127.854,0.86,0.87,0.13,0.14,0.01,0.01,75741.1,1776803226000
1776803228.217,128.217,0.87,0.88,0.12,0.13,0.01,0.01,75737.45,1776803227000
1776803228.834,128.834,0.87,0.88,0.12,0.13,0.01,0.01,75737.45,1776803227000
1776803229.318,129.318,0.87,0.88,0.12,0.13,0.01,0.01,75739.05,1776803228000
1776803229.853,129.853,0.87,0.88,0.12,0.13,0.01,0.01,75739.05,1776803228000
1776803230.217,130.217,0.87,0.88,0.12,0.13,0.01,0.01,75741.44,1776803229000
1776803230.551,130.551,0.87,0.88,0.12,0.13,0.01,0.01,75741.44,1776803229000
1776803230.884,130.884,0.87,0.89,0.12,0.13,0.02,0.01,75741.44,1776803229000
1776803231.223,131.223,0.9,0.91,0.09,0.1,0.01,0.01,75741.44,1776803229000
1776803231.682,131.682,0.91,0.92,0.08,0.09,0.01,0.01,75741.18,1776803230000
1776803232.025,132.025,0.91,0.92,0.08,0.09,0.01,0.01,75741.04,1776803231000
1776803232.373,132.373,0.91,0.92,0.08,0.09,0.01,0.01,75741.04,1776803231000
1776803232.801,132.801,0.91,0.92,0.08,0.09,0.01,0.01,75741.04,1776803231000
1776803233.153,133.153,0.91,0.92,0.08,0.09,0.01,0.01,75741.04,1776803231000
1776803233.524,133.524,0.91,0.92,0.08,0.09,0.01,0.01,75750.48,1776803232000
1776803233.953,133.953,0.9,0.91,0.09,0.1,0.01,0.01,75750.48,1776803232000
1776803234.43,134.43,0.9,0.91,0.09,0.1,0.01,0.01,75750.78,1776803233000
1776803234.805,134.805,0.9,0.91,0.09,0.1,0.01,0.01,75750.78,1776803233000
1776803235.265,135.265,0.9,0.91,0.09,0.1,0.01,0.01,75750.4,1776803234000
1776803235.602,135.602,0.9,0.91,0.09,0.1,0.01,0.01,75750.4,1776803234000
1776803235.986,135.986,0.9,0.91,0.09,0.1,0.01,0.01,75750.4,1776803234000
1776803236.35,136.35,0.9,0.91,0.09,0.1,0.01,0.01,75750.4,1776803234000
1776803236.728,136.728,0.9,0.91,0.09,0.1,0.01,0.01,75749.23,1776803235000
1776803237.096,137.096,0.9,0.91,0.09,0.1,0.01,0.01,75750.46,1776803236000
1776803237.509,137.509,0.9,0.91,0.09,0.1,0.01,0.01,75750.46,1776803236000
1776803238.159,138.159,0.9,0.91,0.09,0.1,0.01,0.01,75750.01,1776803237000
1776803238.497,138.497,0.9,0.91,0.09,0.1,0.01,0.01,75750.01,1776803237000
1776803239.322,139.322,0.9,0.91,0.09,0.1,0.01,0.01,75750.01,1776803237000
1776803239.705,139.705,0.9,0.91,0.09,0.1,0.01,0.01,75749.96,1776803238000
1776803240.115,140.115,0.88,0.89,0.11,0.12,0.01,0.01,75749.96,1776803238000
1776803240.633,140.633,0.88,0.89,0.11,0.12,0.01,0.01,75749.96,1776803238000
1776803241.852,141.852,0.88,0.89,0.11,0.12,0.01,0.01,75741.22,1776803240000
1776803242.205,142.205,0.88,0.89,0.11,0.12,0.01,0.01,75741.22,1776803241000
1776803242.658,142.658,0.88,0.89,0.11,0.12,0.01,0.01,75741.22,1776803241000
1776803243.013,143.013,0.93,0.94,0.06,0.07,0.01,0.01,75741.22,1776803241000
1776803243.378,143.378,0.92,0.95,0.03,0.08,0.03,0.05,75775.14,1776803242000
1776803243.763,143.763,0.94,0.95,0.05,0.06,0.01,0.01,75775.14,1776803242000
1776803244.104,144.104,0.95,0.96,0.04,0.05,0.01,0.01,75775.14,1776803242000
1776803244.46,144.46,0.96,0.97,0.03,0.04,0.01,0.01,75775.14,1776803242000
1776803244.793,144.793,0.96,0.97,0.03,0.04,0.01,0.01,75776.5,1776803243000
1776803245.18,145.18,0.96,0.97,0.03,0.04,0.01,0.01,75776.5,1776803244000
1776803245.524,145.524,0.96,0.97,0.03,0.04,0.01,0.01,75776.5,1776803244000
1776803245.893,145.893,0.95,0.96,0.04,0.05,0.01,0.01,75776.5,1776803244000
1776803246.228,146.228,0.95,0.96,0.04,0.05,0.01,0.01,75776.5,1776803245000
1776803246.624,146.624,0.93,0.95,0.05,0.07,0.02,0.02,75776.5,1776803245000
1776803246.976,146.976,0.93,0.94,0.06,0.07,0.01,0.01,75776.5,1776803245000
1776803247.329,147.329,0.93,0.94,0.06,0.07,0.01,0.01,75777.13,1776803246000
1776803247.721,147.721,0.93,0.94,0.06,0.07,0.01,0.01,75777.13,1776803246000
1776803248.464,148.464,0.93,0.94,0.06,0.07,0.01,0.01,75773.6,1776803247000
1776803249.106,149.106,0.93,0.94,0.06,0.07,0.01,0.01,75773.6,1776803247000
1776803249.472,149.472,0.92,0.93,0.07,0.08,0.01,0.01,75770.15,1776803248000
1776803250.056,150.056,0.92,0.93,0.07,0.08,0.01,0.01,75770.15,1776803248000
1776803250.39,150.39,0.92,0.93,0.07,0.08,0.01,0.01,75765.47,1776803249000
1776803250.755,150.755,0.92,0.93,0.07,0.08,0.01,0.01,75765.47,1776803249000
1776803251.133,151.133,0.92,0.93,0.07,0.08,0.01,0.01,75765.47,1776803249000
1776803251.491,151.491,0.92,0.93,0.07,0.08,0.01,0.01,75762.08,1776803250000
1776803251.837,151.837,0.92,0.93,0.07,0.08,0.01,0.01,75762.08,1776803250000
1776803252.499,152.499,0.92,0.94,0.07,0.08,0.02,0.01,75762.79,1776803251000
1776803252.862,152.862,0.95,0.96,0.04,0.05,0.01,0.01,75762.79,1776803251000
1776803253.2,153.2,0.95,0.96,0.04,0.05,0.01,0.01,75764.48,1776803252000
1776803253.604,153.604,0.97,0.98,0.02,0.05,0.01,0.03,75764.48,1776803252000
1776803253.984,153.984,0.97,0.98,0.02,0.03,0.01,0.01,75764.48,1776803252000
1776803254.33,154.33,0.97,0.98,0.02,0.03,0.01,0.01,75769.7,1776803253000
1776803254.75,154.75,0.97,0.98,0.02,0.03,0.01,0.01,75769.7,1776803253000
1776803255.102,155.102,0.97,0.98,0.02,0.03,0.01,0.01,75769.7,1776803253000
1776803255.45,155.45,0.97,0.99,0.02,0.03,0.02,0.01,75769.7,1776803253000
1776803255.791,155.791,0.97,0.98,0.02,0.03,0.01,0.01,75780.42,1776803254000
1776803256.391,156.391,0.98,0.99,0.01,0.02,0.01,0.01,75783.43,1776803255000
1776803256.837,156.837,0.96,0.97,0.03,0.04,0.01,0.01,75783.43,1776803255000
1776803257.276,157.276,0.96,0.97,0.03,0.04,0.01,0.01,75789.28,1776803256000
1776803257.65,157.65,0.96,0.97,0.03,0.04,0.01,0.01,75789.28,1776803256000
1776803258.014,158.014,0.96,0.97,0.03,0.04,0.01,0.01,75789.28,1776803256000
1776803258.442,158.442,0.96,0.97,0.03,0.04,0.01,0.01,75789.28,1776803256000
1776803258.79,158.79,0.96,0.97,0.03,0.04,0.01,0.01,75783.42,1776803257000
1776803259.185,159.185,0.96,0.97,0.03,0.04,0.01,0.01,75782.07,1776803258000
1776803259.696,159.696,0.95,0.96,0.04,0.05,0.01,0.01,75782.07,1776803258000
1776803260.042,160.042,0.95,0.96,0.04,0.05,0.01,0.01,75782.07,1776803258000
1776803260.435,160.435,0.95,0.96,0.04,0.05,0.01,0.01,75783.54,1776803259000
1776803260.852,160.852,0.95,0.96,0.04,0.05,0.01,0.01,75783.54,1776803259000
1776803261.502,161.502,0.95,0.96,0.04,0.05,0.01,0.01,75783.54,1776803260000
1776803261.864,161.864,0.95,0.96,0.04,0.05,0.01,0.01,75783.54,1776803260000
1776803262.259,162.259,0.94,0.98,0.02,0.06,0.04,0.04,75781.81,1776803261000
1776803262.638,162.638,0.94,0.95,0.05,0.06,0.01,0.01,75781.81,1776803261000
1776803263.006,163.006,0.95,0.96,0.04,0.05,0.01,0.01,75781.81,1776803261000
1776803263.376,163.376,0.96,0.97,0.04,0.05,0.01,0.01,75778.86,1776803262000
1776803263.796,163.796,0.96,0.97,0.03,0.04,0.01,0.01,75778.86,1776803262000
1776803264.152,164.152,0.96,0.97,0.03,0.04,0.01,0.01,75775.34,1776803263000
1776803264.605,164.605,0.96,0.97,0.03,0.04,0.01,0.01,75775.34,1776803263000
1776803264.963,164.963,0.95,0.97,0.03,0.04,0.02,0.01,75775.34,1776803263000
1776803265.307,165.307,0.96,0.97,0.03,0.04,0.01,0.01,75778.64,1776803264000
1776803265.666,165.666,0.96,0.97,0.03,0.04,0.01,0.01,75778.64,1776803264000
1776803266.037,166.037,0.96,0.97,0.03,0.04,0.01,0.01,75781.26,1776803265000
1776803266.629,166.629,0.95,0.97,0.03,0.04,0.02,0.01,75781.26,1776803265000
1776803267.063,167.063,0.95,0.96,0.04,0.05,0.01,0.01,75781.26,1776803265000
1776803267.606,167.606,0.95,0.96,0.04,0.05,0.01,0.01,75780.83,1776803266000
1776803267.954,167.954,0.95,0.96,0.04,0.05,0.01,0.01,75780.83,1776803266000
1776803268.465,168.465,0.95,0.96,0.04,0.05,0.01,0.01,75780.3,1776803267000
1776803268.973,168.973,0.95,0.96,0.04,0.05,0.01,0.01,75780.3,1776803267000
1776803269.343,169.343,0.95,0.96,0.04,0.05,0.01,0.01,75780.3,1776803267000
1776803269.835,169.835,0.95,0.96,0.04,0.05,0.01,0.01,75780.3,1776803267000
1776803270.382,170.382,0.95,0.96,0.04,0.06,0.01,0.02,75781.6,1776803268000
1776803270.776,170.776,0.95,0.96,0.04,0.05,0.01,0.01,75780.71,1776803269000
1776803271.14,171.14,0.95,0.96,0.04,0.05,0.01,0.01,75781.6,1776803270000
1776803271.537,171.537,0.95,0.96,0.04,0.05,0.01,0.01,75781.6,1776803270000
1776803271.963,171.963,0.97,0.98,0.02,0.05,0.01,0.03,75781.6,1776803270000
1776803272.331,172.331,0.97,0.98,0.02,0.03,0.01,0.01,75781.6,1776803271000
1776803272.931,172.931,0.97,0.98,0.02,0.03,0.01,0.01,75781.6,1776803271000
1776803273.358,173.358,0.97,0.98,0.02,0.03,0.01,0.01,75781.6,1776803271000
1776803273.876,173.876,0.97,0.98,0.01,0.03,0.01,0.02,75781.6,1776803272000
1776803274.286,174.286,0.97,0.98,0.01,0.03,0.01,0.02,75781.63,1776803273000
1776803274.658,174.658,0.98,0.99,0.02,0.03,0.01,0.01,75781.63,1776803273000
1776803274.992,174.992,0.97,0.99,0.01,0.02,0.02,0.01,75781.63,1776803273000
1776803275.616,175.616,0.97,0.98,0.01,0.03,0.01,0.02,75784.15,1776803274000
1776803276.008,176.008,0.97,0.98,0.02,0.03,0.01,0.01,75784.51,1776803275000
1776803276.417,176.417,0.97,0.98,0.02,0.03,0.01,0.01,75784.51,1776803275000
1776803277.091,177.091,0.97,0.98,0.02,0.03,0.01,0.01,75785.4,1776803276000
1776803277.731,177.731,0.97,0.98,0.02,0.03,0.01,0.01,75785.4,1776803276000
1776803278.15,178.15,0.97,0.98,0.02,0.03,0.01,0.01,75785.39,1776803277000
1776803278.506,178.506,0.97,0.98,0.02,0.03,0.01,0.01,75785.39,1776803277000
1776803278.955,178.955,0.97,0.98,0.02,0.03,0.01,0.01,75785.39,1776803277000
1776803279.33,179.33,0.97,0.98,0.02,0.03,0.01,0.01,75785.4,1776803278000
1776803279.758,179.758,0.97,0.98,0.02,0.03,0.01,0.01,75785.4,1776803278000
1776803280.111,180.111,0.96,0.98,0.02,0.04,0.02,0.02,75785.4,1776803278000
1776803280.563,180.563,0.96,0.97,0.02,0.04,0.01,0.02,75785.15,1776803279000
1776803280.907,180.907,0.96,0.97,0.03,0.04,0.01,0.01,75785.15,1776803279000
1776803281.247,181.247,0.93,0.95,0.05,0.07,0.02,0.02,75785.15,1776803279000
1776803281.586,181.586,0.92,0.93,0.07,0.08,0.01,0.01,75780.38,1776803280000
1776803281.972,181.972,0.92,0.93,0.07,0.08,0.01,0.01,75777.97,1776803281000
1776803282.335,182.335,0.91,0.93,0.07,0.09,0.02,0.02,75777.97,1776803281000
1776803282.86,182.86,0.92,0.93,0.07,0.09,0.01,0.02,75777.97,1776803281000
1776803283.214,183.214,0.91,0.93,0.07,0.09,0.02,0.02,75761.57,1776803282000
1776803283.597,183.597,0.92,0.93,0.06,0.08,0.01,0.02,75761.57,1776803282000
1776803283.931,183.931,0.93,0.94,0.06,0.07,0.01,0.01,75761.57,1776803282000
1776803284.272,184.272,0.93,0.94,0.06,0.07,0.01,0.01,75757.03,1776803283000
1776803284.605,184.605,0.92,0.93,0.07,0.08,0.01,0.01,75757.03,1776803283000
1776803285.045,185.045,0.92,0.93,0.07,0.08,0.01,0.01,75757.03,1776803283000
1776803285.441,185.441,0.9,0.91,0.07,0.1,0.01,0.03,75757.39,1776803284000
1776803285.828,185.828,0.9,0.91,0.09,0.1,0.01,0.01,75757.39,1776803284000
1776803286.293,186.293,0.9,0.91,0.09,0.1,0.01,0.01,75754.48,1776803285000
1776803286.774,186.774,0.9,0.91,0.09,0.1,0.01,0.01,75754.48,1776803285000
1776803287.151,187.151,0.9,0.91,0.09,0.1,0.01,0.01,75745.86,1776803286000
1776803287.526,187.526,0.9,0.91,0.09,0.1,0.01,0.01,75745.86,1776803286000
1776803287.936,187.936,0.9,0.91,0.09,0.1,0.01,0.01,75745.86,1776803286000
1776803288.305,188.305,0.9,0.91,0.09,0.1,0.01,0.01,75742.45,1776803287000
1776803288.665,188.665,0.89,0.91,0.09,0.11,0.02,0.02,75742.45,1776803287000
1776803289.007,189.007,0.89,0.9,0.09,0.11,0.01,0.02,75742.45,1776803287000
1776803289.343,189.343,0.89,0.9,0.1,0.11,0.01,0.01,75740.2,1776803288000
1776803290.159,190.159,0.89,0.9,0.1,0.11,0.01,0.01,75740.2,1776803288000
1776803290.623,190.623,0.89,0.9,0.1,0.11,0.01,0.01,75733.38,1776803289000
1776803290.997,190.997,0.89,0.9,0.1,0.11,0.01,0.01,75737.17,1776803290000
1776803291.476,191.476,0.87,0.88,0.11,0.13,0.01,0.02,75737.17,1776803290000
1776803291.883,191.883,0.87,0.88,0.12,0.13,0.01,0.01,75737.17,1776803290000
1776803292.386,192.386,0.87,0.88,0.12,0.13,0.01,0.01,75734.96,1776803291000
1776803292.745,192.745,0.87,0.88,0.12,0.13,0.01,0.01,75734.96,1776803291000
1776803293.482,193.482,0.87,0.88,0.12,0.13,0.01,0.01,75730.98,1776803292000
1776803293.911,193.911,0.87,0.88,0.12,0.13,0.01,0.01,75730.98,1776803292000
1776803294.542,194.542,0.86,0.87,0.13,0.14,0.01,0.01,75729.35,1776803293000
1776803294.877,194.877,0.82,0.83,0.17,0.18,0.01,0.01,75729.35,1776803293000
1776803295.222,195.222,0.82,0.83,0.17,0.18,0.01,0.01,75724.03,1776803294000
1776803295.573,195.573,0.82,0.83,0.17,0.18,0.01,0.01,75724.03,1776803294000
1776803296.104,196.104,0.82,0.83,0.17,0.18,0.01,0.01,75724.03,1776803294000
1776803296.638,196.638,0.81,0.83,0.17,0.18,0.02,0.01,75716.37,1776803295000
1776803297.044,197.044,0.81,0.82,0.18,0.19,0.01,0.01,75716.37,1776803295000
1776803297.463,197.463,0.81,0.82,0.18,0.19,0.01,0.01,75705.05,1776803296000
1776803297.872,197.872,0.81,0.82,0.18,0.19,0.01,0.01,75705.05,1776803296000
1776803298.249,198.249,0.81,0.82,0.18,0.19,0.01,0.01,75705.05,1776803296000
1776803298.789,198.789,0.81,0.82,0.18,0.19,0.01,0.01,75705.95,1776803297000
1776803299.153,199.153,0.81,0.82,0.18,0.19,0.01,0.01,75705.95,1776803297000
1776803299.642,199.642,0.81,0.82,0.18,0.19,0.01,0.01,75705.79,1776803298000
1776803300.046,200.046,0.81,0.82,0.18,0.19,0.01,0.01,75705.79,1776803298000
1776803300.497,200.497,0.81,0.83,0.18,0.19,0.02,0.01,75705.93,1776803299000
1776803300.928,200.928,0.82,0.83,0.17,0.18,0.01,0.01,75705.93,1776803299000
1776803301.273,201.273,0.82,0.83,0.17,0.18,0.01,0.01,75705.76,1776803300000
1776803301.611,201.611,0.82,0.84,0.17,0.18,0.02,0.01,75705.76,1776803300000
1776803301.956,201.956,0.83,0.84,0.16,0.17,0.01,0.01,75705.76,1776803300000
1776803302.44,202.44,0.83,0.85,0.16,0.17,0.02,0.01,75706.15,1776803301000
1776803302.859,202.859,0.84,0.85,0.15,0.16,0.01,0.01,75706.15,1776803301000
1776803303.258,203.258,0.86,0.88,0.12,0.14,0.02,0.02,75706.15,1776803301000
1776803303.619,203.619,0.86,0.88,0.13,0.14,0.02,0.01,75707.99,1776803302000
1776803303.999,203.999,0.87,0.88,0.12,0.13,0.01,0.01,75707.99,1776803302000
1776803304.535,204.535,0.87,0.88,0.12,0.13,0.01,0.01,75706.06,1776803303000
1776803304.972,204.972,0.87,0.88,0.12,0.13,0.01,0.01,75706.06,1776803303000
1776803305.31,205.31,0.87,0.88,0.12,0.13,0.01,0.01,75715.03,1776803304000
1776803305.7,205.7,0.87,0.88,0.12,0.13,0.01,0.01,75715.03,1776803304000
1776803306.251,206.251,0.87,0.88,0.12,0.13,0.01,0.01,75717.99,1776803305000
1776803306.806,206.806,0.87,0.88,0.12,0.13,0.01,0.01,75717.99,1776803305000
1776803307.146,207.146,0.87,0.88,0.12,0.13,0.01,0.01,75717.99,1776803305000
1776803307.54,207.54,0.87,0.88,0.12,0.13,0.01,0.01,75717.99,1776803306000
1776803307.879,207.879,0.87,0.88,0.12,0.13,0.01,0.01,75717.99,1776803306000
1776803308.212,208.212,0.87,0.88,0.12,0.13,0.01,0.01,75718.0,1776803307000
1776803308.558,208.558,0.8,0.82,0.18,0.2,0.02,0.02,75718.0,1776803307000
1776803308.901,208.901,0.8,0.81,0.19,0.2,0.01,0.01,75718.0,1776803307000
1776803309.249,209.249,0.8,0.81,0.19,0.2,0.01,0.01,75717.99,1776803308000
1776803309.69,209.69,0.78,0.79,0.21,0.22,0.01,0.01,75717.99,1776803308000
1776803310.071,210.071,0.78,0.79,0.21,0.22,0.01,0.01,75717.99,1776803308000
1776803310.466,210.466,0.78,0.79,0.21,0.22,0.01,0.01,75702.48,1776803309000
1776803310.805,210.805,0.79,0.8,0.2,0.21,0.01,0.01,75702.48,1776803309000
1776803311.189,211.189,0.79,0.8,0.2,0.21,0.01,0.01,75702.48,1776803309000
1776803311.524,211.524,0.79,0.8,0.2,0.21,0.01,0.01,75699.46,1776803310000
1776803311.977,211.977,0.79,0.8,0.2,0.21,0.01,0.01,75699.46,1776803310000
1776803312.329,212.329,0.79,0.8,0.2,0.21,0.01,0.01,75699.46,1776803310000
1776803312.769,212.769,0.79,0.8,0.2,0.21,0.01,0.01,75697.07,1776803311000
1776803313.15,213.15,0.76,0.77,0.23,0.24,0.01,0.01,75697.07,1776803312000
1776803313.523,213.523,0.75,0.76,0.24,0.25,0.01,0.01,75697.07,1776803312000
1776803314.075,214.075,0.75,0.77,0.23,0.25,0.02,0.02,75697.15,1776803313000
1776803314.442,214.442,0.76,0.77,0.23,0.24,0.01,0.01,75697.15,1776803313000
1776803314.891,214.891,0.77,0.78,0.22,0.23,0.01,0.01,75697.15,1776803313000
1776803315.243,215.243,0.77,0.78,0.22,0.23,0.01,0.01,75692.05,1776803314000
1776803315.632,215.632,0.77,0.78,0.22,0.23,0.01,0.01,75692.05,1776803314000
1776803315.972,215.972,0.77,0.78,0.22,0.23,0.01,0.01,75692.05,1776803314000
1776803316.393,216.393,0.75,0.76,0.23,0.25,0.01,0.02,75692.05,1776803314000
1776803316.726,216.726,0.75,0.76,0.24,0.25,0.01,0.01,75690.84,1776803315000
1776803317.096,217.096,0.75,0.76,0.24,0.25,0.01,0.01,75690.84,1776803315000
1776803317.456,217.456,0.76,0.77,0.24,0.25,0.01,0.01,75690.84,1776803315000
1776803317.803,217.803,0.77,0.78,0.22,0.23,0.01,0.01,75686.49,1776803316000
1776803318.146,218.146,0.77,0.78,0.22,0.23,0.01,0.01,75689.07,1776803317000
1776803318.504,218.504,0.78,0.79,0.21,0.23,0.01,0.02,75689.07,1776803317000
1776803318.93,218.93,0.78,0.79,0.21,0.22,0.01,0.01,75689.07,1776803317000
1776803319.372,219.372,0.8,0.81,0.19,0.2,0.01,0.01,75689.07,1776803318000
1776803319.727,219.727,0.8,0.81,0.19,0.2,0.01,0.01,75689.07,1776803318000
1776803320.2,220.2,0.8,0.81,0.19,0.2,0.01,0.01,75689.07,1776803318000
1776803320.69,220.69,0.8,0.81,0.19,0.2,0.01,0.01,75687.31,1776803319000
1776803321.131,221.131,0.8,0.81,0.19,0.2,0.01,0.01,75687.31,1776803319000
1776803321.603,221.603,0.8,0.81,0.19,0.2,0.01,0.01,75693.36,1776803320000
1776803322.035,222.035,0.8,0.81,0.19,0.2,0.01,0.01,75693.36,1776803320000
1776803322.594,222.594,0.8,0.81,0.19,0.2,0.01,0.01,75691.47,1776803321000
1776803323.009,223.009,0.8,0.81,0.19,0.2,0.01,0.01,75691.47,1776803321000
1776803323.463,223.463,0.79,0.81,0.19,0.2,0.02,0.01,75694.13,1776803322000
1776803323.875,223.875,0.79,0.8,0.2,0.21,0.01,0.01,75694.13,1776803322000
1776803324.387,224.387,0.79,0.8,0.2,0.21,0.01,0.01,75694.13,1776803322000
1776803324.776,224.776,0.79,0.8,0.2,0.21,0.01,0.01,75691.66,1776803323000
1776803325.172,225.172,0.78,0.79,0.21,0.22,0.01,0.01,75691.13,1776803324000
1776803325.602,225.602,0.78,0.79,0.21,0.22,0.01,0.01,75691.13,1776803324000
1776803326.135,226.135,0.78,0.79,0.21,0.22,0.01,0.01,75691.13,1776803324000
1776803326.679,226.679,0.8,0.81,0.19,0.22,0.01,0.03,75691.13,1776803324000
1776803327.171,227.171,0.8,0.81,0.18,0.2,0.01,0.02,75690.69,1776803325000
1776803327.543,227.543,0.8,0.81,0.19,0.2,0.01,0.01,75690.69,1776803325000
1776803328.049,228.049,0.8,0.81,0.19,0.2,0.01,0.01,75690.73,1776803327000
1776803328.432,228.432,0.8,0.81,0.19,0.2,0.01,0.01,75690.73,1776803327000
1776803328.802,228.802,0.8,0.81,0.19,0.2,0.01,0.01,75690.73,1776803327000
1776803329.201,229.201,0.8,0.81,0.19,0.2,0.01,0.01,75690.73,1776803327000
1776803329.548,229.548,0.82,0.83,0.17,0.18,0.01,0.01,75690.73,1776803327000
1776803329.989,229.989,0.82,0.83,0.17,0.18,0.01,0.01,75690.73,1776803327000
1776803330.532,230.532,0.82,0.83,0.17,0.18,0.01,0.01,75690.17,1776803328000
1776803331.207,231.207,0.83,0.84,0.17,0.18,0.01,0.01,75688.03,1776803329000
1776803331.771,231.771,0.84,0.85,0.15,0.17,0.01,0.02,75687.86,1776803330000
1776803332.679,232.679,0.84,0.85,0.15,0.16,0.01,0.01,75687.88,1776803331000
1776803333.075,233.075,0.84,0.85,0.15,0.16,0.01,0.01,75687.88,1776803331000
1776803333.455,233.455,0.82,0.83,0.16,0.17,0.01,0.01,75687.88,1776803331000
1776803333.947,233.947,0.82,0.83,0.17,0.18,0.01,0.01,75690.1,1776803332000
1776803334.341,234.341,0.82,0.83,0.17,0.18,0.01,0.01,75689.03,1776803333000
1776803334.818,234.818,0.79,0.8,0.2,0.22,0.01,0.02,75689.03,1776803333000
1776803335.629,235.629,0.79,0.8,0.2,0.21,0.01,0.01,75694.1,1776803334000
1776803336.38,236.38,0.79,0.8,0.2,0.21,0.01,0.01,75689.02,1776803335000
1776803337.019,237.019,0.79,0.8,0.2,0.21,0.01,0.01,75689.02,1776803335000
1776803337.471,237.471,0.79,0.8,0.2,0.21,0.01,0.01,75689.02,1776803336000
1776803337.811,237.811,0.79,0.8,0.2,0.21,0.01,0.01,75689.02,1776803336000
1776803338.238,238.238,0.79,0.8,0.2,0.21,0.01,0.01,75689.02,1776803336000
1776803338.586,238.586,0.79,0.8,0.2,0.21,0.01,0.01,75689.01,1776803337000
1776803339.03,239.03,0.79,0.81,0.2,0.21,0.02,0.01,75689.01,1776803337000
1776803339.444,239.444,0.8,0.81,0.19,0.2,0.01,0.01,75689.01,1776803337000
1776803339.956,239.956,0.8,0.81,0.19,0.2,0.01,0.01,75689.03,1776803338000
1776803340.515,240.515,0.8,0.81,0.19,0.2,0.01,0.01,75689.03,1776803339000
1776803341.088,241.088,0.81,0.82,0.18,0.19,0.01,0.01,75689.03,1776803339000
1776803341.453,241.453,0.81,0.82,0.18,0.19,0.01,0.01,75689.04,1776803340000
1776803341.795,241.795,0.81,0.82,0.18,0.19,0.01,0.01,75689.04,1776803340000
1776803342.175,242.175,0.81,0.82,0.18,0.19,0.01,0.01,75689.04,1776803340000
1776803342.595,242.595,0.81,0.82,0.18,0.19,0.01,0.01,75689.04,1776803341000
1776803342.964,242.964,0.81,0.82,0.18,0.19,0.01,0.01,75689.04,1776803341000
1776803343.505,243.505,0.83,0.84,0.16,0.19,0.01,0.03,75689.08,1776803342000
1776803343.889,243.889,0.83,0.84,0.16,0.17,0.01,0.01,75689.08,1776803342000
1776803344.292,244.292,0.83,0.84,0.16,0.17,0.01,0.01,75689.08,1776803342000
1776803344.929,244.929,0.84,0.85,0.15,0.16,0.01,0.01,75689.06,1776803343000
1776803345.279,245.279,0.82,0.85,0.15,0.18,0.03,0.03,75689.04,1776803344000
1776803345.614,245.614,0.74,0.75,0.25,0.26,0.01,0.01,75689.04,1776803344000
1776803345.95,245.95,0.74,0.75,0.25,0.26,0.01,0.01,75689.04,1776803344000
1776803346.283,246.283,0.74,0.78,0.22,0.26,0.04,0.04,75689.04,1776803345000
1776803346.761,246.761,0.81,0.83,0.17,0.23,0.02,0.06,75689.04,1776803345000
1776803347.199,247.199,0.82,0.83,0.17,0.18,0.01,0.01,75689.04,1776803345000
1776803347.539,247.539,0.83,0.84,0.16,0.18,0.01,0.02,75689.04,1776803345000
1776803347.913,247.913,0.83,0.84,0.16,0.17,0.01,0.01,75679.14,1776803346000
1776803348.26,248.26,0.84,0.85,0.15,0.17,0.01,0.02,75679.14,1776803346000
1776803348.725,248.725,0.84,0.85,0.15,0.16,0.01,0.01,75679.03,1776803347000
1776803349.094,249.094,0.8,0.81,0.18,0.19,0.01,0.01,75679.03,1776803347000
1776803349.474,249.474,0.73,0.74,0.26,0.27,0.01,0.01,75679.03,1776803347000
1776803349.818,249.818,0.73,0.75,0.26,0.27,0.02,0.01,75679.21,1776803348000
1776803350.153,250.153,0.73,0.74,0.26,0.27,0.01,0.01,75679.21,1776803348000
1776803350.606,250.606,0.74,0.76,0.25,0.26,0.02,0.01,75682.27,1776803349000
1776803351.142,251.142,0.75,0.76,0.24,0.25,0.01,0.01,75682.27,1776803349000
1776803351.57,251.57,0.75,0.77,0.24,0.25,0.02,0.01,75673.47,1776803350000
1776803352.049,252.049,0.75,0.76,0.23,0.24,0.01,0.01,75673.47,1776803350000
1776803352.399,252.399,0.76,0.77,0.24,0.25,0.01,0.01,75673.47,1776803350000
1776803352.83,252.83,0.76,0.77,0.23,0.24,0.01,0.01,75673.02,1776803351000
1776803353.373,253.373,0.75,0.76,0.24,0.25,0.01,0.01,75673.02,1776803352000
1776803353.729,253.729,0.77,0.78,0.23,0.24,0.01,0.01,75673.02,1776803352000
1776803354.12,254.12,0.77,0.78,0.22,0.23,0.01,0.01,75673.04,1776803353000
1776803354.559,254.559,0.77,0.78,0.22,0.23,0.01,0.01,75673.04,1776803353000
1776803354.923,254.923,0.77,0.79,0.22,0.23,0.02,0.01,75673.04,1776803353000
1776803355.29,255.29,0.77,0.79,0.22,0.23,0.02,0.01,75673.19,1776803354000
1776803355.88,255.88,0.78,0.79,0.21,0.22,0.01,0.01,75673.19,1776803354000
1776803356.32,256.32,0.78,0.79,0.21,0.22,0.01,0.01,75673.06,1776803355000
1776803356.705,256.705,0.78,0.79,0.21,0.22,0.01,0.01,75673.06,1776803355000
1776803357.314,257.314,0.78,0.79,0.21,0.22,0.01,0.01,75673.06,1776803355000
1776803357.694,257.694,0.78,0.79,0.21,0.22,0.01,0.01,75673.06,1776803355000
1776803358.114,258.114,0.79,0.8,0.2,0.22,0.01,0.02,75673.06,1776803356000
1776803358.608,258.608,0.79,0.8,0.2,0.21,0.01,0.01,75673.06,1776803356000
1776803359.194,259.194,0.79,0.8,0.2,0.21,0.01,0.01,75673.06,1776803358000
1776803359.628,259.628,0.79,0.8,0.2,0.21,0.01,0.01,75673.06,1776803358000
1776803360.223,260.223,0.78,0.79,0.2,0.21,0.01,0.01,75673.06,1776803358000
1776803360.607,260.607,0.76,0.79,0.21,0.23,0.03,0.02,75673.06,1776803359000
1776803361.277,261.277,0.74,0.76,0.24,0.25,0.02,0.01,75673.06,1776803359000
1776803361.618,261.618,0.74,0.76,0.24,0.26,0.02,0.02,75673.1,1776803360000
1776803362.048,262.048,0.7,0.75,0.25,0.3,0.05,0.05,75673.1,1776803360000
1776803362.533,262.533,0.66,0.7,0.29,0.36,0.04,0.07,75673.02,1776803361000
1776803362.872,262.872,0.61,0.62,0.38,0.39,0.01,0.01,75673.02,1776803361000
1776803363.211,263.211,0.66,0.67,0.33,0.34,0.01,0.01,75664.97,1776803362000
1776803363.64,263.64,0.65,0.66,0.34,0.35,0.01,0.01,75664.97,1776803362000
1776803364.018,264.018,0.66,0.67,0.33,0.35,0.01,0.02,75664.97,1776803362000
1776803364.413,264.413,0.71,0.72,0.28,0.29,0.01,0.01,75664.73,1776803363000
1776803364.827,264.827,0.71,0.72,0.28,0.29,0.01,0.01,75664.73,1776803363000
1776803365.186,265.186,0.71,0.72,0.28,0.29,0.01,0.01,75664.73,1776803363000
1776803365.555,265.555,0.71,0.72,0.28,0.29,0.01,0.01,75664.19,1776803364000
1776803365.906,265.906,0.69,0.72,0.28,0.29,0.03,0.01,75664.19,1776803364000
1776803366.247,266.247,0.69,0.7,0.3,0.31,0.01,0.01,75664.73,1776803365000
1776803366.58,266.58,0.69,0.7,0.3,0.31,0.01,0.01,75664.73,1776803365000
1776803366.928,266.928,0.69,0.7,0.3,0.31,0.01,0.01,75664.73,1776803365000
1776803367.28,267.28,0.68,0.72,0.3,0.31,0.04,0.01,75663.95,1776803366000
1776803367.656,267.656,0.69,0.7,0.29,0.32,0.01,0.03,75663.95,1776803366000
1776803368.215,268.215,0.7,0.71,0.29,0.3,0.01,0.01,75661.26,1776803367000
1776803368.596,268.596,0.64,0.65,0.35,0.36,0.01,0.01,75661.26,1776803367000
1776803368.931,268.931,0.64,0.65,0.35,0.36,0.01,0.01,75661.26,1776803367000
1776803369.327,269.327,0.37,0.65,0.35,0.36,0.28,0.01,75661.26,1776803367000
1776803369.666,269.666,0.64,0.65,0.35,0.36,0.01,0.01,75661.26,1776803368000
1776803370.037,270.037,0.59,0.6,0.4,0.41,0.01,0.01,75661.26,1776803368000
1776803370.495,270.495,0.6,0.61,0.39,0.4,0.01,0.01,75657.34,1776803369000
1776803370.946,270.946,0.61,0.62,0.38,0.39,0.01,0.01,75657.34,1776803369000
1776803371.326,271.326,0.61,0.62,0.38,0.39,0.01,0.01,75657.34,1776803369000
1776803371.936,271.936,0.62,0.63,0.37,0.39,0.01,0.02,75655.55,1776803370000
1776803372.311,272.311,0.62,0.63,0.37,0.38,0.01,0.01,75655.55,1776803370000
1776803372.688,272.688,0.62,0.63,0.37,0.38,0.01,0.01,75655.44,1776803371000
1776803373.139,273.139,0.63,0.65,0.36,0.37,0.02,0.01,75655.44,1776803371000
1776803373.906,273.906,0.65,0.66,0.34,0.36,0.01,0.02,75655.47,1776803372000
1776803374.301,274.301,0.71,0.72,0.19,0.32,0.01,0.13,75655.47,1776803372000
1776803374.644,274.644,0.71,0.72,0.28,0.29,0.01,0.01,75655.47,1776803372000
1776803375.078,275.078,0.71,0.72,0.28,0.29,0.01,0.01,75656.63,1776803374000
1776803375.509,275.509,0.71,0.72,0.28,0.29,0.01,0.01,75656.63,1776803374000
1776803375.847,275.847,0.71,0.72,0.28,0.29,0.01,0.01,75656.63,1776803374000
1776803376.294,276.294,0.67,0.68,0.32,0.33,0.01,0.01,75659.79,1776803375000
1776803376.647,276.647,0.71,0.72,0.27,0.33,0.01,0.06,75659.79,1776803375000
1776803377.019,277.019,0.71,0.72,0.28,0.29,0.01,0.01,75660.79,1776803376000
1776803377.476,277.476,0.7,0.71,0.29,0.3,0.01,0.01,75660.79,1776803376000
1776803378.036,278.036,0.69,0.71,0.3,0.32,0.02,0.02,75660.79,1776803376000
1776803378.584,278.584,0.7,0.71,0.29,0.3,0.01,0.01,75659.57,1776803377000
1776803379.01,279.01,0.7,0.71,0.29,0.3,0.01,0.01,75659.57,1776803377000
1776803379.4,279.4,0.7,0.73,0.29,0.3,0.03,0.01,75659.01,1776803378000
1776803379.974,279.974,0.72,0.77,0.27,0.28,0.05,0.01,75659.01,1776803378000
1776803380.458,280.458,0.76,0.77,0.23,0.24,0.01,0.01,75657.69,1776803379000
1776803380.893,280.893,0.78,0.79,0.22,0.24,0.01,0.02,75657.69,1776803379000
1776803381.307,281.307,0.78,0.79,0.21,0.22,0.01,0.01,75657.48,1776803380000
1776803381.641,281.641,0.78,0.79,0.21,0.22,0.01,0.01,75657.48,1776803380000
1776803382.03,282.03,0.78,0.79,0.21,0.22,0.01,0.01,75657.48,1776803380000
1776803382.396,282.396,0.78,0.79,0.21,0.22,0.01,0.01,75657.48,1776803381000
1776803382.757,282.757,0.77,0.8,0.2,0.21,0.03,0.01,75657.48,1776803381000
1776803383.099,283.099,0.62,0.63,0.37,0.38,0.01,0.01,75657.48,1776803381000
1776803383.438,283.438,0.55,0.56,0.44,0.45,0.01,0.01,75661.07,1776803382000
1776803383.841,283.841,0.56,0.61,0.43,0.44,0.05,0.01,75661.07,1776803382000
1776803384.2,284.2,0.6,0.61,0.39,0.4,0.01,0.01,75661.07,1776803383000
1776803384.6,284.6,0.6,0.61,0.39,0.4,0.01,0.01,75661.07,1776803383000
1776803384.985,284.985,0.51,0.52,0.48,0.49,0.01,0.01,75661.07,1776803383000
1776803385.324,285.324,0.5,0.51,0.49,0.5,0.01,0.01,75661.07,1776803383000
1776803385.675,285.675,0.5,0.51,0.49,0.5,0.01,0.01,75650.0,1776803384000
1776803386.012,286.012,0.49,0.5,0.5,0.51,0.01,0.01,75650.0,1776803384000
1776803386.351,286.351,0.51,0.52,0.48,0.49,0.01,0.01,75650.0,1776803384000
1776803386.725,286.725,0.49,0.5,0.5,0.51,0.01,0.01,75650.0,1776803384000
1776803387.071,287.071,0.49,0.5,0.5,0.51,0.01,0.01,75650.0,1776803384000
1776803387.463,287.463,0.57,0.58,0.42,0.43,0.01,0.01,75645.72,1776803385000
1776803387.825,287.825,0.56,0.57,0.44,0.46,0.01,0.02,75645.64,1776803386000
1776803388.161,288.161,0.54,0.55,0.45,0.46,0.01,0.01,75645.64,1776803386000
1776803388.545,288.545,0.54,0.57,0.46,0.47,0.03,0.01,75645.64,1776803386000
1776803388.914,288.914,0.71,0.72,0.28,0.29,0.01,0.01,75645.64,1776803386000
1776803389.248,289.248,0.71,0.72,0.28,0.29,0.01,0.01,75645.58,1776803387000
1776803389.645,289.645,0.71,0.72,0.28,0.29,0.01,0.01,75645.58,1776803387000
1776803390.297,290.297,0.71,0.72,0.28,0.29,0.01,0.01,75646.04,1776803388000
1776803390.728,290.728,0.84,0.85,0.15,0.16,0.01,0.01,75646.04,1776803388000
1776803391.085,291.085,0.85,0.89,0.14,0.15,0.04,0.01,75646.04,1776803388000
1776803391.476,291.476,0.84,0.85,0.14,0.21,0.01,0.07,75650.49,1776803389000
1776803391.829,291.829,0.84,0.85,0.16,0.19,0.01,0.03,75650.49,1776803389000
1776803392.26,292.26,0.84,0.85,0.15,0.16,0.01,0.01,75652.18,1776803390000
1776803392.754,292.754,0.84,0.85,0.15,0.16,0.01,0.01,75652.18,1776803390000
1776803393.113,293.113,0.89,0.9,0.1,0.11,0.01,0.01,75652.18,1776803390000
1776803393.488,293.488,0.89,0.9,0.1,0.11,0.01,0.01,75654.03,1776803391000
1776803393.909,293.909,0.87,0.89,0.1,0.16,0.02,0.06,75655.13,1776803392000
1776803394.257,294.257,0.86,0.88,0.12,0.13,0.02,0.01,75655.13,1776803392000
1776803394.639,294.639,0.86,0.87,0.13,0.14,0.01,0.01,75655.61,1776803393000
1776803394.988,294.988,0.86,0.88,0.11,0.14,0.02,0.03,75655.61,1776803393000
1776803395.337,295.337,0.87,0.91,0.09,0.13,0.04,0.04,75657.01,1776803394000
1776803395.674,295.674,0.88,0.89,0.11,0.12,0.01,0.01,75657.01,1776803394000
1776803396.008,296.008,0.88,0.91,0.09,0.12,0.03,0.03,75657.01,1776803394000
1776803396.345,296.345,0.97,0.98,0.05,0.06,0.01,0.01,75657.01,1776803394000
1776803396.69,296.69,0.97,0.99,0.01,0.03,0.02,0.02,75657.01,1776803395000
1776803397.023,297.023,0.97,0.98,0.02,0.05,0.01,0.03,75657.01,1776803395000
1776803397.368,297.368,0.98,0.99,0.01,0.02,0.01,0.01,75657.02,1776803396000
1776803397.744,297.744,0.98,0.99,0.01,0.02,0.01,0.01,75657.02,1776803396000
1776803398.079,298.079,0.98,0.99,0.01,0.02,0.01,0.01,75657.02,1776803396000
1776803398.44,298.44,0.99,0.99,0.01,0.01,0.0,0.0,75657.02,1776803396000
1776803398.81,298.81,0.99,0.99,0.01,0.01,0.0,0.0,75657.03,1776803397000
1776803399.147,299.147,0.99,0.99,0.01,0.01,0.0,0.0,75659.74,1776803398000
1776803399.552,299.552,0.99,0.99,0.01,0.01,0.0,0.0,75659.74,1776803398000
1776803400.03,300.03,0.99,0.99,0.01,0.01,0.0,0.0,75659.74,1776803398000
1776803400.369,300.369,0.99,0.99,0.01,0.01,0.0,0.0,75663.86,1776803399000
1776803400.763,300.763,0.99,0.99,0.01,0.01,0.0,0.0,75663.86,1776803399000

# RESULT,winner=Up,slug=btc-updown-5m-1776803100,ticks=713
