timestamp,elapsed_sec,up_bid,up_ask,down_bid,down_ask,up_spread,down_spread,btc_price,btc_oracle_ts
1776993300.61,0.61,0.54,0.55,0.45,0.46,0.01,0.01,78180.45,1776993299000
1776993300.968,0.968,0.53,0.54,0.46,0.47,0.01,0.01,78180.45,1776993300000
1776993301.626,1.626,0.53,0.54,0.46,0.47,0.01,0.01,78180.45,1776993300000
1776993302.243,2.243,0.53,0.54,0.45,0.47,0.01,0.02,78180.45,1776993300000
1776993302.583,2.583,0.53,0.56,0.44,0.47,0.03,0.03,78181.45,1776993301000
1776993302.941,2.941,0.55,0.57,0.43,0.46,0.02,0.03,78181.45,1776993301000
1776993303.359,3.359,0.55,0.57,0.43,0.45,0.02,0.02,78182.56,1776993302000
1776993303.707,3.707,0.57,0.6,0.41,0.43,0.03,0.02,78182.56,1776993302000
1776993304.119,4.119,0.57,0.6,0.4,0.43,0.03,0.03,78182.56,1776993302000
1776993304.468,4.468,0.59,0.62,0.4,0.41,0.03,0.01,78191.73,1776993303000
1776993304.927,4.927,0.64,0.65,0.35,0.36,0.01,0.01,78191.73,1776993303000
1776993305.317,5.317,0.64,0.65,0.35,0.36,0.01,0.01,78195.75,1776993304000
1776993305.783,5.783,0.65,0.66,0.34,0.35,0.01,0.01,78195.75,1776993304000
1776993306.146,6.146,0.65,0.66,0.34,0.35,0.01,0.01,78195.75,1776993304000
1776993306.531,6.531,0.65,0.66,0.34,0.35,0.01,0.01,78201.06,1776993305000
1776993306.979,6.979,0.6,0.62,0.36,0.39,0.02,0.03,78201.06,1776993305000
1776993307.326,7.326,0.59,0.6,0.39,0.41,0.01,0.02,78201.93,1776993306000
1776993307.717,7.717,0.59,0.6,0.4,0.41,0.01,0.01,78201.93,1776993306000
1776993308.081,8.081,0.59,0.6,0.4,0.41,0.01,0.01,78202.61,1776993307000
1776993309.078,9.078,0.53,0.54,0.46,0.47,0.01,0.01,78202.61,1776993307000
1776993309.642,9.642,0.53,0.54,0.46,0.47,0.01,0.01,78198.14,1776993308000
1776993310.262,10.262,0.52,0.54,0.46,0.47,0.02,0.01,78198.14,1776993308000
1776993310.611,10.611,0.53,0.54,0.46,0.47,0.01,0.01,78188.3,1776993309000
1776993311.489,11.489,0.52,0.53,0.47,0.48,0.01,0.01,78187.82,1776993310000
1776993311.998,11.998,0.52,0.53,0.47,0.48,0.01,0.01,78187.82,1776993310000
1776993312.744,12.744,0.52,0.53,0.47,0.48,0.01,0.01,78185.28,1776993311000
1776993313.079,13.079,0.52,0.53,0.47,0.48,0.01,0.01,78184.69,1776993312000
1776993313.428,13.428,0.52,0.53,0.47,0.48,0.01,0.01,78184.69,1776993312000
1776993314.197,14.197,0.52,0.53,0.47,0.48,0.01,0.01,78184.7,1776993313000
1776993314.683,14.683,0.52,0.53,0.47,0.48,0.01,0.01,78184.7,1776993313000
1776993315.331,15.331,0.52,0.53,0.47,0.48,0.01,0.01,78183.46,1776993314000
1776993316.221,16.221,0.52,0.53,0.47,0.48,0.01,0.01,78183.46,1776993314000
1776993317.065,17.065,0.52,0.53,0.47,0.48,0.01,0.01,78184.05,1776993315000
1776993317.56,17.56,0.52,0.53,0.47,0.48,0.01,0.01,78184.05,1776993315000
1776993318.128,18.128,0.52,0.53,0.47,0.48,0.01,0.01,78183.43,1776993316000
1776993318.481,18.481,0.52,0.53,0.47,0.48,0.01,0.01,78183.19,1776993317000
1776993319.132,19.132,0.52,0.53,0.47,0.48,0.01,0.01,78183.19,1776993317000
1776993320.146,20.146,0.52,0.53,0.47,0.48,0.01,0.01,78182.66,1776993318000
1776993320.529,20.529,0.52,0.53,0.47,0.48,0.01,0.01,78183.29,1776993319000
1776993320.993,20.993,0.52,0.53,0.47,0.48,0.01,0.01,78183.28,1776993320000
1776993321.448,21.448,0.52,0.53,0.47,0.48,0.01,0.01,78183.28,1776993320000
1776993321.887,21.887,0.52,0.53,0.47,0.48,0.01,0.01,78183.28,1776993320000
1776993322.263,22.263,0.52,0.53,0.47,0.48,0.01,0.01,78183.27,1776993321000
1776993322.715,22.715,0.52,0.53,0.47,0.48,0.01,0.01,78183.27,1776993321000
1776993323.341,23.341,0.52,0.53,0.47,0.48,0.01,0.01,78183.27,1776993322000
1776993323.692,23.692,0.52,0.53,0.47,0.48,0.01,0.01,78183.27,1776993322000
1776993324.148,24.148,0.51,0.53,0.47,0.48,0.02,0.01,78183.27,1776993322000
1776993324.502,24.502,0.51,0.52,0.48,0.49,0.01,0.01,78182.94,1776993323000
1776993324.846,24.846,0.51,0.52,0.48,0.49,0.01,0.01,78182.94,1776993323000
1776993325.205,25.205,0.51,0.52,0.48,0.49,0.01,0.01,78182.94,1776993323000
1776993325.87,25.87,0.51,0.52,0.48,0.49,0.01,0.01,78183.27,1776993324000
1776993326.494,26.494,0.51,0.52,0.48,0.49,0.01,0.01,78183.28,1776993325000
1776993326.976,26.976,0.51,0.52,0.48,0.49,0.01,0.01,78182.03,1776993326000
1776993327.449,27.449,0.51,0.52,0.48,0.49,0.01,0.01,78182.03,1776993326000
1776993327.802,27.802,0.51,0.52,0.48,0.49,0.01,0.01,78182.03,1776993326000
1776993328.595,28.595,0.51,0.52,0.48,0.49,0.01,0.01,78182.11,1776993327000
1776993329.178,29.178,0.51,0.52,0.48,0.49,0.01,0.01,78181.34,1776993328000
1776993329.554,29.554,0.51,0.56,0.48,0.49,0.05,0.01,78181.34,1776993328000
1776993329.899,29.899,0.51,0.52,0.48,0.49,0.01,0.01,78181.34,1776993328000
1776993330.522,30.522,0.51,0.52,0.48,0.49,0.01,0.01,78181.34,1776993329000
1776993331.324,31.324,0.51,0.53,0.48,0.49,0.02,0.01,78181.34,1776993329000
1776993331.671,31.671,0.54,0.56,0.44,0.46,0.02,0.02,78183.15,1776993330000
1776993332.036,32.036,0.54,0.55,0.45,0.46,0.01,0.01,78183.15,1776993330000
1776993332.409,32.409,0.54,0.55,0.45,0.46,0.01,0.01,78183.15,1776993330000
1776993332.752,32.752,0.54,0.55,0.45,0.46,0.01,0.01,78181.28,1776993331000
1776993333.117,33.117,0.54,0.55,0.45,0.46,0.01,0.01,78183.15,1776993332000
1776993333.546,33.546,0.54,0.55,0.45,0.46,0.01,0.01,78183.15,1776993332000
1776993334.007,34.007,0.54,0.55,0.45,0.46,0.01,0.01,78185.81,1776993333000
1776993334.408,34.408,0.54,0.55,0.45,0.46,0.01,0.01,78185.81,1776993333000
1776993334.876,34.876,0.54,0.55,0.45,0.46,0.01,0.01,78185.81,1776993333000
1776993335.776,35.776,0.54,0.55,0.45,0.46,0.01,0.01,78185.81,1776993334000
1776993336.117,36.117,0.54,0.55,0.45,0.46,0.01,0.01,78185.79,1776993335000
1776993336.541,36.541,0.54,0.55,0.45,0.46,0.01,0.01,78185.79,1776993335000
1776993336.978,36.978,0.54,0.55,0.45,0.46,0.01,0.01,78185.79,1776993335000
1776993337.432,37.432,0.54,0.55,0.45,0.46,0.01,0.01,78186.72,1776993336000
1776993337.962,37.962,0.54,0.55,0.45,0.46,0.01,0.01,78186.72,1776993336000
1776993338.381,38.381,0.54,0.55,0.45,0.46,0.01,0.01,78186.72,1776993337000
1776993338.754,38.754,0.54,0.55,0.45,0.46,0.01,0.01,78186.72,1776993337000
1776993339.278,39.278,0.54,0.55,0.45,0.46,0.01,0.01,78186.72,1776993337000
1776993340.393,40.393,0.54,0.55,0.45,0.46,0.01,0.01,78187.21,1776993339000
1776993340.731,40.731,0.54,0.55,0.45,0.46,0.01,0.01,78187.21,1776993339000
1776993341.678,41.678,0.54,0.55,0.45,0.46,0.01,0.01,78187.2,1776993340000
1776993342.169,42.169,0.54,0.55,0.45,0.46,0.01,0.01,78187.21,1776993341000
1776993342.527,42.527,0.54,0.55,0.45,0.46,0.01,0.01,78187.21,1776993341000
1776993342.982,42.982,0.54,0.55,0.45,0.46,0.01,0.01,78186.68,1776993342000
1776993343.945,43.945,0.53,0.55,0.45,0.46,0.02,0.01,78186.68,1776993342000
1776993344.411,44.411,0.5,0.54,0.46,0.5,0.04,0.04,78185.29,1776993343000
1776993344.937,44.937,0.54,0.55,0.45,0.46,0.01,0.01,78185.29,1776993343000
1776993345.273,45.273,0.54,0.55,0.45,0.46,0.01,0.01,78183.42,1776993344000
1776993345.649,45.649,0.54,0.55,0.45,0.46,0.01,0.01,78183.42,1776993344000
1776993346.166,46.166,0.52,0.55,0.45,0.46,0.03,0.01,78183.42,1776993344000
1776993346.57,46.57,0.52,0.53,0.47,0.48,0.01,0.01,78183.06,1776993345000
1776993347.138,47.138,0.52,0.53,0.47,0.48,0.01,0.01,78183.06,1776993345000
1776993347.619,47.619,0.52,0.53,0.47,0.48,0.01,0.01,78183.42,1776993346000
1776993348.269,48.269,0.53,0.54,0.46,0.47,0.01,0.01,78182.83,1776993347000
1776993348.61,48.61,0.53,0.54,0.46,0.47,0.01,0.01,78182.83,1776993347000
1776993349.136,49.136,0.53,0.54,0.46,0.47,0.01,0.01,78182.83,1776993347000
1776993349.542,49.542,0.53,0.54,0.46,0.47,0.01,0.01,78183.08,1776993348000
1776993349.969,49.969,0.53,0.54,0.46,0.47,0.01,0.01,78183.08,1776993348000
1776993350.366,50.366,0.53,0.54,0.46,0.47,0.01,0.01,78183.73,1776993349000
1776993350.829,50.829,0.53,0.55,0.46,0.47,0.02,0.01,78183.73,1776993349000
1776993351.319,51.319,0.53,0.55,0.45,0.47,0.02,0.02,78183.87,1776993350000
1776993352.043,52.043,0.53,0.54,0.45,0.47,0.01,0.02,78183.87,1776993350000
1776993352.67,52.67,0.53,0.54,0.46,0.47,0.01,0.01,78185.83,1776993351000
1776993353.328,53.328,0.53,0.54,0.46,0.47,0.01,0.01,78185.31,1776993352000
1776993353.82,53.82,0.53,0.54,0.46,0.47,0.01,0.01,78185.31,1776993352000
1776993354.154,54.154,0.54,0.55,0.45,0.46,0.01,0.01,78185.31,1776993352000
1776993354.922,54.922,0.54,0.55,0.45,0.46,0.01,0.01,78187.53,1776993354000
1776993355.304,55.304,0.54,0.55,0.45,0.46,0.01,0.01,78187.53,1776993354000
1776993355.911,55.911,0.54,0.55,0.45,0.46,0.01,0.01,78189.0,1776993355000
1776993356.284,56.284,0.54,0.56,0.45,0.46,0.02,0.01,78189.0,1776993355000
1776993356.623,56.623,0.6,0.62,0.38,0.4,0.02,0.02,78189.0,1776993355000
1776993356.974,56.974,0.54,0.57,0.43,0.46,0.03,0.03,78189.35,1776993356000
1776993357.402,57.402,0.5,0.52,0.48,0.5,0.02,0.02,78189.35,1776993356000
1776993357.89,57.89,0.5,0.52,0.48,0.49,0.02,0.01,78189.35,1776993356000
1776993358.25,58.25,0.45,0.48,0.52,0.55,0.03,0.03,78189.35,1776993356000
1776993358.634,58.634,0.43,0.44,0.56,0.57,0.01,0.01,78189.35,1776993356000
1776993358.986,58.986,0.43,0.44,0.56,0.57,0.01,0.01,78186.87,1776993357000
1776993359.361,59.361,0.43,0.44,0.56,0.57,0.01,0.01,78184.49,1776993358000
1776993359.809,59.809,0.43,0.44,0.56,0.57,0.01,0.01,78184.49,1776993358000
1776993360.143,60.143,0.43,0.44,0.56,0.57,0.01,0.01,78176.77,1776993359000
1776993360.478,60.478,0.43,0.44,0.56,0.57,0.01,0.01,78176.77,1776993359000
1776993360.939,60.939,0.43,0.44,0.56,0.57,0.01,0.01,78176.77,1776993359000
1776993361.346,61.346,0.43,0.44,0.56,0.57,0.01,0.01,78173.02,1776993360000
1776993361.698,61.698,0.43,0.44,0.56,0.57,0.01,0.01,78173.02,1776993360000
1776993362.072,62.072,0.43,0.44,0.56,0.57,0.01,0.01,78173.02,1776993360000
1776993362.628,62.628,0.43,0.44,0.55,0.57,0.01,0.02,78172.62,1776993361000
1776993362.992,62.992,0.43,0.44,0.56,0.57,0.01,0.01,78172.62,1776993362000
1776993363.566,63.566,0.44,0.45,0.55,0.56,0.01,0.01,78172.62,1776993362000
1776993363.912,63.912,0.44,0.45,0.55,0.56,0.01,0.01,78172.62,1776993362000
1776993364.339,64.339,0.45,0.46,0.54,0.55,0.01,0.01,78170.45,1776993363000
1776993364.747,64.747,0.45,0.46,0.54,0.55,0.01,0.01,78170.45,1776993363000
1776993365.192,65.192,0.45,0.46,0.54,0.55,0.01,0.01,78169.15,1776993364000
1776993365.553,65.553,0.46,0.47,0.53,0.55,0.01,0.02,78169.15,1776993364000
1776993366.064,66.064,0.46,0.47,0.53,0.54,0.01,0.01,78169.15,1776993364000
1776993366.407,66.407,0.46,0.47,0.53,0.54,0.01,0.01,78169.19,1776993365000
1776993366.846,66.846,0.46,0.48,0.52,0.54,0.02,0.02,78169.19,1776993365000
1776993367.203,67.203,0.47,0.48,0.52,0.53,0.01,0.01,78169.19,1776993365000
1776993367.619,67.619,0.47,0.48,0.52,0.53,0.01,0.01,78169.69,1776993366000
1776993368.375,68.375,0.48,0.49,0.51,0.52,0.01,0.01,78168.98,1776993367000
1776993368.758,68.758,0.48,0.49,0.51,0.52,0.01,0.01,78168.98,1776993367000
1776993369.654,69.654,0.48,0.49,0.51,0.52,0.01,0.01,78169.67,1776993368000
1776993370.064,70.064,0.47,0.48,0.52,0.53,0.01,0.01,78169.67,1776993368000
1776993370.424,70.424,0.47,0.48,0.52,0.53,0.01,0.01,78170.04,1776993369000
1776993370.881,70.881,0.47,0.49,0.51,0.53,0.02,0.02,78170.04,1776993369000
1776993371.28,71.28,0.48,0.49,0.51,0.52,0.01,0.01,78169.35,1776993370000
1776993371.85,71.85,0.47,0.48,0.52,0.53,0.01,0.01,78169.35,1776993370000
1776993372.219,72.219,0.41,0.43,0.56,0.59,0.02,0.03,78169.35,1776993370000
1776993372.589,72.589,0.4,0.42,0.58,0.6,0.02,0.02,78160.43,1776993371000
1776993372.948,72.948,0.4,0.42,0.58,0.6,0.02,0.02,78160.43,1776993371000
1776993373.357,73.357,0.39,0.41,0.59,0.61,0.02,0.02,78160.43,1776993371000
1776993373.691,73.691,0.42,0.45,0.57,0.58,0.03,0.01,78163.99,1776993372000
1776993374.165,74.165,0.4,0.41,0.59,0.6,0.01,0.01,78163.99,1776993372000
1776993374.581,74.581,0.4,0.41,0.58,0.6,0.01,0.02,78165.06,1776993373000
1776993374.924,74.924,0.42,0.43,0.57,0.58,0.01,0.01,78165.06,1776993373000
1776993375.29,75.29,0.42,0.43,0.57,0.58,0.01,0.01,78165.06,1776993373000
1776993375.674,75.674,0.42,0.43,0.57,0.58,0.01,0.01,78165.81,1776993374000
1776993376.041,76.041,0.42,0.43,0.57,0.58,0.01,0.01,78165.81,1776993374000
1776993376.416,76.416,0.42,0.43,0.56,0.58,0.01,0.02,78166.32,1776993375000
1776993377.008,77.008,0.42,0.43,0.57,0.58,0.01,0.01,78166.32,1776993375000
1776993377.453,77.453,0.42,0.43,0.57,0.58,0.01,0.01,78166.32,1776993375000
1776993377.908,77.908,0.42,0.43,0.57,0.58,0.01,0.01,78165.9,1776993376000
1776993378.491,78.491,0.42,0.43,0.57,0.58,0.01,0.01,78165.89,1776993377000
1776993378.998,78.998,0.42,0.43,0.57,0.58,0.01,0.01,78165.89,1776993378000
1776993379.499,79.499,0.42,0.43,0.57,0.58,0.01,0.01,78165.89,1776993378000
1776993379.851,79.851,0.42,0.44,0.56,0.58,0.02,0.02,78165.89,1776993378000
1776993380.25,80.25,0.42,0.43,0.56,0.58,0.01,0.02,78164.78,1776993379000
1776993380.785,80.785,0.41,0.42,0.58,0.59,0.01,0.01,78164.78,1776993379000
1776993381.212,81.212,0.39,0.4,0.59,0.6,0.01,0.01,78164.78,1776993379000
1776993381.551,81.551,0.39,0.4,0.6,0.61,0.01,0.01,78165.65,1776993380000
1776993382.208,82.208,0.39,0.4,0.6,0.61,0.01,0.01,78165.65,1776993380000
1776993382.572,82.572,0.39,0.4,0.6,0.61,0.01,0.01,78164.98,1776993381000
1776993382.968,82.968,0.39,0.4,0.6,0.61,0.01,0.01,78164.96,1776993382000
1776993383.557,83.557,0.38,0.39,0.6,0.62,0.01,0.02,78164.96,1776993382000
1776993384.033,84.033,0.38,0.39,0.61,0.62,0.01,0.01,78164.62,1776993383000
1776993384.514,84.514,0.38,0.39,0.61,0.62,0.01,0.01,78164.62,1776993383000
1776993385.007,85.007,0.38,0.39,0.61,0.62,0.01,0.01,78164.62,1776993383000
1776993385.368,85.368,0.38,0.39,0.61,0.62,0.01,0.01,78164.72,1776993384000
1776993386.281,86.281,0.38,0.39,0.61,0.62,0.01,0.01,78164.76,1776993385000
1776993386.66,86.66,0.38,0.39,0.61,0.62,0.01,0.01,78164.76,1776993385000
1776993387.79,87.79,0.38,0.39,0.61,0.62,0.01,0.01,78164.83,1776993386000
1776993388.269,88.269,0.38,0.39,0.61,0.62,0.01,0.01,78164.83,1776993386000
1776993388.626,88.626,0.38,0.39,0.61,0.62,0.01,0.01,78164.66,1776993387000
1776993389.09,89.09,0.38,0.39,0.61,0.62,0.01,0.01,78164.66,1776993387000
1776993389.442,89.442,0.38,0.39,0.61,0.62,0.01,0.01,78164.66,1776993387000
1776993389.805,89.805,0.38,0.39,0.61,0.62,0.01,0.01,78164.21,1776993388000
1776993390.148,90.148,0.38,0.39,0.61,0.62,0.01,0.01,78164.21,1776993389000
1776993390.537,90.537,0.38,0.39,0.61,0.62,0.01,0.01,78164.21,1776993389000
1776993391.111,91.111,0.38,0.39,0.61,0.62,0.01,0.01,78164.21,1776993389000
1776993391.485,91.485,0.39,0.4,0.6,0.61,0.01,0.01,78164.21,1776993390000
1776993391.87,91.87,0.39,0.4,0.6,0.61,0.01,0.01,78164.21,1776993390000
1776993392.425,92.425,0.39,0.4,0.6,0.61,0.01,0.01,78164.8,1776993391000
1776993392.777,92.777,0.39,0.4,0.6,0.61,0.01,0.01,78164.8,1776993391000
1776993393.174,93.174,0.39,0.4,0.6,0.61,0.01,0.01,78164.9,1776993392000
1776993393.635,93.635,0.39,0.4,0.6,0.61,0.01,0.01,78164.9,1776993392000
1776993394.093,94.093,0.39,0.4,0.6,0.61,0.01,0.01,78164.9,1776993392000
1776993394.435,94.435,0.39,0.41,0.6,0.61,0.02,0.01,78164.89,1776993393000
1776993394.802,94.802,0.39,0.4,0.59,0.61,0.01,0.02,78164.89,1776993393000
1776993395.335,95.335,0.39,0.4,0.6,0.61,0.01,0.01,78164.71,1776993394000
1776993395.765,95.765,0.39,0.4,0.6,0.61,0.01,0.01,78164.71,1776993394000
1776993396.233,96.233,0.4,0.41,0.59,0.6,0.01,0.01,78164.71,1776993395000
1776993396.771,96.771,0.4,0.41,0.59,0.6,0.01,0.01,78164.71,1776993395000
1776993397.154,97.154,0.4,0.41,0.59,0.6,0.01,0.01,78164.71,1776993396000
1776993397.53,97.53,0.37,0.39,0.61,0.63,0.02,0.02,78164.71,1776993396000
1776993397.96,97.96,0.34,0.35,0.64,0.65,0.01,0.01,78164.71,1776993396000
1776993398.34,98.34,0.34,0.35,0.65,0.66,0.01,0.01,78163.96,1776993397000
1776993398.791,98.791,0.33,0.34,0.66,0.67,0.01,0.01,78163.96,1776993397000
1776993399.189,99.189,0.33,0.34,0.66,0.67,0.01,0.01,78163.96,1776993397000
1776993399.563,99.563,0.33,0.34,0.66,0.67,0.01,0.01,78161.33,1776993398000
1776993399.91,99.91,0.34,0.36,0.65,0.67,0.02,0.02,78161.33,1776993398000
1776993400.308,100.308,0.34,0.35,0.65,0.66,0.01,0.01,78161.33,1776993398000
1776993400.822,100.822,0.33,0.34,0.66,0.67,0.01,0.01,78160.7,1776993399000
1776993401.197,101.197,0.33,0.34,0.66,0.67,0.01,0.01,78160.7,1776993400000
1776993401.563,101.563,0.33,0.34,0.66,0.67,0.01,0.01,78160.7,1776993400000
1776993402.05,102.05,0.33,0.34,0.66,0.67,0.01,0.01,78160.7,1776993400000
1776993402.423,102.423,0.33,0.34,0.66,0.67,0.01,0.01,78152.47,1776993401000
1776993402.912,102.912,0.33,0.34,0.66,0.67,0.01,0.01,78152.47,1776993401000
1776993404.134,104.134,0.33,0.34,0.66,0.67,0.01,0.01,78148.52,1776993402000
1776993404.802,104.802,0.33,0.34,0.66,0.67,0.01,0.01,78148.52,1776993402000
1776993405.396,105.396,0.33,0.34,0.66,0.67,0.01,0.01,78148.51,1776993403000
1776993405.827,105.827,0.33,0.34,0.66,0.67,0.01,0.01,78147.09,1776993404000
1776993406.212,106.212,0.33,0.34,0.66,0.67,0.01,0.01,78147.09,1776993404000
1776993406.549,106.549,0.33,0.34,0.66,0.67,0.01,0.01,78147.09,1776993404000
1776993406.941,106.941,0.33,0.34,0.66,0.67,0.01,0.01,78147.87,1776993405000
1776993407.294,107.294,0.33,0.34,0.66,0.67,0.01,0.01,78147.87,1776993405000
1776993407.631,107.631,0.33,0.34,0.66,0.67,0.01,0.01,78148.75,1776993406000
1776993408.173,108.173,0.33,0.34,0.66,0.67,0.01,0.01,78148.75,1776993406000
1776993408.506,108.506,0.33,0.34,0.66,0.67,0.01,0.01,78148.46,1776993407000
1776993408.847,108.847,0.33,0.34,0.66,0.67,0.01,0.01,78148.46,1776993407000
1776993409.181,109.181,0.32,0.34,0.66,0.67,0.02,0.01,78148.46,1776993407000
1776993409.524,109.524,0.32,0.33,0.67,0.68,0.01,0.01,78148.64,1776993408000
1776993410.097,110.097,0.32,0.33,0.67,0.68,0.01,0.01,78148.64,1776993408000
1776993411.695,111.695,0.3,0.33,0.67,0.7,0.03,0.03,78148.98,1776993410000
1776993412.074,112.074,0.3,0.31,0.69,0.7,0.01,0.01,78148.98,1776993410000
1776993412.432,112.432,0.22,0.28,0.72,0.78,0.06,0.06,78148.98,1776993410000
1776993412.916,112.916,0.22,0.24,0.76,0.79,0.02,0.03,78147.29,1776993411000
1776993413.464,113.464,0.22,0.24,0.76,0.78,0.02,0.02,78133.84,1776993412000
1776993413.946,113.946,0.21,0.25,0.76,0.79,0.04,0.03,78133.84,1776993412000
1776993414.305,114.305,0.22,0.25,0.75,0.77,0.03,0.02,78133.84,1776993412000
1776993414.682,114.682,0.21,0.22,0.78,0.79,0.01,0.01,78130.79,1776993413000
1776993415.201,115.201,0.21,0.22,0.78,0.79,0.01,0.01,78130.79,1776993413000
1776993415.55,115.55,0.24,0.25,0.75,0.76,0.01,0.01,78130.5,1776993414000
1776993415.888,115.888,0.23,0.25,0.75,0.76,0.02,0.01,78130.5,1776993414000
1776993416.237,116.237,0.23,0.24,0.76,0.77,0.01,0.01,78130.5,1776993414000
1776993416.704,116.704,0.2,0.21,0.76,0.8,0.01,0.04,78130.5,1776993414000
1776993417.084,117.084,0.2,0.21,0.79,0.8,0.01,0.01,78134.83,1776993415000
1776993417.591,117.591,0.2,0.21,0.79,0.8,0.01,0.01,78134.83,1776993415000
1776993417.944,117.944,0.2,0.21,0.79,0.8,0.01,0.01,78134.46,1776993416000
1776993418.35,118.35,0.2,0.21,0.79,0.8,0.01,0.01,78134.46,1776993416000
1776993418.796,118.796,0.2,0.21,0.77,0.8,0.01,0.03,78132.69,1776993417000
1776993419.146,119.146,0.22,0.23,0.77,0.78,0.01,0.01,78131.49,1776993418000
1776993419.556,119.556,0.23,0.24,0.76,0.78,0.01,0.02,78131.49,1776993418000
1776993419.954,119.954,0.22,0.24,0.77,0.78,0.02,0.01,78131.49,1776993418000
1776993420.357,120.357,0.22,0.25,0.75,0.78,0.03,0.03,78129.65,1776993419000
1776993420.712,120.712,0.22,0.23,0.77,0.78,0.01,0.01,78129.65,1776993419000
1776993421.623,121.623,0.22,0.23,0.77,0.78,0.01,0.01,78129.04,1776993420000
1776993422.173,122.173,0.22,0.23,0.77,0.78,0.01,0.01,78128.93,1776993421000
1776993422.522,122.522,0.22,0.23,0.77,0.78,0.01,0.01,78128.93,1776993421000
1776993423.045,123.045,0.22,0.23,0.77,0.78,0.01,0.01,78128.39,1776993422000
1776993423.729,123.729,0.22,0.23,0.77,0.78,0.01,0.01,78128.39,1776993422000
1776993424.104,124.104,0.22,0.23,0.77,0.78,0.01,0.01,78128.39,1776993422000
1776993424.521,124.521,0.22,0.25,0.76,0.78,0.03,0.02,78129.62,1776993423000
1776993425.01,125.01,0.22,0.24,0.76,0.78,0.02,0.02,78129.62,1776993423000
1776993425.405,125.405,0.22,0.23,0.77,0.78,0.01,0.01,78129.31,1776993424000
1776993425.747,125.747,0.22,0.23,0.77,0.78,0.01,0.01,78129.31,1776993424000
1776993426.177,126.177,0.22,0.23,0.77,0.78,0.01,0.01,78128.99,1776993425000
1776993426.557,126.557,0.22,0.23,0.77,0.78,0.01,0.01,78128.99,1776993425000
1776993426.94,126.94,0.22,0.23,0.77,0.78,0.01,0.01,78128.99,1776993425000
1776993427.286,127.286,0.22,0.23,0.77,0.78,0.01,0.01,78128.41,1776993426000
1776993427.878,127.878,0.22,0.23,0.76,0.78,0.01,0.02,78128.41,1776993426000
1776993428.289,128.289,0.22,0.23,0.77,0.78,0.01,0.01,78128.42,1776993427000
1776993428.828,128.828,0.24,0.25,0.75,0.76,0.01,0.01,78128.42,1776993427000
1776993429.479,129.479,0.23,0.24,0.76,0.77,0.01,0.01,78126.91,1776993428000
1776993429.988,129.988,0.22,0.23,0.77,0.78,0.01,0.01,78125.28,1776993429000
1776993430.661,130.661,0.22,0.23,0.77,0.78,0.01,0.01,78125.28,1776993429000
1776993431.062,131.062,0.22,0.23,0.77,0.78,0.01,0.01,78125.27,1776993430000
1776993431.4,131.4,0.22,0.25,0.76,0.78,0.03,0.02,78125.27,1776993430000
1776993431.972,131.972,0.22,0.25,0.75,0.76,0.03,0.01,78125.27,1776993430000
1776993432.653,132.653,0.22,0.24,0.75,0.78,0.02,0.03,78125.27,1776993431000
1776993433.131,133.131,0.23,0.24,0.76,0.77,0.01,0.01,78125.37,1776993432000
1776993433.87,133.87,0.23,0.24,0.76,0.77,0.01,0.01,78128.53,1776993433000
1776993434.217,134.217,0.18,0.19,0.81,0.82,0.01,0.01,78128.53,1776993433000
1776993434.746,134.746,0.18,0.19,0.81,0.82,0.01,0.01,78128.53,1776993433000
1776993435.24,135.24,0.2,0.21,0.79,0.81,0.01,0.02,78128.53,1776993433000
1776993435.66,135.66,0.2,0.21,0.79,0.8,0.01,0.01,78125.27,1776993434000
1776993436.108,136.108,0.21,0.22,0.78,0.79,0.01,0.01,78118.3,1776993435000
1776993436.45,136.45,0.21,0.22,0.78,0.79,0.01,0.01,78118.3,1776993435000
1776993436.801,136.801,0.2,0.22,0.78,0.79,0.02,0.01,78118.3,1776993435000
1776993438.067,138.067,0.2,0.21,0.79,0.8,0.01,0.01,78120.68,1776993437000
1776993438.605,138.605,0.2,0.21,0.79,0.8,0.01,0.01,78120.68,1776993437000
1776993439.1,139.1,0.2,0.21,0.79,0.8,0.01,0.01,78123.76,1776993438000
1776993439.486,139.486,0.2,0.21,0.79,0.8,0.01,0.01,78123.76,1776993438000
1776993439.952,139.952,0.2,0.21,0.79,0.8,0.01,0.01,78123.76,1776993438000
1776993440.299,140.299,0.2,0.21,0.79,0.8,0.01,0.01,78123.76,1776993438000
1776993440.725,140.725,0.2,0.21,0.79,0.8,0.01,0.01,78127.35,1776993439000
1776993441.154,141.154,0.2,0.21,0.79,0.8,0.01,0.01,78127.35,1776993439000
1776993441.641,141.641,0.2,0.21,0.79,0.8,0.01,0.01,78128.06,1776993440000
1776993442.01,142.01,0.2,0.21,0.79,0.8,0.01,0.01,78128.06,1776993440000
1776993442.614,142.614,0.2,0.21,0.79,0.8,0.01,0.01,78127.62,1776993441000
1776993442.983,142.983,0.2,0.21,0.78,0.8,0.01,0.02,78127.62,1776993441000
1776993443.582,143.582,0.2,0.22,0.78,0.8,0.02,0.02,78127.62,1776993442000
1776993443.986,143.986,0.21,0.22,0.78,0.79,0.01,0.01,78127.62,1776993442000
1776993444.428,144.428,0.21,0.22,0.78,0.79,0.01,0.01,78128.07,1776993443000
1776993444.805,144.805,0.21,0.22,0.78,0.79,0.01,0.01,78128.07,1776993443000
1776993445.358,145.358,0.21,0.22,0.78,0.79,0.01,0.01,78128.07,1776993444000
1776993445.705,145.705,0.21,0.22,0.78,0.79,0.01,0.01,78128.07,1776993444000
1776993446.05,146.05,0.21,0.22,0.78,0.79,0.01,0.01,78128.07,1776993444000
1776993446.74,146.74,0.21,0.22,0.78,0.79,0.01,0.01,78128.61,1776993445000
1776993447.241,147.241,0.21,0.25,0.75,0.79,0.04,0.04,78128.61,1776993446000
1776993447.578,147.578,0.25,0.3,0.7,0.75,0.05,0.05,78128.61,1776993446000
1776993448.518,148.518,0.26,0.27,0.73,0.74,0.01,0.01,78128.61,1776993446000
1776993448.937,148.937,0.26,0.27,0.73,0.74,0.01,0.01,78129.47,1776993447000
1776993449.427,149.427,0.26,0.27,0.73,0.74,0.01,0.01,78129.57,1776993448000
1776993449.778,149.778,0.26,0.27,0.73,0.74,0.01,0.01,78129.57,1776993448000
1776993450.264,150.264,0.26,0.27,0.73,0.74,0.01,0.01,78134.22,1776993449000
1776993450.597,150.597,0.26,0.27,0.73,0.74,0.01,0.01,78134.22,1776993449000
1776993451.146,151.146,0.26,0.27,0.73,0.74,0.01,0.01,78135.97,1776993450000
1776993451.544,151.544,0.26,0.27,0.73,0.74,0.01,0.01,78135.97,1776993450000
1776993452.004,152.004,0.22,0.23,0.75,0.76,0.01,0.01,78135.97,1776993450000
1776993452.343,152.343,0.22,0.23,0.77,0.78,0.01,0.01,78136.06,1776993451000
1776993453.017,153.017,0.21,0.22,0.78,0.79,0.01,0.01,78136.06,1776993451000
1776993453.446,153.446,0.21,0.22,0.78,0.79,0.01,0.01,78136.06,1776993451000
1776993453.914,153.914,0.21,0.23,0.78,0.79,0.02,0.01,78131.45,1776993452000
1776993454.256,154.256,0.22,0.23,0.77,0.79,0.01,0.02,78131.08,1776993453000
1776993454.649,154.649,0.22,0.23,0.77,0.78,0.01,0.01,78131.08,1776993453000
1776993455.119,155.119,0.22,0.23,0.77,0.78,0.01,0.01,78130.21,1776993454000
1776993455.583,155.583,0.23,0.24,0.76,0.77,0.01,0.01,78130.21,1776993454000
1776993456.24,156.24,0.23,0.24,0.76,0.77,0.01,0.01,78129.58,1776993455000
1776993456.994,156.994,0.23,0.24,0.76,0.77,0.01,0.01,78129.58,1776993455000
1776993457.431,157.431,0.23,0.24,0.76,0.77,0.01,0.01,78131.24,1776993456000
1776993458.066,158.066,0.23,0.24,0.76,0.77,0.01,0.01,78131.72,1776993457000
1776993458.69,158.69,0.23,0.25,0.76,0.77,0.02,0.01,78131.72,1776993457000
1776993459.031,159.031,0.23,0.25,0.75,0.77,0.02,0.02,78131.72,1776993457000
1776993460.071,160.071,0.24,0.25,0.75,0.77,0.01,0.02,78133.87,1776993458000
1776993461.079,161.079,0.24,0.25,0.75,0.76,0.01,0.01,78134.41,1776993459000
1776993462.33,162.33,0.23,0.24,0.75,0.76,0.01,0.01,78134.35,1776993460000
1776993462.746,162.746,0.23,0.24,0.76,0.77,0.01,0.01,78134.35,1776993460000
1776993463.14,163.14,0.23,0.24,0.76,0.77,0.01,0.01,78133.8,1776993461000
1776993463.494,163.494,0.23,0.24,0.76,0.77,0.01,0.01,78133.8,1776993461000
1776993464.296,164.296,0.23,0.25,0.75,0.77,0.02,0.02,78132.81,1776993463000
1776993464.652,164.652,0.24,0.25,0.75,0.77,0.01,0.02,78132.81,1776993463000
1776993465.016,165.016,0.24,0.25,0.75,0.76,0.01,0.01,78132.81,1776993463000
1776993465.386,165.386,0.24,0.25,0.75,0.76,0.01,0.01,78133.62,1776993464000
1776993465.91,165.91,0.24,0.25,0.75,0.76,0.01,0.01,78133.62,1776993464000
1776993466.342,166.342,0.24,0.25,0.75,0.76,0.01,0.01,78134.67,1776993465000
1776993467.719,167.719,0.24,0.25,0.75,0.76,0.01,0.01,78135.24,1776993466000
1776993468.154,168.154,0.24,0.25,0.75,0.76,0.01,0.01,78135.24,1776993466000
1776993468.559,168.559,0.24,0.25,0.75,0.76,0.01,0.01,78135.86,1776993467000
1776993468.907,168.907,0.24,0.25,0.75,0.76,0.01,0.01,78135.86,1776993467000
1776993469.586,169.586,0.24,0.25,0.75,0.76,0.01,0.01,78135.87,1776993468000
1776993469.964,169.964,0.24,0.26,0.75,0.76,0.02,0.01,78135.87,1776993468000
1776993470.351,170.351,0.25,0.26,0.74,0.75,0.01,0.01,78135.87,1776993468000
1776993470.744,170.744,0.25,0.26,0.74,0.75,0.01,0.01,78135.49,1776993469000
1776993471.125,171.125,0.25,0.26,0.74,0.75,0.01,0.01,78135.77,1776993470000
1776993471.583,171.583,0.25,0.26,0.74,0.75,0.01,0.01,78135.77,1776993470000
1776993471.98,171.98,0.25,0.26,0.74,0.75,0.01,0.01,78135.77,1776993470000
1776993472.887,172.887,0.25,0.26,0.74,0.75,0.01,0.01,78135.77,1776993470000
1776993473.376,173.376,0.25,0.26,0.74,0.75,0.01,0.01,78138.74,1776993472000
1776993474.49,174.49,0.25,0.26,0.74,0.75,0.01,0.01,78139.25,1776993473000
1776993475.045,175.045,0.25,0.26,0.74,0.75,0.01,0.01,78139.25,1776993473000
1776993475.756,175.756,0.25,0.26,0.74,0.75,0.01,0.01,78139.25,1776993474000
1776993476.414,176.414,0.25,0.26,0.74,0.75,0.01,0.01,78139.25,1776993474000
1776993476.828,176.828,0.28,0.29,0.71,0.72,0.01,0.01,78140.09,1776993475000
1776993477.277,177.277,0.28,0.31,0.7,0.72,0.03,0.02,78140.09,1776993475000
1776993477.717,177.717,0.28,0.29,0.71,0.72,0.01,0.01,78143.61,1776993476000
1776993478.199,178.199,0.25,0.29,0.71,0.75,0.04,0.04,78143.61,1776993476000
1776993478.537,178.537,0.26,0.27,0.73,0.74,0.01,0.01,78143.61,1776993476000
1776993479.125,179.125,0.24,0.25,0.75,0.77,0.01,0.02,78143.92,1776993477000
1776993479.63,179.63,0.23,0.25,0.75,0.76,0.02,0.01,78143.14,1776993478000
1776993480.016,180.016,0.23,0.24,0.76,0.77,0.01,0.01,78143.14,1776993478000
1776993480.408,180.408,0.22,0.23,0.77,0.78,0.01,0.01,78143.14,1776993478000
1776993480.905,180.905,0.22,0.23,0.77,0.78,0.01,0.01,78143.14,1776993478000
1776993481.494,181.494,0.22,0.23,0.76,0.78,0.01,0.02,78140.84,1776993480000
1776993481.863,181.863,0.23,0.25,0.75,0.77,0.02,0.02,78140.84,1776993480000
1776993482.983,182.983,0.24,0.25,0.75,0.76,0.01,0.01,78137.62,1776993481000
1776993483.404,183.404,0.24,0.25,0.75,0.76,0.01,0.01,78137.62,1776993481000
1776993483.826,183.826,0.24,0.25,0.75,0.76,0.01,0.01,78137.62,1776993482000
1776993484.221,184.221,0.24,0.25,0.75,0.76,0.01,0.01,78137.62,1776993483000
1776993484.558,184.558,0.24,0.25,0.75,0.76,0.01,0.01,78137.62,1776993483000
1776993484.916,184.916,0.24,0.25,0.75,0.76,0.01,0.01,78137.62,1776993483000
1776993485.273,185.273,0.24,0.26,0.75,0.76,0.02,0.01,78137.62,1776993483000
1776993485.625,185.625,0.24,0.26,0.74,0.76,0.02,0.02,78138.75,1776993484000
1776993485.972,185.972,0.25,0.27,0.74,0.76,0.02,0.02,78142.31,1776993485000
1776993486.318,186.318,0.24,0.27,0.73,0.76,0.03,0.03,78142.31,1776993485000
1776993486.794,186.794,0.25,0.26,0.74,0.76,0.01,0.02,78142.31,1776993485000
1776993487.297,187.297,0.25,0.26,0.74,0.75,0.01,0.01,78143.29,1776993486000
1776993488.196,188.196,0.25,0.26,0.74,0.75,0.01,0.01,78143.29,1776993486000
1776993488.553,188.553,0.25,0.26,0.74,0.75,0.01,0.01,78143.29,1776993486000
1776993488.894,188.894,0.25,0.26,0.74,0.75,0.01,0.01,78143.0,1776993487000
1776993489.343,189.343,0.25,0.26,0.74,0.75,0.01,0.01,78143.0,1776993487000
1776993490.037,190.037,0.25,0.26,0.74,0.75,0.01,0.01,78142.27,1776993489000
1776993490.935,190.935,0.25,0.26,0.74,0.75,0.01,0.01,78142.27,1776993489000
1776993492.502,192.502,0.25,0.26,0.74,0.75,0.01,0.01,78142.61,1776993491000
1776993492.865,192.865,0.25,0.26,0.74,0.75,0.01,0.01,78142.61,1776993491000
1776993493.446,193.446,0.25,0.26,0.74,0.75,0.01,0.01,78142.65,1776993492000
1776993493.785,193.785,0.25,0.26,0.74,0.75,0.01,0.01,78142.65,1776993492000
1776993494.127,194.127,0.25,0.26,0.74,0.75,0.01,0.01,78142.65,1776993492000
1776993494.738,194.738,0.25,0.26,0.74,0.75,0.01,0.01,78135.11,1776993493000
1776993495.191,195.191,0.25,0.26,0.74,0.75,0.01,0.01,78135.11,1776993493000
1776993496.075,196.075,0.25,0.26,0.74,0.75,0.01,0.01,78131.64,1776993494000
1776993496.45,196.45,0.22,0.24,0.76,0.78,0.02,0.02,78126.37,1776993495000
1776993496.785,196.785,0.22,0.26,0.74,0.78,0.04,0.04,78126.37,1776993495000
1776993497.26,197.26,0.16,0.2,0.8,0.84,0.04,0.04,78125.85,1776993496000
1776993497.634,197.634,0.17,0.18,0.82,0.84,0.01,0.02,78125.85,1776993496000
1776993497.968,197.968,0.15,0.16,0.84,0.85,0.01,0.01,78125.85,1776993496000
1776993498.363,198.363,0.15,0.16,0.84,0.85,0.01,0.01,78125.85,1776993496000
1776993498.788,198.788,0.14,0.15,0.85,0.86,0.01,0.01,78122.99,1776993497000
1776993499.301,199.301,0.13,0.14,0.85,0.87,0.01,0.02,78122.99,1776993497000
1776993499.742,199.742,0.13,0.14,0.86,0.87,0.01,0.01,78120.12,1776993498000
1776993500.107,200.107,0.13,0.14,0.86,0.87,0.01,0.01,78120.12,1776993499000
1776993500.55,200.55,0.13,0.14,0.86,0.87,0.01,0.01,78120.12,1776993499000
1776993500.945,200.945,0.13,0.14,0.86,0.87,0.01,0.01,78120.12,1776993499000
1776993501.356,201.356,0.13,0.14,0.86,0.87,0.01,0.01,78119.37,1776993500000
1776993501.69,201.69,0.13,0.14,0.86,0.87,0.01,0.01,78119.37,1776993500000
1776993502.082,202.082,0.13,0.14,0.86,0.87,0.01,0.01,78119.37,1776993500000
1776993502.435,202.435,0.13,0.14,0.86,0.87,0.01,0.01,78119.28,1776993501000
1776993502.85,202.85,0.13,0.14,0.86,0.87,0.01,0.01,78119.28,1776993501000
1776993503.226,203.226,0.13,0.14,0.86,0.87,0.01,0.01,78119.28,1776993501000
1776993503.602,203.602,0.13,0.14,0.86,0.87,0.01,0.01,78119.52,1776993502000
1776993503.971,203.971,0.13,0.14,0.86,0.87,0.01,0.01,78120.31,1776993503000
1776993504.396,204.396,0.13,0.14,0.86,0.87,0.01,0.01,78120.31,1776993503000
1776993504.784,204.784,0.13,0.14,0.86,0.87,0.01,0.01,78120.31,1776993503000
1776993505.199,205.199,0.13,0.14,0.86,0.87,0.01,0.01,78120.32,1776993504000
1776993505.681,205.681,0.13,0.14,0.86,0.87,0.01,0.01,78120.32,1776993504000
1776993506.159,206.159,0.13,0.14,0.86,0.87,0.01,0.01,78120.29,1776993505000
1776993506.554,206.554,0.13,0.14,0.86,0.87,0.01,0.01,78120.29,1776993505000
1776993506.916,206.916,0.13,0.14,0.86,0.87,0.01,0.01,78120.29,1776993505000
1776993507.313,207.313,0.13,0.14,0.86,0.87,0.01,0.01,78120.3,1776993506000
1776993507.671,207.671,0.12,0.13,0.87,0.88,0.01,0.01,78120.3,1776993506000
1776993508.15,208.15,0.12,0.13,0.87,0.88,0.01,0.01,78120.3,1776993506000
1776993508.517,208.517,0.11,0.12,0.88,0.89,0.01,0.01,78120.31,1776993507000
1776993508.868,208.868,0.11,0.12,0.88,0.89,0.01,0.01,78120.31,1776993507000
1776993509.291,209.291,0.11,0.12,0.88,0.89,0.01,0.01,78120.32,1776993508000
1776993509.729,209.729,0.1,0.11,0.89,0.9,0.01,0.01,78120.32,1776993508000
1776993510.12,210.12,0.1,0.11,0.89,0.9,0.01,0.01,78120.32,1776993508000
1776993510.567,210.567,0.1,0.11,0.89,0.9,0.01,0.01,78120.29,1776993509000
1776993511.06,211.06,0.1,0.11,0.89,0.9,0.01,0.01,78120.29,1776993509000
1776993511.431,211.431,0.1,0.13,0.87,0.9,0.03,0.03,78120.84,1776993510000
1776993511.807,211.807,0.1,0.14,0.87,0.9,0.04,0.03,78120.84,1776993510000
1776993512.144,212.144,0.09,0.11,0.89,0.9,0.02,0.01,78120.84,1776993510000
1776993512.513,212.513,0.09,0.1,0.9,0.91,0.01,0.01,78120.84,1776993510000
1776993513.092,213.092,0.09,0.1,0.9,0.91,0.01,0.01,78120.54,1776993511000
1776993513.45,213.45,0.09,0.1,0.9,0.91,0.01,0.01,78120.54,1776993511000
1776993513.794,213.794,0.09,0.12,0.9,0.91,0.03,0.01,78120.54,1776993511000
1776993514.192,214.192,0.1,0.11,0.89,0.9,0.01,0.01,78120.56,1776993512000
1776993514.578,214.578,0.13,0.14,0.86,0.9,0.01,0.04,78120.56,1776993512000
1776993514.921,214.921,0.14,0.15,0.85,0.87,0.01,0.02,78120.75,1776993513000
1776993515.387,215.387,0.14,0.15,0.85,0.86,0.01,0.01,78120.75,1776993513000
1776993515.744,215.744,0.14,0.15,0.85,0.86,0.01,0.01,78120.83,1776993514000
1776993516.099,216.099,0.15,0.16,0.84,0.85,0.01,0.01,78120.83,1776993514000
1776993516.464,216.464,0.15,0.16,0.84,0.85,0.01,0.01,78120.53,1776993515000
1776993516.849,216.849,0.15,0.16,0.84,0.85,0.01,0.01,78120.53,1776993515000
1776993517.231,217.231,0.15,0.16,0.84,0.85,0.01,0.01,78120.53,1776993515000
1776993517.823,217.823,0.15,0.16,0.84,0.85,0.01,0.01,78120.35,1776993516000
1776993518.228,218.228,0.15,0.16,0.84,0.85,0.01,0.01,78120.35,1776993516000
1776993518.602,218.602,0.22,0.23,0.77,0.78,0.01,0.01,78120.69,1776993517000
1776993518.958,218.958,0.22,0.23,0.77,0.78,0.01,0.01,78120.69,1776993517000
1776993519.37,219.37,0.22,0.23,0.77,0.78,0.01,0.01,78120.44,1776993518000
1776993519.869,219.869,0.22,0.23,0.77,0.78,0.01,0.01,78120.44,1776993518000
1776993520.299,220.299,0.22,0.23,0.77,0.78,0.01,0.01,78120.44,1776993518000
1776993520.653,220.653,0.22,0.23,0.77,0.78,0.01,0.01,78130.42,1776993519000
1776993521.248,221.248,0.22,0.23,0.77,0.78,0.01,0.01,78132.1,1776993520000
1776993521.63,221.63,0.22,0.23,0.77,0.78,0.01,0.01,78132.1,1776993520000
1776993521.975,221.975,0.21,0.22,0.77,0.79,0.01,0.02,78132.1,1776993520000
1776993522.319,222.319,0.2,0.21,0.78,0.8,0.01,0.02,78132.1,1776993520000
1776993522.668,222.668,0.18,0.19,0.81,0.82,0.01,0.01,78132.1,1776993520000
1776993523.37,223.37,0.16,0.17,0.83,0.84,0.01,0.01,78133.08,1776993522000
1776993523.864,223.864,0.16,0.17,0.83,0.84,0.01,0.01,78133.08,1776993522000
1776993524.323,224.323,0.17,0.18,0.82,0.83,0.01,0.01,78131.1,1776993523000
1776993524.831,224.831,0.17,0.18,0.82,0.83,0.01,0.01,78131.1,1776993523000
1776993525.444,225.444,0.17,0.18,0.82,0.83,0.01,0.01,78131.1,1776993523000
1776993525.874,225.874,0.17,0.18,0.82,0.83,0.01,0.01,78128.12,1776993524000
1776993526.373,226.373,0.17,0.18,0.82,0.83,0.01,0.01,78126.49,1776993525000
1776993526.823,226.823,0.17,0.18,0.82,0.83,0.01,0.01,78126.49,1776993525000
1776993527.156,227.156,0.14,0.16,0.84,0.86,0.02,0.02,78126.49,1776993525000
1776993527.532,227.532,0.14,0.15,0.85,0.86,0.01,0.01,78127.17,1776993526000
1776993527.924,227.924,0.15,0.16,0.84,0.85,0.01,0.01,78127.17,1776993526000
1776993528.291,228.291,0.17,0.18,0.82,0.85,0.01,0.03,78127.17,1776993526000
1776993528.627,228.627,0.17,0.18,0.82,0.83,0.01,0.01,78125.63,1776993527000
1776993528.99,228.99,0.17,0.18,0.83,0.84,0.01,0.01,78125.63,1776993527000
1776993529.459,229.459,0.17,0.18,0.82,0.83,0.01,0.01,78123.92,1776993528000
1776993530.022,230.022,0.17,0.18,0.82,0.83,0.01,0.01,78123.92,1776993528000
1776993530.435,230.435,0.17,0.18,0.82,0.83,0.01,0.01,78123.92,1776993528000
1776993530.877,230.877,0.17,0.18,0.82,0.83,0.01,0.01,78123.14,1776993529000
1776993531.236,231.236,0.17,0.18,0.82,0.83,0.01,0.01,78123.14,1776993529000
1776993531.623,231.623,0.17,0.18,0.82,0.83,0.01,0.01,78122.96,1776993530000
1776993531.997,231.997,0.17,0.18,0.82,0.83,0.01,0.01,78122.96,1776993530000
1776993532.409,232.409,0.17,0.18,0.82,0.83,0.01,0.01,78122.96,1776993531000
1776993532.808,232.808,0.17,0.18,0.82,0.83,0.01,0.01,78122.96,1776993531000
1776993533.414,233.414,0.17,0.18,0.82,0.83,0.01,0.01,78117.2,1776993532000
1776993533.908,233.908,0.16,0.18,0.82,0.84,0.02,0.02,78117.2,1776993532000
1776993534.333,234.333,0.16,0.17,0.83,0.84,0.01,0.01,78117.2,1776993533000
1776993534.972,234.972,0.16,0.17,0.83,0.84,0.01,0.01,78117.2,1776993533000
1776993535.309,235.309,0.15,0.17,0.83,0.84,0.02,0.01,78120.11,1776993534000
1776993535.758,235.758,0.15,0.16,0.84,0.85,0.01,0.01,78120.11,1776993534000
1776993536.164,236.164,0.13,0.16,0.84,0.87,0.03,0.03,78120.11,1776993534000
1776993536.968,236.968,0.13,0.14,0.86,0.87,0.01,0.01,78120.04,1776993535000
1776993537.333,237.333,0.13,0.14,0.86,0.87,0.01,0.01,78120.07,1776993536000
1776993537.925,237.925,0.13,0.14,0.86,0.87,0.01,0.01,78120.07,1776993536000
1776993538.315,238.315,0.14,0.15,0.86,0.87,0.01,0.01,78120.07,1776993537000
1776993538.768,238.768,0.14,0.15,0.85,0.86,0.01,0.01,78120.07,1776993537000
1776993539.235,239.235,0.14,0.15,0.85,0.86,0.01,0.01,78120.39,1776993538000
1776993539.761,239.761,0.14,0.15,0.85,0.86,0.01,0.01,78120.39,1776993538000
1776993540.156,240.156,0.15,0.16,0.84,0.85,0.01,0.01,78119.48,1776993539000
1776993540.501,240.501,0.15,0.16,0.84,0.85,0.01,0.01,78119.48,1776993539000
1776993540.89,240.89,0.13,0.14,0.86,0.87,0.01,0.01,78119.48,1776993539000
1776993541.32,241.32,0.11,0.12,0.86,0.89,0.01,0.03,78120.31,1776993540000
1776993542.043,242.043,0.1,0.11,0.88,0.9,0.01,0.02,78120.31,1776993540000
1776993542.475,242.475,0.1,0.11,0.89,0.9,0.01,0.01,78122.74,1776993541000
1776993542.913,242.913,0.1,0.11,0.89,0.9,0.01,0.01,78122.74,1776993541000
1776993543.329,243.329,0.1,0.11,0.89,0.9,0.01,0.01,78122.09,1776993542000
1776993543.951,243.951,0.09,0.1,0.89,0.9,0.01,0.01,78122.09,1776993542000
1776993544.308,244.308,0.09,0.1,0.9,0.91,0.01,0.01,78122.09,1776993543000
1776993544.646,244.646,0.08,0.1,0.9,0.92,0.02,0.02,78122.09,1776993543000
1776993545.02,245.02,0.1,0.11,0.89,0.9,0.01,0.01,78122.09,1776993543000
1776993545.384,245.384,0.1,0.11,0.89,0.9,0.01,0.01,78122.09,1776993543000
1776993545.758,245.758,0.08,0.09,0.91,0.92,0.01,0.01,78122.09,1776993544000
1776993546.185,246.185,0.08,0.1,0.9,0.92,0.02,0.02,78122.09,1776993544000
1776993546.552,246.552,0.08,0.1,0.9,0.91,0.02,0.01,78122.1,1776993545000
1776993546.898,246.898,0.08,0.1,0.9,0.92,0.02,0.02,78122.1,1776993545000
1776993547.365,247.365,0.08,0.09,0.91,0.92,0.01,0.01,78122.09,1776993546000
1776993547.873,247.873,0.12,0.14,0.87,0.88,0.02,0.01,78122.09,1776993546000
1776993548.228,248.228,0.17,0.2,0.8,0.84,0.03,0.04,78122.09,1776993547000
1776993548.586,248.586,0.19,0.2,0.8,0.81,0.01,0.01,78122.09,1776993547000
1776993548.931,248.931,0.19,0.2,0.8,0.81,0.01,0.01,78122.09,1776993547000
1776993549.326,249.326,0.2,0.21,0.79,0.8,0.01,0.01,78122.08,1776993548000
1776993549.696,249.696,0.2,0.21,0.79,0.8,0.01,0.01,78122.08,1776993548000
1776993550.033,250.033,0.2,0.21,0.79,0.8,0.01,0.01,78122.08,1776993548000
1776993550.401,250.401,0.2,0.21,0.79,0.8,0.01,0.01,78122.08,1776993548000
1776993550.755,250.755,0.2,0.21,0.79,0.8,0.01,0.01,78122.08,1776993549000
1776993551.11,251.11,0.2,0.21,0.79,0.8,0.01,0.01,78122.08,1776993549000
1776993551.523,251.523,0.2,0.21,0.79,0.8,0.01,0.01,78122.08,1776993550000
1776993551.868,251.868,0.2,0.21,0.79,0.8,0.01,0.01,78122.08,1776993550000
1776993552.361,252.361,0.2,0.21,0.79,0.8,0.01,0.01,78122.08,1776993550000
1776993552.701,252.701,0.18,0.19,0.81,0.82,0.01,0.01,78122.06,1776993551000
1776993553.041,253.041,0.16,0.17,0.82,0.84,0.01,0.02,78122.06,1776993552000
1776993553.377,253.377,0.16,0.17,0.83,0.84,0.01,0.01,78122.06,1776993552000
1776993553.863,253.863,0.17,0.18,0.83,0.84,0.01,0.01,78122.06,1776993552000
1776993554.23,254.23,0.18,0.19,0.81,0.82,0.01,0.01,78122.05,1776993553000
1776993554.566,254.566,0.18,0.19,0.81,0.82,0.01,0.01,78122.05,1776993553000
1776993555.011,255.011,0.18,0.19,0.81,0.82,0.01,0.01,78122.07,1776993554000
1776993555.371,255.371,0.18,0.19,0.81,0.82,0.01,0.01,78122.07,1776993554000
1776993555.725,255.725,0.18,0.19,0.81,0.82,0.01,0.01,78122.07,1776993554000
1776993556.123,256.123,0.18,0.19,0.8,0.82,0.01,0.02,78122.07,1776993554000
1776993556.486,256.486,0.19,0.2,0.8,0.81,0.01,0.01,78125.33,1776993555000
1776993556.858,256.858,0.19,0.2,0.8,0.81,0.01,0.01,78125.33,1776993555000
1776993557.283,257.283,0.19,0.2,0.8,0.81,0.01,0.01,78125.33,1776993555000
1776993557.709,257.709,0.19,0.2,0.8,0.81,0.01,0.01,78125.79,1776993556000
1776993558.102,258.102,0.19,0.2,0.8,0.81,0.01,0.01,78125.79,1776993556000
1776993558.474,258.474,0.19,0.2,0.8,0.81,0.01,0.01,78125.79,1776993556000
1776993558.846,258.846,0.19,0.2,0.8,0.81,0.01,0.01,78123.11,1776993557000
1776993559.351,259.351,0.19,0.2,0.8,0.81,0.01,0.01,78123.11,1776993557000
1776993559.779,259.779,0.19,0.2,0.8,0.81,0.01,0.01,78123.47,1776993558000
1776993560.405,260.405,0.19,0.2,0.8,0.81,0.01,0.01,78122.33,1776993559000
1776993560.86,260.86,0.19,0.2,0.8,0.81,0.01,0.01,78122.33,1776993559000
1776993561.47,261.47,0.19,0.2,0.8,0.81,0.01,0.01,78122.33,1776993559000
1776993561.865,261.865,0.17,0.18,0.8,0.82,0.01,0.02,78122.15,1776993560000
1776993562.338,262.338,0.1,0.11,0.89,0.9,0.01,0.01,78122.16,1776993561000
1776993562.686,262.686,0.1,0.11,0.89,0.9,0.01,0.01,78122.16,1776993561000
1776993563.044,263.044,0.1,0.11,0.89,0.9,0.01,0.01,78122.16,1776993561000
1776993563.607,263.607,0.09,0.11,0.89,0.91,0.02,0.02,78122.16,1776993562000
1776993564.025,264.025,0.1,0.11,0.89,0.91,0.01,0.02,78122.16,1776993562000
1776993564.387,264.387,0.1,0.11,0.89,0.9,0.01,0.01,78122.24,1776993563000
1776993564.755,264.755,0.09,0.1,0.9,0.91,0.01,0.01,78122.24,1776993563000
1776993565.166,265.166,0.09,0.1,0.9,0.91,0.01,0.01,78122.24,1776993563000
1776993565.595,265.595,0.1,0.11,0.89,0.9,0.01,0.01,78122.29,1776993564000
1776993565.952,265.952,0.1,0.11,0.89,0.9,0.01,0.01,78122.29,1776993564000
1776993566.302,266.302,0.1,0.11,0.89,0.9,0.01,0.01,78122.19,1776993565000
1776993566.643,266.643,0.1,0.11,0.89,0.9,0.01,0.01,78122.19,1776993565000
1776993567.199,267.199,0.14,0.15,0.85,0.9,0.01,0.05,78122.19,1776993565000
1776993567.664,267.664,0.13,0.14,0.86,0.87,0.01,0.01,78122.19,1776993566000
1776993568.193,268.193,0.11,0.13,0.86,0.89,0.02,0.03,78122.19,1776993567000
1776993568.528,268.528,0.14,0.15,0.84,0.86,0.01,0.02,78122.19,1776993567000
1776993568.896,268.896,0.14,0.15,0.85,0.86,0.01,0.01,78122.19,1776993567000
1776993569.24,269.24,0.08,0.13,0.9,0.92,0.05,0.02,78122.07,1776993568000
1776993569.626,269.626,0.13,0.15,0.86,0.87,0.02,0.01,78122.07,1776993568000
1776993569.965,269.965,0.14,0.15,0.85,0.86,0.01,0.01,78122.07,1776993568000
1776993570.326,270.326,0.15,0.16,0.83,0.86,0.01,0.03,78121.65,1776993569000
1776993570.708,270.708,0.11,0.12,0.9,0.92,0.01,0.02,78121.65,1776993569000
1776993571.05,271.05,0.13,0.14,0.86,0.87,0.01,0.01,78121.86,1776993570000
1776993571.401,271.401,0.14,0.15,0.85,0.86,0.01,0.01,78121.86,1776993570000
1776993571.948,271.948,0.11,0.12,0.89,0.9,0.01,0.01,78121.86,1776993570000
1776993572.718,272.718,0.1,0.11,0.89,0.9,0.01,0.01,78121.65,1776993571000
1776993573.146,273.146,0.1,0.11,0.89,0.9,0.01,0.01,78120.2,1776993572000
1776993573.553,273.553,0.06,0.07,0.91,0.92,0.01,0.01,78120.2,1776993572000
1776993573.946,273.946,0.06,0.07,0.93,0.94,0.01,0.01,78120.2,1776993572000
1776993574.33,274.33,0.05,0.07,0.93,0.95,0.02,0.02,78120.2,1776993572000
1776993574.786,274.786,0.07,0.08,0.92,0.93,0.01,0.01,78119.41,1776993573000
1776993575.133,275.133,0.04,0.08,0.92,0.93,0.04,0.01,78119.41,1776993573000
1776993575.47,275.47,0.04,0.05,0.95,0.96,0.01,0.01,78117.18,1776993574000
1776993575.806,275.806,0.04,0.05,0.95,0.96,0.01,0.01,78117.18,1776993574000
1776993576.229,276.229,0.04,0.05,0.95,0.96,0.01,0.01,78117.15,1776993575000
1776993576.666,276.666,0.06,0.07,0.92,0.96,0.01,0.04,78117.15,1776993575000
1776993577.0,277.0,0.06,0.07,0.93,0.94,0.01,0.01,78117.15,1776993575000
1776993577.342,277.342,0.06,0.07,0.93,0.94,0.01,0.01,78117.14,1776993576000
1776993577.678,277.678,0.05,0.06,0.94,0.95,0.01,0.01,78117.14,1776993576000
1776993578.023,278.023,0.05,0.07,0.94,0.95,0.02,0.01,78117.14,1776993577000
1776993578.414,278.414,0.05,0.07,0.93,0.94,0.02,0.01,78117.14,1776993577000
1776993578.75,278.75,0.05,0.06,0.94,0.95,0.01,0.01,78117.14,1776993577000
1776993579.187,279.187,0.04,0.06,0.94,0.95,0.02,0.01,78117.15,1776993578000
1776993579.53,279.53,0.06,0.07,0.93,0.94,0.01,0.01,78117.15,1776993578000
1776993579.89,279.89,0.03,0.04,0.96,0.97,0.01,0.01,78117.15,1776993578000
1776993580.231,280.231,0.03,0.04,0.96,0.97,0.01,0.01,78117.15,1776993579000
1776993580.571,280.571,0.03,0.04,0.96,0.97,0.01,0.01,78117.15,1776993579000
1776993580.905,280.905,0.03,0.04,0.96,0.97,0.01,0.01,78117.15,1776993579000
1776993581.27,281.27,0.03,0.04,0.96,0.97,0.01,0.01,78115.84,1776993580000
1776993581.624,281.624,0.03,0.04,0.96,0.97,0.01,0.01,78115.84,1776993580000
1776993581.96,281.96,0.03,0.04,0.96,0.97,0.01,0.01,78115.84,1776993580000
1776993582.31,282.31,0.03,0.04,0.96,0.97,0.01,0.01,78110.15,1776993581000
1776993582.695,282.695,0.01,0.03,0.96,0.97,0.02,0.01,78110.15,1776993581000
1776993583.051,283.051,0.02,0.01,0.99,0.98,-0.01,-0.01,78110.15,1776993581000
1776993583.388,283.388,0.02,0.01,0.99,0.98,-0.01,-0.01,78108.99,1776993582000
1776993583.746,283.746,0.02,0.01,0.99,0.98,-0.01,-0.01,78108.99,1776993582000
1776993584.141,284.141,0.02,0.01,0.99,0.98,-0.01,-0.01,78108.73,1776993583000
1776993584.6,284.6,0.02,0.01,0.99,0.98,-0.01,-0.01,78108.73,1776993583000
1776993585.038,285.038,0.02,0.01,0.99,0.98,-0.01,-0.01,78106.61,1776993584000
1776993585.383,285.383,0.02,0.01,0.99,0.98,-0.01,-0.01,78106.61,1776993584000
1776993585.846,285.846,0.02,0.01,0.99,0.98,-0.01,-0.01,78106.61,1776993584000
1776993586.33,286.33,0.02,0.01,0.99,0.98,-0.01,-0.01,78108.76,1776993585000
1776993586.839,286.839,0.02,0.01,0.99,0.98,-0.01,-0.01,78108.76,1776993585000
1776993587.48,287.48,0.02,0.01,0.99,0.98,-0.01,-0.01,78108.85,1776993586000
1776993587.957,287.957,0.02,0.01,0.99,0.98,-0.01,-0.01,78108.85,1776993586000
1776993589.146,289.146,0.02,0.01,0.99,0.98,-0.01,-0.01,78107.85,1776993588000
1776993589.605,289.605,0.02,0.01,0.99,0.98,-0.01,-0.01,78107.85,1776993588000
1776993590.341,290.341,0.02,0.01,0.99,0.98,-0.01,-0.01,78107.85,1776993589000
1776993590.913,290.913,0.02,0.01,0.99,0.98,-0.01,-0.01,78107.85,1776993589000
1776993591.282,291.282,0.02,0.01,0.99,0.98,-0.01,-0.01,78107.85,1776993589000
1776993591.943,291.943,0.02,0.01,0.99,0.98,-0.01,-0.01,78107.86,1776993591000
1776993592.63,292.63,0.02,0.01,0.99,0.98,-0.01,-0.01,78107.86,1776993591000
1776993593.158,293.158,0.02,0.01,0.99,0.98,-0.01,-0.01,78105.36,1776993592000
1776993593.736,293.736,0.02,0.01,0.99,0.98,-0.01,-0.01,78105.36,1776993592000
1776993594.268,294.268,0.02,0.01,0.99,0.98,-0.01,-0.01,78105.79,1776993593000
1776993595.261,295.261,0.02,0.01,0.99,0.98,-0.01,-0.01,78105.79,1776993593000
1776993595.783,295.783,0.02,0.01,0.99,0.98,-0.01,-0.01,78104.56,1776993594000
1776993596.952,296.952,0.02,0.01,0.99,0.98,-0.01,-0.01,78103.29,1776993595000
1776993597.356,297.356,0.02,0.01,0.99,0.98,-0.01,-0.01,78099.87,1776993596000
1776993598.237,298.237,0.02,0.01,0.99,0.98,-0.01,-0.01,78099.47,1776993597000
1776993599.353,299.353,0.02,0.01,0.99,0.98,-0.01,-0.01,78099.01,1776993598000
1776993599.967,299.967,0.02,0.01,0.99,0.98,-0.01,-0.01,78099.0,1776993599000
1776993600.455,300.455,0.02,0.01,0.99,0.98,-0.01,-0.01,78099.0,1776993599000
1776993600.811,300.811,0.02,0.01,0.99,0.98,-0.01,-0.01,78099.0,1776993599000
1776993601.165,301.165,0.02,0.01,0.99,0.98,-0.01,-0.01,78098.95,1776993600000

# RESULT,winner=Down,slug=btc-updown-5m-1776993300,ticks=642
