timestamp,elapsed_sec,up_bid,up_ask,down_bid,down_ask,up_spread,down_spread,btc_price,btc_oracle_ts
1776779700.708,0.708,0.51,0.52,0.48,0.49,0.01,0.01,75824.82,1776779698000
1776779701.175,1.175,0.51,0.52,0.48,0.49,0.01,0.01,75831.72,1776779700000
1776779701.528,1.528,0.52,0.53,0.47,0.48,0.01,0.01,75831.72,1776779700000
1776779702.135,2.135,0.52,0.53,0.46,0.48,0.01,0.02,75831.72,1776779700000
1776779702.519,2.519,0.52,0.53,0.47,0.48,0.01,0.01,75835.9,1776779701000
1776779702.872,2.872,0.53,0.55,0.46,0.47,0.02,0.01,75835.9,1776779701000
1776779703.232,3.232,0.53,0.54,0.46,0.47,0.01,0.01,75839.14,1776779702000
1776779703.684,3.684,0.53,0.54,0.47,0.48,0.01,0.01,75839.14,1776779702000
1776779704.034,4.034,0.54,0.55,0.45,0.46,0.01,0.01,75839.14,1776779702000
1776779704.588,4.588,0.56,0.57,0.43,0.44,0.01,0.01,75839.14,1776779702000
1776779704.948,4.948,0.57,0.6,0.4,0.43,0.03,0.03,75837.41,1776779703000
1776779705.283,5.283,0.6,0.63,0.37,0.4,0.03,0.03,75837.41,1776779703000
1776779705.655,5.655,0.63,0.64,0.36,0.37,0.01,0.01,75836.12,1776779704000
1776779706.014,6.014,0.64,0.65,0.35,0.37,0.01,0.02,75836.12,1776779704000
1776779706.356,6.356,0.64,0.65,0.35,0.36,0.01,0.01,75836.12,1776779704000
1776779706.69,6.69,0.64,0.65,0.35,0.36,0.01,0.01,75836.12,1776779704000
1776779707.047,7.047,0.64,0.65,0.35,0.36,0.01,0.01,75851.04,1776779705000
1776779707.464,7.464,0.64,0.65,0.35,0.36,0.01,0.01,75851.04,1776779705000
1776779707.816,7.816,0.64,0.65,0.35,0.36,0.01,0.01,75863.87,1776779706000
1776779708.562,8.562,0.64,0.65,0.35,0.36,0.01,0.01,75873.46,1776779707000
1776779708.944,8.944,0.64,0.65,0.35,0.36,0.01,0.01,75873.46,1776779707000
1776779709.289,9.289,0.67,0.68,0.32,0.33,0.01,0.01,75873.46,1776779707000
1776779709.664,9.664,0.67,0.68,0.32,0.33,0.01,0.01,75873.46,1776779707000
1776779710.03,10.03,0.67,0.68,0.32,0.33,0.01,0.01,75875.72,1776779708000
1776779710.372,10.372,0.65,0.66,0.34,0.35,0.01,0.01,75878.02,1776779709000
1776779710.706,10.706,0.64,0.66,0.34,0.35,0.02,0.01,75878.02,1776779709000
1776779711.096,11.096,0.64,0.65,0.35,0.37,0.01,0.02,75878.02,1776779709000
1776779711.445,11.445,0.64,0.66,0.34,0.36,0.02,0.02,75878.02,1776779709000
1776779711.778,11.778,0.67,0.69,0.31,0.33,0.02,0.02,75884.66,1776779710000
1776779712.115,12.115,0.67,0.68,0.32,0.33,0.01,0.01,75884.66,1776779710000
1776779712.457,12.457,0.67,0.68,0.32,0.33,0.01,0.01,75884.66,1776779710000
1776779712.805,12.805,0.66,0.67,0.33,0.35,0.01,0.02,75884.66,1776779710000
1776779713.151,13.151,0.65,0.67,0.33,0.34,0.02,0.01,75881.34,1776779711000
1776779713.489,13.489,0.64,0.66,0.34,0.36,0.02,0.02,75881.34,1776779711000
1776779713.84,13.84,0.65,0.66,0.34,0.35,0.01,0.01,75881.34,1776779711000
1776779714.211,14.211,0.65,0.66,0.34,0.35,0.01,0.01,75882.67,1776779712000
1776779714.554,14.554,0.65,0.66,0.34,0.35,0.01,0.01,75882.67,1776779712000
1776779714.959,14.959,0.65,0.66,0.34,0.35,0.01,0.01,75882.67,1776779712000
1776779715.35,15.35,0.65,0.66,0.34,0.35,0.01,0.01,75882.67,1776779712000
1776779715.706,15.706,0.65,0.66,0.34,0.35,0.01,0.01,75882.73,1776779713000
1776779716.047,16.047,0.65,0.66,0.34,0.35,0.01,0.01,75882.73,1776779713000
1776779716.445,16.445,0.63,0.64,0.36,0.37,0.01,0.01,75882.73,1776779713000
1776779716.858,16.858,0.65,0.66,0.35,0.37,0.01,0.02,75880.9,1776779714000
1776779717.242,17.242,0.65,0.66,0.34,0.35,0.01,0.01,75880.9,1776779714000
1776779717.621,17.621,0.65,0.66,0.34,0.35,0.01,0.01,75883.8,1776779715000
1776779718.194,18.194,0.66,0.67,0.33,0.35,0.01,0.02,75883.8,1776779715000
1776779718.573,18.573,0.66,0.67,0.33,0.34,0.01,0.01,75883.8,1776779715000
1776779718.993,18.993,0.66,0.67,0.33,0.34,0.01,0.01,75884.4,1776779716000
1776779719.407,19.407,0.66,0.67,0.33,0.34,0.01,0.01,75884.4,1776779716000
1776779719.741,19.741,0.66,0.67,0.33,0.34,0.01,0.01,75884.16,1776779717000
1776779720.111,20.111,0.67,0.68,0.32,0.34,0.01,0.02,75884.16,1776779717000
1776779720.624,20.624,0.67,0.68,0.32,0.33,0.01,0.01,75884.16,1776779717000
1776779720.994,20.994,0.68,0.69,0.31,0.32,0.01,0.01,75885.1,1776779718000
1776779721.375,21.375,0.68,0.69,0.31,0.32,0.01,0.01,75885.1,1776779718000
1776779721.761,21.761,0.68,0.69,0.31,0.32,0.01,0.01,75885.1,1776779718000
1776779722.11,22.11,0.68,0.69,0.31,0.32,0.01,0.01,75887.15,1776779719000
1776779722.455,22.455,0.68,0.69,0.31,0.32,0.01,0.01,75887.15,1776779720000
1776779723.078,23.078,0.68,0.69,0.31,0.32,0.01,0.01,75887.15,1776779720000
1776779723.481,23.481,0.68,0.69,0.31,0.32,0.01,0.01,75887.15,1776779720000
1776779724.038,24.038,0.68,0.69,0.31,0.32,0.01,0.01,75891.2,1776779721000
1776779724.372,24.372,0.68,0.69,0.31,0.32,0.01,0.01,75891.2,1776779721000
1776779724.873,24.873,0.68,0.69,0.31,0.32,0.01,0.01,75893.12,1776779722000
1776779725.381,25.381,0.68,0.69,0.31,0.32,0.01,0.01,75893.12,1776779722000
1776779726.502,26.502,0.68,0.69,0.31,0.32,0.01,0.01,75889.72,1776779724000
1776779726.858,26.858,0.68,0.69,0.31,0.32,0.01,0.01,75889.72,1776779724000
1776779727.193,27.193,0.68,0.69,0.31,0.32,0.01,0.01,75889.72,1776779724000
1776779727.537,27.537,0.68,0.7,0.3,0.32,0.02,0.02,75889.71,1776779725000
1776779727.918,27.918,0.69,0.71,0.29,0.32,0.02,0.03,75889.71,1776779725000
1776779728.256,28.256,0.7,0.71,0.29,0.3,0.01,0.01,75889.7,1776779726000
1776779728.597,28.597,0.7,0.72,0.28,0.3,0.02,0.02,75889.7,1776779726000
1776779728.938,28.938,0.71,0.73,0.27,0.29,0.02,0.02,75889.7,1776779726000
1776779729.282,29.282,0.72,0.73,0.27,0.28,0.01,0.01,75895.97,1776779728000
1776779729.748,29.748,0.73,0.74,0.26,0.27,0.01,0.01,75895.97,1776779728000
1776779730.173,30.173,0.73,0.74,0.26,0.27,0.01,0.01,75895.97,1776779728000
1776779730.563,30.563,0.73,0.74,0.26,0.27,0.01,0.01,75906.73,1776779729000
1776779731.061,31.061,0.73,0.74,0.26,0.27,0.01,0.01,75909.82,1776779730000
1776779731.582,31.582,0.73,0.74,0.26,0.27,0.01,0.01,75909.82,1776779730000
1776779731.929,31.929,0.73,0.74,0.26,0.27,0.01,0.01,75909.82,1776779730000
1776779732.334,32.334,0.73,0.74,0.26,0.27,0.01,0.01,75911.18,1776779731000
1776779732.672,32.672,0.73,0.74,0.26,0.27,0.01,0.01,75911.18,1776779731000
1776779733.096,33.096,0.73,0.74,0.26,0.27,0.01,0.01,75911.18,1776779731000
1776779733.613,33.613,0.74,0.75,0.25,0.26,0.01,0.01,75911.18,1776779731000
1776779734.224,34.224,0.74,0.75,0.25,0.26,0.01,0.01,75911.18,1776779731000
1776779734.881,34.881,0.74,0.75,0.25,0.26,0.01,0.01,75912.03,1776779732000
1776779735.255,35.255,0.73,0.74,0.26,0.27,0.01,0.01,75912.03,1776779733000
1776779735.641,35.641,0.73,0.74,0.26,0.27,0.01,0.01,75912.5,1776779734000
1776779736.221,36.221,0.73,0.74,0.26,0.27,0.01,0.01,75912.5,1776779734000
1776779736.571,36.571,0.73,0.74,0.26,0.27,0.01,0.01,75912.5,1776779734000
1776779736.929,36.929,0.73,0.74,0.26,0.27,0.01,0.01,75912.57,1776779735000
1776779737.301,37.301,0.73,0.74,0.26,0.27,0.01,0.01,75906.58,1776779736000
1776779737.663,37.663,0.73,0.74,0.26,0.27,0.01,0.01,75906.58,1776779736000
1776779738.014,38.014,0.73,0.74,0.25,0.27,0.01,0.02,75906.58,1776779736000
1776779738.634,38.634,0.73,0.74,0.26,0.27,0.01,0.01,75905.99,1776779737000
1776779739.015,39.015,0.73,0.74,0.26,0.27,0.01,0.01,75905.99,1776779737000
1776779739.494,39.494,0.73,0.74,0.26,0.27,0.01,0.01,75905.43,1776779738000
1776779740.103,40.103,0.73,0.74,0.26,0.27,0.01,0.01,75905.43,1776779738000
1776779740.566,40.566,0.73,0.74,0.26,0.27,0.01,0.01,75905.9,1776779739000
1776779741.031,41.031,0.73,0.74,0.26,0.27,0.01,0.01,75905.9,1776779739000
1776779741.603,41.603,0.73,0.75,0.26,0.27,0.02,0.01,75910.5,1776779740000
1776779741.936,41.936,0.75,0.77,0.24,0.25,0.02,0.01,75910.5,1776779740000
1776779742.324,42.324,0.73,0.77,0.23,0.27,0.04,0.04,75910.5,1776779740000
1776779742.666,42.666,0.77,0.79,0.21,0.23,0.02,0.02,75924.18,1776779741000
1776779743.021,43.021,0.79,0.8,0.2,0.24,0.01,0.04,75924.18,1776779741000
1776779743.387,43.387,0.8,0.82,0.19,0.2,0.02,0.01,75924.36,1776779742000
1776779743.722,43.722,0.8,0.82,0.18,0.2,0.02,0.02,75924.36,1776779742000
1776779744.071,44.071,0.82,0.84,0.16,0.18,0.02,0.02,75924.36,1776779742000
1776779744.406,44.406,0.83,0.84,0.16,0.17,0.01,0.01,75924.36,1776779742000
1776779744.769,44.769,0.83,0.84,0.16,0.17,0.01,0.01,75942.47,1776779743000
1776779745.17,45.17,0.83,0.84,0.16,0.17,0.01,0.01,75942.47,1776779743000
1776779745.517,45.517,0.83,0.84,0.16,0.17,0.01,0.01,75944.71,1776779744000
1776779745.857,45.857,0.84,0.85,0.15,0.16,0.01,0.01,75944.71,1776779744000
1776779746.371,46.371,0.84,0.85,0.15,0.16,0.01,0.01,75945.98,1776779745000
1776779746.71,46.71,0.84,0.85,0.15,0.16,0.01,0.01,75945.98,1776779745000
1776779747.142,47.142,0.84,0.85,0.15,0.16,0.01,0.01,75945.98,1776779745000
1776779747.56,47.56,0.84,0.85,0.15,0.16,0.01,0.01,75948.0,1776779746000
1776779747.899,47.899,0.84,0.85,0.15,0.16,0.01,0.01,75948.0,1776779746000
1776779748.444,48.444,0.84,0.85,0.15,0.16,0.01,0.01,75948.0,1776779746000
1776779748.802,48.802,0.84,0.85,0.15,0.16,0.01,0.01,75948.0,1776779746000
1776779749.272,49.272,0.84,0.85,0.15,0.16,0.01,0.01,75947.25,1776779747000
1776779749.754,49.754,0.84,0.85,0.15,0.16,0.01,0.01,75947.06,1776779748000
1776779750.152,50.152,0.84,0.85,0.15,0.16,0.01,0.01,75947.06,1776779748000
1776779750.552,50.552,0.84,0.85,0.15,0.16,0.01,0.01,75948.0,1776779749000
1776779750.959,50.959,0.85,0.86,0.14,0.15,0.01,0.01,75948.34,1776779750000
1776779751.409,51.409,0.85,0.86,0.14,0.15,0.01,0.01,75948.34,1776779750000
1776779751.749,51.749,0.85,0.86,0.14,0.15,0.01,0.01,75948.34,1776779750000
1776779752.1,52.1,0.85,0.86,0.14,0.15,0.01,0.01,75949.11,1776779751000
1776779752.436,52.436,0.85,0.86,0.14,0.15,0.01,0.01,75949.11,1776779751000
1776779752.82,52.82,0.85,0.86,0.14,0.15,0.01,0.01,75949.11,1776779751000
1776779753.162,53.162,0.84,0.86,0.14,0.15,0.02,0.01,75952.18,1776779752000
1776779753.585,53.585,0.84,0.85,0.15,0.16,0.01,0.01,75952.18,1776779752000
1776779753.967,53.967,0.84,0.85,0.15,0.16,0.01,0.01,75952.18,1776779752000
1776779754.322,54.322,0.84,0.85,0.15,0.16,0.01,0.01,75951.52,1776779753000
1776779754.776,54.776,0.84,0.85,0.15,0.16,0.01,0.01,75951.52,1776779753000
1776779755.13,55.13,0.84,0.85,0.15,0.16,0.01,0.01,75944.14,1776779754000
1776779755.498,55.498,0.84,0.85,0.15,0.16,0.01,0.01,75944.14,1776779754000
1776779755.839,55.839,0.84,0.85,0.15,0.16,0.01,0.01,75944.14,1776779754000
1776779756.216,56.216,0.84,0.85,0.15,0.16,0.01,0.01,75944.14,1776779754000
1776779756.622,56.622,0.84,0.85,0.15,0.16,0.01,0.01,75950.2,1776779755000
1776779757.089,57.089,0.84,0.85,0.15,0.16,0.01,0.01,75950.2,1776779755000
1776779757.624,57.624,0.84,0.85,0.15,0.16,0.01,0.01,75949.76,1776779756000
1776779758.095,58.095,0.84,0.85,0.15,0.16,0.01,0.01,75949.76,1776779756000
1776779758.487,58.487,0.84,0.85,0.15,0.16,0.01,0.01,75943.76,1776779757000
1776779758.836,58.836,0.84,0.85,0.15,0.16,0.01,0.01,75943.76,1776779757000
1776779759.6,59.6,0.84,0.85,0.15,0.16,0.01,0.01,75942.01,1776779758000
1776779760.149,60.149,0.85,0.86,0.14,0.15,0.01,0.01,75942.01,1776779758000
1776779760.541,60.541,0.85,0.86,0.14,0.15,0.01,0.01,75939.66,1776779759000
1776779760.903,60.903,0.85,0.86,0.14,0.15,0.01,0.01,75939.66,1776779759000
1776779761.25,61.25,0.85,0.86,0.14,0.15,0.01,0.01,75939.66,1776779759000
1776779762.031,62.031,0.85,0.86,0.14,0.15,0.01,0.01,75943.97,1776779760000
1776779762.44,62.44,0.85,0.86,0.14,0.15,0.01,0.01,75948.4,1776779761000
1776779763.466,63.466,0.85,0.86,0.14,0.15,0.01,0.01,75948.4,1776779761000
1776779763.877,63.877,0.85,0.86,0.14,0.15,0.01,0.01,75946.21,1776779762000
1776779764.276,64.276,0.85,0.86,0.14,0.15,0.01,0.01,75946.21,1776779762000
1776779764.61,64.61,0.85,0.86,0.14,0.15,0.01,0.01,75945.85,1776779763000
1776779764.947,64.947,0.85,0.86,0.14,0.15,0.01,0.01,75945.85,1776779763000
1776779765.283,65.283,0.85,0.86,0.14,0.15,0.01,0.01,75945.85,1776779763000
1776779765.688,65.688,0.85,0.86,0.14,0.15,0.01,0.01,75942.05,1776779764000
1776779766.12,66.12,0.85,0.86,0.14,0.15,0.01,0.01,75942.05,1776779764000
1776779766.572,66.572,0.85,0.86,0.14,0.15,0.01,0.01,75944.49,1776779765000
1776779767.007,67.007,0.84,0.85,0.15,0.16,0.01,0.01,75944.49,1776779766000
1776779767.368,67.368,0.84,0.85,0.15,0.16,0.01,0.01,75944.49,1776779766000
1776779767.746,67.746,0.84,0.86,0.14,0.16,0.02,0.02,75944.49,1776779766000
1776779768.159,68.159,0.85,0.86,0.14,0.15,0.01,0.01,75944.49,1776779766000
1776779768.65,68.65,0.85,0.86,0.14,0.15,0.01,0.01,75943.44,1776779767000
1776779769.024,69.024,0.85,0.86,0.14,0.15,0.01,0.01,75943.44,1776779767000
1776779769.613,69.613,0.85,0.86,0.14,0.15,0.01,0.01,75942.87,1776779768000
1776779770.07,70.07,0.86,0.87,0.13,0.15,0.01,0.02,75942.87,1776779768000
1776779770.432,70.432,0.86,0.87,0.13,0.14,0.01,0.01,75944.54,1776779769000
1776779770.862,70.862,0.86,0.87,0.13,0.14,0.01,0.01,75944.54,1776779769000
1776779771.541,71.541,0.86,0.87,0.13,0.14,0.01,0.01,75944.54,1776779770000
1776779771.946,71.946,0.86,0.87,0.13,0.14,0.01,0.01,75944.54,1776779770000
1776779772.305,72.305,0.86,0.87,0.13,0.14,0.01,0.01,75948.9,1776779771000
1776779772.732,72.732,0.86,0.87,0.13,0.14,0.01,0.01,75948.9,1776779771000
1776779773.136,73.136,0.84,0.85,0.14,0.16,0.01,0.02,75948.9,1776779771000
1776779773.693,73.693,0.84,0.85,0.15,0.16,0.01,0.01,75949.84,1776779772000
1776779774.396,74.396,0.84,0.85,0.15,0.16,0.01,0.01,75949.84,1776779772000
1776779774.801,74.801,0.83,0.84,0.16,0.17,0.01,0.01,75943.87,1776779773000
1776779775.148,75.148,0.81,0.82,0.18,0.19,0.01,0.01,75943.06,1776779774000
1776779775.541,75.541,0.8,0.81,0.19,0.2,0.01,0.01,75943.06,1776779774000
1776779775.876,75.876,0.8,0.81,0.19,0.2,0.01,0.01,75943.06,1776779774000
1776779776.221,76.221,0.81,0.82,0.18,0.19,0.01,0.01,75931.15,1776779775000
1776779776.612,76.612,0.82,0.84,0.16,0.18,0.02,0.02,75931.15,1776779775000
1776779777.008,77.008,0.83,0.84,0.16,0.17,0.01,0.01,75931.15,1776779775000
1776779777.347,77.347,0.83,0.84,0.16,0.17,0.01,0.01,75923.36,1776779776000
1776779777.706,77.706,0.83,0.84,0.16,0.17,0.01,0.01,75923.36,1776779776000
1776779778.129,78.129,0.83,0.84,0.16,0.17,0.01,0.01,75923.36,1776779776000
1776779778.494,78.494,0.83,0.84,0.16,0.17,0.01,0.01,75923.36,1776779776000
1776779778.851,78.851,0.83,0.84,0.16,0.17,0.01,0.01,75923.36,1776779776000
1776779779.243,79.243,0.83,0.84,0.16,0.17,0.01,0.01,75936.15,1776779777000
1776779779.588,79.588,0.83,0.84,0.16,0.17,0.01,0.01,75935.48,1776779778000
1776779780.052,80.052,0.83,0.84,0.16,0.17,0.01,0.01,75935.48,1776779778000
1776779780.557,80.557,0.83,0.84,0.16,0.17,0.01,0.01,75935.48,1776779778000
1776779781.126,81.126,0.83,0.84,0.16,0.17,0.01,0.01,75933.87,1776779780000
1776779781.464,81.464,0.83,0.84,0.16,0.17,0.01,0.01,75933.87,1776779780000
1776779781.847,81.847,0.83,0.84,0.16,0.17,0.01,0.01,75933.87,1776779780000
1776779782.284,82.284,0.83,0.84,0.16,0.17,0.01,0.01,75935.56,1776779781000
1776779782.78,82.78,0.83,0.84,0.16,0.17,0.01,0.01,75935.56,1776779781000
1776779783.209,83.209,0.83,0.84,0.16,0.17,0.01,0.01,75935.56,1776779781000
1776779783.678,83.678,0.83,0.84,0.16,0.17,0.01,0.01,75933.77,1776779782000
1776779784.041,84.041,0.83,0.84,0.16,0.17,0.01,0.01,75931.96,1776779783000
1776779785.16,85.16,0.83,0.84,0.16,0.17,0.01,0.01,75929.81,1776779784000
1776779785.544,85.544,0.83,0.85,0.16,0.17,0.02,0.01,75929.81,1776779784000
1776779786.297,86.297,0.83,0.85,0.15,0.17,0.02,0.02,75932,1776779785000
1776779786.722,86.722,0.83,0.85,0.15,0.17,0.02,0.02,75932,1776779785000
1776779787.231,87.231,0.84,0.85,0.15,0.16,0.01,0.01,75932,1776779785000
1776779787.59,87.59,0.84,0.85,0.15,0.16,0.01,0.01,75939.5,1776779786000
1776779787.968,87.968,0.84,0.85,0.14,0.16,0.01,0.02,75939.5,1776779786000
1776779788.318,88.318,0.84,0.85,0.15,0.16,0.01,0.01,75940.34,1776779787000
1776779788.822,88.822,0.84,0.85,0.15,0.16,0.01,0.01,75940.34,1776779787000
1776779789.233,89.233,0.84,0.85,0.15,0.16,0.01,0.01,75944.08,1776779788000
1776779789.636,89.636,0.84,0.86,0.14,0.16,0.02,0.02,75944.08,1776779788000
1776779790.008,90.008,0.86,0.87,0.13,0.14,0.01,0.01,75944.08,1776779788000
1776779790.41,90.41,0.86,0.87,0.13,0.14,0.01,0.01,75949.76,1776779789000
1776779790.767,90.767,0.86,0.87,0.13,0.14,0.01,0.01,75949.76,1776779789000
1776779791.101,91.101,0.86,0.87,0.13,0.14,0.01,0.01,75953.32,1776779790000
1776779791.44,91.44,0.86,0.87,0.13,0.14,0.01,0.01,75953.32,1776779790000
1776779791.82,91.82,0.86,0.87,0.13,0.14,0.01,0.01,75953.32,1776779790000
1776779792.47,92.47,0.86,0.87,0.13,0.14,0.01,0.01,75949.73,1776779791000
1776779793.077,93.077,0.86,0.87,0.13,0.14,0.01,0.01,75944.96,1776779792000
1776779793.426,93.426,0.82,0.84,0.16,0.18,0.02,0.02,75944.96,1776779792000
1776779793.824,93.824,0.83,0.84,0.16,0.17,0.01,0.01,75944.96,1776779792000
1776779794.39,94.39,0.83,0.84,0.16,0.17,0.01,0.01,75931.59,1776779793000
1776779794.725,94.725,0.83,0.84,0.16,0.17,0.01,0.01,75931.59,1776779793000
1776779795.062,95.062,0.8,0.82,0.18,0.2,0.02,0.02,75931.59,1776779793000
1776779795.548,95.548,0.8,0.81,0.19,0.2,0.01,0.01,75927.15,1776779794000
1776779795.897,95.897,0.8,0.81,0.19,0.2,0.01,0.01,75927.15,1776779794000
1776779796.235,96.235,0.8,0.81,0.19,0.2,0.01,0.01,75924.5,1776779795000
1776779796.66,96.66,0.8,0.81,0.19,0.2,0.01,0.01,75924.5,1776779795000
1776779797.007,97.007,0.81,0.82,0.18,0.19,0.01,0.01,75924.5,1776779795000
1776779797.408,97.408,0.81,0.82,0.18,0.19,0.01,0.01,75923.75,1776779796000
1776779797.832,97.832,0.81,0.82,0.18,0.19,0.01,0.01,75923.75,1776779796000
1776779798.31,98.31,0.84,0.86,0.15,0.17,0.02,0.02,75925.55,1776779797000
1776779798.732,98.732,0.85,0.86,0.14,0.15,0.01,0.01,75925.55,1776779797000
1776779799.093,99.093,0.85,0.86,0.14,0.15,0.01,0.01,75927.02,1776779798000
1776779799.433,99.433,0.86,0.87,0.13,0.15,0.01,0.02,75927.02,1776779798000
1776779799.862,99.862,0.86,0.87,0.13,0.14,0.01,0.01,75927.02,1776779798000
1776779800.248,100.248,0.86,0.87,0.13,0.14,0.01,0.01,75936.48,1776779799000
1776779800.622,100.622,0.86,0.87,0.13,0.14,0.01,0.01,75936.48,1776779799000
1776779801.033,101.033,0.87,0.88,0.12,0.13,0.01,0.01,75936.48,1776779799000
1776779801.485,101.485,0.87,0.88,0.12,0.13,0.01,0.01,75937.43,1776779800000
1776779801.832,101.832,0.87,0.88,0.12,0.13,0.01,0.01,75937.43,1776779800000
1776779802.222,102.222,0.87,0.88,0.12,0.13,0.01,0.01,75943.33,1776779801000
1776779802.578,102.578,0.87,0.88,0.12,0.13,0.01,0.01,75943.33,1776779801000
1776779802.922,102.922,0.87,0.88,0.12,0.13,0.01,0.01,75943.33,1776779801000
1776779803.431,103.431,0.87,0.88,0.12,0.13,0.01,0.01,75944.42,1776779802000
1776779803.792,103.792,0.87,0.88,0.12,0.13,0.01,0.01,75944.42,1776779802000
1776779804.218,104.218,0.87,0.88,0.12,0.13,0.01,0.01,75944.86,1776779803000
1776779804.554,104.554,0.87,0.88,0.12,0.13,0.01,0.01,75944.86,1776779803000
1776779804.894,104.894,0.87,0.88,0.12,0.13,0.01,0.01,75944.86,1776779803000
1776779805.238,105.238,0.87,0.88,0.12,0.13,0.01,0.01,75944.86,1776779803000
1776779805.578,105.578,0.87,0.88,0.12,0.13,0.01,0.01,75944.86,1776779803000
1776779805.967,105.967,0.87,0.88,0.12,0.13,0.01,0.01,75944.46,1776779804000
1776779806.436,106.436,0.87,0.88,0.12,0.13,0.01,0.01,75942.87,1776779805000
1776779806.915,106.915,0.85,0.86,0.14,0.15,0.01,0.01,75942.87,1776779805000
1776779807.354,107.354,0.84,0.85,0.15,0.16,0.01,0.01,75942.87,1776779805000
1776779807.73,107.73,0.84,0.85,0.15,0.16,0.01,0.01,75942.87,1776779805000
1776779808.172,108.172,0.82,0.83,0.17,0.18,0.01,0.01,75941.37,1776779806000
1776779808.569,108.569,0.82,0.83,0.17,0.18,0.01,0.01,75936.65,1776779807000
1776779809.118,109.118,0.82,0.83,0.17,0.18,0.01,0.01,75931.04,1776779808000
1776779810.245,110.245,0.82,0.83,0.17,0.18,0.01,0.01,75914.04,1776779809000
1776779810.965,110.965,0.8,0.83,0.17,0.18,0.03,0.01,75914.04,1776779809000
1776779811.543,111.543,0.8,0.83,0.17,0.2,0.03,0.03,75914.04,1776779809000
1776779811.896,111.896,0.78,0.83,0.17,0.21,0.05,0.04,75913.62,1776779810000
1776779812.357,112.357,0.77,0.78,0.22,0.23,0.01,0.01,75912.56,1776779811000
1776779812.735,112.735,0.79,0.8,0.2,0.23,0.01,0.03,75912.56,1776779811000
1776779813.17,113.17,0.79,0.8,0.2,0.21,0.01,0.01,75912.56,1776779811000
1776779813.551,113.551,0.8,0.83,0.17,0.2,0.03,0.03,75915.17,1776779812000
1776779813.891,113.891,0.8,0.83,0.17,0.2,0.03,0.03,75915.17,1776779812000
1776779814.231,114.231,0.8,0.85,0.15,0.2,0.05,0.05,75915.17,1776779812000
1776779814.603,114.603,0.85,0.86,0.14,0.15,0.01,0.01,75931.04,1776779813000
1776779815.027,115.027,0.85,0.86,0.14,0.15,0.01,0.01,75931.04,1776779813000
1776779815.373,115.373,0.86,0.88,0.12,0.15,0.02,0.03,75931.04,1776779813000
1776779815.767,115.767,0.86,0.87,0.13,0.14,0.01,0.01,75941.5,1776779814000
1776779816.189,116.189,0.87,0.88,0.12,0.13,0.01,0.01,75941.5,1776779814000
1776779816.548,116.548,0.87,0.88,0.12,0.13,0.01,0.01,75941.5,1776779815000
1776779816.962,116.962,0.87,0.88,0.12,0.13,0.01,0.01,75941.5,1776779815000
1776779817.312,117.312,0.87,0.89,0.12,0.13,0.02,0.01,75941.5,1776779815000
1776779817.674,117.674,0.88,0.89,0.11,0.12,0.01,0.01,75936.91,1776779816000
1776779818.153,118.153,0.88,0.89,0.11,0.12,0.01,0.01,75936.91,1776779816000
1776779818.548,118.548,0.88,0.89,0.11,0.12,0.01,0.01,75942.54,1776779817000
1776779818.884,118.884,0.88,0.89,0.11,0.12,0.01,0.01,75942.54,1776779817000
1776779819.357,119.357,0.88,0.89,0.11,0.12,0.01,0.01,75943.76,1776779818000
1776779819.711,119.711,0.88,0.89,0.11,0.12,0.01,0.01,75943.76,1776779818000
1776779820.139,120.139,0.88,0.89,0.11,0.12,0.01,0.01,75943.76,1776779818000
1776779820.48,120.48,0.88,0.89,0.11,0.12,0.01,0.01,75944.54,1776779819000
1776779820.882,120.882,0.88,0.89,0.11,0.12,0.01,0.01,75944.54,1776779819000
1776779822.121,122.121,0.88,0.89,0.11,0.12,0.01,0.01,75944.19,1776779821000
1776779822.735,122.735,0.88,0.89,0.11,0.12,0.01,0.01,75944.19,1776779821000
1776779823.18,123.18,0.88,0.89,0.11,0.12,0.01,0.01,75944.19,1776779821000
1776779823.515,123.515,0.88,0.89,0.11,0.12,0.01,0.01,75944.47,1776779822000
1776779823.853,123.853,0.88,0.9,0.1,0.12,0.02,0.02,75944.47,1776779822000
1776779824.193,124.193,0.89,0.9,0.1,0.11,0.01,0.01,75944.47,1776779822000
1776779824.566,124.566,0.91,0.92,0.08,0.09,0.01,0.01,75944.84,1776779823000
1776779824.901,124.901,0.92,0.93,0.07,0.08,0.01,0.01,75944.84,1776779823000
1776779825.28,125.28,0.92,0.93,0.07,0.08,0.01,0.01,75947.63,1776779824000
1776779825.656,125.656,0.92,0.93,0.07,0.08,0.01,0.01,75947.63,1776779824000
1776779826.028,126.028,0.92,0.93,0.07,0.08,0.01,0.01,75947.63,1776779824000
1776779826.493,126.493,0.92,0.93,0.07,0.08,0.01,0.01,75964.14,1776779825000
1776779826.937,126.937,0.92,0.93,0.07,0.08,0.01,0.01,75964.14,1776779825000
1776779827.564,127.564,0.91,0.93,0.07,0.08,0.02,0.01,75970.07,1776779826000
1776779827.957,127.957,0.91,0.92,0.08,0.09,0.01,0.01,75970.07,1776779826000
1776779828.293,128.293,0.91,0.92,0.08,0.09,0.01,0.01,75970.07,1776779826000
1776779828.694,128.694,0.91,0.92,0.08,0.09,0.01,0.01,75968.89,1776779827000
1776779829.065,129.065,0.91,0.92,0.08,0.09,0.01,0.01,75968.89,1776779827000
1776779829.499,129.499,0.9,0.91,0.09,0.1,0.01,0.01,75962.02,1776779828000
1776779830.004,130.004,0.9,0.91,0.09,0.1,0.01,0.01,75962.02,1776779828000
1776779830.358,130.358,0.9,0.91,0.09,0.1,0.01,0.01,75962.02,1776779828000
1776779830.76,130.76,0.9,0.91,0.09,0.1,0.01,0.01,75957.51,1776779829000
1776779831.265,131.265,0.9,0.91,0.09,0.1,0.01,0.01,75957.51,1776779829000
1776779831.754,131.754,0.9,0.91,0.09,0.1,0.01,0.01,75950.69,1776779830000
1776779832.243,132.243,0.9,0.91,0.09,0.1,0.01,0.01,75951.86,1776779831000
1776779832.615,132.615,0.9,0.91,0.09,0.1,0.01,0.01,75951.86,1776779831000
1776779832.955,132.955,0.9,0.91,0.09,0.1,0.01,0.01,75951.86,1776779831000
1776779833.34,133.34,0.9,0.91,0.09,0.1,0.01,0.01,75954.01,1776779832000
1776779833.77,133.77,0.9,0.91,0.09,0.1,0.01,0.01,75954.01,1776779832000
1776779834.151,134.151,0.9,0.91,0.09,0.1,0.01,0.01,75952.22,1776779833000
1776779834.484,134.484,0.9,0.91,0.09,0.1,0.01,0.01,75952.22,1776779833000
1776779834.946,134.946,0.9,0.91,0.09,0.1,0.01,0.01,75952.22,1776779833000
1776779835.289,135.289,0.9,0.91,0.09,0.1,0.01,0.01,75952.22,1776779833000
1776779835.625,135.625,0.9,0.91,0.09,0.1,0.01,0.01,75944.68,1776779834000
1776779836.004,136.004,0.9,0.91,0.09,0.1,0.01,0.01,75944.68,1776779834000
1776779836.567,136.567,0.9,0.91,0.09,0.1,0.01,0.01,75944.89,1776779835000
1776779836.97,136.97,0.9,0.91,0.09,0.1,0.01,0.01,75944.89,1776779835000
1776779837.766,137.766,0.9,0.91,0.09,0.1,0.01,0.01,75944.79,1776779836000
1776779838.164,138.164,0.9,0.91,0.09,0.1,0.01,0.01,75940.79,1776779837000
1776779838.532,138.532,0.89,0.91,0.09,0.1,0.02,0.01,75940.79,1776779837000
1776779838.976,138.976,0.89,0.9,0.1,0.11,0.01,0.01,75940.79,1776779837000
1776779839.411,139.411,0.89,0.9,0.1,0.11,0.01,0.01,75939.75,1776779838000
1776779839.759,139.759,0.89,0.9,0.1,0.11,0.01,0.01,75939.75,1776779838000
1776779840.117,140.117,0.86,0.87,0.11,0.13,0.01,0.02,75939.75,1776779838000
1776779840.464,140.464,0.85,0.87,0.13,0.14,0.02,0.01,75939.75,1776779839000
1776779840.808,140.808,0.85,0.86,0.14,0.15,0.01,0.01,75939.75,1776779839000
1776779841.15,141.15,0.85,0.86,0.14,0.15,0.01,0.01,75939.75,1776779839000
1776779841.492,141.492,0.85,0.86,0.14,0.15,0.01,0.01,75939.75,1776779839000
1776779841.834,141.834,0.85,0.86,0.14,0.15,0.01,0.01,75931.81,1776779840000
1776779842.173,142.173,0.86,0.87,0.13,0.15,0.01,0.02,75927.87,1776779841000
1776779842.52,142.52,0.86,0.87,0.13,0.14,0.01,0.01,75927.87,1776779841000
1776779842.877,142.877,0.86,0.87,0.13,0.14,0.01,0.01,75927.87,1776779841000
1776779843.972,143.972,0.87,0.88,0.13,0.14,0.01,0.01,75924.84,1776779842000
1776779844.387,144.387,0.88,0.9,0.11,0.12,0.02,0.01,75925.54,1776779843000
1776779844.742,144.742,0.89,0.9,0.1,0.11,0.01,0.01,75925.54,1776779843000
1776779845.119,145.119,0.89,0.9,0.1,0.11,0.01,0.01,75925.54,1776779843000
1776779845.538,145.538,0.89,0.9,0.1,0.11,0.01,0.01,75925.54,1776779843000
1776779845.966,145.966,0.89,0.9,0.1,0.11,0.01,0.01,75929.95,1776779844000
1776779846.309,146.309,0.89,0.9,0.1,0.11,0.01,0.01,75934.56,1776779845000
1776779846.707,146.707,0.89,0.9,0.1,0.11,0.01,0.01,75934.56,1776779845000
1776779847.091,147.091,0.89,0.9,0.1,0.11,0.01,0.01,75934.56,1776779845000
1776779847.489,147.489,0.89,0.9,0.1,0.11,0.01,0.01,75938.62,1776779846000
1776779847.884,147.884,0.89,0.9,0.1,0.11,0.01,0.01,75938.62,1776779846000
1776779848.318,148.318,0.89,0.9,0.1,0.11,0.01,0.01,75938.62,1776779847000
1776779848.726,148.726,0.89,0.9,0.1,0.11,0.01,0.01,75938.62,1776779847000
1776779849.224,149.224,0.89,0.9,0.1,0.11,0.01,0.01,75939.58,1776779848000
1776779849.858,149.858,0.89,0.9,0.1,0.11,0.01,0.01,75939.58,1776779848000
1776779850.715,150.715,0.89,0.9,0.1,0.11,0.01,0.01,75939.2,1776779849000
1776779851.107,151.107,0.89,0.9,0.1,0.11,0.01,0.01,75939.2,1776779850000
1776779851.753,151.753,0.89,0.9,0.1,0.11,0.01,0.01,75939.2,1776779850000
1776779852.253,152.253,0.89,0.9,0.1,0.11,0.01,0.01,75939.2,1776779850000
1776779852.599,152.599,0.89,0.9,0.1,0.11,0.01,0.01,75931.78,1776779851000
1776779852.995,152.995,0.89,0.9,0.1,0.11,0.01,0.01,75931.65,1776779852000
1776779853.437,153.437,0.9,0.91,0.09,0.1,0.01,0.01,75931.65,1776779852000
1776779854.032,154.032,0.9,0.91,0.09,0.1,0.01,0.01,75931.65,1776779852000
1776779854.466,154.466,0.9,0.91,0.09,0.1,0.01,0.01,75933.52,1776779853000
1776779855.249,155.249,0.9,0.91,0.09,0.1,0.01,0.01,75933.52,1776779853000
1776779855.671,155.671,0.9,0.91,0.09,0.1,0.01,0.01,75938.88,1776779854000
1776779856.186,156.186,0.9,0.91,0.09,0.1,0.01,0.01,75938.88,1776779854000
1776779856.585,156.585,0.9,0.91,0.09,0.1,0.01,0.01,75936.5,1776779855000
1776779857.189,157.189,0.9,0.91,0.09,0.1,0.01,0.01,75936.5,1776779856000
1776779857.767,157.767,0.88,0.89,0.11,0.12,0.01,0.01,75936.5,1776779856000
1776779858.348,158.348,0.88,0.89,0.11,0.12,0.01,0.01,75936.5,1776779856000
1776779858.763,158.763,0.87,0.88,0.12,0.13,0.01,0.01,75932.46,1776779857000
1776779859.148,159.148,0.87,0.88,0.12,0.13,0.01,0.01,75932.46,1776779857000
1776779859.53,159.53,0.87,0.88,0.12,0.13,0.01,0.01,75924.1,1776779858000
1776779859.925,159.925,0.87,0.88,0.12,0.13,0.01,0.01,75924.1,1776779858000
1776779860.466,160.466,0.88,0.89,0.12,0.13,0.01,0.01,75924.1,1776779858000
1776779860.851,160.851,0.89,0.9,0.11,0.12,0.01,0.01,75924.1,1776779858000
1776779861.194,161.194,0.89,0.9,0.1,0.11,0.01,0.01,75920.63,1776779859000
1776779861.621,161.621,0.89,0.9,0.1,0.11,0.01,0.01,75920.63,1776779859000
1776779862.235,162.235,0.89,0.9,0.1,0.11,0.01,0.01,75922.49,1776779861000
1776779862.633,162.633,0.89,0.9,0.1,0.11,0.01,0.01,75922.49,1776779861000
1776779863.009,163.009,0.89,0.9,0.1,0.11,0.01,0.01,75922.49,1776779861000
1776779863.525,163.525,0.89,0.9,0.1,0.11,0.01,0.01,75922.49,1776779861000
1776779863.912,163.912,0.89,0.9,0.1,0.11,0.01,0.01,75926.87,1776779862000
1776779864.266,164.266,0.89,0.9,0.1,0.11,0.01,0.01,75928.9,1776779863000
1776779864.658,164.658,0.89,0.9,0.1,0.11,0.01,0.01,75928.9,1776779863000
1776779865.103,165.103,0.89,0.9,0.1,0.11,0.01,0.01,75923.73,1776779864000
1776779865.602,165.602,0.9,0.91,0.09,0.11,0.01,0.02,75923.73,1776779864000
1776779865.992,165.992,0.91,0.92,0.08,0.09,0.01,0.01,75923.73,1776779864000
1776779866.35,166.35,0.91,0.92,0.08,0.09,0.01,0.01,75924.9,1776779865000
1776779866.703,166.703,0.91,0.92,0.08,0.09,0.01,0.01,75924.9,1776779865000
1776779867.135,167.135,0.91,0.92,0.08,0.09,0.01,0.01,75924.9,1776779865000
1776779867.659,167.659,0.91,0.92,0.08,0.09,0.01,0.01,75924.9,1776779865000
1776779868.134,168.134,0.92,0.93,0.07,0.09,0.01,0.02,75924.9,1776779865000
1776779868.796,168.796,0.92,0.93,0.07,0.08,0.01,0.01,75928.29,1776779867000
1776779869.182,169.182,0.92,0.93,0.07,0.08,0.01,0.01,75928.29,1776779867000
1776779869.605,169.605,0.92,0.93,0.07,0.08,0.01,0.01,75932.61,1776779868000
1776779869.989,169.989,0.92,0.93,0.07,0.08,0.01,0.01,75932.61,1776779868000
1776779870.352,170.352,0.92,0.94,0.06,0.08,0.02,0.02,75935.26,1776779869000
1776779871.015,171.015,0.93,0.94,0.06,0.07,0.01,0.01,75935.26,1776779869000
1776779871.402,171.402,0.93,0.94,0.06,0.07,0.01,0.01,75937.1,1776779870000
1776779871.972,171.972,0.93,0.94,0.06,0.07,0.01,0.01,75937.1,1776779870000
1776779872.387,172.387,0.93,0.94,0.06,0.07,0.01,0.01,75941.32,1776779871000
1776779872.738,172.738,0.93,0.94,0.06,0.07,0.01,0.01,75941.32,1776779871000
1776779873.085,173.085,0.93,0.94,0.06,0.07,0.01,0.01,75943.1,1776779872000
1776779873.481,173.481,0.93,0.94,0.06,0.07,0.01,0.01,75943.1,1776779872000
1776779874.249,174.249,0.93,0.95,0.05,0.07,0.02,0.02,75944.71,1776779873000
1776779874.627,174.627,0.94,0.95,0.05,0.06,0.01,0.01,75944.71,1776779873000
1776779875.017,175.017,0.94,0.95,0.05,0.06,0.01,0.01,75944.71,1776779873000
1776779875.361,175.361,0.94,0.95,0.05,0.06,0.01,0.01,75944.71,1776779873000
1776779875.782,175.782,0.94,0.95,0.05,0.06,0.01,0.01,75944.71,1776779873000
1776779876.264,176.264,0.94,0.95,0.05,0.06,0.01,0.01,75944.71,1776779873000
1776779876.711,176.711,0.94,0.95,0.05,0.06,0.01,0.01,75944.71,1776779873000
1776779877.463,177.463,0.94,0.95,0.05,0.06,0.01,0.01,75944.71,1776779873000
1776779877.803,177.803,0.94,0.95,0.05,0.06,0.01,0.01,75944.71,1776779873000
1776779878.154,178.154,0.94,0.95,0.05,0.06,0.01,0.01,75944.71,1776779873000
1776779878.641,178.641,0.93,0.94,0.06,0.07,0.01,0.01,75940.16,1776779877000
1776779879.694,179.694,0.93,0.94,0.06,0.07,0.01,0.01,75940.16,1776779877000
1776779880.031,180.031,0.93,0.94,0.06,0.07,0.01,0.01,75933.78,1776779878000
1776779880.386,180.386,0.93,0.94,0.06,0.07,0.01,0.01,75933.78,1776779878000
1776779880.814,180.814,0.92,0.93,0.07,0.08,0.01,0.01,75930.27,1776779879000
1776779881.222,181.222,0.92,0.93,0.07,0.08,0.01,0.01,75930.27,1776779879000
1776779881.572,181.572,0.92,0.93,0.07,0.08,0.01,0.01,75930.2,1776779880000
1776779881.962,181.962,0.92,0.93,0.07,0.08,0.01,0.01,75930.2,1776779880000
1776779882.354,182.354,0.9,0.92,0.08,0.1,0.02,0.02,75930.2,1776779880000
1776779882.807,182.807,0.88,0.9,0.1,0.12,0.02,0.02,75928.13,1776779881000
1776779883.23,183.23,0.88,0.89,0.11,0.12,0.01,0.01,75928.13,1776779881000
1776779883.578,183.578,0.88,0.89,0.11,0.12,0.01,0.01,75928.13,1776779881000
1776779884.123,184.123,0.88,0.89,0.11,0.12,0.01,0.01,75919.8,1776779882000
1776779884.614,184.614,0.88,0.89,0.11,0.12,0.01,0.01,75912.29,1776779883000
1776779885.034,185.034,0.88,0.89,0.11,0.12,0.01,0.01,75912.29,1776779883000
1776779885.561,185.561,0.88,0.89,0.11,0.12,0.01,0.01,75911.3,1776779884000
1776779885.894,185.894,0.85,0.86,0.14,0.15,0.01,0.01,75911.3,1776779884000
1776779886.24,186.24,0.85,0.86,0.14,0.15,0.01,0.01,75911.23,1776779885000
1776779886.618,186.618,0.85,0.86,0.14,0.15,0.01,0.01,75911.23,1776779885000
1776779886.965,186.965,0.85,0.86,0.14,0.15,0.01,0.01,75911.23,1776779885000
1776779887.302,187.302,0.85,0.88,0.12,0.15,0.03,0.03,75911.23,1776779885000
1776779887.648,187.648,0.86,0.87,0.13,0.14,0.01,0.01,75900.85,1776779886000
1776779888.091,188.091,0.87,0.88,0.12,0.13,0.01,0.01,75900.85,1776779886000
1776779888.459,188.459,0.87,0.88,0.12,0.13,0.01,0.01,75897.03,1776779887000
1776779888.887,188.887,0.87,0.88,0.12,0.13,0.01,0.01,75897.03,1776779887000
1776779889.395,189.395,0.87,0.88,0.12,0.13,0.01,0.01,75897.03,1776779887000
1776779889.827,189.827,0.87,0.88,0.12,0.13,0.01,0.01,75897.03,1776779887000
1776779890.344,190.344,0.87,0.88,0.12,0.13,0.01,0.01,75905.52,1776779888000
1776779890.923,190.923,0.87,0.88,0.12,0.13,0.01,0.01,75906.59,1776779889000
1776779891.321,191.321,0.87,0.88,0.12,0.13,0.01,0.01,75906.59,1776779889000
1776779891.944,191.944,0.87,0.88,0.12,0.13,0.01,0.01,75906.59,1776779890000
1776779892.382,192.382,0.87,0.88,0.12,0.13,0.01,0.01,75907.33,1776779891000
1776779892.729,192.729,0.87,0.88,0.12,0.13,0.01,0.01,75907.33,1776779891000
1776779893.212,193.212,0.86,0.87,0.12,0.14,0.01,0.02,75907.33,1776779891000
1776779893.636,193.636,0.86,0.87,0.13,0.14,0.01,0.01,75907.33,1776779891000
1776779894.234,194.234,0.88,0.89,0.11,0.12,0.01,0.01,75907.35,1776779892000
1776779894.651,194.651,0.88,0.89,0.11,0.12,0.01,0.01,75907.82,1776779893000
1776779895.203,195.203,0.88,0.89,0.11,0.12,0.01,0.01,75907.48,1776779894000
1776779895.972,195.972,0.88,0.9,0.11,0.12,0.02,0.01,75907.48,1776779894000
1776779896.681,196.681,0.88,0.9,0.1,0.12,0.02,0.02,75907.91,1776779895000
1776779897.143,197.143,0.88,0.91,0.09,0.12,0.03,0.03,75907.91,1776779895000
1776779897.524,197.524,0.9,0.92,0.08,0.1,0.02,0.02,75907.91,1776779895000
1776779897.995,197.995,0.9,0.91,0.08,0.1,0.01,0.02,75915.87,1776779896000
1776779898.371,198.371,0.91,0.92,0.08,0.09,0.01,0.01,75920.85,1776779897000
1776779899.236,199.236,0.92,0.93,0.07,0.08,0.01,0.01,75924.45,1776779898000
1776779899.634,199.634,0.92,0.93,0.07,0.08,0.01,0.01,75924.45,1776779898000
1776779900.178,200.178,0.92,0.94,0.06,0.08,0.02,0.02,75924.1,1776779899000
1776779900.832,200.832,0.92,0.94,0.06,0.08,0.02,0.02,75924.1,1776779899000
1776779901.186,201.186,0.92,0.93,0.07,0.08,0.01,0.01,75919.52,1776779900000
1776779901.554,201.554,0.92,0.93,0.07,0.08,0.01,0.01,75919.52,1776779900000
1776779901.995,201.995,0.92,0.93,0.07,0.08,0.01,0.01,75919.52,1776779900000
1776779902.479,202.479,0.92,0.93,0.07,0.08,0.01,0.01,75916.79,1776779901000
1776779902.945,202.945,0.92,0.93,0.07,0.08,0.01,0.01,75916.79,1776779901000
1776779903.323,203.323,0.92,0.95,0.07,0.08,0.03,0.01,75915.23,1776779902000
1776779904.196,204.196,0.92,0.95,0.05,0.08,0.03,0.03,75919.04,1776779903000
1776779905.146,205.146,0.94,0.95,0.05,0.06,0.01,0.01,75925.69,1776779904000
1776779905.626,205.626,0.94,0.95,0.05,0.06,0.01,0.01,75925.69,1776779904000
1776779906.088,206.088,0.95,0.96,0.04,0.05,0.01,0.01,75925.69,1776779904000
1776779906.434,206.434,0.95,0.96,0.04,0.05,0.01,0.01,75934.57,1776779905000
1776779906.768,206.768,0.96,0.97,0.03,0.05,0.01,0.02,75934.57,1776779905000
1776779907.113,207.113,0.96,0.97,0.03,0.04,0.01,0.01,75938.64,1776779906000
1776779907.463,207.463,0.96,0.97,0.03,0.04,0.01,0.01,75938.64,1776779906000
1776779907.933,207.933,0.96,0.97,0.03,0.04,0.01,0.01,75938.64,1776779906000
1776779908.347,208.347,0.96,0.97,0.03,0.04,0.01,0.01,75941.36,1776779907000
1776779908.777,208.777,0.96,0.97,0.03,0.04,0.01,0.01,75941.36,1776779907000
1776779909.183,209.183,0.96,0.97,0.03,0.04,0.01,0.01,75941.36,1776779907000
1776779909.539,209.539,0.96,0.97,0.03,0.04,0.01,0.01,75945.12,1776779908000
1776779909.966,209.966,0.96,0.97,0.03,0.04,0.01,0.01,75945.12,1776779908000
1776779910.319,210.319,0.96,0.97,0.03,0.04,0.01,0.01,75945.12,1776779908000
1776779910.689,210.689,0.96,0.97,0.03,0.04,0.01,0.01,75945.12,1776779908000
1776779911.201,211.201,0.96,0.97,0.03,0.04,0.01,0.01,75947.07,1776779909000
1776779911.62,211.62,0.96,0.97,0.03,0.04,0.01,0.01,75946.78,1776779910000
1776779912.213,212.213,0.96,0.97,0.03,0.04,0.01,0.01,75946.78,1776779910000
1776779912.605,212.605,0.96,0.97,0.03,0.04,0.01,0.01,75946.74,1776779911000
1776779912.953,212.953,0.96,0.97,0.03,0.04,0.01,0.01,75946.74,1776779911000
1776779913.337,213.337,0.96,0.97,0.03,0.04,0.01,0.01,75941.73,1776779912000
1776779913.844,213.844,0.96,0.97,0.03,0.04,0.01,0.01,75941.73,1776779912000
1776779914.356,214.356,0.96,0.97,0.03,0.04,0.01,0.01,75935.78,1776779913000
1776779915.006,215.006,0.96,0.97,0.03,0.04,0.01,0.01,75932.42,1776779914000
1776779915.434,215.434,0.96,0.97,0.03,0.04,0.01,0.01,75932.42,1776779914000
1776779915.799,215.799,0.96,0.97,0.03,0.04,0.01,0.01,75932.42,1776779914000
1776779916.193,216.193,0.96,0.97,0.03,0.04,0.01,0.01,75932.42,1776779915000
1776779916.701,216.701,0.96,0.97,0.03,0.04,0.01,0.01,75932.42,1776779915000
1776779917.041,217.041,0.96,0.97,0.03,0.04,0.01,0.01,75932.42,1776779915000
1776779917.39,217.39,0.96,0.97,0.03,0.04,0.01,0.01,75935.36,1776779916000
1776779917.886,217.886,0.96,0.97,0.03,0.04,0.01,0.01,75935.36,1776779916000
1776779918.253,218.253,0.96,0.97,0.03,0.04,0.01,0.01,75935.36,1776779916000
1776779919.019,219.019,0.96,0.97,0.03,0.04,0.01,0.01,75935.75,1776779917000
1776779919.581,219.581,0.96,0.97,0.03,0.04,0.01,0.01,75935.83,1776779918000
1776779920.108,220.108,0.96,0.97,0.02,0.04,0.01,0.02,75935.83,1776779918000
1776779920.548,220.548,0.96,0.97,0.03,0.04,0.01,0.01,75939.14,1776779919000
1776779920.918,220.918,0.96,0.97,0.03,0.04,0.01,0.01,75939.14,1776779919000
1776779921.272,221.272,0.96,0.97,0.03,0.04,0.01,0.01,75939.14,1776779919000
1776779921.632,221.632,0.96,0.97,0.03,0.04,0.01,0.01,75939.02,1776779920000
1776779921.968,221.968,0.96,0.97,0.03,0.04,0.01,0.01,75939.02,1776779920000
1776779922.433,222.433,0.96,0.97,0.03,0.04,0.01,0.01,75934.31,1776779921000
1776779923.024,223.024,0.96,0.97,0.03,0.04,0.01,0.01,75929.69,1776779922000
1776779924.055,224.055,0.96,0.97,0.03,0.04,0.01,0.01,75929.69,1776779922000
1776779924.871,224.871,0.96,0.97,0.03,0.04,0.01,0.01,75927.69,1776779923000
1776779925.213,225.213,0.96,0.97,0.03,0.04,0.01,0.01,75927.69,1776779923000
1776779925.599,225.599,0.96,0.97,0.03,0.04,0.01,0.01,75926.8,1776779924000
1776779926.294,226.294,0.96,0.97,0.03,0.04,0.01,0.01,75926.8,1776779924000
1776779926.764,226.764,0.97,0.98,0.02,0.04,0.01,0.02,75925.83,1776779925000
1776779927.299,227.299,0.97,0.98,0.02,0.03,0.01,0.01,75925.83,1776779925000
1776779927.964,227.964,0.97,0.98,0.02,0.03,0.01,0.01,75925.98,1776779926000
1776779928.391,228.391,0.97,0.98,0.02,0.03,0.01,0.01,75928.54,1776779927000
1776779928.871,228.871,0.97,0.98,0.02,0.03,0.01,0.01,75928.54,1776779927000
1776779929.455,229.455,0.97,0.98,0.02,0.03,0.01,0.01,75928.54,1776779927000
1776779929.992,229.992,0.97,0.98,0.02,0.03,0.01,0.01,75934.13,1776779928000
1776779930.387,230.387,0.97,0.98,0.02,0.03,0.01,0.01,75935.02,1776779929000
1776779930.802,230.802,0.97,0.98,0.02,0.03,0.01,0.01,75935.02,1776779929000
1776779931.574,231.574,0.97,0.98,0.02,0.03,0.01,0.01,75935.04,1776779930000
1776779931.993,231.993,0.97,0.98,0.02,0.03,0.01,0.01,75935.04,1776779930000
1776779932.37,232.37,0.97,0.98,0.02,0.03,0.01,0.01,75935.04,1776779930000
1776779932.805,232.805,0.97,0.98,0.02,0.03,0.01,0.01,75925.59,1776779931000
1776779933.297,233.297,0.97,0.98,0.02,0.03,0.01,0.01,75925.59,1776779931000
1776779934.019,234.019,0.97,0.98,0.02,0.03,0.01,0.01,75924.06,1776779932000
1776779934.451,234.451,0.97,0.98,0.02,0.03,0.01,0.01,75924.06,1776779932000
1776779934.925,234.925,0.97,0.98,0.02,0.03,0.01,0.01,75925.34,1776779933000
1776779935.706,235.706,0.97,0.98,0.02,0.03,0.01,0.01,75925.99,1776779934000
1776779936.323,236.323,0.97,0.98,0.02,0.03,0.01,0.01,75927.66,1776779935000
1776779937.278,237.278,0.97,0.98,0.02,0.03,0.01,0.01,75927.66,1776779935000
1776779937.626,237.626,0.97,0.98,0.02,0.03,0.01,0.01,75927.66,1776779935000
1776779938.091,238.091,0.97,0.98,0.02,0.03,0.01,0.01,75926.49,1776779936000
1776779938.486,238.486,0.97,0.98,0.02,0.03,0.01,0.01,75926.49,1776779937000
1776779938.838,238.838,0.98,0.99,0.01,0.02,0.01,0.01,75926.49,1776779937000
1776779939.199,239.199,0.98,0.99,0.01,0.02,0.01,0.01,75926.57,1776779938000
1776779939.736,239.736,0.98,0.99,0.01,0.02,0.01,0.01,75926.57,1776779938000
1776779940.366,240.366,0.98,0.99,0.01,0.02,0.01,0.01,75926.57,1776779938000
1776779940.738,240.738,0.98,0.99,0.01,0.02,0.01,0.01,75928.73,1776779939000
1776779941.436,241.436,0.98,0.99,0.01,0.02,0.01,0.01,75928.73,1776779939000
1776779941.795,241.795,0.98,0.99,0.01,0.02,0.01,0.01,75928.69,1776779940000
1776779942.241,242.241,0.98,0.99,0.01,0.02,0.01,0.01,75928.69,1776779940000
1776779942.646,242.646,0.98,0.99,0.01,0.02,0.01,0.01,75928.54,1776779941000
1776779943.0,243.0,0.98,0.99,0.01,0.02,0.01,0.01,75928.54,1776779941000
1776779943.476,243.476,0.98,0.99,0.01,0.02,0.01,0.01,75928.54,1776779941000
1776779944.121,244.121,0.98,0.99,0.01,0.02,0.01,0.01,75932.0,1776779943000
1776779944.694,244.694,0.98,0.99,0.01,0.02,0.01,0.01,75932.0,1776779943000
1776779945.114,245.114,0.98,0.99,0.01,0.02,0.01,0.01,75932.66,1776779944000
1776779945.713,245.713,0.98,0.99,0.01,0.02,0.01,0.01,75932.66,1776779944000
1776779946.102,246.102,0.98,0.99,0.01,0.02,0.01,0.01,75923.63,1776779945000
1776779946.48,246.48,0.98,0.99,0.01,0.02,0.01,0.01,75923.63,1776779945000
1776779946.927,246.927,0.98,0.99,0.01,0.02,0.01,0.01,75923.63,1776779945000
1776779947.773,247.773,0.98,0.99,0.01,0.02,0.01,0.01,75922.61,1776779946000
1776779948.549,248.549,0.98,0.99,0.01,0.02,0.01,0.01,75922.62,1776779947000
1776779949.022,249.022,0.98,0.99,0.01,0.02,0.01,0.01,75922.62,1776779947000
1776779949.672,249.672,0.97,0.98,0.02,0.03,0.01,0.01,75920.08,1776779948000
1776779950.055,250.055,0.97,0.98,0.02,0.03,0.01,0.01,75920.08,1776779948000
1776779950.549,250.549,0.97,0.98,0.02,0.03,0.01,0.01,75920.08,1776779949000
1776779951.045,251.045,0.97,0.98,0.02,0.03,0.01,0.01,75913.7,1776779950000
1776779951.559,251.559,0.98,0.99,0.01,0.03,0.01,0.02,75913.7,1776779950000
1776779951.897,251.897,0.98,0.99,0.01,0.02,0.01,0.01,75913.7,1776779950000
1776779952.257,252.257,0.98,0.99,0.01,0.02,0.01,0.01,75912.81,1776779951000
1776779952.876,252.876,0.98,0.99,0.01,0.02,0.01,0.01,75912.81,1776779951000
1776779953.765,253.765,0.98,0.99,0.01,0.02,0.01,0.01,75913.97,1776779952000
1776779954.22,254.22,0.98,0.99,0.01,0.02,0.01,0.01,75914.28,1776779953000
1776779954.773,254.773,0.98,0.99,0.01,0.02,0.01,0.01,75914.28,1776779953000
1776779955.316,255.316,0.98,0.99,0.01,0.02,0.01,0.01,75913.95,1776779954000
1776779955.654,255.654,0.98,0.99,0.01,0.02,0.01,0.01,75913.95,1776779954000
1776779956.072,256.072,0.98,0.99,0.01,0.02,0.01,0.01,75913.95,1776779954000
1776779956.609,256.609,0.98,0.99,0.01,0.02,0.01,0.01,75914.74,1776779955000
1776779957.209,257.209,0.98,0.99,0.01,0.02,0.01,0.01,75914.74,1776779955000
1776779957.609,257.609,0.98,0.99,0.01,0.02,0.01,0.01,75914.1,1776779956000
1776779957.948,257.948,0.98,0.99,0.01,0.02,0.01,0.01,75914.1,1776779956000
1776779958.29,258.29,0.98,0.99,0.01,0.02,0.01,0.01,75913.22,1776779957000
1776779958.73,258.73,0.98,0.99,0.01,0.02,0.01,0.01,75913.22,1776779957000
1776779959.085,259.085,0.98,0.99,0.01,0.02,0.01,0.01,75913.22,1776779957000
1776779959.425,259.425,0.98,0.99,0.01,0.02,0.01,0.01,75913.22,1776779957000
1776779959.838,259.838,0.98,0.99,0.01,0.02,0.01,0.01,75913.21,1776779958000
1776779960.192,260.192,0.98,0.99,0.01,0.02,0.01,0.01,75913.21,1776779959000
1776779960.594,260.594,0.98,0.99,0.01,0.02,0.01,0.01,75913.21,1776779959000
1776779960.974,260.974,0.98,0.99,0.01,0.02,0.01,0.01,75913.65,1776779960000
1776779961.32,261.32,0.98,0.99,0.01,0.02,0.01,0.01,75913.65,1776779960000
1776779962.024,262.024,0.98,0.99,0.01,0.02,0.01,0.01,75913.65,1776779960000
1776779962.527,262.527,0.98,0.99,0.01,0.02,0.01,0.01,75913.65,1776779961000
1776779963.115,263.115,0.98,0.99,0.01,0.02,0.01,0.01,75915.32,1776779962000
1776779963.504,263.504,0.98,0.99,0.01,0.02,0.01,0.01,75915.32,1776779962000
1776779963.977,263.977,0.98,0.99,0.01,0.02,0.01,0.01,75915.32,1776779962000
1776779964.512,264.512,0.98,0.99,0.01,0.02,0.01,0.01,75913.56,1776779963000
1776779964.967,264.967,0.98,0.99,0.01,0.02,0.01,0.01,75913.56,1776779963000
1776779965.313,265.313,0.98,0.99,0.01,0.02,0.01,0.01,75913.19,1776779964000
1776779966.091,266.091,0.98,0.99,0.01,0.02,0.01,0.01,75913.19,1776779964000
1776779966.507,266.507,0.98,0.99,0.01,0.02,0.01,0.01,75913.19,1776779965000
1776779966.86,266.86,0.97,0.98,0.01,0.03,0.01,0.02,75913.19,1776779965000
1776779967.268,267.268,0.95,0.96,0.04,0.05,0.01,0.01,75913.27,1776779966000
1776779967.683,267.683,0.96,0.97,0.03,0.04,0.01,0.01,75913.27,1776779966000
1776779968.023,268.023,0.96,0.97,0.03,0.04,0.01,0.01,75913.27,1776779966000
1776779968.421,268.421,0.97,0.98,0.02,0.03,0.01,0.01,75911.25,1776779967000
1776779968.807,268.807,0.96,0.97,0.03,0.04,0.01,0.01,75911.25,1776779967000
1776779969.142,269.142,0.95,0.96,0.04,0.05,0.01,0.01,75911.25,1776779967000
1776779969.475,269.475,0.96,0.97,0.03,0.04,0.01,0.01,75899.39,1776779968000
1776779969.864,269.864,0.96,0.97,0.03,0.04,0.01,0.01,75899.39,1776779968000
1776779970.22,270.22,0.96,0.99,0.01,0.04,0.03,0.03,75895.91,1776779969000
1776779970.561,270.561,0.96,0.97,0.03,0.04,0.01,0.01,75895.91,1776779969000
1776779971.122,271.122,0.97,0.98,0.02,0.03,0.01,0.01,75895.91,1776779969000
1776779971.498,271.498,0.97,0.98,0.02,0.03,0.01,0.01,75890.36,1776779970000
1776779971.902,271.902,0.97,0.98,0.02,0.03,0.01,0.01,75890.36,1776779970000
1776779972.262,272.262,0.97,0.99,0.02,0.03,0.02,0.01,75890.36,1776779970000
1776779972.61,272.61,0.98,0.99,0.01,0.02,0.01,0.01,75887.73,1776779971000
1776779972.95,272.95,0.98,0.99,0.01,0.02,0.01,0.01,75887.73,1776779971000
1776779973.462,273.462,0.98,0.99,0.01,0.02,0.01,0.01,75887.84,1776779972000
1776779973.842,273.842,0.98,0.99,0.01,0.02,0.01,0.01,75887.84,1776779972000
1776779974.218,274.218,0.98,0.99,0.01,0.02,0.01,0.01,75887.84,1776779973000
1776779974.937,274.937,0.98,0.99,0.01,0.02,0.01,0.01,75887.83,1776779974000
1776779975.292,275.292,0.98,0.99,0.01,0.02,0.01,0.01,75887.83,1776779974000
1776779975.66,275.66,0.98,0.99,0.01,0.02,0.01,0.01,75887.83,1776779974000
1776779976.0,276.0,0.98,0.99,0.01,0.02,0.01,0.01,75887.83,1776779974000
1776779976.398,276.398,0.98,0.99,0.01,0.02,0.01,0.01,75887.08,1776779975000
1776779976.98,276.98,0.98,0.99,0.01,0.02,0.01,0.01,75887.08,1776779975000
1776779977.386,277.386,0.98,0.99,0.01,0.02,0.01,0.01,75887.08,1776779975000
1776779977.942,277.942,0.98,0.99,0.01,0.02,0.01,0.01,75886.05,1776779977000
1776779978.359,278.359,0.98,0.99,0.01,0.03,0.01,0.02,75886.05,1776779977000
1776779978.751,278.751,0.99,0.99,0.01,0.01,0.0,0.0,75886.05,1776779977000
1776779979.185,279.185,0.98,0.99,0.01,0.02,0.01,0.01,75883.88,1776779978000
1776779979.553,279.553,0.98,0.99,0.01,0.02,0.01,0.01,75883.88,1776779978000
1776779980.016,280.016,0.98,0.99,0.01,0.02,0.01,0.01,75883.88,1776779978000
1776779980.373,280.373,0.98,0.99,0.01,0.03,0.01,0.02,75884.91,1776779979000
1776779980.976,280.976,0.98,0.99,0.01,0.02,0.01,0.01,75884.91,1776779979000
1776779981.332,281.332,0.97,0.99,0.01,0.02,0.02,0.01,75884.91,1776779979000
1776779981.923,281.923,0.96,0.97,0.01,0.02,0.01,0.01,75886.91,1776779980000
1776779982.366,282.366,0.95,0.97,0.03,0.05,0.02,0.02,75886.91,1776779981000
1776779982.715,282.715,0.96,0.97,0.03,0.04,0.01,0.01,75886.91,1776779981000
1776779983.14,283.14,0.96,0.97,0.03,0.04,0.01,0.01,75886.91,1776779981000
1776779983.564,283.564,0.96,0.97,0.03,0.05,0.01,0.02,75883.97,1776779982000
1776779983.958,283.958,0.96,0.97,0.03,0.04,0.01,0.01,75883.97,1776779982000
1776779984.36,284.36,0.96,0.97,0.03,0.04,0.01,0.01,75883.97,1776779982000
1776779984.927,284.927,0.97,0.98,0.02,0.03,0.01,0.01,75879.83,1776779983000
1776779985.322,285.322,0.98,0.99,0.01,0.02,0.01,0.01,75879.83,1776779983000
1776779985.674,285.674,0.98,0.99,0.01,0.02,0.01,0.01,75879.83,1776779983000
1776779986.231,286.231,0.98,0.99,0.01,0.02,0.01,0.01,75874.79,1776779984000
1776779986.681,286.681,0.98,0.99,0.01,0.02,0.01,0.01,75874.79,1776779984000
1776779987.148,287.148,0.98,0.99,0.01,0.02,0.01,0.01,75873.78,1776779985000
1776779987.51,287.51,0.98,0.99,0.01,0.02,0.01,0.01,75873.21,1776779986000
1776779987.867,287.867,0.98,0.99,0.01,0.02,0.01,0.01,75873.21,1776779986000
1776779988.45,288.45,0.98,0.99,0.01,0.02,0.01,0.01,75874.59,1776779987000
1776779988.855,288.855,0.98,0.99,0.01,0.02,0.01,0.01,75874.59,1776779987000
1776779989.386,289.386,0.98,0.99,0.01,0.02,0.01,0.01,75876.13,1776779988000
1776779989.811,289.811,0.98,0.99,0.01,0.02,0.01,0.01,75876.13,1776779988000
1776779990.338,290.338,0.99,0.99,0.01,0.01,0.0,0.0,75876.36,1776779989000
1776779990.696,290.696,0.99,0.99,0.01,0.01,0.0,0.0,75876.36,1776779989000
1776779991.033,291.033,0.99,0.99,0.01,0.01,0.0,0.0,75876.36,1776779989000
1776779991.793,291.793,0.99,0.99,0.01,0.01,0.0,0.0,75883.06,1776779990000
1776779992.218,292.218,0.99,0.99,0.01,0.01,0.0,0.0,75883.52,1776779991000
1776779992.564,292.564,0.99,0.99,0.01,0.01,0.0,0.0,75883.52,1776779991000
1776779993.093,293.093,0.99,0.99,0.01,0.01,0.0,0.0,75886.42,1776779992000
1776779994.254,294.254,0.99,0.99,0.01,0.01,0.0,0.0,75886.49,1776779993000
1776779994.899,294.899,0.99,0.99,0.01,0.01,0.0,0.0,75886.49,1776779993000
1776779995.431,295.431,0.99,0.99,0.01,0.01,0.0,0.0,75893.45,1776779994000
1776779996.033,296.033,0.99,0.99,0.01,0.01,0.0,0.0,75895.71,1776779995000
1776779997.003,297.003,0.99,0.99,0.01,0.01,0.0,0.0,75895.71,1776779995000
1776779998.039,298.039,0.99,0.99,0.01,0.01,0.0,0.0,75904.25,1776779996000
1776779998.449,298.449,0.99,0.99,0.01,0.01,0.0,0.0,75909.91,1776779997000
1776779999.278,299.278,0.99,0.99,0.01,0.01,0.0,0.0,75917.21,1776779998000
1776780000.412,300.412,0.99,0.99,0.01,0.01,0.0,0.0,75919.12,1776779999000

# RESULT,winner=Up,slug=btc-updown-5m-1776779700,ticks=668
