timestamp,elapsed_sec,up_bid,up_ask,down_bid,down_ask,up_spread,down_spread,btc_price,btc_oracle_ts
1777107300.662,0.662,0.45,0.47,0.54,0.55,0.02,0.01,77645.76,1777107299000
1777107301.018,1.018,0.45,0.46,0.54,0.55,0.01,0.01,77645.76,1777107299000
1777107301.433,1.433,0.45,0.46,0.54,0.55,0.01,0.01,77645.76,1777107299000
1777107301.827,1.827,0.46,0.47,0.53,0.54,0.01,0.01,77645.81,1777107300000
1777107302.272,2.272,0.46,0.47,0.53,0.54,0.01,0.01,77645.72,1777107301000
1777107302.64,2.64,0.46,0.47,0.53,0.54,0.01,0.01,77645.72,1777107301000
1777107303.01,3.01,0.46,0.47,0.53,0.54,0.01,0.01,77645.52,1777107302000
1777107303.579,3.579,0.46,0.47,0.53,0.54,0.01,0.01,77645.52,1777107302000
1777107304.197,4.197,0.46,0.47,0.53,0.54,0.01,0.01,77645.52,1777107302000
1777107304.73,4.73,0.46,0.47,0.53,0.54,0.01,0.01,77645.52,1777107303000
1777107305.34,5.34,0.46,0.47,0.53,0.54,0.01,0.01,77645.51,1777107304000
1777107305.887,5.887,0.42,0.46,0.53,0.63,0.04,0.1,77645.51,1777107304000
1777107306.262,6.262,0.46,0.47,0.53,0.58,0.01,0.05,77645.51,1777107305000
1777107306.602,6.602,0.42,0.43,0.53,0.62,0.01,0.09,77645.51,1777107305000
1777107306.974,6.974,0.39,0.43,0.57,0.61,0.04,0.04,77645.44,1777107306000
1777107307.346,7.346,0.42,0.43,0.57,0.58,0.01,0.01,77645.44,1777107306000
1777107307.935,7.935,0.41,0.43,0.57,0.58,0.02,0.01,77645.44,1777107306000
1777107308.394,8.394,0.4,0.42,0.58,0.59,0.02,0.01,77645.57,1777107307000
1777107308.73,8.73,0.41,0.42,0.58,0.59,0.01,0.01,77645.57,1777107307000
1777107309.133,9.133,0.41,0.42,0.58,0.59,0.01,0.01,77645.57,1777107307000
1777107309.964,9.964,0.41,0.42,0.58,0.59,0.01,0.01,77645.57,1777107308000
1777107310.345,10.345,0.41,0.42,0.58,0.59,0.01,0.01,77645.59,1777107309000
1777107310.815,10.815,0.42,0.43,0.57,0.59,0.01,0.02,77645.59,1777107309000
1777107311.251,11.251,0.42,0.43,0.57,0.58,0.01,0.01,77645.57,1777107310000
1777107311.852,11.852,0.42,0.43,0.57,0.58,0.01,0.01,77645.57,1777107310000
1777107312.186,12.186,0.42,0.43,0.57,0.58,0.01,0.01,77645.58,1777107311000
1777107312.66,12.66,0.41,0.43,0.57,0.58,0.02,0.01,77645.58,1777107311000
1777107313.171,13.171,0.41,0.42,0.57,0.59,0.01,0.02,77645.58,1777107311000
1777107313.524,13.524,0.41,0.42,0.58,0.59,0.01,0.01,77645.59,1777107312000
1777107314.005,14.005,0.41,0.42,0.58,0.59,0.01,0.01,77645.57,1777107313000
1777107314.345,14.345,0.41,0.42,0.58,0.59,0.01,0.01,77645.57,1777107313000
1777107314.791,14.791,0.41,0.42,0.58,0.59,0.01,0.01,77645.57,1777107313000
1777107315.243,15.243,0.42,0.44,0.57,0.58,0.02,0.01,77645.5,1777107314000
1777107315.827,15.827,0.43,0.44,0.56,0.58,0.01,0.02,77645.5,1777107314000
1777107316.204,16.204,0.43,0.44,0.56,0.57,0.01,0.01,77645.5,1777107314000
1777107316.695,16.695,0.44,0.45,0.55,0.56,0.01,0.01,77645.52,1777107315000
1777107317.081,17.081,0.45,0.46,0.54,0.55,0.01,0.01,77645.22,1777107316000
1777107317.671,17.671,0.45,0.46,0.54,0.55,0.01,0.01,77645.22,1777107316000
1777107318.141,18.141,0.45,0.46,0.54,0.55,0.01,0.01,77645.22,1777107316000
1777107318.474,18.474,0.45,0.46,0.54,0.55,0.01,0.01,77645.09,1777107317000
1777107318.923,18.923,0.45,0.46,0.54,0.55,0.01,0.01,77645.09,1777107318000
1777107320.242,20.242,0.45,0.46,0.54,0.55,0.01,0.01,77644.2,1777107319000
1777107320.827,20.827,0.45,0.46,0.54,0.55,0.01,0.01,77644.2,1777107319000
1777107321.205,21.205,0.45,0.46,0.54,0.55,0.01,0.01,77644.2,1777107319000
1777107321.544,21.544,0.45,0.46,0.54,0.55,0.01,0.01,77643.93,1777107320000
1777107322.105,22.105,0.45,0.46,0.54,0.55,0.01,0.01,77643.93,1777107321000
1777107322.516,22.516,0.45,0.46,0.54,0.55,0.01,0.01,77643.93,1777107321000
1777107323.008,23.008,0.45,0.46,0.54,0.55,0.01,0.01,77643.93,1777107321000
1777107323.555,23.555,0.45,0.46,0.54,0.55,0.01,0.01,77644.07,1777107322000
1777107324.081,24.081,0.45,0.46,0.54,0.55,0.01,0.01,77643.47,1777107323000
1777107324.535,24.535,0.45,0.46,0.54,0.55,0.01,0.01,77643.47,1777107323000
1777107324.926,24.926,0.43,0.44,0.56,0.57,0.01,0.01,77643.47,1777107323000
1777107325.314,25.314,0.43,0.44,0.56,0.57,0.01,0.01,77643.47,1777107323000
1777107326.007,26.007,0.43,0.44,0.56,0.57,0.01,0.01,77643.01,1777107325000
1777107327.191,27.191,0.43,0.44,0.56,0.57,0.01,0.01,77641.91,1777107326000
1777107328.36,28.36,0.43,0.44,0.56,0.57,0.01,0.01,77641.61,1777107327000
1777107328.791,28.791,0.43,0.44,0.56,0.57,0.01,0.01,77641.61,1777107327000
1777107329.791,29.791,0.43,0.44,0.56,0.57,0.01,0.01,77641.61,1777107328000
1777107330.224,30.224,0.35,0.39,0.61,0.65,0.04,0.04,77641.61,1777107328000
1777107330.771,30.771,0.32,0.33,0.67,0.69,0.01,0.02,77641.06,1777107329000
1777107331.115,31.115,0.32,0.33,0.67,0.68,0.01,0.01,77641.06,1777107329000
1777107331.468,31.468,0.31,0.32,0.68,0.69,0.01,0.01,77641.1,1777107330000
1777107331.835,31.835,0.31,0.32,0.68,0.69,0.01,0.01,77641.1,1777107330000
1777107332.197,32.197,0.31,0.32,0.68,0.69,0.01,0.01,77641.1,1777107330000
1777107332.543,32.543,0.31,0.33,0.67,0.68,0.02,0.01,77641.1,1777107330000
1777107332.923,32.923,0.31,0.32,0.68,0.69,0.01,0.01,77636.97,1777107331000
1777107333.322,33.322,0.31,0.32,0.68,0.69,0.01,0.01,77636.94,1777107332000
1777107333.797,33.797,0.31,0.32,0.68,0.69,0.01,0.01,77636.94,1777107332000
1777107334.832,34.832,0.31,0.32,0.68,0.69,0.01,0.01,77636.66,1777107333000
1777107335.591,35.591,0.31,0.32,0.68,0.69,0.01,0.01,77636.41,1777107334000
1777107335.977,35.977,0.3,0.32,0.68,0.7,0.02,0.02,77636.41,1777107334000
1777107336.311,36.311,0.29,0.32,0.68,0.71,0.03,0.03,77635.73,1777107335000
1777107336.669,36.669,0.31,0.32,0.68,0.7,0.01,0.02,77635.73,1777107335000
1777107337.011,37.011,0.3,0.32,0.68,0.7,0.02,0.02,77636.1,1777107336000
1777107337.396,37.396,0.31,0.32,0.68,0.69,0.01,0.01,77636.1,1777107336000
1777107337.796,37.796,0.31,0.32,0.68,0.69,0.01,0.01,77636.1,1777107336000
1777107338.18,38.18,0.31,0.32,0.68,0.69,0.01,0.01,77636.28,1777107337000
1777107338.612,38.612,0.31,0.34,0.68,0.69,0.03,0.01,77636.28,1777107337000
1777107339.037,39.037,0.32,0.33,0.67,0.68,0.01,0.01,77636.28,1777107337000
1777107339.545,39.545,0.31,0.32,0.67,0.69,0.01,0.02,77637.02,1777107338000
1777107340.074,40.074,0.32,0.33,0.68,0.69,0.01,0.01,77637.02,1777107338000
1777107340.43,40.43,0.34,0.35,0.66,0.67,0.01,0.01,77637.02,1777107339000
1777107340.793,40.793,0.35,0.38,0.64,0.65,0.03,0.01,77637.02,1777107339000
1777107341.18,41.18,0.36,0.37,0.63,0.64,0.01,0.01,77637.06,1777107340000
1777107342.157,42.157,0.36,0.37,0.63,0.64,0.01,0.01,77637.03,1777107341000
1777107342.513,42.513,0.36,0.37,0.63,0.64,0.01,0.01,77637.03,1777107341000
1777107342.995,42.995,0.36,0.37,0.63,0.64,0.01,0.01,77637.03,1777107341000
1777107343.352,43.352,0.36,0.37,0.63,0.64,0.01,0.01,77637.03,1777107341000
1777107343.783,43.783,0.36,0.37,0.63,0.64,0.01,0.01,77639.94,1777107342000
1777107344.219,44.219,0.36,0.37,0.63,0.64,0.01,0.01,77639.94,1777107342000
1777107344.643,44.643,0.36,0.37,0.63,0.64,0.01,0.01,77639.94,1777107343000
1777107344.997,44.997,0.36,0.37,0.63,0.64,0.01,0.01,77639.94,1777107343000
1777107345.704,45.704,0.36,0.37,0.63,0.64,0.01,0.01,77640.99,1777107344000
1777107346.133,46.133,0.37,0.39,0.61,0.63,0.02,0.02,77640.82,1777107345000
1777107346.603,46.603,0.37,0.38,0.62,0.63,0.01,0.01,77640.82,1777107345000
1777107347.913,47.913,0.37,0.38,0.62,0.63,0.01,0.01,77640.94,1777107346000
1777107348.495,48.495,0.37,0.38,0.62,0.63,0.01,0.01,77641.01,1777107347000
1777107349.56,49.56,0.37,0.38,0.62,0.63,0.01,0.01,77641.01,1777107347000
1777107349.99,49.99,0.37,0.38,0.62,0.63,0.01,0.01,77640.99,1777107348000
1777107350.342,50.342,0.37,0.38,0.62,0.63,0.01,0.01,77640.99,1777107348000
1777107350.689,50.689,0.37,0.38,0.62,0.63,0.01,0.01,77640.99,1777107348000
1777107351.239,51.239,0.37,0.38,0.62,0.63,0.01,0.01,77641.03,1777107350000
1777107351.607,51.607,0.37,0.38,0.62,0.63,0.01,0.01,77641.03,1777107350000
1777107352.449,52.449,0.37,0.38,0.62,0.63,0.01,0.01,77641.0,1777107351000
1777107353.234,53.234,0.37,0.38,0.62,0.63,0.01,0.01,77641.0,1777107351000
1777107354.609,54.609,0.37,0.39,0.62,0.63,0.02,0.01,77641.01,1777107352000
1777107354.979,54.979,0.38,0.39,0.61,0.62,0.01,0.01,77641.01,1777107353000
1777107355.314,55.314,0.38,0.39,0.61,0.62,0.01,0.01,77640.99,1777107354000
1777107355.668,55.668,0.38,0.39,0.61,0.62,0.01,0.01,77640.99,1777107354000
1777107356.044,56.044,0.38,0.39,0.61,0.62,0.01,0.01,77640.99,1777107355000
1777107357.003,57.003,0.4,0.41,0.59,0.62,0.01,0.03,77640.99,1777107355000
1777107357.522,57.522,0.38,0.41,0.59,0.62,0.03,0.03,77640.99,1777107355000
1777107358.034,58.034,0.4,0.41,0.58,0.62,0.01,0.04,77641.07,1777107356000
1777107358.892,58.892,0.4,0.41,0.59,0.6,0.01,0.01,77641.07,1777107357000
1777107359.233,59.233,0.4,0.41,0.59,0.6,0.01,0.01,77641.07,1777107357000
1777107359.867,59.867,0.4,0.41,0.59,0.6,0.01,0.01,77641.08,1777107358000
1777107360.207,60.207,0.4,0.41,0.59,0.6,0.01,0.01,77641.06,1777107359000
1777107361.147,61.147,0.4,0.41,0.59,0.6,0.01,0.01,77641.06,1777107359000
1777107361.484,61.484,0.4,0.41,0.59,0.6,0.01,0.01,77641.97,1777107360000
1777107361.954,61.954,0.4,0.41,0.59,0.6,0.01,0.01,77641.97,1777107360000
1777107362.889,62.889,0.4,0.41,0.59,0.6,0.01,0.01,77642.05,1777107361000
1777107363.697,63.697,0.39,0.41,0.59,0.61,0.02,0.02,77642.03,1777107362000
1777107364.301,64.301,0.39,0.41,0.59,0.61,0.02,0.02,77642.06,1777107363000
1777107364.729,64.729,0.4,0.41,0.59,0.6,0.01,0.01,77642.06,1777107363000
1777107365.49,65.49,0.39,0.4,0.59,0.62,0.01,0.03,77642.06,1777107363000
1777107365.967,65.967,0.39,0.4,0.6,0.61,0.01,0.01,77642.06,1777107363000
1777107366.438,66.438,0.39,0.4,0.6,0.61,0.01,0.01,77642.03,1777107365000
1777107367.252,67.252,0.39,0.4,0.6,0.61,0.01,0.01,77642.04,1777107366000
1777107368.031,68.031,0.39,0.4,0.6,0.61,0.01,0.01,77642.04,1777107366000
1777107368.423,68.423,0.39,0.4,0.6,0.61,0.01,0.01,77642.06,1777107367000
1777107368.879,68.879,0.39,0.4,0.6,0.61,0.01,0.01,77642.06,1777107367000
1777107369.845,69.845,0.39,0.4,0.6,0.61,0.01,0.01,77642.06,1777107368000
1777107370.361,70.361,0.39,0.4,0.6,0.61,0.01,0.01,77642.06,1777107369000
1777107370.767,70.767,0.39,0.4,0.6,0.62,0.01,0.02,77642.06,1777107369000
1777107371.424,71.424,0.39,0.4,0.6,0.62,0.01,0.02,77642.06,1777107369000
1777107372.032,72.032,0.38,0.4,0.6,0.62,0.02,0.02,77642.03,1777107371000
1777107372.604,72.604,0.39,0.4,0.6,0.61,0.01,0.01,77642.03,1777107371000
1777107373.092,73.092,0.39,0.4,0.6,0.61,0.01,0.01,77642.03,1777107371000
1777107373.474,73.474,0.39,0.4,0.6,0.61,0.01,0.01,77642.05,1777107372000
1777107373.927,73.927,0.39,0.4,0.6,0.61,0.01,0.01,77642.05,1777107372000
1777107374.327,74.327,0.39,0.4,0.6,0.61,0.01,0.01,77642.05,1777107372000
1777107374.661,74.661,0.39,0.4,0.6,0.61,0.01,0.01,77642.04,1777107373000
1777107375.17,75.17,0.38,0.4,0.6,0.62,0.02,0.02,77642.04,1777107373000
1777107375.651,75.651,0.38,0.39,0.6,0.61,0.01,0.01,77642.04,1777107374000
1777107376.111,76.111,0.38,0.39,0.61,0.62,0.01,0.01,77642.04,1777107375000
1777107376.73,76.73,0.38,0.4,0.61,0.62,0.02,0.01,77642.04,1777107375000
1777107377.36,77.36,0.38,0.4,0.6,0.62,0.02,0.02,77642.28,1777107376000
1777107378.364,78.364,0.38,0.4,0.6,0.62,0.02,0.02,77642.29,1777107377000
1777107378.997,78.997,0.39,0.4,0.6,0.62,0.01,0.02,77642.29,1777107377000
1777107379.339,79.339,0.39,0.4,0.6,0.61,0.01,0.01,77642.29,1777107378000
1777107379.696,79.696,0.39,0.4,0.6,0.61,0.01,0.01,77642.29,1777107378000
1777107380.047,80.047,0.4,0.41,0.59,0.6,0.01,0.01,77642.09,1777107379000
1777107380.55,80.55,0.4,0.41,0.59,0.6,0.01,0.01,77642.09,1777107379000
1777107381.18,81.18,0.4,0.41,0.59,0.6,0.01,0.01,77642.09,1777107379000
1777107381.869,81.869,0.4,0.41,0.59,0.6,0.01,0.01,77642.1,1777107380000
1777107382.416,82.416,0.4,0.41,0.59,0.6,0.01,0.01,77642.1,1777107380000
1777107382.767,82.767,0.4,0.41,0.59,0.6,0.01,0.01,77642.09,1777107381000
1777107383.316,83.316,0.4,0.44,0.59,0.6,0.04,0.01,77642.09,1777107381000
1777107384.048,84.048,0.4,0.41,0.59,0.6,0.01,0.01,77642.32,1777107383000
1777107384.637,84.637,0.4,0.41,0.59,0.6,0.01,0.01,77642.32,1777107383000
1777107385.418,85.418,0.41,0.51,0.57,0.6,0.1,0.03,77642.32,1777107383000
1777107386.151,86.151,0.41,0.52,0.48,0.58,0.11,0.1,77642.3,1777107385000
1777107386.612,86.612,0.42,0.56,0.4,0.58,0.14,0.18,77642.3,1777107385000
1777107386.947,86.947,0.41,0.43,0.57,0.59,0.02,0.02,77642.3,1777107385000
1777107387.288,87.288,0.42,0.49,0.52,0.58,0.07,0.06,77642.3,1777107385000
1777107387.796,87.796,0.47,0.48,0.52,0.53,0.01,0.01,77641.12,1777107386000
1777107388.154,88.154,0.47,0.48,0.52,0.53,0.01,0.01,77641.12,1777107386000
1777107388.49,88.49,0.44,0.45,0.55,0.56,0.01,0.01,77641.12,1777107387000
1777107388.845,88.845,0.44,0.45,0.55,0.56,0.01,0.01,77641.12,1777107387000
1777107389.52,89.52,0.47,0.48,0.4,0.56,0.01,0.16,77641.12,1777107387000
1777107389.874,89.874,0.48,0.49,0.51,0.52,0.01,0.01,77641.31,1777107388000
1777107390.414,90.414,0.48,0.49,0.51,0.52,0.01,0.01,77641.17,1777107389000
1777107391.168,91.168,0.48,0.49,0.51,0.52,0.01,0.01,77641.17,1777107390000
1777107391.586,91.586,0.48,0.49,0.51,0.52,0.01,0.01,77641.17,1777107390000
1777107392.7,92.7,0.48,0.49,0.51,0.52,0.01,0.01,77641.28,1777107391000
1777107393.479,93.479,0.48,0.49,0.51,0.52,0.01,0.01,77641.28,1777107392000
1777107393.925,93.925,0.48,0.49,0.51,0.52,0.01,0.01,77641.28,1777107392000
1777107394.376,94.376,0.48,0.49,0.51,0.52,0.01,0.01,77640.72,1777107393000
1777107394.785,94.785,0.48,0.49,0.51,0.52,0.01,0.01,77640.72,1777107393000
1777107395.186,95.186,0.48,0.49,0.51,0.52,0.01,0.01,77640.72,1777107393000
1777107395.537,95.537,0.46,0.47,0.51,0.54,0.01,0.03,77640.72,1777107393000
1777107396.031,96.031,0.46,0.47,0.53,0.54,0.01,0.01,77640.99,1777107394000
1777107396.446,96.446,0.41,0.47,0.53,0.59,0.06,0.06,77640.78,1777107395000
1777107397.126,97.126,0.44,0.45,0.55,0.56,0.01,0.01,77640.78,1777107395000
1777107397.5,97.5,0.46,0.47,0.55,0.56,0.01,0.01,77640.78,1777107396000
1777107397.854,97.854,0.52,0.53,0.43,0.48,0.01,0.05,77640.78,1777107396000
1777107398.313,98.313,0.55,0.56,0.44,0.48,0.01,0.04,77640.78,1777107396000
1777107398.827,98.827,0.55,0.56,0.44,0.45,0.01,0.01,77640.94,1777107397000
1777107399.477,99.477,0.48,0.49,0.44,0.45,0.01,0.01,77640.94,1777107397000
1777107399.966,99.966,0.48,0.49,0.51,0.52,0.01,0.01,77640.94,1777107397000
1777107400.497,100.497,0.48,0.56,0.51,0.52,0.08,0.01,77640.83,1777107398000
1777107400.869,100.869,0.47,0.48,0.52,0.53,0.01,0.01,77641.11,1777107399000
1777107401.253,101.253,0.46,0.48,0.52,0.54,0.02,0.02,77640.85,1777107400000
1777107401.601,101.601,0.46,0.48,0.52,0.54,0.02,0.02,77640.85,1777107400000
1777107401.936,101.936,0.46,0.49,0.51,0.54,0.03,0.03,77640.85,1777107400000
1777107402.437,102.437,0.47,0.49,0.51,0.52,0.02,0.01,77640.85,1777107400000
1777107402.77,102.77,0.47,0.48,0.52,0.53,0.01,0.01,77640.9,1777107401000
1777107403.194,103.194,0.49,0.5,0.5,0.51,0.01,0.01,77640.89,1777107402000
1777107403.671,103.671,0.49,0.5,0.5,0.51,0.01,0.01,77640.89,1777107402000
1777107404.051,104.051,0.49,0.5,0.5,0.51,0.01,0.01,77640.89,1777107402000
1777107404.386,104.386,0.49,0.5,0.5,0.51,0.01,0.01,77640.89,1777107403000
1777107404.871,104.871,0.49,0.5,0.5,0.51,0.01,0.01,77640.89,1777107403000
1777107405.345,105.345,0.49,0.5,0.5,0.51,0.01,0.01,77640.85,1777107404000
1777107406.09,106.09,0.49,0.5,0.5,0.51,0.01,0.01,77640.85,1777107404000
1777107406.914,106.914,0.49,0.5,0.5,0.51,0.01,0.01,77640.93,1777107405000
1777107407.257,107.257,0.49,0.5,0.5,0.51,0.01,0.01,77640.33,1777107406000
1777107407.901,107.901,0.5,0.53,0.48,0.5,0.03,0.02,77640.33,1777107406000
1777107408.326,108.326,0.5,0.53,0.47,0.5,0.03,0.03,77640.33,1777107407000
1777107408.754,108.754,0.51,0.6,0.47,0.5,0.09,0.03,77640.33,1777107407000
1777107409.293,109.293,0.5,0.53,0.36,0.5,0.03,0.14,77640.72,1777107408000
1777107409.873,109.873,0.51,0.52,0.48,0.5,0.01,0.02,77640.72,1777107408000
1777107410.751,110.751,0.51,0.52,0.47,0.49,0.01,0.02,77640.78,1777107409000
1777107411.095,111.095,0.5,0.51,0.48,0.49,0.01,0.01,77640.78,1777107409000
1777107411.463,111.463,0.5,0.51,0.49,0.5,0.01,0.01,77640.88,1777107410000
1777107411.826,111.826,0.5,0.51,0.49,0.5,0.01,0.01,77640.88,1777107410000
1777107412.415,112.415,0.5,0.55,0.45,0.5,0.05,0.05,77640.9,1777107411000
1777107412.929,112.929,0.51,0.52,0.48,0.49,0.01,0.01,77640.08,1777107412000
1777107413.332,113.332,0.51,0.52,0.48,0.49,0.01,0.01,77640.08,1777107412000
1777107413.962,113.962,0.51,0.52,0.48,0.49,0.01,0.01,77640.08,1777107413000
1777107414.382,114.382,0.51,0.52,0.48,0.49,0.01,0.01,77640.08,1777107413000
1777107415.042,115.042,0.51,0.53,0.48,0.49,0.02,0.01,77640.08,1777107413000
1777107415.421,115.421,0.52,0.53,0.47,0.49,0.01,0.02,77640.46,1777107414000
1777107415.969,115.969,0.4,0.53,0.45,0.52,0.13,0.07,77640.46,1777107414000
1777107416.538,116.538,0.53,0.54,0.46,0.47,0.01,0.01,77638.3,1777107415000
1777107416.951,116.951,0.53,0.54,0.46,0.47,0.01,0.01,77638.3,1777107415000
1777107417.46,117.46,0.53,0.54,0.46,0.47,0.01,0.01,77640.52,1777107416000
1777107418.12,118.12,0.39,0.42,0.57,0.59,0.03,0.02,77640.52,1777107416000
1777107418.643,118.643,0.41,0.42,0.58,0.59,0.01,0.01,77640.41,1777107417000
1777107419.101,119.101,0.41,0.42,0.58,0.59,0.01,0.01,77640.41,1777107417000
1777107419.491,119.491,0.41,0.42,0.58,0.59,0.01,0.01,77640.41,1777107417000
1777107420.189,120.189,0.41,0.43,0.57,0.59,0.02,0.02,77640.46,1777107418000
1777107420.624,120.624,0.41,0.42,0.57,0.59,0.01,0.02,77638.55,1777107419000
1777107421.269,121.269,0.41,0.42,0.58,0.59,0.01,0.01,77638.55,1777107420000
1777107421.892,121.892,0.41,0.42,0.58,0.59,0.01,0.01,77638.55,1777107420000
1777107422.233,122.233,0.41,0.42,0.58,0.59,0.01,0.01,77638.55,1777107420000
1777107422.885,122.885,0.41,0.42,0.58,0.59,0.01,0.01,77639.1,1777107421000
1777107423.377,123.377,0.41,0.43,0.57,0.59,0.02,0.02,77639.18,1777107422000
1777107423.793,123.793,0.41,0.43,0.57,0.59,0.02,0.02,77639.18,1777107422000
1777107424.14,124.14,0.41,0.42,0.58,0.59,0.01,0.01,77639.21,1777107423000
1777107424.512,124.512,0.41,0.42,0.58,0.59,0.01,0.01,77639.21,1777107423000
1777107424.984,124.984,0.41,0.42,0.58,0.59,0.01,0.01,77639.21,1777107423000
1777107425.383,125.383,0.41,0.48,0.58,0.59,0.07,0.01,77639.21,1777107424000
1777107425.728,125.728,0.4,0.41,0.54,0.61,0.01,0.07,77639.21,1777107424000
1777107426.275,126.275,0.4,0.41,0.59,0.6,0.01,0.01,77638.48,1777107425000
1777107426.701,126.701,0.4,0.49,0.59,0.6,0.09,0.01,77638.48,1777107425000
1777107427.411,127.411,0.43,0.44,0.56,0.57,0.01,0.01,77639.02,1777107426000
1777107427.971,127.971,0.43,0.44,0.56,0.57,0.01,0.01,77639.02,1777107426000
1777107428.754,128.754,0.42,0.44,0.56,0.57,0.02,0.01,77638.88,1777107427000
1777107429.658,129.658,0.42,0.44,0.56,0.58,0.02,0.02,77638.87,1777107428000
1777107430.045,130.045,0.42,0.43,0.56,0.58,0.01,0.02,77638.87,1777107428000
1777107430.392,130.392,0.42,0.43,0.57,0.58,0.01,0.01,77638.87,1777107428000
1777107430.761,130.761,0.42,0.44,0.56,0.58,0.02,0.02,77638.87,1777107429000
1777107431.139,131.139,0.44,0.46,0.54,0.56,0.02,0.02,77638.87,1777107429000
1777107431.541,131.541,0.43,0.44,0.55,0.58,0.01,0.03,77638.51,1777107430000
1777107431.875,131.875,0.43,0.44,0.56,0.57,0.01,0.01,77638.51,1777107430000
1777107432.301,132.301,0.43,0.44,0.56,0.57,0.01,0.01,77638.51,1777107431000
1777107432.694,132.694,0.44,0.46,0.55,0.57,0.02,0.02,77638.51,1777107431000
1777107433.332,133.332,0.45,0.46,0.54,0.55,0.01,0.01,77638.51,1777107431000
1777107433.694,133.694,0.45,0.46,0.54,0.55,0.01,0.01,77638.83,1777107432000
1777107434.429,134.429,0.45,0.5,0.54,0.55,0.05,0.01,77638.84,1777107433000
1777107435.045,135.045,0.5,0.52,0.48,0.5,0.02,0.02,77638.83,1777107434000
1777107436.187,136.187,0.5,0.52,0.48,0.5,0.02,0.02,77638.83,1777107435000
1777107437.184,137.184,0.5,0.51,0.49,0.5,0.01,0.01,77638.83,1777107435000
1777107438.0,138.0,0.5,0.51,0.49,0.5,0.01,0.01,77641.49,1777107436000
1777107438.467,138.467,0.5,0.51,0.49,0.5,0.01,0.01,77641.52,1777107437000
1777107438.821,138.821,0.5,0.52,0.49,0.5,0.02,0.01,77641.52,1777107437000
1777107439.254,139.254,0.5,0.52,0.48,0.5,0.02,0.02,77641.54,1777107438000
1777107439.64,139.64,0.5,0.51,0.49,0.5,0.01,0.01,77641.54,1777107438000
1777107440.13,140.13,0.54,0.55,0.45,0.5,0.01,0.05,77641.54,1777107438000
1777107440.467,140.467,0.51,0.55,0.45,0.46,0.04,0.01,77641.54,1777107439000
1777107441.057,141.057,0.52,0.53,0.47,0.48,0.01,0.01,77641.54,1777107440000
1777107441.473,141.473,0.54,0.55,0.45,0.47,0.01,0.02,77641.54,1777107440000
1777107441.849,141.849,0.53,0.55,0.45,0.47,0.02,0.02,77641.54,1777107440000
1777107442.351,142.351,0.53,0.54,0.45,0.47,0.01,0.02,77641.54,1777107440000
1777107442.691,142.691,0.53,0.54,0.46,0.47,0.01,0.01,77641.55,1777107441000
1777107443.036,143.036,0.53,0.54,0.46,0.47,0.01,0.01,77641.55,1777107442000
1777107443.863,143.863,0.53,0.54,0.46,0.47,0.01,0.01,77641.55,1777107442000
1777107444.626,144.626,0.53,0.55,0.46,0.47,0.02,0.01,77641.57,1777107443000
1777107444.961,144.961,0.53,0.55,0.45,0.47,0.02,0.02,77641.57,1777107443000
1777107445.447,145.447,0.53,0.55,0.45,0.47,0.02,0.02,77641.54,1777107444000
1777107446.025,146.025,0.55,0.56,0.44,0.45,0.01,0.01,77641.54,1777107444000
1777107446.391,146.391,0.55,0.59,0.41,0.45,0.04,0.04,77641.54,1777107444000
1777107446.755,146.755,0.57,0.58,0.42,0.43,0.01,0.01,77641.54,1777107444000
1777107447.191,147.191,0.57,0.58,0.42,0.43,0.01,0.01,77641.62,1777107445000
1777107447.912,147.912,0.57,0.58,0.42,0.43,0.01,0.01,77641.58,1777107446000
1777107448.644,148.644,0.57,0.61,0.42,0.43,0.04,0.01,77641.58,1777107446000
1777107449.109,149.109,0.6,0.61,0.39,0.4,0.01,0.01,77641.56,1777107447000
1777107449.738,149.738,0.6,0.61,0.39,0.4,0.01,0.01,77641.56,1777107447000
1777107450.334,150.334,0.6,0.64,0.39,0.4,0.04,0.01,77641.56,1777107448000
1777107450.673,150.673,0.6,0.64,0.36,0.4,0.04,0.04,77641.59,1777107449000
1777107451.044,151.044,0.6,0.64,0.36,0.4,0.04,0.04,77641.59,1777107450000
1777107451.677,151.677,0.6,0.61,0.36,0.4,0.01,0.04,77641.59,1777107450000
1777107452.216,152.216,0.6,0.61,0.39,0.4,0.01,0.01,77641.59,1777107450000
1777107452.587,152.587,0.6,0.63,0.37,0.4,0.03,0.03,77641.58,1777107451000
1777107453.092,153.092,0.62,0.63,0.36,0.4,0.01,0.04,77641.58,1777107451000
1777107453.47,153.47,0.63,0.64,0.37,0.38,0.01,0.01,77641.58,1777107452000
1777107453.824,153.824,0.63,0.64,0.36,0.37,0.01,0.01,77641.58,1777107452000
1777107454.387,154.387,0.63,0.64,0.36,0.37,0.01,0.01,77641.58,1777107452000
1777107454.953,154.953,0.63,0.64,0.36,0.37,0.01,0.01,77641.3,1777107453000
1777107455.447,155.447,0.63,0.64,0.36,0.37,0.01,0.01,77641.3,1777107454000
1777107456.326,156.326,0.64,0.65,0.35,0.36,0.01,0.01,77641.3,1777107455000
1777107457.344,157.344,0.64,0.65,0.35,0.36,0.01,0.01,77641.3,1777107455000
1777107457.681,157.681,0.64,0.65,0.35,0.36,0.01,0.01,77641.31,1777107456000
1777107458.079,158.079,0.64,0.65,0.35,0.36,0.01,0.01,77641.31,1777107456000
1777107458.42,158.42,0.64,0.65,0.35,0.36,0.01,0.01,77641.31,1777107456000
1777107458.773,158.773,0.64,0.65,0.35,0.36,0.01,0.01,77641.3,1777107457000
1777107459.239,159.239,0.64,0.65,0.35,0.36,0.01,0.01,77636.98,1777107458000
1777107459.782,159.782,0.65,0.66,0.34,0.35,0.01,0.01,77636.98,1777107458000
1777107460.155,160.155,0.65,0.66,0.34,0.35,0.01,0.01,77636.98,1777107458000
1777107460.626,160.626,0.66,0.67,0.33,0.34,0.01,0.01,77636.98,1777107458000
1777107461.18,161.18,0.69,0.72,0.28,0.29,0.03,0.01,77641.3,1777107459000
1777107461.684,161.684,0.69,0.7,0.3,0.31,0.01,0.01,77641.42,1777107460000
1777107462.165,162.165,0.69,0.7,0.3,0.31,0.01,0.01,77641.38,1777107461000
1777107462.65,162.65,0.69,0.7,0.3,0.31,0.01,0.01,77641.38,1777107461000
1777107463.093,163.093,0.69,0.7,0.3,0.31,0.01,0.01,77641.38,1777107461000
1777107463.528,163.528,0.67,0.68,0.32,0.33,0.01,0.01,77641.42,1777107462000
1777107464.051,164.051,0.67,0.7,0.3,0.31,0.03,0.01,77641.42,1777107462000
1777107464.417,164.417,0.67,0.69,0.31,0.34,0.02,0.03,77641.42,1777107462000
1777107465.119,165.119,0.67,0.68,0.32,0.33,0.01,0.01,77641.42,1777107464000
1777107465.618,165.618,0.67,0.68,0.32,0.33,0.01,0.01,77641.42,1777107464000
1777107466.168,166.168,0.67,0.68,0.32,0.33,0.01,0.01,77641.41,1777107465000
1777107466.522,166.522,0.7,0.71,0.32,0.33,0.01,0.01,77641.41,1777107465000
1777107466.926,166.926,0.7,0.72,0.29,0.3,0.02,0.01,77641.41,1777107465000
1777107467.295,167.295,0.7,0.71,0.29,0.3,0.01,0.01,77641.42,1777107466000
1777107467.634,167.634,0.7,0.71,0.29,0.3,0.01,0.01,77641.42,1777107466000
1777107468.013,168.013,0.7,0.71,0.29,0.3,0.01,0.01,77641.42,1777107466000
1777107468.596,168.596,0.7,0.71,0.29,0.3,0.01,0.01,77641.45,1777107467000
1777107469.022,169.022,0.7,0.71,0.29,0.3,0.01,0.01,77641.45,1777107467000
1777107469.394,169.394,0.7,0.71,0.29,0.3,0.01,0.01,77641.46,1777107468000
1777107469.854,169.854,0.7,0.71,0.29,0.3,0.01,0.01,77641.47,1777107469000
1777107470.437,170.437,0.7,0.71,0.29,0.3,0.01,0.01,77641.47,1777107469000
1777107470.797,170.797,0.7,0.71,0.29,0.3,0.01,0.01,77641.47,1777107469000
1777107471.132,171.132,0.7,0.71,0.28,0.3,0.01,0.02,77641.47,1777107470000
1777107472.024,172.024,0.7,0.73,0.27,0.3,0.03,0.03,77641.47,1777107471000
1777107472.431,172.431,0.71,0.72,0.27,0.3,0.01,0.03,77641.47,1777107471000
1777107472.86,172.86,0.71,0.72,0.28,0.29,0.01,0.01,77641.47,1777107471000
1777107473.327,173.327,0.71,0.72,0.28,0.29,0.01,0.01,77641.47,1777107472000
1777107473.886,173.886,0.71,0.72,0.28,0.35,0.01,0.07,77641.47,1777107472000
1777107474.236,174.236,0.71,0.72,0.28,0.29,0.01,0.01,77641.47,1777107473000
1777107474.592,174.592,0.71,0.72,0.28,0.29,0.01,0.01,77641.47,1777107473000
1777107475.02,175.02,0.72,0.73,0.27,0.28,0.01,0.01,77641.47,1777107473000
1777107475.515,175.515,0.72,0.73,0.27,0.28,0.01,0.01,77641.47,1777107474000
1777107475.973,175.973,0.72,0.73,0.27,0.28,0.01,0.01,77641.47,1777107474000
1777107476.317,176.317,0.72,0.73,0.27,0.28,0.01,0.01,77641.42,1777107475000
1777107476.748,176.748,0.72,0.73,0.27,0.28,0.01,0.01,77641.42,1777107475000
1777107477.226,177.226,0.72,0.73,0.27,0.28,0.01,0.01,77641.42,1777107475000
1777107477.992,177.992,0.72,0.73,0.27,0.28,0.01,0.01,77641.43,1777107477000
1777107478.613,178.613,0.72,0.73,0.27,0.28,0.01,0.01,77641.43,1777107477000
1777107478.996,178.996,0.72,0.73,0.27,0.28,0.01,0.01,77641.43,1777107477000
1777107479.393,179.393,0.71,0.73,0.27,0.28,0.02,0.01,77641.43,1777107478000
1777107479.833,179.833,0.72,0.73,0.27,0.29,0.01,0.02,77641.43,1777107478000
1777107480.231,180.231,0.72,0.73,0.27,0.28,0.01,0.01,77641.43,1777107479000
1777107480.574,180.574,0.71,0.73,0.27,0.29,0.02,0.02,77641.43,1777107479000
1777107480.915,180.915,0.71,0.73,0.27,0.29,0.02,0.02,77641.43,1777107479000
1777107481.282,181.282,0.72,0.73,0.26,0.29,0.01,0.03,77641.44,1777107480000
1777107481.865,181.865,0.7,0.71,0.28,0.3,0.01,0.02,77641.44,1777107480000
1777107482.241,182.241,0.7,0.71,0.29,0.3,0.01,0.01,77641.43,1777107481000
1777107482.735,182.735,0.7,0.71,0.29,0.3,0.01,0.01,77641.43,1777107481000
1777107483.087,183.087,0.7,0.71,0.29,0.3,0.01,0.01,77641.4,1777107482000
1777107483.838,183.838,0.72,0.73,0.27,0.28,0.01,0.01,77641.4,1777107482000
1777107484.264,184.264,0.7,0.73,0.27,0.28,0.03,0.01,77640.93,1777107483000
1777107484.665,184.665,0.7,0.71,0.27,0.3,0.01,0.03,77640.93,1777107483000
1777107485.002,185.002,0.7,0.71,0.29,0.3,0.01,0.01,77640.63,1777107484000
1777107485.546,185.546,0.7,0.71,0.29,0.3,0.01,0.01,77640.63,1777107484000
1777107485.912,185.912,0.7,0.71,0.29,0.3,0.01,0.01,77640.63,1777107484000
1777107486.33,186.33,0.7,0.71,0.29,0.3,0.01,0.01,77639.53,1777107485000
1777107486.674,186.674,0.7,0.71,0.29,0.3,0.01,0.01,77639.53,1777107485000
1777107487.057,187.057,0.7,0.71,0.29,0.3,0.01,0.01,77639.05,1777107486000
1777107487.532,187.532,0.7,0.71,0.29,0.3,0.01,0.01,77639.05,1777107486000
1777107487.914,187.914,0.65,0.71,0.29,0.31,0.06,0.02,77639.05,1777107486000
1777107488.248,188.248,0.68,0.71,0.29,0.35,0.03,0.06,77639.05,1777107487000
1777107488.927,188.927,0.68,0.69,0.31,0.32,0.01,0.01,77638.67,1777107488000
1777107489.413,189.413,0.66,0.67,0.28,0.35,0.01,0.07,77638.67,1777107488000
1777107489.775,189.775,0.64,0.65,0.33,0.36,0.01,0.03,77638.67,1777107488000
1777107490.301,190.301,0.64,0.65,0.35,0.36,0.01,0.01,77638.67,1777107489000
1777107490.704,190.704,0.64,0.65,0.35,0.36,0.01,0.01,77638.67,1777107489000
1777107491.161,191.161,0.64,0.65,0.35,0.36,0.01,0.01,77638.67,1777107489000
1777107491.515,191.515,0.64,0.65,0.35,0.36,0.01,0.01,77638.72,1777107490000
1777107491.908,191.908,0.64,0.65,0.35,0.36,0.01,0.01,77638.72,1777107490000
1777107492.298,192.298,0.64,0.65,0.35,0.36,0.01,0.01,77638.65,1777107491000
1777107493.29,193.29,0.62,0.65,0.35,0.36,0.03,0.01,77638.65,1777107491000
1777107493.758,193.758,0.64,0.65,0.35,0.38,0.01,0.03,77638.17,1777107492000
1777107494.14,194.14,0.65,0.68,0.34,0.35,0.03,0.01,77638.17,1777107493000
1777107494.504,194.504,0.65,0.66,0.3,0.35,0.01,0.05,77638.17,1777107493000
1777107494.841,194.841,0.65,0.67,0.33,0.35,0.02,0.02,77638.17,1777107493000
1777107495.361,195.361,0.65,0.68,0.32,0.34,0.03,0.02,77638.3,1777107494000
1777107495.887,195.887,0.67,0.68,0.32,0.33,0.01,0.01,77638.3,1777107495000
1777107496.262,196.262,0.67,0.68,0.32,0.33,0.01,0.01,77638.3,1777107495000
1777107496.813,196.813,0.66,0.68,0.32,0.34,0.02,0.02,77638.33,1777107496000
1777107497.982,197.982,0.66,0.67,0.32,0.34,0.01,0.02,77638.33,1777107496000
1777107498.335,198.335,0.69,0.7,0.3,0.31,0.01,0.01,77638.34,1777107497000
1777107498.721,198.721,0.69,0.7,0.3,0.38,0.01,0.08,77638.34,1777107497000
1777107499.056,199.056,0.69,0.71,0.29,0.31,0.02,0.02,77638.34,1777107497000
1777107499.776,199.776,0.7,0.75,0.3,0.31,0.05,0.01,77638.12,1777107498000
1777107500.19,200.19,0.7,0.71,0.29,0.3,0.01,0.01,77638.12,1777107499000
1777107500.528,200.528,0.7,0.71,0.29,0.3,0.01,0.01,77638.12,1777107499000
1777107500.973,200.973,0.7,0.71,0.29,0.3,0.01,0.01,77638.12,1777107499000
1777107501.391,201.391,0.7,0.71,0.29,0.3,0.01,0.01,77638.42,1777107500000
1777107501.753,201.753,0.7,0.71,0.29,0.3,0.01,0.01,77638.42,1777107500000
1777107502.135,202.135,0.7,0.72,0.28,0.3,0.02,0.02,77638.54,1777107501000
1777107502.737,202.737,0.71,0.72,0.28,0.29,0.01,0.01,77638.54,1777107501000
1777107503.173,203.173,0.71,0.72,0.28,0.29,0.01,0.01,77638.54,1777107501000
1777107503.78,203.78,0.71,0.72,0.28,0.29,0.01,0.01,77638.74,1777107502000
1777107504.382,204.382,0.71,0.72,0.28,0.29,0.01,0.01,77638.7,1777107503000
1777107504.761,204.761,0.71,0.72,0.28,0.29,0.01,0.01,77638.7,1777107503000
1777107505.353,205.353,0.71,0.72,0.28,0.29,0.01,0.01,77638.7,1777107504000
1777107506.02,206.02,0.71,0.72,0.28,0.29,0.01,0.01,77638.7,1777107504000
1777107506.659,206.659,0.71,0.72,0.28,0.29,0.01,0.01,77638.77,1777107505000
1777107507.019,207.019,0.71,0.73,0.27,0.29,0.02,0.02,77638.91,1777107506000
1777107507.685,207.685,0.72,0.73,0.27,0.29,0.01,0.02,77638.91,1777107506000
1777107508.043,208.043,0.72,0.73,0.27,0.28,0.01,0.01,77639.04,1777107507000
1777107508.518,208.518,0.72,0.73,0.27,0.28,0.01,0.01,77639.04,1777107507000
1777107509.077,209.077,0.72,0.73,0.27,0.28,0.01,0.01,77639.04,1777107507000
1777107509.661,209.661,0.72,0.73,0.27,0.28,0.01,0.01,77638.96,1777107508000
1777107510.119,210.119,0.72,0.73,0.27,0.28,0.01,0.01,77638.96,1777107508000
1777107510.484,210.484,0.73,0.74,0.27,0.28,0.01,0.01,77639.41,1777107509000
1777107510.837,210.837,0.73,0.74,0.26,0.28,0.01,0.02,77639.41,1777107509000
1777107511.478,211.478,0.72,0.73,0.27,0.29,0.01,0.02,77639.41,1777107509000
1777107511.898,211.898,0.72,0.73,0.27,0.28,0.01,0.01,77639.03,1777107510000
1777107512.267,212.267,0.72,0.73,0.27,0.28,0.01,0.01,77639.03,1777107511000
1777107512.941,212.941,0.72,0.73,0.27,0.28,0.01,0.01,77639.03,1777107511000
1777107513.32,213.32,0.72,0.73,0.27,0.28,0.01,0.01,77639.32,1777107512000
1777107513.719,213.719,0.72,0.73,0.27,0.28,0.01,0.01,77639.32,1777107512000
1777107514.282,214.282,0.73,0.74,0.28,0.29,0.01,0.01,77639.32,1777107513000
1777107514.901,214.901,0.73,0.74,0.27,0.28,0.01,0.01,77639.32,1777107513000
1777107515.927,215.927,0.73,0.74,0.26,0.27,0.01,0.01,77639.36,1777107514000
1777107516.343,216.343,0.73,0.75,0.25,0.27,0.02,0.02,77639.83,1777107515000
1777107516.749,216.749,0.74,0.75,0.25,0.26,0.01,0.01,77639.83,1777107515000
1777107517.388,217.388,0.74,0.75,0.25,0.26,0.01,0.01,77640.72,1777107516000
1777107517.843,217.843,0.74,0.75,0.25,0.26,0.01,0.01,77640.72,1777107516000
1777107518.383,218.383,0.74,0.75,0.25,0.26,0.01,0.01,77640.72,1777107516000
1777107518.719,218.719,0.73,0.75,0.25,0.27,0.02,0.02,77640.72,1777107517000
1777107519.175,219.175,0.75,0.76,0.25,0.26,0.01,0.01,77640.89,1777107518000
1777107519.604,219.604,0.74,0.75,0.25,0.26,0.01,0.01,77640.89,1777107518000
1777107520.096,220.096,0.72,0.75,0.25,0.28,0.03,0.03,77640.78,1777107519000
1777107520.651,220.651,0.74,0.75,0.25,0.27,0.01,0.02,77640.78,1777107519000
1777107521.099,221.099,0.74,0.75,0.25,0.26,0.01,0.01,77640.89,1777107520000
1777107521.511,221.511,0.74,0.75,0.25,0.26,0.01,0.01,77640.89,1777107520000
1777107521.909,221.909,0.74,0.75,0.25,0.26,0.01,0.01,77640.89,1777107520000
1777107522.279,222.279,0.74,0.75,0.25,0.28,0.01,0.03,77640.84,1777107521000
1777107522.848,222.848,0.73,0.74,0.25,0.26,0.01,0.01,77640.84,1777107521000
1777107523.208,223.208,0.71,0.74,0.26,0.29,0.03,0.03,77640.82,1777107522000
1777107523.799,223.799,0.72,0.73,0.26,0.29,0.01,0.03,77640.82,1777107522000
1777107524.15,224.15,0.75,0.76,0.24,0.25,0.01,0.01,77640.82,1777107522000
1777107525.011,225.011,0.75,0.76,0.24,0.25,0.01,0.01,77640.82,1777107523000
1777107525.363,225.363,0.75,0.76,0.24,0.25,0.01,0.01,77640.82,1777107524000
1777107526.318,226.318,0.75,0.76,0.24,0.25,0.01,0.01,77640.69,1777107525000
1777107526.898,226.898,0.75,0.76,0.24,0.25,0.01,0.01,77640.69,1777107526000
1777107527.331,227.331,0.76,0.77,0.24,0.25,0.01,0.01,77640.69,1777107526000
1777107527.664,227.664,0.84,0.88,0.09,0.13,0.04,0.04,77640.69,1777107526000
1777107528.039,228.039,0.87,0.88,0.12,0.13,0.01,0.01,77640.62,1777107527000
1777107528.401,228.401,0.85,0.86,0.12,0.16,0.01,0.04,77640.62,1777107527000
1777107528.752,228.752,0.86,0.87,0.12,0.13,0.01,0.01,77640.62,1777107527000
1777107529.216,229.216,0.87,0.88,0.12,0.14,0.01,0.02,77640.55,1777107528000
1777107529.589,229.589,0.85,0.88,0.12,0.13,0.03,0.01,77640.55,1777107528000
1777107529.951,229.951,0.84,0.85,0.15,0.16,0.01,0.01,77641.27,1777107529000
1777107530.385,230.385,0.84,0.85,0.15,0.16,0.01,0.01,77641.27,1777107529000
1777107530.724,230.724,0.82,0.88,0.17,0.18,0.06,0.01,77641.27,1777107529000
1777107531.083,231.083,0.81,0.87,0.13,0.14,0.06,0.01,77646.05,1777107530000
1777107532.177,232.177,0.79,0.8,0.16,0.17,0.01,0.01,77646.05,1777107530000
1777107532.889,232.889,0.8,0.81,0.17,0.18,0.01,0.01,77646.13,1777107531000
1777107533.274,233.274,0.81,0.82,0.16,0.2,0.01,0.04,77646.1,1777107532000
1777107533.669,233.669,0.79,0.83,0.17,0.18,0.04,0.01,77646.1,1777107532000
1777107534.093,234.093,0.78,0.79,0.21,0.22,0.01,0.01,77646.1,1777107532000
1777107534.505,234.505,0.8,0.81,0.09,0.22,0.01,0.13,77646.1,1777107532000
1777107534.955,234.955,0.8,0.81,0.19,0.2,0.01,0.01,77646.12,1777107533000
1777107535.762,235.762,0.8,0.81,0.19,0.2,0.01,0.01,77646.12,1777107534000
1777107536.53,236.53,0.8,0.81,0.19,0.2,0.01,0.01,77646.12,1777107535000
1777107537.079,237.079,0.85,0.86,0.12,0.2,0.01,0.08,77646.12,1777107535000
1777107538.069,238.069,0.84,0.85,0.15,0.16,0.01,0.01,77646.14,1777107536000
1777107538.778,238.778,0.84,0.88,0.12,0.16,0.04,0.04,77646.16,1777107537000
1777107539.412,239.412,0.87,0.88,0.12,0.13,0.01,0.01,77646.16,1777107537000
1777107539.848,239.848,0.85,0.86,0.14,0.15,0.01,0.01,77646.17,1777107538000
1777107540.188,240.188,0.85,0.86,0.14,0.15,0.01,0.01,77646.13,1777107539000
1777107540.524,240.524,0.87,0.88,0.12,0.15,0.01,0.03,77646.13,1777107539000
1777107540.893,240.893,0.87,0.88,0.12,0.13,0.01,0.01,77646.13,1777107539000
1777107541.423,241.423,0.86,0.88,0.12,0.14,0.02,0.02,77646.09,1777107540000
1777107541.796,241.796,0.86,0.87,0.12,0.14,0.01,0.02,77646.09,1777107540000
1777107542.349,242.349,0.84,0.86,0.13,0.14,0.02,0.01,77646.07,1777107541000
1777107542.986,242.986,0.86,0.87,0.15,0.16,0.01,0.01,77646.07,1777107541000
1777107543.622,243.622,0.85,0.86,0.14,0.15,0.01,0.01,77646.08,1777107542000
1777107544.373,244.373,0.85,0.86,0.14,0.15,0.01,0.01,77646.08,1777107543000
1777107545.081,245.081,0.86,0.87,0.13,0.14,0.01,0.01,77646.05,1777107544000
1777107545.442,245.442,0.85,0.86,0.12,0.13,0.01,0.01,77646.05,1777107544000
1777107545.876,245.876,0.85,0.86,0.14,0.15,0.01,0.01,77646.05,1777107544000
1777107546.352,246.352,0.86,0.87,0.14,0.15,0.01,0.01,77646.05,1777107544000
1777107546.764,246.764,0.82,0.83,0.13,0.17,0.01,0.04,77645.98,1777107545000
1777107547.236,247.236,0.85,0.86,0.14,0.15,0.01,0.01,77645.98,1777107545000
1777107547.679,247.679,0.9,0.91,0.09,0.1,0.01,0.01,77645.98,1777107546000
1777107548.139,248.139,0.89,0.9,0.09,0.1,0.01,0.01,77645.98,1777107546000
1777107548.683,248.683,0.86,0.87,0.1,0.14,0.01,0.04,77645.98,1777107546000
1777107549.346,249.346,0.89,0.9,0.1,0.11,0.01,0.01,77646.12,1777107547000
1777107550.008,250.008,0.88,0.9,0.1,0.11,0.02,0.01,77646.17,1777107548000
1777107550.36,250.36,0.89,0.9,0.12,0.14,0.01,0.02,77646.17,1777107548000
1777107550.723,250.723,0.89,0.9,0.1,0.11,0.01,0.01,77646.17,1777107549000
1777107551.249,251.249,0.87,0.9,0.1,0.11,0.03,0.01,77646.17,1777107549000
1777107551.606,251.606,0.85,0.9,0.1,0.11,0.05,0.01,77646.17,1777107550000
1777107551.94,251.94,0.89,0.9,0.12,0.13,0.01,0.01,77646.17,1777107550000
1777107552.689,252.689,0.87,0.94,0.12,0.15,0.07,0.03,77646.17,1777107551000
1777107553.956,253.956,0.93,0.94,0.06,0.13,0.01,0.07,77646.2,1777107552000
1777107554.308,254.308,0.93,0.95,0.05,0.07,0.02,0.02,77646.16,1777107553000
1777107554.661,254.661,0.93,0.94,0.06,0.07,0.01,0.01,77646.16,1777107553000
1777107554.999,254.999,0.93,0.94,0.06,0.07,0.01,0.01,77646.16,1777107553000
1777107555.383,255.383,0.94,0.95,0.05,0.06,0.01,0.01,77646.2,1777107554000
1777107555.72,255.72,0.95,0.96,0.04,0.06,0.01,0.02,77646.2,1777107554000
1777107556.124,256.124,0.95,0.97,0.03,0.05,0.02,0.02,77646.2,1777107554000
1777107556.497,256.497,0.96,0.97,0.03,0.04,0.01,0.01,77650.32,1777107555000
1777107556.952,256.952,0.96,0.97,0.03,0.05,0.01,0.02,77650.32,1777107555000
1777107557.316,257.316,0.9,0.92,0.04,0.15,0.02,0.11,77650.38,1777107556000
1777107557.706,257.706,0.93,0.94,0.06,0.07,0.01,0.01,77650.38,1777107556000
1777107558.128,258.128,0.93,0.94,0.06,0.07,0.01,0.01,77650.38,1777107556000
1777107558.517,258.517,0.91,0.94,0.08,0.09,0.03,0.01,77650.37,1777107557000
1777107558.997,258.997,0.92,0.94,0.07,0.08,0.02,0.01,77650.37,1777107557000
1777107559.393,259.393,0.91,0.92,0.06,0.07,0.01,0.01,77650.37,1777107558000
1777107559.875,259.875,0.92,0.94,0.08,0.09,0.02,0.01,77650.37,1777107558000
1777107560.549,260.549,0.92,0.93,0.06,0.08,0.01,0.02,77650.38,1777107559000
1777107561.068,261.068,0.92,0.93,0.07,0.08,0.01,0.01,77650.38,1777107559000
1777107561.598,261.598,0.91,0.92,0.07,0.08,0.01,0.01,77650.29,1777107560000
1777107562.15,262.15,0.91,0.92,0.08,0.09,0.01,0.01,77650.29,1777107560000
1777107562.555,262.555,0.91,0.92,0.08,0.09,0.01,0.01,77650.37,1777107561000
1777107562.91,262.91,0.91,0.92,0.08,0.09,0.01,0.01,77650.37,1777107561000
1777107563.272,263.272,0.91,0.92,0.08,0.09,0.01,0.01,77650.39,1777107562000
1777107563.616,263.616,0.91,0.92,0.08,0.09,0.01,0.01,77650.39,1777107562000
1777107564.295,264.295,0.91,0.92,0.08,0.09,0.01,0.01,77650.39,1777107562000
1777107564.758,264.758,0.91,0.92,0.08,0.09,0.01,0.01,77650.39,1777107562000
1777107565.145,265.145,0.92,0.93,0.08,0.09,0.01,0.01,77650.46,1777107563000
1777107565.616,265.616,0.92,0.93,0.07,0.08,0.01,0.01,77650.46,1777107564000
1777107565.967,265.967,0.92,0.93,0.07,0.08,0.01,0.01,77650.46,1777107564000
1777107566.452,266.452,0.92,0.93,0.07,0.08,0.01,0.01,77650.4,1777107565000
1777107567.092,267.092,0.91,0.93,0.07,0.08,0.02,0.01,77650.4,1777107565000
1777107567.513,267.513,0.91,0.93,0.07,0.09,0.02,0.02,77650.44,1777107566000
1777107567.876,267.876,0.91,0.93,0.07,0.08,0.02,0.01,77650.44,1777107566000
1777107568.27,268.27,0.92,0.93,0.07,0.08,0.01,0.01,77650.4,1777107567000
1777107568.743,268.743,0.92,0.93,0.07,0.08,0.01,0.01,77650.4,1777107567000
1777107569.16,269.16,0.93,0.95,0.06,0.08,0.02,0.02,77650.4,1777107567000
1777107569.574,269.574,0.93,0.94,0.05,0.07,0.01,0.02,77650.41,1777107568000
1777107570.038,270.038,0.9,0.93,0.05,0.07,0.03,0.02,77650.41,1777107568000
1777107570.419,270.419,0.94,0.95,0.04,0.06,0.01,0.02,77650.41,1777107569000
1777107570.777,270.777,0.95,0.96,0.04,0.05,0.01,0.01,77650.41,1777107569000
1777107571.129,271.129,0.95,0.96,0.04,0.05,0.01,0.01,77650.41,1777107569000
1777107571.8,271.8,0.94,0.96,0.04,0.06,0.02,0.02,77650.41,1777107570000
1777107572.168,272.168,0.9,0.96,0.04,0.1,0.06,0.06,77650.36,1777107571000
1777107572.727,272.727,0.93,0.94,0.08,0.1,0.01,0.02,77650.36,1777107571000
1777107573.18,273.18,0.93,0.94,0.06,0.07,0.01,0.01,77650.36,1777107572000
1777107573.59,273.59,0.92,0.93,0.06,0.07,0.01,0.01,77650.36,1777107572000
1777107574.016,274.016,0.94,0.96,0.04,0.06,0.02,0.02,77650.36,1777107572000
1777107574.368,274.368,0.93,0.95,0.06,0.07,0.02,0.01,77650.42,1777107573000
1777107574.734,274.734,0.92,0.93,0.05,0.07,0.01,0.02,77650.42,1777107573000
1777107575.22,275.22,0.92,0.93,0.07,0.08,0.01,0.01,77650.44,1777107574000
1777107575.865,275.865,0.94,0.95,0.05,0.06,0.01,0.01,77650.44,1777107574000
1777107576.536,276.536,0.94,0.95,0.05,0.06,0.01,0.01,77650.45,1777107575000
1777107576.915,276.915,0.94,0.95,0.05,0.06,0.01,0.01,77650.45,1777107575000
1777107577.297,277.297,0.94,0.95,0.05,0.06,0.01,0.01,77650.45,1777107575000
1777107577.63,277.63,0.94,0.95,0.05,0.06,0.01,0.01,77650.45,1777107575000
1777107578.096,278.096,0.95,0.96,0.04,0.05,0.01,0.01,77650.46,1777107576000
1777107578.576,278.576,0.95,0.96,0.04,0.05,0.01,0.01,77650.46,1777107576000
1777107578.944,278.944,0.95,0.96,0.04,0.05,0.01,0.01,77650.46,1777107577000
1777107579.281,279.281,0.95,0.96,0.04,0.05,0.01,0.01,77650.46,1777107577000
1777107579.654,279.654,0.96,0.97,0.03,0.04,0.01,0.01,77650.46,1777107578000
1777107579.987,279.987,0.96,0.97,0.03,0.04,0.01,0.01,77650.46,1777107578000
1777107580.34,280.34,0.96,0.97,0.03,0.04,0.01,0.01,77650.47,1777107579000
1777107580.673,280.673,0.96,0.97,0.03,0.04,0.01,0.01,77650.47,1777107579000
1777107581.03,281.03,0.96,0.97,0.03,0.04,0.01,0.01,77650.47,1777107579000
1777107581.365,281.365,0.96,0.97,0.03,0.04,0.01,0.01,77650.47,1777107579000
1777107581.715,281.715,0.96,0.97,0.03,0.04,0.01,0.01,77654.65,1777107580000
1777107582.252,282.252,0.97,0.98,0.02,0.03,0.01,0.01,77654.65,1777107580000
1777107582.757,282.757,0.97,0.98,0.02,0.03,0.01,0.01,77659.28,1777107581000
1777107583.091,283.091,0.97,0.98,0.02,0.03,0.01,0.01,77661.11,1777107582000
1777107583.424,283.424,0.97,0.98,0.02,0.03,0.01,0.01,77661.11,1777107582000
1777107583.783,283.783,0.97,0.98,0.02,0.03,0.01,0.01,77661.11,1777107582000
1777107584.241,284.241,0.98,0.99,0.01,0.03,0.01,0.02,77661.11,1777107582000
1777107584.614,284.614,0.98,0.99,0.01,0.02,0.01,0.01,77661.33,1777107583000
1777107585.004,285.004,0.98,0.99,0.01,0.02,0.01,0.01,77661.33,1777107583000
1777107585.394,285.394,0.98,0.99,0.01,0.02,0.01,0.01,77660.81,1777107584000
1777107585.728,285.728,0.98,0.99,0.01,0.02,0.01,0.01,77660.81,1777107584000
1777107586.204,286.204,0.98,0.99,0.01,0.02,0.01,0.01,77660.81,1777107584000
1777107586.589,286.589,0.98,0.99,0.01,0.02,0.01,0.01,77660.81,1777107584000
1777107586.993,286.993,0.98,0.99,0.01,0.02,0.01,0.01,77664.4,1777107585000
1777107587.392,287.392,0.98,0.99,0.01,0.02,0.01,0.01,77664.4,1777107585000
1777107587.884,287.884,0.98,0.99,0.01,0.02,0.01,0.01,77664.45,1777107586000
1777107588.251,288.251,0.98,0.99,0.01,0.02,0.01,0.01,77660.28,1777107587000
1777107588.627,288.627,0.98,0.99,0.01,0.02,0.01,0.01,77660.28,1777107587000
1777107588.974,288.974,0.98,0.99,0.01,0.02,0.01,0.01,77660.28,1777107587000
1777107589.338,289.338,0.98,0.99,0.01,0.02,0.01,0.01,77660.28,1777107587000
1777107589.73,289.73,0.98,0.99,0.01,0.02,0.01,0.01,77664.46,1777107588000
1777107590.416,290.416,0.98,0.99,0.01,0.02,0.01,0.01,77664.46,1777107588000
1777107590.758,290.758,0.99,0.99,0.01,0.15,0.0,0.14,77664.47,1777107589000
1777107591.151,291.151,0.99,0.99,0.01,0.01,0.0,0.0,77664.46,1777107590000
1777107591.543,291.543,0.99,0.99,0.01,0.01,0.0,0.0,77664.46,1777107590000
1777107591.906,291.906,0.99,0.99,0.01,0.01,0.0,0.0,77664.46,1777107590000
1777107592.486,292.486,0.99,0.99,0.01,0.01,0.0,0.0,77664.9,1777107591000
1777107593.21,293.21,0.99,0.99,0.01,0.01,0.0,0.0,77664.99,1777107592000
1777107594.428,294.428,0.99,0.99,0.01,0.01,0.0,0.0,77664.99,1777107592000
1777107594.761,294.761,0.99,0.99,0.01,0.01,0.0,0.0,77664.95,1777107593000
1777107595.193,295.193,0.99,0.99,0.01,0.01,0.0,0.0,77664.95,1777107594000
1777107596.225,296.225,0.99,0.99,0.01,0.01,0.0,0.0,77664.97,1777107595000
1777107596.574,296.574,0.99,0.99,0.01,0.01,0.0,0.0,77664.97,1777107595000
1777107597.234,297.234,0.99,0.99,0.01,0.01,0.0,0.0,77664.97,1777107596000
1777107598.248,298.248,0.99,0.99,0.01,0.01,0.0,0.0,77664.99,1777107597000
1777107598.811,298.811,0.99,0.99,0.01,0.01,0.0,0.0,77664.99,1777107597000
1777107599.216,299.216,0.99,0.99,0.01,0.01,0.0,0.0,77665.01,1777107598000
1777107599.864,299.864,0.99,0.99,0.01,0.01,0.0,0.0,77665.01,1777107598000
1777107600.361,300.361,0.99,0.99,0.01,0.01,0.0,0.0,77665.01,1777107599000
1777107600.704,300.704,0.99,0.99,0.01,0.01,0.0,0.0,77665.01,1777107599000

# RESULT,winner=Up,slug=btc-updown-5m-1777107300,ticks=604
