timestamp,elapsed_sec,up_bid,up_ask,down_bid,down_ask,up_spread,down_spread,btc_price,btc_oracle_ts
1776961200.554,0.554,0.49,0.5,0.5,0.51,0.01,0.01,78445.06,1776961199000
1776961200.898,0.898,0.49,0.5,0.5,0.51,0.01,0.01,78445.06,1776961199000
1776961201.372,1.372,0.49,0.5,0.5,0.51,0.01,0.01,78445.05,1776961200000
1776961201.743,1.743,0.5,0.51,0.49,0.51,0.01,0.02,78445.05,1776961200000
1776961202.285,2.285,0.5,0.51,0.49,0.5,0.01,0.01,78445.05,1776961200000
1776961202.635,2.635,0.5,0.51,0.49,0.5,0.01,0.01,78445.05,1776961200000
1776961202.97,2.97,0.5,0.51,0.49,0.5,0.01,0.01,78444.87,1776961201000
1776961203.518,3.518,0.5,0.51,0.49,0.5,0.01,0.01,78447.79,1776961202000
1776961203.931,3.931,0.5,0.51,0.49,0.5,0.01,0.01,78447.79,1776961202000
1776961204.384,4.384,0.5,0.51,0.49,0.5,0.01,0.01,78448.95,1776961203000
1776961204.796,4.796,0.5,0.51,0.49,0.5,0.01,0.01,78448.95,1776961203000
1776961205.466,5.466,0.5,0.51,0.49,0.5,0.01,0.01,78448.95,1776961203000
1776961205.939,5.939,0.5,0.51,0.49,0.5,0.01,0.01,78449.66,1776961204000
1776961206.393,6.393,0.5,0.51,0.49,0.5,0.01,0.01,78450.29,1776961205000
1776961206.785,6.785,0.5,0.51,0.49,0.5,0.01,0.01,78450.29,1776961205000
1776961207.12,7.12,0.5,0.51,0.49,0.5,0.01,0.01,78450.29,1776961205000
1776961207.758,7.758,0.5,0.52,0.49,0.5,0.02,0.01,78450.36,1776961206000
1776961208.117,8.117,0.51,0.52,0.48,0.49,0.01,0.01,78450.36,1776961206000
1776961208.466,8.466,0.51,0.52,0.48,0.49,0.01,0.01,78450.36,1776961206000
1776961208.828,8.828,0.51,0.52,0.48,0.49,0.01,0.01,78452.07,1776961207000
1776961209.313,9.313,0.51,0.52,0.48,0.49,0.01,0.01,78452.99,1776961208000
1776961209.675,9.675,0.51,0.52,0.48,0.49,0.01,0.01,78452.99,1776961208000
1776961210.089,10.089,0.51,0.52,0.48,0.49,0.01,0.01,78452.99,1776961208000
1776961210.442,10.442,0.51,0.52,0.48,0.49,0.01,0.01,78452.99,1776961208000
1776961210.817,10.817,0.51,0.52,0.48,0.49,0.01,0.01,78453.37,1776961209000
1776961211.238,11.238,0.51,0.52,0.48,0.49,0.01,0.01,78453.37,1776961209000
1776961211.582,11.582,0.51,0.52,0.48,0.49,0.01,0.01,78451.72,1776961210000
1776961211.968,11.968,0.51,0.52,0.48,0.49,0.01,0.01,78451.72,1776961210000
1776961212.405,12.405,0.51,0.52,0.48,0.49,0.01,0.01,78451.72,1776961210000
1776961212.851,12.851,0.51,0.52,0.48,0.49,0.01,0.01,78451.34,1776961211000
1776961213.342,13.342,0.51,0.52,0.48,0.49,0.01,0.01,78451.85,1776961212000
1776961214.282,14.282,0.51,0.52,0.48,0.49,0.01,0.01,78451.85,1776961212000
1776961214.626,14.626,0.51,0.53,0.47,0.49,0.02,0.02,78451.53,1776961213000
1776961214.962,14.962,0.51,0.52,0.48,0.49,0.01,0.01,78451.53,1776961213000
1776961215.348,15.348,0.51,0.52,0.48,0.49,0.01,0.01,78451.53,1776961213000
1776961215.782,15.782,0.51,0.52,0.48,0.49,0.01,0.01,78451.42,1776961214000
1776961216.198,16.198,0.51,0.52,0.48,0.49,0.01,0.01,78451.47,1776961215000
1776961216.797,16.797,0.51,0.52,0.48,0.49,0.01,0.01,78451.47,1776961215000
1776961217.241,17.241,0.5,0.52,0.48,0.5,0.02,0.02,78450.79,1776961216000
1776961217.686,17.686,0.5,0.51,0.48,0.5,0.01,0.02,78450.79,1776961216000
1776961218.274,18.274,0.5,0.51,0.49,0.5,0.01,0.01,78450.79,1776961216000
1776961218.626,18.626,0.45,0.46,0.54,0.56,0.01,0.02,78449.65,1776961217000
1776961219.034,19.034,0.42,0.43,0.57,0.58,0.01,0.01,78449.65,1776961217000
1776961219.368,19.368,0.42,0.43,0.57,0.58,0.01,0.01,78449.19,1776961218000
1776961219.795,19.795,0.42,0.43,0.57,0.58,0.01,0.01,78449.19,1776961218000
1776961220.133,20.133,0.43,0.44,0.56,0.57,0.01,0.01,78449.19,1776961218000
1776961220.562,20.562,0.44,0.45,0.56,0.57,0.01,0.01,78440.33,1776961219000
1776961220.944,20.944,0.45,0.46,0.54,0.55,0.01,0.01,78440.33,1776961219000
1776961221.344,21.344,0.46,0.47,0.53,0.54,0.01,0.01,78437.5,1776961220000
1776961221.708,21.708,0.46,0.47,0.53,0.54,0.01,0.01,78437.5,1776961220000
1776961222.166,22.166,0.46,0.47,0.53,0.54,0.01,0.01,78437.5,1776961220000
1776961222.555,22.555,0.45,0.47,0.53,0.54,0.02,0.01,78439.74,1776961221000
1776961222.931,22.931,0.45,0.46,0.54,0.55,0.01,0.01,78439.74,1776961221000
1776961223.506,23.506,0.45,0.46,0.54,0.55,0.01,0.01,78439.74,1776961222000
1776961223.868,23.868,0.45,0.46,0.54,0.55,0.01,0.01,78439.6,1776961223000
1776961224.205,24.205,0.45,0.46,0.54,0.55,0.01,0.01,78439.6,1776961223000
1776961224.606,24.606,0.43,0.44,0.55,0.57,0.01,0.02,78439.6,1776961223000
1776961225.289,25.289,0.43,0.44,0.56,0.57,0.01,0.01,78440.16,1776961224000
1776961225.651,25.651,0.43,0.44,0.56,0.57,0.01,0.01,78440.16,1776961224000
1776961226.126,26.126,0.43,0.44,0.56,0.57,0.01,0.01,78438.1,1776961225000
1776961226.953,26.953,0.42,0.43,0.57,0.58,0.01,0.01,78436.73,1776961226000
1776961227.43,27.43,0.42,0.43,0.57,0.58,0.01,0.01,78436.73,1776961226000
1776961227.969,27.969,0.36,0.37,0.63,0.64,0.01,0.01,78436.93,1776961227000
1776961228.318,28.318,0.37,0.38,0.62,0.63,0.01,0.01,78436.93,1776961227000
1776961228.704,28.704,0.37,0.38,0.62,0.63,0.01,0.01,78436.93,1776961227000
1776961229.102,29.102,0.36,0.38,0.62,0.64,0.02,0.02,78428.24,1776961228000
1776961229.487,29.487,0.36,0.37,0.63,0.64,0.01,0.01,78428.24,1776961228000
1776961229.939,29.939,0.36,0.37,0.63,0.64,0.01,0.01,78428.24,1776961228000
1776961230.377,30.377,0.36,0.37,0.63,0.64,0.01,0.01,78422.78,1776961229000
1776961230.711,30.711,0.36,0.37,0.63,0.64,0.01,0.01,78422.78,1776961229000
1776961231.442,31.442,0.36,0.37,0.63,0.64,0.01,0.01,78422.03,1776961230000
1776961231.918,31.918,0.36,0.37,0.63,0.64,0.01,0.01,78422.36,1776961231000
1776961232.271,32.271,0.38,0.39,0.61,0.62,0.01,0.01,78422.36,1776961231000
1776961232.849,32.849,0.38,0.39,0.61,0.62,0.01,0.01,78422.36,1776961231000
1776961233.39,33.39,0.38,0.39,0.61,0.62,0.01,0.01,78424.81,1776961232000
1776961233.891,33.891,0.38,0.39,0.61,0.62,0.01,0.01,78424.81,1776961232000
1776961234.29,34.29,0.38,0.39,0.61,0.62,0.01,0.01,78424.93,1776961233000
1776961234.626,34.626,0.36,0.37,0.63,0.64,0.01,0.01,78424.93,1776961233000
1776961235.026,35.026,0.36,0.37,0.63,0.64,0.01,0.01,78424.93,1776961233000
1776961235.405,35.405,0.34,0.36,0.64,0.66,0.02,0.02,78424.28,1776961234000
1776961235.77,35.77,0.34,0.35,0.65,0.67,0.01,0.02,78424.28,1776961234000
1776961236.107,36.107,0.33,0.34,0.66,0.67,0.01,0.01,78424.28,1776961234000
1776961236.45,36.45,0.32,0.34,0.66,0.68,0.02,0.02,78420.84,1776961235000
1776961236.803,36.803,0.32,0.33,0.67,0.68,0.01,0.01,78420.84,1776961235000
1776961237.146,37.146,0.32,0.33,0.67,0.68,0.01,0.01,78420.84,1776961235000
1776961237.497,37.497,0.32,0.33,0.67,0.68,0.01,0.01,78416.15,1776961236000
1776961237.901,37.901,0.32,0.33,0.67,0.68,0.01,0.01,78416.15,1776961236000
1776961238.415,38.415,0.32,0.33,0.67,0.68,0.01,0.01,78415.23,1776961237000
1776961238.793,38.793,0.32,0.33,0.67,0.68,0.01,0.01,78415.23,1776961237000
1776961239.207,39.207,0.32,0.33,0.67,0.68,0.01,0.01,78415.24,1776961238000
1776961239.595,39.595,0.32,0.33,0.67,0.68,0.01,0.01,78415.24,1776961238000
1776961240.007,40.007,0.32,0.33,0.67,0.68,0.01,0.01,78415.24,1776961238000
1776961240.399,40.399,0.32,0.33,0.67,0.68,0.01,0.01,78415.24,1776961238000
1776961240.96,40.96,0.32,0.33,0.67,0.68,0.01,0.01,78415.1,1776961239000
1776961241.308,41.308,0.32,0.33,0.67,0.68,0.01,0.01,78414.5,1776961240000
1776961241.892,41.892,0.32,0.33,0.67,0.68,0.01,0.01,78414.5,1776961240000
1776961242.255,42.255,0.32,0.33,0.67,0.68,0.01,0.01,78414.5,1776961240000
1776961242.847,42.847,0.32,0.33,0.67,0.68,0.01,0.01,78414.84,1776961241000
1776961243.255,43.255,0.32,0.33,0.67,0.68,0.01,0.01,78414.84,1776961241000
1776961243.849,43.849,0.32,0.33,0.67,0.68,0.01,0.01,78414.68,1776961242000
1776961244.273,44.273,0.32,0.33,0.67,0.68,0.01,0.01,78414.68,1776961242000
1776961244.753,44.753,0.32,0.34,0.67,0.68,0.02,0.01,78414.63,1776961243000
1776961245.168,45.168,0.33,0.35,0.66,0.67,0.02,0.01,78414.63,1776961243000
1776961245.505,45.505,0.34,0.35,0.65,0.66,0.01,0.01,78415.14,1776961244000
1776961245.856,45.856,0.34,0.35,0.65,0.66,0.01,0.01,78415.14,1776961244000
1776961246.191,46.191,0.34,0.36,0.65,0.66,0.02,0.01,78415.14,1776961244000
1776961246.599,46.599,0.4,0.41,0.59,0.6,0.01,0.01,78414.56,1776961245000
1776961247.023,47.023,0.4,0.41,0.59,0.6,0.01,0.01,78414.56,1776961245000
1776961247.375,47.375,0.4,0.41,0.59,0.6,0.01,0.01,78414.56,1776961245000
1776961247.725,47.725,0.4,0.41,0.59,0.6,0.01,0.01,78414.56,1776961245000
1776961248.106,48.106,0.4,0.41,0.59,0.6,0.01,0.01,78415.6,1776961246000
1776961248.538,48.538,0.4,0.41,0.59,0.6,0.01,0.01,78415.6,1776961246000
1776961248.983,48.983,0.4,0.41,0.59,0.6,0.01,0.01,78421.73,1776961247000
1776961249.617,49.617,0.4,0.41,0.59,0.6,0.01,0.01,78422.83,1776961248000
1776961250.123,50.123,0.4,0.41,0.59,0.6,0.01,0.01,78423.94,1776961249000
1776961251.12,51.12,0.4,0.41,0.59,0.6,0.01,0.01,78423.15,1776961250000
1776961251.501,51.501,0.36,0.37,0.59,0.63,0.01,0.04,78423.15,1776961250000
1776961251.854,51.854,0.3,0.35,0.65,0.7,0.05,0.05,78423.15,1776961250000
1776961252.24,52.24,0.26,0.27,0.7,0.74,0.01,0.04,78399.21,1776961251000
1776961252.661,52.661,0.3,0.35,0.65,0.7,0.05,0.05,78399.21,1776961251000
1776961252.995,52.995,0.32,0.33,0.64,0.68,0.01,0.04,78399.21,1776961251000
1776961253.332,53.332,0.31,0.34,0.66,0.68,0.03,0.02,78405.71,1776961252000
1776961253.773,53.773,0.32,0.33,0.65,0.68,0.01,0.03,78405.71,1776961252000
1776961254.111,54.111,0.32,0.33,0.67,0.68,0.01,0.01,78405.71,1776961252000
1776961254.578,54.578,0.31,0.32,0.68,0.69,0.01,0.01,78406.4,1776961253000
1776961254.911,54.911,0.21,0.25,0.75,0.79,0.04,0.04,78406.4,1776961253000
1776961255.251,55.251,0.21,0.27,0.73,0.79,0.06,0.06,78406.4,1776961253000
1776961255.598,55.598,0.17,0.28,0.72,0.83,0.11,0.11,78403.42,1776961254000
1776961255.938,55.938,0.22,0.28,0.72,0.78,0.06,0.06,78388.34,1776961255000
1776961256.3,56.3,0.17,0.18,0.72,0.83,0.01,0.11,78388.34,1776961255000
1776961256.928,56.928,0.17,0.18,0.82,0.83,0.01,0.01,78340.97,1776961256000
1776961257.287,57.287,0.19,0.23,0.77,0.81,0.04,0.04,78340.97,1776961256000
1776961258.184,58.184,0.19,0.22,0.77,0.81,0.03,0.04,78340.97,1776961256000
1776961258.567,58.567,0.17,0.23,0.77,0.83,0.06,0.06,78340.97,1776961256000
1776961258.902,58.902,0.16,0.23,0.77,0.84,0.07,0.07,78342.57,1776961257000
1776961259.259,59.259,0.16,0.23,0.77,0.84,0.07,0.07,78344.94,1776961258000
1776961259.606,59.606,0.22,0.23,0.77,0.8,0.01,0.03,78344.94,1776961258000
1776961259.972,59.972,0.21,0.23,0.77,0.78,0.02,0.01,78344.94,1776961258000
1776961260.358,60.358,0.15,0.16,0.77,0.79,0.01,0.02,78344.94,1776961258000
1776961260.696,60.696,0.2,0.24,0.76,0.8,0.04,0.04,78351.49,1776961259000
1776961261.069,61.069,0.14,0.16,0.84,0.85,0.02,0.01,78351.49,1776961259000
1776961261.409,61.409,0.14,0.18,0.82,0.86,0.04,0.04,78351.26,1776961260000
1776961261.757,61.757,0.17,0.2,0.8,0.82,0.03,0.02,78351.26,1776961260000
1776961262.093,62.093,0.19,0.2,0.8,0.81,0.01,0.01,78351.26,1776961261000
1776961262.441,62.441,0.18,0.19,0.81,0.82,0.01,0.01,78351.26,1776961261000
1776961262.785,62.785,0.18,0.2,0.8,0.82,0.02,0.02,78351.26,1776961261000
1776961263.136,63.136,0.19,0.2,0.8,0.81,0.01,0.01,78353.08,1776961262000
1776961263.544,63.544,0.19,0.2,0.8,0.81,0.01,0.01,78353.08,1776961262000
1776961263.899,63.899,0.19,0.2,0.8,0.81,0.01,0.01,78353.08,1776961262000
1776961264.266,64.266,0.19,0.2,0.8,0.81,0.01,0.01,78350.5,1776961263000
1776961264.708,64.708,0.18,0.2,0.8,0.81,0.02,0.01,78350.5,1776961263000
1776961265.328,65.328,0.18,0.2,0.8,0.82,0.02,0.02,78353.92,1776961264000
1776961265.779,65.779,0.19,0.2,0.8,0.82,0.01,0.02,78353.92,1776961264000
1776961266.394,66.394,0.18,0.2,0.8,0.82,0.02,0.02,78348.4,1776961265000
1776961267.134,67.134,0.18,0.19,0.8,0.82,0.01,0.02,78348.4,1776961265000
1776961267.533,67.533,0.18,0.19,0.81,0.82,0.01,0.01,78348.4,1776961265000
1776961267.933,67.933,0.18,0.19,0.81,0.82,0.01,0.01,78347.85,1776961266000
1776961268.273,68.273,0.18,0.19,0.81,0.83,0.01,0.02,78347.85,1776961266000
1776961268.724,68.724,0.17,0.19,0.81,0.83,0.02,0.02,78347.77,1776961267000
1776961269.075,69.075,0.18,0.19,0.81,0.83,0.01,0.02,78347.77,1776961267000
1776961269.577,69.577,0.17,0.19,0.81,0.83,0.02,0.02,78346.88,1776961268000
1776961269.917,69.917,0.18,0.19,0.81,0.82,0.01,0.01,78346.88,1776961268000
1776961270.286,70.286,0.16,0.18,0.82,0.85,0.02,0.03,78336.2,1776961269000
1776961270.634,70.634,0.14,0.16,0.84,0.86,0.02,0.02,78336.2,1776961269000
1776961271.02,71.02,0.14,0.15,0.85,0.86,0.01,0.01,78336.2,1776961269000
1776961271.403,71.403,0.14,0.15,0.85,0.86,0.01,0.01,78335.82,1776961270000
1776961271.857,71.857,0.14,0.15,0.85,0.86,0.01,0.01,78335.82,1776961270000
1776961272.21,72.21,0.14,0.15,0.85,0.86,0.01,0.01,78336.8,1776961271000
1776961272.719,72.719,0.13,0.15,0.85,0.86,0.02,0.01,78336.8,1776961271000
1776961273.069,73.069,0.13,0.14,0.86,0.87,0.01,0.01,78336.8,1776961271000
1776961273.407,73.407,0.13,0.14,0.86,0.87,0.01,0.01,78338.95,1776961272000
1776961273.742,73.742,0.13,0.14,0.86,0.87,0.01,0.01,78338.95,1776961272000
1776961274.107,74.107,0.13,0.14,0.86,0.87,0.01,0.01,78338.95,1776961272000
1776961274.472,74.472,0.13,0.14,0.86,0.87,0.01,0.01,78339.99,1776961273000
1776961274.83,74.83,0.13,0.14,0.86,0.87,0.01,0.01,78339.99,1776961273000
1776961275.336,75.336,0.13,0.14,0.86,0.87,0.01,0.01,78339.99,1776961273000
1776961276.068,76.068,0.13,0.14,0.86,0.87,0.01,0.01,78339.23,1776961275000
1776961276.694,76.694,0.13,0.14,0.86,0.87,0.01,0.01,78339.23,1776961275000
1776961277.388,77.388,0.12,0.14,0.86,0.87,0.02,0.01,78339.23,1776961275000
1776961277.798,77.798,0.12,0.14,0.86,0.88,0.02,0.02,78338.87,1776961276000
1776961278.188,78.188,0.12,0.13,0.87,0.88,0.01,0.01,78338.87,1776961276000
1776961278.662,78.662,0.11,0.13,0.87,0.88,0.02,0.01,78335.03,1776961277000
1776961279.015,79.015,0.1,0.11,0.89,0.9,0.01,0.01,78335.03,1776961277000
1776961279.354,79.354,0.07,0.09,0.91,0.93,0.02,0.02,78323.26,1776961278000
1776961279.778,79.778,0.08,0.09,0.91,0.92,0.01,0.01,78323.26,1776961278000
1776961280.112,80.112,0.08,0.09,0.91,0.92,0.01,0.01,78311.73,1776961279000
1776961280.451,80.451,0.08,0.09,0.91,0.92,0.01,0.01,78311.73,1776961279000
1776961280.838,80.838,0.08,0.09,0.91,0.93,0.01,0.02,78311.73,1776961279000
1776961281.188,81.188,0.08,0.09,0.91,0.92,0.01,0.01,78294.35,1776961280000
1776961281.637,81.637,0.08,0.09,0.91,0.92,0.01,0.01,78294.35,1776961280000
1776961282.006,82.006,0.07,0.09,0.91,0.93,0.02,0.02,78294.35,1776961280000
1776961282.4,82.4,0.08,0.09,0.91,0.92,0.01,0.01,78293.92,1776961281000
1776961282.75,82.75,0.08,0.09,0.91,0.92,0.01,0.01,78293.92,1776961281000
1776961283.121,83.121,0.07,0.08,0.91,0.92,0.01,0.01,78293.92,1776961281000
1776961283.482,83.482,0.07,0.08,0.92,0.93,0.01,0.01,78296.27,1776961282000
1776961283.818,83.818,0.07,0.08,0.92,0.93,0.01,0.01,78296.27,1776961282000
1776961284.363,84.363,0.07,0.08,0.92,0.93,0.01,0.01,78296.27,1776961282000
1776961284.94,84.94,0.07,0.08,0.92,0.93,0.01,0.01,78297.14,1776961283000
1776961285.657,85.657,0.07,0.08,0.92,0.93,0.01,0.01,78295.59,1776961284000
1776961286.184,86.184,0.07,0.09,0.92,0.93,0.02,0.01,78295.59,1776961284000
1776961286.544,86.544,0.08,0.09,0.91,0.92,0.01,0.01,78295.59,1776961284000
1776961287.001,87.001,0.08,0.09,0.91,0.92,0.01,0.01,78295.96,1776961285000
1776961287.387,87.387,0.08,0.09,0.91,0.92,0.01,0.01,78297.89,1776961286000
1776961287.728,87.728,0.08,0.09,0.91,0.92,0.01,0.01,78297.89,1776961286000
1776961288.117,88.117,0.08,0.09,0.91,0.92,0.01,0.01,78297.89,1776961286000
1776961288.871,88.871,0.08,0.09,0.91,0.92,0.01,0.01,78298.96,1776961287000
1776961289.346,89.346,0.07,0.09,0.91,0.93,0.02,0.02,78298.96,1776961287000
1776961289.705,89.705,0.07,0.08,0.92,0.93,0.01,0.01,78300.99,1776961288000
1776961290.055,90.055,0.07,0.08,0.92,0.93,0.01,0.01,78300.99,1776961288000
1776961290.397,90.397,0.07,0.08,0.92,0.93,0.01,0.01,78301.54,1776961289000
1776961290.749,90.749,0.07,0.08,0.92,0.93,0.01,0.01,78301.54,1776961289000
1776961291.105,91.105,0.06,0.07,0.93,0.94,0.01,0.01,78301.54,1776961289000
1776961291.458,91.458,0.06,0.07,0.93,0.94,0.01,0.01,78297.06,1776961290000
1776961291.895,91.895,0.06,0.07,0.93,0.94,0.01,0.01,78297.06,1776961290000
1776961292.23,92.23,0.06,0.07,0.93,0.94,0.01,0.01,78297.06,1776961290000
1776961292.587,92.587,0.06,0.07,0.93,0.94,0.01,0.01,78291.14,1776961291000
1776961292.987,92.987,0.06,0.07,0.93,0.94,0.01,0.01,78291.14,1776961291000
1776961293.389,93.389,0.06,0.07,0.93,0.94,0.01,0.01,78278.2,1776961292000
1776961293.795,93.795,0.06,0.07,0.93,0.94,0.01,0.01,78278.2,1776961292000
1776961294.152,94.152,0.06,0.07,0.93,0.94,0.01,0.01,78278.6,1776961293000
1776961294.528,94.528,0.06,0.07,0.93,0.94,0.01,0.01,78278.6,1776961293000
1776961294.914,94.914,0.06,0.07,0.93,0.94,0.01,0.01,78278.6,1776961293000
1776961295.483,95.483,0.06,0.07,0.93,0.94,0.01,0.01,78279.24,1776961294000
1776961295.958,95.958,0.06,0.07,0.93,0.94,0.01,0.01,78282.3,1776961295000
1776961296.301,96.301,0.06,0.07,0.93,0.94,0.01,0.01,78282.3,1776961295000
1776961296.757,96.757,0.06,0.07,0.93,0.94,0.01,0.01,78282.3,1776961295000
1776961297.129,97.129,0.06,0.07,0.93,0.94,0.01,0.01,78288.43,1776961296000
1776961297.514,97.514,0.06,0.07,0.93,0.94,0.01,0.01,78288.43,1776961296000
1776961297.982,97.982,0.06,0.07,0.93,0.94,0.01,0.01,78288.43,1776961296000
1776961298.373,98.373,0.06,0.07,0.93,0.94,0.01,0.01,78289.92,1776961297000
1776961298.718,98.718,0.06,0.07,0.93,0.94,0.01,0.01,78289.92,1776961297000
1776961299.171,99.171,0.06,0.07,0.93,0.94,0.01,0.01,78290.21,1776961298000
1776961299.532,99.532,0.06,0.07,0.92,0.94,0.01,0.02,78290.21,1776961298000
1776961299.919,99.919,0.08,0.09,0.91,0.92,0.01,0.01,78290.21,1776961298000
1776961300.275,100.275,0.08,0.09,0.91,0.92,0.01,0.01,78292.01,1776961299000
1776961300.613,100.613,0.08,0.12,0.88,0.92,0.04,0.04,78292.01,1776961299000
1776961300.972,100.972,0.08,0.13,0.87,0.92,0.05,0.05,78292.01,1776961299000
1776961301.307,101.307,0.12,0.14,0.86,0.88,0.02,0.02,78292.01,1776961299000
1776961301.806,101.806,0.12,0.14,0.86,0.88,0.02,0.02,78308.84,1776961300000
1776961302.155,102.155,0.12,0.14,0.86,0.88,0.02,0.02,78308.84,1776961300000
1776961302.491,102.491,0.14,0.15,0.85,0.86,0.01,0.01,78336.88,1776961301000
1776961302.831,102.831,0.14,0.15,0.85,0.86,0.01,0.01,78336.88,1776961301000
1776961303.343,103.343,0.14,0.15,0.85,0.86,0.01,0.01,78336.88,1776961301000
1776961303.808,103.808,0.14,0.15,0.85,0.86,0.01,0.01,78344.68,1776961302000
1776961304.273,104.273,0.14,0.15,0.85,0.86,0.01,0.01,78345.5,1776961303000
1776961304.631,104.631,0.14,0.15,0.85,0.86,0.01,0.01,78345.5,1776961303000
1776961305.048,105.048,0.14,0.15,0.85,0.86,0.01,0.01,78345.5,1776961303000
1776961305.408,105.408,0.14,0.15,0.85,0.86,0.01,0.01,78345.39,1776961304000
1776961305.884,105.884,0.14,0.15,0.85,0.86,0.01,0.01,78345.39,1776961304000
1776961306.23,106.23,0.14,0.15,0.85,0.86,0.01,0.01,78345.39,1776961304000
1776961306.635,106.635,0.14,0.15,0.85,0.86,0.01,0.01,78343.66,1776961305000
1776961307.0,107.0,0.14,0.15,0.85,0.86,0.01,0.01,78343.78,1776961306000
1776961307.821,107.821,0.13,0.14,0.86,0.87,0.01,0.01,78343.78,1776961306000
1776961308.318,108.318,0.12,0.13,0.87,0.88,0.01,0.01,78344.06,1776961307000
1776961308.668,108.668,0.11,0.12,0.87,0.89,0.01,0.02,78344.06,1776961307000
1776961309.081,109.081,0.11,0.12,0.88,0.89,0.01,0.01,78344.06,1776961307000
1776961309.416,109.416,0.12,0.13,0.87,0.88,0.01,0.01,78343.16,1776961308000
1776961309.764,109.764,0.12,0.13,0.87,0.88,0.01,0.01,78343.16,1776961308000
1776961310.427,110.427,0.12,0.13,0.87,0.88,0.01,0.01,78343.16,1776961308000
1776961311.087,111.087,0.12,0.13,0.87,0.88,0.01,0.01,78342.76,1776961310000
1776961311.447,111.447,0.12,0.13,0.87,0.88,0.01,0.01,78342.76,1776961310000
1776961312.312,112.312,0.12,0.13,0.87,0.88,0.01,0.01,78343.21,1776961311000
1776961312.695,112.695,0.12,0.13,0.87,0.88,0.01,0.01,78343.21,1776961311000
1776961313.463,113.463,0.12,0.13,0.87,0.88,0.01,0.01,78343.21,1776961311000
1776961313.894,113.894,0.12,0.13,0.87,0.88,0.01,0.01,78341.05,1776961312000
1776961314.261,114.261,0.12,0.13,0.87,0.88,0.01,0.01,78339.0,1776961313000
1776961314.619,114.619,0.12,0.13,0.87,0.88,0.01,0.01,78339.0,1776961313000
1776961315.055,115.055,0.12,0.13,0.87,0.88,0.01,0.01,78339.0,1776961313000
1776961315.75,115.75,0.12,0.13,0.87,0.88,0.01,0.01,78339.54,1776961314000
1776961316.12,116.12,0.12,0.13,0.87,0.88,0.01,0.01,78339.54,1776961314000
1776961316.488,116.488,0.13,0.14,0.86,0.87,0.01,0.01,78340.9,1776961315000
1776961316.995,116.995,0.13,0.14,0.86,0.87,0.01,0.01,78340.9,1776961315000
1776961317.374,117.374,0.13,0.14,0.86,0.87,0.01,0.01,78342.23,1776961316000
1776961317.725,117.725,0.12,0.13,0.86,0.88,0.01,0.02,78342.23,1776961316000
1776961318.087,118.087,0.12,0.13,0.87,0.88,0.01,0.01,78342.23,1776961316000
1776961318.486,118.486,0.12,0.13,0.87,0.88,0.01,0.01,78342.24,1776961317000
1776961318.902,118.902,0.11,0.12,0.88,0.89,0.01,0.01,78342.24,1776961317000
1776961319.39,119.39,0.1,0.11,0.89,0.9,0.01,0.01,78341.7,1776961318000
1776961319.759,119.759,0.09,0.1,0.89,0.91,0.01,0.02,78341.7,1776961318000
1776961320.127,120.127,0.09,0.1,0.9,0.91,0.01,0.01,78340.74,1776961319000
1776961320.524,120.524,0.1,0.11,0.89,0.91,0.01,0.02,78340.74,1776961319000
1776961320.891,120.891,0.1,0.11,0.89,0.9,0.01,0.01,78340.74,1776961319000
1776961321.339,121.339,0.1,0.11,0.89,0.9,0.01,0.01,78340.03,1776961320000
1776961321.775,121.775,0.1,0.11,0.89,0.9,0.01,0.01,78340.03,1776961320000
1776961322.268,122.268,0.1,0.11,0.89,0.9,0.01,0.01,78338.18,1776961321000
1776961322.921,122.921,0.1,0.11,0.89,0.9,0.01,0.01,78338.18,1776961321000
1776961323.307,123.307,0.1,0.11,0.89,0.9,0.01,0.01,78339.7,1776961322000
1776961323.712,123.712,0.1,0.11,0.89,0.9,0.01,0.01,78339.7,1776961322000
1776961324.134,124.134,0.1,0.11,0.89,0.9,0.01,0.01,78339.81,1776961323000
1776961324.641,124.641,0.09,0.1,0.89,0.91,0.01,0.02,78339.81,1776961323000
1776961325.246,125.246,0.09,0.1,0.9,0.91,0.01,0.01,78339.56,1776961324000
1776961325.58,125.58,0.09,0.1,0.9,0.91,0.01,0.01,78339.56,1776961324000
1776961326.036,126.036,0.09,0.1,0.9,0.91,0.01,0.01,78339.56,1776961324000
1776961326.381,126.381,0.09,0.1,0.9,0.91,0.01,0.01,78339.56,1776961324000
1776961326.719,126.719,0.08,0.09,0.9,0.92,0.01,0.02,78338.78,1776961325000
1776961327.11,127.11,0.07,0.08,0.92,0.93,0.01,0.01,78338.78,1776961325000
1776961327.478,127.478,0.07,0.08,0.92,0.93,0.01,0.01,78338.33,1776961326000
1776961328.037,128.037,0.07,0.08,0.92,0.93,0.01,0.01,78338.33,1776961326000
1776961328.453,128.453,0.07,0.08,0.92,0.93,0.01,0.01,78338.33,1776961326000
1776961328.79,128.79,0.07,0.08,0.92,0.93,0.01,0.01,78324.94,1776961327000
1776961329.124,129.124,0.08,0.09,0.91,0.93,0.01,0.02,78324.94,1776961327000
1776961329.465,129.465,0.08,0.09,0.91,0.92,0.01,0.01,78323.42,1776961328000
1776961329.966,129.966,0.08,0.09,0.91,0.92,0.01,0.01,78323.95,1776961329000
1776961331.042,131.042,0.08,0.09,0.91,0.92,0.01,0.01,78323.95,1776961329000
1776961331.992,131.992,0.08,0.09,0.91,0.92,0.01,0.01,78325.99,1776961330000
1776961332.34,132.34,0.08,0.09,0.91,0.92,0.01,0.01,78325.68,1776961331000
1776961333.017,133.017,0.07,0.08,0.91,0.92,0.01,0.01,78325.68,1776961331000
1776961333.518,133.518,0.07,0.08,0.92,0.93,0.01,0.01,78325.41,1776961332000
1776961333.879,133.879,0.07,0.08,0.92,0.93,0.01,0.01,78325.41,1776961332000
1776961334.311,134.311,0.06,0.08,0.92,0.93,0.02,0.01,78324.88,1776961333000
1776961334.808,134.808,0.06,0.07,0.93,0.94,0.01,0.01,78324.88,1776961333000
1776961335.183,135.183,0.06,0.07,0.93,0.94,0.01,0.01,78324.88,1776961333000
1776961335.627,135.627,0.06,0.07,0.93,0.94,0.01,0.01,78324.88,1776961333000
1776961336.013,136.013,0.07,0.08,0.92,0.94,0.01,0.02,78324.1,1776961334000
1776961336.455,136.455,0.07,0.08,0.92,0.93,0.01,0.01,78324.1,1776961334000
1776961336.821,136.821,0.07,0.08,0.92,0.93,0.01,0.01,78322.38,1776961335000
1776961338.152,138.152,0.07,0.08,0.92,0.93,0.01,0.01,78322.64,1776961337000
1776961338.933,138.933,0.07,0.08,0.92,0.93,0.01,0.01,78322.64,1776961337000
1776961339.314,139.314,0.07,0.08,0.92,0.93,0.01,0.01,78328.38,1776961338000
1776961339.751,139.751,0.08,0.09,0.91,0.92,0.01,0.01,78328.38,1776961338000
1776961340.435,140.435,0.08,0.09,0.91,0.92,0.01,0.01,78332.73,1776961339000
1776961341.012,141.012,0.08,0.09,0.91,0.92,0.01,0.01,78332.73,1776961339000
1776961341.383,141.383,0.08,0.09,0.91,0.92,0.01,0.01,78331.21,1776961340000
1776961341.806,141.806,0.07,0.09,0.91,0.92,0.02,0.01,78331.21,1776961340000
1776961342.145,142.145,0.07,0.08,0.92,0.93,0.01,0.01,78331.21,1776961340000
1776961342.868,142.868,0.07,0.08,0.92,0.93,0.01,0.01,78327.81,1776961342000
1776961343.285,143.285,0.07,0.08,0.92,0.93,0.01,0.01,78327.81,1776961342000
1776961343.699,143.699,0.07,0.08,0.92,0.93,0.01,0.01,78327.81,1776961342000
1776961344.117,144.117,0.06,0.07,0.93,0.94,0.01,0.01,78327.81,1776961342000
1776961344.705,144.705,0.06,0.07,0.93,0.94,0.01,0.01,78327.14,1776961343000
1776961345.061,145.061,0.07,0.08,0.93,0.94,0.01,0.01,78327.14,1776961343000
1776961345.419,145.419,0.07,0.09,0.91,0.93,0.02,0.02,78327.02,1776961344000
1776961345.865,145.865,0.08,0.1,0.9,0.92,0.02,0.02,78327.02,1776961344000
1776961346.44,146.44,0.09,0.1,0.9,0.91,0.01,0.01,78327.21,1776961345000
1776961347.165,147.165,0.1,0.11,0.89,0.9,0.01,0.01,78338.07,1776961346000
1776961347.597,147.597,0.1,0.11,0.89,0.9,0.01,0.01,78338.07,1776961346000
1776961348.218,148.218,0.1,0.11,0.89,0.9,0.01,0.01,78346.09,1776961347000
1776961349.329,149.329,0.1,0.11,0.89,0.9,0.01,0.01,78346.09,1776961347000
1776961349.667,149.667,0.1,0.12,0.88,0.9,0.02,0.02,78350.67,1776961348000
1776961350.031,150.031,0.11,0.12,0.88,0.89,0.01,0.01,78358.3,1776961349000
1776961350.37,150.37,0.11,0.12,0.88,0.89,0.01,0.01,78358.3,1776961349000
1776961350.731,150.731,0.11,0.12,0.88,0.89,0.01,0.01,78358.3,1776961349000
1776961351.096,151.096,0.12,0.13,0.87,0.88,0.01,0.01,78358.3,1776961349000
1776961351.462,151.462,0.12,0.13,0.87,0.88,0.01,0.01,78361.93,1776961350000
1776961351.807,151.807,0.12,0.13,0.87,0.88,0.01,0.01,78361.93,1776961350000
1776961352.264,152.264,0.12,0.13,0.87,0.88,0.01,0.01,78361.93,1776961350000
1776961352.644,152.644,0.11,0.12,0.88,0.89,0.01,0.01,78361.16,1776961351000
1776961353.0,153.0,0.11,0.12,0.88,0.89,0.01,0.01,78361.16,1776961351000
1776961353.47,153.47,0.11,0.12,0.88,0.89,0.01,0.01,78355.24,1776961352000
1776961353.99,153.99,0.11,0.12,0.88,0.89,0.01,0.01,78355.24,1776961352000
1776961354.359,154.359,0.11,0.12,0.88,0.89,0.01,0.01,78355.24,1776961352000
1776961354.733,154.733,0.11,0.12,0.88,0.89,0.01,0.01,78354.36,1776961353000
1776961355.07,155.07,0.09,0.11,0.88,0.9,0.02,0.02,78354.36,1776961353000
1776961356.492,156.492,0.09,0.11,0.89,0.91,0.02,0.02,78353.92,1776961354000
1776961357.088,157.088,0.09,0.11,0.89,0.91,0.02,0.02,78347.38,1776961356000
1776961358.301,158.301,0.09,0.11,0.89,0.91,0.02,0.02,78345.42,1776961357000
1776961358.793,158.793,0.09,0.1,0.89,0.91,0.01,0.02,78345.42,1776961357000
1776961359.134,159.134,0.08,0.1,0.9,0.92,0.02,0.02,78345.42,1776961357000
1776961359.593,159.593,0.07,0.1,0.9,0.93,0.03,0.03,78344.21,1776961358000
1776961360.013,160.013,0.07,0.1,0.9,0.93,0.03,0.03,78344.21,1776961358000
1776961360.417,160.417,0.08,0.1,0.9,0.92,0.02,0.02,78344.21,1776961358000
1776961360.793,160.793,0.08,0.1,0.9,0.92,0.02,0.02,78343.87,1776961359000
1776961361.61,161.61,0.08,0.1,0.9,0.92,0.02,0.02,78342.94,1776961360000
1776961362.075,162.075,0.08,0.1,0.9,0.92,0.02,0.02,78342.94,1776961360000
1776961362.44,162.44,0.08,0.09,0.91,0.92,0.01,0.01,78342.94,1776961360000
1776961362.79,162.79,0.08,0.09,0.91,0.92,0.01,0.01,78343.86,1776961361000
1776961363.182,163.182,0.07,0.1,0.9,0.91,0.03,0.01,78343.86,1776961361000
1776961363.565,163.565,0.09,0.1,0.9,0.92,0.01,0.02,78347.01,1776961362000
1776961364.013,164.013,0.07,0.08,0.91,0.93,0.01,0.02,78347.01,1776961362000
1776961364.357,164.357,0.06,0.07,0.92,0.93,0.01,0.01,78348.09,1776961363000
1776961364.792,164.792,0.06,0.07,0.93,0.94,0.01,0.01,78348.09,1776961363000
1776961365.319,165.319,0.06,0.07,0.93,0.94,0.01,0.01,78349.73,1776961364000
1776961365.868,165.868,0.06,0.07,0.93,0.94,0.01,0.01,78349.73,1776961364000
1776961366.612,166.612,0.06,0.07,0.93,0.94,0.01,0.01,78338.71,1776961365000
1776961367.088,167.088,0.06,0.07,0.93,0.94,0.01,0.01,78337.44,1776961366000
1776961367.428,167.428,0.06,0.07,0.93,0.94,0.01,0.01,78337.44,1776961366000
1776961368.162,168.162,0.06,0.07,0.93,0.94,0.01,0.01,78337.44,1776961366000
1776961368.568,168.568,0.06,0.07,0.93,0.94,0.01,0.01,78334.42,1776961367000
1776961368.929,168.929,0.06,0.07,0.93,0.94,0.01,0.01,78334.42,1776961367000
1776961369.615,169.615,0.06,0.07,0.93,0.94,0.01,0.01,78336.38,1776961368000
1776961370.372,170.372,0.06,0.07,0.93,0.94,0.01,0.01,78337.27,1776961369000
1776961370.782,170.782,0.06,0.07,0.93,0.94,0.01,0.01,78337.27,1776961369000
1776961371.299,171.299,0.06,0.07,0.93,0.94,0.01,0.01,78337.27,1776961370000
1776961372.516,172.516,0.06,0.07,0.93,0.94,0.01,0.01,78339.31,1776961371000
1776961372.855,172.855,0.08,0.09,0.91,0.92,0.01,0.01,78339.31,1776961371000
1776961373.251,173.251,0.08,0.09,0.91,0.92,0.01,0.01,78338.9,1776961372000
1776961373.749,173.749,0.08,0.09,0.91,0.92,0.01,0.01,78338.9,1776961372000
1776961374.091,174.091,0.08,0.09,0.91,0.92,0.01,0.01,78338.9,1776961372000
1776961374.712,174.712,0.08,0.09,0.91,0.92,0.01,0.01,78343.23,1776961373000
1776961375.406,175.406,0.08,0.09,0.91,0.92,0.01,0.01,78343.23,1776961373000
1776961376.135,176.135,0.08,0.09,0.91,0.92,0.01,0.01,78350.93,1776961375000
1776961376.575,176.575,0.08,0.09,0.91,0.92,0.01,0.01,78350.93,1776961375000
1776961377.447,177.447,0.08,0.09,0.91,0.92,0.01,0.01,78351.25,1776961376000
1776961378.149,178.149,0.08,0.09,0.91,0.92,0.01,0.01,78351.25,1776961376000
1776961378.622,178.622,0.08,0.09,0.91,0.92,0.01,0.01,78351.25,1776961376000
1776961379.261,179.261,0.08,0.09,0.91,0.92,0.01,0.01,78351.17,1776961378000
1776961379.82,179.82,0.08,0.09,0.91,0.92,0.01,0.01,78351.17,1776961378000
1776961380.315,180.315,0.07,0.09,0.91,0.92,0.02,0.01,78349.03,1776961379000
1776961380.679,180.679,0.07,0.08,0.91,0.93,0.01,0.02,78349.03,1776961379000
1776961381.032,181.032,0.07,0.08,0.92,0.93,0.01,0.01,78349.03,1776961379000
1776961381.612,181.612,0.05,0.06,0.93,0.94,0.01,0.01,78346.45,1776961380000
1776961382.139,182.139,0.05,0.06,0.94,0.95,0.01,0.01,78346.45,1776961380000
1776961382.481,182.481,0.05,0.06,0.94,0.95,0.01,0.01,78345.86,1776961381000
1776961382.863,182.863,0.05,0.06,0.94,0.95,0.01,0.01,78345.86,1776961381000
1776961383.334,183.334,0.05,0.06,0.94,0.95,0.01,0.01,78345.59,1776961382000
1776961383.685,183.685,0.05,0.06,0.94,0.95,0.01,0.01,78345.59,1776961382000
1776961384.225,184.225,0.05,0.06,0.94,0.95,0.01,0.01,78345.59,1776961382000
1776961384.807,184.807,0.05,0.06,0.94,0.95,0.01,0.01,78345.46,1776961383000
1776961385.407,185.407,0.06,0.07,0.93,0.94,0.01,0.01,78345.37,1776961384000
1776961385.841,185.841,0.06,0.07,0.93,0.94,0.01,0.01,78345.37,1776961384000
1776961386.791,186.791,0.06,0.07,0.93,0.94,0.01,0.01,78351.25,1776961385000
1776961387.131,187.131,0.06,0.08,0.93,0.94,0.02,0.01,78355.18,1776961386000
1776961387.653,187.653,0.07,0.08,0.92,0.94,0.01,0.02,78355.18,1776961386000
1776961388.015,188.015,0.07,0.08,0.92,0.93,0.01,0.01,78355.18,1776961386000
1776961388.557,188.557,0.08,0.1,0.91,0.92,0.02,0.01,78361.61,1776961387000
1776961389.04,189.04,0.09,0.1,0.9,0.91,0.01,0.01,78367.12,1776961388000
1776961389.43,189.43,0.1,0.11,0.88,0.9,0.01,0.02,78367.12,1776961388000
1776961389.927,189.927,0.11,0.12,0.88,0.89,0.01,0.01,78367.12,1776961388000
1776961390.539,190.539,0.11,0.12,0.88,0.89,0.01,0.01,78368.17,1776961389000
1776961390.986,190.986,0.11,0.12,0.88,0.89,0.01,0.01,78368.17,1776961389000
1776961391.488,191.488,0.11,0.12,0.88,0.89,0.01,0.01,78373.24,1776961390000
1776961392.356,192.356,0.11,0.12,0.88,0.89,0.01,0.01,78374.87,1776961391000
1776961392.994,192.994,0.11,0.12,0.88,0.89,0.01,0.01,78376.44,1776961392000
1776961393.901,193.901,0.11,0.12,0.88,0.89,0.01,0.01,78378.5,1776961393000
1776961394.811,194.811,0.11,0.12,0.88,0.89,0.01,0.01,78378.5,1776961393000
1776961395.553,195.553,0.11,0.12,0.88,0.89,0.01,0.01,78376.66,1776961394000
1776961396.085,196.085,0.11,0.12,0.88,0.89,0.01,0.01,78376.68,1776961395000
1776961396.735,196.735,0.11,0.12,0.88,0.89,0.01,0.01,78376.68,1776961395000
1776961397.102,197.102,0.11,0.12,0.88,0.89,0.01,0.01,78376.82,1776961396000
1776961398.148,198.148,0.11,0.13,0.87,0.89,0.02,0.02,78376.82,1776961397000
1776961399.204,199.204,0.11,0.13,0.87,0.89,0.02,0.02,78376.76,1776961398000
1776961399.558,199.558,0.11,0.13,0.87,0.89,0.02,0.02,78376.76,1776961398000
1776961399.978,199.978,0.11,0.12,0.88,0.89,0.01,0.01,78376.76,1776961398000
1776961400.336,200.336,0.11,0.12,0.88,0.89,0.01,0.01,78376.76,1776961399000
1776961400.707,200.707,0.11,0.12,0.88,0.89,0.01,0.01,78376.76,1776961399000
1776961401.445,201.445,0.11,0.12,0.88,0.89,0.01,0.01,78376.17,1776961400000
1776961401.999,201.999,0.11,0.12,0.88,0.89,0.01,0.01,78376.19,1776961401000
1776961402.753,202.753,0.1,0.12,0.88,0.89,0.02,0.01,78376.19,1776961401000
1776961403.124,203.124,0.1,0.12,0.88,0.9,0.02,0.02,78374.45,1776961402000
1776961403.756,203.756,0.1,0.11,0.88,0.9,0.01,0.02,78374.45,1776961402000
1776961404.102,204.102,0.09,0.11,0.89,0.91,0.02,0.02,78374.45,1776961402000
1776961404.474,204.474,0.08,0.11,0.89,0.92,0.03,0.03,78367.15,1776961403000
1776961404.879,204.879,0.08,0.09,0.91,0.92,0.01,0.01,78367.15,1776961403000
1776961405.357,205.357,0.08,0.09,0.91,0.92,0.01,0.01,78364.0,1776961404000
1776961406.286,206.286,0.08,0.09,0.91,0.92,0.01,0.01,78364.0,1776961404000
1776961406.954,206.954,0.08,0.09,0.91,0.93,0.01,0.02,78363.96,1776961405000
1776961407.3,207.3,0.06,0.08,0.92,0.94,0.02,0.02,78363.96,1776961405000
1776961407.64,207.64,0.08,0.09,0.91,0.94,0.01,0.03,78363.96,1776961405000
1776961408.038,208.038,0.08,0.09,0.91,0.92,0.01,0.01,78363.96,1776961405000
1776961408.423,208.423,0.08,0.09,0.91,0.92,0.01,0.01,78366.44,1776961406000
1776961408.815,208.815,0.07,0.08,0.92,0.93,0.01,0.01,78366.44,1776961407000
1776961409.154,209.154,0.07,0.08,0.92,0.93,0.01,0.01,78366.44,1776961407000
1776961409.509,209.509,0.07,0.08,0.92,0.93,0.01,0.01,78366.44,1776961408000
1776961409.879,209.879,0.08,0.09,0.91,0.92,0.01,0.01,78366.44,1776961408000
1776961410.252,210.252,0.08,0.09,0.91,0.92,0.01,0.01,78366.62,1776961409000
1776961410.59,210.59,0.08,0.09,0.9,0.92,0.01,0.02,78366.62,1776961409000
1776961410.924,210.924,0.09,0.1,0.9,0.91,0.01,0.01,78366.62,1776961409000
1776961411.376,211.376,0.1,0.11,0.89,0.9,0.01,0.01,78370.19,1776961410000
1776961412.152,212.152,0.1,0.11,0.89,0.9,0.01,0.01,78370.19,1776961410000
1776961412.497,212.497,0.1,0.11,0.89,0.9,0.01,0.01,78376.53,1776961411000
1776961412.837,212.837,0.1,0.11,0.89,0.9,0.01,0.01,78376.53,1776961411000
1776961413.699,213.699,0.1,0.11,0.89,0.9,0.01,0.01,78377.49,1776961412000
1776961414.118,214.118,0.1,0.11,0.89,0.9,0.01,0.01,78377.28,1776961413000
1776961414.47,214.47,0.1,0.11,0.89,0.9,0.01,0.01,78377.28,1776961413000
1776961414.858,214.858,0.1,0.11,0.89,0.9,0.01,0.01,78377.28,1776961413000
1776961415.309,215.309,0.1,0.11,0.89,0.9,0.01,0.01,78377.28,1776961414000
1776961415.773,215.773,0.1,0.11,0.89,0.9,0.01,0.01,78377.28,1776961414000
1776961416.296,216.296,0.1,0.11,0.89,0.9,0.01,0.01,78377.3,1776961415000
1776961416.634,216.634,0.11,0.12,0.88,0.89,0.01,0.01,78377.3,1776961415000
1776961417.11,217.11,0.11,0.12,0.88,0.89,0.01,0.01,78377.3,1776961415000
1776961417.504,217.504,0.11,0.12,0.88,0.89,0.01,0.01,78383.0,1776961416000
1776961417.858,217.858,0.11,0.12,0.88,0.89,0.01,0.01,78383.0,1776961416000
1776961418.213,218.213,0.11,0.12,0.88,0.89,0.01,0.01,78383.89,1776961417000
1776961418.642,218.642,0.11,0.12,0.88,0.89,0.01,0.01,78383.89,1776961417000
1776961418.985,218.985,0.1,0.11,0.89,0.9,0.01,0.01,78383.89,1776961417000
1776961419.45,219.45,0.1,0.11,0.89,0.9,0.01,0.01,78383.9,1776961418000
1776961419.918,219.918,0.1,0.11,0.89,0.9,0.01,0.01,78383.83,1776961419000
1776961420.282,220.282,0.1,0.11,0.89,0.9,0.01,0.01,78383.83,1776961419000
1776961420.618,220.618,0.1,0.11,0.89,0.9,0.01,0.01,78383.83,1776961419000
1776961421.391,221.391,0.09,0.11,0.89,0.9,0.02,0.01,78383.83,1776961419000
1776961421.751,221.751,0.09,0.1,0.89,0.91,0.01,0.02,78382.94,1776961420000
1776961423.166,223.166,0.09,0.1,0.9,0.91,0.01,0.01,78383.32,1776961422000
1776961423.585,223.585,0.09,0.1,0.9,0.91,0.01,0.01,78383.32,1776961422000
1776961424.084,224.084,0.09,0.1,0.9,0.91,0.01,0.01,78383.32,1776961422000
1776961424.456,224.456,0.09,0.1,0.9,0.91,0.01,0.01,78383.41,1776961423000
1776961425.264,225.264,0.08,0.1,0.9,0.91,0.02,0.01,78383.41,1776961423000
1776961425.667,225.667,0.08,0.09,0.91,0.92,0.01,0.01,78384.21,1776961424000
1776961426.04,226.04,0.08,0.09,0.91,0.92,0.01,0.01,78384.25,1776961425000
1776961426.374,226.374,0.08,0.09,0.91,0.92,0.01,0.01,78384.25,1776961425000
1776961426.824,226.824,0.08,0.09,0.91,0.92,0.01,0.01,78383.16,1776961426000
1776961427.199,227.199,0.08,0.09,0.91,0.92,0.01,0.01,78383.16,1776961426000
1776961427.873,227.873,0.08,0.09,0.91,0.92,0.01,0.01,78382.49,1776961427000
1776961428.235,228.235,0.08,0.09,0.91,0.92,0.01,0.01,78382.49,1776961427000
1776961428.641,228.641,0.08,0.09,0.91,0.92,0.01,0.01,78382.49,1776961427000
1776961429.081,229.081,0.08,0.09,0.91,0.92,0.01,0.01,78382.35,1776961428000
1776961429.578,229.578,0.08,0.09,0.91,0.92,0.01,0.01,78382.35,1776961428000
1776961429.959,229.959,0.08,0.1,0.91,0.92,0.02,0.01,78382.35,1776961428000
1776961430.293,230.293,0.09,0.1,0.9,0.91,0.01,0.01,78381.86,1776961429000
1776961430.651,230.651,0.09,0.11,0.9,0.91,0.02,0.01,78381.86,1776961429000
1776961431.055,231.055,0.1,0.11,0.89,0.9,0.01,0.01,78381.86,1776961429000
1776961431.46,231.46,0.1,0.11,0.89,0.9,0.01,0.01,78381.86,1776961430000
1776961431.859,231.859,0.1,0.11,0.89,0.9,0.01,0.01,78381.86,1776961430000
1776961432.434,232.434,0.1,0.11,0.89,0.9,0.01,0.01,78384.37,1776961431000
1776961433.132,233.132,0.1,0.11,0.89,0.9,0.01,0.01,78385.09,1776961432000
1776961433.488,233.488,0.1,0.11,0.89,0.9,0.01,0.01,78385.09,1776961432000
1776961433.959,233.959,0.1,0.11,0.89,0.9,0.01,0.01,78385.09,1776961432000
1776961434.471,234.471,0.1,0.11,0.89,0.9,0.01,0.01,78387.05,1776961433000
1776961435.089,235.089,0.1,0.11,0.89,0.9,0.01,0.01,78387.05,1776961433000
1776961435.534,235.534,0.1,0.11,0.89,0.9,0.01,0.01,78387.05,1776961434000
1776961435.907,235.907,0.09,0.11,0.89,0.9,0.02,0.01,78387.05,1776961434000
1776961436.322,236.322,0.09,0.1,0.9,0.91,0.01,0.01,78387.06,1776961435000
1776961436.73,236.73,0.09,0.1,0.9,0.92,0.01,0.02,78387.06,1776961435000
1776961437.083,237.083,0.11,0.14,0.87,0.89,0.03,0.02,78387.06,1776961435000
1776961437.481,237.481,0.14,0.19,0.82,0.86,0.05,0.04,78387.61,1776961436000
1776961437.833,237.833,0.17,0.19,0.82,0.83,0.02,0.01,78387.61,1776961436000
1776961438.168,238.168,0.17,0.18,0.82,0.83,0.01,0.01,78387.61,1776961436000
1776961438.522,238.522,0.19,0.2,0.81,0.82,0.01,0.01,78387.67,1776961437000
1776961438.896,238.896,0.19,0.2,0.8,0.81,0.01,0.01,78387.67,1776961437000
1776961439.271,239.271,0.19,0.2,0.8,0.81,0.01,0.01,78400.56,1776961438000
1776961439.668,239.668,0.19,0.2,0.8,0.81,0.01,0.01,78400.56,1776961438000
1776961440.01,240.01,0.19,0.2,0.8,0.81,0.01,0.01,78400.56,1776961438000
1776961440.36,240.36,0.19,0.2,0.8,0.81,0.01,0.01,78409.47,1776961439000
1776961440.767,240.767,0.19,0.2,0.8,0.81,0.01,0.01,78409.47,1776961439000
1776961441.132,241.132,0.19,0.2,0.8,0.81,0.01,0.01,78409.47,1776961439000
1776961441.497,241.497,0.22,0.23,0.77,0.79,0.01,0.02,78410.76,1776961440000
1776961441.96,241.96,0.22,0.23,0.77,0.78,0.01,0.01,78410.76,1776961440000
1776961442.387,242.387,0.22,0.23,0.77,0.78,0.01,0.01,78410.49,1776961441000
1776961442.756,242.756,0.22,0.23,0.77,0.78,0.01,0.01,78410.49,1776961441000
1776961443.273,243.273,0.22,0.23,0.77,0.78,0.01,0.01,78411.79,1776961442000
1776961443.793,243.793,0.22,0.23,0.77,0.78,0.01,0.01,78411.79,1776961442000
1776961444.147,244.147,0.22,0.23,0.77,0.78,0.01,0.01,78411.79,1776961442000
1776961444.581,244.581,0.22,0.23,0.77,0.78,0.01,0.01,78413.12,1776961443000
1776961444.94,244.94,0.22,0.23,0.77,0.78,0.01,0.01,78413.12,1776961443000
1776961445.379,245.379,0.22,0.23,0.77,0.78,0.01,0.01,78413.28,1776961444000
1776961445.779,245.779,0.22,0.23,0.77,0.78,0.01,0.01,78413.28,1776961444000
1776961446.12,246.12,0.17,0.18,0.82,0.83,0.01,0.01,78413.28,1776961445000
1776961446.458,246.458,0.17,0.18,0.82,0.83,0.01,0.01,78413.28,1776961445000
1776961446.807,246.807,0.17,0.18,0.82,0.83,0.01,0.01,78413.28,1776961445000
1776961447.203,247.203,0.17,0.18,0.82,0.83,0.01,0.01,78412.8,1776961446000
1776961447.65,247.65,0.17,0.18,0.82,0.83,0.01,0.01,78412.8,1776961446000
1776961447.986,247.986,0.17,0.18,0.82,0.83,0.01,0.01,78412.8,1776961446000
1776961448.335,248.335,0.17,0.18,0.82,0.83,0.01,0.01,78409.48,1776961447000
1776961448.697,248.697,0.17,0.18,0.82,0.83,0.01,0.01,78409.48,1776961447000
1776961449.107,249.107,0.17,0.18,0.82,0.83,0.01,0.01,78409.78,1776961448000
1776961449.55,249.55,0.17,0.18,0.82,0.83,0.01,0.01,78409.78,1776961448000
1776961449.884,249.884,0.17,0.18,0.82,0.83,0.01,0.01,78410.37,1776961449000
1776961450.305,250.305,0.16,0.18,0.82,0.83,0.02,0.01,78410.37,1776961449000
1776961450.889,250.889,0.17,0.18,0.82,0.84,0.01,0.02,78410.37,1776961449000
1776961451.313,251.313,0.19,0.2,0.8,0.82,0.01,0.02,78410.37,1776961450000
1776961451.807,251.807,0.19,0.2,0.8,0.81,0.01,0.01,78410.37,1776961450000
1776961452.229,252.229,0.19,0.2,0.8,0.82,0.01,0.02,78410.4,1776961451000
1776961452.675,252.675,0.17,0.2,0.78,0.83,0.03,0.05,78410.4,1776961451000
1776961453.008,253.008,0.15,0.16,0.84,0.85,0.01,0.01,78410.4,1776961451000
1776961453.374,253.374,0.15,0.17,0.83,0.85,0.02,0.02,78410.13,1776961452000
1776961453.791,253.791,0.16,0.17,0.83,0.84,0.01,0.01,78410.13,1776961452000
1776961454.43,254.43,0.16,0.17,0.83,0.84,0.01,0.01,78408.78,1776961453000
1776961454.805,254.805,0.16,0.17,0.83,0.84,0.01,0.01,78408.78,1776961453000
1776961455.169,255.169,0.15,0.17,0.83,0.84,0.02,0.01,78408.64,1776961454000
1776961455.648,255.648,0.14,0.15,0.84,0.86,0.01,0.02,78408.64,1776961454000
1776961456.103,256.103,0.14,0.15,0.85,0.86,0.01,0.01,78409.36,1776961455000
1776961456.538,256.538,0.13,0.14,0.86,0.87,0.01,0.01,78409.36,1776961455000
1776961456.986,256.986,0.11,0.12,0.88,0.89,0.01,0.01,78408.82,1776961456000
1776961457.339,257.339,0.1,0.11,0.89,0.9,0.01,0.01,78408.82,1776961456000
1776961457.732,257.732,0.09,0.1,0.89,0.91,0.01,0.02,78408.82,1776961456000
1776961458.192,258.192,0.07,0.08,0.91,0.92,0.01,0.01,78407.86,1776961457000
1776961458.653,258.653,0.06,0.07,0.92,0.94,0.01,0.02,78407.86,1776961457000
1776961459.263,259.263,0.06,0.07,0.93,0.94,0.01,0.01,78405.03,1776961458000
1776961459.597,259.597,0.05,0.07,0.93,0.95,0.02,0.02,78405.03,1776961458000
1776961459.962,259.962,0.06,0.07,0.93,0.94,0.01,0.01,78405.03,1776961458000
1776961460.549,260.549,0.07,0.08,0.92,0.93,0.01,0.01,78396.58,1776961459000
1776961460.993,260.993,0.07,0.08,0.92,0.93,0.01,0.01,78396.58,1776961459000
1776961461.376,261.376,0.08,0.09,0.91,0.92,0.01,0.01,78396.58,1776961459000
1776961461.777,261.777,0.08,0.09,0.91,0.92,0.01,0.01,78394.54,1776961460000
1776961462.234,262.234,0.08,0.09,0.91,0.92,0.01,0.01,78394.54,1776961460000
1776961462.567,262.567,0.08,0.09,0.91,0.92,0.01,0.01,78395.01,1776961461000
1776961462.923,262.923,0.07,0.09,0.91,0.93,0.02,0.02,78395.86,1776961462000
1776961463.365,263.365,0.07,0.08,0.92,0.93,0.01,0.01,78395.86,1776961462000
1776961464.014,264.014,0.06,0.07,0.92,0.94,0.01,0.02,78395.86,1776961462000
1776961464.414,264.414,0.06,0.08,0.93,0.94,0.02,0.01,78396.24,1776961463000
1776961464.865,264.865,0.07,0.08,0.92,0.94,0.01,0.02,78396.24,1776961463000
1776961465.288,265.288,0.07,0.08,0.92,0.93,0.01,0.01,78396.63,1776961464000
1776961465.716,265.716,0.07,0.08,0.92,0.93,0.01,0.01,78396.63,1776961464000
1776961466.112,266.112,0.07,0.08,0.92,0.93,0.01,0.01,78396.63,1776961464000
1776961466.576,266.576,0.07,0.08,0.92,0.93,0.01,0.01,78396.82,1776961465000
1776961468.023,268.023,0.07,0.08,0.92,0.93,0.01,0.01,78397.01,1776961467000
1776961468.387,268.387,0.07,0.08,0.92,0.93,0.01,0.01,78397.01,1776961467000
1776961468.83,268.83,0.07,0.08,0.92,0.93,0.01,0.01,78397.01,1776961467000
1776961469.183,269.183,0.08,0.1,0.9,0.92,0.02,0.02,78397.01,1776961467000
1776961469.542,269.542,0.07,0.12,0.88,0.93,0.05,0.05,78404.73,1776961468000
1776961470.021,270.021,0.18,0.19,0.81,0.82,0.01,0.01,78404.73,1776961468000
1776961470.356,270.356,0.13,0.19,0.81,0.82,0.06,0.01,78404.73,1776961468000
1776961470.734,270.734,0.13,0.19,0.83,0.87,0.06,0.04,78415.22,1776961469000
1776961471.176,271.176,0.13,0.2,0.8,0.87,0.07,0.07,78415.22,1776961469000
1776961471.52,271.52,0.15,0.2,0.8,0.85,0.05,0.05,78417.32,1776961470000
1776961471.861,271.861,0.18,0.2,0.8,0.82,0.02,0.02,78417.32,1776961470000
1776961472.201,272.201,0.18,0.19,0.81,0.82,0.01,0.01,78417.32,1776961470000
1776961472.564,272.564,0.18,0.19,0.81,0.82,0.01,0.01,78416.87,1776961471000
1776961472.903,272.903,0.18,0.19,0.81,0.82,0.01,0.01,78416.87,1776961471000
1776961473.249,273.249,0.13,0.14,0.86,0.87,0.01,0.01,78416.47,1776961472000
1776961473.723,273.723,0.12,0.13,0.87,0.88,0.01,0.01,78416.47,1776961472000
1776961474.151,274.151,0.12,0.13,0.87,0.88,0.01,0.01,78416.47,1776961472000
1776961474.578,274.578,0.12,0.13,0.87,0.88,0.01,0.01,78413.78,1776961473000
1776961475.18,275.18,0.1,0.11,0.88,0.89,0.01,0.01,78413.78,1776961473000
1776961475.641,275.641,0.1,0.11,0.89,0.9,0.01,0.01,78411.69,1776961474000
1776961476.091,276.091,0.1,0.11,0.89,0.9,0.01,0.01,78411.42,1776961475000
1776961476.641,276.641,0.09,0.1,0.9,0.91,0.01,0.01,78411.42,1776961475000
1776961477.027,277.027,0.08,0.09,0.91,0.92,0.01,0.01,78411.42,1776961475000
1776961477.421,277.421,0.07,0.09,0.91,0.92,0.02,0.01,78411.39,1776961476000
1776961478.017,278.017,0.07,0.08,0.92,0.93,0.01,0.01,78411.39,1776961476000
1776961478.381,278.381,0.07,0.08,0.92,0.93,0.01,0.01,78411.39,1776961476000
1776961478.767,278.767,0.1,0.11,0.89,0.93,0.01,0.04,78411.39,1776961476000
1776961479.127,279.127,0.11,0.12,0.89,0.9,0.01,0.01,78411.19,1776961477000
1776961479.482,279.482,0.11,0.12,0.88,0.89,0.01,0.01,78411.19,1776961477000
1776961480.051,280.051,0.11,0.12,0.88,0.89,0.01,0.01,78411.07,1776961478000
1776961480.425,280.425,0.07,0.12,0.88,0.93,0.05,0.05,78411.02,1776961479000
1776961480.86,280.86,0.08,0.09,0.91,0.92,0.01,0.01,78411.02,1776961479000
1776961481.301,281.301,0.07,0.09,0.91,0.93,0.02,0.02,78411.67,1776961480000
1776961481.709,281.709,0.07,0.08,0.92,0.93,0.01,0.01,78411.67,1776961480000
1776961482.065,282.065,0.09,0.1,0.9,0.93,0.01,0.03,78411.67,1776961480000
1776961482.492,282.492,0.09,0.1,0.9,0.91,0.01,0.01,78411.67,1776961480000
1776961482.963,282.963,0.09,0.1,0.9,0.91,0.01,0.01,78412.2,1776961481000
1776961483.298,283.298,0.13,0.16,0.84,0.87,0.03,0.03,78412.2,1776961481000
1776961483.64,283.64,0.14,0.15,0.85,0.86,0.01,0.01,78412.2,1776961481000
1776961483.993,283.993,0.12,0.13,0.87,0.88,0.01,0.01,78412.2,1776961482000
1776961484.368,284.368,0.1,0.11,0.89,0.9,0.01,0.01,78412.26,1776961483000
1776961484.836,284.836,0.09,0.1,0.9,0.91,0.01,0.01,78412.26,1776961483000
1776961485.321,285.321,0.09,0.1,0.9,0.91,0.01,0.01,78412.26,1776961483000
1776961485.742,285.742,0.09,0.1,0.9,0.91,0.01,0.01,78412.26,1776961483000
1776961486.187,286.187,0.09,0.1,0.9,0.91,0.01,0.01,78415.3,1776961484000
1776961486.596,286.596,0.12,0.13,0.87,0.88,0.01,0.01,78415.3,1776961484000
1776961487.271,287.271,0.1,0.11,0.87,0.88,0.01,0.01,78415.34,1776961485000
1776961487.606,287.606,0.06,0.07,0.93,0.94,0.01,0.01,78415.88,1776961486000
1776961487.976,287.976,0.06,0.07,0.93,0.94,0.01,0.01,78415.88,1776961486000
1776961488.482,288.482,0.06,0.07,0.93,0.94,0.01,0.01,78417.59,1776961487000
1776961488.905,288.905,0.06,0.07,0.93,0.94,0.01,0.01,78417.59,1776961487000
1776961489.418,289.418,0.06,0.07,0.93,0.94,0.01,0.01,78417.59,1776961487000
1776961489.838,289.838,0.06,0.07,0.93,0.94,0.01,0.01,78417.59,1776961487000
1776961490.351,290.351,0.05,0.07,0.93,0.94,0.02,0.01,78416.01,1776961488000
1776961490.688,290.688,0.05,0.06,0.94,0.95,0.01,0.01,78415.79,1776961489000
1776961491.035,291.035,0.05,0.06,0.94,0.95,0.01,0.01,78415.79,1776961489000
1776961491.419,291.419,0.05,0.06,0.71,0.95,0.01,0.24,78415.79,1776961489000
1776961491.803,291.803,0.06,0.08,0.91,0.94,0.02,0.03,78415.53,1776961490000
1776961492.137,292.137,0.08,0.09,0.91,0.92,0.01,0.01,78415.53,1776961490000
1776961492.485,292.485,0.04,0.05,0.95,0.96,0.01,0.01,78415.52,1776961491000
1776961492.835,292.835,0.01,0.02,0.98,0.99,0.01,0.01,78415.52,1776961491000
1776961493.174,293.174,0.01,0.02,0.98,0.99,0.01,0.01,78415.52,1776961491000
1776961493.518,293.518,0.01,0.02,0.98,0.99,0.01,0.01,78415.52,1776961491000
1776961493.851,293.851,0.01,0.02,0.98,0.99,0.01,0.01,78415.52,1776961492000
1776961494.189,294.189,0.16,0.17,0.83,0.84,0.01,0.01,78415.52,1776961492000
1776961494.552,294.552,0.16,0.17,0.83,0.84,0.01,0.01,78415.4,1776961493000
1776961494.984,294.984,0.16,0.01,0.99,0.84,-0.15,-0.15,78415.4,1776961493000
1776961495.439,295.439,0.16,0.01,0.99,0.84,-0.15,-0.15,78415.66,1776961494000
1776961496.091,296.091,0.16,0.01,0.99,0.84,-0.15,-0.15,78415.66,1776961494000
1776961496.456,296.456,0.16,0.01,0.99,0.84,-0.15,-0.15,78415.66,1776961494000
1776961496.878,296.878,0.01,0.02,0.98,0.99,0.01,0.01,78414.85,1776961495000
1776961497.232,297.232,0.01,0.02,0.98,0.99,0.01,0.01,78414.85,1776961495000
1776961497.926,297.926,0.01,0.02,0.98,0.99,0.01,0.01,78415.75,1776961497000
1776961498.875,298.875,0.01,0.02,0.98,0.99,0.01,0.01,78416.25,1776961498000
1776961499.369,299.369,0.01,0.01,0.98,0.99,0.0,0.01,78416.25,1776961498000
1776961500.281,300.281,0.01,0.01,0.99,0.99,0.0,0.0,78416.79,1776961499000
1776961500.688,300.688,0.01,0.01,0.99,0.99,0.0,0.0,78416.79,1776961499000
1776961501.31,301.31,0.01,0.01,0.99,0.99,0.0,0.0,78416.43,1776961500000
1776961502.292,302.292,0.01,0.01,0.99,0.99,0.0,0.0,78416.43,1776961501000

# RESULT,winner=Down,slug=btc-updown-5m-1776961200,ticks=663
