timestamp,elapsed_sec,up_bid,up_ask,down_bid,down_ask,up_spread,down_spread,btc_price,btc_oracle_ts
1776116400.503,0.503,0.55,0.57,0.43,0.52,0.02,0.09,73296.22,1776116399000
1776116400.862,0.862,0.62,0.64,0.37,0.38,0.02,0.01,73296.22,1776116399000
1776116401.229,1.229,0.64,0.65,0.35,0.37,0.01,0.02,73296.22,1776116399000
1776116401.632,1.632,0.64,0.65,0.35,0.36,0.01,0.01,73296.61,1776116400000
1776116401.967,1.967,0.64,0.65,0.35,0.36,0.01,0.01,73298.61,1776116401000
1776116402.467,2.467,0.62,0.64,0.35,0.39,0.02,0.04,73298.61,1776116401000
1776116402.875,2.875,0.62,0.64,0.36,0.38,0.02,0.02,73298.61,1776116401000
1776116403.223,3.223,0.6,0.61,0.39,0.4,0.01,0.01,73312.36,1776116402000
1776116403.647,3.647,0.6,0.61,0.39,0.4,0.01,0.01,73312.36,1776116402000
1776116404.044,4.044,0.6,0.61,0.39,0.4,0.01,0.01,73314.46,1776116403000
1776116404.432,4.432,0.6,0.61,0.39,0.4,0.01,0.01,73314.46,1776116403000
1776116404.792,4.792,0.59,0.6,0.4,0.41,0.01,0.01,73314.46,1776116403000
1776116405.17,5.17,0.59,0.6,0.4,0.41,0.01,0.01,73313.93,1776116404000
1776116405.509,5.509,0.59,0.6,0.4,0.41,0.01,0.01,73313.93,1776116404000
1776116405.995,5.995,0.59,0.6,0.4,0.41,0.01,0.01,73313.93,1776116404000
1776116406.331,6.331,0.57,0.6,0.4,0.43,0.03,0.03,73312.43,1776116405000
1776116406.834,6.834,0.57,0.59,0.41,0.42,0.02,0.01,73312.43,1776116405000
1776116407.195,7.195,0.57,0.58,0.41,0.43,0.01,0.02,73312.43,1776116405000
1776116407.6,7.6,0.57,0.58,0.42,0.43,0.01,0.01,73312.43,1776116405000
1776116408.03,8.03,0.56,0.57,0.42,0.44,0.01,0.02,73308.34,1776116406000
1776116408.444,8.444,0.56,0.57,0.43,0.44,0.01,0.01,73306.28,1776116407000
1776116408.817,8.817,0.56,0.57,0.43,0.44,0.01,0.01,73306.28,1776116407000
1776116409.268,9.268,0.56,0.57,0.43,0.44,0.01,0.01,73306.28,1776116407000
1776116409.605,9.605,0.56,0.57,0.43,0.44,0.01,0.01,73306.27,1776116408000
1776116410.126,10.126,0.55,0.56,0.44,0.45,0.01,0.01,73306.27,1776116409000
1776116410.501,10.501,0.55,0.56,0.44,0.45,0.01,0.01,73306.27,1776116409000
1776116410.835,10.835,0.55,0.56,0.44,0.45,0.01,0.01,73306.27,1776116409000
1776116411.215,11.215,0.55,0.56,0.44,0.45,0.01,0.01,73305.27,1776116410000
1776116411.732,11.732,0.55,0.56,0.44,0.45,0.01,0.01,73305.27,1776116410000
1776116412.141,12.141,0.55,0.56,0.44,0.45,0.01,0.01,73305.13,1776116411000
1776116412.648,12.648,0.55,0.56,0.44,0.45,0.01,0.01,73305.13,1776116411000
1776116413.033,13.033,0.55,0.56,0.44,0.45,0.01,0.01,73305.13,1776116412000
1776116413.508,13.508,0.55,0.56,0.44,0.45,0.01,0.01,73305.13,1776116412000
1776116413.988,13.988,0.55,0.56,0.44,0.45,0.01,0.01,73305.93,1776116413000
1776116414.348,14.348,0.55,0.56,0.44,0.45,0.01,0.01,73305.93,1776116413000
1776116414.778,14.778,0.55,0.56,0.44,0.45,0.01,0.01,73305.93,1776116413000
1776116415.157,15.157,0.55,0.56,0.44,0.45,0.01,0.01,73305.93,1776116413000
1776116415.49,15.49,0.55,0.56,0.44,0.45,0.01,0.01,73306.37,1776116414000
1776116415.913,15.913,0.55,0.56,0.44,0.45,0.01,0.01,73306.37,1776116414000
1776116416.297,16.297,0.55,0.56,0.44,0.45,0.01,0.01,73306.42,1776116415000
1776116416.752,16.752,0.55,0.56,0.44,0.45,0.01,0.01,73306.42,1776116415000
1776116417.276,17.276,0.54,0.55,0.44,0.46,0.01,0.02,73306.43,1776116416000
1776116417.689,17.689,0.54,0.55,0.45,0.46,0.01,0.01,73306.43,1776116416000
1776116418.204,18.204,0.54,0.55,0.45,0.46,0.01,0.01,73306.41,1776116417000
1776116418.664,18.664,0.54,0.55,0.45,0.46,0.01,0.01,73306.41,1776116417000
1776116419.124,19.124,0.55,0.56,0.44,0.45,0.01,0.01,73306.29,1776116418000
1776116419.519,19.519,0.55,0.56,0.44,0.45,0.01,0.01,73306.29,1776116418000
1776116419.856,19.856,0.55,0.56,0.44,0.45,0.01,0.01,73306.29,1776116418000
1776116420.213,20.213,0.55,0.56,0.44,0.45,0.01,0.01,73306.29,1776116418000
1776116420.559,20.559,0.55,0.56,0.44,0.45,0.01,0.01,73306.22,1776116419000
1776116420.909,20.909,0.55,0.56,0.44,0.45,0.01,0.01,73306.19,1776116420000
1776116421.296,21.296,0.55,0.56,0.44,0.45,0.01,0.01,73306.19,1776116420000
1776116421.775,21.775,0.55,0.56,0.44,0.45,0.01,0.01,73306.19,1776116420000
1776116422.469,22.469,0.55,0.56,0.44,0.45,0.01,0.01,73306.3,1776116421000
1776116422.803,22.803,0.55,0.56,0.44,0.45,0.01,0.01,73306.31,1776116422000
1776116423.173,23.173,0.55,0.56,0.44,0.45,0.01,0.01,73306.31,1776116422000
1776116423.936,23.936,0.55,0.56,0.44,0.45,0.01,0.01,73306.31,1776116422000
1776116424.295,24.295,0.56,0.57,0.43,0.44,0.01,0.01,73306.32,1776116423000
1776116424.65,24.65,0.56,0.57,0.43,0.44,0.01,0.01,73306.32,1776116423000
1776116425.086,25.086,0.57,0.58,0.42,0.43,0.01,0.01,73306.32,1776116423000
1776116425.423,25.423,0.57,0.58,0.42,0.43,0.01,0.01,73306.23,1776116424000
1776116425.759,25.759,0.57,0.58,0.42,0.43,0.01,0.01,73306.23,1776116424000
1776116426.113,26.113,0.57,0.58,0.42,0.43,0.01,0.01,73306.23,1776116424000
1776116426.456,26.456,0.58,0.59,0.41,0.43,0.01,0.02,73306.23,1776116424000
1776116426.844,26.844,0.58,0.59,0.41,0.42,0.01,0.01,73306.18,1776116425000
1776116427.49,27.49,0.58,0.59,0.41,0.42,0.01,0.01,73306.29,1776116426000
1776116428.104,28.104,0.58,0.59,0.41,0.42,0.01,0.01,73306.29,1776116426000
1776116428.54,28.54,0.58,0.59,0.41,0.42,0.01,0.01,73306.3,1776116427000
1776116429.001,29.001,0.58,0.59,0.41,0.42,0.01,0.01,73306.3,1776116427000
1776116429.412,29.412,0.58,0.59,0.41,0.42,0.01,0.01,73306.3,1776116427000
1776116429.792,29.792,0.58,0.59,0.41,0.42,0.01,0.01,73306.3,1776116428000
1776116430.143,30.143,0.58,0.59,0.41,0.42,0.01,0.01,73306.3,1776116429000
1776116430.602,30.602,0.58,0.59,0.41,0.42,0.01,0.01,73306.3,1776116429000
1776116431.01,31.01,0.58,0.59,0.41,0.42,0.01,0.01,73306.3,1776116430000
1776116431.351,31.351,0.58,0.59,0.41,0.42,0.01,0.01,73306.3,1776116430000
1776116431.818,31.818,0.58,0.59,0.41,0.42,0.01,0.01,73306.3,1776116430000
1776116432.178,32.178,0.58,0.59,0.41,0.42,0.01,0.01,73306.31,1776116431000
1776116432.879,32.879,0.58,0.59,0.41,0.42,0.01,0.01,73306.31,1776116431000
1776116433.253,33.253,0.58,0.59,0.41,0.42,0.01,0.01,73306.81,1776116432000
1776116433.617,33.617,0.58,0.59,0.41,0.42,0.01,0.01,73306.81,1776116432000
1776116434.006,34.006,0.58,0.59,0.41,0.42,0.01,0.01,73306.81,1776116432000
1776116434.388,34.388,0.58,0.59,0.41,0.44,0.01,0.03,73306.78,1776116433000
1776116434.799,34.799,0.58,0.59,0.41,0.42,0.01,0.01,73306.78,1776116433000
1776116435.288,35.288,0.56,0.58,0.41,0.43,0.02,0.02,73306.78,1776116433000
1776116435.746,35.746,0.56,0.59,0.43,0.44,0.03,0.01,73306.79,1776116434000
1776116436.147,36.147,0.56,0.57,0.43,0.44,0.01,0.01,73306.92,1776116435000
1776116436.57,36.57,0.56,0.57,0.43,0.44,0.01,0.01,73306.92,1776116435000
1776116436.988,36.988,0.55,0.57,0.43,0.44,0.02,0.01,73306.92,1776116435000
1776116437.528,37.528,0.56,0.57,0.43,0.44,0.01,0.01,73306.92,1776116435000
1776116437.876,37.876,0.56,0.57,0.43,0.44,0.01,0.01,73306.88,1776116436000
1776116438.903,38.903,0.56,0.57,0.43,0.44,0.01,0.01,73306.82,1776116437000
1776116439.265,39.265,0.55,0.57,0.43,0.44,0.02,0.01,73306.82,1776116437000
1776116439.685,39.685,0.55,0.56,0.44,0.45,0.01,0.01,73306.89,1776116438000
1776116440.113,40.113,0.55,0.56,0.44,0.45,0.01,0.01,73306.72,1776116439000
1776116440.529,40.529,0.55,0.56,0.44,0.45,0.01,0.01,73306.72,1776116439000
1776116441.004,41.004,0.54,0.55,0.44,0.45,0.01,0.01,73306.72,1776116439000
1776116441.345,41.345,0.54,0.55,0.45,0.46,0.01,0.01,73306.69,1776116440000
1776116442.112,42.112,0.54,0.55,0.45,0.46,0.01,0.01,73306.69,1776116440000
1776116442.464,42.464,0.54,0.55,0.45,0.46,0.01,0.01,73306.62,1776116441000
1776116443.015,43.015,0.54,0.55,0.45,0.46,0.01,0.01,73306.46,1776116442000
1776116443.433,43.433,0.54,0.58,0.45,0.46,0.04,0.01,73306.46,1776116442000
1776116444.119,44.119,0.57,0.58,0.42,0.43,0.01,0.01,73306.46,1776116442000
1776116444.592,44.592,0.57,0.58,0.42,0.43,0.01,0.01,73306.27,1776116443000
1776116445.14,45.14,0.57,0.58,0.4,0.43,0.01,0.03,73306.27,1776116443000
1776116445.567,45.567,0.58,0.59,0.41,0.42,0.01,0.01,73306.26,1776116444000
1776116445.954,45.954,0.58,0.59,0.41,0.42,0.01,0.01,73306.27,1776116445000
1776116446.581,46.581,0.58,0.59,0.41,0.42,0.01,0.01,73306.27,1776116445000
1776116447.084,47.084,0.58,0.59,0.41,0.42,0.01,0.01,73306.27,1776116446000
1776116447.663,47.663,0.57,0.59,0.41,0.42,0.02,0.01,73306.27,1776116446000
1776116448.133,48.133,0.57,0.58,0.42,0.43,0.01,0.01,73306.27,1776116446000
1776116448.69,48.69,0.57,0.58,0.42,0.43,0.01,0.01,73306.28,1776116447000
1776116449.099,49.099,0.56,0.57,0.42,0.43,0.01,0.01,73306.28,1776116447000
1776116449.483,49.483,0.56,0.57,0.43,0.44,0.01,0.01,73306.28,1776116447000
1776116449.918,49.918,0.55,0.56,0.43,0.45,0.01,0.02,73306.28,1776116447000
1776116450.293,50.293,0.55,0.56,0.44,0.45,0.01,0.01,73306.24,1776116448000
1776116450.701,50.701,0.55,0.56,0.44,0.45,0.01,0.01,73305.86,1776116449000
1776116451.136,51.136,0.55,0.56,0.44,0.45,0.01,0.01,73305.86,1776116449000
1776116452.123,52.123,0.55,0.56,0.44,0.45,0.01,0.01,73305.71,1776116450000
1776116452.581,52.581,0.55,0.56,0.44,0.45,0.01,0.01,73305.29,1776116451000
1776116453.114,53.114,0.55,0.56,0.44,0.45,0.01,0.01,73305.11,1776116452000
1776116454.13,54.13,0.55,0.56,0.44,0.45,0.01,0.01,73305.11,1776116452000
1776116454.531,54.531,0.55,0.56,0.44,0.45,0.01,0.01,73304.94,1776116453000
1776116454.916,54.916,0.55,0.56,0.44,0.45,0.01,0.01,73304.94,1776116454000
1776116455.358,55.358,0.55,0.56,0.44,0.45,0.01,0.01,73304.94,1776116454000
1776116455.712,55.712,0.55,0.56,0.44,0.45,0.01,0.01,73304.94,1776116454000
1776116456.074,56.074,0.55,0.56,0.44,0.45,0.01,0.01,73304.94,1776116455000
1776116456.447,56.447,0.55,0.56,0.44,0.45,0.01,0.01,73304.94,1776116455000
1776116456.85,56.85,0.55,0.56,0.44,0.45,0.01,0.01,73304.94,1776116455000
1776116457.199,57.199,0.55,0.56,0.44,0.45,0.01,0.01,73305.0,1776116456000
1776116457.724,57.724,0.55,0.56,0.44,0.45,0.01,0.01,73305.0,1776116456000
1776116458.407,58.407,0.55,0.56,0.44,0.45,0.01,0.01,73304.78,1776116457000
1776116458.863,58.863,0.55,0.56,0.44,0.45,0.01,0.01,73304.78,1776116457000
1776116459.562,59.562,0.54,0.56,0.44,0.46,0.02,0.02,73304.78,1776116458000
1776116459.913,59.913,0.55,0.56,0.44,0.45,0.01,0.01,73304.78,1776116458000
1776116460.438,60.438,0.55,0.56,0.44,0.45,0.01,0.01,73304.64,1776116459000
1776116461.099,61.099,0.55,0.56,0.44,0.45,0.01,0.01,73304.64,1776116459000
1776116461.519,61.519,0.55,0.56,0.44,0.45,0.01,0.01,73304.74,1776116460000
1776116462.121,62.121,0.55,0.56,0.44,0.45,0.01,0.01,73304.74,1776116460000
1776116462.483,62.483,0.55,0.56,0.44,0.45,0.01,0.01,73304.57,1776116461000
1776116462.939,62.939,0.56,0.59,0.41,0.44,0.03,0.03,73304.99,1776116462000
1776116463.495,63.495,0.58,0.59,0.41,0.43,0.01,0.02,73304.99,1776116462000
1776116463.896,63.896,0.58,0.59,0.41,0.42,0.01,0.01,73304.99,1776116462000
1776116464.295,64.295,0.58,0.59,0.41,0.42,0.01,0.01,73305.43,1776116463000
1776116465.03,65.03,0.58,0.59,0.41,0.42,0.01,0.01,73305.43,1776116463000
1776116466.155,66.155,0.58,0.59,0.41,0.42,0.01,0.01,73305.78,1776116464000
1776116466.546,66.546,0.58,0.59,0.41,0.42,0.01,0.01,73306.0,1776116465000
1776116467.182,67.182,0.58,0.59,0.41,0.42,0.01,0.01,73306.0,1776116465000
1776116467.644,67.644,0.58,0.59,0.41,0.42,0.01,0.01,73306.52,1776116466000
1776116468.049,68.049,0.58,0.59,0.41,0.42,0.01,0.01,73306.52,1776116466000
1776116468.438,68.438,0.58,0.59,0.41,0.42,0.01,0.01,73305.67,1776116467000
1776116468.791,68.791,0.58,0.59,0.41,0.42,0.01,0.01,73305.67,1776116467000
1776116469.331,69.331,0.58,0.59,0.41,0.42,0.01,0.01,73305.53,1776116468000
1776116469.84,69.84,0.58,0.59,0.41,0.42,0.01,0.01,73306.22,1776116469000
1776116470.442,70.442,0.58,0.59,0.41,0.42,0.01,0.01,73306.22,1776116469000
1776116470.824,70.824,0.58,0.59,0.41,0.42,0.01,0.01,73306.13,1776116470000
1776116471.192,71.192,0.57,0.59,0.41,0.42,0.02,0.01,73306.13,1776116470000
1776116471.85,71.85,0.53,0.54,0.46,0.47,0.01,0.01,73306.0,1776116471000
1776116472.554,72.554,0.53,0.54,0.46,0.47,0.01,0.01,73306.0,1776116471000
1776116472.936,72.936,0.53,0.54,0.46,0.47,0.01,0.01,73306.0,1776116471000
1776116473.31,73.31,0.53,0.54,0.46,0.47,0.01,0.01,73306.0,1776116471000
1776116474.031,74.031,0.53,0.54,0.46,0.47,0.01,0.01,73306.13,1776116472000
1776116474.382,74.382,0.53,0.54,0.46,0.47,0.01,0.01,73306.13,1776116472000
1776116474.839,74.839,0.53,0.54,0.46,0.47,0.01,0.01,73306.13,1776116473000
1776116475.214,75.214,0.53,0.54,0.46,0.47,0.01,0.01,73306.13,1776116473000
1776116475.659,75.659,0.53,0.54,0.46,0.47,0.01,0.01,73306.13,1776116474000
1776116476.378,76.378,0.53,0.54,0.46,0.47,0.01,0.01,73305.91,1776116475000
1776116476.798,76.798,0.53,0.54,0.46,0.47,0.01,0.01,73305.91,1776116475000
1776116477.146,77.146,0.53,0.54,0.46,0.47,0.01,0.01,73305.91,1776116475000
1776116477.648,77.648,0.53,0.54,0.46,0.47,0.01,0.01,73305.98,1776116476000
1776116478.33,78.33,0.53,0.54,0.46,0.47,0.01,0.01,73305.98,1776116476000
1776116478.821,78.821,0.53,0.54,0.46,0.47,0.01,0.01,73306.06,1776116477000
1776116479.159,79.159,0.53,0.54,0.46,0.47,0.01,0.01,73306.06,1776116477000
1776116479.553,79.553,0.53,0.54,0.46,0.47,0.01,0.01,73306.13,1776116478000
1776116479.944,79.944,0.53,0.54,0.46,0.47,0.01,0.01,73306.13,1776116478000
1776116480.453,80.453,0.53,0.54,0.46,0.47,0.01,0.01,73305.99,1776116479000
1776116481.128,81.128,0.53,0.54,0.46,0.47,0.01,0.01,73306.03,1776116480000
1776116481.591,81.591,0.53,0.54,0.46,0.47,0.01,0.01,73306.03,1776116480000
1776116482.006,82.006,0.5,0.54,0.46,0.47,0.04,0.01,73306.03,1776116480000
1776116482.465,82.465,0.53,0.54,0.46,0.47,0.01,0.01,73306.03,1776116480000
1776116483.044,83.044,0.53,0.54,0.46,0.47,0.01,0.01,73306.05,1776116481000
1776116483.643,83.643,0.53,0.54,0.46,0.47,0.01,0.01,73306.02,1776116482000
1776116484.127,84.127,0.53,0.54,0.46,0.47,0.01,0.01,73306.02,1776116482000
1776116484.659,84.659,0.53,0.54,0.46,0.47,0.01,0.01,73304.7,1776116483000
1776116485.052,85.052,0.53,0.54,0.46,0.47,0.01,0.01,73304.7,1776116483000
1776116485.403,85.403,0.53,0.54,0.46,0.47,0.01,0.01,73304.7,1776116483000
1776116486.396,86.396,0.53,0.54,0.46,0.47,0.01,0.01,73304.84,1776116484000
1776116486.838,86.838,0.53,0.54,0.46,0.47,0.01,0.01,73304.84,1776116485000
1776116487.588,87.588,0.53,0.54,0.46,0.47,0.01,0.01,73304.84,1776116485000
1776116488.081,88.081,0.51,0.52,0.46,0.51,0.01,0.05,73304.9,1776116486000
1776116488.465,88.465,0.51,0.52,0.48,0.49,0.01,0.01,73304.92,1776116487000
1776116488.889,88.889,0.5,0.51,0.48,0.5,0.01,0.02,73304.92,1776116487000
1776116489.257,89.257,0.5,0.51,0.49,0.5,0.01,0.01,73304.84,1776116488000
1776116489.624,89.624,0.5,0.51,0.49,0.5,0.01,0.01,73304.84,1776116488000
1776116490.0,90.0,0.5,0.51,0.49,0.5,0.01,0.01,73304.84,1776116488000
1776116490.424,90.424,0.5,0.51,0.49,0.5,0.01,0.01,73304.84,1776116488000
1776116490.859,90.859,0.5,0.51,0.49,0.5,0.01,0.01,73304.88,1776116489000
1776116491.569,91.569,0.51,0.52,0.48,0.49,0.01,0.01,73304.82,1776116490000
1776116492.087,92.087,0.51,0.52,0.48,0.49,0.01,0.01,73304.82,1776116490000
1776116492.48,92.48,0.51,0.52,0.48,0.49,0.01,0.01,73304.82,1776116490000
1776116492.901,92.901,0.51,0.52,0.48,0.49,0.01,0.01,73304.88,1776116491000
1776116493.271,93.271,0.51,0.52,0.47,0.49,0.01,0.02,73304.88,1776116491000
1776116493.612,93.612,0.51,0.52,0.48,0.49,0.01,0.01,73304.86,1776116492000
1776116493.96,93.96,0.51,0.52,0.48,0.49,0.01,0.01,73304.86,1776116492000
1776116494.331,94.331,0.52,0.53,0.48,0.49,0.01,0.01,73304.85,1776116493000
1776116494.912,94.912,0.52,0.53,0.47,0.48,0.01,0.01,73304.85,1776116493000
1776116495.525,95.525,0.52,0.53,0.47,0.48,0.01,0.01,73304.88,1776116494000
1776116496.373,96.373,0.53,0.54,0.46,0.47,0.01,0.01,73304.88,1776116494000
1776116496.721,96.721,0.53,0.54,0.46,0.47,0.01,0.01,73304.96,1776116495000
1776116497.255,97.255,0.53,0.54,0.46,0.47,0.01,0.01,73304.96,1776116496000
1776116497.591,97.591,0.59,0.6,0.4,0.41,0.01,0.01,73304.96,1776116496000
1776116497.936,97.936,0.6,0.63,0.39,0.4,0.03,0.01,73304.96,1776116497000
1776116498.276,98.276,0.62,0.63,0.37,0.38,0.01,0.01,73304.96,1776116497000
1776116498.614,98.614,0.63,0.64,0.36,0.37,0.01,0.01,73304.96,1776116497000
1776116498.991,98.991,0.64,0.65,0.34,0.36,0.01,0.02,73313.24,1776116498000
1776116499.379,99.379,0.65,0.66,0.34,0.35,0.01,0.01,73313.24,1776116498000
1776116499.718,99.718,0.65,0.66,0.34,0.35,0.01,0.01,73313.24,1776116498000
1776116500.122,100.122,0.65,0.66,0.34,0.35,0.01,0.01,73316.38,1776116499000
1776116500.463,100.463,0.65,0.66,0.34,0.35,0.01,0.01,73316.38,1776116499000
1776116500.914,100.914,0.65,0.66,0.34,0.35,0.01,0.01,73316.38,1776116499000
1776116501.254,101.254,0.66,0.67,0.33,0.34,0.01,0.01,73316.38,1776116499000
1776116501.703,101.703,0.66,0.67,0.33,0.34,0.01,0.01,73317.02,1776116500000
1776116502.046,102.046,0.66,0.67,0.33,0.34,0.01,0.01,73317.02,1776116501000
1776116502.666,102.666,0.66,0.67,0.33,0.34,0.01,0.01,73317.02,1776116501000
1776116503.016,103.016,0.66,0.67,0.33,0.34,0.01,0.01,73317.42,1776116502000
1776116503.456,103.456,0.66,0.67,0.33,0.34,0.01,0.01,73317.42,1776116502000
1776116503.843,103.843,0.66,0.67,0.33,0.34,0.01,0.01,73317.42,1776116502000
1776116504.186,104.186,0.66,0.67,0.33,0.34,0.01,0.01,73317.61,1776116503000
1776116504.614,104.614,0.69,0.7,0.3,0.34,0.01,0.04,73317.61,1776116503000
1776116504.953,104.953,0.69,0.7,0.3,0.31,0.01,0.01,73317.61,1776116503000
1776116505.342,105.342,0.69,0.7,0.3,0.31,0.01,0.01,73317.64,1776116504000
1776116505.81,105.81,0.69,0.7,0.3,0.31,0.01,0.01,73317.64,1776116504000
1776116506.28,106.28,0.69,0.7,0.3,0.31,0.01,0.01,73317.63,1776116505000
1776116506.706,106.706,0.69,0.7,0.3,0.31,0.01,0.01,73317.63,1776116505000
1776116507.596,107.596,0.69,0.7,0.3,0.31,0.01,0.01,73317.97,1776116506000
1776116507.992,107.992,0.69,0.7,0.3,0.31,0.01,0.01,73317.74,1776116507000
1776116508.537,108.537,0.69,0.7,0.3,0.31,0.01,0.01,73317.74,1776116507000
1776116509.185,109.185,0.69,0.7,0.3,0.31,0.01,0.01,73317.74,1776116507000
1776116509.522,109.522,0.71,0.72,0.28,0.29,0.01,0.01,73317.74,1776116507000
1776116509.879,109.879,0.71,0.72,0.28,0.29,0.01,0.01,73317.74,1776116508000
1776116510.305,110.305,0.71,0.72,0.28,0.29,0.01,0.01,73317.79,1776116509000
1776116510.875,110.875,0.71,0.72,0.28,0.29,0.01,0.01,73317.79,1776116509000
1776116511.27,111.27,0.72,0.73,0.27,0.28,0.01,0.01,73318.08,1776116510000
1776116511.607,111.607,0.72,0.73,0.27,0.28,0.01,0.01,73318.08,1776116510000
1776116512.091,112.091,0.72,0.73,0.27,0.28,0.01,0.01,73318.08,1776116510000
1776116512.452,112.452,0.72,0.73,0.27,0.28,0.01,0.01,73318.08,1776116510000
1776116512.798,112.798,0.75,0.76,0.24,0.26,0.01,0.02,73318.53,1776116511000
1776116513.2,113.2,0.75,0.77,0.23,0.24,0.02,0.01,73318.62,1776116512000
1776116513.649,113.649,0.75,0.77,0.24,0.25,0.02,0.01,73318.62,1776116512000
1776116514.02,114.02,0.76,0.77,0.23,0.24,0.01,0.01,73318.62,1776116512000
1776116515.482,115.482,0.76,0.77,0.23,0.24,0.01,0.01,73330.34,1776116514000
1776116515.842,115.842,0.77,0.79,0.21,0.23,0.02,0.02,73330.34,1776116514000
1776116516.202,116.202,0.79,0.8,0.2,0.21,0.01,0.01,73334.62,1776116515000
1776116516.59,116.59,0.79,0.82,0.19,0.21,0.03,0.02,73334.62,1776116515000
1776116516.996,116.996,0.79,0.82,0.18,0.21,0.03,0.03,73334.62,1776116515000
1776116517.34,117.34,0.81,0.84,0.16,0.19,0.03,0.03,73379.58,1776116516000
1776116517.754,117.754,0.81,0.85,0.15,0.2,0.04,0.05,73379.58,1776116516000
1776116518.11,118.11,0.83,0.85,0.15,0.17,0.02,0.02,73379.58,1776116516000
1776116518.452,118.452,0.82,0.87,0.13,0.18,0.05,0.05,73383.98,1776116517000
1776116518.789,118.789,0.84,0.89,0.11,0.16,0.05,0.05,73383.98,1776116517000
1776116519.132,119.132,0.86,0.87,0.13,0.14,0.01,0.01,73383.98,1776116517000
1776116519.475,119.475,0.87,0.88,0.11,0.13,0.01,0.02,73384.42,1776116518000
1776116519.809,119.809,0.87,0.88,0.1,0.13,0.01,0.03,73384.42,1776116518000
1776116520.145,120.145,0.88,0.89,0.11,0.12,0.01,0.01,73384.42,1776116518000
1776116520.481,120.481,0.88,0.9,0.1,0.12,0.02,0.02,73384.42,1776116518000
1776116520.82,120.82,0.89,0.9,0.1,0.11,0.01,0.01,73384.42,1776116518000
1776116521.251,121.251,0.9,0.91,0.09,0.1,0.01,0.01,73386.66,1776116519000
1776116521.642,121.642,0.9,0.91,0.09,0.1,0.01,0.01,73387.03,1776116520000
1776116522.046,122.046,0.9,0.91,0.09,0.1,0.01,0.01,73387.03,1776116520000
1776116522.387,122.387,0.87,0.9,0.09,0.12,0.03,0.03,73387.82,1776116521000
1776116522.737,122.737,0.87,0.88,0.12,0.13,0.01,0.01,73387.82,1776116521000
1776116523.077,123.077,0.87,0.88,0.12,0.13,0.01,0.01,73387.82,1776116521000
1776116523.416,123.416,0.85,0.88,0.12,0.15,0.03,0.03,73388.86,1776116522000
1776116523.75,123.75,0.83,0.86,0.13,0.17,0.03,0.04,73388.86,1776116522000
1776116524.09,124.09,0.81,0.83,0.17,0.19,0.02,0.02,73388.86,1776116522000
1776116524.434,124.434,0.79,0.81,0.18,0.21,0.02,0.03,73388.86,1776116522000
1776116524.782,124.782,0.79,0.8,0.2,0.21,0.01,0.01,73373.89,1776116523000
1776116525.121,125.121,0.79,0.8,0.2,0.21,0.01,0.01,73373.89,1776116523000
1776116525.474,125.474,0.79,0.8,0.2,0.21,0.01,0.01,73360.23,1776116524000
1776116525.852,125.852,0.79,0.8,0.2,0.21,0.01,0.01,73360.23,1776116524000
1776116526.219,126.219,0.78,0.79,0.21,0.22,0.01,0.01,73360.23,1776116524000
1776116526.559,126.559,0.77,0.78,0.22,0.23,0.01,0.01,73360.23,1776116524000
1776116526.93,126.93,0.77,0.78,0.22,0.23,0.01,0.01,73350.15,1776116525000
1776116527.302,127.302,0.77,0.78,0.22,0.23,0.01,0.01,73350.15,1776116525000
1776116527.823,127.823,0.77,0.78,0.22,0.23,0.01,0.01,73349.22,1776116526000
1776116528.193,128.193,0.77,0.78,0.22,0.23,0.01,0.01,73349.22,1776116526000
1776116528.648,128.648,0.76,0.78,0.22,0.23,0.02,0.01,73347.11,1776116527000
1776116529.277,129.277,0.76,0.77,0.23,0.24,0.01,0.01,73347.11,1776116527000
1776116529.67,129.67,0.76,0.77,0.23,0.24,0.01,0.01,73343.63,1776116528000
1776116530.069,130.069,0.76,0.77,0.23,0.24,0.01,0.01,73343.63,1776116528000
1776116530.436,130.436,0.76,0.77,0.23,0.24,0.01,0.01,73343.45,1776116529000
1776116530.775,130.775,0.76,0.77,0.23,0.24,0.01,0.01,73343.45,1776116529000
1776116531.207,131.207,0.76,0.77,0.23,0.24,0.01,0.01,73343.45,1776116529000
1776116531.625,131.625,0.76,0.77,0.23,0.24,0.01,0.01,73343.45,1776116529000
1776116532.132,132.132,0.76,0.77,0.23,0.24,0.01,0.01,73342.68,1776116530000
1776116532.473,132.473,0.76,0.77,0.23,0.24,0.01,0.01,73342.68,1776116531000
1776116532.894,132.894,0.76,0.77,0.23,0.24,0.01,0.01,73342.68,1776116531000
1776116533.799,133.799,0.76,0.77,0.23,0.24,0.01,0.01,73342.71,1776116532000
1776116534.61,134.61,0.76,0.77,0.23,0.24,0.01,0.01,73342.71,1776116532000
1776116535.189,135.189,0.76,0.77,0.23,0.24,0.01,0.01,73342.73,1776116533000
1776116535.612,135.612,0.7,0.71,0.29,0.3,0.01,0.01,73342.72,1776116534000
1776116535.993,135.993,0.69,0.71,0.29,0.31,0.02,0.02,73342.56,1776116535000
1776116536.347,136.347,0.68,0.7,0.3,0.32,0.02,0.02,73342.56,1776116535000
1776116536.742,136.742,0.65,0.66,0.34,0.35,0.01,0.01,73342.56,1776116535000
1776116537.111,137.111,0.64,0.65,0.34,0.36,0.01,0.02,73342.56,1776116535000
1776116537.456,137.456,0.61,0.65,0.35,0.38,0.04,0.03,73342.56,1776116535000
1776116537.847,137.847,0.6,0.63,0.37,0.4,0.03,0.03,73331.79,1776116536000
1776116538.211,138.211,0.61,0.62,0.38,0.39,0.01,0.01,73325.24,1776116537000
1776116538.685,138.685,0.6,0.61,0.38,0.4,0.01,0.02,73325.24,1776116537000
1776116539.133,139.133,0.6,0.61,0.39,0.4,0.01,0.01,73325.24,1776116537000
1776116539.478,139.478,0.6,0.61,0.39,0.4,0.01,0.01,73325.24,1776116537000
1776116539.891,139.891,0.61,0.62,0.39,0.4,0.01,0.01,73318.57,1776116538000
1776116540.414,140.414,0.64,0.65,0.35,0.36,0.01,0.01,73316.38,1776116539000
1776116540.844,140.844,0.65,0.66,0.35,0.36,0.01,0.01,73316.38,1776116539000
1776116541.327,141.327,0.7,0.71,0.29,0.32,0.01,0.03,73316.72,1776116540000
1776116541.837,141.837,0.72,0.74,0.27,0.29,0.02,0.02,73316.72,1776116540000
1776116542.245,142.245,0.73,0.75,0.25,0.27,0.02,0.02,73316.72,1776116540000
1776116542.585,142.585,0.74,0.75,0.25,0.26,0.01,0.01,73316.72,1776116540000
1776116542.92,142.92,0.75,0.76,0.24,0.25,0.01,0.01,73327.73,1776116541000
1776116543.327,143.327,0.75,0.76,0.24,0.25,0.01,0.01,73327.73,1776116541000
1776116543.869,143.869,0.75,0.76,0.24,0.25,0.01,0.01,73334.54,1776116543000
1776116544.373,144.373,0.75,0.76,0.24,0.25,0.01,0.01,73334.54,1776116543000
1776116544.818,144.818,0.75,0.76,0.24,0.25,0.01,0.01,73334.54,1776116543000
1776116545.154,145.154,0.75,0.76,0.24,0.25,0.01,0.01,73335.85,1776116544000
1776116545.538,145.538,0.75,0.76,0.24,0.25,0.01,0.01,73335.85,1776116544000
1776116545.891,145.891,0.75,0.76,0.24,0.25,0.01,0.01,73337.31,1776116545000
1776116546.276,146.276,0.75,0.76,0.24,0.25,0.01,0.01,73337.31,1776116545000
1776116546.797,146.797,0.75,0.76,0.24,0.25,0.01,0.01,73337.31,1776116545000
1776116547.267,147.267,0.75,0.76,0.24,0.25,0.01,0.01,73338.67,1776116546000
1776116547.779,147.779,0.75,0.76,0.24,0.25,0.01,0.01,73338.67,1776116546000
1776116548.343,148.343,0.75,0.76,0.24,0.25,0.01,0.01,73338.03,1776116547000
1776116548.967,148.967,0.75,0.76,0.24,0.25,0.01,0.01,73338.03,1776116547000
1776116549.382,149.382,0.75,0.76,0.24,0.25,0.01,0.01,73338.03,1776116547000
1776116549.898,149.898,0.75,0.76,0.24,0.25,0.01,0.01,73338.02,1776116548000
1776116550.263,150.263,0.75,0.76,0.24,0.25,0.01,0.01,73338.45,1776116549000
1776116550.749,150.749,0.75,0.76,0.24,0.25,0.01,0.01,73338.45,1776116549000
1776116551.095,151.095,0.75,0.76,0.24,0.25,0.01,0.01,73338.49,1776116550000
1776116551.445,151.445,0.75,0.76,0.24,0.25,0.01,0.01,73338.49,1776116550000
1776116551.812,151.812,0.75,0.76,0.24,0.25,0.01,0.01,73338.49,1776116550000
1776116552.246,152.246,0.75,0.76,0.24,0.25,0.01,0.01,73338.78,1776116551000
1776116552.895,152.895,0.75,0.76,0.24,0.25,0.01,0.01,73338.78,1776116551000
1776116553.332,153.332,0.75,0.76,0.24,0.25,0.01,0.01,73339.02,1776116552000
1776116554.013,154.013,0.75,0.76,0.24,0.25,0.01,0.01,73339.02,1776116552000
1776116554.524,154.524,0.75,0.76,0.24,0.25,0.01,0.01,73338.75,1776116553000
1776116555.552,155.552,0.75,0.76,0.24,0.25,0.01,0.01,73338.75,1776116553000
1776116556.208,156.208,0.75,0.76,0.24,0.25,0.01,0.01,73338.5,1776116555000
1776116556.606,156.606,0.75,0.76,0.24,0.25,0.01,0.01,73338.5,1776116555000
1776116557.139,157.139,0.76,0.77,0.23,0.25,0.01,0.02,73338.5,1776116555000
1776116557.539,157.539,0.76,0.77,0.23,0.24,0.01,0.01,73338.5,1776116555000
1776116557.906,157.906,0.76,0.77,0.23,0.24,0.01,0.01,73338.5,1776116555000
1776116558.266,158.266,0.76,0.77,0.23,0.24,0.01,0.01,73338.5,1776116557000
1776116558.702,158.702,0.76,0.77,0.23,0.24,0.01,0.01,73338.5,1776116557000
1776116559.225,159.225,0.75,0.76,0.23,0.25,0.01,0.02,73338.5,1776116557000
1776116559.623,159.623,0.75,0.76,0.24,0.25,0.01,0.01,73338.11,1776116558000
1776116559.972,159.972,0.76,0.77,0.24,0.25,0.01,0.01,73338.11,1776116558000
1776116560.41,160.41,0.76,0.77,0.23,0.24,0.01,0.01,73338.13,1776116559000
1776116561.056,161.056,0.76,0.77,0.23,0.24,0.01,0.01,73338.13,1776116559000
1776116561.623,161.623,0.76,0.77,0.23,0.24,0.01,0.01,73338.89,1776116560000
1776116562.208,162.208,0.76,0.77,0.23,0.24,0.01,0.01,73338.94,1776116561000
1776116562.643,162.643,0.76,0.77,0.23,0.24,0.01,0.01,73338.94,1776116561000
1776116563.502,163.502,0.76,0.77,0.23,0.24,0.01,0.01,73339.2,1776116562000
1776116563.935,163.935,0.76,0.77,0.23,0.24,0.01,0.01,73339.2,1776116562000
1776116564.276,164.276,0.76,0.77,0.23,0.24,0.01,0.01,73339.2,1776116563000
1776116564.74,164.74,0.77,0.78,0.22,0.23,0.01,0.01,73339.2,1776116563000
1776116565.156,165.156,0.76,0.78,0.22,0.23,0.02,0.01,73339.2,1776116563000
1776116565.695,165.695,0.76,0.77,0.23,0.24,0.01,0.01,73339.3,1776116564000
1776116566.157,166.157,0.76,0.77,0.23,0.24,0.01,0.01,73339.64,1776116565000
1776116567.205,167.205,0.76,0.77,0.23,0.24,0.01,0.01,73340.24,1776116566000
1776116568.004,168.004,0.76,0.77,0.23,0.24,0.01,0.01,73340.24,1776116566000
1776116568.356,168.356,0.76,0.77,0.23,0.24,0.01,0.01,73340.24,1776116566000
1776116569.035,169.035,0.76,0.77,0.23,0.24,0.01,0.01,73340.03,1776116568000
1776116569.811,169.811,0.76,0.77,0.23,0.24,0.01,0.01,73340.03,1776116568000
1776116570.366,170.366,0.76,0.77,0.23,0.24,0.01,0.01,73340.03,1776116568000
1776116570.775,170.775,0.75,0.77,0.22,0.24,0.02,0.02,73340.03,1776116569000
1776116571.31,171.31,0.76,0.77,0.23,0.24,0.01,0.01,73340.03,1776116569000
1776116571.838,171.838,0.76,0.77,0.23,0.24,0.01,0.01,73340.0,1776116570000
1776116572.177,172.177,0.76,0.77,0.23,0.24,0.01,0.01,73340.0,1776116570000
1776116572.629,172.629,0.76,0.77,0.23,0.24,0.01,0.01,73340.1,1776116571000
1776116573.04,173.04,0.76,0.77,0.23,0.24,0.01,0.01,73340.1,1776116572000
1776116573.667,173.667,0.76,0.78,0.23,0.24,0.02,0.01,73340.1,1776116572000
1776116574.097,174.097,0.77,0.78,0.22,0.23,0.01,0.01,73340.08,1776116573000
1776116574.433,174.433,0.77,0.78,0.22,0.23,0.01,0.01,73340.08,1776116573000
1776116574.827,174.827,0.77,0.78,0.22,0.23,0.01,0.01,73340.08,1776116573000
1776116575.18,175.18,0.77,0.78,0.22,0.23,0.01,0.01,73339.92,1776116574000
1776116575.826,175.826,0.77,0.78,0.22,0.23,0.01,0.01,73339.92,1776116574000
1776116576.326,176.326,0.76,0.77,0.22,0.23,0.01,0.01,73339.95,1776116575000
1776116576.881,176.881,0.76,0.77,0.23,0.24,0.01,0.01,73340.21,1776116576000
1776116577.32,177.32,0.76,0.77,0.23,0.24,0.01,0.01,73340.21,1776116576000
1776116577.705,177.705,0.76,0.77,0.23,0.24,0.01,0.01,73340.21,1776116576000
1776116578.905,178.905,0.76,0.78,0.23,0.24,0.02,0.01,73339.94,1776116577000
1776116579.684,179.684,0.77,0.78,0.22,0.23,0.01,0.01,73339.9,1776116578000
1776116580.196,180.196,0.77,0.78,0.22,0.23,0.01,0.01,73339.9,1776116578000
1776116580.539,180.539,0.77,0.78,0.22,0.23,0.01,0.01,73339.97,1776116579000
1776116580.873,180.873,0.77,0.78,0.22,0.23,0.01,0.01,73339.97,1776116579000
1776116581.225,181.225,0.77,0.78,0.22,0.23,0.01,0.01,73339.65,1776116580000
1776116581.81,181.81,0.77,0.78,0.22,0.23,0.01,0.01,73339.65,1776116580000
1776116582.143,182.143,0.77,0.78,0.22,0.23,0.01,0.01,73339.39,1776116581000
1776116583.032,183.032,0.77,0.78,0.22,0.23,0.01,0.01,73339.39,1776116581000
1776116583.374,183.374,0.73,0.75,0.25,0.27,0.02,0.02,73339.13,1776116582000
1776116583.731,183.731,0.71,0.72,0.28,0.29,0.01,0.01,73339.13,1776116582000
1776116584.07,184.07,0.71,0.72,0.28,0.29,0.01,0.01,73339.13,1776116582000
1776116584.406,184.406,0.71,0.72,0.28,0.29,0.01,0.01,73338.88,1776116583000
1776116584.911,184.911,0.71,0.72,0.28,0.29,0.01,0.01,73338.88,1776116583000
1776116585.285,185.285,0.71,0.72,0.28,0.29,0.01,0.01,73338.88,1776116583000
1776116585.628,185.628,0.71,0.72,0.28,0.29,0.01,0.01,73334.02,1776116584000
1776116586.0,186.0,0.71,0.72,0.28,0.29,0.01,0.01,73334.02,1776116584000
1776116586.369,186.369,0.71,0.72,0.28,0.29,0.01,0.01,73334.02,1776116584000
1776116586.997,186.997,0.71,0.72,0.28,0.29,0.01,0.01,73329.82,1776116586000
1776116587.438,187.438,0.71,0.72,0.28,0.29,0.01,0.01,73329.82,1776116586000
1776116588.132,188.132,0.71,0.72,0.28,0.29,0.01,0.01,73329.82,1776116586000
1776116588.575,188.575,0.7,0.71,0.28,0.3,0.01,0.02,73329.61,1776116587000
1776116588.908,188.908,0.67,0.69,0.29,0.33,0.02,0.04,73329.61,1776116587000
1776116589.253,189.253,0.69,0.7,0.3,0.31,0.01,0.01,73329.61,1776116587000
1776116589.719,189.719,0.66,0.67,0.3,0.34,0.01,0.04,73329.63,1776116588000
1776116590.11,190.11,0.66,0.67,0.33,0.35,0.01,0.02,73329.36,1776116589000
1776116590.463,190.463,0.66,0.67,0.33,0.34,0.01,0.01,73329.36,1776116589000
1776116590.798,190.798,0.65,0.67,0.33,0.34,0.02,0.01,73329.36,1776116589000
1776116591.144,191.144,0.65,0.66,0.34,0.35,0.01,0.01,73325.47,1776116590000
1776116591.546,191.546,0.65,0.66,0.34,0.35,0.01,0.01,73325.47,1776116590000
1776116592.014,192.014,0.65,0.66,0.34,0.35,0.01,0.01,73325.47,1776116590000
1776116592.354,192.354,0.65,0.66,0.34,0.35,0.01,0.01,73323.45,1776116591000
1776116592.755,192.755,0.65,0.66,0.34,0.35,0.01,0.01,73323.45,1776116591000
1776116593.24,193.24,0.65,0.66,0.34,0.35,0.01,0.01,73320.51,1776116592000
1776116593.614,193.614,0.65,0.66,0.34,0.35,0.01,0.01,73320.51,1776116592000
1776116594.032,194.032,0.65,0.66,0.34,0.35,0.01,0.01,73320.51,1776116592000
1776116594.459,194.459,0.65,0.66,0.34,0.35,0.01,0.01,73319.14,1776116593000
1776116594.902,194.902,0.65,0.66,0.34,0.35,0.01,0.01,73319.14,1776116593000
1776116595.254,195.254,0.65,0.66,0.34,0.35,0.01,0.01,73319.14,1776116594000
1776116596.121,196.121,0.65,0.66,0.34,0.35,0.01,0.01,73319.14,1776116594000
1776116597.09,197.09,0.65,0.66,0.34,0.35,0.01,0.01,73318.02,1776116595000
1776116597.888,197.888,0.65,0.66,0.34,0.35,0.01,0.01,73314.9,1776116596000
1776116598.378,198.378,0.65,0.66,0.34,0.35,0.01,0.01,73314.9,1776116596000
1776116599.141,199.141,0.65,0.66,0.34,0.35,0.01,0.01,73313.24,1776116598000
1776116599.607,199.607,0.65,0.66,0.34,0.35,0.01,0.01,73313.24,1776116598000
1776116600.169,200.169,0.65,0.66,0.34,0.35,0.01,0.01,73313.24,1776116598000
1776116601.408,201.408,0.65,0.66,0.34,0.35,0.01,0.01,73313.32,1776116600000
1776116602.141,202.141,0.65,0.66,0.34,0.35,0.01,0.01,73311.93,1776116601000
1776116602.616,202.616,0.65,0.66,0.34,0.35,0.01,0.01,73311.93,1776116601000
1776116602.961,202.961,0.65,0.66,0.34,0.35,0.01,0.01,73311.93,1776116601000
1776116603.322,203.322,0.65,0.66,0.34,0.35,0.01,0.01,73311.93,1776116601000
1776116603.662,203.662,0.65,0.66,0.34,0.35,0.01,0.01,73309.35,1776116602000
1776116604.131,204.131,0.64,0.66,0.34,0.36,0.02,0.02,73309.35,1776116603000
1776116604.555,204.555,0.64,0.65,0.35,0.36,0.01,0.01,73309.35,1776116603000
1776116604.922,204.922,0.63,0.64,0.35,0.37,0.01,0.02,73309.35,1776116603000
1776116605.256,205.256,0.61,0.63,0.37,0.38,0.02,0.01,73309.35,1776116603000
1776116605.765,205.765,0.6,0.61,0.39,0.4,0.01,0.01,73308.57,1776116604000
1776116606.11,206.11,0.59,0.6,0.39,0.41,0.01,0.02,73308.57,1776116604000
1776116606.524,206.524,0.58,0.59,0.41,0.42,0.01,0.01,73308.47,1776116605000
1776116606.911,206.911,0.57,0.58,0.41,0.43,0.01,0.02,73308.47,1776116605000
1776116607.444,207.444,0.57,0.58,0.42,0.43,0.01,0.01,73306.6,1776116606000
1776116607.902,207.902,0.57,0.58,0.42,0.43,0.01,0.01,73306.6,1776116606000
1776116608.287,208.287,0.56,0.57,0.43,0.44,0.01,0.01,73306.87,1776116607000
1776116608.875,208.875,0.55,0.57,0.43,0.44,0.02,0.01,73306.87,1776116607000
1776116609.275,209.275,0.55,0.56,0.44,0.45,0.01,0.01,73307.1,1776116608000
1776116609.783,209.783,0.55,0.56,0.44,0.45,0.01,0.01,73307.1,1776116608000
1776116610.421,210.421,0.55,0.56,0.44,0.45,0.01,0.01,73307.1,1776116608000
1776116610.791,210.791,0.55,0.56,0.44,0.45,0.01,0.01,73307.21,1776116609000
1776116611.157,211.157,0.55,0.56,0.44,0.45,0.01,0.01,73306.96,1776116610000
1776116611.677,211.677,0.55,0.56,0.44,0.45,0.01,0.01,73306.96,1776116610000
1776116612.117,212.117,0.55,0.56,0.44,0.45,0.01,0.01,73306.96,1776116610000
1776116612.581,212.581,0.54,0.56,0.44,0.45,0.02,0.01,73306.59,1776116611000
1776116613.115,213.115,0.54,0.55,0.45,0.46,0.01,0.01,73306.59,1776116611000
1776116613.586,213.586,0.54,0.55,0.45,0.46,0.01,0.01,73306.46,1776116612000
1776116614.105,214.105,0.54,0.55,0.45,0.46,0.01,0.01,73306.29,1776116613000
1776116614.527,214.527,0.52,0.53,0.46,0.48,0.01,0.02,73306.29,1776116613000
1776116614.86,214.86,0.52,0.53,0.47,0.48,0.01,0.01,73306.29,1776116613000
1776116615.202,215.202,0.51,0.52,0.47,0.49,0.01,0.02,73306.29,1776116613000
1776116615.56,215.56,0.51,0.52,0.48,0.49,0.01,0.01,73306.53,1776116614000
1776116615.902,215.902,0.5,0.51,0.49,0.5,0.01,0.01,73306.53,1776116614000
1776116616.406,216.406,0.49,0.51,0.49,0.5,0.02,0.01,73304.41,1776116615000
1776116616.834,216.834,0.48,0.5,0.5,0.51,0.02,0.01,73304.41,1776116615000
1776116617.411,217.411,0.47,0.48,0.52,0.53,0.01,0.01,73303.02,1776116616000
1776116617.747,217.747,0.47,0.48,0.52,0.53,0.01,0.01,73303.02,1776116616000
1776116618.117,218.117,0.47,0.48,0.52,0.53,0.01,0.01,73301.6,1776116617000
1776116618.494,218.494,0.46,0.47,0.52,0.54,0.01,0.02,73301.6,1776116617000
1776116618.952,218.952,0.45,0.47,0.53,0.54,0.02,0.01,73301.6,1776116617000
1776116619.306,219.306,0.45,0.46,0.54,0.55,0.01,0.01,73300.91,1776116618000
1776116619.65,219.65,0.45,0.46,0.54,0.55,0.01,0.01,73300.91,1776116618000
1776116620.04,220.04,0.41,0.44,0.54,0.57,0.03,0.03,73300.91,1776116618000
1776116620.513,220.513,0.41,0.42,0.57,0.58,0.01,0.01,73300.25,1776116619000
1776116621.004,221.004,0.4,0.41,0.59,0.6,0.01,0.01,73300.25,1776116619000
1776116621.339,221.339,0.39,0.4,0.59,0.6,0.01,0.01,73296.76,1776116620000
1776116621.703,221.703,0.38,0.4,0.6,0.61,0.02,0.01,73296.76,1776116620000
1776116622.096,222.096,0.38,0.39,0.61,0.62,0.01,0.01,73296.76,1776116620000
1776116622.587,222.587,0.37,0.38,0.62,0.64,0.01,0.02,73295.05,1776116621000
1776116623.117,223.117,0.36,0.37,0.63,0.64,0.01,0.01,73295.05,1776116621000
1776116623.555,223.555,0.36,0.37,0.63,0.64,0.01,0.01,73293.2,1776116622000
1776116623.889,223.889,0.36,0.37,0.63,0.64,0.01,0.01,73293.2,1776116622000
1776116624.236,224.236,0.36,0.37,0.63,0.64,0.01,0.01,73293.74,1776116623000
1776116624.624,224.624,0.36,0.37,0.63,0.64,0.01,0.01,73293.74,1776116623000
1776116625.155,225.155,0.35,0.36,0.64,0.65,0.01,0.01,73293.07,1776116624000
1776116625.51,225.51,0.35,0.36,0.64,0.65,0.01,0.01,73293.07,1776116624000
1776116626.011,226.011,0.35,0.36,0.64,0.65,0.01,0.01,73293.07,1776116624000
1776116626.349,226.349,0.33,0.35,0.64,0.66,0.02,0.02,73293.02,1776116625000
1776116626.726,226.726,0.33,0.34,0.65,0.67,0.01,0.02,73293.02,1776116625000
1776116627.061,227.061,0.31,0.33,0.67,0.69,0.02,0.02,73293.02,1776116625000
1776116627.395,227.395,0.3,0.31,0.68,0.69,0.01,0.01,73292.43,1776116626000
1776116627.729,227.729,0.29,0.31,0.69,0.7,0.02,0.01,73292.43,1776116626000
1776116628.1,228.1,0.28,0.3,0.7,0.72,0.02,0.02,73292.43,1776116626000
1776116628.471,228.471,0.26,0.27,0.73,0.74,0.01,0.01,73292.43,1776116626000
1776116628.905,228.905,0.26,0.27,0.73,0.74,0.01,0.01,73290.27,1776116627000
1776116629.242,229.242,0.26,0.27,0.73,0.74,0.01,0.01,73290.27,1776116627000
1776116629.589,229.589,0.25,0.27,0.73,0.74,0.02,0.01,73284.0,1776116628000
1776116630.048,230.048,0.25,0.26,0.74,0.75,0.01,0.01,73284.0,1776116628000
1776116630.447,230.447,0.24,0.25,0.75,0.76,0.01,0.01,73283.63,1776116629000
1776116630.849,230.849,0.24,0.25,0.75,0.76,0.01,0.01,73283.63,1776116629000
1776116631.192,231.192,0.24,0.27,0.73,0.76,0.03,0.03,73283.63,1776116629000
1776116631.535,231.535,0.26,0.29,0.73,0.74,0.03,0.01,73281.9,1776116630000
1776116631.879,231.879,0.29,0.32,0.69,0.73,0.03,0.04,73281.9,1776116630000
1776116632.238,232.238,0.3,0.32,0.68,0.7,0.02,0.02,73281.4,1776116631000
1776116632.585,232.585,0.31,0.32,0.68,0.69,0.01,0.01,73281.4,1776116631000
1776116632.999,232.999,0.31,0.32,0.68,0.69,0.01,0.01,73281.4,1776116631000
1776116633.368,233.368,0.32,0.33,0.67,0.68,0.01,0.01,73281.4,1776116631000
1776116633.713,233.713,0.34,0.36,0.65,0.66,0.02,0.01,73281.4,1776116631000
1776116634.167,234.167,0.35,0.36,0.64,0.65,0.01,0.01,73283.51,1776116632000
1776116634.501,234.501,0.37,0.38,0.62,0.63,0.01,0.01,73287.61,1776116633000
1776116634.944,234.944,0.38,0.39,0.61,0.62,0.01,0.01,73287.61,1776116633000
1776116635.303,235.303,0.43,0.44,0.56,0.57,0.01,0.01,73287.61,1776116633000
1776116635.648,235.648,0.43,0.44,0.56,0.57,0.01,0.01,73287.69,1776116634000
1776116635.996,235.996,0.44,0.45,0.55,0.56,0.01,0.01,73287.69,1776116634000
1776116636.338,236.338,0.45,0.46,0.54,0.55,0.01,0.01,73288.45,1776116635000
1776116636.7,236.7,0.45,0.46,0.54,0.55,0.01,0.01,73288.45,1776116635000
1776116637.046,237.046,0.45,0.46,0.54,0.55,0.01,0.01,73288.45,1776116635000
1776116637.579,237.579,0.45,0.46,0.54,0.55,0.01,0.01,73293.79,1776116636000
1776116637.94,237.94,0.45,0.46,0.54,0.55,0.01,0.01,73293.79,1776116636000
1776116638.275,238.275,0.45,0.46,0.54,0.55,0.01,0.01,73293.79,1776116636000
1776116638.947,238.947,0.44,0.45,0.54,0.56,0.01,0.02,73294.16,1776116637000
1776116639.347,239.347,0.43,0.44,0.55,0.57,0.01,0.02,73294.97,1776116638000
1776116639.692,239.692,0.43,0.44,0.56,0.57,0.01,0.01,73294.97,1776116638000
1776116640.368,240.368,0.43,0.44,0.56,0.57,0.01,0.01,73294.97,1776116638000
1776116640.828,240.828,0.43,0.44,0.56,0.57,0.01,0.01,73295.47,1776116639000
1776116641.177,241.177,0.42,0.44,0.56,0.57,0.02,0.01,73295.32,1776116640000
1776116641.537,241.537,0.41,0.42,0.58,0.59,0.01,0.01,73295.32,1776116640000
1776116641.91,241.91,0.41,0.42,0.58,0.59,0.01,0.01,73295.32,1776116640000
1776116642.385,242.385,0.41,0.42,0.58,0.59,0.01,0.01,73295.14,1776116641000
1776116642.752,242.752,0.42,0.43,0.58,0.59,0.01,0.01,73295.14,1776116641000
1776116643.344,243.344,0.42,0.44,0.57,0.58,0.02,0.01,73295.14,1776116641000
1776116643.718,243.718,0.42,0.45,0.57,0.58,0.03,0.01,73295.01,1776116642000
1776116644.089,244.089,0.42,0.43,0.57,0.58,0.01,0.01,73295.01,1776116642000
1776116644.465,244.465,0.42,0.43,0.57,0.58,0.01,0.01,73294.98,1776116643000
1776116645.272,245.272,0.4,0.42,0.58,0.6,0.02,0.02,73294.16,1776116644000
1776116645.683,245.683,0.37,0.41,0.59,0.62,0.04,0.03,73294.16,1776116644000
1776116646.037,246.037,0.36,0.41,0.59,0.63,0.05,0.04,73294.16,1776116644000
1776116646.47,246.47,0.32,0.36,0.64,0.68,0.04,0.04,73294.16,1776116644000
1776116646.817,246.817,0.27,0.28,0.72,0.73,0.01,0.01,73289.51,1776116645000
1776116647.157,247.157,0.27,0.28,0.72,0.73,0.01,0.01,73289.51,1776116645000
1776116647.517,247.517,0.24,0.25,0.74,0.76,0.01,0.02,73285.96,1776116646000
1776116647.868,247.868,0.24,0.25,0.75,0.76,0.01,0.01,73285.96,1776116646000
1776116648.296,248.296,0.21,0.24,0.75,0.78,0.03,0.03,73285.96,1776116646000
1776116648.797,248.797,0.21,0.24,0.76,0.79,0.03,0.03,73276.33,1776116647000
1776116649.467,249.467,0.21,0.22,0.77,0.78,0.01,0.01,73276.33,1776116647000
1776116649.953,249.953,0.2,0.21,0.79,0.81,0.01,0.02,73272.49,1776116648000
1776116650.345,250.345,0.19,0.2,0.8,0.82,0.01,0.02,73272.49,1776116648000
1776116650.683,250.683,0.17,0.2,0.8,0.81,0.03,0.01,73271.32,1776116649000
1776116651.019,251.019,0.18,0.19,0.81,0.82,0.01,0.01,73271.32,1776116649000
1776116651.412,251.412,0.17,0.19,0.81,0.82,0.02,0.01,73270.73,1776116650000
1776116651.858,251.858,0.15,0.17,0.83,0.84,0.02,0.01,73270.73,1776116650000
1776116652.198,252.198,0.16,0.17,0.83,0.84,0.01,0.01,73270.73,1776116650000
1776116652.558,252.558,0.15,0.16,0.84,0.85,0.01,0.01,73270.73,1776116650000
1776116652.899,252.899,0.14,0.15,0.85,0.86,0.01,0.01,73265.47,1776116651000
1776116653.237,253.237,0.13,0.14,0.86,0.87,0.01,0.01,73266.68,1776116652000
1776116653.583,253.583,0.12,0.13,0.87,0.88,0.01,0.01,73266.68,1776116652000
1776116653.958,253.958,0.11,0.12,0.87,0.88,0.01,0.01,73266.68,1776116652000
1776116654.295,254.295,0.11,0.12,0.88,0.89,0.01,0.01,73266.68,1776116652000
1776116654.853,254.853,0.11,0.12,0.88,0.89,0.01,0.01,73266.67,1776116653000
1776116655.206,255.206,0.11,0.12,0.88,0.89,0.01,0.01,73267.9,1776116654000
1776116655.55,255.55,0.11,0.12,0.88,0.89,0.01,0.01,73267.9,1776116654000
1776116655.93,255.93,0.1,0.11,0.88,0.9,0.01,0.02,73267.9,1776116654000
1776116656.298,256.298,0.1,0.11,0.89,0.9,0.01,0.01,73267.9,1776116654000
1776116656.66,256.66,0.1,0.11,0.89,0.9,0.01,0.01,73267.45,1776116655000
1776116657.015,257.015,0.1,0.11,0.89,0.9,0.01,0.01,73267.45,1776116655000
1776116657.501,257.501,0.1,0.11,0.89,0.9,0.01,0.01,73267.76,1776116656000
1776116657.858,257.858,0.1,0.11,0.89,0.9,0.01,0.01,73267.76,1776116656000
1776116658.279,258.279,0.1,0.11,0.89,0.9,0.01,0.01,73267.76,1776116656000
1776116658.627,258.627,0.09,0.1,0.9,0.91,0.01,0.01,73268.17,1776116657000
1776116658.982,258.982,0.09,0.1,0.9,0.91,0.01,0.01,73268.17,1776116657000
1776116659.374,259.374,0.09,0.1,0.9,0.91,0.01,0.01,73266.45,1776116658000
1776116659.891,259.891,0.09,0.1,0.9,0.91,0.01,0.01,73266.45,1776116658000
1776116660.247,260.247,0.09,0.1,0.9,0.91,0.01,0.01,73266.45,1776116658000
1776116660.581,260.581,0.09,0.1,0.9,0.91,0.01,0.01,73266.45,1776116658000
1776116660.94,260.94,0.09,0.1,0.9,0.91,0.01,0.01,73266.65,1776116659000
1776116661.327,261.327,0.08,0.09,0.9,0.92,0.01,0.02,73266.6,1776116660000
1776116661.674,261.674,0.07,0.08,0.92,0.93,0.01,0.01,73266.6,1776116660000
1776116662.116,262.116,0.05,0.07,0.92,0.94,0.02,0.02,73266.6,1776116660000
1776116662.58,262.58,0.05,0.06,0.93,0.95,0.01,0.02,73266.6,1776116660000
1776116663.185,263.185,0.05,0.06,0.94,0.95,0.01,0.01,73266.11,1776116661000
1776116663.663,263.663,0.05,0.06,0.94,0.95,0.01,0.01,73265.95,1776116662000
1776116664.05,264.05,0.05,0.06,0.94,0.95,0.01,0.01,73265.95,1776116662000
1776116664.482,264.482,0.05,0.06,0.94,0.95,0.01,0.01,73265.54,1776116663000
1776116664.819,264.819,0.05,0.06,0.94,0.95,0.01,0.01,73265.54,1776116663000
1776116665.159,265.159,0.05,0.06,0.94,0.95,0.01,0.01,73264.95,1776116664000
1776116665.513,265.513,0.04,0.05,0.95,0.96,0.01,0.01,73264.95,1776116664000
1776116665.86,265.86,0.04,0.05,0.95,0.96,0.01,0.01,73264.95,1776116664000
1776116666.321,266.321,0.04,0.05,0.95,0.96,0.01,0.01,73264.95,1776116664000
1776116666.783,266.783,0.04,0.05,0.95,0.96,0.01,0.01,73264.51,1776116665000
1776116667.124,267.124,0.04,0.07,0.95,0.96,0.03,0.01,73264.51,1776116665000
1776116667.733,267.733,0.03,0.04,0.93,0.97,0.01,0.04,73264.75,1776116666000
1776116668.233,268.233,0.03,0.04,0.96,0.97,0.01,0.01,73264.75,1776116666000
1776116668.598,268.598,0.03,0.04,0.96,0.97,0.01,0.01,73264.69,1776116667000
1776116669.068,269.068,0.03,0.04,0.96,0.97,0.01,0.01,73264.69,1776116667000
1776116669.465,269.465,0.03,0.04,0.96,0.97,0.01,0.01,73264.5,1776116668000
1776116669.899,269.899,0.03,0.04,0.96,0.97,0.01,0.01,73264.48,1776116669000
1776116670.322,270.322,0.03,0.04,0.96,0.97,0.01,0.01,73264.48,1776116669000
1776116670.67,270.67,0.03,0.04,0.96,0.97,0.01,0.01,73264.48,1776116669000
1776116671.078,271.078,0.03,0.04,0.96,0.97,0.01,0.01,73264.54,1776116670000
1776116671.507,271.507,0.03,0.04,0.96,0.97,0.01,0.01,73264.54,1776116670000
1776116672.071,272.071,0.03,0.04,0.96,0.97,0.01,0.01,73264.54,1776116670000
1776116672.529,272.529,0.03,0.04,0.96,0.97,0.01,0.01,73264.47,1776116671000
1776116672.873,272.873,0.03,0.04,0.96,0.97,0.01,0.01,73264.47,1776116671000
1776116673.255,273.255,0.03,0.04,0.96,0.97,0.01,0.01,73264.55,1776116672000
1776116673.684,273.684,0.03,0.04,0.96,0.97,0.01,0.01,73264.55,1776116672000
1776116674.069,274.069,0.03,0.04,0.96,0.97,0.01,0.01,73264.55,1776116672000
1776116674.491,274.491,0.03,0.04,0.96,0.97,0.01,0.01,73263.9,1776116673000
1776116674.858,274.858,0.03,0.04,0.96,0.97,0.01,0.01,73263.9,1776116673000
1776116675.243,275.243,0.03,0.04,0.96,0.97,0.01,0.01,73261.02,1776116674000
1776116675.659,275.659,0.03,0.04,0.96,0.97,0.01,0.01,73261.02,1776116674000
1776116676.058,276.058,0.03,0.04,0.96,0.97,0.01,0.01,73261.02,1776116674000
1776116676.394,276.394,0.03,0.04,0.96,0.97,0.01,0.01,73261.02,1776116674000
1776116676.758,276.758,0.03,0.04,0.96,0.97,0.01,0.01,73259.74,1776116675000
1776116677.237,277.237,0.03,0.04,0.96,0.97,0.01,0.01,73259.78,1776116676000
1776116677.598,277.598,0.03,0.04,0.96,0.97,0.01,0.01,73259.78,1776116676000
1776116677.953,277.953,0.03,0.04,0.96,0.97,0.01,0.01,73259.78,1776116676000
1776116678.515,278.515,0.02,0.03,0.96,0.97,0.01,0.01,73260.51,1776116677000
1776116678.905,278.905,0.02,0.03,0.97,0.98,0.01,0.01,73260.51,1776116677000
1776116679.3,279.3,0.02,0.03,0.97,0.98,0.01,0.01,73260.51,1776116677000
1776116679.828,279.828,0.02,0.04,0.97,0.98,0.02,0.01,73260.7,1776116678000
1776116680.225,280.225,0.02,0.04,0.96,0.97,0.02,0.01,73260.59,1776116679000
1776116680.68,280.68,0.02,0.03,0.97,0.98,0.01,0.01,73260.59,1776116679000
1776116681.191,281.191,0.02,0.03,0.97,0.98,0.01,0.01,73260.59,1776116679000
1776116681.556,281.556,0.02,0.03,0.97,0.98,0.01,0.01,73260.25,1776116680000
1776116681.964,281.964,0.02,0.03,0.97,0.98,0.01,0.01,73260.25,1776116680000
1776116682.299,282.299,0.02,0.03,0.97,0.98,0.01,0.01,73260.18,1776116681000
1776116682.767,282.767,0.02,0.03,0.97,0.98,0.01,0.01,73260.18,1776116681000
1776116683.263,283.263,0.02,0.03,0.97,0.98,0.01,0.01,73260.21,1776116682000
1776116683.774,283.774,0.02,0.03,0.97,0.98,0.01,0.01,73260.21,1776116682000
1776116684.117,284.117,0.02,0.03,0.97,0.98,0.01,0.01,73260.26,1776116683000
1776116684.471,284.471,0.02,0.03,0.97,0.98,0.01,0.01,73260.26,1776116683000
1776116684.983,284.983,0.02,0.03,0.97,0.98,0.01,0.01,73260.26,1776116683000
1776116685.358,285.358,0.02,0.03,0.97,0.98,0.01,0.01,73260.81,1776116684000
1776116685.752,285.752,0.02,0.03,0.97,0.98,0.01,0.01,73260.81,1776116684000
1776116686.213,286.213,0.02,0.03,0.97,0.98,0.01,0.01,73260.88,1776116685000
1776116686.618,286.618,0.02,0.03,0.97,0.98,0.01,0.01,73260.88,1776116685000
1776116686.96,286.96,0.02,0.03,0.97,0.98,0.01,0.01,73260.37,1776116686000
1776116687.36,287.36,0.02,0.03,0.97,0.98,0.01,0.01,73260.37,1776116686000
1776116687.72,287.72,0.02,0.03,0.97,0.98,0.01,0.01,73260.37,1776116686000
1776116688.112,288.112,0.01,0.02,0.98,0.99,0.01,0.01,73260.31,1776116687000
1776116688.472,288.472,0.01,0.02,0.98,0.99,0.01,0.01,73260.31,1776116687000
1776116688.822,288.822,0.01,0.02,0.98,0.99,0.01,0.01,73260.31,1776116687000
1776116689.188,289.188,0.01,0.02,0.98,0.99,0.01,0.01,73260.31,1776116687000
1776116689.543,289.543,0.01,0.02,0.98,0.99,0.01,0.01,73260.31,1776116687000
1776116689.877,289.877,0.01,0.02,0.98,0.99,0.01,0.01,73260.76,1776116688000
1776116690.636,290.636,0.01,0.02,0.98,0.99,0.01,0.01,73260.78,1776116689000
1776116691.022,291.022,0.01,0.02,0.98,0.99,0.01,0.01,73260.78,1776116689000
1776116691.364,291.364,0.01,0.01,0.99,0.99,0.0,0.0,73260.1,1776116690000
1776116692.078,292.078,0.01,0.01,0.99,0.99,0.0,0.0,73260.1,1776116690000
1776116692.697,292.697,0.01,0.01,0.99,0.99,0.0,0.0,73261.09,1776116691000
1776116693.062,293.062,0.01,0.01,0.99,0.99,0.0,0.0,73261.09,1776116691000
1776116693.462,293.462,0.01,0.01,0.99,0.99,0.0,0.0,73261.13,1776116692000
1776116693.841,293.841,0.01,0.01,0.99,0.99,0.0,0.0,73261.13,1776116692000
1776116694.247,294.247,0.01,0.01,0.99,0.99,0.0,0.0,73261.2,1776116693000
1776116694.907,294.907,0.01,0.01,0.99,0.99,0.0,0.0,73261.2,1776116693000
1776116695.666,295.666,0.01,0.01,0.99,0.99,0.0,0.0,73260.58,1776116694000
1776116696.028,296.028,0.01,0.01,0.99,0.99,0.0,0.0,73260.58,1776116694000
1776116696.397,296.397,0.01,0.01,0.99,0.99,0.0,0.0,73260.62,1776116695000
1776116696.756,296.756,0.01,0.01,0.99,0.99,0.0,0.0,73260.62,1776116695000
1776116697.115,297.115,0.01,0.01,0.99,0.99,0.0,0.0,73260.62,1776116695000
1776116697.458,297.458,0.07,0.09,0.93,0.98,0.02,0.05,73260.62,1776116695000
1776116697.798,297.798,0.1,0.11,0.9,0.91,0.01,0.01,73260.73,1776116696000
1776116698.136,298.136,0.15,0.16,0.84,0.85,0.01,0.01,73260.73,1776116696000
1776116698.481,298.481,0.15,0.01,0.99,0.85,-0.14,-0.14,73260.78,1776116697000
1776116698.815,298.815,0.01,0.21,0.8,0.99,0.2,0.19,73260.78,1776116697000
1776116699.181,299.181,0.04,0.05,0.95,0.96,0.01,0.01,73260.78,1776116697000
1776116699.515,299.515,0.03,0.06,0.94,0.97,0.03,0.03,73289.84,1776116698000
1776116699.888,299.888,0.01,0.01,0.97,0.99,0.0,0.02,73289.84,1776116698000
1776116700.392,300.392,0.01,0.01,0.99,0.99,0.0,0.0,73292.15,1776116699000
1776116700.843,300.843,0.01,0.01,0.99,0.99,0.0,0.0,73292.15,1776116699000
