timestamp,elapsed_sec,up_bid,up_ask,down_bid,down_ask,up_spread,down_spread,btc_price,btc_oracle_ts
1776897600.512,0.512,0.53,0.55,0.45,0.47,0.02,0.02,78569.47,1776897599000
1776897600.887,0.887,0.54,0.55,0.45,0.46,0.01,0.01,78569.47,1776897599000
1776897601.261,1.261,0.54,0.55,0.45,0.46,0.01,0.01,78567.44,1776897600000
1776897601.904,1.904,0.52,0.53,0.45,0.48,0.01,0.03,78567.44,1776897600000
1776897602.405,2.405,0.52,0.53,0.47,0.48,0.01,0.01,78561.18,1776897601000
1776897602.835,2.835,0.52,0.53,0.47,0.48,0.01,0.01,78561.18,1776897601000
1776897603.2,3.2,0.52,0.53,0.47,0.48,0.01,0.01,78561.23,1776897602000
1776897603.607,3.607,0.52,0.53,0.47,0.48,0.01,0.01,78561.23,1776897602000
1776897603.941,3.941,0.52,0.53,0.47,0.48,0.01,0.01,78561.23,1776897602000
1776897604.308,4.308,0.52,0.53,0.47,0.48,0.01,0.01,78561.23,1776897603000
1776897604.833,4.833,0.52,0.53,0.47,0.48,0.01,0.01,78561.23,1776897603000
1776897605.17,5.17,0.52,0.53,0.47,0.48,0.01,0.01,78561.23,1776897603000
1776897605.535,5.535,0.52,0.53,0.47,0.48,0.01,0.01,78561.21,1776897604000
1776897606.026,6.026,0.52,0.53,0.47,0.48,0.01,0.01,78561.21,1776897604000
1776897606.461,6.461,0.52,0.53,0.47,0.48,0.01,0.01,78561.26,1776897605000
1776897606.987,6.987,0.52,0.53,0.47,0.48,0.01,0.01,78561.35,1776897606000
1776897607.399,7.399,0.52,0.53,0.47,0.48,0.01,0.01,78561.35,1776897606000
1776897607.787,7.787,0.52,0.53,0.47,0.48,0.01,0.01,78561.35,1776897606000
1776897608.229,8.229,0.52,0.53,0.47,0.48,0.01,0.01,78561.35,1776897607000
1776897608.674,8.674,0.52,0.53,0.47,0.48,0.01,0.01,78561.35,1776897607000
1776897609.007,9.007,0.51,0.52,0.48,0.49,0.01,0.01,78561.35,1776897607000
1776897609.432,9.432,0.51,0.52,0.48,0.49,0.01,0.01,78561.35,1776897607000
1776897609.81,9.81,0.51,0.52,0.48,0.49,0.01,0.01,78561.22,1776897608000
1776897610.372,10.372,0.51,0.52,0.48,0.49,0.01,0.01,78561.1,1776897609000
1776897610.876,10.876,0.51,0.52,0.48,0.49,0.01,0.01,78561.1,1776897609000
1776897611.293,11.293,0.51,0.52,0.48,0.49,0.01,0.01,78561.05,1776897610000
1776897612.023,12.023,0.51,0.52,0.48,0.49,0.01,0.01,78561.05,1776897610000
1776897612.382,12.382,0.5,0.51,0.48,0.49,0.01,0.01,78561.07,1776897611000
1776897612.751,12.751,0.5,0.51,0.49,0.5,0.01,0.01,78561.07,1776897611000
1776897613.103,13.103,0.5,0.51,0.49,0.5,0.01,0.01,78561.07,1776897611000
1776897613.453,13.453,0.5,0.51,0.49,0.5,0.01,0.01,78561.18,1776897612000
1776897613.864,13.864,0.5,0.51,0.49,0.5,0.01,0.01,78561.18,1776897612000
1776897614.441,14.441,0.5,0.51,0.49,0.5,0.01,0.01,78561.19,1776897613000
1776897614.806,14.806,0.5,0.51,0.49,0.5,0.01,0.01,78561.19,1776897613000
1776897615.225,15.225,0.5,0.51,0.49,0.5,0.01,0.01,78561.19,1776897613000
1776897615.617,15.617,0.5,0.51,0.49,0.5,0.01,0.01,78560.98,1776897614000
1776897616.126,16.126,0.5,0.51,0.49,0.5,0.01,0.01,78560.98,1776897614000
1776897616.65,16.65,0.5,0.51,0.49,0.5,0.01,0.01,78560.98,1776897614000
1776897617.13,17.13,0.5,0.51,0.49,0.5,0.01,0.01,78561.0,1776897616000
1776897617.508,17.508,0.5,0.51,0.49,0.5,0.01,0.01,78561.0,1776897616000
1776897617.848,17.848,0.48,0.49,0.51,0.52,0.01,0.01,78561.0,1776897616000
1776897618.214,18.214,0.46,0.48,0.52,0.54,0.02,0.02,78561.01,1776897617000
1776897618.555,18.555,0.46,0.47,0.53,0.54,0.01,0.01,78561.01,1776897617000
1776897618.922,18.922,0.44,0.45,0.55,0.56,0.01,0.01,78561.01,1776897617000
1776897619.295,19.295,0.44,0.45,0.55,0.56,0.01,0.01,78560.84,1776897618000
1776897620.211,20.211,0.44,0.45,0.55,0.56,0.01,0.01,78559.07,1776897619000
1776897620.557,20.557,0.45,0.46,0.54,0.56,0.01,0.02,78559.07,1776897619000
1776897620.915,20.915,0.46,0.47,0.53,0.55,0.01,0.02,78559.07,1776897619000
1776897621.286,21.286,0.46,0.47,0.53,0.54,0.01,0.01,78555.7,1776897620000
1776897621.621,21.621,0.46,0.47,0.53,0.54,0.01,0.01,78555.7,1776897620000
1776897622.046,22.046,0.46,0.47,0.53,0.54,0.01,0.01,78555.7,1776897620000
1776897622.408,22.408,0.46,0.47,0.53,0.54,0.01,0.01,78555.7,1776897620000
1776897622.885,22.885,0.46,0.47,0.53,0.54,0.01,0.01,78557.08,1776897621000
1776897623.306,23.306,0.46,0.47,0.53,0.54,0.01,0.01,78557.08,1776897621000
1776897623.896,23.896,0.46,0.47,0.53,0.54,0.01,0.01,78560.16,1776897622000
1776897624.493,24.493,0.46,0.47,0.53,0.54,0.01,0.01,78559.67,1776897623000
1776897624.841,24.841,0.46,0.47,0.53,0.54,0.01,0.01,78559.67,1776897623000
1776897625.876,25.876,0.46,0.47,0.53,0.54,0.01,0.01,78559.12,1776897624000
1776897626.247,26.247,0.46,0.47,0.53,0.54,0.01,0.01,78558.78,1776897625000
1776897626.685,26.685,0.46,0.47,0.53,0.54,0.01,0.01,78558.78,1776897625000
1776897627.165,27.165,0.46,0.47,0.53,0.54,0.01,0.01,78559.02,1776897626000
1776897627.787,27.787,0.46,0.47,0.53,0.54,0.01,0.01,78559.02,1776897626000
1776897628.124,28.124,0.46,0.47,0.53,0.54,0.01,0.01,78559.0,1776897627000
1776897628.647,28.647,0.46,0.47,0.53,0.54,0.01,0.01,78559.0,1776897627000
1776897629.107,29.107,0.46,0.47,0.53,0.54,0.01,0.01,78559.0,1776897628000
1776897629.566,29.566,0.46,0.47,0.53,0.54,0.01,0.01,78559.0,1776897628000
1776897630.179,30.179,0.46,0.47,0.53,0.54,0.01,0.01,78559.0,1776897628000
1776897630.801,30.801,0.46,0.47,0.53,0.54,0.01,0.01,78559.0,1776897628000
1776897631.221,31.221,0.46,0.47,0.53,0.54,0.01,0.01,78559.0,1776897629000
1776897631.598,31.598,0.46,0.47,0.53,0.54,0.01,0.01,78559.0,1776897629000
1776897631.962,31.962,0.46,0.47,0.53,0.54,0.01,0.01,78559.0,1776897630000
1776897632.349,32.349,0.46,0.47,0.53,0.54,0.01,0.01,78559.0,1776897630000
1776897632.837,32.837,0.46,0.47,0.53,0.54,0.01,0.01,78559.0,1776897631000
1776897633.186,33.186,0.46,0.47,0.53,0.54,0.01,0.01,78559.02,1776897632000
1776897633.591,33.591,0.46,0.47,0.53,0.54,0.01,0.01,78559.02,1776897632000
1776897634.273,34.273,0.46,0.47,0.53,0.54,0.01,0.01,78559.02,1776897633000
1776897634.621,34.621,0.47,0.48,0.52,0.53,0.01,0.01,78559.02,1776897633000
1776897635.124,35.124,0.49,0.5,0.5,0.51,0.01,0.01,78559.02,1776897633000
1776897635.547,35.547,0.49,0.5,0.5,0.51,0.01,0.01,78559.36,1776897634000
1776897635.917,35.917,0.49,0.5,0.5,0.51,0.01,0.01,78559.36,1776897634000
1776897636.575,36.575,0.49,0.5,0.5,0.51,0.01,0.01,78559.36,1776897635000
1776897636.917,36.917,0.49,0.5,0.5,0.51,0.01,0.01,78559.36,1776897635000
1776897637.264,37.264,0.49,0.5,0.5,0.51,0.01,0.01,78560.14,1776897636000
1776897637.624,37.624,0.49,0.5,0.5,0.51,0.01,0.01,78560.14,1776897636000
1776897638.144,38.144,0.49,0.5,0.5,0.51,0.01,0.01,78560.14,1776897636000
1776897638.504,38.504,0.5,0.52,0.48,0.5,0.02,0.02,78562.13,1776897637000
1776897638.838,38.838,0.51,0.52,0.48,0.49,0.01,0.01,78562.13,1776897637000
1776897639.278,39.278,0.51,0.52,0.48,0.49,0.01,0.01,78561.18,1776897638000
1776897639.703,39.703,0.51,0.52,0.48,0.49,0.01,0.01,78561.18,1776897638000
1776897640.129,40.129,0.51,0.52,0.48,0.49,0.01,0.01,78561.18,1776897638000
1776897640.565,40.565,0.51,0.52,0.48,0.49,0.01,0.01,78561.18,1776897638000
1776897641.188,41.188,0.51,0.52,0.48,0.49,0.01,0.01,78562.49,1776897639000
1776897641.588,41.588,0.54,0.55,0.45,0.47,0.01,0.02,78562.98,1776897640000
1776897641.984,41.984,0.54,0.55,0.45,0.46,0.01,0.01,78562.98,1776897640000
1776897642.343,42.343,0.54,0.55,0.45,0.46,0.01,0.01,78562.98,1776897640000
1776897642.695,42.695,0.54,0.55,0.45,0.46,0.01,0.01,78563.2,1776897641000
1776897643.097,43.097,0.54,0.55,0.45,0.46,0.01,0.01,78563.2,1776897641000
1776897643.703,43.703,0.54,0.55,0.45,0.46,0.01,0.01,78563.73,1776897642000
1776897644.242,44.242,0.54,0.55,0.45,0.46,0.01,0.01,78567.51,1776897643000
1776897644.599,44.599,0.54,0.55,0.45,0.46,0.01,0.01,78567.51,1776897643000
1776897645.063,45.063,0.54,0.55,0.45,0.46,0.01,0.01,78567.51,1776897643000
1776897645.544,45.544,0.54,0.55,0.45,0.46,0.01,0.01,78571.48,1776897644000
1776897645.918,45.918,0.54,0.55,0.45,0.46,0.01,0.01,78571.48,1776897644000
1776897646.254,46.254,0.54,0.55,0.45,0.46,0.01,0.01,78571.48,1776897644000
1776897646.641,46.641,0.54,0.55,0.45,0.46,0.01,0.01,78570.86,1776897645000
1776897647.07,47.07,0.54,0.55,0.45,0.46,0.01,0.01,78568.98,1776897646000
1776897647.481,47.481,0.54,0.55,0.45,0.46,0.01,0.01,78568.98,1776897646000
1776897648.099,48.099,0.54,0.55,0.45,0.46,0.01,0.01,78567.94,1776897647000
1776897648.535,48.535,0.54,0.55,0.45,0.46,0.01,0.01,78567.94,1776897647000
1776897649.099,49.099,0.54,0.55,0.45,0.46,0.01,0.01,78568.4,1776897648000
1776897649.508,49.508,0.54,0.55,0.45,0.46,0.01,0.01,78568.4,1776897648000
1776897649.851,49.851,0.54,0.55,0.45,0.46,0.01,0.01,78568.4,1776897648000
1776897650.207,50.207,0.54,0.55,0.45,0.46,0.01,0.01,78568.4,1776897649000
1776897650.541,50.541,0.54,0.55,0.45,0.46,0.01,0.01,78568.4,1776897649000
1776897650.956,50.956,0.54,0.55,0.45,0.46,0.01,0.01,78568.4,1776897649000
1776897651.516,51.516,0.54,0.55,0.45,0.46,0.01,0.01,78568.69,1776897650000
1776897651.928,51.928,0.54,0.55,0.45,0.46,0.01,0.01,78568.69,1776897650000
1776897652.283,52.283,0.54,0.55,0.45,0.46,0.01,0.01,78571.12,1776897651000
1776897652.62,52.62,0.54,0.55,0.45,0.46,0.01,0.01,78571.12,1776897651000
1776897652.998,52.998,0.54,0.55,0.45,0.46,0.01,0.01,78571.12,1776897651000
1776897653.918,53.918,0.54,0.55,0.45,0.46,0.01,0.01,78571.7,1776897653000
1776897654.316,54.316,0.54,0.55,0.45,0.46,0.01,0.01,78571.7,1776897653000
1776897654.816,54.816,0.54,0.55,0.45,0.46,0.01,0.01,78571.7,1776897653000
1776897655.188,55.188,0.54,0.55,0.45,0.46,0.01,0.01,78571.91,1776897654000
1776897655.888,55.888,0.54,0.55,0.45,0.46,0.01,0.01,78571.92,1776897655000
1776897656.238,56.238,0.54,0.55,0.45,0.46,0.01,0.01,78571.92,1776897655000
1776897656.613,56.613,0.54,0.55,0.45,0.46,0.01,0.01,78571.92,1776897655000
1776897657.035,57.035,0.54,0.55,0.45,0.46,0.01,0.01,78571.92,1776897656000
1776897657.439,57.439,0.54,0.55,0.45,0.46,0.01,0.01,78571.92,1776897656000
1776897657.875,57.875,0.55,0.56,0.44,0.45,0.01,0.01,78571.92,1776897656000
1776897658.248,58.248,0.55,0.56,0.44,0.45,0.01,0.01,78571.92,1776897657000
1776897658.625,58.625,0.55,0.56,0.44,0.45,0.01,0.01,78571.92,1776897657000
1776897659.006,59.006,0.55,0.56,0.44,0.45,0.01,0.01,78571.92,1776897657000
1776897659.349,59.349,0.55,0.56,0.44,0.45,0.01,0.01,78572.2,1776897658000
1776897659.886,59.886,0.55,0.56,0.44,0.45,0.01,0.01,78572.21,1776897659000
1776897660.288,60.288,0.55,0.56,0.44,0.45,0.01,0.01,78572.21,1776897659000
1776897660.781,60.781,0.55,0.56,0.44,0.45,0.01,0.01,78572.21,1776897659000
1776897661.178,61.178,0.55,0.56,0.44,0.45,0.01,0.01,78572.34,1776897660000
1776897661.551,61.551,0.55,0.56,0.44,0.45,0.01,0.01,78572.34,1776897660000
1776897661.934,61.934,0.55,0.56,0.44,0.45,0.01,0.01,78573.0,1776897661000
1776897662.791,62.791,0.55,0.56,0.44,0.45,0.01,0.01,78573.0,1776897661000
1776897663.659,63.659,0.55,0.56,0.44,0.45,0.01,0.01,78572.83,1776897662000
1776897664.067,64.067,0.55,0.56,0.44,0.45,0.01,0.01,78572.83,1776897663000
1776897664.407,64.407,0.55,0.56,0.44,0.45,0.01,0.01,78572.83,1776897663000
1776897665.047,65.047,0.55,0.56,0.44,0.45,0.01,0.01,78572.83,1776897663000
1776897665.663,65.663,0.55,0.56,0.44,0.45,0.01,0.01,78572.83,1776897664000
1776897666.131,66.131,0.55,0.56,0.44,0.45,0.01,0.01,78572.8,1776897665000
1776897666.477,66.477,0.55,0.56,0.44,0.45,0.01,0.01,78572.8,1776897665000
1776897666.952,66.952,0.55,0.56,0.44,0.45,0.01,0.01,78572.8,1776897665000
1776897667.732,67.732,0.55,0.56,0.44,0.45,0.01,0.01,78571.87,1776897666000
1776897668.097,68.097,0.55,0.56,0.44,0.45,0.01,0.01,78571.87,1776897666000
1776897669.215,69.215,0.55,0.56,0.44,0.45,0.01,0.01,78571.87,1776897668000
1776897669.682,69.682,0.55,0.56,0.44,0.45,0.01,0.01,78571.87,1776897668000
1776897670.062,70.062,0.55,0.56,0.44,0.45,0.01,0.01,78571.87,1776897668000
1776897670.485,70.485,0.55,0.56,0.44,0.45,0.01,0.01,78571.87,1776897669000
1776897671.227,71.227,0.55,0.56,0.44,0.45,0.01,0.01,78572.08,1776897670000
1776897671.633,71.633,0.55,0.56,0.44,0.45,0.01,0.01,78572.08,1776897670000
1776897672.126,72.126,0.55,0.56,0.44,0.45,0.01,0.01,78572.08,1776897670000
1776897672.508,72.508,0.55,0.56,0.44,0.45,0.01,0.01,78572.08,1776897671000
1776897673.086,73.086,0.55,0.56,0.44,0.45,0.01,0.01,78571.92,1776897672000
1776897673.448,73.448,0.55,0.56,0.44,0.45,0.01,0.01,78571.92,1776897672000
1776897673.963,73.963,0.55,0.56,0.44,0.45,0.01,0.01,78571.92,1776897672000
1776897674.947,74.947,0.55,0.56,0.44,0.45,0.01,0.01,78571.92,1776897673000
1776897675.546,75.546,0.55,0.56,0.44,0.45,0.01,0.01,78571.16,1776897674000
1776897675.879,75.879,0.55,0.56,0.44,0.45,0.01,0.01,78571.16,1776897674000
1776897676.28,76.28,0.55,0.56,0.44,0.45,0.01,0.01,78571.04,1776897675000
1776897676.614,76.614,0.55,0.56,0.44,0.45,0.01,0.01,78571.04,1776897675000
1776897676.999,76.999,0.55,0.56,0.44,0.45,0.01,0.01,78570.98,1776897676000
1776897677.574,77.574,0.55,0.56,0.44,0.45,0.01,0.01,78570.98,1776897676000
1776897677.962,77.962,0.55,0.56,0.44,0.45,0.01,0.01,78569.89,1776897677000
1776897678.666,78.666,0.54,0.55,0.44,0.46,0.01,0.02,78569.89,1776897677000
1776897679.017,79.017,0.54,0.55,0.45,0.46,0.01,0.01,78569.89,1776897678000
1776897679.436,79.436,0.54,0.55,0.45,0.46,0.01,0.01,78569.89,1776897678000
1776897679.933,79.933,0.54,0.55,0.45,0.46,0.01,0.01,78569.89,1776897678000
1776897680.327,80.327,0.54,0.55,0.45,0.46,0.01,0.01,78569.89,1776897679000
1776897680.974,80.974,0.54,0.55,0.45,0.46,0.01,0.01,78570.09,1776897680000
1776897681.358,81.358,0.54,0.55,0.45,0.46,0.01,0.01,78570.09,1776897680000
1776897681.906,81.906,0.54,0.55,0.45,0.46,0.01,0.01,78570.09,1776897680000
1776897682.341,82.341,0.54,0.55,0.45,0.46,0.01,0.01,78570.09,1776897681000
1776897682.918,82.918,0.54,0.55,0.45,0.46,0.01,0.01,78570.09,1776897681000
1776897683.327,83.327,0.54,0.55,0.45,0.46,0.01,0.01,78570.09,1776897682000
1776897683.772,83.772,0.54,0.55,0.45,0.46,0.01,0.01,78570.09,1776897682000
1776897684.105,84.105,0.53,0.55,0.45,0.47,0.02,0.02,78570.09,1776897682000
1776897684.439,84.439,0.44,0.47,0.53,0.56,0.03,0.03,78570.08,1776897683000
1776897684.79,84.79,0.44,0.46,0.54,0.56,0.02,0.02,78570.08,1776897683000
1776897685.125,85.125,0.43,0.44,0.56,0.57,0.01,0.01,78570.08,1776897683000
1776897685.458,85.458,0.43,0.44,0.56,0.57,0.01,0.01,78570.08,1776897684000
1776897685.793,85.793,0.43,0.44,0.56,0.57,0.01,0.01,78570.08,1776897684000
1776897686.318,86.318,0.43,0.44,0.56,0.57,0.01,0.01,78570.08,1776897684000
1776897686.736,86.736,0.43,0.44,0.56,0.57,0.01,0.01,78562.31,1776897685000
1776897687.174,87.174,0.43,0.44,0.56,0.57,0.01,0.01,78562.31,1776897685000
1776897687.788,87.788,0.43,0.44,0.56,0.57,0.01,0.01,78559.32,1776897686000
1776897688.187,88.187,0.43,0.44,0.56,0.57,0.01,0.01,78559.32,1776897686000
1776897688.624,88.624,0.43,0.44,0.56,0.57,0.01,0.01,78558.14,1776897687000
1776897689.076,89.076,0.43,0.44,0.56,0.57,0.01,0.01,78558.14,1776897687000
1776897689.438,89.438,0.43,0.44,0.56,0.57,0.01,0.01,78558.14,1776897688000
1776897689.799,89.799,0.41,0.44,0.56,0.59,0.03,0.03,78558.14,1776897688000
1776897690.181,90.181,0.41,0.44,0.56,0.59,0.03,0.03,78558.14,1776897688000
1776897690.515,90.515,0.4,0.43,0.57,0.6,0.03,0.03,78558.14,1776897689000
1776897690.857,90.857,0.4,0.43,0.57,0.6,0.03,0.03,78558.14,1776897689000
1776897691.206,91.206,0.4,0.43,0.57,0.6,0.03,0.03,78558.14,1776897689000
1776897691.574,91.574,0.4,0.41,0.59,0.6,0.01,0.01,78557.6,1776897690000
1776897691.972,91.972,0.4,0.41,0.59,0.6,0.01,0.01,78557.6,1776897690000
1776897692.349,92.349,0.4,0.41,0.59,0.6,0.01,0.01,78555.79,1776897691000
1776897692.958,92.958,0.4,0.41,0.59,0.6,0.01,0.01,78555.79,1776897691000
1776897693.307,93.307,0.4,0.41,0.59,0.6,0.01,0.01,78554.97,1776897692000
1776897693.749,93.749,0.42,0.43,0.57,0.58,0.01,0.01,78554.97,1776897692000
1776897694.417,94.417,0.43,0.44,0.56,0.57,0.01,0.01,78555.53,1776897693000
1776897694.785,94.785,0.43,0.44,0.56,0.57,0.01,0.01,78555.53,1776897693000
1776897695.223,95.223,0.44,0.45,0.56,0.57,0.01,0.01,78555.74,1776897694000
1776897695.67,95.67,0.44,0.45,0.55,0.56,0.01,0.01,78555.74,1776897694000
1776897696.072,96.072,0.44,0.45,0.55,0.56,0.01,0.01,78555.74,1776897694000
1776897696.471,96.471,0.44,0.45,0.55,0.56,0.01,0.01,78556.7,1776897695000
1776897696.856,96.856,0.44,0.45,0.55,0.56,0.01,0.01,78556.7,1776897695000
1776897697.332,97.332,0.44,0.45,0.55,0.56,0.01,0.01,78556.77,1776897696000
1776897697.758,97.758,0.44,0.45,0.55,0.56,0.01,0.01,78556.77,1776897696000
1776897698.145,98.145,0.44,0.45,0.55,0.56,0.01,0.01,78556.78,1776897697000
1776897698.804,98.804,0.44,0.45,0.55,0.56,0.01,0.01,78556.78,1776897697000
1776897699.224,99.224,0.44,0.45,0.55,0.56,0.01,0.01,78556.78,1776897698000
1776897700.076,100.076,0.44,0.45,0.55,0.56,0.01,0.01,78556.78,1776897698000
1776897700.569,100.569,0.44,0.45,0.55,0.56,0.01,0.01,78556.78,1776897698000
1776897700.909,100.909,0.44,0.45,0.55,0.56,0.01,0.01,78556.78,1776897698000
1776897701.472,101.472,0.44,0.45,0.55,0.56,0.01,0.01,78556.94,1776897699000
1776897701.862,101.862,0.43,0.44,0.55,0.57,0.01,0.02,78556.91,1776897700000
1776897702.337,102.337,0.43,0.44,0.56,0.57,0.01,0.01,78556.91,1776897701000
1776897702.902,102.902,0.43,0.44,0.56,0.57,0.01,0.01,78556.91,1776897701000
1776897703.388,103.388,0.43,0.44,0.56,0.57,0.01,0.01,78556.93,1776897702000
1776897703.77,103.77,0.43,0.44,0.56,0.57,0.01,0.01,78556.93,1776897702000
1776897704.109,104.109,0.43,0.44,0.56,0.57,0.01,0.01,78556.93,1776897702000
1776897704.709,104.709,0.43,0.44,0.56,0.57,0.01,0.01,78557.09,1776897703000
1776897705.16,105.16,0.43,0.44,0.56,0.57,0.01,0.01,78557.09,1776897704000
1776897705.494,105.494,0.43,0.44,0.56,0.57,0.01,0.01,78557.09,1776897704000
1776897705.885,105.885,0.43,0.44,0.56,0.57,0.01,0.01,78557.09,1776897704000
1776897706.472,106.472,0.43,0.44,0.56,0.57,0.01,0.01,78557.06,1776897705000
1776897707.132,107.132,0.43,0.44,0.56,0.57,0.01,0.01,78557.09,1776897706000
1776897708.252,108.252,0.43,0.44,0.56,0.57,0.01,0.01,78557.21,1776897707000
1776897709.161,109.161,0.43,0.44,0.56,0.57,0.01,0.01,78557.21,1776897707000
1776897710.011,110.011,0.43,0.44,0.56,0.57,0.01,0.01,78556.92,1776897709000
1776897710.534,110.534,0.43,0.44,0.56,0.57,0.01,0.01,78556.92,1776897709000
1776897711.232,111.232,0.43,0.44,0.56,0.57,0.01,0.01,78556.92,1776897710000
1776897712.065,112.065,0.43,0.44,0.56,0.57,0.01,0.01,78556.92,1776897710000
1776897712.487,112.487,0.43,0.44,0.56,0.57,0.01,0.01,78556.93,1776897711000
1776897713.169,113.169,0.43,0.44,0.56,0.57,0.01,0.01,78556.93,1776897711000
1776897713.563,113.563,0.43,0.44,0.56,0.57,0.01,0.01,78556.93,1776897712000
1776897714.293,114.293,0.43,0.44,0.56,0.57,0.01,0.01,78556.93,1776897713000
1776897714.744,114.744,0.43,0.44,0.56,0.57,0.01,0.01,78556.93,1776897713000
1776897715.705,115.705,0.43,0.44,0.56,0.57,0.01,0.01,78558.98,1776897714000
1776897716.322,116.322,0.43,0.44,0.56,0.57,0.01,0.01,78559.9,1776897715000
1776897716.808,116.808,0.43,0.44,0.56,0.57,0.01,0.01,78559.9,1776897715000
1776897717.362,117.362,0.43,0.44,0.56,0.57,0.01,0.01,78559.9,1776897715000
1776897717.735,117.735,0.43,0.44,0.56,0.57,0.01,0.01,78559.94,1776897716000
1776897718.119,118.119,0.43,0.45,0.55,0.57,0.02,0.02,78559.94,1776897716000
1776897718.499,118.499,0.44,0.45,0.55,0.56,0.01,0.01,78559.94,1776897717000
1776897719.018,119.018,0.44,0.49,0.55,0.56,0.05,0.01,78559.94,1776897717000
1776897719.528,119.528,0.44,0.49,0.51,0.52,0.05,0.01,78560.48,1776897718000
1776897720.025,120.025,0.48,0.5,0.5,0.52,0.02,0.02,78562.41,1776897719000
1776897720.536,120.536,0.48,0.5,0.5,0.52,0.02,0.02,78562.41,1776897719000
1776897721.217,121.217,0.48,0.52,0.5,0.52,0.04,0.02,78562.41,1776897719000
1776897721.603,121.603,0.49,0.52,0.48,0.51,0.03,0.03,78562.69,1776897720000
1776897722.185,122.185,0.49,0.52,0.48,0.51,0.03,0.03,78562.69,1776897720000
1776897722.53,122.53,0.51,0.52,0.48,0.52,0.01,0.04,78563.23,1776897721000
1776897722.886,122.886,0.5,0.51,0.49,0.5,0.01,0.01,78563.23,1776897721000
1776897723.29,123.29,0.48,0.49,0.51,0.52,0.01,0.01,78563.23,1776897721000
1776897723.652,123.652,0.49,0.5,0.5,0.51,0.01,0.01,78563.23,1776897721000
1776897723.995,123.995,0.56,0.57,0.43,0.44,0.01,0.01,78564.14,1776897722000
1776897724.514,124.514,0.56,0.57,0.43,0.44,0.01,0.01,78564.23,1776897723000
1776897724.856,124.856,0.56,0.57,0.43,0.44,0.01,0.01,78564.23,1776897723000
1776897725.2,125.2,0.56,0.57,0.43,0.44,0.01,0.01,78564.24,1776897724000
1776897725.534,125.534,0.55,0.56,0.44,0.45,0.01,0.01,78564.24,1776897724000
1776897725.875,125.875,0.54,0.55,0.45,0.46,0.01,0.01,78564.24,1776897724000
1776897726.353,126.353,0.54,0.55,0.45,0.46,0.01,0.01,78564.24,1776897724000
1776897726.706,126.706,0.54,0.55,0.45,0.46,0.01,0.01,78566.45,1776897725000
1776897727.137,127.137,0.54,0.55,0.45,0.46,0.01,0.01,78566.45,1776897725000
1776897727.545,127.545,0.54,0.55,0.45,0.46,0.01,0.01,78566.45,1776897725000
1776897727.949,127.949,0.54,0.55,0.45,0.46,0.01,0.01,78566.82,1776897726000
1776897728.301,128.301,0.54,0.55,0.45,0.46,0.01,0.01,78567.32,1776897727000
1776897728.675,128.675,0.54,0.55,0.45,0.46,0.01,0.01,78567.32,1776897727000
1776897729.325,129.325,0.54,0.55,0.45,0.46,0.01,0.01,78567.32,1776897727000
1776897729.844,129.844,0.54,0.55,0.45,0.46,0.01,0.01,78566.65,1776897728000
1776897730.232,130.232,0.54,0.55,0.45,0.46,0.01,0.01,78567.21,1776897729000
1776897731.09,131.09,0.54,0.55,0.45,0.46,0.01,0.01,78567.21,1776897729000
1776897732.334,132.334,0.54,0.55,0.45,0.46,0.01,0.01,78567.23,1776897731000
1776897732.809,132.809,0.54,0.55,0.45,0.46,0.01,0.01,78567.23,1776897731000
1776897733.193,133.193,0.54,0.55,0.45,0.46,0.01,0.01,78567.23,1776897732000
1776897733.622,133.622,0.54,0.55,0.45,0.46,0.01,0.01,78567.23,1776897732000
1776897733.957,133.957,0.54,0.55,0.45,0.46,0.01,0.01,78567.23,1776897732000
1776897734.503,134.503,0.55,0.56,0.44,0.45,0.01,0.01,78566.43,1776897733000
1776897734.869,134.869,0.55,0.56,0.44,0.45,0.01,0.01,78566.43,1776897733000
1776897735.261,135.261,0.57,0.58,0.42,0.44,0.01,0.02,78565.99,1776897734000
1776897735.956,135.956,0.57,0.58,0.42,0.43,0.01,0.01,78565.99,1776897734000
1776897736.413,136.413,0.53,0.54,0.46,0.47,0.01,0.01,78567.57,1776897735000
1776897736.915,136.915,0.53,0.54,0.46,0.47,0.01,0.01,78567.57,1776897735000
1776897737.672,137.672,0.53,0.54,0.46,0.47,0.01,0.01,78569.43,1776897736000
1776897738.123,138.123,0.53,0.54,0.46,0.47,0.01,0.01,78569.88,1776897737000
1776897738.544,138.544,0.53,0.54,0.46,0.47,0.01,0.01,78569.88,1776897737000
1776897739.033,139.033,0.53,0.54,0.46,0.47,0.01,0.01,78570.31,1776897738000
1776897739.542,139.542,0.55,0.56,0.44,0.45,0.01,0.01,78570.31,1776897738000
1776897740.005,140.005,0.56,0.57,0.43,0.44,0.01,0.01,78570.31,1776897739000
1776897740.452,140.452,0.59,0.62,0.4,0.43,0.03,0.03,78570.31,1776897739000
1776897740.84,140.84,0.59,0.62,0.38,0.41,0.03,0.03,78570.31,1776897739000
1776897741.222,141.222,0.6,0.61,0.39,0.4,0.01,0.01,78570.31,1776897740000
1776897741.694,141.694,0.6,0.61,0.39,0.4,0.01,0.01,78570.31,1776897740000
1776897742.032,142.032,0.61,0.62,0.38,0.4,0.01,0.02,78574.75,1776897741000
1776897742.443,142.443,0.7,0.71,0.28,0.3,0.01,0.02,78574.75,1776897741000
1776897742.815,142.815,0.7,0.71,0.29,0.3,0.01,0.01,78574.75,1776897741000
1776897743.153,143.153,0.7,0.71,0.29,0.3,0.01,0.01,78580.78,1776897742000
1776897743.492,143.492,0.7,0.71,0.29,0.3,0.01,0.01,78580.78,1776897742000
1776897743.838,143.838,0.7,0.71,0.29,0.3,0.01,0.01,78580.78,1776897742000
1776897744.206,144.206,0.7,0.71,0.29,0.3,0.01,0.01,78586.29,1776897743000
1776897744.543,144.543,0.7,0.71,0.29,0.3,0.01,0.01,78586.29,1776897743000
1776897744.889,144.889,0.7,0.71,0.29,0.3,0.01,0.01,78586.29,1776897743000
1776897745.238,145.238,0.7,0.71,0.29,0.3,0.01,0.01,78586.29,1776897743000
1776897745.715,145.715,0.7,0.71,0.29,0.3,0.01,0.01,78587.01,1776897744000
1776897746.066,146.066,0.7,0.71,0.29,0.3,0.01,0.01,78587.01,1776897745000
1776897746.401,146.401,0.7,0.71,0.29,0.3,0.01,0.01,78587.01,1776897745000
1776897746.751,146.751,0.7,0.71,0.29,0.3,0.01,0.01,78587.01,1776897745000
1776897747.242,147.242,0.7,0.71,0.29,0.3,0.01,0.01,78587.01,1776897745000
1776897747.578,147.578,0.7,0.71,0.29,0.3,0.01,0.01,78588.25,1776897746000
1776897747.992,147.992,0.7,0.71,0.29,0.3,0.01,0.01,78588.25,1776897746000
1776897748.33,148.33,0.7,0.71,0.29,0.3,0.01,0.01,78588.25,1776897747000
1776897748.712,148.712,0.7,0.72,0.29,0.3,0.02,0.01,78588.25,1776897747000
1776897749.172,149.172,0.71,0.72,0.28,0.29,0.01,0.01,78588.25,1776897747000
1776897749.508,149.508,0.71,0.72,0.28,0.29,0.01,0.01,78587.7,1776897748000
1776897749.905,149.905,0.71,0.72,0.28,0.29,0.01,0.01,78587.7,1776897748000
1776897750.251,150.251,0.72,0.73,0.26,0.28,0.01,0.02,78587.7,1776897748000
1776897750.65,150.65,0.72,0.73,0.27,0.28,0.01,0.01,78587.7,1776897748000
1776897751.011,151.011,0.72,0.73,0.27,0.28,0.01,0.01,78586.9,1776897749000
1776897751.393,151.393,0.72,0.73,0.27,0.28,0.01,0.01,78586.9,1776897749000
1776897751.899,151.899,0.72,0.73,0.27,0.28,0.01,0.01,78586.9,1776897750000
1776897752.232,152.232,0.72,0.73,0.27,0.28,0.01,0.01,78587.26,1776897751000
1776897752.607,152.607,0.72,0.73,0.27,0.28,0.01,0.01,78587.26,1776897751000
1776897753.061,153.061,0.72,0.73,0.27,0.28,0.01,0.01,78587.26,1776897751000
1776897753.556,153.556,0.72,0.73,0.27,0.28,0.01,0.01,78588.26,1776897752000
1776897753.981,153.981,0.72,0.73,0.27,0.28,0.01,0.01,78588.26,1776897752000
1776897754.365,154.365,0.72,0.74,0.27,0.28,0.02,0.01,78588.26,1776897752000
1776897754.749,154.749,0.73,0.74,0.26,0.27,0.01,0.01,78588.55,1776897753000
1776897755.157,155.157,0.73,0.74,0.26,0.27,0.01,0.01,78588.55,1776897753000
1776897755.589,155.589,0.73,0.74,0.26,0.27,0.01,0.01,78588.8,1776897754000
1776897755.937,155.937,0.73,0.74,0.26,0.27,0.01,0.01,78588.8,1776897754000
1776897756.367,156.367,0.73,0.74,0.26,0.27,0.01,0.01,78588.8,1776897754000
1776897756.736,156.736,0.74,0.75,0.25,0.26,0.01,0.01,78588.91,1776897755000
1776897757.094,157.094,0.74,0.75,0.25,0.26,0.01,0.01,78588.91,1776897755000
1776897757.553,157.553,0.74,0.75,0.25,0.26,0.01,0.01,78588.91,1776897756000
1776897757.924,157.924,0.74,0.75,0.25,0.26,0.01,0.01,78588.91,1776897756000
1776897758.358,158.358,0.74,0.75,0.25,0.26,0.01,0.01,78588.91,1776897756000
1776897758.718,158.718,0.74,0.75,0.25,0.26,0.01,0.01,78590.9,1776897757000
1776897759.057,159.057,0.74,0.75,0.25,0.26,0.01,0.01,78591.2,1776897758000
1776897759.538,159.538,0.74,0.76,0.25,0.26,0.02,0.01,78591.2,1776897758000
1776897760.027,160.027,0.75,0.76,0.24,0.26,0.01,0.02,78591.2,1776897758000
1776897760.542,160.542,0.75,0.76,0.24,0.25,0.01,0.01,78591.17,1776897759000
1776897761.095,161.095,0.75,0.76,0.24,0.25,0.01,0.01,78591.17,1776897759000
1776897761.56,161.56,0.75,0.76,0.24,0.25,0.01,0.01,78591.48,1776897760000
1776897762.046,162.046,0.75,0.76,0.24,0.25,0.01,0.01,78591.48,1776897760000
1776897762.408,162.408,0.75,0.76,0.24,0.25,0.01,0.01,78591.48,1776897760000
1776897762.844,162.844,0.75,0.76,0.24,0.25,0.01,0.01,78591.48,1776897760000
1776897763.362,163.362,0.75,0.76,0.24,0.25,0.01,0.01,78591.61,1776897761000
1776897763.885,163.885,0.75,0.76,0.24,0.25,0.01,0.01,78591.33,1776897762000
1776897764.219,164.219,0.75,0.76,0.24,0.25,0.01,0.01,78591.27,1776897763000
1776897764.578,164.578,0.75,0.76,0.24,0.25,0.01,0.01,78591.27,1776897763000
1776897765.03,165.03,0.75,0.76,0.24,0.25,0.01,0.01,78591.27,1776897763000
1776897765.39,165.39,0.75,0.76,0.24,0.25,0.01,0.01,78591.27,1776897763000
1776897765.761,165.761,0.75,0.76,0.24,0.25,0.01,0.01,78591.75,1776897764000
1776897766.165,166.165,0.75,0.76,0.24,0.25,0.01,0.01,78591.75,1776897764000
1776897766.521,166.521,0.75,0.76,0.24,0.25,0.01,0.01,78591.75,1776897764000
1776897766.863,166.863,0.75,0.76,0.24,0.25,0.01,0.01,78591.75,1776897765000
1776897767.225,167.225,0.75,0.76,0.24,0.25,0.01,0.01,78591.75,1776897765000
1776897767.732,167.732,0.75,0.76,0.24,0.25,0.01,0.01,78591.75,1776897766000
1776897768.152,168.152,0.75,0.76,0.24,0.25,0.01,0.01,78591.75,1776897766000
1776897768.583,168.583,0.75,0.76,0.24,0.25,0.01,0.01,78591.75,1776897767000
1776897769.091,169.091,0.75,0.76,0.24,0.25,0.01,0.01,78591.75,1776897767000
1776897769.429,169.429,0.75,0.76,0.24,0.25,0.01,0.01,78591.75,1776897767000
1776897770.024,170.024,0.75,0.76,0.24,0.25,0.01,0.01,78591.92,1776897768000
1776897770.365,170.365,0.75,0.76,0.24,0.25,0.01,0.01,78591.92,1776897768000
1776897770.898,170.898,0.75,0.76,0.24,0.25,0.01,0.01,78591.58,1776897769000
1776897771.37,171.37,0.75,0.76,0.24,0.25,0.01,0.01,78591.58,1776897770000
1776897771.897,171.897,0.76,0.77,0.23,0.24,0.01,0.01,78591.58,1776897770000
1776897772.468,172.468,0.76,0.77,0.23,0.24,0.01,0.01,78591.58,1776897770000
1776897772.834,172.834,0.76,0.77,0.23,0.24,0.01,0.01,78591.62,1776897771000
1776897773.168,173.168,0.76,0.77,0.23,0.24,0.01,0.01,78591.62,1776897771000
1776897773.524,173.524,0.76,0.77,0.23,0.24,0.01,0.01,78591.59,1776897772000
1776897774.054,174.054,0.76,0.77,0.23,0.24,0.01,0.01,78591.59,1776897772000
1776897774.727,174.727,0.76,0.77,0.23,0.24,0.01,0.01,78592.28,1776897773000
1776897775.18,175.18,0.76,0.77,0.23,0.24,0.01,0.01,78592.28,1776897773000
1776897775.859,175.859,0.77,0.78,0.22,0.24,0.01,0.02,78592.28,1776897774000
1776897776.373,176.373,0.77,0.78,0.22,0.23,0.01,0.01,78592.28,1776897774000
1776897776.715,176.715,0.77,0.78,0.22,0.23,0.01,0.01,78592.28,1776897775000
1776897777.427,177.427,0.77,0.78,0.22,0.23,0.01,0.01,78592.28,1776897776000
1776897777.956,177.956,0.76,0.77,0.23,0.24,0.01,0.01,78592.28,1776897776000
1776897778.29,178.29,0.76,0.77,0.23,0.24,0.01,0.01,78592.57,1776897777000
1776897778.704,178.704,0.76,0.77,0.23,0.24,0.01,0.01,78592.57,1776897777000
1776897779.159,179.159,0.76,0.77,0.23,0.24,0.01,0.01,78592.57,1776897777000
1776897779.538,179.538,0.76,0.77,0.23,0.24,0.01,0.01,78591.79,1776897778000
1776897779.999,179.999,0.76,0.77,0.23,0.24,0.01,0.01,78591.79,1776897778000
1776897780.513,180.513,0.76,0.77,0.23,0.24,0.01,0.01,78591.79,1776897778000
1776897780.868,180.868,0.76,0.77,0.23,0.24,0.01,0.01,78591.77,1776897779000
1776897781.224,181.224,0.76,0.77,0.23,0.24,0.01,0.01,78591.77,1776897779000
1776897781.601,181.601,0.76,0.77,0.23,0.24,0.01,0.01,78591.77,1776897779000
1776897782.087,182.087,0.76,0.77,0.23,0.24,0.01,0.01,78591.84,1776897780000
1776897782.709,182.709,0.76,0.77,0.23,0.24,0.01,0.01,78591.84,1776897781000
1776897783.61,183.61,0.76,0.77,0.23,0.24,0.01,0.01,78591.84,1776897782000
1776897783.963,183.963,0.62,0.69,0.31,0.38,0.07,0.07,78591.84,1776897782000
1776897784.354,184.354,0.64,0.65,0.35,0.36,0.01,0.01,78591.84,1776897783000
1776897784.718,184.718,0.64,0.65,0.35,0.36,0.01,0.01,78591.84,1776897783000
1776897785.073,185.073,0.63,0.64,0.36,0.37,0.01,0.01,78591.84,1776897783000
1776897785.406,185.406,0.63,0.64,0.36,0.37,0.01,0.01,78591.84,1776897783000
1776897785.757,185.757,0.63,0.64,0.36,0.37,0.01,0.01,78591.84,1776897783000
1776897786.12,186.12,0.63,0.64,0.36,0.37,0.01,0.01,78589.84,1776897784000
1776897786.455,186.455,0.63,0.64,0.36,0.37,0.01,0.01,78589.84,1776897784000
1776897786.93,186.93,0.48,0.5,0.5,0.52,0.02,0.02,78583.96,1776897785000
1776897787.279,187.279,0.49,0.5,0.5,0.51,0.01,0.01,78583.96,1776897785000
1776897787.619,187.619,0.49,0.5,0.5,0.51,0.01,0.01,78581.53,1776897786000
1776897788.063,188.063,0.49,0.5,0.5,0.51,0.01,0.01,78581.53,1776897786000
1776897788.4,188.4,0.49,0.5,0.5,0.51,0.01,0.01,78580.05,1776897787000
1776897788.759,188.759,0.49,0.5,0.5,0.51,0.01,0.01,78580.05,1776897787000
1776897789.243,189.243,0.49,0.5,0.5,0.51,0.01,0.01,78580.05,1776897787000
1776897789.622,189.622,0.49,0.5,0.5,0.51,0.01,0.01,78570.29,1776897788000
1776897789.974,189.974,0.49,0.5,0.5,0.51,0.01,0.01,78570.29,1776897788000
1776897790.361,190.361,0.49,0.5,0.5,0.51,0.01,0.01,78569.4,1776897789000
1776897790.791,190.791,0.49,0.51,0.5,0.51,0.02,0.01,78569.4,1776897789000
1776897791.125,191.125,0.5,0.51,0.49,0.5,0.01,0.01,78568.56,1776897790000
1776897791.479,191.479,0.5,0.51,0.49,0.5,0.01,0.01,78568.56,1776897790000
1776897792.237,192.237,0.5,0.51,0.49,0.5,0.01,0.01,78568.56,1776897790000
1776897792.743,192.743,0.5,0.51,0.49,0.5,0.01,0.01,78568.71,1776897791000
1776897793.133,193.133,0.49,0.5,0.5,0.51,0.01,0.01,78568.71,1776897791000
1776897793.562,193.562,0.49,0.5,0.5,0.51,0.01,0.01,78568.71,1776897791000
1776897793.915,193.915,0.49,0.5,0.5,0.51,0.01,0.01,78568.71,1776897792000
1776897794.579,194.579,0.49,0.5,0.5,0.51,0.01,0.01,78568.71,1776897792000
1776897794.991,194.991,0.49,0.5,0.5,0.51,0.01,0.01,78569.24,1776897793000
1776897795.42,195.42,0.5,0.51,0.5,0.51,0.01,0.01,78569.24,1776897793000
1776897795.829,195.829,0.5,0.51,0.49,0.5,0.01,0.01,78569.24,1776897793000
1776897796.371,196.371,0.5,0.51,0.49,0.5,0.01,0.01,78568.42,1776897794000
1776897796.828,196.828,0.5,0.51,0.49,0.5,0.01,0.01,78569.21,1776897795000
1776897797.178,197.178,0.5,0.51,0.49,0.5,0.01,0.01,78569.21,1776897795000
1776897797.608,197.608,0.5,0.51,0.49,0.5,0.01,0.01,78569.22,1776897796000
1776897798.02,198.02,0.5,0.51,0.49,0.5,0.01,0.01,78569.22,1776897796000
1776897798.37,198.37,0.5,0.51,0.49,0.5,0.01,0.01,78569.29,1776897797000
1776897798.725,198.725,0.5,0.51,0.49,0.5,0.01,0.01,78569.29,1776897797000
1776897799.182,199.182,0.5,0.51,0.49,0.5,0.01,0.01,78569.32,1776897798000
1776897799.611,199.611,0.51,0.52,0.48,0.5,0.01,0.02,78569.32,1776897798000
1776897800.095,200.095,0.51,0.52,0.48,0.49,0.01,0.01,78569.32,1776897798000
1776897800.679,200.679,0.51,0.52,0.48,0.49,0.01,0.01,78569.33,1776897799000
1776897801.242,201.242,0.52,0.53,0.47,0.48,0.01,0.01,78569.33,1776897799000
1776897801.619,201.619,0.52,0.53,0.47,0.48,0.01,0.01,78569.33,1776897799000
1776897802.042,202.042,0.52,0.53,0.47,0.48,0.01,0.01,78569.08,1776897801000
1776897802.393,202.393,0.52,0.53,0.47,0.48,0.01,0.01,78569.08,1776897801000
1776897802.8,202.8,0.52,0.53,0.47,0.48,0.01,0.01,78569.08,1776897801000
1776897803.246,203.246,0.52,0.53,0.47,0.48,0.01,0.01,78569.5,1776897802000
1776897803.598,203.598,0.52,0.53,0.47,0.48,0.01,0.01,78569.5,1776897802000
1776897804.038,204.038,0.51,0.52,0.48,0.49,0.01,0.01,78569.5,1776897802000
1776897805.114,205.114,0.51,0.52,0.48,0.49,0.01,0.01,78570.19,1776897804000
1776897805.536,205.536,0.51,0.52,0.48,0.49,0.01,0.01,78570.19,1776897804000
1776897806.156,206.156,0.51,0.52,0.48,0.49,0.01,0.01,78570.19,1776897804000
1776897806.564,206.564,0.51,0.52,0.48,0.49,0.01,0.01,78570.0,1776897805000
1776897807.248,207.248,0.51,0.52,0.48,0.49,0.01,0.01,78569.63,1776897806000
1776897807.583,207.583,0.51,0.52,0.48,0.49,0.01,0.01,78569.63,1776897806000
1776897808.133,208.133,0.51,0.52,0.48,0.49,0.01,0.01,78569.63,1776897807000
1776897809.056,209.056,0.51,0.52,0.48,0.49,0.01,0.01,78569.64,1776897808000
1776897809.697,209.697,0.51,0.52,0.48,0.49,0.01,0.01,78569.64,1776897808000
1776897810.083,210.083,0.54,0.55,0.45,0.46,0.01,0.01,78569.65,1776897809000
1776897810.925,210.925,0.54,0.55,0.45,0.46,0.01,0.01,78569.65,1776897809000
1776897811.327,211.327,0.54,0.55,0.45,0.46,0.01,0.01,78569.65,1776897810000
1776897811.765,211.765,0.54,0.55,0.45,0.46,0.01,0.01,78569.65,1776897810000
1776897812.285,212.285,0.55,0.56,0.45,0.46,0.01,0.01,78569.99,1776897811000
1776897813.017,213.017,0.55,0.56,0.44,0.45,0.01,0.01,78570.11,1776897812000
1776897813.823,213.823,0.55,0.56,0.44,0.45,0.01,0.01,78570.11,1776897812000
1776897814.813,214.813,0.55,0.56,0.44,0.45,0.01,0.01,78570.11,1776897813000
1776897815.261,215.261,0.55,0.56,0.44,0.45,0.01,0.01,78570.08,1776897814000
1776897815.718,215.718,0.54,0.55,0.45,0.46,0.01,0.01,78570.08,1776897814000
1776897816.324,216.324,0.53,0.54,0.46,0.47,0.01,0.01,78570.39,1776897815000
1776897816.986,216.986,0.53,0.54,0.46,0.47,0.01,0.01,78570.39,1776897815000
1776897817.817,217.817,0.54,0.55,0.46,0.47,0.01,0.01,78570.72,1776897816000
1776897818.209,218.209,0.54,0.55,0.45,0.46,0.01,0.01,78570.34,1776897817000
1776897818.818,218.818,0.54,0.55,0.45,0.46,0.01,0.01,78570.34,1776897817000
1776897819.168,219.168,0.52,0.53,0.45,0.48,0.01,0.03,78570.34,1776897817000
1776897819.744,219.744,0.51,0.52,0.48,0.49,0.01,0.01,78570.32,1776897818000
1776897820.12,220.12,0.51,0.52,0.48,0.49,0.01,0.01,78570.38,1776897819000
1776897820.512,220.512,0.51,0.52,0.48,0.49,0.01,0.01,78570.38,1776897819000
1776897820.872,220.872,0.47,0.48,0.52,0.53,0.01,0.01,78570.38,1776897819000
1776897821.222,221.222,0.47,0.48,0.52,0.53,0.01,0.01,78570.31,1776897820000
1776897821.982,221.982,0.47,0.48,0.52,0.53,0.01,0.01,78570.31,1776897820000
1776897822.454,222.454,0.47,0.48,0.52,0.53,0.01,0.01,78570.31,1776897820000
1776897822.869,222.869,0.47,0.48,0.52,0.53,0.01,0.01,78568.16,1776897822000
1776897823.202,223.202,0.47,0.48,0.52,0.53,0.01,0.01,78568.16,1776897822000
1776897823.671,223.671,0.47,0.48,0.52,0.53,0.01,0.01,78568.16,1776897822000
1776897824.006,224.006,0.47,0.48,0.52,0.53,0.01,0.01,78568.16,1776897822000
1776897824.408,224.408,0.47,0.48,0.52,0.53,0.01,0.01,78568.1,1776897823000
1776897824.889,224.889,0.43,0.48,0.52,0.53,0.05,0.01,78568.1,1776897823000
1776897825.246,225.246,0.46,0.47,0.53,0.54,0.01,0.01,78568.1,1776897824000
1776897825.783,225.783,0.46,0.47,0.53,0.54,0.01,0.01,78568.1,1776897824000
1776897826.247,226.247,0.46,0.47,0.53,0.54,0.01,0.01,78568.04,1776897825000
1776897827.064,227.064,0.46,0.47,0.53,0.54,0.01,0.01,78568.04,1776897826000
1776897827.472,227.472,0.46,0.47,0.53,0.54,0.01,0.01,78568.04,1776897826000
1776897827.953,227.953,0.46,0.47,0.53,0.54,0.01,0.01,78568.03,1776897827000
1776897828.407,228.407,0.46,0.47,0.53,0.54,0.01,0.01,78568.03,1776897827000
1776897829.234,229.234,0.46,0.47,0.53,0.54,0.01,0.01,78568.03,1776897828000
1776897829.652,229.652,0.46,0.47,0.53,0.54,0.01,0.01,78568.03,1776897828000
1776897830.077,230.077,0.45,0.47,0.53,0.54,0.02,0.01,78568.03,1776897828000
1776897830.65,230.65,0.45,0.46,0.53,0.55,0.01,0.02,78567.99,1776897829000
1776897831.076,231.076,0.43,0.44,0.56,0.57,0.01,0.01,78567.74,1776897830000
1776897831.633,231.633,0.43,0.44,0.56,0.57,0.01,0.01,78567.74,1776897830000
1776897832.034,232.034,0.43,0.44,0.56,0.57,0.01,0.01,78567.74,1776897830000
1776897832.621,232.621,0.43,0.44,0.56,0.57,0.01,0.01,78566.97,1776897831000
1776897833.045,233.045,0.43,0.44,0.56,0.57,0.01,0.01,78566.67,1776897832000
1776897833.449,233.449,0.43,0.44,0.56,0.57,0.01,0.01,78566.67,1776897832000
1776897833.976,233.976,0.43,0.44,0.56,0.57,0.01,0.01,78566.67,1776897833000
1776897834.418,234.418,0.43,0.44,0.56,0.57,0.01,0.01,78566.67,1776897833000
1776897834.762,234.762,0.43,0.44,0.56,0.57,0.01,0.01,78566.67,1776897833000
1776897835.211,235.211,0.43,0.44,0.56,0.57,0.01,0.01,78566.55,1776897834000
1776897835.898,235.898,0.43,0.44,0.56,0.57,0.01,0.01,78566.55,1776897835000
1776897836.245,236.245,0.44,0.45,0.56,0.57,0.01,0.01,78566.55,1776897835000
1776897836.581,236.581,0.48,0.49,0.51,0.55,0.01,0.04,78566.55,1776897835000
1776897836.917,236.917,0.48,0.49,0.51,0.52,0.01,0.01,78566.54,1776897836000
1776897837.278,237.278,0.48,0.49,0.51,0.52,0.01,0.01,78566.54,1776897836000
1776897837.923,237.923,0.48,0.49,0.51,0.52,0.01,0.01,78566.62,1776897837000
1776897838.408,238.408,0.47,0.48,0.52,0.53,0.01,0.01,78566.62,1776897837000
1776897838.892,238.892,0.47,0.48,0.52,0.53,0.01,0.01,78566.9,1776897838000
1776897839.39,239.39,0.47,0.48,0.52,0.53,0.01,0.01,78566.9,1776897838000
1776897839.929,239.929,0.47,0.48,0.52,0.53,0.01,0.01,78566.9,1776897839000
1776897840.473,240.473,0.47,0.48,0.52,0.53,0.01,0.01,78566.9,1776897839000
1776897840.914,240.914,0.47,0.48,0.52,0.53,0.01,0.01,78566.9,1776897839000
1776897841.472,241.472,0.47,0.48,0.52,0.53,0.01,0.01,78566.81,1776897840000
1776897841.961,241.961,0.47,0.48,0.52,0.53,0.01,0.01,78566.81,1776897841000
1776897842.34,242.34,0.47,0.48,0.52,0.53,0.01,0.01,78566.81,1776897841000
1776897842.75,242.75,0.47,0.48,0.52,0.53,0.01,0.01,78566.81,1776897841000
1776897843.102,243.102,0.47,0.48,0.52,0.53,0.01,0.01,78566.81,1776897842000
1776897843.614,243.614,0.47,0.48,0.52,0.53,0.01,0.01,78566.81,1776897842000
1776897844.026,244.026,0.47,0.48,0.52,0.53,0.01,0.01,78566.81,1776897843000
1776897844.622,244.622,0.47,0.48,0.52,0.53,0.01,0.01,78566.81,1776897843000
1776897845.121,245.121,0.47,0.48,0.52,0.53,0.01,0.01,78566.81,1776897843000
1776897845.468,245.468,0.47,0.48,0.52,0.53,0.01,0.01,78566.88,1776897844000
1776897846.022,246.022,0.47,0.48,0.52,0.53,0.01,0.01,78566.88,1776897844000
1776897846.618,246.618,0.47,0.48,0.52,0.53,0.01,0.01,78567.15,1776897845000
1776897847.155,247.155,0.47,0.48,0.52,0.53,0.01,0.01,78567.26,1776897846000
1776897847.733,247.733,0.47,0.48,0.52,0.53,0.01,0.01,78567.26,1776897846000
1776897848.317,248.317,0.47,0.48,0.52,0.53,0.01,0.01,78567.26,1776897846000
1776897848.758,248.758,0.47,0.48,0.52,0.53,0.01,0.01,78567.26,1776897847000
1776897849.118,249.118,0.41,0.46,0.52,0.54,0.05,0.02,78567.26,1776897848000
1776897849.636,249.636,0.4,0.41,0.59,0.6,0.01,0.01,78567.26,1776897848000
1776897849.991,249.991,0.38,0.39,0.61,0.62,0.01,0.01,78567.26,1776897849000
1776897850.367,250.367,0.37,0.38,0.62,0.63,0.01,0.01,78567.26,1776897849000
1776897850.702,250.702,0.37,0.38,0.62,0.63,0.01,0.01,78567.26,1776897849000
1776897851.045,251.045,0.37,0.38,0.62,0.63,0.01,0.01,78567.26,1776897849000
1776897851.378,251.378,0.37,0.38,0.62,0.63,0.01,0.01,78567.17,1776897850000
1776897851.818,251.818,0.37,0.38,0.62,0.63,0.01,0.01,78567.17,1776897850000
1776897852.173,252.173,0.37,0.38,0.62,0.63,0.01,0.01,78567.17,1776897850000
1776897852.597,252.597,0.37,0.38,0.62,0.63,0.01,0.01,78565.03,1776897851000
1776897853.133,253.133,0.37,0.38,0.62,0.63,0.01,0.01,78565.03,1776897851000
1776897853.541,253.541,0.37,0.38,0.62,0.63,0.01,0.01,78564.57,1776897852000
1776897853.935,253.935,0.37,0.39,0.62,0.63,0.02,0.01,78564.57,1776897852000
1776897854.378,254.378,0.37,0.38,0.62,0.63,0.01,0.01,78564.49,1776897853000
1776897854.761,254.761,0.37,0.38,0.62,0.63,0.01,0.01,78564.49,1776897853000
1776897855.293,255.293,0.37,0.38,0.62,0.63,0.01,0.01,78564.49,1776897853000
1776897855.741,255.741,0.37,0.38,0.62,0.63,0.01,0.01,78564.54,1776897854000
1776897856.092,256.092,0.37,0.38,0.62,0.63,0.01,0.01,78564.54,1776897855000
1776897856.429,256.429,0.36,0.38,0.62,0.63,0.02,0.01,78564.54,1776897855000
1776897856.785,256.785,0.23,0.25,0.75,0.77,0.02,0.02,78564.54,1776897855000
1776897857.169,257.169,0.19,0.22,0.78,0.86,0.03,0.08,78564.87,1776897856000
1776897857.517,257.517,0.22,0.23,0.77,0.78,0.01,0.01,78564.87,1776897856000
1776897857.931,257.931,0.2,0.23,0.77,0.8,0.03,0.03,78564.87,1776897856000
1776897858.301,258.301,0.22,0.23,0.77,0.78,0.01,0.01,78563.11,1776897857000
1776897858.636,258.636,0.16,0.17,0.83,0.84,0.01,0.01,78563.11,1776897857000
1776897859.04,259.04,0.16,0.17,0.83,0.84,0.01,0.01,78563.11,1776897857000
1776897859.376,259.376,0.16,0.17,0.83,0.84,0.01,0.01,78563.11,1776897857000
1776897859.718,259.718,0.16,0.17,0.83,0.84,0.01,0.01,78555.18,1776897858000
1776897860.086,260.086,0.16,0.17,0.83,0.84,0.01,0.01,78555.18,1776897858000
1776897860.559,260.559,0.16,0.17,0.83,0.84,0.01,0.01,78553.93,1776897859000
1776897861.135,261.135,0.16,0.17,0.83,0.84,0.01,0.01,78553.93,1776897859000
1776897861.477,261.477,0.16,0.17,0.83,0.84,0.01,0.01,78553.02,1776897860000
1776897861.816,261.816,0.16,0.17,0.83,0.84,0.01,0.01,78553.02,1776897860000
1776897862.227,262.227,0.16,0.17,0.83,0.84,0.01,0.01,78553.02,1776897860000
1776897862.601,262.601,0.16,0.17,0.83,0.84,0.01,0.01,78553.29,1776897861000
1776897862.973,262.973,0.16,0.17,0.83,0.84,0.01,0.01,78553.29,1776897862000
1776897863.314,263.314,0.16,0.17,0.83,0.84,0.01,0.01,78553.29,1776897862000
1776897863.745,263.745,0.14,0.17,0.83,0.84,0.03,0.01,78553.29,1776897862000
1776897864.498,264.498,0.1,0.12,0.88,0.9,0.02,0.02,78553.05,1776897863000
1776897865.085,265.085,0.11,0.12,0.88,0.9,0.01,0.02,78553.05,1776897863000
1776897865.584,265.584,0.11,0.13,0.88,0.89,0.02,0.01,78552.87,1776897864000
1776897865.92,265.92,0.1,0.11,0.89,0.9,0.01,0.01,78552.87,1776897864000
1776897866.279,266.279,0.09,0.11,0.89,0.9,0.02,0.01,78552.87,1776897864000
1776897866.612,266.612,0.08,0.12,0.88,0.92,0.04,0.04,78548.72,1776897865000
1776897867.079,267.079,0.06,0.07,0.93,0.94,0.01,0.01,78548.72,1776897865000
1776897867.441,267.441,0.06,0.07,0.93,0.94,0.01,0.01,78548.72,1776897865000
1776897867.801,267.801,0.05,0.06,0.94,0.95,0.01,0.01,78544.49,1776897866000
1776897868.227,268.227,0.05,0.06,0.94,0.95,0.01,0.01,78543.85,1776897867000
1776897868.562,268.562,0.06,0.07,0.93,0.94,0.01,0.01,78543.85,1776897867000
1776897868.899,268.899,0.06,0.07,0.93,0.94,0.01,0.01,78543.85,1776897867000
1776897869.24,269.24,0.06,0.07,0.93,0.94,0.01,0.01,78539.65,1776897868000
1776897869.591,269.591,0.06,0.07,0.93,0.94,0.01,0.01,78539.65,1776897868000
1776897869.943,269.943,0.06,0.07,0.93,0.94,0.01,0.01,78539.65,1776897868000
1776897870.298,270.298,0.03,0.06,0.93,0.94,0.03,0.01,78539.65,1776897868000
1776897870.641,270.641,0.03,0.05,0.93,0.97,0.02,0.04,78539.37,1776897869000
1776897870.975,270.975,0.03,0.05,0.96,0.97,0.02,0.01,78539.37,1776897869000
1776897871.332,271.332,0.04,0.05,0.95,0.96,0.01,0.01,78539.37,1776897869000
1776897871.766,271.766,0.03,0.04,0.96,0.97,0.01,0.01,78539.22,1776897870000
1776897872.142,272.142,0.03,0.04,0.96,0.97,0.01,0.01,78539.22,1776897871000
1776897872.646,272.646,0.03,0.05,0.95,0.97,0.02,0.02,78539.22,1776897871000
1776897873.034,273.034,0.03,0.07,0.95,0.97,0.04,0.02,78539.22,1776897871000
1776897873.443,273.443,0.03,0.07,0.93,0.97,0.04,0.04,78538.97,1776897872000
1776897873.825,273.825,0.04,0.06,0.95,0.97,0.02,0.02,78538.97,1776897872000
1776897874.244,274.244,0.03,0.06,0.94,0.95,0.03,0.01,78538.98,1776897873000
1776897874.674,274.674,0.04,0.05,0.95,0.97,0.01,0.02,78538.98,1776897873000
1776897875.029,275.029,0.04,0.05,0.95,0.96,0.01,0.01,78538.77,1776897874000
1776897875.38,275.38,0.05,0.06,0.94,0.95,0.01,0.01,78538.77,1776897874000
1776897875.765,275.765,0.05,0.06,0.94,0.95,0.01,0.01,78538.77,1776897874000
1776897876.142,276.142,0.05,0.06,0.94,0.95,0.01,0.01,78538.77,1776897875000
1776897876.542,276.542,0.05,0.06,0.94,0.95,0.01,0.01,78538.77,1776897875000
1776897876.881,276.881,0.05,0.06,0.94,0.95,0.01,0.01,78538.77,1776897875000
1776897877.592,277.592,0.05,0.06,0.94,0.95,0.01,0.01,78538.76,1776897876000
1776897877.931,277.931,0.05,0.06,0.94,0.95,0.01,0.01,78538.76,1776897876000
1776897878.289,278.289,0.05,0.06,0.94,0.95,0.01,0.01,78538.43,1776897877000
1776897878.726,278.726,0.03,0.04,0.95,0.96,0.01,0.01,78538.43,1776897877000
1776897879.081,279.081,0.02,0.03,0.97,0.98,0.01,0.01,78538.43,1776897877000
1776897879.502,279.502,0.02,0.03,0.97,0.98,0.01,0.01,78538.94,1776897878000
1776897879.945,279.945,0.02,0.03,0.97,0.98,0.01,0.01,78538.94,1776897878000
1776897880.291,280.291,0.02,0.03,0.97,0.98,0.01,0.01,78538.81,1776897879000
1776897880.693,280.693,0.02,0.03,0.97,0.98,0.01,0.01,78538.81,1776897879000
1776897881.117,281.117,0.02,0.03,0.97,0.98,0.01,0.01,78538.56,1776897880000
1776897881.503,281.503,0.02,0.03,0.97,0.98,0.01,0.01,78538.56,1776897880000
1776897882.006,282.006,0.02,0.03,0.97,0.98,0.01,0.01,78538.56,1776897880000
1776897882.418,282.418,0.02,0.03,0.97,0.98,0.01,0.01,78538.26,1776897881000
1776897882.831,282.831,0.02,0.03,0.97,0.98,0.01,0.01,78538.26,1776897881000
1776897883.217,283.217,0.02,0.03,0.97,0.98,0.01,0.01,78538.26,1776897882000
1776897883.607,283.607,0.02,0.03,0.97,0.98,0.01,0.01,78538.26,1776897882000
1776897884.022,284.022,0.02,0.03,0.97,0.98,0.01,0.01,78538.36,1776897883000
1776897884.356,284.356,0.02,0.03,0.97,0.98,0.01,0.01,78538.36,1776897883000
1776897884.86,284.86,0.01,0.02,0.98,0.99,0.01,0.01,78538.36,1776897883000
1776897885.199,285.199,0.01,0.02,0.98,0.99,0.01,0.01,78538.35,1776897884000
1776897885.54,285.54,0.01,0.02,0.97,0.99,0.01,0.02,78538.35,1776897884000
1776897885.968,285.968,0.01,0.03,0.97,0.98,0.02,0.01,78538.35,1776897884000
1776897886.32,286.32,0.01,0.02,0.98,0.99,0.01,0.01,78538.35,1776897884000
1776897886.946,286.946,0.01,0.03,0.98,0.99,0.02,0.01,78538.35,1776897885000
1776897887.421,287.421,0.01,0.02,0.97,0.98,0.01,0.01,78538.35,1776897886000
1776897887.761,287.761,0.01,0.02,0.98,0.99,0.01,0.01,78538.35,1776897886000
1776897888.11,288.11,0.01,0.02,0.98,0.99,0.01,0.01,78538.35,1776897886000
1776897888.47,288.47,0.01,0.02,0.98,0.99,0.01,0.01,78538.35,1776897886000
1776897888.96,288.96,0.01,0.01,0.99,0.99,0.0,0.0,78538.5,1776897887000
1776897889.372,289.372,0.01,0.01,0.99,0.99,0.0,0.0,78538.5,1776897887000
1776897889.735,289.735,0.01,0.01,0.99,0.99,0.0,0.0,78538.5,1776897888000
1776897890.336,290.336,0.01,0.01,0.99,0.99,0.0,0.0,78538.5,1776897888000
1776897891.058,291.058,0.01,0.01,0.99,0.99,0.0,0.0,78538.29,1776897889000
1776897891.415,291.415,0.01,0.01,0.99,0.99,0.0,0.0,78531.97,1776897890000
1776897892.042,292.042,0.01,0.01,0.99,0.99,0.0,0.0,78530.99,1776897891000
1776897893.348,293.348,0.01,0.01,0.99,0.99,0.0,0.0,78530.99,1776897891000
1776897893.95,293.95,0.01,0.01,0.99,0.99,0.0,0.0,78527.35,1776897892000
1776897894.603,294.603,0.01,0.01,0.99,0.99,0.0,0.0,78526.6,1776897893000
1776897895.546,295.546,0.01,0.01,0.99,0.99,0.0,0.0,78526.44,1776897894000
1776897896.024,296.024,0.01,0.01,0.99,0.99,0.0,0.0,78526.44,1776897894000
1776897896.795,296.795,0.01,0.01,0.99,0.99,0.0,0.0,78526.07,1776897895000
1776897897.72,297.72,0.01,0.01,0.99,0.99,0.0,0.0,78525.88,1776897896000
1776897898.504,298.504,0.01,0.01,0.99,0.99,0.0,0.0,78525.88,1776897896000
1776897898.958,298.958,0.01,0.01,0.99,0.99,0.0,0.0,78525.64,1776897897000
1776897899.432,299.432,0.01,0.01,0.99,0.99,0.0,0.0,78525.64,1776897898000
1776897900.044,300.044,0.01,0.01,0.99,0.99,0.0,0.0,78525.64,1776897898000
1776897900.628,300.628,0.01,0.01,0.99,0.99,0.0,0.0,78525.64,1776897899000

# RESULT,winner=Down,slug=btc-updown-5m-1776897600,ticks=654
