timestamp,elapsed_sec,up_bid,up_ask,down_bid,down_ask,up_spread,down_spread,btc_price,btc_oracle_ts
1777105800.959,0.959,0.49,0.5,0.5,0.51,0.01,0.01,77593.02,1777105799000
1777105801.417,1.417,0.49,0.5,0.5,0.51,0.01,0.01,77592.96,1777105800000
1777105802.15,2.15,0.49,0.5,0.5,0.51,0.01,0.01,77592.96,1777105801000
1777105802.762,2.762,0.49,0.5,0.5,0.51,0.01,0.01,77592.96,1777105801000
1777105803.202,3.202,0.49,0.5,0.5,0.51,0.01,0.01,77592.95,1777105802000
1777105803.793,3.793,0.49,0.5,0.5,0.51,0.01,0.01,77592.95,1777105802000
1777105804.142,4.142,0.57,0.62,0.38,0.43,0.05,0.05,77593.47,1777105803000
1777105804.521,4.521,0.62,0.63,0.37,0.38,0.01,0.01,77593.47,1777105803000
1777105804.922,4.922,0.65,0.66,0.35,0.37,0.01,0.02,77593.47,1777105803000
1777105805.295,5.295,0.66,0.67,0.33,0.34,0.01,0.01,77599.89,1777105804000
1777105805.664,5.664,0.67,0.69,0.32,0.34,0.02,0.02,77599.89,1777105804000
1777105806.002,6.002,0.67,0.68,0.32,0.33,0.01,0.01,77601.0,1777105805000
1777105806.436,6.436,0.67,0.68,0.32,0.33,0.01,0.01,77601.0,1777105805000
1777105806.816,6.816,0.67,0.68,0.32,0.33,0.01,0.01,77601.0,1777105805000
1777105807.295,7.295,0.67,0.68,0.32,0.33,0.01,0.01,77601.0,1777105806000
1777105807.752,7.752,0.67,0.68,0.32,0.33,0.01,0.01,77601.0,1777105806000
1777105808.103,8.103,0.67,0.68,0.32,0.33,0.01,0.01,77601.81,1777105807000
1777105808.593,8.593,0.67,0.68,0.3,0.33,0.01,0.03,77601.81,1777105807000
1777105809.005,9.005,0.67,0.68,0.32,0.33,0.01,0.01,77601.87,1777105808000
1777105809.348,9.348,0.67,0.68,0.32,0.33,0.01,0.01,77601.87,1777105808000
1777105809.978,9.978,0.67,0.68,0.32,0.33,0.01,0.01,77602.04,1777105809000
1777105810.332,10.332,0.68,0.69,0.31,0.32,0.01,0.01,77602.04,1777105809000
1777105810.78,10.78,0.72,0.73,0.27,0.28,0.01,0.01,77602.04,1777105809000
1777105811.161,11.161,0.72,0.73,0.27,0.28,0.01,0.01,77602.04,1777105809000
1777105811.523,11.523,0.73,0.74,0.26,0.28,0.01,0.02,77603.01,1777105810000
1777105811.923,11.923,0.73,0.74,0.26,0.27,0.01,0.01,77603.36,1777105811000
1777105812.324,12.324,0.73,0.74,0.26,0.27,0.01,0.01,77603.36,1777105811000
1777105812.681,12.681,0.73,0.74,0.26,0.27,0.01,0.01,77603.36,1777105811000
1777105813.102,13.102,0.75,0.76,0.24,0.25,0.01,0.01,77603.36,1777105811000
1777105813.443,13.443,0.75,0.76,0.24,0.25,0.01,0.01,77605.53,1777105812000
1777105814.462,14.462,0.77,0.78,0.22,0.23,0.01,0.01,77607.12,1777105813000
1777105814.957,14.957,0.77,0.78,0.22,0.23,0.01,0.01,77609.18,1777105814000
1777105815.301,15.301,0.75,0.78,0.22,0.25,0.03,0.03,77609.18,1777105814000
1777105815.645,15.645,0.75,0.78,0.22,0.25,0.03,0.03,77609.18,1777105814000
1777105816.017,16.017,0.77,0.79,0.21,0.23,0.02,0.02,77609.18,1777105814000
1777105816.374,16.374,0.77,0.79,0.21,0.24,0.02,0.03,77617.97,1777105815000
1777105816.728,16.728,0.77,0.79,0.21,0.23,0.02,0.02,77617.97,1777105815000
1777105817.062,17.062,0.81,0.83,0.17,0.19,0.02,0.02,77617.97,1777105815000
1777105817.459,17.459,0.82,0.83,0.17,0.18,0.01,0.01,77620.77,1777105816000
1777105817.916,17.916,0.84,0.85,0.16,0.18,0.01,0.02,77620.77,1777105816000
1777105818.271,18.271,0.84,0.85,0.15,0.16,0.01,0.01,77621.04,1777105817000
1777105818.66,18.66,0.84,0.85,0.15,0.16,0.01,0.01,77621.04,1777105817000
1777105819.11,19.11,0.84,0.85,0.15,0.16,0.01,0.01,77621.04,1777105817000
1777105819.451,19.451,0.84,0.85,0.15,0.16,0.01,0.01,77622.77,1777105818000
1777105819.965,19.965,0.84,0.85,0.15,0.16,0.01,0.01,77622.77,1777105818000
1777105820.304,20.304,0.84,0.85,0.15,0.16,0.01,0.01,77622.76,1777105819000
1777105820.731,20.731,0.84,0.85,0.15,0.16,0.01,0.01,77622.76,1777105819000
1777105821.071,21.071,0.84,0.85,0.15,0.16,0.01,0.01,77622.76,1777105819000
1777105821.429,21.429,0.84,0.85,0.15,0.16,0.01,0.01,77622.76,1777105819000
1777105822.023,22.023,0.84,0.85,0.15,0.16,0.01,0.01,77623.55,1777105820000
1777105822.383,22.383,0.84,0.85,0.15,0.16,0.01,0.01,77623.53,1777105821000
1777105822.953,22.953,0.84,0.85,0.15,0.17,0.01,0.02,77623.53,1777105821000
1777105823.445,23.445,0.84,0.85,0.15,0.16,0.01,0.01,77623.56,1777105822000
1777105823.973,23.973,0.83,0.84,0.16,0.17,0.01,0.01,77623.56,1777105822000
1777105824.309,24.309,0.83,0.84,0.16,0.17,0.01,0.01,77623.62,1777105823000
1777105824.83,24.83,0.83,0.84,0.16,0.17,0.01,0.01,77623.62,1777105823000
1777105825.966,25.966,0.82,0.84,0.16,0.17,0.02,0.01,77623.62,1777105823000
1777105826.343,26.343,0.82,0.83,0.17,0.18,0.01,0.01,77623.94,1777105825000
1777105826.751,26.751,0.82,0.83,0.17,0.18,0.01,0.01,77623.94,1777105825000
1777105827.141,27.141,0.82,0.83,0.17,0.18,0.01,0.01,77623.93,1777105826000
1777105827.541,27.541,0.81,0.83,0.17,0.18,0.02,0.01,77623.93,1777105826000
1777105828.243,28.243,0.82,0.83,0.17,0.18,0.01,0.01,77623.93,1777105827000
1777105828.656,28.656,0.82,0.83,0.17,0.18,0.01,0.01,77623.93,1777105827000
1777105829.213,29.213,0.82,0.83,0.17,0.18,0.01,0.01,77623.94,1777105828000
1777105829.669,29.669,0.82,0.83,0.17,0.18,0.01,0.01,77623.94,1777105828000
1777105830.287,30.287,0.82,0.83,0.17,0.19,0.01,0.02,77623.94,1777105828000
1777105830.786,30.786,0.82,0.83,0.17,0.21,0.01,0.04,77623.92,1777105829000
1777105831.382,31.382,0.82,0.83,0.17,0.18,0.01,0.01,77623.89,1777105830000
1777105831.809,31.809,0.8,0.81,0.19,0.2,0.01,0.01,77623.89,1777105830000
1777105832.227,32.227,0.8,0.81,0.19,0.2,0.01,0.01,77623.89,1777105831000
1777105832.599,32.599,0.76,0.8,0.2,0.24,0.04,0.04,77623.89,1777105831000
1777105832.961,32.961,0.77,0.78,0.22,0.23,0.01,0.01,77623.89,1777105831000
1777105833.318,33.318,0.76,0.77,0.23,0.24,0.01,0.01,77623.95,1777105832000
1777105833.679,33.679,0.75,0.76,0.23,0.24,0.01,0.01,77623.95,1777105832000
1777105834.019,34.019,0.75,0.76,0.24,0.25,0.01,0.01,77623.95,1777105832000
1777105834.36,34.36,0.74,0.75,0.25,0.26,0.01,0.01,77623.93,1777105833000
1777105834.71,34.71,0.73,0.74,0.26,0.27,0.01,0.01,77623.93,1777105833000
1777105835.216,35.216,0.73,0.74,0.26,0.27,0.01,0.01,77623.95,1777105834000
1777105835.691,35.691,0.73,0.74,0.26,0.27,0.01,0.01,77623.95,1777105834000
1777105836.158,36.158,0.73,0.74,0.26,0.27,0.01,0.01,77623.95,1777105834000
1777105836.535,36.535,0.73,0.74,0.26,0.27,0.01,0.01,77623.97,1777105835000
1777105836.933,36.933,0.72,0.74,0.26,0.27,0.02,0.01,77623.97,1777105835000
1777105837.36,37.36,0.73,0.76,0.24,0.27,0.03,0.03,77624.19,1777105836000
1777105837.872,37.872,0.72,0.76,0.24,0.28,0.04,0.04,77625.34,1777105837000
1777105838.207,38.207,0.74,0.75,0.25,0.26,0.01,0.01,77625.34,1777105837000
1777105838.729,38.729,0.75,0.76,0.24,0.25,0.01,0.01,77625.34,1777105837000
1777105839.124,39.124,0.75,0.77,0.23,0.25,0.02,0.02,77625.47,1777105838000
1777105839.543,39.543,0.76,0.77,0.23,0.24,0.01,0.01,77625.47,1777105838000
1777105839.883,39.883,0.76,0.77,0.23,0.24,0.01,0.01,77625.47,1777105838000
1777105840.257,40.257,0.76,0.77,0.23,0.25,0.01,0.02,77625.47,1777105838000
1777105840.649,40.649,0.75,0.78,0.22,0.25,0.03,0.03,77625.91,1777105839000
1777105840.994,40.994,0.78,0.8,0.21,0.23,0.02,0.02,77625.91,1777105839000
1777105841.36,41.36,0.76,0.77,0.23,0.25,0.01,0.02,77625.93,1777105840000
1777105841.724,41.724,0.74,0.76,0.24,0.26,0.02,0.02,77625.93,1777105840000
1777105842.257,42.257,0.75,0.76,0.24,0.25,0.01,0.01,77625.93,1777105840000
1777105842.732,42.732,0.74,0.76,0.24,0.25,0.02,0.01,77625.93,1777105841000
1777105843.277,43.277,0.75,0.76,0.24,0.25,0.01,0.01,77625.93,1777105841000
1777105843.678,43.678,0.75,0.76,0.24,0.25,0.01,0.01,77625.93,1777105842000
1777105844.123,44.123,0.75,0.76,0.24,0.25,0.01,0.01,77625.9,1777105843000
1777105844.555,44.555,0.75,0.77,0.23,0.25,0.02,0.02,77625.9,1777105843000
1777105845.225,45.225,0.76,0.77,0.21,0.24,0.01,0.03,77625.9,1777105843000
1777105845.701,45.701,0.76,0.77,0.23,0.24,0.01,0.01,77625.85,1777105844000
1777105846.151,46.151,0.76,0.77,0.23,0.24,0.01,0.01,77625.85,1777105844000
1777105846.535,46.535,0.76,0.77,0.23,0.24,0.01,0.01,77625.92,1777105845000
1777105847.023,47.023,0.76,0.77,0.23,0.24,0.01,0.01,77625.92,1777105845000
1777105847.424,47.424,0.73,0.74,0.23,0.28,0.01,0.05,77625.92,1777105846000
1777105847.84,47.84,0.74,0.75,0.26,0.27,0.01,0.01,77625.92,1777105846000
1777105848.441,48.441,0.74,0.75,0.25,0.26,0.01,0.01,77625.89,1777105847000
1777105848.858,48.858,0.76,0.77,0.23,0.26,0.01,0.03,77625.89,1777105847000
1777105849.314,49.314,0.75,0.76,0.24,0.25,0.01,0.01,77625.82,1777105848000
1777105849.658,49.658,0.75,0.76,0.24,0.25,0.01,0.01,77625.82,1777105848000
1777105850.005,50.005,0.75,0.76,0.24,0.25,0.01,0.01,77625.91,1777105849000
1777105850.643,50.643,0.74,0.75,0.25,0.26,0.01,0.01,77625.91,1777105849000
1777105851.009,51.009,0.7,0.75,0.25,0.26,0.05,0.01,77625.91,1777105849000
1777105851.428,51.428,0.74,0.75,0.25,0.26,0.01,0.01,77625.91,1777105850000
1777105851.876,51.876,0.74,0.75,0.25,0.26,0.01,0.01,77625.91,1777105850000
1777105852.264,52.264,0.74,0.75,0.25,0.26,0.01,0.01,77625.91,1777105850000
1777105852.62,52.62,0.71,0.72,0.27,0.29,0.01,0.02,77625.93,1777105851000
1777105853.295,53.295,0.75,0.76,0.27,0.28,0.01,0.01,77625.93,1777105851000
1777105853.655,53.655,0.63,0.77,0.24,0.25,0.14,0.01,77625.91,1777105852000
1777105854.199,54.199,0.76,0.77,0.23,0.24,0.01,0.01,77625.91,1777105853000
1777105854.55,54.55,0.66,0.67,0.33,0.7,0.01,0.37,77625.91,1777105853000
1777105854.891,54.891,0.66,0.67,0.33,0.34,0.01,0.01,77625.91,1777105853000
1777105855.228,55.228,0.58,0.68,0.32,0.4,0.1,0.08,77625.91,1777105853000
1777105855.575,55.575,0.64,0.65,0.35,0.36,0.01,0.01,77625.93,1777105854000
1777105855.911,55.911,0.64,0.65,0.35,0.36,0.01,0.01,77625.93,1777105854000
1777105856.259,56.259,0.64,0.67,0.35,0.36,0.03,0.01,77625.93,1777105854000
1777105856.833,56.833,0.67,0.68,0.32,0.34,0.01,0.02,77626.46,1777105855000
1777105857.186,57.186,0.67,0.68,0.32,0.33,0.01,0.01,77626.39,1777105856000
1777105857.53,57.53,0.67,0.68,0.32,0.33,0.01,0.01,77626.39,1777105856000
1777105858.151,58.151,0.65,0.68,0.32,0.35,0.03,0.03,77626.47,1777105857000
1777105858.523,58.523,0.66,0.67,0.32,0.34,0.01,0.02,77626.47,1777105857000
1777105859.06,59.06,0.66,0.67,0.33,0.34,0.01,0.01,77626.47,1777105857000
1777105859.456,59.456,0.65,0.66,0.34,0.35,0.01,0.01,77626.43,1777105858000
1777105860.004,60.004,0.65,0.66,0.34,0.35,0.01,0.01,77626.43,1777105858000
1777105860.361,60.361,0.65,0.66,0.34,0.35,0.01,0.01,77626.43,1777105858000
1777105860.733,60.733,0.65,0.66,0.34,0.35,0.01,0.01,77626.51,1777105859000
1777105861.067,61.067,0.65,0.66,0.34,0.35,0.01,0.01,77626.51,1777105859000
1777105861.403,61.403,0.69,0.7,0.3,0.31,0.01,0.01,77626.53,1777105860000
1777105861.884,61.884,0.73,0.74,0.26,0.42,0.01,0.16,77626.53,1777105860000
1777105862.217,62.217,0.72,0.73,0.27,0.28,0.01,0.01,77626.53,1777105861000
1777105862.559,62.559,0.7,0.71,0.29,0.3,0.01,0.01,77626.53,1777105861000
1777105862.947,62.947,0.7,0.71,0.29,0.3,0.01,0.01,77626.53,1777105861000
1777105863.293,63.293,0.7,0.71,0.29,0.3,0.01,0.01,77626.69,1777105862000
1777105863.775,63.775,0.72,0.73,0.27,0.29,0.01,0.02,77626.69,1777105862000
1777105864.576,64.576,0.72,0.73,0.27,0.28,0.01,0.01,77630.7,1777105863000
1777105864.969,64.969,0.72,0.73,0.27,0.28,0.01,0.01,77630.7,1777105863000
1777105865.423,65.423,0.72,0.73,0.27,0.28,0.01,0.01,77631.06,1777105864000
1777105865.833,65.833,0.75,0.77,0.23,0.25,0.02,0.02,77631.06,1777105864000
1777105866.298,66.298,0.75,0.79,0.21,0.25,0.04,0.04,77631.84,1777105865000
1777105866.734,66.734,0.75,0.79,0.21,0.25,0.04,0.04,77631.84,1777105865000
1777105867.22,67.22,0.75,0.78,0.22,0.23,0.03,0.01,77631.84,1777105865000
1777105867.72,67.72,0.78,0.79,0.21,0.22,0.01,0.01,77633.85,1777105866000
1777105868.286,68.286,0.77,0.78,0.22,0.23,0.01,0.01,77634.51,1777105867000
1777105868.683,68.683,0.77,0.78,0.22,0.23,0.01,0.01,77634.51,1777105867000
1777105869.144,69.144,0.77,0.78,0.22,0.23,0.01,0.01,77634.51,1777105867000
1777105869.526,69.526,0.74,0.75,0.26,0.27,0.01,0.01,77634.51,1777105867000
1777105869.878,69.878,0.77,0.78,0.22,0.26,0.01,0.04,77634.51,1777105867000
1777105870.222,70.222,0.77,0.78,0.22,0.23,0.01,0.01,77637.34,1777105868000
1777105870.626,70.626,0.77,0.78,0.22,0.23,0.01,0.01,77637.34,1777105868000
1777105870.995,70.995,0.79,0.8,0.2,0.21,0.01,0.01,77637.34,1777105868000
1777105871.423,71.423,0.79,0.8,0.2,0.21,0.01,0.01,77637.37,1777105869000
1777105871.835,71.835,0.76,0.77,0.22,0.26,0.01,0.04,77637.37,1777105869000
1777105872.252,72.252,0.76,0.77,0.23,0.24,0.01,0.01,77637.4,1777105870000
1777105872.875,72.875,0.76,0.77,0.23,0.24,0.01,0.01,77637.4,1777105870000
1777105873.276,73.276,0.76,0.77,0.23,0.24,0.01,0.01,77637.53,1777105871000
1777105873.74,73.74,0.75,0.76,0.24,0.25,0.01,0.01,77637.53,1777105871000
1777105874.073,74.073,0.76,0.86,0.14,0.24,0.1,0.1,77637.65,1777105872000
1777105874.408,74.408,0.81,0.86,0.14,0.21,0.05,0.07,77637.65,1777105872000
1777105874.785,74.785,0.84,0.85,0.15,0.16,0.01,0.01,77637.65,1777105872000
1777105875.195,75.195,0.85,0.87,0.12,0.16,0.02,0.04,77637.65,1777105873000
1777105875.611,75.611,0.84,0.85,0.13,0.16,0.01,0.03,77637.65,1777105873000
1777105876.12,76.12,0.81,0.83,0.19,0.2,0.02,0.01,77637.65,1777105873000
1777105876.511,76.511,0.84,0.85,0.14,0.15,0.01,0.01,77640.14,1777105874000
1777105876.854,76.854,0.84,0.85,0.15,0.16,0.01,0.01,77640.14,1777105874000
1777105877.435,77.435,0.81,0.84,0.16,0.17,0.03,0.01,77657.46,1777105875000
1777105877.929,77.929,0.78,0.85,0.17,0.19,0.07,0.02,77657.46,1777105875000
1777105878.324,78.324,0.81,0.82,0.15,0.22,0.01,0.07,77660.95,1777105876000
1777105878.75,78.75,0.8,0.81,0.19,0.21,0.01,0.02,77660.95,1777105876000
1777105879.1,79.1,0.8,0.81,0.19,0.2,0.01,0.01,77660.95,1777105876000
1777105879.479,79.479,0.75,0.81,0.19,0.2,0.06,0.01,77660.99,1777105877000
1777105879.843,79.843,0.8,0.81,0.19,0.25,0.01,0.06,77660.99,1777105877000
1777105880.206,80.206,0.78,0.79,0.2,0.22,0.01,0.02,77661.53,1777105878000
1777105880.581,80.581,0.78,0.79,0.21,0.22,0.01,0.01,77661.53,1777105878000
1777105881.037,81.037,0.78,0.79,0.21,0.22,0.01,0.01,77661.53,1777105879000
1777105881.38,81.38,0.78,0.79,0.21,0.22,0.01,0.01,77661.53,1777105879000
1777105882.001,82.001,0.78,0.79,0.21,0.22,0.01,0.01,77661.53,1777105880000
1777105882.454,82.454,0.78,0.79,0.21,0.22,0.01,0.01,77661.53,1777105880000
1777105882.843,82.843,0.82,0.83,0.17,0.22,0.01,0.05,77661.53,1777105880000
1777105883.225,83.225,0.82,0.83,0.17,0.18,0.01,0.01,77661.54,1777105881000
1777105883.571,83.571,0.82,0.83,0.17,0.18,0.01,0.01,77661.54,1777105881000
1777105883.942,83.942,0.75,0.76,0.18,0.25,0.01,0.07,77661.54,1777105881000
1777105884.447,84.447,0.81,0.82,0.17,0.19,0.01,0.02,77661.53,1777105882000
1777105884.897,84.897,0.86,0.87,0.13,0.14,0.01,0.01,77661.53,1777105882000
1777105885.253,85.253,0.84,0.87,0.13,0.14,0.03,0.01,77661.52,1777105883000
1777105885.59,85.59,0.83,0.84,0.13,0.17,0.01,0.04,77661.52,1777105883000
1777105886.107,86.107,0.83,0.84,0.16,0.17,0.01,0.01,77661.51,1777105884000
1777105886.81,86.81,0.83,0.84,0.16,0.17,0.01,0.01,77661.51,1777105884000
1777105887.223,87.223,0.81,0.84,0.16,0.19,0.03,0.03,77661.5,1777105885000
1777105887.799,87.799,0.84,0.87,0.16,0.17,0.03,0.01,77661.5,1777105885000
1777105888.137,88.137,0.86,0.87,0.13,0.14,0.01,0.01,77661.55,1777105886000
1777105888.487,88.487,0.85,0.86,0.14,0.15,0.01,0.01,77661.55,1777105886000
1777105888.886,88.886,0.85,0.86,0.14,0.15,0.01,0.01,77661.55,1777105887000
1777105889.257,89.257,0.85,0.86,0.14,0.15,0.01,0.01,77661.55,1777105887000
1777105889.592,89.592,0.85,0.86,0.14,0.15,0.01,0.01,77661.55,1777105887000
1777105889.954,89.954,0.85,0.86,0.14,0.15,0.01,0.01,77661.55,1777105888000
1777105890.311,90.311,0.85,0.86,0.14,0.15,0.01,0.01,77661.55,1777105888000
1777105890.646,90.646,0.85,0.86,0.14,0.15,0.01,0.01,77661.29,1777105889000
1777105890.981,90.981,0.85,0.86,0.14,0.15,0.01,0.01,77661.29,1777105889000
1777105891.333,91.333,0.83,0.84,0.16,0.17,0.01,0.01,77661.29,1777105889000
1777105891.966,91.966,0.82,0.83,0.17,0.18,0.01,0.01,77662.93,1777105890000
1777105892.367,92.367,0.82,0.83,0.17,0.18,0.01,0.01,77662.93,1777105890000
1777105892.837,92.837,0.79,0.87,0.12,0.18,0.08,0.06,77662.93,1777105891000
1777105893.736,93.736,0.79,0.87,0.13,0.21,0.08,0.08,77662.31,1777105892000
1777105894.101,94.101,0.81,0.82,0.16,0.21,0.01,0.05,77662.31,1777105892000
1777105894.524,94.524,0.82,0.83,0.17,0.18,0.01,0.01,77662.55,1777105893000
1777105894.859,94.859,0.82,0.83,0.17,0.18,0.01,0.01,77662.55,1777105893000
1777105895.489,95.489,0.83,0.84,0.16,0.17,0.01,0.01,77662.63,1777105894000
1777105896.148,96.148,0.84,0.85,0.15,0.16,0.01,0.01,77662.62,1777105895000
1777105896.508,96.508,0.84,0.85,0.15,0.16,0.01,0.01,77662.62,1777105895000
1777105897.138,97.138,0.84,0.85,0.15,0.16,0.01,0.01,77662.62,1777105895000
1777105898.02,98.02,0.84,0.85,0.15,0.16,0.01,0.01,77662.62,1777105897000
1777105898.357,98.357,0.83,0.84,0.16,0.17,0.01,0.01,77662.62,1777105897000
1777105899.115,99.115,0.82,0.84,0.16,0.17,0.02,0.01,77662.62,1777105897000
1777105899.51,99.51,0.82,0.83,0.17,0.18,0.01,0.01,77662.89,1777105898000
1777105899.848,99.848,0.79,0.83,0.17,0.18,0.04,0.01,77662.89,1777105898000
1777105900.289,100.289,0.81,0.82,0.17,0.21,0.01,0.04,77662.89,1777105898000
1777105900.753,100.753,0.81,0.82,0.18,0.19,0.01,0.01,77662.89,1777105899000
1777105901.219,101.219,0.81,0.82,0.18,0.19,0.01,0.01,77662.47,1777105900000
1777105901.552,101.552,0.81,0.82,0.18,0.19,0.01,0.01,77662.47,1777105900000
1777105902.207,102.207,0.81,0.82,0.18,0.19,0.01,0.01,77662.45,1777105901000
1777105902.712,102.712,0.81,0.82,0.18,0.19,0.01,0.01,77662.45,1777105901000
1777105903.309,103.309,0.81,0.85,0.18,0.19,0.04,0.01,77662.45,1777105901000
1777105903.774,103.774,0.82,0.83,0.17,0.18,0.01,0.01,77662.46,1777105902000
1777105904.211,104.211,0.83,0.84,0.15,0.18,0.01,0.03,77662.46,1777105902000
1777105904.608,104.608,0.83,0.84,0.16,0.17,0.01,0.01,77662.44,1777105903000
1777105904.977,104.977,0.84,0.85,0.15,0.17,0.01,0.02,77662.44,1777105903000
1777105906.233,106.233,0.83,0.84,0.16,0.17,0.01,0.01,77662.45,1777105905000
1777105906.803,106.803,0.83,0.84,0.16,0.17,0.01,0.01,77662.45,1777105905000
1777105907.354,107.354,0.83,0.85,0.15,0.17,0.02,0.02,77662.46,1777105906000
1777105907.929,107.929,0.84,0.85,0.15,0.17,0.01,0.02,77662.46,1777105906000
1777105908.344,108.344,0.84,0.85,0.15,0.16,0.01,0.01,77662.46,1777105906000
1777105908.699,108.699,0.84,0.85,0.14,0.16,0.01,0.02,77662.46,1777105906000
1777105909.096,109.096,0.84,0.85,0.15,0.16,0.01,0.01,77662.45,1777105907000
1777105909.763,109.763,0.84,0.85,0.15,0.16,0.01,0.01,77662.46,1777105908000
1777105910.098,110.098,0.85,0.86,0.14,0.16,0.01,0.02,77662.46,1777105908000
1777105910.444,110.444,0.84,0.85,0.14,0.15,0.01,0.01,77662.46,1777105908000
1777105910.812,110.812,0.81,0.82,0.18,0.19,0.01,0.01,77662.45,1777105909000
1777105911.237,111.237,0.88,0.9,0.1,0.12,0.02,0.02,77662.39,1777105910000
1777105911.585,111.585,0.83,0.85,0.15,0.18,0.02,0.03,77662.39,1777105910000
1777105911.921,111.921,0.84,0.85,0.15,0.16,0.01,0.01,77662.39,1777105910000
1777105912.313,112.313,0.84,0.85,0.15,0.16,0.01,0.01,77662.39,1777105910000
1777105912.661,112.661,0.85,0.88,0.12,0.15,0.03,0.03,77662.39,1777105911000
1777105913.194,113.194,0.87,0.88,0.12,0.13,0.01,0.01,77662.39,1777105911000
1777105913.543,113.543,0.87,0.88,0.12,0.13,0.01,0.01,77667.28,1777105912000
1777105913.999,113.999,0.88,0.89,0.12,0.14,0.01,0.02,77667.28,1777105912000
1777105914.387,114.387,0.88,0.89,0.11,0.12,0.01,0.01,77667.28,1777105912000
1777105914.994,114.994,0.88,0.89,0.11,0.12,0.01,0.01,77671.96,1777105913000
1777105915.538,115.538,0.88,0.89,0.1,0.12,0.01,0.02,77673.21,1777105914000
1777105915.885,115.885,0.84,0.89,0.11,0.12,0.05,0.01,77673.21,1777105914000
1777105916.321,116.321,0.83,0.84,0.11,0.18,0.01,0.07,77673.21,1777105914000
1777105916.687,116.687,0.86,0.87,0.12,0.14,0.01,0.02,77673.24,1777105915000
1777105917.029,117.029,0.86,0.89,0.13,0.14,0.03,0.01,77673.24,1777105915000
1777105917.519,117.519,0.84,0.86,0.11,0.12,0.02,0.01,77673.24,1777105915000
1777105917.855,117.855,0.84,0.85,0.15,0.16,0.01,0.01,77671.67,1777105916000
1777105918.262,118.262,0.84,0.86,0.14,0.16,0.02,0.02,77665.89,1777105917000
1777105918.672,118.672,0.84,0.85,0.14,0.16,0.01,0.02,77665.89,1777105917000
1777105919.142,119.142,0.84,0.85,0.15,0.16,0.01,0.01,77665.89,1777105917000
1777105919.489,119.489,0.81,0.82,0.16,0.19,0.01,0.03,77665.89,1777105917000
1777105919.859,119.859,0.81,0.82,0.18,0.19,0.01,0.01,77666.78,1777105918000
1777105920.214,120.214,0.81,0.82,0.18,0.19,0.01,0.01,77666.78,1777105918000
1777105920.728,120.728,0.81,0.82,0.18,0.19,0.01,0.01,77667.57,1777105919000
1777105921.064,121.064,0.83,0.84,0.16,0.17,0.01,0.01,77667.57,1777105919000
1777105921.496,121.496,0.83,0.84,0.16,0.17,0.01,0.01,77667.57,1777105919000
1777105921.895,121.895,0.84,0.85,0.15,0.16,0.01,0.01,77664.6,1777105920000
1777105922.536,122.536,0.84,0.85,0.15,0.16,0.01,0.01,77664.6,1777105921000
1777105923.072,123.072,0.84,0.85,0.15,0.16,0.01,0.01,77665.08,1777105922000
1777105923.567,123.567,0.84,0.87,0.13,0.16,0.03,0.03,77665.08,1777105922000
1777105923.932,123.932,0.84,0.87,0.1,0.16,0.03,0.06,77665.08,1777105922000
1777105924.306,124.306,0.86,0.87,0.13,0.14,0.01,0.01,77665.08,1777105922000
1777105924.645,124.645,0.89,0.9,0.1,0.14,0.01,0.04,77666.3,1777105923000
1777105925.358,125.358,0.86,0.87,0.13,0.14,0.01,0.01,77665.92,1777105924000
1777105925.841,125.841,0.87,0.88,0.12,0.13,0.01,0.01,77665.92,1777105924000
1777105926.322,126.322,0.79,0.8,0.2,0.21,0.01,0.01,77665.92,1777105925000
1777105926.695,126.695,0.79,0.8,0.2,0.21,0.01,0.01,77665.92,1777105925000
1777105927.097,127.097,0.8,0.81,0.2,0.21,0.01,0.01,77665.92,1777105925000
1777105927.713,127.713,0.82,0.83,0.17,0.19,0.01,0.02,77665.7,1777105926000
1777105928.199,128.199,0.82,0.83,0.17,0.18,0.01,0.01,77665.7,1777105926000
1777105928.56,128.56,0.83,0.84,0.16,0.17,0.01,0.01,77659.95,1777105927000
1777105929.262,129.262,0.83,0.84,0.16,0.17,0.01,0.01,77659.95,1777105928000
1777105929.645,129.645,0.83,0.84,0.16,0.17,0.01,0.01,77659.95,1777105928000
1777105930.328,130.328,0.83,0.84,0.16,0.17,0.01,0.01,77660.78,1777105929000
1777105931.087,131.087,0.83,0.84,0.16,0.17,0.01,0.01,77660.78,1777105929000
1777105931.499,131.499,0.81,0.82,0.16,0.19,0.01,0.03,77660.78,1777105929000
1777105932.081,132.081,0.81,0.84,0.18,0.19,0.03,0.01,77661.09,1777105930000
1777105932.58,132.58,0.82,0.84,0.17,0.18,0.02,0.01,77660.95,1777105931000
1777105933.25,133.25,0.83,0.84,0.16,0.17,0.01,0.01,77660.37,1777105932000
1777105933.644,133.644,0.82,0.83,0.16,0.17,0.01,0.01,77660.37,1777105932000
1777105934.315,134.315,0.82,0.84,0.16,0.18,0.02,0.02,77660.37,1777105933000
1777105934.84,134.84,0.81,0.82,0.18,0.19,0.01,0.01,77660.37,1777105933000
1777105935.178,135.178,0.81,0.82,0.18,0.19,0.01,0.01,77660.71,1777105934000
1777105935.808,135.808,0.81,0.82,0.18,0.19,0.01,0.01,77660.71,1777105934000
1777105936.203,136.203,0.81,0.82,0.18,0.19,0.01,0.01,77660.53,1777105935000
1777105937.221,137.221,0.76,0.82,0.18,0.19,0.06,0.01,77660.53,1777105935000
1777105937.569,137.569,0.81,0.82,0.18,0.24,0.01,0.06,77660.53,1777105936000
1777105938.001,138.001,0.81,0.82,0.18,0.19,0.01,0.01,77660.53,1777105936000
1777105938.361,138.361,0.81,0.82,0.18,0.19,0.01,0.01,77660.4,1777105937000
1777105938.733,138.733,0.81,0.82,0.18,0.19,0.01,0.01,77660.4,1777105937000
1777105939.316,139.316,0.81,0.82,0.18,0.19,0.01,0.01,77660.4,1777105937000
1777105939.698,139.698,0.8,0.81,0.18,0.2,0.01,0.02,77660.38,1777105938000
1777105940.111,140.111,0.8,0.81,0.19,0.2,0.01,0.01,77660.38,1777105939000
1777105940.577,140.577,0.8,0.81,0.19,0.2,0.01,0.01,77660.38,1777105939000
1777105941.077,141.077,0.73,0.74,0.19,0.27,0.01,0.08,77660.38,1777105939000
1777105941.413,141.413,0.73,0.74,0.26,0.27,0.01,0.01,77656.06,1777105940000
1777105941.789,141.789,0.73,0.74,0.26,0.27,0.01,0.01,77656.06,1777105940000
1777105942.237,142.237,0.73,0.74,0.26,0.27,0.01,0.01,77656.06,1777105940000
1777105943.023,143.023,0.73,0.74,0.26,0.27,0.01,0.01,77655.86,1777105941000
1777105943.367,143.367,0.73,0.74,0.26,0.27,0.01,0.01,77655.86,1777105941000
1777105944.02,144.02,0.73,0.74,0.26,0.27,0.01,0.01,77648.82,1777105942000
1777105944.382,144.382,0.76,0.77,0.26,0.27,0.01,0.01,77648.82,1777105943000
1777105944.723,144.723,0.74,0.84,0.16,0.26,0.1,0.1,77648.82,1777105943000
1777105945.193,145.193,0.77,0.79,0.21,0.24,0.02,0.03,77648.82,1777105943000
1777105945.684,145.684,0.77,0.79,0.21,0.23,0.02,0.02,77648.29,1777105944000
1777105946.17,146.17,0.74,0.75,0.25,0.26,0.01,0.01,77648.29,1777105944000
1777105946.995,146.995,0.75,0.76,0.24,0.25,0.01,0.01,77648.52,1777105946000
1777105947.774,147.774,0.75,0.76,0.24,0.25,0.01,0.01,77648.52,1777105946000
1777105948.165,148.165,0.75,0.76,0.24,0.25,0.01,0.01,77648.52,1777105946000
1777105948.583,148.583,0.77,0.78,0.22,0.23,0.01,0.01,77648.53,1777105947000
1777105949.183,149.183,0.77,0.78,0.22,0.23,0.01,0.01,77648.53,1777105948000
1777105949.576,149.576,0.77,0.85,0.15,0.23,0.08,0.08,77648.53,1777105948000
1777105950.58,150.58,0.77,0.85,0.15,0.23,0.08,0.08,77648.65,1777105949000
1777105951.282,151.282,0.79,0.84,0.16,0.21,0.05,0.05,77648.9,1777105950000
1777105951.815,151.815,0.83,0.85,0.16,0.17,0.02,0.01,77648.9,1777105950000
1777105952.309,152.309,0.84,0.85,0.15,0.19,0.01,0.04,77648.9,1777105950000
1777105952.752,152.752,0.8,0.85,0.15,0.2,0.05,0.05,77650.05,1777105951000
1777105953.296,153.296,0.84,0.85,0.15,0.16,0.01,0.01,77650.09,1777105952000
1777105954.085,154.085,0.84,0.85,0.15,0.16,0.01,0.01,77650.09,1777105953000
1777105954.432,154.432,0.84,0.85,0.15,0.16,0.01,0.01,77650.09,1777105953000
1777105955.134,155.134,0.83,0.85,0.15,0.16,0.02,0.01,77650.09,1777105953000
1777105955.566,155.566,0.83,0.84,0.16,0.17,0.01,0.01,77650.1,1777105954000
1777105956.116,156.116,0.84,0.85,0.15,0.16,0.01,0.01,77650.1,1777105955000
1777105956.582,156.582,0.84,0.86,0.14,0.16,0.02,0.02,77650.1,1777105955000
1777105957.329,157.329,0.84,0.86,0.14,0.16,0.02,0.02,77650.1,1777105955000
1777105958.113,158.113,0.85,0.86,0.14,0.16,0.01,0.02,77650.17,1777105956000
1777105958.719,158.719,0.85,0.86,0.1,0.15,0.01,0.05,77650.18,1777105957000
1777105959.093,159.093,0.87,0.88,0.14,0.15,0.01,0.01,77650.18,1777105957000
1777105960.188,160.188,0.87,0.88,0.12,0.13,0.01,0.01,77653.86,1777105959000
1777105960.685,160.685,0.84,0.88,0.12,0.13,0.04,0.01,77653.86,1777105959000
1777105961.199,161.199,0.87,0.88,0.12,0.13,0.01,0.01,77653.85,1777105960000
1777105961.631,161.631,0.8,0.88,0.12,0.13,0.08,0.01,77653.85,1777105960000
1777105962.016,162.016,0.84,0.85,0.15,0.16,0.01,0.01,77653.85,1777105960000
1777105962.462,162.462,0.85,0.86,0.14,0.15,0.01,0.01,77653.86,1777105961000
1777105962.817,162.817,0.84,0.85,0.14,0.15,0.01,0.01,77653.86,1777105961000
1777105963.16,163.16,0.84,0.85,0.15,0.16,0.01,0.01,77653.86,1777105961000
1777105963.915,163.915,0.84,0.85,0.15,0.16,0.01,0.01,77653.83,1777105963000
1777105964.94,164.94,0.84,0.85,0.15,0.16,0.01,0.01,77653.7,1777105964000
1777105965.391,165.391,0.8,0.85,0.15,0.16,0.05,0.01,77653.7,1777105964000
1777105965.81,165.81,0.81,0.85,0.15,0.16,0.04,0.01,77653.7,1777105964000
1777105966.357,166.357,0.78,0.83,0.17,0.18,0.05,0.01,77653.76,1777105965000
1777105966.818,166.818,0.82,0.83,0.17,0.18,0.01,0.01,77653.76,1777105965000
1777105967.188,167.188,0.82,0.83,0.17,0.18,0.01,0.01,77651.57,1777105966000
1777105967.598,167.598,0.82,0.83,0.17,0.18,0.01,0.01,77651.57,1777105966000
1777105968.081,168.081,0.82,0.83,0.17,0.18,0.01,0.01,77651.57,1777105966000
1777105968.555,168.555,0.82,0.83,0.17,0.18,0.01,0.01,77651.19,1777105967000
1777105968.895,168.895,0.82,0.83,0.17,0.18,0.01,0.01,77651.19,1777105967000
1777105969.435,169.435,0.82,0.83,0.17,0.18,0.01,0.01,77651.55,1777105968000
1777105970.141,170.141,0.82,0.83,0.17,0.18,0.01,0.01,77651.55,1777105969000
1777105971.079,171.079,0.82,0.83,0.17,0.18,0.01,0.01,77651.63,1777105970000
1777105971.74,171.74,0.82,0.83,0.17,0.18,0.01,0.01,77651.63,1777105970000
1777105972.073,172.073,0.82,0.83,0.17,0.18,0.01,0.01,77651.63,1777105970000
1777105972.697,172.697,0.82,0.83,0.17,0.18,0.01,0.01,77652,1777105971000
1777105973.268,173.268,0.82,0.83,0.17,0.18,0.01,0.01,77652,1777105971000
1777105973.632,173.632,0.85,0.86,0.14,0.15,0.01,0.01,77652,1777105972000
1777105974.254,174.254,0.85,0.86,0.14,0.15,0.01,0.01,77652,1777105972000
1777105974.689,174.689,0.85,0.86,0.14,0.15,0.01,0.01,77652.06,1777105973000
1777105975.239,175.239,0.85,0.86,0.14,0.15,0.01,0.01,77652.06,1777105973000
1777105975.819,175.819,0.87,0.88,0.12,0.13,0.01,0.01,77658.35,1777105974000
1777105976.585,176.585,0.87,0.89,0.12,0.13,0.02,0.01,77658.92,1777105975000
1777105977.132,177.132,0.87,0.89,0.11,0.13,0.02,0.02,77659.09,1777105976000
1777105978.224,178.224,0.87,0.89,0.11,0.13,0.02,0.02,77659.12,1777105977000
1777105978.65,178.65,0.88,0.89,0.11,0.13,0.01,0.02,77659.12,1777105977000
1777105979.186,179.186,0.88,0.89,0.11,0.12,0.01,0.01,77659.12,1777105977000
1777105979.788,179.788,0.88,0.89,0.1,0.12,0.01,0.02,77659.13,1777105978000
1777105980.397,180.397,0.89,0.9,0.1,0.12,0.01,0.02,77659.13,1777105979000
1777105980.759,180.759,0.89,0.9,0.1,0.11,0.01,0.01,77659.13,1777105979000
1777105981.121,181.121,0.89,0.9,0.1,0.11,0.01,0.01,77659.33,1777105980000
1777105981.461,181.461,0.89,0.9,0.1,0.11,0.01,0.01,77659.33,1777105980000
1777105981.801,181.801,0.89,0.9,0.1,0.11,0.01,0.01,77659.33,1777105980000
1777105982.187,182.187,0.89,0.91,0.09,0.11,0.02,0.02,77659.33,1777105981000
1777105982.587,182.587,0.9,0.91,0.09,0.1,0.01,0.01,77659.33,1777105981000
1777105982.922,182.922,0.9,0.91,0.09,0.1,0.01,0.01,77659.33,1777105981000
1777105983.296,183.296,0.9,0.91,0.09,0.1,0.01,0.01,77659.4,1777105982000
1777105983.664,183.664,0.9,0.91,0.09,0.1,0.01,0.01,77659.4,1777105982000
1777105984.011,184.011,0.89,0.9,0.09,0.11,0.01,0.02,77659.4,1777105982000
1777105984.468,184.468,0.89,0.9,0.1,0.11,0.01,0.01,77659.75,1777105983000
1777105984.971,184.971,0.89,0.9,0.1,0.11,0.01,0.01,77659.75,1777105983000
1777105985.337,185.337,0.89,0.91,0.1,0.11,0.02,0.01,77659.9,1777105984000
1777105985.967,185.967,0.89,0.9,0.1,0.13,0.01,0.03,77659.9,1777105984000
1777105986.442,186.442,0.89,0.9,0.1,0.11,0.01,0.01,77659.91,1777105985000
1777105986.798,186.798,0.89,0.9,0.1,0.11,0.01,0.01,77659.91,1777105985000
1777105987.15,187.15,0.9,0.91,0.09,0.1,0.01,0.01,77659.91,1777105985000
1777105987.492,187.492,0.9,0.91,0.09,0.1,0.01,0.01,77660.1,1777105986000
1777105987.826,187.826,0.9,0.91,0.09,0.1,0.01,0.01,77660.1,1777105986000
1777105988.243,188.243,0.89,0.91,0.09,0.1,0.02,0.01,77660.11,1777105987000
1777105988.805,188.805,0.87,0.9,0.1,0.11,0.03,0.01,77660.11,1777105987000
1777105989.237,189.237,0.88,0.89,0.11,0.13,0.01,0.02,77660.09,1777105988000
1777105989.638,189.638,0.9,0.91,0.09,0.1,0.01,0.01,77660.09,1777105988000
1777105989.998,189.998,0.9,0.91,0.09,0.1,0.01,0.01,77660.09,1777105988000
1777105990.492,190.492,0.9,0.91,0.09,0.1,0.01,0.01,77659.97,1777105989000
1777105990.991,190.991,0.9,0.91,0.09,0.1,0.01,0.01,77659.97,1777105989000
1777105991.664,191.664,0.89,0.91,0.09,0.1,0.02,0.01,77659.96,1777105990000
1777105992.154,192.154,0.9,0.91,0.09,0.11,0.01,0.02,77659.96,1777105990000
1777105992.807,192.807,0.88,0.91,0.09,0.12,0.03,0.03,77660.08,1777105991000
1777105993.275,193.275,0.88,0.91,0.09,0.12,0.03,0.03,77660.14,1777105992000
1777105993.639,193.639,0.88,0.89,0.11,0.12,0.01,0.01,77660.14,1777105992000
1777105994.255,194.255,0.89,0.9,0.1,0.11,0.01,0.01,77660.14,1777105992000
1777105994.713,194.713,0.89,0.9,0.1,0.11,0.01,0.01,77660.17,1777105993000
1777105995.066,195.066,0.89,0.9,0.1,0.11,0.01,0.01,77660.17,1777105994000
1777105995.541,195.541,0.89,0.9,0.09,0.11,0.01,0.02,77660.17,1777105994000
1777105996.512,196.512,0.89,0.91,0.09,0.11,0.02,0.02,77660.17,1777105995000
1777105996.88,196.88,0.9,0.91,0.09,0.1,0.01,0.01,77660.18,1777105996000
1777105997.438,197.438,0.9,0.91,0.09,0.1,0.01,0.01,77660.18,1777105996000
1777105997.798,197.798,0.89,0.91,0.09,0.1,0.02,0.01,77660.18,1777105996000
1777105998.648,198.648,0.89,0.9,0.1,0.11,0.01,0.01,77660.18,1777105997000
1777105999.095,199.095,0.89,0.9,0.1,0.11,0.01,0.01,77660.18,1777105997000
1777105999.803,199.803,0.89,0.9,0.1,0.11,0.01,0.01,77660.2,1777105998000
1777106000.163,200.163,0.89,0.9,0.1,0.11,0.01,0.01,77660.21,1777105999000
1777106000.505,200.505,0.88,0.9,0.1,0.11,0.02,0.01,77660.21,1777105999000
1777106001.172,201.172,0.88,0.89,0.11,0.12,0.01,0.01,77660.21,1777105999000
1777106001.512,201.512,0.88,0.89,0.11,0.12,0.01,0.01,77659.81,1777106000000
1777106001.939,201.939,0.88,0.89,0.11,0.12,0.01,0.01,77659.81,1777106000000
1777106002.314,202.314,0.88,0.89,0.11,0.12,0.01,0.01,77654.61,1777106001000
1777106002.666,202.666,0.88,0.89,0.11,0.12,0.01,0.01,77654.61,1777106001000
1777106003.166,203.166,0.89,0.9,0.1,0.11,0.01,0.01,77654.61,1777106001000
1777106003.775,203.775,0.88,0.94,0.1,0.12,0.06,0.02,77653.03,1777106002000
1777106004.277,204.277,0.88,0.94,0.06,0.12,0.06,0.06,77652.38,1777106003000
1777106004.98,204.98,0.88,0.94,0.07,0.12,0.06,0.05,77652.36,1777106004000
1777106005.603,205.603,0.89,0.91,0.1,0.11,0.02,0.01,77652.36,1777106004000
1777106006.052,206.052,0.89,0.9,0.1,0.11,0.01,0.01,77652.18,1777106005000
1777106006.775,206.775,0.89,0.9,0.1,0.11,0.01,0.01,77652.18,1777106005000
1777106007.456,207.456,0.88,0.89,0.1,0.12,0.01,0.02,77653.05,1777106006000
1777106007.886,207.886,0.88,0.89,0.11,0.12,0.01,0.01,77653.05,1777106006000
1777106008.384,208.384,0.88,0.89,0.11,0.12,0.01,0.01,77653.24,1777106007000
1777106008.867,208.867,0.87,0.88,0.12,0.13,0.01,0.01,77653.24,1777106007000
1777106009.449,209.449,0.87,0.88,0.12,0.13,0.01,0.01,77653.64,1777106008000
1777106009.849,209.849,0.87,0.89,0.12,0.13,0.02,0.01,77653.64,1777106008000
1777106010.584,210.584,0.88,0.89,0.11,0.12,0.01,0.01,77653.45,1777106009000
1777106011.105,211.105,0.88,0.89,0.11,0.12,0.01,0.01,77653.43,1777106010000
1777106011.765,211.765,0.88,0.89,0.11,0.12,0.01,0.01,77653.43,1777106010000
1777106012.483,212.483,0.88,0.89,0.11,0.12,0.01,0.01,77653.49,1777106011000
1777106012.865,212.865,0.88,0.89,0.11,0.12,0.01,0.01,77653.49,1777106011000
1777106013.221,213.221,0.88,0.89,0.11,0.12,0.01,0.01,77653.38,1777106012000
1777106013.635,213.635,0.88,0.89,0.11,0.12,0.01,0.01,77653.38,1777106012000
1777106014.307,214.307,0.88,0.89,0.11,0.12,0.01,0.01,77653.38,1777106013000
1777106014.7,214.7,0.88,0.89,0.11,0.12,0.01,0.01,77653.38,1777106013000
1777106015.125,215.125,0.89,0.9,0.11,0.12,0.01,0.01,77653.38,1777106013000
1777106016.001,216.001,0.88,0.9,0.11,0.12,0.02,0.01,77653.39,1777106014000
1777106016.839,216.839,0.89,0.9,0.1,0.11,0.01,0.01,77653.51,1777106015000
1777106017.453,217.453,0.89,0.9,0.1,0.11,0.01,0.01,77653.51,1777106016000
1777106018.071,218.071,0.89,0.9,0.1,0.11,0.01,0.01,77653.01,1777106017000
1777106019.155,219.155,0.89,0.9,0.11,0.12,0.01,0.01,77653.01,1777106017000
1777106019.66,219.66,0.89,0.9,0.1,0.11,0.01,0.01,77653.01,1777106017000
1777106020.052,220.052,0.89,0.9,0.1,0.11,0.01,0.01,77653.27,1777106018000
1777106020.771,220.771,0.89,0.9,0.1,0.11,0.01,0.01,77653.27,1777106019000
1777106021.141,221.141,0.88,0.9,0.1,0.11,0.02,0.01,77653.27,1777106019000
1777106021.487,221.487,0.89,0.9,0.1,0.11,0.01,0.01,77653.27,1777106020000
1777106021.82,221.82,0.89,0.9,0.1,0.11,0.01,0.01,77653.27,1777106020000
1777106022.154,222.154,0.88,0.9,0.1,0.12,0.02,0.02,77653.27,1777106020000
1777106022.729,222.729,0.88,0.89,0.11,0.12,0.01,0.01,77653.27,1777106020000
1777106023.206,223.206,0.88,0.89,0.11,0.12,0.01,0.01,77650.87,1777106021000
1777106024.177,224.177,0.88,0.89,0.11,0.12,0.01,0.01,77647.13,1777106022000
1777106024.557,224.557,0.88,0.89,0.11,0.12,0.01,0.01,77647.13,1777106022000
1777106025.135,225.135,0.88,0.89,0.11,0.12,0.01,0.01,77646.72,1777106023000
1777106025.513,225.513,0.88,0.89,0.11,0.12,0.01,0.01,77645.06,1777106024000
1777106026.187,226.187,0.88,0.89,0.11,0.12,0.01,0.01,77645.06,1777106024000
1777106026.543,226.543,0.88,0.89,0.11,0.12,0.01,0.01,77645.06,1777106024000
1777106027.454,227.454,0.88,0.9,0.1,0.12,0.02,0.02,77645.46,1777106026000
1777106027.844,227.844,0.88,0.9,0.11,0.12,0.02,0.01,77645.46,1777106026000
1777106028.936,228.936,0.88,0.89,0.11,0.12,0.01,0.01,77645.51,1777106027000
1777106029.445,229.445,0.88,0.89,0.11,0.12,0.01,0.01,77645.43,1777106028000
1777106030.0,230.0,0.88,0.89,0.11,0.12,0.01,0.01,77645.43,1777106028000
1777106030.534,230.534,0.88,0.89,0.11,0.12,0.01,0.01,77645.44,1777106029000
1777106031.373,231.373,0.88,0.89,0.11,0.12,0.01,0.01,77645.02,1777106030000
1777106031.796,231.796,0.88,0.89,0.11,0.12,0.01,0.01,77645.02,1777106030000
1777106032.442,232.442,0.88,0.89,0.11,0.12,0.01,0.01,77645.02,1777106031000
1777106033.417,233.417,0.88,0.89,0.11,0.12,0.01,0.01,77645.2,1777106032000
1777106033.802,233.802,0.88,0.89,0.11,0.12,0.01,0.01,77645.2,1777106032000
1777106034.451,234.451,0.88,0.89,0.11,0.12,0.01,0.01,77645.2,1777106033000
1777106034.894,234.894,0.88,0.89,0.11,0.12,0.01,0.01,77645.2,1777106033000
1777106035.583,235.583,0.87,0.88,0.12,0.13,0.01,0.01,77645.13,1777106034000
1777106036.063,236.063,0.88,0.89,0.11,0.13,0.01,0.02,77645.13,1777106034000
1777106036.483,236.483,0.88,0.89,0.11,0.12,0.01,0.01,77645.13,1777106035000
1777106037.199,237.199,0.88,0.89,0.11,0.12,0.01,0.01,77645.13,1777106035000
1777106038.374,238.374,0.89,0.9,0.1,0.11,0.01,0.01,77645.41,1777106037000
1777106038.869,238.869,0.89,0.9,0.1,0.11,0.01,0.01,77645.41,1777106037000
1777106039.936,239.936,0.89,0.9,0.1,0.11,0.01,0.01,77645.41,1777106038000
1777106040.284,240.284,0.88,0.89,0.11,0.12,0.01,0.01,77645.55,1777106039000
1777106041.181,241.181,0.88,0.89,0.11,0.12,0.01,0.01,77645.55,1777106039000
1777106041.593,241.593,0.88,0.89,0.11,0.12,0.01,0.01,77645.37,1777106040000
1777106042.107,242.107,0.88,0.89,0.11,0.12,0.01,0.01,77645.37,1777106040000
1777106042.448,242.448,0.87,0.88,0.12,0.13,0.01,0.01,77645.37,1777106041000
1777106042.814,242.814,0.87,0.88,0.12,0.13,0.01,0.01,77645.37,1777106041000
1777106043.224,243.224,0.87,0.88,0.12,0.13,0.01,0.01,77645.37,1777106041000
1777106043.633,243.633,0.87,0.88,0.12,0.14,0.01,0.02,77644.68,1777106042000
1777106044.37,244.37,0.86,0.88,0.12,0.14,0.02,0.02,77643.71,1777106043000
1777106044.75,244.75,0.86,0.88,0.13,0.14,0.02,0.01,77643.71,1777106043000
1777106045.107,245.107,0.86,0.87,0.12,0.13,0.01,0.01,77643.71,1777106044000
1777106045.49,245.49,0.85,0.86,0.13,0.14,0.01,0.01,77643.71,1777106044000
1777106045.881,245.881,0.85,0.87,0.14,0.15,0.02,0.01,77643.71,1777106044000
1777106046.77,246.77,0.86,0.87,0.13,0.15,0.01,0.02,77643.76,1777106045000
1777106047.253,247.253,0.86,0.88,0.12,0.14,0.02,0.02,77643.76,1777106045000
1777106047.824,247.824,0.87,0.94,0.06,0.14,0.07,0.08,77644.01,1777106046000
1777106048.461,248.461,0.87,0.94,0.06,0.13,0.07,0.07,77643.94,1777106047000
1777106048.81,248.81,0.89,0.91,0.09,0.11,0.02,0.02,77643.94,1777106047000
1777106049.475,249.475,0.87,0.93,0.07,0.13,0.06,0.06,77643.94,1777106047000
1777106049.823,249.823,0.9,0.93,0.07,0.1,0.03,0.03,77644.99,1777106048000
1777106050.18,250.18,0.91,0.93,0.07,0.09,0.02,0.02,77644.96,1777106049000
1777106050.571,250.571,0.91,0.92,0.08,0.1,0.01,0.02,77644.96,1777106049000
1777106051.026,251.026,0.91,0.92,0.05,0.09,0.01,0.04,77644.96,1777106049000
1777106051.36,251.36,0.91,0.95,0.06,0.13,0.04,0.07,77644.79,1777106050000
1777106051.737,251.737,0.94,0.95,0.05,0.06,0.01,0.01,77644.79,1777106050000
1777106052.193,252.193,0.94,0.95,0.05,0.06,0.01,0.01,77644.79,1777106050000
1777106052.699,252.699,0.94,0.95,0.05,0.06,0.01,0.01,77644.67,1777106051000
1777106053.788,253.788,0.94,0.95,0.05,0.06,0.01,0.01,77644.22,1777106052000
1777106054.127,254.127,0.94,0.95,0.05,0.06,0.01,0.01,77644.72,1777106053000
1777106054.661,254.661,0.94,0.96,0.05,0.06,0.02,0.01,77644.72,1777106053000
1777106055.464,255.464,0.94,0.95,0.05,0.06,0.01,0.01,77644.72,1777106053000
1777106056.001,256.001,0.94,0.95,0.05,0.06,0.01,0.01,77647.16,1777106054000
1777106056.421,256.421,0.95,0.96,0.04,0.05,0.01,0.01,77647.16,1777106055000
1777106056.833,256.833,0.95,0.96,0.04,0.05,0.01,0.01,77647.16,1777106055000
1777106057.186,257.186,0.95,0.96,0.04,0.05,0.01,0.01,77647.16,1777106055000
1777106057.544,257.544,0.95,0.96,0.04,0.05,0.01,0.01,77647.46,1777106056000
1777106058.009,258.009,0.95,0.96,0.04,0.05,0.01,0.01,77647.46,1777106056000
1777106058.679,258.679,0.96,0.97,0.03,0.05,0.01,0.02,77647.49,1777106057000
1777106059.036,259.036,0.96,0.97,0.03,0.04,0.01,0.01,77647.49,1777106057000
1777106059.472,259.472,0.96,0.97,0.03,0.04,0.01,0.01,77647.52,1777106058000
1777106059.82,259.82,0.96,0.97,0.03,0.04,0.01,0.01,77647.52,1777106058000
1777106060.197,260.197,0.96,0.97,0.03,0.04,0.01,0.01,77647.53,1777106059000
1777106060.644,260.644,0.96,0.97,0.03,0.04,0.01,0.01,77647.53,1777106059000
1777106060.985,260.985,0.96,0.97,0.03,0.04,0.01,0.01,77647.53,1777106059000
1777106061.334,261.334,0.96,0.97,0.03,0.04,0.01,0.01,77647.52,1777106060000
1777106062.016,262.016,0.96,0.97,0.03,0.04,0.01,0.01,77647.52,1777106060000
1777106062.487,262.487,0.96,0.97,0.03,0.04,0.01,0.01,77647.51,1777106061000
1777106062.937,262.937,0.96,0.97,0.03,0.04,0.01,0.01,77647.51,1777106061000
1777106063.506,263.506,0.96,0.97,0.03,0.04,0.01,0.01,77647.51,1777106061000
1777106063.898,263.898,0.96,0.97,0.03,0.04,0.01,0.01,77644.36,1777106062000
1777106064.262,264.262,0.97,0.98,0.02,0.04,0.01,0.02,77647.52,1777106063000
1777106064.679,264.679,0.97,0.98,0.02,0.03,0.01,0.01,77647.52,1777106063000
1777106065.041,265.041,0.97,0.98,0.02,0.03,0.01,0.01,77647.72,1777106064000
1777106065.374,265.374,0.97,0.98,0.02,0.03,0.01,0.01,77647.72,1777106064000
1777106065.893,265.893,0.97,0.98,0.02,0.03,0.01,0.01,77647.72,1777106064000
1777106066.248,266.248,0.97,0.98,0.02,0.03,0.01,0.01,77655.17,1777106065000
1777106066.702,266.702,0.98,0.99,0.01,0.03,0.01,0.02,77655.17,1777106065000
1777106067.052,267.052,0.98,0.99,0.01,0.02,0.01,0.01,77655.17,1777106065000
1777106067.396,267.396,0.98,0.99,0.01,0.02,0.01,0.01,77658.78,1777106066000
1777106067.792,267.792,0.98,0.99,0.01,0.02,0.01,0.01,77658.78,1777106066000
1777106068.147,268.147,0.98,0.99,0.01,0.02,0.01,0.01,77658.78,1777106066000
1777106068.76,268.76,0.98,0.99,0.01,0.02,0.01,0.01,77659.32,1777106067000
1777106069.188,269.188,0.98,0.99,0.01,0.02,0.01,0.01,77659.32,1777106068000
1777106069.962,269.962,0.98,0.99,0.01,0.02,0.01,0.01,77659.32,1777106068000
1777106070.365,270.365,0.98,0.99,0.01,0.02,0.01,0.01,77659.38,1777106069000
1777106070.704,270.704,0.98,0.99,0.01,0.02,0.01,0.01,77659.38,1777106069000
1777106071.04,271.04,0.98,0.99,0.01,0.02,0.01,0.01,77659.38,1777106069000
1777106071.587,271.587,0.98,0.99,0.01,0.02,0.01,0.01,77659.39,1777106070000
1777106071.977,271.977,0.98,0.99,0.01,0.02,0.01,0.01,77659.39,1777106070000
1777106072.645,272.645,0.99,0.99,0.01,0.01,0.0,0.0,77659.4,1777106071000
1777106072.98,272.98,0.99,0.99,0.01,0.01,0.0,0.0,77659.4,1777106071000
1777106073.376,273.376,0.99,0.99,0.01,0.01,0.0,0.0,77659.4,1777106072000
1777106073.756,273.756,0.99,0.99,0.01,0.01,0.0,0.0,77659.4,1777106072000
1777106074.248,274.248,0.99,0.99,0.01,0.01,0.0,0.0,77659.39,1777106073000
1777106074.802,274.802,0.99,0.99,0.01,0.01,0.0,0.0,77659.39,1777106073000
1777106075.32,275.32,0.99,0.99,0.01,0.01,0.0,0.0,77659.39,1777106074000
1777106075.949,275.949,0.99,0.99,0.01,0.01,0.0,0.0,77659.39,1777106074000
1777106076.388,276.388,0.99,0.99,0.01,0.01,0.0,0.0,77659.37,1777106075000
1777106077.069,277.069,0.99,0.99,0.01,0.01,0.0,0.0,77659.37,1777106075000
1777106078.12,278.12,0.99,0.99,0.01,0.01,0.0,0.0,77659.38,1777106077000
1777106079.564,279.564,0.99,0.99,0.01,0.01,0.0,0.0,77661.18,1777106078000
1777106080.049,280.049,0.99,0.99,0.01,0.01,0.0,0.0,77661.18,1777106078000
1777106080.535,280.535,0.99,0.99,0.01,0.01,0.0,0.0,77661.58,1777106079000
1777106081.245,281.245,0.99,0.99,0.01,0.01,0.0,0.0,77661.18,1777106080000
1777106081.837,281.837,0.99,0.99,0.01,0.01,0.0,0.0,77661.18,1777106080000
1777106082.223,282.223,0.99,0.99,0.01,0.01,0.0,0.0,77661.67,1777106081000
1777106083.244,283.244,0.99,0.99,0.01,0.01,0.0,0.0,77661.68,1777106082000
1777106083.865,283.865,0.99,0.99,0.01,0.01,0.0,0.0,77661.68,1777106082000
1777106084.319,284.319,0.99,0.99,0.01,0.01,0.0,0.0,77661.72,1777106083000
1777106084.85,284.85,0.99,0.99,0.01,0.01,0.0,0.0,77661.72,1777106083000
1777106085.2,285.2,0.99,0.99,0.01,0.01,0.0,0.0,77661.72,1777106084000
1777106086.105,286.105,0.99,0.99,0.01,0.01,0.0,0.0,77661.72,1777106084000
1777106087.274,287.274,0.99,0.99,0.01,0.01,0.0,0.0,77661.74,1777106086000
1777106087.76,287.76,0.99,0.99,0.01,0.01,0.0,0.0,77661.74,1777106086000
1777106088.215,288.215,0.99,0.99,0.01,0.01,0.0,0.0,77661.74,1777106086000
1777106088.972,288.972,0.99,0.99,0.01,0.01,0.0,0.0,77661.79,1777106087000
1777106089.336,289.336,0.99,0.99,0.01,0.01,0.0,0.0,77661.8,1777106088000
1777106090.336,290.336,0.99,0.99,0.01,0.01,0.0,0.0,77661.69,1777106089000
1777106091.322,291.322,0.99,0.99,0.01,0.01,0.0,0.0,77661.76,1777106090000
1777106091.83,291.83,0.99,0.99,0.01,0.01,0.0,0.0,77661.76,1777106090000
1777106092.8,292.8,0.99,0.99,0.01,0.01,0.0,0.0,77661.77,1777106091000
1777106093.338,293.338,0.99,0.99,0.01,0.01,0.0,0.0,77661.77,1777106092000
1777106094.27,294.27,0.99,0.99,0.01,0.01,0.0,0.0,77661.77,1777106092000
1777106094.695,294.695,0.99,0.99,0.01,0.01,0.0,0.0,77661.86,1777106093000
1777106095.359,295.359,0.99,0.99,0.01,0.01,0.0,0.0,77661.86,1777106094000
1777106096.206,296.206,0.99,0.99,0.01,0.01,0.0,0.0,77661.86,1777106094000
1777106097.281,297.281,0.99,0.99,0.01,0.01,0.0,0.0,77664.18,1777106096000
1777106097.865,297.865,0.99,0.99,0.01,0.01,0.0,0.0,77664.18,1777106096000
1777106098.207,298.207,0.99,0.99,0.01,0.01,0.0,0.0,77663.91,1777106097000
1777106099.223,299.223,0.99,0.99,0.01,0.01,0.0,0.0,77663.91,1777106098000
1777106100.117,300.117,0.99,0.99,0.01,0.01,0.0,0.0,77663.86,1777106099000
1777106100.926,300.926,0.99,0.99,0.01,0.01,0.0,0.0,77663.86,1777106099000

# RESULT,winner=Up,slug=btc-updown-5m-1777105800,ticks=608
