timestamp,elapsed_sec,up_bid,up_ask,down_bid,down_ask,up_spread,down_spread,btc_price,btc_oracle_ts
1777267500.526,0.526,0.6,0.61,0.39,0.4,0.01,0.01,77998.82,1777267499000
1777267500.889,0.889,0.6,0.61,0.39,0.4,0.01,0.01,77998.82,1777267499000
1777267501.235,1.235,0.6,0.61,0.39,0.4,0.01,0.01,78003.12,1777267500000
1777267501.586,1.586,0.6,0.61,0.39,0.4,0.01,0.01,78003.12,1777267500000
1777267501.958,1.958,0.6,0.61,0.39,0.4,0.01,0.01,78003.12,1777267500000
1777267502.292,2.292,0.6,0.61,0.39,0.4,0.01,0.01,78003.12,1777267500000
1777267502.63,2.63,0.6,0.61,0.39,0.4,0.01,0.01,78003.79,1777267501000
1777267502.968,2.968,0.6,0.61,0.39,0.4,0.01,0.01,78003.79,1777267501000
1777267503.303,3.303,0.6,0.61,0.39,0.4,0.01,0.01,78003.04,1777267502000
1777267503.664,3.664,0.6,0.61,0.39,0.4,0.01,0.01,78003.04,1777267502000
1777267504.017,4.017,0.6,0.61,0.39,0.4,0.01,0.01,78003.04,1777267502000
1777267504.365,4.365,0.6,0.61,0.39,0.4,0.01,0.01,77999.16,1777267503000
1777267504.709,4.709,0.6,0.61,0.39,0.4,0.01,0.01,77999.16,1777267503000
1777267505.087,5.087,0.6,0.61,0.39,0.4,0.01,0.01,77999.16,1777267503000
1777267505.428,5.428,0.6,0.61,0.39,0.4,0.01,0.01,77999.16,1777267503000
1777267505.763,5.763,0.6,0.61,0.39,0.4,0.01,0.01,77991.79,1777267504000
1777267506.109,6.109,0.6,0.61,0.39,0.4,0.01,0.01,77989.87,1777267505000
1777267506.446,6.446,0.6,0.61,0.39,0.4,0.01,0.01,77989.87,1777267505000
1777267506.826,6.826,0.6,0.61,0.39,0.4,0.01,0.01,77989.87,1777267505000
1777267507.21,7.21,0.6,0.61,0.39,0.4,0.01,0.01,77989.87,1777267505000
1777267507.615,7.615,0.6,0.61,0.39,0.4,0.01,0.01,77989.1,1777267506000
1777267508.327,8.327,0.61,0.62,0.38,0.39,0.01,0.01,77989.1,1777267506000
1777267508.691,8.691,0.6,0.62,0.38,0.39,0.02,0.01,77989.75,1777267507000
1777267509.204,9.204,0.61,0.62,0.38,0.39,0.01,0.01,77990.39,1777267508000
1777267509.549,9.549,0.6,0.62,0.38,0.39,0.02,0.01,77990.39,1777267508000
1777267509.96,9.96,0.6,0.61,0.39,0.4,0.01,0.01,77991.98,1777267509000
1777267510.319,10.319,0.6,0.61,0.39,0.4,0.01,0.01,77991.98,1777267509000
1777267510.663,10.663,0.6,0.61,0.39,0.4,0.01,0.01,77991.98,1777267509000
1777267511.041,11.041,0.6,0.61,0.39,0.4,0.01,0.01,77990.68,1777267510000
1777267511.397,11.397,0.6,0.61,0.39,0.4,0.01,0.01,77990.68,1777267510000
1777267511.774,11.774,0.6,0.61,0.39,0.4,0.01,0.01,77990.68,1777267510000
1777267512.112,12.112,0.6,0.61,0.39,0.4,0.01,0.01,77990.3,1777267511000
1777267512.448,12.448,0.6,0.61,0.39,0.4,0.01,0.01,77990.3,1777267511000
1777267512.818,12.818,0.6,0.61,0.39,0.4,0.01,0.01,77990.3,1777267511000
1777267513.308,13.308,0.6,0.61,0.39,0.4,0.01,0.01,77990.3,1777267512000
1777267513.68,13.68,0.6,0.61,0.39,0.4,0.01,0.01,77990.3,1777267512000
1777267514.038,14.038,0.6,0.61,0.39,0.4,0.01,0.01,77990.3,1777267512000
1777267514.373,14.373,0.6,0.61,0.39,0.4,0.01,0.01,77984.65,1777267513000
1777267514.79,14.79,0.6,0.61,0.39,0.4,0.01,0.01,77984.65,1777267513000
1777267515.125,15.125,0.6,0.61,0.39,0.4,0.01,0.01,77981.2,1777267514000
1777267516.236,16.236,0.6,0.61,0.39,0.4,0.01,0.01,77979.51,1777267515000
1777267516.611,16.611,0.6,0.61,0.39,0.4,0.01,0.01,77979.51,1777267515000
1777267517.005,17.005,0.6,0.61,0.39,0.4,0.01,0.01,77979.51,1777267515000
1777267517.69,17.69,0.6,0.61,0.39,0.4,0.01,0.01,77977.02,1777267516000
1777267518.031,18.031,0.6,0.61,0.39,0.4,0.01,0.01,77966.64,1777267517000
1777267518.385,18.385,0.6,0.61,0.39,0.4,0.01,0.01,77966.64,1777267517000
1777267518.722,18.722,0.6,0.61,0.39,0.4,0.01,0.01,77966.64,1777267517000
1777267519.056,19.056,0.6,0.61,0.39,0.4,0.01,0.01,77945.26,1777267518000
1777267519.395,19.395,0.6,0.61,0.39,0.4,0.01,0.01,77945.26,1777267518000
1777267519.732,19.732,0.56,0.6,0.4,0.44,0.04,0.04,77945.26,1777267518000
1777267520.07,20.07,0.53,0.56,0.44,0.47,0.03,0.03,77945.26,1777267518000
1777267520.501,20.501,0.52,0.53,0.46,0.47,0.01,0.01,77941.15,1777267519000
1777267520.835,20.835,0.52,0.53,0.47,0.48,0.01,0.01,77941.15,1777267519000
1777267521.174,21.174,0.5,0.53,0.47,0.48,0.03,0.01,77941.15,1777267519000
1777267521.518,21.518,0.5,0.51,0.49,0.5,0.01,0.01,77941.92,1777267520000
1777267522.036,22.036,0.5,0.51,0.49,0.5,0.01,0.01,77941.92,1777267520000
1777267522.386,22.386,0.5,0.51,0.49,0.5,0.01,0.01,77941.92,1777267520000
1777267522.956,22.956,0.5,0.51,0.49,0.5,0.01,0.01,77935.52,1777267521000
1777267523.442,23.442,0.5,0.51,0.49,0.5,0.01,0.01,77935.52,1777267522000
1777267523.776,23.776,0.5,0.51,0.49,0.5,0.01,0.01,77935.52,1777267522000
1777267524.153,24.153,0.5,0.52,0.48,0.5,0.02,0.02,77935.38,1777267523000
1777267524.516,24.516,0.5,0.52,0.48,0.5,0.02,0.02,77935.38,1777267523000
1777267524.857,24.857,0.5,0.51,0.49,0.5,0.01,0.01,77935.38,1777267523000
1777267525.22,25.22,0.5,0.51,0.49,0.5,0.01,0.01,77939.42,1777267524000
1777267525.557,25.557,0.5,0.51,0.49,0.5,0.01,0.01,77939.42,1777267524000
1777267525.893,25.893,0.5,0.51,0.49,0.5,0.01,0.01,77939.42,1777267524000
1777267526.234,26.234,0.47,0.5,0.5,0.52,0.03,0.02,77939.42,1777267524000
1777267526.574,26.574,0.46,0.47,0.53,0.54,0.01,0.01,77939.42,1777267524000
1777267526.953,26.953,0.43,0.44,0.55,0.57,0.01,0.02,77940.52,1777267525000
1777267527.304,27.304,0.42,0.43,0.57,0.58,0.01,0.01,77940.52,1777267525000
1777267527.738,27.738,0.42,0.43,0.57,0.58,0.01,0.01,77940.37,1777267526000
1777267528.118,28.118,0.42,0.43,0.57,0.58,0.01,0.01,77940.37,1777267526000
1777267528.465,28.465,0.42,0.43,0.57,0.58,0.01,0.01,77939.7,1777267527000
1777267528.799,28.799,0.42,0.43,0.57,0.58,0.01,0.01,77939.7,1777267527000
1777267529.136,29.136,0.4,0.42,0.58,0.6,0.02,0.02,77939.7,1777267527000
1777267529.526,29.526,0.4,0.41,0.59,0.6,0.01,0.01,77939.7,1777267527000
1777267529.935,29.935,0.4,0.41,0.59,0.6,0.01,0.01,77938.44,1777267528000
1777267530.282,30.282,0.4,0.41,0.59,0.6,0.01,0.01,77938.38,1777267529000
1777267530.688,30.688,0.4,0.41,0.59,0.6,0.01,0.01,77938.38,1777267529000
1777267531.488,31.488,0.4,0.41,0.59,0.6,0.01,0.01,77933.83,1777267530000
1777267531.875,31.875,0.35,0.41,0.59,0.65,0.06,0.06,77933.83,1777267530000
1777267532.226,32.226,0.35,0.39,0.61,0.65,0.04,0.04,77933.53,1777267531000
1777267532.597,32.597,0.36,0.4,0.6,0.64,0.04,0.04,77933.53,1777267531000
1777267533.058,33.058,0.37,0.38,0.62,0.63,0.01,0.01,77933.53,1777267531000
1777267533.443,33.443,0.35,0.36,0.63,0.65,0.01,0.02,77933.53,1777267531000
1777267533.798,33.798,0.35,0.36,0.64,0.65,0.01,0.01,77928.99,1777267532000
1777267534.144,34.144,0.35,0.36,0.64,0.65,0.01,0.01,77928.21,1777267533000
1777267534.531,34.531,0.36,0.37,0.64,0.65,0.01,0.01,77928.21,1777267533000
1777267534.876,34.876,0.36,0.37,0.63,0.64,0.01,0.01,77928.21,1777267533000
1777267535.227,35.227,0.36,0.37,0.63,0.64,0.01,0.01,77928.21,1777267533000
1777267535.562,35.562,0.36,0.37,0.63,0.64,0.01,0.01,77922.92,1777267534000
1777267535.922,35.922,0.37,0.38,0.62,0.63,0.01,0.01,77922.92,1777267534000
1777267536.272,36.272,0.37,0.38,0.62,0.63,0.01,0.01,77921.98,1777267535000
1777267536.625,36.625,0.37,0.38,0.62,0.63,0.01,0.01,77921.98,1777267535000
1777267536.958,36.958,0.37,0.38,0.62,0.63,0.01,0.01,77921.98,1777267535000
1777267537.475,37.475,0.37,0.38,0.62,0.63,0.01,0.01,77921.98,1777267535000
1777267537.929,37.929,0.37,0.38,0.61,0.63,0.01,0.02,77921.91,1777267536000
1777267538.33,38.33,0.37,0.38,0.62,0.63,0.01,0.01,77923.47,1777267537000
1777267538.992,38.992,0.37,0.38,0.62,0.63,0.01,0.01,77923.47,1777267537000
1777267539.388,39.388,0.37,0.4,0.59,0.63,0.03,0.04,77923.47,1777267537000
1777267539.753,39.753,0.39,0.4,0.6,0.61,0.01,0.01,77927.58,1777267538000
1777267540.105,40.105,0.39,0.4,0.6,0.61,0.01,0.01,77927.58,1777267538000
1777267540.449,40.449,0.39,0.4,0.6,0.61,0.01,0.01,77927.58,1777267538000
1777267541.034,41.034,0.39,0.4,0.6,0.61,0.01,0.01,77926.37,1777267540000
1777267541.372,41.372,0.3,0.36,0.64,0.7,0.06,0.06,77926.37,1777267540000
1777267541.706,41.706,0.3,0.34,0.66,0.7,0.04,0.04,77926.37,1777267540000
1777267542.057,42.057,0.28,0.31,0.69,0.72,0.03,0.03,77926.37,1777267540000
1777267542.437,42.437,0.28,0.29,0.7,0.71,0.01,0.01,77931.72,1777267541000
1777267542.798,42.798,0.26,0.27,0.73,0.74,0.01,0.01,77931.72,1777267541000
1777267543.216,43.216,0.26,0.27,0.73,0.74,0.01,0.01,77916.82,1777267542000
1777267543.598,43.598,0.26,0.27,0.73,0.74,0.01,0.01,77916.82,1777267542000
1777267543.975,43.975,0.26,0.27,0.73,0.74,0.01,0.01,77916.82,1777267542000
1777267544.314,44.314,0.26,0.27,0.7,0.74,0.01,0.04,77916.82,1777267542000
1777267544.658,44.658,0.26,0.27,0.73,0.74,0.01,0.01,77887.63,1777267543000
1777267545.071,45.071,0.25,0.26,0.73,0.75,0.01,0.02,77886.76,1777267544000
1777267545.999,45.999,0.25,0.26,0.74,0.75,0.01,0.01,77886.76,1777267544000
1777267546.353,46.353,0.25,0.26,0.74,0.75,0.01,0.01,77886.76,1777267544000
1777267546.703,46.703,0.27,0.28,0.72,0.73,0.01,0.01,77886.01,1777267545000
1777267547.139,47.139,0.27,0.28,0.72,0.73,0.01,0.01,77887.09,1777267546000
1777267547.528,47.528,0.27,0.3,0.72,0.73,0.03,0.01,77887.09,1777267546000
1777267547.907,47.907,0.29,0.3,0.7,0.71,0.01,0.01,77887.09,1777267546000
1777267548.351,48.351,0.29,0.3,0.7,0.71,0.01,0.01,77889.98,1777267547000
1777267548.699,48.699,0.3,0.31,0.69,0.7,0.01,0.01,77889.98,1777267547000
1777267549.177,49.177,0.32,0.33,0.67,0.68,0.01,0.01,77889.98,1777267547000
1777267549.546,49.546,0.31,0.33,0.67,0.69,0.02,0.02,77891.32,1777267548000
1777267549.972,49.972,0.28,0.29,0.7,0.72,0.01,0.02,77891.32,1777267548000
1777267550.481,50.481,0.28,0.29,0.71,0.72,0.01,0.01,77891.64,1777267549000
1777267550.815,50.815,0.28,0.29,0.71,0.72,0.01,0.01,77891.64,1777267549000
1777267551.172,51.172,0.25,0.26,0.74,0.75,0.01,0.01,77893.15,1777267550000
1777267551.532,51.532,0.22,0.24,0.76,0.78,0.02,0.02,77893.15,1777267550000
1777267552.06,52.06,0.22,0.23,0.77,0.79,0.01,0.02,77893.15,1777267550000
1777267552.394,52.394,0.21,0.23,0.77,0.79,0.02,0.02,77893.15,1777267550000
1777267552.737,52.737,0.21,0.22,0.78,0.79,0.01,0.01,77873.55,1777267551000
1777267553.077,53.077,0.21,0.22,0.78,0.79,0.01,0.01,77873.55,1777267551000
1777267553.723,53.723,0.21,0.22,0.78,0.79,0.01,0.01,77869.89,1777267552000
1777267554.088,54.088,0.21,0.22,0.78,0.79,0.01,0.01,77869.89,1777267552000
1777267554.524,54.524,0.21,0.22,0.78,0.79,0.01,0.01,77850.17,1777267553000
1777267554.857,54.857,0.21,0.23,0.78,0.79,0.02,0.01,77850.17,1777267553000
1777267555.237,55.237,0.21,0.22,0.76,0.79,0.01,0.03,77851.01,1777267554000
1777267555.596,55.596,0.21,0.22,0.78,0.79,0.01,0.01,77851.01,1777267554000
1777267555.932,55.932,0.24,0.25,0.75,0.77,0.01,0.02,77851.01,1777267554000
1777267556.272,56.272,0.24,0.25,0.75,0.76,0.01,0.01,77851.01,1777267554000
1777267556.644,56.644,0.24,0.25,0.75,0.76,0.01,0.01,77854.21,1777267555000
1777267557.002,57.002,0.24,0.25,0.75,0.76,0.01,0.01,77854.21,1777267556000
1777267557.338,57.338,0.24,0.25,0.75,0.76,0.01,0.01,77854.21,1777267556000
1777267557.726,57.726,0.24,0.25,0.71,0.76,0.01,0.05,77854.21,1777267556000
1777267558.176,58.176,0.22,0.23,0.77,0.78,0.01,0.01,77854.21,1777267556000
1777267558.654,58.654,0.22,0.23,0.77,0.78,0.01,0.01,77854.07,1777267557000
1777267559.006,59.006,0.23,0.24,0.76,0.77,0.01,0.01,77854.07,1777267557000
1777267559.418,59.418,0.23,0.24,0.76,0.77,0.01,0.01,77854.07,1777267557000
1777267559.834,59.834,0.23,0.25,0.76,0.77,0.02,0.01,77857.32,1777267558000
1777267560.221,60.221,0.23,0.25,0.75,0.77,0.02,0.02,77854.49,1777267559000
1777267560.556,60.556,0.24,0.25,0.75,0.76,0.01,0.01,77854.49,1777267559000
1777267561.143,61.143,0.24,0.25,0.75,0.76,0.01,0.01,77854.49,1777267559000
1777267561.706,61.706,0.24,0.25,0.75,0.76,0.01,0.01,77851.45,1777267560000
1777267562.123,62.123,0.24,0.25,0.75,0.76,0.01,0.01,77857.73,1777267561000
1777267562.461,62.461,0.24,0.25,0.75,0.76,0.01,0.01,77857.73,1777267561000
1777267562.799,62.799,0.23,0.24,0.76,0.77,0.01,0.01,77857.73,1777267561000
1777267563.198,63.198,0.19,0.21,0.75,0.84,0.02,0.09,77856.41,1777267562000
1777267563.551,63.551,0.16,0.17,0.83,0.84,0.01,0.01,77856.41,1777267562000
1777267563.884,63.884,0.16,0.17,0.83,0.84,0.01,0.01,77852.85,1777267563000
1777267564.321,64.321,0.17,0.18,0.82,0.83,0.01,0.01,77852.85,1777267563000
1777267564.664,64.664,0.17,0.18,0.82,0.83,0.01,0.01,77852.85,1777267563000
1777267565.176,65.176,0.17,0.18,0.82,0.83,0.01,0.01,77847.64,1777267564000
1777267565.512,65.512,0.18,0.2,0.8,0.82,0.02,0.02,77847.64,1777267564000
1777267565.902,65.902,0.19,0.2,0.8,0.81,0.01,0.01,77847.64,1777267564000
1777267566.273,66.273,0.18,0.19,0.81,0.82,0.01,0.01,77844.63,1777267565000
1777267567.07,67.07,0.18,0.19,0.81,0.82,0.01,0.01,77848.04,1777267566000
1777267567.409,67.409,0.19,0.2,0.8,0.81,0.01,0.01,77848.04,1777267566000
1777267568.101,68.101,0.19,0.21,0.79,0.81,0.02,0.02,77847.78,1777267567000
1777267568.543,68.543,0.19,0.2,0.79,0.81,0.01,0.02,77847.78,1777267567000
1777267568.894,68.894,0.19,0.2,0.8,0.82,0.01,0.02,77847.78,1777267567000
1777267569.369,69.369,0.19,0.2,0.8,0.81,0.01,0.01,77849.78,1777267568000
1777267569.714,69.714,0.19,0.2,0.8,0.81,0.01,0.01,77849.78,1777267568000
1777267570.05,70.05,0.23,0.24,0.76,0.77,0.01,0.01,77856.36,1777267569000
1777267570.389,70.389,0.23,0.24,0.76,0.77,0.01,0.01,77856.36,1777267569000
1777267570.767,70.767,0.21,0.23,0.77,0.78,0.02,0.01,77856.36,1777267569000
1777267571.147,71.147,0.2,0.21,0.79,0.8,0.01,0.01,77868.33,1777267570000
1777267571.557,71.557,0.23,0.24,0.75,0.8,0.01,0.05,77868.33,1777267570000
1777267571.907,71.907,0.24,0.25,0.76,0.77,0.01,0.01,77868.33,1777267570000
1777267572.283,72.283,0.23,0.25,0.75,0.76,0.02,0.01,77870.32,1777267571000
1777267572.653,72.653,0.18,0.21,0.79,0.8,0.03,0.01,77870.32,1777267571000
1777267573.062,73.062,0.18,0.19,0.81,0.82,0.01,0.01,77870.32,1777267571000
1777267573.574,73.574,0.18,0.19,0.81,0.82,0.01,0.01,77870.2,1777267572000
1777267573.908,73.908,0.18,0.19,0.81,0.82,0.01,0.01,77870.2,1777267572000
1777267574.241,74.241,0.18,0.19,0.81,0.82,0.01,0.01,77870.2,1777267572000
1777267574.639,74.639,0.22,0.23,0.77,0.78,0.01,0.01,77870.2,1777267572000
1777267575.013,75.013,0.23,0.24,0.76,0.77,0.01,0.01,77852.45,1777267573000
1777267575.787,75.787,0.24,0.25,0.75,0.76,0.01,0.01,77852.28,1777267574000
1777267576.437,76.437,0.24,0.25,0.75,0.76,0.01,0.01,77848.66,1777267575000
1777267576.798,76.798,0.23,0.25,0.75,0.77,0.02,0.02,77848.66,1777267575000
1777267577.155,77.155,0.23,0.25,0.75,0.77,0.02,0.02,77849.5,1777267576000
1777267577.575,77.575,0.24,0.25,0.75,0.76,0.01,0.01,77849.5,1777267576000
1777267578.083,78.083,0.24,0.25,0.75,0.76,0.01,0.01,77849.5,1777267576000
1777267578.455,78.455,0.24,0.25,0.75,0.76,0.01,0.01,77853.9,1777267577000
1777267578.84,78.84,0.25,0.26,0.74,0.75,0.01,0.01,77853.9,1777267577000
1777267579.302,79.302,0.25,0.26,0.74,0.75,0.01,0.01,77862.72,1777267578000
1777267579.747,79.747,0.25,0.26,0.74,0.75,0.01,0.01,77862.72,1777267578000
1777267580.086,80.086,0.27,0.28,0.72,0.73,0.01,0.01,77862.72,1777267578000
1777267580.455,80.455,0.26,0.27,0.73,0.74,0.01,0.01,77866.14,1777267579000
1777267580.847,80.847,0.26,0.27,0.73,0.74,0.01,0.01,77866.14,1777267579000
1777267581.278,81.278,0.29,0.3,0.7,0.73,0.01,0.03,77866.14,1777267579000
1777267581.701,81.701,0.29,0.3,0.7,0.71,0.01,0.01,77871.47,1777267580000
1777267582.111,82.111,0.27,0.29,0.71,0.72,0.02,0.01,77878.32,1777267581000
1777267582.579,82.579,0.27,0.28,0.71,0.73,0.01,0.02,77878.32,1777267581000
1777267582.952,82.952,0.27,0.28,0.72,0.73,0.01,0.01,77878.32,1777267581000
1777267583.854,83.854,0.26,0.28,0.72,0.74,0.02,0.02,77883.01,1777267582000
1777267584.291,84.291,0.27,0.28,0.72,0.74,0.01,0.02,77876.89,1777267583000
1777267584.69,84.69,0.25,0.27,0.73,0.75,0.02,0.02,77876.89,1777267583000
1777267585.152,85.152,0.23,0.28,0.72,0.77,0.05,0.05,77868.56,1777267584000
1777267585.485,85.485,0.24,0.25,0.75,0.76,0.01,0.01,77868.56,1777267584000
1777267585.865,85.865,0.24,0.25,0.75,0.76,0.01,0.01,77868.56,1777267584000
1777267586.205,86.205,0.24,0.25,0.75,0.76,0.01,0.01,77868.56,1777267584000
1777267586.836,86.836,0.22,0.23,0.77,0.78,0.01,0.01,77865.05,1777267585000
1777267587.201,87.201,0.22,0.23,0.77,0.78,0.01,0.01,77863.6,1777267586000
1777267587.697,87.697,0.21,0.22,0.78,0.79,0.01,0.01,77863.6,1777267586000
1777267588.07,88.07,0.21,0.22,0.78,0.79,0.01,0.01,77863.6,1777267586000
1777267588.539,88.539,0.21,0.22,0.78,0.79,0.01,0.01,77863.6,1777267586000
1777267588.891,88.891,0.21,0.22,0.78,0.79,0.01,0.01,77863.6,1777267586000
1777267589.467,89.467,0.21,0.22,0.78,0.79,0.01,0.01,77866.39,1777267587000
1777267589.805,89.805,0.21,0.22,0.78,0.79,0.01,0.01,77866.68,1777267588000
1777267590.415,90.415,0.22,0.23,0.75,0.79,0.01,0.04,77865.87,1777267589000
1777267590.8,90.8,0.24,0.25,0.75,0.76,0.01,0.01,77865.87,1777267589000
1777267591.193,91.193,0.24,0.25,0.75,0.76,0.01,0.01,77867.19,1777267590000
1777267592.146,92.146,0.24,0.25,0.75,0.76,0.01,0.01,77867.19,1777267590000
1777267592.524,92.524,0.24,0.25,0.75,0.76,0.01,0.01,77868.62,1777267591000
1777267592.932,92.932,0.24,0.25,0.75,0.76,0.01,0.01,77868.62,1777267591000
1777267593.293,93.293,0.24,0.25,0.75,0.76,0.01,0.01,77868.62,1777267591000
1777267593.715,93.715,0.24,0.25,0.75,0.76,0.01,0.01,77869.04,1777267592000
1777267594.059,94.059,0.24,0.25,0.75,0.76,0.01,0.01,77872.91,1777267593000
1777267594.598,94.598,0.23,0.24,0.75,0.76,0.01,0.01,77872.91,1777267593000
1777267594.935,94.935,0.23,0.24,0.76,0.77,0.01,0.01,77874.6,1777267594000
1777267595.318,95.318,0.23,0.24,0.76,0.77,0.01,0.01,77874.6,1777267594000
1777267595.669,95.669,0.23,0.24,0.76,0.77,0.01,0.01,77874.6,1777267594000
1777267596.066,96.066,0.23,0.24,0.76,0.77,0.01,0.01,77869.29,1777267595000
1777267596.463,96.463,0.23,0.24,0.76,0.77,0.01,0.01,77869.29,1777267595000
1777267596.849,96.849,0.23,0.24,0.76,0.77,0.01,0.01,77869.29,1777267595000
1777267597.202,97.202,0.23,0.24,0.76,0.77,0.01,0.01,77869.29,1777267595000
1777267597.558,97.558,0.23,0.24,0.76,0.77,0.01,0.01,77871.38,1777267596000
1777267598.047,98.047,0.23,0.24,0.76,0.77,0.01,0.01,77871.38,1777267596000
1777267598.534,98.534,0.23,0.24,0.76,0.77,0.01,0.01,77873.52,1777267597000
1777267598.946,98.946,0.23,0.24,0.76,0.77,0.01,0.01,77873.52,1777267597000
1777267599.769,99.769,0.23,0.24,0.76,0.77,0.01,0.01,77878.48,1777267598000
1777267600.228,100.228,0.21,0.22,0.78,0.79,0.01,0.01,77878.48,1777267598000
1777267600.71,100.71,0.21,0.22,0.78,0.79,0.01,0.01,77878.89,1777267599000
1777267601.484,101.484,0.21,0.22,0.78,0.79,0.01,0.01,77873.42,1777267600000
1777267601.845,101.845,0.21,0.22,0.78,0.79,0.01,0.01,77873.42,1777267600000
1777267602.218,102.218,0.22,0.23,0.77,0.79,0.01,0.02,77873.42,1777267601000
1777267602.576,102.576,0.22,0.23,0.77,0.78,0.01,0.01,77873.42,1777267601000
1777267602.937,102.937,0.23,0.24,0.76,0.78,0.01,0.02,77873.42,1777267601000
1777267603.452,103.452,0.25,0.26,0.74,0.75,0.01,0.01,77873.42,1777267601000
1777267603.815,103.815,0.25,0.26,0.74,0.75,0.01,0.01,77879.3,1777267602000
1777267604.159,104.159,0.21,0.23,0.77,0.78,0.02,0.01,77879.61,1777267603000
1777267604.537,104.537,0.21,0.22,0.78,0.79,0.01,0.01,77879.61,1777267603000
1777267604.892,104.892,0.21,0.22,0.78,0.79,0.01,0.01,77879.61,1777267603000
1777267605.231,105.231,0.21,0.22,0.78,0.79,0.01,0.01,77882.25,1777267604000
1777267605.608,105.608,0.21,0.22,0.78,0.79,0.01,0.01,77882.25,1777267604000
1777267606.089,106.089,0.21,0.22,0.78,0.79,0.01,0.01,77879.54,1777267605000
1777267606.435,106.435,0.21,0.22,0.78,0.79,0.01,0.01,77879.54,1777267605000
1777267606.788,106.788,0.21,0.22,0.78,0.79,0.01,0.01,77879.54,1777267605000
1777267607.168,107.168,0.21,0.22,0.78,0.79,0.01,0.01,77880.5,1777267606000
1777267607.735,107.735,0.21,0.22,0.78,0.79,0.01,0.01,77880.5,1777267606000
1777267608.128,108.128,0.21,0.22,0.78,0.79,0.01,0.01,77880.5,1777267606000
1777267608.59,108.59,0.21,0.22,0.78,0.79,0.01,0.01,77881.06,1777267607000
1777267609.071,109.071,0.21,0.22,0.78,0.79,0.01,0.01,77881.06,1777267607000
1777267609.475,109.475,0.26,0.27,0.73,0.75,0.01,0.02,77884.75,1777267608000
1777267609.811,109.811,0.26,0.27,0.73,0.74,0.01,0.01,77884.75,1777267608000
1777267610.146,110.146,0.26,0.27,0.73,0.74,0.01,0.01,77887.1,1777267609000
1777267610.589,110.589,0.25,0.27,0.73,0.74,0.02,0.01,77887.1,1777267609000
1777267611.013,111.013,0.25,0.26,0.74,0.75,0.01,0.01,77887.1,1777267609000
1777267611.384,111.384,0.25,0.26,0.74,0.75,0.01,0.01,77891.7,1777267610000
1777267611.827,111.827,0.25,0.26,0.75,0.76,0.01,0.01,77891.7,1777267610000
1777267612.196,112.196,0.25,0.26,0.74,0.75,0.01,0.01,77895.24,1777267611000
1777267612.552,112.552,0.26,0.27,0.73,0.74,0.01,0.01,77895.24,1777267611000
1777267613.115,113.115,0.26,0.27,0.73,0.74,0.01,0.01,77895.24,1777267611000
1777267613.466,113.466,0.26,0.27,0.73,0.74,0.01,0.01,77894.01,1777267612000
1777267613.83,113.83,0.26,0.27,0.73,0.74,0.01,0.01,77894.01,1777267612000
1777267614.22,114.22,0.26,0.27,0.73,0.74,0.01,0.01,77895.28,1777267613000
1777267614.605,114.605,0.26,0.27,0.73,0.74,0.01,0.01,77895.28,1777267613000
1777267614.988,114.988,0.26,0.27,0.73,0.74,0.01,0.01,77895.28,1777267613000
1777267615.419,115.419,0.26,0.27,0.73,0.74,0.01,0.01,77898.02,1777267614000
1777267615.825,115.825,0.26,0.27,0.73,0.74,0.01,0.01,77898.02,1777267614000
1777267616.165,116.165,0.26,0.27,0.73,0.74,0.01,0.01,77898.02,1777267614000
1777267616.635,116.635,0.26,0.27,0.73,0.74,0.01,0.01,77898.02,1777267614000
1777267617.004,117.004,0.29,0.3,0.7,0.71,0.01,0.01,77900.9,1777267615000
1777267617.347,117.347,0.28,0.29,0.71,0.72,0.01,0.01,77900.9,1777267615000
1777267617.757,117.757,0.27,0.28,0.72,0.73,0.01,0.01,77900.9,1777267615000
1777267618.199,118.199,0.27,0.28,0.72,0.73,0.01,0.01,77902.78,1777267616000
1777267618.709,118.709,0.27,0.28,0.72,0.73,0.01,0.01,77902.78,1777267616000
1777267619.073,119.073,0.23,0.27,0.73,0.76,0.04,0.03,77907.64,1777267617000
1777267619.582,119.582,0.25,0.26,0.74,0.75,0.01,0.01,77907.69,1777267618000
1777267620.185,120.185,0.25,0.26,0.74,0.75,0.01,0.01,77907.69,1777267618000
1777267620.577,120.577,0.25,0.3,0.74,0.75,0.05,0.01,77907.66,1777267619000
1777267620.924,120.924,0.29,0.3,0.7,0.71,0.01,0.01,77907.66,1777267619000
1777267621.485,121.485,0.29,0.3,0.7,0.71,0.01,0.01,77907.83,1777267620000
1777267622.346,122.346,0.29,0.3,0.7,0.71,0.01,0.01,77909.59,1777267621000
1777267622.811,122.811,0.29,0.3,0.7,0.72,0.01,0.02,77909.59,1777267621000
1777267623.145,123.145,0.29,0.31,0.69,0.71,0.02,0.02,77921.45,1777267622000
1777267623.566,123.566,0.29,0.3,0.7,0.71,0.01,0.01,77921.45,1777267622000
1777267623.903,123.903,0.29,0.3,0.7,0.71,0.01,0.01,77921.45,1777267622000
1777267624.431,124.431,0.29,0.3,0.7,0.71,0.01,0.01,77921.45,1777267622000
1777267624.772,124.772,0.3,0.33,0.69,0.7,0.03,0.01,77921.45,1777267622000
1777267625.123,125.123,0.31,0.32,0.68,0.69,0.01,0.01,77928.69,1777267623000
1777267625.461,125.461,0.31,0.34,0.68,0.69,0.03,0.01,77928.69,1777267623000
1777267625.795,125.795,0.34,0.35,0.65,0.66,0.01,0.01,77928.69,1777267623000
1777267626.129,126.129,0.35,0.43,0.57,0.65,0.08,0.08,77927.17,1777267624000
1777267626.466,126.466,0.4,0.41,0.59,0.6,0.01,0.01,77927.17,1777267624000
1777267626.858,126.858,0.39,0.41,0.59,0.61,0.02,0.02,77927.17,1777267624000
1777267627.203,127.203,0.4,0.41,0.59,0.6,0.01,0.01,77929.03,1777267625000
1777267627.544,127.544,0.39,0.4,0.6,0.62,0.01,0.02,77929.03,1777267625000
1777267627.887,127.887,0.39,0.4,0.6,0.61,0.01,0.01,77938.6,1777267626000
1777267628.457,128.457,0.39,0.4,0.6,0.61,0.01,0.01,77959.97,1777267627000
1777267628.819,128.819,0.39,0.44,0.6,0.61,0.05,0.01,77959.97,1777267627000
1777267629.397,129.397,0.37,0.39,0.61,0.64,0.02,0.03,77953.54,1777267628000
1777267629.745,129.745,0.37,0.39,0.61,0.63,0.02,0.02,77953.54,1777267628000
1777267630.133,130.133,0.38,0.39,0.61,0.63,0.01,0.02,77953.54,1777267628000
1777267630.522,130.522,0.38,0.39,0.61,0.62,0.01,0.01,77953.54,1777267628000
1777267630.99,130.99,0.38,0.39,0.61,0.63,0.01,0.02,77953.54,1777267628000
1777267631.414,131.414,0.36,0.37,0.63,0.64,0.01,0.01,77957.99,1777267629000
1777267631.834,131.834,0.36,0.39,0.63,0.64,0.03,0.01,77957.98,1777267630000
1777267632.286,132.286,0.38,0.39,0.59,0.63,0.01,0.04,77957.98,1777267630000
1777267632.629,132.629,0.42,0.43,0.57,0.59,0.01,0.02,77955.99,1777267631000
1777267632.969,132.969,0.41,0.43,0.57,0.6,0.02,0.03,77955.99,1777267631000
1777267633.377,133.377,0.38,0.41,0.58,0.61,0.03,0.03,77958.9,1777267632000
1777267633.729,133.729,0.36,0.37,0.63,0.64,0.01,0.01,77958.9,1777267632000
1777267634.065,134.065,0.37,0.38,0.62,0.63,0.01,0.01,77958.9,1777267632000
1777267634.4,134.4,0.37,0.38,0.62,0.63,0.01,0.01,77958.9,1777267632000
1777267634.882,134.882,0.36,0.37,0.63,0.64,0.01,0.01,77966.05,1777267633000
1777267635.285,135.285,0.36,0.37,0.63,0.64,0.01,0.01,77966.05,1777267633000
1777267635.67,135.67,0.35,0.36,0.63,0.65,0.01,0.02,77966.05,1777267633000
1777267636.264,136.264,0.35,0.36,0.64,0.65,0.01,0.01,77963.7,1777267634000
1777267636.71,136.71,0.35,0.36,0.64,0.65,0.01,0.01,77963.7,1777267634000
1777267637.425,137.425,0.35,0.36,0.64,0.65,0.01,0.01,77960.01,1777267636000
1777267637.766,137.766,0.34,0.36,0.64,0.65,0.02,0.01,77960.01,1777267636000
1777267638.216,138.216,0.34,0.35,0.65,0.66,0.01,0.01,77960.01,1777267636000
1777267638.607,138.607,0.34,0.35,0.65,0.66,0.01,0.01,77956.51,1777267637000
1777267638.951,138.951,0.34,0.35,0.65,0.66,0.01,0.01,77956.51,1777267637000
1777267639.29,139.29,0.34,0.35,0.65,0.66,0.01,0.01,77956.51,1777267637000
1777267639.876,139.876,0.34,0.35,0.65,0.66,0.01,0.01,77959.36,1777267638000
1777267640.23,140.23,0.33,0.34,0.65,0.67,0.01,0.02,77961.22,1777267639000
1777267640.687,140.687,0.34,0.35,0.65,0.66,0.01,0.01,77961.22,1777267639000
1777267641.164,141.164,0.34,0.35,0.65,0.66,0.01,0.01,77961.22,1777267639000
1777267641.536,141.536,0.34,0.35,0.65,0.66,0.01,0.01,77963.3,1777267640000
1777267641.87,141.87,0.34,0.36,0.64,0.66,0.02,0.02,77963.3,1777267640000
1777267642.268,142.268,0.35,0.36,0.64,0.65,0.01,0.01,77963.99,1777267641000
1777267642.767,142.767,0.35,0.36,0.64,0.65,0.01,0.01,77963.99,1777267641000
1777267643.245,143.245,0.35,0.36,0.64,0.65,0.01,0.01,77963.99,1777267641000
1777267643.783,143.783,0.35,0.36,0.64,0.65,0.01,0.01,77964.25,1777267642000
1777267644.165,144.165,0.35,0.36,0.64,0.65,0.01,0.01,77965.84,1777267643000
1777267645.098,145.098,0.35,0.36,0.64,0.65,0.01,0.01,77967.35,1777267644000
1777267646.074,146.074,0.32,0.36,0.64,0.65,0.04,0.01,77967.35,1777267644000
1777267646.416,146.416,0.3,0.35,0.64,0.7,0.05,0.06,77955.55,1777267645000
1777267646.771,146.771,0.21,0.29,0.71,0.79,0.08,0.08,77955.55,1777267645000
1777267647.143,147.143,0.25,0.29,0.71,0.75,0.04,0.04,77955.55,1777267645000
1777267647.512,147.512,0.24,0.26,0.74,0.76,0.02,0.02,77905.15,1777267646000
1777267647.972,147.972,0.23,0.24,0.76,0.77,0.01,0.01,77905.15,1777267646000
1777267648.312,148.312,0.23,0.25,0.75,0.77,0.02,0.02,77905.15,1777267646000
1777267648.874,148.874,0.23,0.24,0.76,0.77,0.01,0.01,77904.69,1777267647000
1777267649.244,149.244,0.23,0.24,0.76,0.77,0.01,0.01,77904.69,1777267647000
1777267649.715,149.715,0.23,0.24,0.76,0.77,0.01,0.01,77912.58,1777267648000
1777267650.098,150.098,0.23,0.24,0.76,0.77,0.01,0.01,77916.04,1777267649000
1777267650.444,150.444,0.22,0.23,0.77,0.78,0.01,0.01,77916.04,1777267649000
1777267650.778,150.778,0.22,0.23,0.77,0.78,0.01,0.01,77916.04,1777267649000
1777267651.12,151.12,0.23,0.24,0.76,0.78,0.01,0.02,77916.04,1777267649000
1777267651.485,151.485,0.24,0.26,0.75,0.76,0.02,0.01,77918.05,1777267650000
1777267651.883,151.883,0.26,0.27,0.73,0.74,0.01,0.01,77918.05,1777267650000
1777267652.275,152.275,0.27,0.28,0.72,0.73,0.01,0.01,77918.05,1777267650000
1777267652.672,152.672,0.27,0.28,0.72,0.73,0.01,0.01,77918.39,1777267651000
1777267653.267,153.267,0.27,0.28,0.72,0.73,0.01,0.01,77918.39,1777267651000
1777267653.689,153.689,0.27,0.28,0.72,0.73,0.01,0.01,77921.82,1777267652000
1777267654.031,154.031,0.27,0.28,0.72,0.73,0.01,0.01,77921.82,1777267652000
1777267654.43,154.43,0.27,0.28,0.72,0.73,0.01,0.01,77926.98,1777267653000
1777267654.843,154.843,0.27,0.28,0.72,0.73,0.01,0.01,77926.98,1777267653000
1777267655.209,155.209,0.3,0.31,0.69,0.7,0.01,0.01,77926.98,1777267653000
1777267655.617,155.617,0.31,0.32,0.68,0.7,0.01,0.02,77929.24,1777267654000
1777267656.027,156.027,0.31,0.34,0.66,0.69,0.03,0.03,77929.24,1777267654000
1777267656.46,156.46,0.3,0.32,0.68,0.69,0.02,0.01,77939.94,1777267655000
1777267656.876,156.876,0.33,0.34,0.66,0.67,0.01,0.01,77939.94,1777267655000
1777267657.377,157.377,0.33,0.34,0.66,0.67,0.01,0.01,77939.94,1777267655000
1777267657.811,157.811,0.32,0.33,0.67,0.68,0.01,0.01,77942.03,1777267656000
1777267658.164,158.164,0.32,0.33,0.67,0.69,0.01,0.02,77942.24,1777267657000
1777267658.747,158.747,0.32,0.33,0.67,0.68,0.01,0.01,77942.24,1777267657000
1777267659.096,159.096,0.3,0.32,0.68,0.7,0.02,0.02,77944.66,1777267658000
1777267659.449,159.449,0.3,0.31,0.69,0.7,0.01,0.01,77944.66,1777267658000
1777267659.877,159.877,0.32,0.33,0.68,0.69,0.01,0.01,77944.66,1777267658000
1777267660.238,160.238,0.32,0.33,0.67,0.68,0.01,0.01,77946.56,1777267659000
1777267660.68,160.68,0.3,0.31,0.67,0.7,0.01,0.03,77946.56,1777267659000
1777267661.022,161.022,0.32,0.33,0.67,0.68,0.01,0.01,77948.11,1777267660000
1777267661.482,161.482,0.32,0.33,0.67,0.68,0.01,0.01,77948.11,1777267660000
1777267661.893,161.893,0.33,0.34,0.67,0.68,0.01,0.01,77948.11,1777267660000
1777267662.349,162.349,0.33,0.34,0.66,0.67,0.01,0.01,77951.22,1777267661000
1777267662.747,162.747,0.33,0.34,0.66,0.67,0.01,0.01,77951.22,1777267661000
1777267663.182,163.182,0.32,0.33,0.66,0.68,0.01,0.02,77951.22,1777267661000
1777267663.59,163.59,0.32,0.33,0.67,0.68,0.01,0.01,77951.5,1777267662000
1777267663.933,163.933,0.32,0.33,0.67,0.68,0.01,0.01,77952.83,1777267663000
1777267664.407,164.407,0.32,0.33,0.67,0.68,0.01,0.01,77952.83,1777267663000
1777267664.744,164.744,0.3,0.31,0.69,0.7,0.01,0.01,77952.83,1777267663000
1777267665.431,165.431,0.3,0.31,0.69,0.7,0.01,0.01,77953.27,1777267664000
1777267665.92,165.92,0.3,0.31,0.69,0.7,0.01,0.01,77953.27,1777267664000
1777267666.491,166.491,0.3,0.31,0.69,0.7,0.01,0.01,77953.27,1777267664000
1777267666.873,166.873,0.31,0.32,0.68,0.69,0.01,0.01,77952.28,1777267665000
1777267667.25,167.25,0.31,0.37,0.68,0.69,0.06,0.01,77952.28,1777267665000
1777267667.731,167.731,0.34,0.36,0.63,0.69,0.02,0.06,77952.77,1777267666000
1777267668.194,168.194,0.35,0.36,0.64,0.65,0.01,0.01,77952.77,1777267666000
1777267668.586,168.586,0.35,0.36,0.64,0.65,0.01,0.01,77953.89,1777267667000
1777267669.002,169.002,0.35,0.36,0.64,0.66,0.01,0.02,77953.89,1777267667000
1777267669.347,169.347,0.39,0.4,0.6,0.61,0.01,0.01,77953.89,1777267667000
1777267669.702,169.702,0.38,0.39,0.61,0.65,0.01,0.04,77954.09,1777267668000
1777267670.155,170.155,0.37,0.38,0.61,0.62,0.01,0.01,77954.09,1777267668000
1777267670.515,170.515,0.37,0.38,0.62,0.63,0.01,0.01,77954.09,1777267668000
1777267670.92,170.92,0.37,0.38,0.62,0.63,0.01,0.01,77954.09,1777267668000
1777267671.268,171.268,0.37,0.38,0.62,0.63,0.01,0.01,77963.62,1777267670000
1777267671.722,171.722,0.37,0.38,0.62,0.63,0.01,0.01,77963.62,1777267670000
1777267672.137,172.137,0.37,0.38,0.62,0.63,0.01,0.01,77963.62,1777267670000
1777267672.741,172.741,0.37,0.39,0.62,0.63,0.02,0.01,77963.62,1777267670000
1777267673.272,173.272,0.41,0.42,0.55,0.62,0.01,0.07,77962.71,1777267671000
1777267673.736,173.736,0.4,0.41,0.59,0.6,0.01,0.01,77964.32,1777267672000
1777267674.142,174.142,0.4,0.41,0.59,0.6,0.01,0.01,77964.32,1777267672000
1777267674.492,174.492,0.4,0.41,0.59,0.6,0.01,0.01,77965.21,1777267673000
1777267674.837,174.837,0.4,0.41,0.59,0.6,0.01,0.01,77965.21,1777267673000
1777267675.196,175.196,0.4,0.41,0.59,0.6,0.01,0.01,77965.21,1777267673000
1777267675.542,175.542,0.4,0.41,0.59,0.6,0.01,0.01,77965.21,1777267673000
1777267675.877,175.877,0.4,0.41,0.59,0.6,0.01,0.01,77966.41,1777267674000
1777267676.501,176.501,0.4,0.41,0.59,0.6,0.01,0.01,77967.88,1777267675000
1777267676.903,176.903,0.4,0.41,0.59,0.6,0.01,0.01,77967.88,1777267675000
1777267677.238,177.238,0.4,0.41,0.59,0.6,0.01,0.01,77970.06,1777267676000
1777267677.594,177.594,0.4,0.41,0.59,0.6,0.01,0.01,77970.06,1777267676000
1777267678.039,178.039,0.4,0.41,0.59,0.6,0.01,0.01,77970.06,1777267676000
1777267678.48,178.48,0.4,0.41,0.59,0.6,0.01,0.01,77970.55,1777267677000
1777267678.815,178.815,0.43,0.45,0.56,0.57,0.02,0.01,77970.55,1777267677000
1777267679.165,179.165,0.39,0.45,0.55,0.56,0.06,0.01,77970.55,1777267677000
1777267679.55,179.55,0.42,0.43,0.58,0.59,0.01,0.01,77970.55,1777267677000
1777267679.883,179.883,0.41,0.43,0.57,0.59,0.02,0.02,77972.54,1777267678000
1777267680.324,180.324,0.39,0.4,0.6,0.61,0.01,0.01,77972.54,1777267678000
1777267680.664,180.664,0.39,0.4,0.6,0.61,0.01,0.01,77973.33,1777267679000
1777267681.113,181.113,0.43,0.45,0.56,0.57,0.02,0.01,77973.33,1777267679000
1777267681.578,181.578,0.44,0.45,0.55,0.57,0.01,0.02,77975.25,1777267680000
1777267681.926,181.926,0.44,0.45,0.55,0.56,0.01,0.01,77975.25,1777267680000
1777267682.564,182.564,0.42,0.44,0.56,0.58,0.02,0.02,77980.53,1777267681000
1777267682.916,182.916,0.41,0.43,0.57,0.59,0.02,0.02,77980.53,1777267681000
1777267683.296,183.296,0.41,0.43,0.57,0.59,0.02,0.02,77980.53,1777267681000
1777267684.215,184.215,0.41,0.43,0.57,0.59,0.02,0.02,77985.7,1777267683000
1777267684.689,184.689,0.41,0.42,0.58,0.59,0.01,0.01,77985.7,1777267683000
1777267685.23,185.23,0.42,0.44,0.57,0.59,0.02,0.02,77985.7,1777267683000
1777267685.585,185.585,0.43,0.44,0.56,0.58,0.01,0.02,77985.58,1777267684000
1777267685.951,185.951,0.43,0.44,0.56,0.57,0.01,0.01,77985.58,1777267684000
1777267686.332,186.332,0.44,0.45,0.55,0.56,0.01,0.01,77985.58,1777267685000
1777267686.709,186.709,0.44,0.45,0.55,0.57,0.01,0.02,77985.58,1777267685000
1777267687.173,187.173,0.43,0.45,0.55,0.56,0.02,0.01,77985.58,1777267685000
1777267687.551,187.551,0.42,0.43,0.57,0.58,0.01,0.01,77986.62,1777267686000
1777267687.954,187.954,0.43,0.44,0.56,0.58,0.01,0.02,77986.62,1777267686000
1777267688.371,188.371,0.43,0.47,0.53,0.54,0.04,0.01,77988.44,1777267687000
1777267688.745,188.745,0.44,0.45,0.55,0.56,0.01,0.01,77988.44,1777267687000
1777267689.114,189.114,0.42,0.45,0.53,0.56,0.03,0.03,77988.44,1777267687000
1777267689.448,189.448,0.41,0.42,0.58,0.64,0.01,0.06,77990.4,1777267688000
1777267689.781,189.781,0.41,0.42,0.58,0.59,0.01,0.01,77990.4,1777267688000
1777267690.155,190.155,0.41,0.42,0.58,0.59,0.01,0.01,77990.43,1777267689000
1777267690.536,190.536,0.43,0.45,0.56,0.57,0.02,0.01,77990.43,1777267689000
1777267690.895,190.895,0.43,0.45,0.55,0.57,0.02,0.02,77990.43,1777267689000
1777267691.297,191.297,0.43,0.44,0.56,0.57,0.01,0.01,77983,1777267690000
1777267691.758,191.758,0.43,0.44,0.56,0.57,0.01,0.01,77983,1777267690000
1777267692.093,192.093,0.43,0.44,0.56,0.57,0.01,0.01,77983,1777267690000
1777267692.69,192.69,0.43,0.45,0.56,0.57,0.02,0.01,77983,1777267691000
1777267693.061,193.061,0.44,0.45,0.55,0.56,0.01,0.01,77983,1777267691000
1777267693.481,193.481,0.44,0.46,0.55,0.56,0.02,0.01,77984.59,1777267692000
1777267693.846,193.846,0.43,0.45,0.55,0.57,0.02,0.02,77984.59,1777267692000
1777267694.409,194.409,0.43,0.44,0.55,0.57,0.01,0.02,77982.08,1777267693000
1777267694.743,194.743,0.44,0.47,0.53,0.56,0.03,0.03,77982.08,1777267693000
1777267695.082,195.082,0.44,0.46,0.54,0.56,0.02,0.02,77982.08,1777267693000
1777267695.7,195.7,0.43,0.44,0.54,0.57,0.01,0.03,77984.09,1777267694000
1777267696.103,196.103,0.43,0.44,0.56,0.57,0.01,0.01,77983.76,1777267695000
1777267696.47,196.47,0.44,0.47,0.56,0.57,0.03,0.01,77983.76,1777267695000
1777267696.803,196.803,0.45,0.46,0.54,0.55,0.01,0.01,77983.76,1777267695000
1777267697.163,197.163,0.45,0.46,0.54,0.55,0.01,0.01,77983.85,1777267696000
1777267697.546,197.546,0.45,0.46,0.54,0.55,0.01,0.01,77983.85,1777267696000
1777267698.058,198.058,0.47,0.49,0.51,0.53,0.02,0.02,77983.81,1777267697000
1777267698.489,198.489,0.48,0.49,0.51,0.54,0.01,0.03,77983.81,1777267697000
1777267698.948,198.948,0.48,0.51,0.5,0.52,0.03,0.02,77983.81,1777267697000
1777267699.713,199.713,0.48,0.51,0.49,0.52,0.03,0.03,77985.34,1777267698000
1777267700.133,200.133,0.49,0.53,0.47,0.51,0.04,0.04,77985.34,1777267698000
1777267700.593,200.593,0.5,0.51,0.49,0.5,0.01,0.01,77990.51,1777267699000
1777267700.951,200.951,0.5,0.52,0.45,0.5,0.02,0.05,77990.51,1777267699000
1777267701.332,201.332,0.46,0.48,0.52,0.54,0.02,0.02,77990.51,1777267699000
1777267701.734,201.734,0.44,0.45,0.55,0.56,0.01,0.01,77992.51,1777267700000
1777267702.088,202.088,0.44,0.46,0.55,0.56,0.02,0.01,77992.51,1777267700000
1777267702.574,202.574,0.45,0.46,0.54,0.55,0.01,0.01,77994.58,1777267701000
1777267702.921,202.921,0.45,0.46,0.54,0.55,0.01,0.01,77994.58,1777267701000
1777267703.263,203.263,0.45,0.46,0.54,0.55,0.01,0.01,77991.97,1777267702000
1777267703.647,203.647,0.45,0.46,0.54,0.55,0.01,0.01,77991.97,1777267702000
1777267703.988,203.988,0.49,0.51,0.49,0.52,0.02,0.03,77991.97,1777267702000
1777267704.388,204.388,0.49,0.53,0.47,0.48,0.04,0.01,77991.91,1777267703000
1777267704.944,204.944,0.51,0.52,0.49,0.5,0.01,0.01,77991.91,1777267703000
1777267705.352,205.352,0.49,0.5,0.5,0.51,0.01,0.01,77994.49,1777267704000
1777267705.796,205.796,0.49,0.5,0.5,0.51,0.01,0.01,77994.49,1777267704000
1777267706.229,206.229,0.49,0.5,0.5,0.51,0.01,0.01,77994.49,1777267704000
1777267706.568,206.568,0.49,0.5,0.5,0.51,0.01,0.01,77995.35,1777267705000
1777267706.988,206.988,0.54,0.55,0.45,0.51,0.01,0.06,77995.35,1777267705000
1777267707.427,207.427,0.54,0.55,0.45,0.46,0.01,0.01,77995.35,1777267705000
1777267707.79,207.79,0.54,0.55,0.45,0.46,0.01,0.01,77996.97,1777267706000
1777267708.15,208.15,0.41,0.42,0.58,0.59,0.01,0.01,77999.13,1777267707000
1777267708.495,208.495,0.34,0.37,0.61,0.66,0.03,0.05,77999.13,1777267707000
1777267708.853,208.853,0.34,0.35,0.65,0.66,0.01,0.01,77999.13,1777267707000
1777267709.277,209.277,0.32,0.33,0.67,0.68,0.01,0.01,77998.77,1777267708000
1777267709.827,209.827,0.31,0.32,0.68,0.69,0.01,0.01,77998.77,1777267708000
1777267710.213,210.213,0.31,0.32,0.68,0.69,0.01,0.01,77981.57,1777267709000
1777267710.76,210.76,0.31,0.32,0.68,0.69,0.01,0.01,77981.57,1777267709000
1777267711.104,211.104,0.31,0.32,0.68,0.69,0.01,0.01,77981.57,1777267709000
1777267711.677,211.677,0.31,0.32,0.68,0.69,0.01,0.01,77958.77,1777267710000
1777267712.103,212.103,0.31,0.32,0.68,0.69,0.01,0.01,77958.77,1777267710000
1777267712.445,212.445,0.32,0.33,0.67,0.68,0.01,0.01,77958.77,1777267710000
1777267712.822,212.822,0.32,0.33,0.67,0.68,0.01,0.01,77956.35,1777267711000
1777267713.162,213.162,0.31,0.32,0.68,0.69,0.01,0.01,77958.97,1777267712000
1777267713.662,213.662,0.32,0.33,0.67,0.69,0.01,0.02,77958.97,1777267712000
1777267714.058,214.058,0.31,0.32,0.67,0.69,0.01,0.02,77958.97,1777267712000
1777267714.462,214.462,0.31,0.32,0.68,0.69,0.01,0.01,77959.42,1777267713000
1777267714.954,214.954,0.31,0.32,0.68,0.69,0.01,0.01,77959.42,1777267713000
1777267715.305,215.305,0.31,0.32,0.68,0.69,0.01,0.01,77959.42,1777267714000
1777267715.673,215.673,0.33,0.34,0.66,0.68,0.01,0.02,77959.42,1777267714000
1777267716.264,216.264,0.33,0.34,0.66,0.67,0.01,0.01,77959.42,1777267714000
1777267716.656,216.656,0.35,0.37,0.63,0.64,0.02,0.01,77959.23,1777267715000
1777267716.994,216.994,0.33,0.34,0.65,0.67,0.01,0.02,77959.23,1777267715000
1777267717.339,217.339,0.33,0.36,0.66,0.67,0.03,0.01,77960.68,1777267716000
1777267717.733,217.733,0.35,0.36,0.64,0.65,0.01,0.01,77960.68,1777267716000
1777267718.071,218.071,0.31,0.33,0.66,0.69,0.02,0.03,77960.68,1777267716000
1777267718.677,218.677,0.31,0.32,0.68,0.69,0.01,0.01,77965.65,1777267717000
1777267719.071,219.071,0.31,0.32,0.68,0.69,0.01,0.01,77965.65,1777267717000
1777267719.562,219.562,0.31,0.32,0.68,0.69,0.01,0.01,77968.19,1777267718000
1777267720.13,220.13,0.31,0.32,0.68,0.69,0.01,0.01,77968.19,1777267718000
1777267720.61,220.61,0.3,0.31,0.69,0.7,0.01,0.01,77968.19,1777267718000
1777267720.953,220.953,0.31,0.33,0.66,0.69,0.02,0.03,77965.9,1777267719000
1777267721.398,221.398,0.3,0.31,0.69,0.7,0.01,0.01,77965.9,1777267719000
1777267721.816,221.816,0.3,0.31,0.69,0.7,0.01,0.01,77965.9,1777267720000
1777267722.177,222.177,0.27,0.28,0.69,0.73,0.01,0.04,77965.22,1777267721000
1777267722.539,222.539,0.27,0.28,0.72,0.73,0.01,0.01,77965.22,1777267721000
1777267722.91,222.91,0.27,0.28,0.72,0.73,0.01,0.01,77965.22,1777267721000
1777267723.25,223.25,0.27,0.28,0.72,0.73,0.01,0.01,77960.57,1777267722000
1777267723.67,223.67,0.27,0.28,0.72,0.73,0.01,0.01,77960.57,1777267722000
1777267724.033,224.033,0.27,0.28,0.72,0.73,0.01,0.01,77960.57,1777267722000
1777267724.449,224.449,0.26,0.28,0.72,0.73,0.02,0.01,77960.57,1777267722000
1777267724.84,224.84,0.24,0.25,0.75,0.76,0.01,0.01,77957.01,1777267723000
1777267725.401,225.401,0.24,0.25,0.75,0.76,0.01,0.01,77957.01,1777267723000
1777267725.777,225.777,0.24,0.25,0.75,0.76,0.01,0.01,77956.11,1777267724000
1777267726.162,226.162,0.24,0.25,0.75,0.76,0.01,0.01,77956.11,1777267724000
1777267726.495,226.495,0.24,0.25,0.75,0.76,0.01,0.01,77956.11,1777267724000
1777267726.857,226.857,0.24,0.25,0.75,0.76,0.01,0.01,77955.51,1777267725000
1777267727.436,227.436,0.22,0.23,0.75,0.77,0.01,0.02,77956.84,1777267726000
1777267727.797,227.797,0.22,0.23,0.77,0.78,0.01,0.01,77956.84,1777267726000
1777267728.215,228.215,0.22,0.23,0.77,0.78,0.01,0.01,77952.82,1777267727000
1777267728.562,228.562,0.22,0.23,0.77,0.78,0.01,0.01,77952.82,1777267727000
1777267729.451,229.451,0.22,0.23,0.77,0.78,0.01,0.01,77952.82,1777267727000
1777267729.804,229.804,0.22,0.23,0.77,0.78,0.01,0.01,77950.31,1777267728000
1777267730.288,230.288,0.22,0.23,0.77,0.78,0.01,0.01,77950.31,1777267728000
1777267730.65,230.65,0.22,0.23,0.77,0.78,0.01,0.01,77949.93,1777267729000
1777267731.218,231.218,0.22,0.23,0.77,0.78,0.01,0.01,77949.93,1777267729000
1777267731.564,231.564,0.22,0.23,0.77,0.78,0.01,0.01,77949.89,1777267730000
1777267732.062,232.062,0.22,0.23,0.77,0.78,0.01,0.01,77949.89,1777267730000
1777267732.402,232.402,0.22,0.23,0.77,0.78,0.01,0.01,77950.4,1777267731000
1777267732.89,232.89,0.22,0.23,0.77,0.78,0.01,0.01,77950.4,1777267731000
1777267733.351,233.351,0.22,0.23,0.77,0.78,0.01,0.01,77950.3,1777267732000
1777267733.729,233.729,0.21,0.22,0.78,0.79,0.01,0.01,77950.3,1777267732000
1777267734.177,234.177,0.21,0.22,0.78,0.79,0.01,0.01,77950.3,1777267732000
1777267734.617,234.617,0.2,0.21,0.79,0.8,0.01,0.01,77949.84,1777267733000
1777267735.127,235.127,0.2,0.21,0.79,0.8,0.01,0.01,77949.84,1777267733000
1777267735.483,235.483,0.2,0.21,0.79,0.8,0.01,0.01,77949.72,1777267734000
1777267735.893,235.893,0.2,0.21,0.79,0.8,0.01,0.01,77949.72,1777267734000
1777267736.227,236.227,0.19,0.2,0.79,0.81,0.01,0.02,77949.72,1777267734000
1777267736.593,236.593,0.16,0.17,0.83,0.84,0.01,0.01,77948.96,1777267735000
1777267736.969,236.969,0.15,0.16,0.84,0.85,0.01,0.01,77948.96,1777267735000
1777267737.329,237.329,0.15,0.16,0.84,0.85,0.01,0.01,77948.96,1777267735000
1777267737.728,237.728,0.14,0.15,0.85,0.86,0.01,0.01,77949.16,1777267736000
1777267738.17,238.17,0.14,0.15,0.85,0.86,0.01,0.01,77939.25,1777267737000
1777267738.688,238.688,0.14,0.15,0.85,0.86,0.01,0.01,77939.25,1777267737000
1777267739.072,239.072,0.12,0.13,0.87,0.88,0.01,0.01,77937.41,1777267738000
1777267739.6,239.6,0.13,0.14,0.86,0.87,0.01,0.01,77937.41,1777267738000
1777267739.937,239.937,0.12,0.13,0.86,0.88,0.01,0.02,77937.41,1777267738000
1777267740.331,240.331,0.12,0.13,0.87,0.88,0.01,0.01,77937.41,1777267738000
1777267740.684,240.684,0.12,0.13,0.87,0.88,0.01,0.01,77932.74,1777267739000
1777267741.084,241.084,0.11,0.12,0.88,0.89,0.01,0.01,77932.74,1777267739000
1777267741.434,241.434,0.11,0.12,0.88,0.89,0.01,0.01,77933.4,1777267740000
1777267741.831,241.831,0.11,0.12,0.88,0.89,0.01,0.01,77933.4,1777267740000
1777267742.175,242.175,0.11,0.12,0.88,0.89,0.01,0.01,77933.59,1777267741000
1777267742.537,242.537,0.11,0.12,0.88,0.89,0.01,0.01,77933.59,1777267741000
1777267742.904,242.904,0.11,0.12,0.88,0.9,0.01,0.02,77933.59,1777267741000
1777267743.349,243.349,0.11,0.12,0.88,0.89,0.01,0.01,77928.24,1777267742000
1777267743.821,243.821,0.11,0.12,0.88,0.89,0.01,0.01,77928.24,1777267742000
1777267744.246,244.246,0.11,0.12,0.88,0.89,0.01,0.01,77928.24,1777267742000
1777267744.592,244.592,0.11,0.12,0.88,0.89,0.01,0.01,77928.24,1777267742000
1777267745.161,245.161,0.12,0.13,0.88,0.89,0.01,0.01,77927.83,1777267743000
1777267745.498,245.498,0.12,0.13,0.87,0.88,0.01,0.01,77930.25,1777267744000
1777267745.88,245.88,0.12,0.13,0.87,0.88,0.01,0.01,77930.25,1777267744000
1777267746.394,246.394,0.1,0.11,0.88,0.9,0.01,0.02,77932.15,1777267745000
1777267746.823,246.823,0.08,0.09,0.91,0.92,0.01,0.01,77932.15,1777267745000
1777267747.244,247.244,0.07,0.08,0.92,0.93,0.01,0.01,77932.15,1777267745000
1777267747.583,247.583,0.06,0.08,0.92,0.93,0.02,0.01,77929.34,1777267746000
1777267747.92,247.92,0.06,0.07,0.93,0.94,0.01,0.01,77929.34,1777267746000
1777267748.254,248.254,0.06,0.07,0.93,0.94,0.01,0.01,77929.09,1777267747000
1777267748.595,248.595,0.06,0.07,0.93,0.94,0.01,0.01,77929.09,1777267747000
1777267749.022,249.022,0.06,0.07,0.93,0.94,0.01,0.01,77929.09,1777267747000
1777267749.374,249.374,0.06,0.07,0.93,0.94,0.01,0.01,77929.09,1777267747000
1777267749.73,249.73,0.06,0.07,0.93,0.94,0.01,0.01,77919.17,1777267748000
1777267750.07,250.07,0.06,0.07,0.93,0.94,0.01,0.01,77915.44,1777267749000
1777267750.415,250.415,0.05,0.06,0.93,0.95,0.01,0.02,77915.44,1777267749000
1777267750.851,250.851,0.05,0.06,0.94,0.95,0.01,0.01,77915.44,1777267749000
1777267751.194,251.194,0.05,0.06,0.94,0.95,0.01,0.01,77913.04,1777267750000
1777267751.53,251.53,0.04,0.05,0.95,0.96,0.01,0.01,77913.04,1777267750000
1777267751.87,251.87,0.03,0.04,0.96,0.97,0.01,0.01,77913.04,1777267750000
1777267752.237,252.237,0.04,0.05,0.95,0.96,0.01,0.01,77907.47,1777267751000
1777267752.61,252.61,0.03,0.04,0.96,0.97,0.01,0.01,77907.47,1777267751000
1777267752.961,252.961,0.03,0.04,0.96,0.97,0.01,0.01,77907.47,1777267751000
1777267753.303,253.303,0.03,0.04,0.96,0.97,0.01,0.01,77901.24,1777267752000
1777267753.66,253.66,0.03,0.04,0.96,0.97,0.01,0.01,77901.24,1777267752000
1777267754.018,254.018,0.04,0.05,0.95,0.97,0.01,0.02,77901.24,1777267752000
1777267754.356,254.356,0.04,0.05,0.95,0.96,0.01,0.01,77896.73,1777267753000
1777267754.699,254.699,0.03,0.04,0.96,0.97,0.01,0.01,77896.73,1777267753000
1777267755.034,255.034,0.04,0.05,0.96,0.97,0.01,0.01,77896.73,1777267753000
1777267755.384,255.384,0.04,0.05,0.95,0.96,0.01,0.01,77892.0,1777267754000
1777267755.741,255.741,0.04,0.05,0.95,0.96,0.01,0.01,77892.0,1777267754000
1777267756.074,256.074,0.05,0.06,0.94,0.95,0.01,0.01,77892.0,1777267754000
1777267756.466,256.466,0.04,0.05,0.95,0.96,0.01,0.01,77893.88,1777267755000
1777267756.801,256.801,0.04,0.05,0.95,0.96,0.01,0.01,77893.88,1777267755000
1777267757.189,257.189,0.04,0.05,0.95,0.96,0.01,0.01,77893.88,1777267755000
1777267757.594,257.594,0.04,0.05,0.95,0.96,0.01,0.01,77893.88,1777267756000
1777267758.047,258.047,0.05,0.06,0.94,0.95,0.01,0.01,77893.88,1777267756000
1777267758.427,258.427,0.05,0.06,0.94,0.95,0.01,0.01,77894.69,1777267757000
1777267758.997,258.997,0.05,0.06,0.94,0.95,0.01,0.01,77894.69,1777267757000
1777267759.348,259.348,0.05,0.06,0.94,0.95,0.01,0.01,77894.69,1777267757000
1777267759.69,259.69,0.04,0.05,0.94,0.96,0.01,0.02,77893.65,1777267758000
1777267760.026,260.026,0.04,0.05,0.95,0.96,0.01,0.01,77893.65,1777267758000
1777267760.4,260.4,0.04,0.05,0.95,0.96,0.01,0.01,77895.05,1777267759000
1777267760.808,260.808,0.03,0.04,0.95,0.97,0.01,0.02,77895.05,1777267759000
1777267761.228,261.228,0.03,0.04,0.96,0.97,0.01,0.01,77895.05,1777267759000
1777267761.587,261.587,0.04,0.05,0.95,0.96,0.01,0.01,77895.05,1777267759000
1777267762.145,262.145,0.04,0.05,0.95,0.96,0.01,0.01,77898.97,1777267761000
1777267762.553,262.553,0.04,0.06,0.95,0.96,0.02,0.01,77898.97,1777267761000
1777267762.938,262.938,0.05,0.06,0.94,0.95,0.01,0.01,77898.97,1777267761000
1777267763.274,263.274,0.06,0.07,0.93,0.94,0.01,0.01,77900.15,1777267762000
1777267763.629,263.629,0.05,0.07,0.93,0.94,0.02,0.01,77900.15,1777267762000
1777267763.974,263.974,0.05,0.06,0.94,0.95,0.01,0.01,77900.15,1777267762000
1777267764.322,264.322,0.05,0.06,0.94,0.95,0.01,0.01,77900.15,1777267762000
1777267764.656,264.656,0.05,0.06,0.94,0.95,0.01,0.01,77904.69,1777267763000
1777267764.996,264.996,0.05,0.06,0.94,0.95,0.01,0.01,77916.9,1777267764000
1777267765.411,265.411,0.05,0.06,0.94,0.95,0.01,0.01,77916.9,1777267764000
1777267765.81,265.81,0.04,0.05,0.95,0.96,0.01,0.01,77916.9,1777267764000
1777267766.162,266.162,0.03,0.04,0.96,0.97,0.01,0.01,77919.59,1777267765000
1777267766.659,266.659,0.03,0.04,0.96,0.97,0.01,0.01,77919.59,1777267765000
1777267767.007,267.007,0.03,0.04,0.96,0.97,0.01,0.01,77919.59,1777267765000
1777267767.41,267.41,0.02,0.03,0.97,0.98,0.01,0.01,77913.58,1777267766000
1777267768.1,268.1,0.02,0.03,0.97,0.98,0.01,0.01,77913.58,1777267766000
1777267768.526,268.526,0.02,0.03,0.97,0.98,0.01,0.01,77909.23,1777267767000
1777267768.899,268.899,0.02,0.03,0.97,0.98,0.01,0.01,77909.23,1777267767000
1777267769.251,269.251,0.02,0.03,0.97,0.98,0.01,0.01,77908.97,1777267768000
1777267769.985,269.985,0.02,0.03,0.97,0.98,0.01,0.01,77908.97,1777267768000
1777267770.323,270.323,0.03,0.04,0.96,0.97,0.01,0.01,77908.99,1777267769000
1777267770.691,270.691,0.03,0.04,0.96,0.97,0.01,0.01,77908.99,1777267769000
1777267771.038,271.038,0.03,0.04,0.96,0.97,0.01,0.01,77908.99,1777267769000
1777267771.494,271.494,0.03,0.04,0.96,0.97,0.01,0.01,77904.64,1777267770000
1777267771.868,271.868,0.03,0.04,0.96,0.97,0.01,0.01,77904.64,1777267770000
1777267772.239,272.239,0.03,0.04,0.96,0.97,0.01,0.01,77901.72,1777267771000
1777267772.575,272.575,0.03,0.04,0.96,0.97,0.01,0.01,77901.72,1777267771000
1777267772.984,272.984,0.03,0.04,0.96,0.97,0.01,0.01,77901.72,1777267771000
1777267773.354,273.354,0.03,0.04,0.96,0.97,0.01,0.01,77901.72,1777267772000
1777267773.926,273.926,0.03,0.04,0.96,0.97,0.01,0.01,77901.72,1777267772000
1777267774.263,274.263,0.03,0.04,0.96,0.97,0.01,0.01,77901.76,1777267773000
1777267774.65,274.65,0.03,0.04,0.96,0.97,0.01,0.01,77901.76,1777267773000
1777267775.168,275.168,0.03,0.04,0.96,0.97,0.01,0.01,77901.76,1777267773000
1777267775.526,275.526,0.03,0.04,0.96,0.97,0.01,0.01,77901.18,1777267774000
1777267775.898,275.898,0.03,0.04,0.96,0.97,0.01,0.01,77901.18,1777267774000
1777267776.256,276.256,0.03,0.04,0.96,0.97,0.01,0.01,77901.18,1777267774000
1777267776.701,276.701,0.03,0.04,0.96,0.97,0.01,0.01,77900.06,1777267775000
1777267777.218,277.218,0.03,0.04,0.96,0.97,0.01,0.01,77900.06,1777267775000
1777267777.598,277.598,0.03,0.04,0.96,0.97,0.01,0.01,77893.29,1777267776000
1777267777.978,277.978,0.03,0.04,0.96,0.97,0.01,0.01,77893.29,1777267776000
1777267778.361,278.361,0.03,0.04,0.96,0.97,0.01,0.01,77888.66,1777267777000
1777267778.897,278.897,0.03,0.04,0.96,0.97,0.01,0.01,77888.66,1777267777000
1777267779.314,279.314,0.03,0.04,0.96,0.97,0.01,0.01,77888.66,1777267778000
1777267779.681,279.681,0.03,0.04,0.96,0.97,0.01,0.01,77888.66,1777267778000
1777267780.026,280.026,0.03,0.04,0.96,0.97,0.01,0.01,77888.66,1777267778000
1777267780.373,280.373,0.03,0.04,0.96,0.97,0.01,0.01,77889.61,1777267779000
1777267780.747,280.747,0.03,0.04,0.96,0.97,0.01,0.01,77889.61,1777267779000
1777267781.108,281.108,0.03,0.04,0.96,0.97,0.01,0.01,77889.61,1777267779000
1777267781.445,281.445,0.03,0.04,0.96,0.97,0.01,0.01,77893.34,1777267780000
1777267781.958,281.958,0.03,0.04,0.96,0.97,0.01,0.01,77893.34,1777267780000
1777267782.436,282.436,0.02,0.03,0.96,0.98,0.01,0.02,77906.48,1777267781000
1777267782.819,282.819,0.02,0.03,0.97,0.98,0.01,0.01,77906.48,1777267781000
1777267783.425,283.425,0.02,0.03,0.97,0.98,0.01,0.01,77906.48,1777267781000
1777267783.829,283.829,0.02,0.03,0.97,0.98,0.01,0.01,77912.8,1777267782000
1777267784.21,284.21,0.01,0.03,0.97,0.98,0.02,0.01,77911.55,1777267783000
1777267784.645,284.645,0.01,0.02,0.98,0.99,0.01,0.01,77911.55,1777267783000
1777267785.089,285.089,0.01,0.02,0.98,0.99,0.01,0.01,77911.55,1777267783000
1777267785.473,285.473,0.01,0.02,0.98,0.99,0.01,0.01,77894.47,1777267784000
1777267785.894,285.894,0.01,0.02,0.98,0.99,0.01,0.01,77894.47,1777267784000
1777267786.26,286.26,0.01,0.02,0.98,0.99,0.01,0.01,77890.88,1777267785000
1777267786.641,286.641,0.01,0.02,0.98,0.99,0.01,0.01,77890.88,1777267785000
1777267787.016,287.016,0.01,0.02,0.98,0.99,0.01,0.01,77890.88,1777267785000
1777267787.373,287.373,0.01,0.02,0.98,0.99,0.01,0.01,77890.86,1777267786000
1777267787.763,287.763,0.01,0.02,0.98,0.99,0.01,0.01,77890.86,1777267786000
1777267788.105,288.105,0.01,0.01,0.98,0.99,0.0,0.01,77890.86,1777267786000
1777267788.444,288.444,0.01,0.01,0.99,0.99,0.0,0.0,77893.48,1777267787000
1777267788.778,288.778,0.01,0.01,0.99,0.99,0.0,0.0,77893.48,1777267787000
1777267789.332,289.332,0.01,0.01,0.99,0.99,0.0,0.0,77893.48,1777267787000
1777267789.728,289.728,0.01,0.01,0.99,0.99,0.0,0.0,77896.29,1777267788000
1777267790.207,290.207,0.01,0.01,0.99,0.99,0.0,0.0,77896.29,1777267788000
1777267790.782,290.782,0.01,0.01,0.99,0.99,0.0,0.0,77895.16,1777267789000
1777267791.365,291.365,0.01,0.01,0.99,0.99,0.0,0.0,77895.72,1777267790000
1777267792.022,292.022,0.01,0.01,0.99,0.99,0.0,0.0,77895.72,1777267790000
1777267792.427,292.427,0.01,0.01,0.99,0.99,0.0,0.0,77896.71,1777267791000
1777267793.373,293.373,0.01,0.01,0.99,0.99,0.0,0.0,77897.68,1777267792000
1777267794.364,294.364,0.01,0.01,0.99,0.99,0.0,0.0,77899.23,1777267793000
1777267794.919,294.919,0.01,0.01,0.99,0.99,0.0,0.0,77899.23,1777267793000
1777267795.639,295.639,0.01,0.01,0.99,0.99,0.0,0.0,77897.55,1777267794000
1777267796.076,296.076,0.01,0.01,0.99,0.99,0.0,0.0,77892.86,1777267795000
1777267796.494,296.494,0.01,0.01,0.99,0.99,0.0,0.0,77892.86,1777267795000
1777267796.92,296.92,0.01,0.01,0.99,0.99,0.0,0.0,77892.63,1777267796000
1777267797.948,297.948,0.01,0.01,0.99,0.99,0.0,0.0,77892.87,1777267797000
1777267798.324,298.324,0.01,0.01,0.99,0.99,0.0,0.0,77892.87,1777267797000
1777267798.888,298.888,0.01,0.01,0.99,0.99,0.0,0.0,77887.89,1777267798000
1777267800.153,300.153,0.01,0.01,0.99,0.99,0.0,0.0,77887.89,1777267798000
1777267800.672,300.672,0.01,0.01,0.99,0.99,0.0,0.0,77887.89,1777267798000
1777267801.266,301.266,0.01,0.01,0.99,0.99,0.0,0.0,77853.83,1777267800000
1777267802.427,302.427,0.01,0.01,0.99,0.99,0.0,0.0,77846.98,1777267801000

# RESULT,winner=Down,slug=btc-updown-5m-1777267500,ticks=720
