timestamp,elapsed_sec,up_bid,up_ask,down_bid,down_ask,up_spread,down_spread,btc_price,btc_oracle_ts
1776627900.784,0.784,0.5,0.51,0.49,0.5,0.01,0.01,74997.86,1776627898000
1776627901.219,1.219,0.5,0.51,0.49,0.5,0.01,0.01,74990.21,1776627899000
1776627901.717,1.717,0.5,0.51,0.49,0.5,0.01,0.01,74989.58,1776627900000
1776627902.251,2.251,0.5,0.54,0.46,0.5,0.04,0.04,74989.58,1776627901000
1776627902.59,2.59,0.55,0.56,0.44,0.45,0.01,0.01,74989.58,1776627901000
1776627902.943,2.943,0.55,0.56,0.44,0.45,0.01,0.01,74989.58,1776627901000
1776627903.282,3.282,0.55,0.56,0.44,0.45,0.01,0.01,74989.58,1776627901000
1776627903.629,3.629,0.55,0.56,0.44,0.45,0.01,0.01,74989.58,1776627901000
1776627903.981,3.981,0.55,0.56,0.44,0.45,0.01,0.01,74989.19,1776627902000
1776627904.705,4.705,0.55,0.56,0.44,0.45,0.01,0.01,74989.19,1776627902000
1776627905.095,5.095,0.55,0.56,0.44,0.45,0.01,0.01,74997.42,1776627903000
1776627905.467,5.467,0.55,0.56,0.44,0.45,0.01,0.01,74997.87,1776627904000
1776627906.013,6.013,0.55,0.56,0.44,0.45,0.01,0.01,74997.87,1776627904000
1776627906.434,6.434,0.55,0.56,0.44,0.45,0.01,0.01,74997.85,1776627905000
1776627906.924,6.924,0.55,0.56,0.44,0.45,0.01,0.01,74997.85,1776627905000
1776627907.257,7.257,0.55,0.56,0.44,0.45,0.01,0.01,74997.85,1776627905000
1776627907.592,7.592,0.55,0.56,0.44,0.45,0.01,0.01,74997.85,1776627906000
1776627907.926,7.926,0.56,0.57,0.43,0.44,0.01,0.01,74997.85,1776627906000
1776627908.303,8.303,0.56,0.57,0.43,0.44,0.01,0.01,74997.85,1776627907000
1776627908.726,8.726,0.56,0.57,0.43,0.44,0.01,0.01,74997.85,1776627907000
1776627909.253,9.253,0.56,0.57,0.43,0.44,0.01,0.01,74997.85,1776627908000
1776627910.048,10.048,0.56,0.57,0.43,0.44,0.01,0.01,74997.85,1776627908000
1776627910.516,10.516,0.56,0.57,0.43,0.44,0.01,0.01,74998.99,1776627909000
1776627910.995,10.995,0.56,0.57,0.43,0.44,0.01,0.01,74998.99,1776627909000
1776627911.379,11.379,0.56,0.57,0.43,0.44,0.01,0.01,74998.99,1776627909000
1776627911.857,11.857,0.56,0.57,0.43,0.44,0.01,0.01,74998.65,1776627910000
1776627912.197,12.197,0.51,0.52,0.48,0.49,0.01,0.01,74998.65,1776627910000
1776627912.556,12.556,0.51,0.52,0.48,0.49,0.01,0.01,74998.65,1776627910000
1776627913.108,13.108,0.51,0.52,0.48,0.49,0.01,0.01,74999.01,1776627911000
1776627913.488,13.488,0.5,0.51,0.49,0.5,0.01,0.01,74999.01,1776627912000
1776627913.871,13.871,0.5,0.51,0.49,0.5,0.01,0.01,74999.01,1776627912000
1776627914.241,14.241,0.49,0.5,0.49,0.5,0.01,0.01,74999.01,1776627912000
1776627914.64,14.64,0.49,0.5,0.5,0.51,0.01,0.01,74999.01,1776627912000
1776627915.38,15.38,0.49,0.5,0.5,0.51,0.01,0.01,74993.69,1776627913000
1776627915.812,15.812,0.49,0.5,0.5,0.51,0.01,0.01,74993.69,1776627913000
1776627916.232,16.232,0.49,0.5,0.5,0.51,0.01,0.01,74993.69,1776627913000
1776627916.565,16.565,0.49,0.5,0.5,0.51,0.01,0.01,74990.97,1776627914000
1776627917.086,17.086,0.5,0.51,0.49,0.5,0.01,0.01,74990.97,1776627914000
1776627917.609,17.609,0.5,0.51,0.49,0.5,0.01,0.01,74987.72,1776627915000
1776627917.985,17.985,0.5,0.52,0.48,0.5,0.02,0.02,74987.72,1776627915000
1776627918.432,18.432,0.5,0.52,0.48,0.5,0.02,0.02,74986.94,1776627916000
1776627918.814,18.814,0.51,0.52,0.48,0.49,0.01,0.01,74986.94,1776627916000
1776627919.155,19.155,0.51,0.52,0.48,0.49,0.01,0.01,74986.94,1776627917000
1776627919.827,19.827,0.5,0.52,0.48,0.49,0.02,0.01,74986.94,1776627917000
1776627920.21,20.21,0.51,0.52,0.48,0.49,0.01,0.01,74986.94,1776627917000
1776627920.89,20.89,0.54,0.56,0.46,0.48,0.02,0.02,74991.26,1776627918000
1776627921.231,21.231,0.57,0.59,0.41,0.43,0.02,0.02,74991.3,1776627919000
1776627921.63,21.63,0.58,0.59,0.41,0.42,0.01,0.01,74991.3,1776627919000
1776627921.981,21.981,0.58,0.59,0.41,0.42,0.01,0.01,74991.25,1776627920000
1776627922.339,22.339,0.58,0.59,0.41,0.42,0.01,0.01,74991.25,1776627920000
1776627922.992,22.992,0.58,0.59,0.41,0.42,0.01,0.01,74991.29,1776627921000
1776627923.577,23.577,0.58,0.59,0.41,0.42,0.01,0.01,74991.29,1776627921000
1776627924.082,24.082,0.58,0.59,0.41,0.42,0.01,0.01,74994.87,1776627922000
1776627924.61,24.61,0.58,0.59,0.41,0.42,0.01,0.01,74997.29,1776627923000
1776627925.216,25.216,0.58,0.59,0.41,0.42,0.01,0.01,74997.69,1776627924000
1776627925.563,25.563,0.58,0.59,0.41,0.42,0.01,0.01,74997.69,1776627924000
1776627926.068,26.068,0.58,0.59,0.41,0.42,0.01,0.01,74997.69,1776627924000
1776627926.903,26.903,0.58,0.59,0.41,0.42,0.01,0.01,74997.69,1776627924000
1776627927.294,27.294,0.58,0.59,0.41,0.42,0.01,0.01,74997.77,1776627925000
1776627927.765,27.765,0.58,0.59,0.41,0.42,0.01,0.01,74997.76,1776627926000
1776627928.367,28.367,0.58,0.59,0.41,0.42,0.01,0.01,74997.77,1776627927000
1776627928.741,28.741,0.58,0.59,0.41,0.42,0.01,0.01,74997.77,1776627927000
1776627929.101,29.101,0.58,0.59,0.41,0.42,0.01,0.01,74997.77,1776627927000
1776627929.746,29.746,0.58,0.59,0.41,0.42,0.01,0.01,74997.89,1776627928000
1776627930.772,30.772,0.58,0.59,0.41,0.42,0.01,0.01,74997.91,1776627929000
1776627931.219,31.219,0.58,0.59,0.41,0.42,0.01,0.01,74997.91,1776627929000
1776627931.619,31.619,0.59,0.6,0.4,0.42,0.01,0.02,74997.91,1776627929000
1776627932.135,32.135,0.59,0.6,0.4,0.41,0.01,0.01,74998.05,1776627930000
1776627932.481,32.481,0.59,0.6,0.4,0.41,0.01,0.01,74997.77,1776627931000
1776627932.948,32.948,0.59,0.6,0.4,0.41,0.01,0.01,74997.77,1776627931000
1776627933.388,33.388,0.59,0.6,0.4,0.41,0.01,0.01,74998.43,1776627932000
1776627933.9,33.9,0.58,0.6,0.4,0.41,0.02,0.01,74998.43,1776627932000
1776627934.296,34.296,0.59,0.6,0.4,0.41,0.01,0.01,74998.43,1776627932000
1776627934.689,34.689,0.6,0.61,0.38,0.4,0.01,0.02,74998.43,1776627932000
1776627935.106,35.106,0.6,0.61,0.39,0.4,0.01,0.01,74998.39,1776627933000
1776627935.563,35.563,0.61,0.62,0.38,0.39,0.01,0.01,74998.39,1776627933000
1776627935.9,35.9,0.61,0.62,0.38,0.39,0.01,0.01,74998.39,1776627934000
1776627936.285,36.285,0.61,0.62,0.38,0.39,0.01,0.01,74998.39,1776627934000
1776627936.64,36.64,0.61,0.62,0.38,0.39,0.01,0.01,74998.86,1776627935000
1776627936.999,36.999,0.6,0.62,0.38,0.4,0.02,0.02,75002.32,1776627936000
1776627937.408,37.408,0.61,0.62,0.38,0.4,0.01,0.02,75002.32,1776627936000
1776627937.873,37.873,0.66,0.67,0.33,0.34,0.01,0.01,75002.32,1776627936000
1776627938.231,38.231,0.63,0.65,0.35,0.37,0.02,0.02,75002.36,1776627937000
1776627938.627,38.627,0.63,0.64,0.35,0.36,0.01,0.01,75002.36,1776627937000
1776627938.977,38.977,0.61,0.62,0.38,0.39,0.01,0.01,75002.36,1776627937000
1776627939.435,39.435,0.61,0.62,0.38,0.39,0.01,0.01,75002.44,1776627938000
1776627939.902,39.902,0.61,0.62,0.38,0.39,0.01,0.01,75002.44,1776627938000
1776627940.276,40.276,0.61,0.62,0.38,0.39,0.01,0.01,75005.44,1776627939000
1776627940.906,40.906,0.61,0.62,0.38,0.39,0.01,0.01,75005.44,1776627939000
1776627941.256,41.256,0.61,0.62,0.38,0.39,0.01,0.01,75005.44,1776627939000
1776627941.606,41.606,0.61,0.62,0.38,0.39,0.01,0.01,75004.76,1776627940000
1776627941.995,41.995,0.61,0.62,0.38,0.39,0.01,0.01,75004.76,1776627940000
1776627942.57,42.57,0.61,0.62,0.38,0.39,0.01,0.01,75004.76,1776627940000
1776627942.947,42.947,0.61,0.62,0.38,0.39,0.01,0.01,75004.76,1776627941000
1776627943.284,43.284,0.61,0.62,0.38,0.39,0.01,0.01,75004.76,1776627942000
1776627943.726,43.726,0.61,0.62,0.38,0.39,0.01,0.01,75004.76,1776627942000
1776627944.15,44.15,0.61,0.62,0.38,0.39,0.01,0.01,75004.72,1776627943000
1776627944.519,44.519,0.61,0.62,0.38,0.39,0.01,0.01,75004.72,1776627943000
1776627944.909,44.909,0.61,0.62,0.38,0.39,0.01,0.01,75004.72,1776627943000
1776627945.503,45.503,0.61,0.62,0.38,0.39,0.01,0.01,75004.74,1776627944000
1776627945.94,45.94,0.52,0.55,0.44,0.48,0.03,0.04,75004.74,1776627944000
1776627946.31,46.31,0.51,0.53,0.47,0.5,0.02,0.03,75004.77,1776627945000
1776627946.645,46.645,0.51,0.52,0.48,0.49,0.01,0.01,75004.77,1776627945000
1776627946.985,46.985,0.5,0.51,0.49,0.5,0.01,0.01,75004.77,1776627945000
1776627947.472,47.472,0.51,0.52,0.48,0.49,0.01,0.01,75000.39,1776627946000
1776627947.901,47.901,0.54,0.55,0.45,0.46,0.01,0.01,75000.39,1776627946000
1776627948.244,48.244,0.55,0.56,0.44,0.46,0.01,0.02,75000.39,1776627946000
1776627948.702,48.702,0.55,0.56,0.44,0.45,0.01,0.01,74994.23,1776627947000
1776627949.296,49.296,0.55,0.56,0.44,0.45,0.01,0.01,74994.23,1776627947000
1776627950.088,50.088,0.55,0.56,0.44,0.45,0.01,0.01,74994.31,1776627948000
1776627950.465,50.465,0.55,0.56,0.44,0.45,0.01,0.01,74994.31,1776627948000
1776627950.957,50.957,0.55,0.56,0.44,0.45,0.01,0.01,74996.89,1776627949000
1776627951.548,51.548,0.55,0.56,0.44,0.45,0.01,0.01,74997.28,1776627950000
1776627951.883,51.883,0.62,0.66,0.34,0.39,0.04,0.05,74997.28,1776627950000
1776627952.216,52.216,0.64,0.65,0.35,0.36,0.01,0.01,74997.28,1776627950000
1776627952.571,52.571,0.64,0.65,0.35,0.36,0.01,0.01,74997.25,1776627951000
1776627953.001,53.001,0.64,0.65,0.35,0.36,0.01,0.01,74997.25,1776627951000
1776627953.511,53.511,0.64,0.65,0.35,0.36,0.01,0.01,75000.01,1776627952000
1776627953.967,53.967,0.64,0.66,0.35,0.36,0.02,0.01,75000.01,1776627952000
1776627954.301,54.301,0.65,0.66,0.34,0.35,0.01,0.01,75006.19,1776627953000
1776627954.707,54.707,0.65,0.66,0.34,0.35,0.01,0.01,75006.19,1776627953000
1776627955.082,55.082,0.66,0.67,0.33,0.34,0.01,0.01,75006.19,1776627953000
1776627955.479,55.479,0.66,0.67,0.33,0.34,0.01,0.01,75006.19,1776627953000
1776627955.917,55.917,0.66,0.67,0.33,0.34,0.01,0.01,75007.87,1776627954000
1776627956.309,56.309,0.66,0.67,0.33,0.34,0.01,0.01,75007.87,1776627954000
1776627956.953,56.953,0.66,0.67,0.33,0.34,0.01,0.01,75008.13,1776627955000
1776627957.829,57.829,0.66,0.67,0.33,0.34,0.01,0.01,75008.53,1776627956000
1776627958.194,58.194,0.66,0.67,0.33,0.34,0.01,0.01,75008.52,1776627957000
1776627958.994,58.994,0.66,0.67,0.33,0.34,0.01,0.01,75008.53,1776627958000
1776627959.352,59.352,0.66,0.67,0.33,0.34,0.01,0.01,75008.53,1776627958000
1776627959.769,59.769,0.66,0.67,0.33,0.34,0.01,0.01,75008.53,1776627958000
1776627960.149,60.149,0.66,0.67,0.33,0.34,0.01,0.01,75008.53,1776627958000
1776627960.582,60.582,0.66,0.67,0.33,0.34,0.01,0.01,75008.59,1776627959000
1776627960.964,60.964,0.66,0.67,0.33,0.34,0.01,0.01,75008.59,1776627959000
1776627961.352,61.352,0.66,0.67,0.33,0.34,0.01,0.01,75008.53,1776627960000
1776627961.85,61.85,0.66,0.67,0.33,0.34,0.01,0.01,75008.53,1776627960000
1776627962.247,62.247,0.66,0.67,0.33,0.34,0.01,0.01,75008.54,1776627961000
1776627962.704,62.704,0.66,0.67,0.33,0.34,0.01,0.01,75008.54,1776627961000
1776627963.04,63.04,0.66,0.67,0.33,0.34,0.01,0.01,75008.54,1776627961000
1776627963.726,63.726,0.66,0.67,0.33,0.34,0.01,0.01,75008.9,1776627962000
1776627964.07,64.07,0.66,0.67,0.33,0.34,0.01,0.01,75008.9,1776627962000
1776627964.446,64.446,0.66,0.67,0.33,0.34,0.01,0.01,75008.9,1776627962000
1776627964.787,64.787,0.66,0.67,0.33,0.34,0.01,0.01,75008.9,1776627962000
1776627965.257,65.257,0.66,0.67,0.33,0.34,0.01,0.01,75008.9,1776627963000
1776627966.17,66.17,0.66,0.67,0.33,0.34,0.01,0.01,75008.92,1776627964000
1776627966.749,66.749,0.66,0.67,0.33,0.34,0.01,0.01,75008.92,1776627965000
1776627967.169,67.169,0.66,0.67,0.33,0.34,0.01,0.01,75008.92,1776627966000
1776627967.505,67.505,0.66,0.67,0.33,0.34,0.01,0.01,75008.92,1776627966000
1776627967.908,67.908,0.66,0.67,0.33,0.34,0.01,0.01,75008.92,1776627966000
1776627968.257,68.257,0.75,0.76,0.24,0.25,0.01,0.01,75008.92,1776627966000
1776627968.631,68.631,0.75,0.76,0.24,0.26,0.01,0.02,75008.92,1776627967000
1776627968.981,68.981,0.75,0.76,0.24,0.25,0.01,0.01,75008.92,1776627967000
1776627969.362,69.362,0.76,0.77,0.23,0.24,0.01,0.01,75008.92,1776627968000
1776627969.727,69.727,0.76,0.77,0.23,0.24,0.01,0.01,75008.92,1776627968000
1776627970.067,70.067,0.76,0.77,0.22,0.24,0.01,0.02,75008.92,1776627968000
1776627970.413,70.413,0.77,0.78,0.22,0.23,0.01,0.01,75016.73,1776627969000
1776627970.826,70.826,0.77,0.78,0.22,0.23,0.01,0.01,75016.73,1776627969000
1776627971.171,71.171,0.77,0.78,0.22,0.23,0.01,0.01,75016.73,1776627969000
1776627971.773,71.773,0.77,0.78,0.22,0.23,0.01,0.01,75026.21,1776627970000
1776627972.236,72.236,0.77,0.78,0.22,0.23,0.01,0.01,75026.21,1776627970000
1776627972.58,72.58,0.77,0.78,0.22,0.23,0.01,0.01,75026.65,1776627971000
1776627972.934,72.934,0.78,0.79,0.21,0.22,0.01,0.01,75026.65,1776627971000
1776627973.484,73.484,0.78,0.79,0.21,0.22,0.01,0.01,75026.65,1776627971000
1776627973.845,73.845,0.78,0.79,0.21,0.22,0.01,0.01,75027.71,1776627972000
1776627974.3,74.3,0.78,0.79,0.21,0.22,0.01,0.01,75024.63,1776627973000
1776627974.714,74.714,0.78,0.79,0.21,0.22,0.01,0.01,75024.63,1776627973000
1776627975.057,75.057,0.78,0.79,0.21,0.22,0.01,0.01,75024.63,1776627973000
1776627975.414,75.414,0.78,0.79,0.21,0.22,0.01,0.01,75024.63,1776627973000
1776627975.919,75.919,0.78,0.79,0.21,0.22,0.01,0.01,75027.69,1776627974000
1776627976.283,76.283,0.78,0.79,0.21,0.24,0.01,0.03,75027.69,1776627974000
1776627976.666,76.666,0.78,0.79,0.21,0.22,0.01,0.01,75027.69,1776627975000
1776627977.147,77.147,0.78,0.79,0.21,0.22,0.01,0.01,75027.69,1776627975000
1776627977.512,77.512,0.78,0.79,0.21,0.22,0.01,0.01,75027.7,1776627976000
1776627978.246,78.246,0.78,0.79,0.21,0.22,0.01,0.01,75027.63,1776627977000
1776627979.059,79.059,0.78,0.79,0.21,0.22,0.01,0.01,75027.63,1776627977000
1776627979.4,79.4,0.78,0.79,0.21,0.23,0.01,0.02,75027.63,1776627977000
1776627979.922,79.922,0.78,0.79,0.21,0.22,0.01,0.01,75024.88,1776627978000
1776627980.323,80.323,0.78,0.79,0.21,0.22,0.01,0.01,75024.88,1776627979000
1776627980.657,80.657,0.78,0.79,0.21,0.22,0.01,0.01,75024.88,1776627979000
1776627981.28,81.28,0.78,0.79,0.21,0.22,0.01,0.01,75024.88,1776627979000
1776627981.684,81.684,0.78,0.79,0.21,0.22,0.01,0.01,75024.88,1776627979000
1776627982.391,82.391,0.78,0.79,0.21,0.22,0.01,0.01,75027.7,1776627980000
1776627982.753,82.753,0.77,0.78,0.21,0.22,0.01,0.01,75027.7,1776627981000
1776627983.207,83.207,0.77,0.78,0.22,0.23,0.01,0.01,75027.7,1776627981000
1776627983.82,83.82,0.77,0.78,0.22,0.23,0.01,0.01,75026.98,1776627982000
1776627984.157,84.157,0.77,0.78,0.22,0.23,0.01,0.01,75026.98,1776627982000
1776627984.528,84.528,0.75,0.78,0.22,0.23,0.03,0.01,75026.98,1776627982000
1776627984.893,84.893,0.77,0.78,0.22,0.25,0.01,0.03,75027.76,1776627983000
1776627985.237,85.237,0.77,0.78,0.22,0.23,0.01,0.01,75027.77,1776627984000
1776627985.946,85.946,0.77,0.78,0.22,0.23,0.01,0.01,75027.77,1776627984000
1776627986.356,86.356,0.77,0.78,0.22,0.23,0.01,0.01,75027.77,1776627985000
1776627987.165,87.165,0.75,0.77,0.23,0.24,0.02,0.01,75027.77,1776627985000
1776627987.504,87.504,0.76,0.77,0.23,0.24,0.01,0.01,75027.91,1776627986000
1776627987.837,87.837,0.76,0.77,0.23,0.24,0.01,0.01,75027.91,1776627986000
1776627988.529,88.529,0.76,0.77,0.23,0.24,0.01,0.01,75027.91,1776627987000
1776627988.876,88.876,0.77,0.78,0.22,0.23,0.01,0.01,75027.91,1776627987000
1776627989.393,89.393,0.77,0.78,0.22,0.23,0.01,0.01,75027.91,1776627987000
1776627990.26,90.26,0.77,0.78,0.22,0.23,0.01,0.01,75027.84,1776627989000
1776627991.09,91.09,0.76,0.78,0.22,0.23,0.02,0.01,75027.84,1776627989000
1776627991.474,91.474,0.77,0.79,0.22,0.24,0.02,0.02,75027.91,1776627990000
1776627992.274,92.274,0.79,0.8,0.2,0.21,0.01,0.01,75032.7,1776627991000
1776627992.689,92.689,0.79,0.8,0.2,0.21,0.01,0.01,75032.7,1776627991000
1776627993.063,93.063,0.8,0.81,0.19,0.2,0.01,0.01,75032.7,1776627991000
1776627993.408,93.408,0.8,0.81,0.19,0.2,0.01,0.01,75032.7,1776627991000
1776627993.758,93.758,0.8,0.81,0.19,0.2,0.01,0.01,75044.86,1776627992000
1776627994.101,94.101,0.8,0.81,0.19,0.2,0.01,0.01,75045.77,1776627993000
1776627994.443,94.443,0.8,0.81,0.19,0.2,0.01,0.01,75045.77,1776627993000
1776627994.803,94.803,0.81,0.82,0.18,0.19,0.01,0.01,75045.77,1776627993000
1776627995.14,95.14,0.8,0.82,0.18,0.2,0.02,0.02,75045.89,1776627994000
1776627995.498,95.498,0.79,0.8,0.2,0.21,0.01,0.01,75045.89,1776627994000
1776627995.929,95.929,0.8,0.81,0.19,0.21,0.01,0.02,75045.89,1776627994000
1776627996.281,96.281,0.83,0.84,0.16,0.17,0.01,0.01,75045.89,1776627994000
1776627996.636,96.636,0.83,0.84,0.15,0.17,0.01,0.02,75045.89,1776627994000
1776627996.983,96.983,0.83,0.84,0.16,0.17,0.01,0.01,75041.92,1776627995000
1776627997.36,97.36,0.83,0.84,0.16,0.17,0.01,0.01,75041.13,1776627996000
1776627997.704,97.704,0.83,0.84,0.16,0.17,0.01,0.01,75041.13,1776627996000
1776627998.176,98.176,0.83,0.84,0.16,0.17,0.01,0.01,75041.13,1776627996000
1776627998.509,98.509,0.83,0.84,0.16,0.17,0.01,0.01,75042.01,1776627997000
1776627998.861,98.861,0.83,0.84,0.16,0.17,0.01,0.01,75042.01,1776627997000
1776627999.2,99.2,0.83,0.84,0.16,0.17,0.01,0.01,75042.88,1776627998000
1776627999.554,99.554,0.83,0.84,0.16,0.17,0.01,0.01,75042.88,1776627998000
1776627999.947,99.947,0.83,0.84,0.16,0.17,0.01,0.01,75042.88,1776627998000
1776628000.54,100.54,0.82,0.83,0.17,0.18,0.01,0.01,75040.37,1776627999000
1776628001.007,101.007,0.82,0.83,0.17,0.18,0.01,0.01,75040.37,1776627999000
1776628001.38,101.38,0.82,0.83,0.17,0.18,0.01,0.01,75041.74,1776628000000
1776628001.818,101.818,0.81,0.83,0.17,0.18,0.02,0.01,75041.74,1776628000000
1776628002.213,102.213,0.81,0.82,0.18,0.19,0.01,0.01,75042.57,1776628001000
1776628002.559,102.559,0.81,0.82,0.18,0.19,0.01,0.01,75042.57,1776628001000
1776628002.943,102.943,0.81,0.82,0.18,0.19,0.01,0.01,75042.57,1776628001000
1776628003.363,103.363,0.81,0.82,0.18,0.19,0.01,0.01,75042.57,1776628002000
1776628003.805,103.805,0.8,0.82,0.18,0.19,0.02,0.01,75042.57,1776628002000
1776628004.309,104.309,0.8,0.81,0.18,0.19,0.01,0.01,75042.31,1776628003000
1776628004.804,104.804,0.8,0.81,0.19,0.2,0.01,0.01,75042.31,1776628003000
1776628005.143,105.143,0.8,0.81,0.19,0.2,0.01,0.01,75042.31,1776628003000
1776628005.477,105.477,0.8,0.81,0.19,0.2,0.01,0.01,75042.38,1776628004000
1776628006.034,106.034,0.8,0.81,0.19,0.2,0.01,0.01,75042.38,1776628004000
1776628006.637,106.637,0.8,0.81,0.19,0.2,0.01,0.01,75042.35,1776628005000
1776628006.986,106.986,0.8,0.81,0.19,0.2,0.01,0.01,75042.35,1776628005000
1776628007.679,107.679,0.8,0.81,0.19,0.2,0.01,0.01,75041.89,1776628006000
1776628008.018,108.018,0.78,0.79,0.21,0.22,0.01,0.01,75041.89,1776628006000
1776628008.372,108.372,0.78,0.79,0.21,0.22,0.01,0.01,75041.8,1776628007000
1776628008.742,108.742,0.78,0.79,0.21,0.22,0.01,0.01,75041.8,1776628007000
1776628009.091,109.091,0.78,0.79,0.21,0.22,0.01,0.01,75041.8,1776628007000
1776628009.697,109.697,0.78,0.79,0.21,0.22,0.01,0.01,75041.8,1776628007000
1776628010.056,110.056,0.78,0.79,0.21,0.22,0.01,0.01,75037.46,1776628008000
1776628010.482,110.482,0.79,0.8,0.2,0.22,0.01,0.02,75037.46,1776628008000
1776628010.825,110.825,0.79,0.8,0.2,0.21,0.01,0.01,75036.69,1776628009000
1776628011.2,111.2,0.79,0.8,0.2,0.21,0.01,0.01,75036.32,1776628010000
1776628011.647,111.647,0.79,0.8,0.2,0.21,0.01,0.01,75036.32,1776628010000
1776628012.272,112.272,0.79,0.8,0.2,0.21,0.01,0.01,75036.32,1776628011000
1776628012.832,112.832,0.78,0.8,0.2,0.21,0.02,0.01,75036.32,1776628011000
1776628013.178,113.178,0.79,0.8,0.2,0.21,0.01,0.01,75036.32,1776628011000
1776628013.565,113.565,0.79,0.8,0.2,0.21,0.01,0.01,75035.68,1776628012000
1776628013.919,113.919,0.79,0.8,0.2,0.21,0.01,0.01,75035.68,1776628012000
1776628014.334,114.334,0.79,0.8,0.2,0.21,0.01,0.01,75035.68,1776628012000
1776628014.69,114.69,0.79,0.8,0.2,0.21,0.01,0.01,75035.68,1776628013000
1776628015.058,115.058,0.79,0.8,0.2,0.21,0.01,0.01,75035.7,1776628014000
1776628015.434,115.434,0.79,0.8,0.2,0.21,0.01,0.01,75035.7,1776628014000
1776628016.041,116.041,0.79,0.81,0.2,0.21,0.02,0.01,75035.7,1776628014000
1776628017.289,117.289,0.8,0.81,0.19,0.2,0.01,0.01,75035.65,1776628016000
1776628017.685,117.685,0.8,0.81,0.19,0.2,0.01,0.01,75035.65,1776628016000
1776628018.039,118.039,0.8,0.81,0.19,0.2,0.01,0.01,75035.65,1776628016000
1776628018.397,118.397,0.8,0.81,0.19,0.2,0.01,0.01,75035.65,1776628016000
1776628018.773,118.773,0.8,0.81,0.19,0.2,0.01,0.01,75035.64,1776628017000
1776628019.142,119.142,0.8,0.81,0.19,0.2,0.01,0.01,75035.64,1776628018000
1776628019.578,119.578,0.8,0.82,0.19,0.2,0.02,0.01,75035.64,1776628018000
1776628019.938,119.938,0.81,0.82,0.18,0.19,0.01,0.01,75035.64,1776628018000
1776628020.609,120.609,0.81,0.82,0.18,0.19,0.01,0.01,75035.96,1776628019000
1776628020.995,120.995,0.84,0.85,0.15,0.18,0.01,0.03,75035.96,1776628019000
1776628021.33,121.33,0.84,0.85,0.15,0.16,0.01,0.01,75035.96,1776628019000
1776628021.672,121.672,0.85,0.86,0.14,0.15,0.01,0.01,75036.64,1776628020000
1776628022.044,122.044,0.86,0.87,0.13,0.14,0.01,0.01,75036.64,1776628020000
1776628022.545,122.545,0.86,0.87,0.13,0.14,0.01,0.01,75036.64,1776628020000
1776628023.017,123.017,0.86,0.87,0.13,0.14,0.01,0.01,75037.14,1776628021000
1776628023.51,123.51,0.86,0.87,0.13,0.14,0.01,0.01,75038.96,1776628022000
1776628024.138,124.138,0.86,0.87,0.13,0.14,0.01,0.01,75038.96,1776628022000
1776628024.586,124.586,0.86,0.87,0.13,0.14,0.01,0.01,75043.39,1776628023000
1776628024.984,124.984,0.86,0.87,0.13,0.14,0.01,0.01,75043.39,1776628023000
1776628025.594,125.594,0.86,0.87,0.13,0.14,0.01,0.01,75043.39,1776628023000
1776628026.141,126.141,0.86,0.87,0.13,0.14,0.01,0.01,75043.36,1776628025000
1776628026.704,126.704,0.85,0.87,0.13,0.14,0.02,0.01,75043.36,1776628025000
1776628027.136,127.136,0.85,0.86,0.14,0.15,0.01,0.01,75043.4,1776628026000
1776628027.491,127.491,0.85,0.86,0.14,0.15,0.01,0.01,75043.4,1776628026000
1776628028.073,128.073,0.85,0.86,0.14,0.15,0.01,0.01,75043.4,1776628026000
1776628028.687,128.687,0.85,0.86,0.14,0.15,0.01,0.01,75043.4,1776628027000
1776628029.114,129.114,0.85,0.86,0.14,0.15,0.01,0.01,75043.41,1776628028000
1776628030.17,130.17,0.85,0.86,0.14,0.15,0.01,0.01,75043.41,1776628028000
1776628030.599,130.599,0.85,0.86,0.14,0.15,0.01,0.01,75043.41,1776628029000
1776628031.035,131.035,0.85,0.86,0.14,0.15,0.01,0.01,75043.41,1776628029000
1776628031.529,131.529,0.85,0.86,0.14,0.15,0.01,0.01,75043.44,1776628030000
1776628032.259,132.259,0.85,0.86,0.14,0.15,0.01,0.01,75043.44,1776628030000
1776628032.61,132.61,0.85,0.87,0.13,0.15,0.02,0.02,75043.6,1776628031000
1776628032.955,132.955,0.86,0.87,0.13,0.14,0.01,0.01,75043.7,1776628032000
1776628033.456,133.456,0.86,0.87,0.13,0.14,0.01,0.01,75043.7,1776628032000
1776628033.803,133.803,0.86,0.87,0.13,0.14,0.01,0.01,75043.7,1776628032000
1776628034.249,134.249,0.84,0.85,0.13,0.15,0.01,0.02,75043.71,1776628033000
1776628034.733,134.733,0.84,0.85,0.15,0.16,0.01,0.01,75043.71,1776628033000
1776628035.457,135.457,0.84,0.85,0.15,0.16,0.01,0.01,75044.71,1776628034000
1776628035.831,135.831,0.84,0.85,0.15,0.16,0.01,0.01,75044.71,1776628034000
1776628036.244,136.244,0.84,0.85,0.15,0.16,0.01,0.01,75044.95,1776628035000
1776628037.091,137.091,0.84,0.85,0.15,0.16,0.01,0.01,75044.95,1776628035000
1776628037.43,137.43,0.84,0.85,0.15,0.16,0.01,0.01,75045.06,1776628036000
1776628037.951,137.951,0.84,0.85,0.15,0.16,0.01,0.01,75045.06,1776628036000
1776628038.384,138.384,0.85,0.86,0.14,0.16,0.01,0.02,75045.06,1776628036000
1776628038.844,138.844,0.85,0.86,0.14,0.15,0.01,0.01,75045.06,1776628036000
1776628039.253,139.253,0.85,0.86,0.14,0.15,0.01,0.01,75045.11,1776628037000
1776628039.761,139.761,0.85,0.86,0.14,0.15,0.01,0.01,75045.11,1776628037000
1776628040.118,140.118,0.85,0.86,0.14,0.15,0.01,0.01,75045.05,1776628038000
1776628040.469,140.469,0.85,0.86,0.14,0.15,0.01,0.01,75045.05,1776628038000
1776628040.815,140.815,0.85,0.86,0.14,0.15,0.01,0.01,75045.05,1776628038000
1776628041.492,141.492,0.85,0.86,0.14,0.15,0.01,0.01,75046.67,1776628040000
1776628042.201,142.201,0.85,0.86,0.14,0.15,0.01,0.01,75046.67,1776628040000
1776628042.749,142.749,0.85,0.86,0.14,0.15,0.01,0.01,75043.96,1776628041000
1776628043.272,143.272,0.85,0.86,0.14,0.15,0.01,0.01,75043.96,1776628041000
1776628043.7,143.7,0.85,0.86,0.14,0.15,0.01,0.01,75043.96,1776628041000
1776628044.197,144.197,0.85,0.86,0.14,0.15,0.01,0.01,75046.41,1776628042000
1776628044.607,144.607,0.85,0.86,0.14,0.15,0.01,0.01,75046.41,1776628043000
1776628045.056,145.056,0.85,0.86,0.14,0.15,0.01,0.01,75046.41,1776628043000
1776628045.438,145.438,0.85,0.86,0.14,0.15,0.01,0.01,75046.29,1776628044000
1776628045.78,145.78,0.85,0.86,0.14,0.15,0.01,0.01,75046.29,1776628044000
1776628046.126,146.126,0.85,0.86,0.14,0.15,0.01,0.01,75046.29,1776628045000
1776628046.566,146.566,0.85,0.86,0.14,0.15,0.01,0.01,75046.29,1776628045000
1776628046.936,146.936,0.85,0.86,0.14,0.15,0.01,0.01,75046.29,1776628045000
1776628047.362,147.362,0.85,0.86,0.14,0.15,0.01,0.01,75046.29,1776628045000
1776628047.822,147.822,0.85,0.86,0.14,0.15,0.01,0.01,75044.01,1776628046000
1776628048.193,148.193,0.84,0.86,0.14,0.15,0.02,0.01,75044.01,1776628046000
1776628048.609,148.609,0.84,0.85,0.14,0.16,0.01,0.02,75044.01,1776628046000
1776628049.118,149.118,0.84,0.85,0.15,0.16,0.01,0.01,75043.27,1776628047000
1776628049.502,149.502,0.84,0.85,0.15,0.16,0.01,0.01,75043.29,1776628048000
1776628049.956,149.956,0.84,0.86,0.15,0.16,0.02,0.01,75043.29,1776628048000
1776628050.406,150.406,0.85,0.86,0.14,0.15,0.01,0.01,75043.29,1776628049000
1776628050.777,150.777,0.85,0.86,0.14,0.15,0.01,0.01,75043.29,1776628049000
1776628051.288,151.288,0.85,0.86,0.14,0.15,0.01,0.01,75043.29,1776628049000
1776628051.699,151.699,0.85,0.86,0.14,0.15,0.01,0.01,75043.29,1776628049000
1776628052.092,152.092,0.85,0.86,0.14,0.15,0.01,0.01,75043.29,1776628050000
1776628052.531,152.531,0.85,0.87,0.14,0.15,0.02,0.01,75043.29,1776628050000
1776628052.906,152.906,0.85,0.86,0.13,0.15,0.01,0.02,75043.3,1776628051000
1776628053.268,153.268,0.83,0.84,0.16,0.17,0.01,0.01,75043.28,1776628052000
1776628053.782,153.782,0.83,0.84,0.16,0.17,0.01,0.01,75043.28,1776628052000
1776628054.458,154.458,0.83,0.84,0.16,0.17,0.01,0.01,75043.28,1776628052000
1776628054.804,154.804,0.83,0.84,0.16,0.17,0.01,0.01,75043.28,1776628052000
1776628055.192,155.192,0.83,0.84,0.16,0.17,0.01,0.01,75043.25,1776628053000
1776628055.635,155.635,0.83,0.84,0.16,0.17,0.01,0.01,75043.25,1776628053000
1776628055.999,155.999,0.83,0.84,0.16,0.17,0.01,0.01,75039.14,1776628054000
1776628056.334,156.334,0.83,0.84,0.16,0.17,0.01,0.01,75039.03,1776628055000
1776628056.703,156.703,0.82,0.83,0.17,0.18,0.01,0.01,75039.03,1776628055000
1776628057.117,157.117,0.82,0.83,0.17,0.18,0.01,0.01,75039.03,1776628055000
1776628057.457,157.457,0.82,0.83,0.17,0.18,0.01,0.01,75039.03,1776628055000
1776628057.836,157.836,0.82,0.83,0.17,0.18,0.01,0.01,75039.03,1776628055000
1776628058.29,158.29,0.75,0.77,0.21,0.23,0.02,0.02,75036.05,1776628056000
1776628058.691,158.691,0.74,0.76,0.24,0.26,0.02,0.02,75036.05,1776628056000
1776628059.029,159.029,0.71,0.72,0.28,0.29,0.01,0.01,75036.05,1776628056000
1776628059.435,159.435,0.71,0.72,0.28,0.29,0.01,0.01,75035.43,1776628058000
1776628059.805,159.805,0.71,0.72,0.28,0.29,0.01,0.01,75035.43,1776628058000
1776628060.178,160.178,0.71,0.72,0.28,0.29,0.01,0.01,75035.43,1776628058000
1776628060.581,160.581,0.71,0.72,0.28,0.29,0.01,0.01,75022.58,1776628059000
1776628061.235,161.235,0.71,0.72,0.28,0.29,0.01,0.01,75022.58,1776628059000
1776628061.593,161.593,0.71,0.72,0.28,0.29,0.01,0.01,75017.34,1776628060000
1776628062.03,162.03,0.71,0.72,0.28,0.29,0.01,0.01,75017.34,1776628060000
1776628062.428,162.428,0.71,0.72,0.28,0.29,0.01,0.01,75017.34,1776628060000
1776628062.82,162.82,0.71,0.72,0.28,0.29,0.01,0.01,75019.02,1776628061000
1776628063.534,163.534,0.71,0.72,0.28,0.29,0.01,0.01,75019.02,1776628062000
1776628063.895,163.895,0.78,0.79,0.21,0.22,0.01,0.01,75019.02,1776628062000
1776628064.254,164.254,0.78,0.79,0.21,0.22,0.01,0.01,75019.02,1776628062000
1776628064.601,164.601,0.78,0.79,0.21,0.22,0.01,0.01,75019.02,1776628062000
1776628064.948,164.948,0.78,0.79,0.21,0.22,0.01,0.01,75019.02,1776628062000
1776628065.325,165.325,0.78,0.79,0.21,0.22,0.01,0.01,75019.05,1776628063000
1776628065.681,165.681,0.78,0.79,0.21,0.22,0.01,0.01,75020.59,1776628064000
1776628066.13,166.13,0.78,0.79,0.21,0.22,0.01,0.01,75020.59,1776628064000
1776628066.851,166.851,0.78,0.79,0.21,0.22,0.01,0.01,75029.77,1776628065000
1776628067.372,167.372,0.79,0.8,0.2,0.21,0.01,0.01,75029.77,1776628065000
1776628068.308,168.308,0.79,0.8,0.2,0.21,0.01,0.01,75030.28,1776628067000
1776628068.86,168.86,0.79,0.8,0.2,0.21,0.01,0.01,75030.28,1776628067000
1776628069.488,169.488,0.79,0.8,0.2,0.21,0.01,0.01,75030.35,1776628068000
1776628070.126,170.126,0.79,0.8,0.2,0.21,0.01,0.01,75030.35,1776628068000
1776628070.535,170.535,0.79,0.8,0.2,0.21,0.01,0.01,75030.42,1776628069000
1776628070.892,170.892,0.79,0.8,0.2,0.21,0.01,0.01,75030.42,1776628069000
1776628071.249,171.249,0.79,0.81,0.19,0.21,0.02,0.02,75030.42,1776628069000
1776628071.856,171.856,0.8,0.81,0.19,0.21,0.01,0.02,75030.41,1776628070000
1776628072.285,172.285,0.8,0.82,0.19,0.2,0.02,0.01,75030.41,1776628070000
1776628072.839,172.839,0.81,0.82,0.18,0.19,0.01,0.01,75030.33,1776628071000
1776628073.281,173.281,0.84,0.85,0.15,0.16,0.01,0.01,75030.33,1776628072000
1776628073.632,173.632,0.84,0.85,0.15,0.16,0.01,0.01,75030.33,1776628072000
1776628073.967,173.967,0.84,0.85,0.15,0.16,0.01,0.01,75030.33,1776628072000
1776628074.343,174.343,0.85,0.86,0.14,0.16,0.01,0.02,75030.53,1776628073000
1776628074.809,174.809,0.86,0.87,0.13,0.14,0.01,0.01,75030.53,1776628073000
1776628075.15,175.15,0.86,0.87,0.13,0.14,0.01,0.01,75030.53,1776628073000
1776628075.896,175.896,0.86,0.87,0.13,0.14,0.01,0.01,75037.59,1776628074000
1776628076.589,176.589,0.86,0.87,0.13,0.14,0.01,0.01,75037.76,1776628075000
1776628077.438,177.438,0.86,0.87,0.13,0.14,0.01,0.01,75037.69,1776628076000
1776628078.043,178.043,0.86,0.87,0.13,0.14,0.01,0.01,75037.69,1776628076000
1776628078.451,178.451,0.86,0.87,0.13,0.14,0.01,0.01,75037.68,1776628077000
1776628078.788,178.788,0.86,0.87,0.13,0.14,0.01,0.01,75037.68,1776628077000
1776628079.129,179.129,0.86,0.87,0.13,0.14,0.01,0.01,75037.68,1776628078000
1776628079.528,179.528,0.86,0.87,0.13,0.14,0.01,0.01,75037.68,1776628078000
1776628080.007,180.007,0.86,0.87,0.13,0.14,0.01,0.01,75036.65,1776628079000
1776628080.348,180.348,0.86,0.87,0.13,0.14,0.01,0.01,75036.65,1776628079000
1776628080.716,180.716,0.86,0.87,0.13,0.14,0.01,0.01,75036.65,1776628079000
1776628081.11,181.11,0.86,0.87,0.13,0.14,0.01,0.01,75036.64,1776628080000
1776628081.624,181.624,0.85,0.86,0.14,0.15,0.01,0.01,75036.64,1776628080000
1776628082.014,182.014,0.85,0.86,0.14,0.15,0.01,0.01,75036.64,1776628080000
1776628082.42,182.42,0.85,0.86,0.14,0.15,0.01,0.01,75036.63,1776628081000
1776628082.807,182.807,0.83,0.85,0.14,0.16,0.02,0.02,75036.63,1776628081000
1776628083.219,183.219,0.83,0.84,0.16,0.17,0.01,0.01,75036.63,1776628081000
1776628083.86,183.86,0.83,0.84,0.16,0.17,0.01,0.01,75036.61,1776628082000
1776628084.391,184.391,0.83,0.84,0.16,0.17,0.01,0.01,75036.61,1776628082000
1776628085.006,185.006,0.82,0.84,0.16,0.18,0.02,0.02,75034.61,1776628084000
1776628085.418,185.418,0.82,0.84,0.16,0.17,0.02,0.01,75034.61,1776628084000
1776628085.89,185.89,0.83,0.84,0.16,0.18,0.01,0.02,75034.61,1776628084000
1776628086.575,186.575,0.77,0.81,0.17,0.23,0.04,0.06,75031.99,1776628085000
1776628087.113,187.113,0.8,0.81,0.19,0.23,0.01,0.04,75031.99,1776628085000
1776628087.449,187.449,0.8,0.81,0.19,0.2,0.01,0.01,75028.93,1776628086000
1776628087.855,187.855,0.8,0.81,0.19,0.2,0.01,0.01,75028.93,1776628086000
1776628088.209,188.209,0.8,0.81,0.19,0.22,0.01,0.03,75028.99,1776628087000
1776628088.568,188.568,0.8,0.81,0.19,0.2,0.01,0.01,75028.99,1776628087000
1776628089.19,189.19,0.8,0.81,0.19,0.2,0.01,0.01,75029.0,1776628088000
1776628090.03,190.03,0.8,0.81,0.19,0.2,0.01,0.01,75029.0,1776628088000
1776628090.985,190.985,0.8,0.81,0.19,0.2,0.01,0.01,75028.45,1776628089000
1776628091.382,191.382,0.8,0.81,0.18,0.2,0.01,0.02,75028.91,1776628090000
1776628091.721,191.721,0.8,0.81,0.19,0.2,0.01,0.01,75028.91,1776628090000
1776628092.058,192.058,0.81,0.83,0.17,0.19,0.02,0.02,75028.91,1776628090000
1776628092.425,192.425,0.82,0.83,0.17,0.18,0.01,0.01,75028.95,1776628091000
1776628092.907,192.907,0.82,0.83,0.17,0.18,0.01,0.01,75028.95,1776628091000
1776628093.737,193.737,0.82,0.83,0.17,0.18,0.01,0.01,75029.27,1776628092000
1776628094.13,194.13,0.82,0.83,0.17,0.18,0.01,0.01,75029.27,1776628093000
1776628094.714,194.714,0.82,0.83,0.17,0.18,0.01,0.01,75029.27,1776628093000
1776628095.163,195.163,0.82,0.83,0.17,0.18,0.01,0.01,75029.27,1776628093000
1776628095.559,195.559,0.82,0.83,0.17,0.18,0.01,0.01,75029.37,1776628094000
1776628096.141,196.141,0.82,0.83,0.17,0.18,0.01,0.01,75029.4,1776628095000
1776628096.564,196.564,0.82,0.83,0.17,0.18,0.01,0.01,75029.4,1776628095000
1776628097.123,197.123,0.82,0.83,0.17,0.18,0.01,0.01,75029.7,1776628096000
1776628097.556,197.556,0.83,0.84,0.16,0.18,0.01,0.02,75029.7,1776628096000
1776628098.106,198.106,0.83,0.85,0.15,0.17,0.02,0.02,75030.48,1776628097000
1776628098.476,198.476,0.84,0.85,0.15,0.16,0.01,0.01,75030.48,1776628097000
1776628098.816,198.816,0.84,0.85,0.15,0.16,0.01,0.01,75030.48,1776628097000
1776628099.19,199.19,0.84,0.85,0.15,0.16,0.01,0.01,75030.54,1776628098000
1776628099.686,199.686,0.84,0.85,0.15,0.16,0.01,0.01,75030.54,1776628098000
1776628100.189,200.189,0.84,0.85,0.15,0.16,0.01,0.01,75030.54,1776628098000
1776628101.167,201.167,0.84,0.85,0.15,0.16,0.01,0.01,75030.58,1776628100000
1776628102.046,202.046,0.84,0.85,0.15,0.16,0.01,0.01,75030.58,1776628100000
1776628102.382,202.382,0.84,0.85,0.15,0.16,0.01,0.01,75030.59,1776628101000
1776628102.873,202.873,0.84,0.85,0.15,0.16,0.01,0.01,75030.59,1776628101000
1776628103.384,203.384,0.84,0.85,0.15,0.16,0.01,0.01,75030.81,1776628102000
1776628104.264,204.264,0.84,0.85,0.15,0.17,0.01,0.02,75030.81,1776628102000
1776628104.726,204.726,0.84,0.85,0.15,0.16,0.01,0.01,75030.77,1776628103000
1776628105.068,205.068,0.84,0.85,0.15,0.16,0.01,0.01,75030.78,1776628104000
1776628105.645,205.645,0.84,0.85,0.15,0.16,0.01,0.01,75030.78,1776628104000
1776628106.225,206.225,0.84,0.85,0.15,0.16,0.01,0.01,75030.81,1776628105000
1776628106.664,206.664,0.84,0.85,0.15,0.16,0.01,0.01,75030.81,1776628105000
1776628107.062,207.062,0.84,0.85,0.15,0.16,0.01,0.01,75030.81,1776628105000
1776628107.407,207.407,0.84,0.85,0.15,0.16,0.01,0.01,75030.77,1776628106000
1776628107.957,207.957,0.85,0.86,0.14,0.15,0.01,0.01,75030.77,1776628106000
1776628108.385,208.385,0.85,0.86,0.14,0.15,0.01,0.01,75030.68,1776628107000
1776628109.026,209.026,0.85,0.86,0.14,0.15,0.01,0.01,75030.76,1776628108000
1776628109.433,209.433,0.86,0.87,0.13,0.14,0.01,0.01,75030.76,1776628108000
1776628109.954,209.954,0.86,0.87,0.13,0.14,0.01,0.01,75030.76,1776628108000
1776628110.297,210.297,0.86,0.87,0.13,0.14,0.01,0.01,75030.76,1776628108000
1776628110.637,210.637,0.86,0.87,0.13,0.14,0.01,0.01,75030.77,1776628109000
1776628111.097,211.097,0.86,0.87,0.13,0.14,0.01,0.01,75030.77,1776628109000
1776628111.571,211.571,0.87,0.88,0.12,0.13,0.01,0.01,75032.4,1776628110000
1776628112.06,212.06,0.87,0.88,0.12,0.13,0.01,0.01,75032.4,1776628110000
1776628112.573,212.573,0.87,0.88,0.12,0.13,0.01,0.01,75032.4,1776628111000
1776628113.292,213.292,0.87,0.88,0.12,0.13,0.01,0.01,75032.4,1776628112000
1776628113.691,213.691,0.87,0.88,0.12,0.13,0.01,0.01,75032.4,1776628112000
1776628114.281,214.281,0.87,0.88,0.12,0.13,0.01,0.01,75032.4,1776628112000
1776628115.23,215.23,0.87,0.88,0.12,0.13,0.01,0.01,75032.41,1776628113000
1776628116.016,216.016,0.87,0.88,0.12,0.13,0.01,0.01,75032.43,1776628114000
1776628116.526,216.526,0.87,0.88,0.12,0.13,0.01,0.01,75032.43,1776628114000
1776628116.895,216.895,0.87,0.88,0.12,0.13,0.01,0.01,75032.43,1776628115000
1776628117.331,217.331,0.87,0.88,0.12,0.13,0.01,0.01,75032.43,1776628116000
1776628118.094,218.094,0.87,0.88,0.12,0.13,0.01,0.01,75032.43,1776628116000
1776628118.496,218.496,0.87,0.88,0.12,0.13,0.01,0.01,75032.43,1776628117000
1776628119.043,219.043,0.87,0.89,0.12,0.13,0.02,0.01,75032.43,1776628117000
1776628119.412,219.412,0.88,0.89,0.11,0.12,0.01,0.01,75032.57,1776628118000
1776628119.776,219.776,0.88,0.89,0.11,0.12,0.01,0.01,75032.57,1776628118000
1776628120.125,220.125,0.88,0.89,0.11,0.12,0.01,0.01,75032.57,1776628119000
1776628120.474,220.474,0.88,0.89,0.11,0.12,0.01,0.01,75032.57,1776628119000
1776628120.874,220.874,0.88,0.89,0.11,0.12,0.01,0.01,75032.57,1776628119000
1776628121.45,221.45,0.88,0.89,0.11,0.12,0.01,0.01,75032.57,1776628120000
1776628122.035,222.035,0.88,0.89,0.11,0.12,0.01,0.01,75032.57,1776628120000
1776628122.403,222.403,0.88,0.89,0.11,0.12,0.01,0.01,75032.53,1776628121000
1776628122.816,222.816,0.88,0.89,0.11,0.12,0.01,0.01,75032.53,1776628121000
1776628123.281,223.281,0.88,0.89,0.11,0.12,0.01,0.01,75032.53,1776628122000
1776628123.627,223.627,0.88,0.89,0.11,0.12,0.01,0.01,75032.53,1776628122000
1776628124.045,224.045,0.88,0.89,0.11,0.12,0.01,0.01,75032.53,1776628122000
1776628124.521,224.521,0.88,0.89,0.11,0.12,0.01,0.01,75032.47,1776628123000
1776628124.886,224.886,0.88,0.89,0.11,0.12,0.01,0.01,75032.47,1776628123000
1776628125.257,225.257,0.88,0.89,0.11,0.12,0.01,0.01,75032.48,1776628124000
1776628125.737,225.737,0.88,0.89,0.11,0.12,0.01,0.01,75032.48,1776628124000
1776628126.123,226.123,0.88,0.89,0.11,0.12,0.01,0.01,75032.48,1776628124000
1776628126.602,226.602,0.88,0.89,0.11,0.12,0.01,0.01,75032.46,1776628125000
1776628126.969,226.969,0.88,0.89,0.11,0.12,0.01,0.01,75032.46,1776628125000
1776628127.303,227.303,0.88,0.89,0.11,0.12,0.01,0.01,75032.42,1776628126000
1776628127.764,227.764,0.88,0.89,0.11,0.12,0.01,0.01,75032.42,1776628126000
1776628128.117,228.117,0.88,0.9,0.11,0.12,0.02,0.01,75032.42,1776628126000
1776628128.49,228.49,0.89,0.9,0.1,0.11,0.01,0.01,75032.42,1776628127000
1776628128.858,228.858,0.89,0.9,0.1,0.11,0.01,0.01,75032.42,1776628127000
1776628129.221,229.221,0.89,0.9,0.1,0.11,0.01,0.01,75032.42,1776628127000
1776628129.611,229.611,0.89,0.9,0.1,0.11,0.01,0.01,75032.42,1776628128000
1776628130.014,230.014,0.89,0.9,0.1,0.11,0.01,0.01,75032.42,1776628128000
1776628130.422,230.422,0.89,0.9,0.1,0.11,0.01,0.01,75032.42,1776628128000
1776628131.088,231.088,0.89,0.9,0.1,0.11,0.01,0.01,75032.43,1776628129000
1776628131.478,231.478,0.89,0.9,0.1,0.11,0.01,0.01,75028.28,1776628130000
1776628132.359,232.359,0.89,0.9,0.1,0.11,0.01,0.01,75028.28,1776628130000
1776628132.709,232.709,0.89,0.9,0.1,0.11,0.01,0.01,75032.43,1776628131000
1776628133.044,233.044,0.89,0.9,0.1,0.11,0.01,0.01,75032.43,1776628131000
1776628133.59,233.59,0.89,0.9,0.1,0.11,0.01,0.01,75032.43,1776628131000
1776628134.012,234.012,0.89,0.9,0.1,0.11,0.01,0.01,75032.43,1776628132000
1776628134.396,234.396,0.89,0.9,0.1,0.11,0.01,0.01,75032.43,1776628133000
1776628135.128,235.128,0.89,0.9,0.1,0.11,0.01,0.01,75032.43,1776628133000
1776628135.601,235.601,0.89,0.9,0.1,0.11,0.01,0.01,75032.46,1776628134000
1776628136.013,236.013,0.89,0.9,0.1,0.11,0.01,0.01,75032.46,1776628134000
1776628136.396,236.396,0.89,0.9,0.1,0.11,0.01,0.01,75032.47,1776628135000
1776628137.154,237.154,0.89,0.9,0.1,0.11,0.01,0.01,75032.47,1776628135000
1776628137.571,237.571,0.89,0.9,0.1,0.11,0.01,0.01,75032.47,1776628135000
1776628138.092,238.092,0.89,0.9,0.1,0.11,0.01,0.01,75032.48,1776628136000
1776628138.538,238.538,0.89,0.9,0.1,0.11,0.01,0.01,75032.49,1776628137000
1776628138.907,238.907,0.89,0.9,0.1,0.11,0.01,0.01,75032.49,1776628137000
1776628139.464,239.464,0.89,0.9,0.1,0.11,0.01,0.01,75032.49,1776628137000
1776628139.984,239.984,0.89,0.9,0.1,0.11,0.01,0.01,75032.49,1776628138000
1776628140.379,240.379,0.89,0.9,0.1,0.11,0.01,0.01,75028.26,1776628139000
1776628140.766,240.766,0.78,0.79,0.17,0.22,0.01,0.05,75028.26,1776628139000
1776628141.112,241.112,0.72,0.74,0.26,0.27,0.02,0.01,75028.26,1776628139000
1776628141.451,241.451,0.7,0.71,0.27,0.3,0.01,0.03,75028.26,1776628139000
1776628141.79,241.79,0.71,0.72,0.28,0.29,0.01,0.01,75028.26,1776628139000
1776628142.231,242.231,0.71,0.72,0.28,0.29,0.01,0.01,75028.21,1776628140000
1776628142.588,242.588,0.71,0.72,0.28,0.29,0.01,0.01,75028.21,1776628140000
1776628142.926,242.926,0.71,0.72,0.28,0.29,0.01,0.01,75012.27,1776628141000
1776628143.26,243.26,0.71,0.72,0.28,0.29,0.01,0.01,75012.27,1776628141000
1776628143.608,243.608,0.71,0.72,0.28,0.29,0.01,0.01,75007.28,1776628142000
1776628143.947,243.947,0.71,0.72,0.28,0.29,0.01,0.01,75007.28,1776628142000
1776628144.441,244.441,0.71,0.72,0.28,0.29,0.01,0.01,75007.28,1776628142000
1776628144.803,244.803,0.71,0.72,0.28,0.29,0.01,0.01,75007.28,1776628143000
1776628145.136,245.136,0.71,0.72,0.28,0.29,0.01,0.01,75007.28,1776628143000
1776628145.485,245.485,0.71,0.72,0.28,0.29,0.01,0.01,75007.28,1776628144000
1776628146.094,246.094,0.71,0.72,0.28,0.29,0.01,0.01,75007.28,1776628144000
1776628146.587,246.587,0.71,0.72,0.28,0.29,0.01,0.01,75007.28,1776628144000
1776628146.92,246.92,0.71,0.72,0.28,0.29,0.01,0.01,75004.93,1776628145000
1776628147.506,247.506,0.69,0.71,0.29,0.31,0.02,0.02,75007.28,1776628146000
1776628147.934,247.934,0.68,0.69,0.3,0.31,0.01,0.01,75007.28,1776628146000
1776628148.466,248.466,0.68,0.7,0.3,0.32,0.02,0.02,75007.25,1776628147000
1776628148.828,248.828,0.69,0.7,0.3,0.31,0.01,0.01,75007.25,1776628147000
1776628149.367,249.367,0.71,0.72,0.28,0.31,0.01,0.03,75007.25,1776628147000
1776628149.703,249.703,0.71,0.72,0.28,0.29,0.01,0.01,75005.32,1776628148000
1776628150.181,250.181,0.7,0.72,0.28,0.29,0.02,0.01,75005.19,1776628149000
1776628150.541,250.541,0.7,0.72,0.29,0.3,0.02,0.01,75005.19,1776628149000
1776628150.896,250.896,0.7,0.72,0.28,0.29,0.02,0.01,75005.19,1776628149000
1776628151.25,251.25,0.71,0.72,0.28,0.29,0.01,0.01,75005.19,1776628150000
1776628151.585,251.585,0.72,0.73,0.28,0.29,0.01,0.01,75005.19,1776628150000
1776628152.019,252.019,0.72,0.73,0.27,0.28,0.01,0.01,75006.47,1776628151000
1776628152.669,252.669,0.72,0.73,0.27,0.28,0.01,0.01,75006.47,1776628151000
1776628153.018,253.018,0.7,0.72,0.27,0.28,0.02,0.01,75006.47,1776628151000
1776628153.488,253.488,0.7,0.71,0.29,0.3,0.01,0.01,75006.77,1776628152000
1776628154.185,254.185,0.7,0.71,0.29,0.3,0.01,0.01,75006.77,1776628152000
1776628154.663,254.663,0.69,0.7,0.3,0.31,0.01,0.01,75006.57,1776628153000
1776628154.996,254.996,0.68,0.69,0.31,0.32,0.01,0.01,75006.07,1776628154000
1776628155.394,255.394,0.68,0.69,0.31,0.32,0.01,0.01,75006.07,1776628154000
1776628155.883,255.883,0.69,0.7,0.29,0.31,0.01,0.02,75006.07,1776628154000
1776628156.314,256.314,0.69,0.7,0.3,0.31,0.01,0.01,75005.7,1776628155000
1776628156.694,256.694,0.69,0.7,0.3,0.31,0.01,0.01,75005.7,1776628155000
1776628157.039,257.039,0.7,0.73,0.29,0.31,0.03,0.02,75005.7,1776628155000
1776628157.425,257.425,0.73,0.74,0.26,0.27,0.01,0.01,75005.69,1776628156000
1776628157.766,257.766,0.73,0.74,0.26,0.27,0.01,0.01,75005.69,1776628156000
1776628158.136,258.136,0.73,0.74,0.26,0.27,0.01,0.01,75005.69,1776628156000
1776628158.54,258.54,0.73,0.74,0.26,0.27,0.01,0.01,75004.23,1776628157000
1776628158.963,258.963,0.73,0.75,0.26,0.27,0.02,0.01,75004.23,1776628157000
1776628159.339,259.339,0.73,0.74,0.26,0.27,0.01,0.01,75005.07,1776628158000
1776628159.777,259.777,0.73,0.74,0.26,0.27,0.01,0.01,75005.07,1776628158000
1776628160.145,260.145,0.73,0.74,0.26,0.27,0.01,0.01,75005.07,1776628159000
1776628160.684,260.684,0.74,0.75,0.25,0.27,0.01,0.02,75005.07,1776628159000
1776628161.26,261.26,0.74,0.75,0.25,0.26,0.01,0.01,75005.41,1776628160000
1776628161.664,261.664,0.74,0.76,0.25,0.26,0.02,0.01,75005.41,1776628160000
1776628162.002,262.002,0.75,0.76,0.24,0.25,0.01,0.01,75005.41,1776628160000
1776628162.399,262.399,0.76,0.77,0.23,0.24,0.01,0.01,75005.19,1776628161000
1776628162.791,262.791,0.76,0.77,0.23,0.24,0.01,0.01,75005.19,1776628161000
1776628163.162,263.162,0.76,0.77,0.23,0.24,0.01,0.01,75005.19,1776628161000
1776628163.544,263.544,0.77,0.78,0.23,0.24,0.01,0.01,75005.19,1776628161000
1776628163.948,263.948,0.77,0.78,0.22,0.23,0.01,0.01,75004.59,1776628162000
1776628164.313,264.313,0.77,0.78,0.22,0.23,0.01,0.01,75004.59,1776628163000
1776628164.89,264.89,0.77,0.78,0.22,0.23,0.01,0.01,75004.59,1776628163000
1776628165.66,265.66,0.79,0.8,0.2,0.21,0.01,0.01,75004.75,1776628164000
1776628166.145,266.145,0.79,0.8,0.2,0.21,0.01,0.01,75004.75,1776628164000
1776628166.538,266.538,0.79,0.8,0.2,0.21,0.01,0.01,75004.84,1776628165000
1776628167.146,267.146,0.8,0.81,0.2,0.21,0.01,0.01,75004.84,1776628165000
1776628167.494,267.494,0.86,0.87,0.12,0.14,0.01,0.02,75004.42,1776628166000
1776628167.877,267.877,0.86,0.87,0.13,0.14,0.01,0.01,75004.42,1776628166000
1776628168.212,268.212,0.86,0.87,0.13,0.14,0.01,0.01,75004.42,1776628166000
1776628168.614,268.614,0.86,0.87,0.13,0.14,0.01,0.01,75004.4,1776628167000
1776628168.994,268.994,0.85,0.87,0.13,0.14,0.02,0.01,75004.4,1776628167000
1776628169.327,269.327,0.85,0.86,0.14,0.15,0.01,0.01,75004.45,1776628168000
1776628169.734,269.734,0.83,0.85,0.14,0.16,0.02,0.02,75004.45,1776628168000
1776628170.101,270.101,0.8,0.81,0.19,0.2,0.01,0.01,75004.45,1776628168000
1776628170.484,270.484,0.8,0.81,0.19,0.2,0.01,0.01,75008.78,1776628169000
1776628170.828,270.828,0.79,0.8,0.2,0.21,0.01,0.01,75008.78,1776628169000
1776628171.177,271.177,0.79,0.8,0.2,0.21,0.01,0.01,75008.78,1776628169000
1776628171.532,271.532,0.79,0.8,0.2,0.21,0.01,0.01,75009.79,1776628170000
1776628171.887,271.887,0.79,0.8,0.2,0.21,0.01,0.01,75009.79,1776628170000
1776628172.408,272.408,0.8,0.81,0.19,0.2,0.01,0.01,75009.01,1776628171000
1776628172.954,272.954,0.85,0.86,0.14,0.2,0.01,0.06,75009.01,1776628171000
1776628173.303,273.303,0.82,0.85,0.14,0.18,0.03,0.04,75009.01,1776628171000
1776628173.674,273.674,0.84,0.85,0.13,0.16,0.01,0.03,75009.01,1776628171000
1776628174.279,274.279,0.86,0.87,0.13,0.14,0.01,0.01,75008.69,1776628173000
1776628174.749,274.749,0.88,0.89,0.11,0.12,0.01,0.01,75008.69,1776628173000
1776628175.133,275.133,0.88,0.89,0.11,0.12,0.01,0.01,75008.69,1776628173000
1776628175.608,275.608,0.84,0.85,0.15,0.16,0.01,0.01,75008.69,1776628174000
1776628175.958,275.958,0.86,0.87,0.13,0.14,0.01,0.01,75008.69,1776628174000
1776628176.461,276.461,0.85,0.86,0.13,0.15,0.01,0.02,75008.89,1776628175000
1776628176.818,276.818,0.85,0.87,0.14,0.15,0.02,0.01,75008.89,1776628175000
1776628177.241,277.241,0.86,0.87,0.13,0.14,0.01,0.01,75008.89,1776628175000
1776628177.667,277.667,0.86,0.87,0.13,0.14,0.01,0.01,75008.89,1776628175000
1776628178.046,278.046,0.87,0.88,0.12,0.14,0.01,0.02,75009.1,1776628176000
1776628178.567,278.567,0.87,0.88,0.12,0.13,0.01,0.01,75009.02,1776628177000
1776628178.933,278.933,0.87,0.88,0.12,0.13,0.01,0.01,75009.02,1776628177000
1776628179.32,279.32,0.87,0.88,0.12,0.13,0.01,0.01,75009.02,1776628178000
1776628179.671,279.671,0.87,0.88,0.12,0.13,0.01,0.01,75009.02,1776628178000
1776628180.044,280.044,0.87,0.88,0.12,0.13,0.01,0.01,75009.02,1776628178000
1776628180.512,280.512,0.87,0.88,0.12,0.13,0.01,0.01,75009.02,1776628178000
1776628180.951,280.951,0.88,0.89,0.11,0.12,0.01,0.01,75009.02,1776628178000
1776628181.284,281.284,0.88,0.89,0.11,0.12,0.01,0.01,75009.03,1776628179000
1776628181.691,281.691,0.88,0.89,0.11,0.12,0.01,0.01,75009.03,1776628180000
1776628182.029,282.029,0.88,0.89,0.11,0.12,0.01,0.01,75009.03,1776628180000
1776628182.383,282.383,0.88,0.89,0.11,0.12,0.01,0.01,75009.03,1776628181000
1776628182.912,282.912,0.89,0.9,0.1,0.12,0.01,0.02,75009.03,1776628181000
1776628183.272,283.272,0.89,0.9,0.1,0.11,0.01,0.01,75009,1776628182000
1776628183.685,283.685,0.89,0.9,0.1,0.11,0.01,0.01,75009,1776628182000
1776628184.042,284.042,0.89,0.9,0.1,0.11,0.01,0.01,75009,1776628182000
1776628184.441,284.441,0.89,0.9,0.1,0.11,0.01,0.01,75009,1776628183000
1776628184.776,284.776,0.89,0.9,0.1,0.11,0.01,0.01,75009,1776628183000
1776628185.141,285.141,0.89,0.9,0.1,0.11,0.01,0.01,75009,1776628183000
1776628185.537,285.537,0.89,0.9,0.1,0.11,0.01,0.01,75009.07,1776628184000
1776628186.012,286.012,0.89,0.9,0.1,0.11,0.01,0.01,75009.07,1776628184000
1776628186.546,286.546,0.89,0.9,0.1,0.11,0.01,0.01,75009.3,1776628185000
1776628186.971,286.971,0.89,0.9,0.1,0.11,0.01,0.01,75009.3,1776628185000
1776628187.357,287.357,0.89,0.9,0.1,0.11,0.01,0.01,75009.3,1776628185000
1776628187.796,287.796,0.89,0.9,0.1,0.11,0.01,0.01,75009.27,1776628186000
1776628188.323,288.323,0.89,0.9,0.1,0.11,0.01,0.01,75009.27,1776628186000
1776628188.66,288.66,0.89,0.9,0.1,0.11,0.01,0.01,75007.16,1776628187000
1776628189.001,289.001,0.89,0.9,0.1,0.11,0.01,0.01,75005.75,1776628188000
1776628189.537,289.537,0.89,0.9,0.1,0.11,0.01,0.01,75005.75,1776628188000
1776628189.981,289.981,0.89,0.9,0.1,0.11,0.01,0.01,75005.75,1776628188000
1776628190.339,290.339,0.89,0.9,0.1,0.11,0.01,0.01,75005.28,1776628189000
1776628190.696,290.696,0.89,0.9,0.1,0.11,0.01,0.01,75005.28,1776628189000
1776628191.038,291.038,0.89,0.9,0.1,0.11,0.01,0.01,75005.28,1776628189000
1776628191.392,291.392,0.88,0.89,0.11,0.12,0.01,0.01,75005.28,1776628190000
1776628191.747,291.747,0.88,0.89,0.11,0.12,0.01,0.01,75005.28,1776628190000
1776628192.296,292.296,0.89,0.9,0.1,0.11,0.01,0.01,75005.4,1776628191000
1776628192.704,292.704,0.89,0.9,0.1,0.11,0.01,0.01,75005.4,1776628191000
1776628193.043,293.043,0.89,0.9,0.1,0.11,0.01,0.01,75005.4,1776628191000
1776628193.495,293.495,0.89,0.9,0.1,0.11,0.01,0.01,75005.4,1776628191000
1776628193.913,293.913,0.89,0.9,0.1,0.11,0.01,0.01,75005.22,1776628192000
1776628194.297,294.297,0.89,0.9,0.1,0.11,0.01,0.01,75005.22,1776628193000
1776628194.918,294.918,0.89,0.9,0.1,0.11,0.01,0.01,75005.22,1776628193000
1776628195.266,295.266,0.89,0.9,0.1,0.11,0.01,0.01,75005.22,1776628193000
1776628195.61,295.61,0.89,0.9,0.1,0.11,0.01,0.01,75005.33,1776628194000
1776628195.989,295.989,0.89,0.9,0.1,0.11,0.01,0.01,75005.33,1776628194000
1776628196.325,296.325,0.89,0.9,0.1,0.11,0.01,0.01,75005.33,1776628194000
1776628196.771,296.771,0.9,0.91,0.09,0.11,0.01,0.02,75005.65,1776628195000
1776628197.107,297.107,0.92,0.93,0.07,0.09,0.01,0.02,75005.65,1776628196000
1776628197.451,297.451,0.94,0.95,0.05,0.06,0.01,0.01,75005.65,1776628196000
1776628197.815,297.815,0.94,0.95,0.05,0.06,0.01,0.01,75005.65,1776628196000
1776628198.154,298.154,0.94,0.95,0.05,0.06,0.01,0.01,75005.65,1776628196000
1776628198.491,298.491,0.96,0.98,0.02,0.04,0.02,0.02,75005.89,1776628197000
1776628198.834,298.834,0.98,0.99,0.01,0.02,0.01,0.01,75005.89,1776628197000
1776628199.213,299.213,0.99,0.99,0.01,0.01,0.0,0.0,75005.89,1776628197000
1776628199.549,299.549,0.99,0.99,0.01,0.01,0.0,0.0,75003.12,1776628198000
1776628199.886,299.886,0.99,0.99,0.01,0.01,0.0,0.0,75003.12,1776628198000
1776628200.313,300.313,0.99,0.99,0.01,0.01,0.0,0.0,75006.56,1776628199000
1776628200.654,300.654,0.99,0.99,0.01,0.01,0.0,0.0,75006.56,1776628199000
1776628200.988,300.988,0.99,0.99,0.01,0.01,0.0,0.0,75006.56,1776628199000
1776628202.643,302.643,0.99,0.99,0.01,0.01,0.0,0.0,75006.31,1776628201000

# RESULT,winner=Up,slug=btc-updown-5m-1776627900,ticks=670
