timestamp,elapsed_sec,up_bid,up_ask,down_bid,down_ask,up_spread,down_spread,btc_price,btc_oracle_ts
1775989800.516,0.516,0.52,0.53,0.47,0.48,0.01,0.01,71635.73,1775989799000
1775989801.186,1.186,0.52,0.53,0.47,0.48,0.01,0.01,71635.73,1775989799000
1775989801.542,1.542,0.52,0.53,0.47,0.48,0.01,0.01,71634.57,1775989800000
1775989801.902,1.902,0.52,0.53,0.47,0.48,0.01,0.01,71634.57,1775989800000
1775989802.416,2.416,0.52,0.53,0.47,0.48,0.01,0.01,71633.74,1775989801000
1775989802.844,2.844,0.52,0.53,0.47,0.48,0.01,0.01,71633.74,1775989801000
1775989803.191,3.191,0.52,0.53,0.47,0.48,0.01,0.01,71633.74,1775989801000
1775989803.548,3.548,0.52,0.53,0.47,0.48,0.01,0.01,71630.67,1775989802000
1775989803.891,3.891,0.52,0.53,0.47,0.48,0.01,0.01,71630.67,1775989802000
1775989804.235,4.235,0.51,0.52,0.48,0.49,0.01,0.01,71630.67,1775989802000
1775989804.581,4.581,0.5,0.52,0.48,0.49,0.02,0.01,71629.7,1775989803000
1775989804.962,4.962,0.42,0.51,0.49,0.5,0.09,0.01,71629.7,1775989803000
1775989805.414,5.414,0.43,0.44,0.56,0.57,0.01,0.01,71629.3,1775989804000
1775989805.778,5.778,0.42,0.43,0.57,0.58,0.01,0.01,71629.3,1775989804000
1775989806.112,6.112,0.42,0.43,0.57,0.58,0.01,0.01,71629.3,1775989804000
1775989806.543,6.543,0.4,0.41,0.59,0.61,0.01,0.02,71626.04,1775989805000
1775989806.997,6.997,0.4,0.41,0.59,0.6,0.01,0.01,71626.04,1775989805000
1775989807.357,7.357,0.4,0.41,0.59,0.6,0.01,0.01,71625.92,1775989806000
1775989807.85,7.85,0.4,0.41,0.59,0.6,0.01,0.01,71625.92,1775989806000
1775989808.189,8.189,0.39,0.4,0.59,0.6,0.01,0.01,71625.7,1775989807000
1775989808.637,8.637,0.39,0.4,0.6,0.61,0.01,0.01,71625.7,1775989807000
1775989808.978,8.978,0.39,0.4,0.6,0.61,0.01,0.01,71625.7,1775989807000
1775989809.435,9.435,0.38,0.39,0.61,0.62,0.01,0.01,71625.7,1775989808000
1775989809.807,9.807,0.38,0.39,0.61,0.62,0.01,0.01,71625.7,1775989808000
1775989810.191,10.191,0.38,0.39,0.61,0.62,0.01,0.01,71625.7,1775989808000
1775989810.536,10.536,0.38,0.39,0.61,0.62,0.01,0.01,71625.98,1775989809000
1775989810.873,10.873,0.38,0.39,0.61,0.62,0.01,0.01,71625.98,1775989809000
1775989811.245,11.245,0.38,0.39,0.61,0.62,0.01,0.01,71625.19,1775989810000
1775989811.649,11.649,0.38,0.39,0.61,0.62,0.01,0.01,71625.19,1775989810000
1775989811.991,11.991,0.38,0.39,0.61,0.63,0.01,0.02,71625.19,1775989810000
1775989812.497,12.497,0.35,0.39,0.61,0.62,0.04,0.01,71622.52,1775989811000
1775989812.856,12.856,0.36,0.37,0.63,0.64,0.01,0.01,71622.52,1775989811000
1775989813.3,13.3,0.36,0.37,0.63,0.64,0.01,0.01,71622.52,1775989812000
1775989813.666,13.666,0.36,0.37,0.63,0.64,0.01,0.01,71622.52,1775989812000
1775989814.019,14.019,0.36,0.37,0.63,0.64,0.01,0.01,71622.52,1775989812000
1775989814.455,14.455,0.35,0.37,0.63,0.65,0.02,0.02,71622.33,1775989813000
1775989814.988,14.988,0.35,0.36,0.64,0.65,0.01,0.01,71622.33,1775989813000
1775989815.346,15.346,0.35,0.36,0.64,0.65,0.01,0.01,71622.33,1775989813000
1775989815.691,15.691,0.35,0.36,0.64,0.65,0.01,0.01,71622.34,1775989814000
1775989816.031,16.031,0.35,0.36,0.64,0.65,0.01,0.01,71622.34,1775989814000
1775989816.378,16.378,0.35,0.36,0.64,0.65,0.01,0.01,71622.47,1775989815000
1775989816.743,16.743,0.39,0.4,0.6,0.61,0.01,0.01,71622.47,1775989815000
1775989817.086,17.086,0.39,0.4,0.6,0.61,0.01,0.01,71622.47,1775989815000
1775989817.425,17.425,0.39,0.4,0.6,0.61,0.01,0.01,71622.47,1775989815000
1775989817.78,17.78,0.39,0.4,0.6,0.61,0.01,0.01,71622.46,1775989816000
1775989818.14,18.14,0.39,0.4,0.6,0.61,0.01,0.01,71622.46,1775989816000
1775989818.481,18.481,0.39,0.4,0.6,0.61,0.01,0.01,71622.32,1775989817000
1775989818.818,18.818,0.39,0.4,0.6,0.61,0.01,0.01,71622.32,1775989817000
1775989819.162,19.162,0.39,0.4,0.6,0.61,0.01,0.01,71622.32,1775989817000
1775989819.531,19.531,0.39,0.4,0.6,0.61,0.01,0.01,71622.32,1775989817000
1775989819.893,19.893,0.37,0.38,0.61,0.63,0.01,0.02,71626.23,1775989818000
1775989820.248,20.248,0.37,0.38,0.62,0.63,0.01,0.01,71626.03,1775989819000
1775989820.631,20.631,0.38,0.39,0.61,0.62,0.01,0.01,71626.03,1775989819000
1775989820.99,20.99,0.37,0.39,0.61,0.63,0.02,0.02,71625.88,1775989820000
1775989821.408,21.408,0.37,0.38,0.62,0.63,0.01,0.01,71625.88,1775989820000
1775989821.752,21.752,0.37,0.38,0.62,0.63,0.01,0.01,71625.88,1775989820000
1775989822.234,22.234,0.37,0.38,0.62,0.63,0.01,0.01,71625.88,1775989820000
1775989822.602,22.602,0.37,0.38,0.62,0.63,0.01,0.01,71625.52,1775989821000
1775989822.966,22.966,0.37,0.38,0.62,0.63,0.01,0.01,71625.52,1775989821000
1775989823.362,23.362,0.39,0.42,0.59,0.61,0.03,0.02,71625.34,1775989822000
1775989823.708,23.708,0.41,0.42,0.57,0.6,0.01,0.03,71625.34,1775989822000
1775989824.083,24.083,0.41,0.42,0.58,0.59,0.01,0.01,71625.34,1775989822000
1775989824.48,24.48,0.42,0.43,0.57,0.58,0.01,0.01,71625.02,1775989823000
1775989824.822,24.822,0.42,0.43,0.57,0.58,0.01,0.01,71625.02,1775989823000
1775989825.158,25.158,0.42,0.43,0.57,0.58,0.01,0.01,71625.02,1775989823000
1775989825.509,25.509,0.42,0.43,0.57,0.58,0.01,0.01,71625.02,1775989824000
1775989825.936,25.936,0.42,0.43,0.57,0.58,0.01,0.01,71625.02,1775989824000
1775989826.35,26.35,0.42,0.43,0.57,0.58,0.01,0.01,71626.36,1775989825000
1775989826.767,26.767,0.42,0.43,0.57,0.58,0.01,0.01,71626.36,1775989825000
1775989827.102,27.102,0.42,0.43,0.57,0.58,0.01,0.01,71627.48,1775989826000
1775989827.592,27.592,0.42,0.45,0.57,0.58,0.03,0.01,71627.48,1775989826000
1775989827.931,27.931,0.44,0.45,0.55,0.56,0.01,0.01,71627.48,1775989826000
1775989828.315,28.315,0.45,0.46,0.54,0.55,0.01,0.01,71627.55,1775989827000
1775989828.727,28.727,0.44,0.45,0.55,0.56,0.01,0.01,71627.55,1775989827000
1775989829.328,29.328,0.43,0.45,0.55,0.56,0.02,0.01,71627.55,1775989828000
1775989829.664,29.664,0.43,0.44,0.55,0.57,0.01,0.02,71627.55,1775989828000
1775989830.022,30.022,0.43,0.44,0.56,0.57,0.01,0.01,71627.55,1775989828000
1775989830.532,30.532,0.43,0.44,0.56,0.57,0.01,0.01,71627.91,1775989829000
1775989830.884,30.884,0.43,0.44,0.56,0.57,0.01,0.01,71627.91,1775989829000
1775989831.269,31.269,0.43,0.44,0.56,0.57,0.01,0.01,71627.67,1775989830000
1775989831.602,31.602,0.39,0.4,0.6,0.61,0.01,0.01,71627.67,1775989830000
1775989831.955,31.955,0.39,0.4,0.6,0.61,0.01,0.01,71627.67,1775989830000
1775989832.295,32.295,0.39,0.4,0.6,0.61,0.01,0.01,71627.67,1775989831000
1775989832.704,32.704,0.39,0.4,0.6,0.61,0.01,0.01,71627.67,1775989831000
1775989833.094,33.094,0.39,0.4,0.6,0.61,0.01,0.01,71627.67,1775989832000
1775989833.451,33.451,0.4,0.41,0.59,0.6,0.01,0.01,71627.67,1775989832000
1775989833.792,33.792,0.4,0.41,0.59,0.6,0.01,0.01,71627.67,1775989832000
1775989834.214,34.214,0.41,0.42,0.58,0.59,0.01,0.01,71627.67,1775989832000
1775989834.612,34.612,0.4,0.42,0.59,0.6,0.02,0.01,71627.46,1775989833000
1775989835.024,35.024,0.41,0.42,0.58,0.59,0.01,0.01,71627.46,1775989833000
1775989835.365,35.365,0.41,0.42,0.58,0.6,0.01,0.02,71627.46,1775989834000
1775989835.799,35.799,0.41,0.42,0.58,0.59,0.01,0.01,71627.46,1775989834000
1775989836.163,36.163,0.41,0.42,0.58,0.59,0.01,0.01,71627.46,1775989834000
1775989836.606,36.606,0.4,0.42,0.58,0.59,0.02,0.01,71627.47,1775989835000
1775989837.158,37.158,0.39,0.41,0.58,0.6,0.02,0.02,71627.47,1775989835000
1775989837.572,37.572,0.4,0.41,0.59,0.61,0.01,0.02,71627.46,1775989836000
1775989837.984,37.984,0.4,0.41,0.58,0.6,0.01,0.02,71627.46,1775989836000
1775989838.351,38.351,0.4,0.41,0.59,0.6,0.01,0.01,71627.58,1775989837000
1775989838.806,38.806,0.4,0.41,0.59,0.61,0.01,0.02,71627.58,1775989837000
1775989839.334,39.334,0.39,0.4,0.59,0.6,0.01,0.01,71627.58,1775989837000
1775989839.797,39.797,0.38,0.39,0.6,0.64,0.01,0.04,71627.46,1775989838000
1775989840.234,40.234,0.39,0.4,0.6,0.61,0.01,0.01,71627.46,1775989838000
1775989840.81,40.81,0.39,0.4,0.6,0.61,0.01,0.01,71627.41,1775989839000
1775989841.151,41.151,0.39,0.4,0.6,0.61,0.01,0.01,71627.41,1775989840000
1775989841.626,41.626,0.39,0.4,0.6,0.61,0.01,0.01,71627.41,1775989840000
1775989842.329,42.329,0.39,0.41,0.6,0.61,0.02,0.01,71627.46,1775989841000
1775989842.798,42.798,0.4,0.42,0.59,0.61,0.02,0.02,71627.46,1775989841000
1775989843.279,43.279,0.39,0.4,0.58,0.63,0.01,0.05,71627.46,1775989841000
1775989843.73,43.73,0.39,0.4,0.6,0.61,0.01,0.01,71627.48,1775989842000
1775989844.106,44.106,0.39,0.4,0.6,0.61,0.01,0.01,71627.48,1775989842000
1775989844.629,44.629,0.43,0.44,0.57,0.58,0.01,0.01,71627.48,1775989842000
1775989844.962,44.962,0.43,0.44,0.56,0.57,0.01,0.01,71627.48,1775989842000
1775989845.645,45.645,0.41,0.42,0.57,0.59,0.01,0.02,71627.48,1775989842000
1775989846.432,46.432,0.41,0.42,0.58,0.59,0.01,0.01,71627.48,1775989842000
1775989846.818,46.818,0.41,0.42,0.58,0.59,0.01,0.01,71627.48,1775989842000
1775989847.328,47.328,0.41,0.42,0.58,0.59,0.01,0.01,71627.66,1775989845000
1775989847.819,47.819,0.41,0.42,0.58,0.59,0.01,0.01,71627.66,1775989846000
1775989848.203,48.203,0.41,0.42,0.58,0.59,0.01,0.01,71627.69,1775989847000
1775989848.622,48.622,0.41,0.42,0.58,0.59,0.01,0.01,71627.69,1775989847000
1775989849.042,49.042,0.41,0.42,0.58,0.59,0.01,0.01,71627.69,1775989847000
1775989849.525,49.525,0.41,0.42,0.58,0.59,0.01,0.01,71627.4,1775989848000
1775989849.959,49.959,0.41,0.42,0.58,0.59,0.01,0.01,71627.4,1775989848000
1775989850.537,50.537,0.41,0.42,0.58,0.59,0.01,0.01,71627.4,1775989849000
1775989850.901,50.901,0.41,0.42,0.58,0.59,0.01,0.01,71627.4,1775989849000
1775989851.455,51.455,0.41,0.42,0.58,0.59,0.01,0.01,71627.53,1775989850000
1775989851.832,51.832,0.41,0.42,0.58,0.59,0.01,0.01,71627.53,1775989850000
1775989852.328,52.328,0.41,0.42,0.58,0.59,0.01,0.01,71627.5,1775989851000
1775989852.746,52.746,0.35,0.42,0.58,0.59,0.07,0.01,71627.5,1775989851000
1775989853.104,53.104,0.41,0.42,0.58,0.59,0.01,0.01,71627.5,1775989851000
1775989853.72,53.72,0.41,0.42,0.58,0.59,0.01,0.01,71627.5,1775989852000
1775989854.054,54.054,0.41,0.42,0.58,0.59,0.01,0.01,71627.5,1775989852000
1775989854.454,54.454,0.41,0.42,0.58,0.59,0.01,0.01,71627.49,1775989853000
1775989854.821,54.821,0.41,0.43,0.58,0.59,0.02,0.01,71627.49,1775989853000
1775989855.473,55.473,0.44,0.45,0.55,0.56,0.01,0.01,71627.48,1775989854000
1775989855.864,55.864,0.44,0.45,0.55,0.56,0.01,0.01,71627.48,1775989854000
1775989856.24,56.24,0.44,0.45,0.55,0.56,0.01,0.01,71627.48,1775989855000
1775989856.602,56.602,0.44,0.45,0.55,0.56,0.01,0.01,71627.48,1775989855000
1775989857.079,57.079,0.44,0.45,0.55,0.56,0.01,0.01,71627.48,1775989855000
1775989857.429,57.429,0.46,0.47,0.53,0.54,0.01,0.01,71627.59,1775989856000
1775989857.766,57.766,0.47,0.48,0.52,0.53,0.01,0.01,71627.59,1775989856000
1775989858.107,58.107,0.47,0.48,0.52,0.53,0.01,0.01,71629.38,1775989857000
1775989858.519,58.519,0.47,0.48,0.52,0.53,0.01,0.01,71629.38,1775989857000
1775989858.873,58.873,0.47,0.48,0.52,0.53,0.01,0.01,71629.38,1775989857000
1775989859.246,59.246,0.47,0.48,0.52,0.53,0.01,0.01,71629.38,1775989858000
1775989859.67,59.67,0.47,0.48,0.52,0.53,0.01,0.01,71629.38,1775989858000
1775989860.008,60.008,0.47,0.48,0.52,0.53,0.01,0.01,71629.38,1775989858000
1775989860.36,60.36,0.47,0.48,0.52,0.53,0.01,0.01,71629.55,1775989859000
1775989860.725,60.725,0.47,0.48,0.52,0.53,0.01,0.01,71629.55,1775989859000
1775989861.2,61.2,0.47,0.48,0.52,0.53,0.01,0.01,71629.55,1775989859000
1775989861.557,61.557,0.49,0.5,0.5,0.51,0.01,0.01,71629.61,1775989860000
1775989861.895,61.895,0.49,0.5,0.5,0.51,0.01,0.01,71629.61,1775989860000
1775989862.293,62.293,0.49,0.5,0.5,0.51,0.01,0.01,71629.57,1775989861000
1775989862.761,62.761,0.49,0.5,0.5,0.51,0.01,0.01,71629.57,1775989861000
1775989863.109,63.109,0.49,0.5,0.5,0.51,0.01,0.01,71629.57,1775989861000
1775989863.601,63.601,0.49,0.5,0.5,0.51,0.01,0.01,71629.57,1775989862000
1775989863.979,63.979,0.49,0.5,0.5,0.51,0.01,0.01,71629.57,1775989862000
1775989864.451,64.451,0.5,0.51,0.49,0.5,0.01,0.01,71629.71,1775989863000
1775989864.842,64.842,0.49,0.5,0.5,0.51,0.01,0.01,71629.71,1775989863000
1775989865.195,65.195,0.49,0.5,0.5,0.51,0.01,0.01,71629.71,1775989863000
1775989865.568,65.568,0.48,0.5,0.5,0.52,0.02,0.02,71629.71,1775989864000
1775989865.909,65.909,0.48,0.49,0.51,0.52,0.01,0.01,71629.71,1775989864000
1775989866.268,66.268,0.49,0.5,0.5,0.51,0.01,0.01,71629.72,1775989865000
1775989866.649,66.649,0.49,0.5,0.5,0.51,0.01,0.01,71629.72,1775989865000
1775989867.148,67.148,0.49,0.5,0.5,0.51,0.01,0.01,71629.72,1775989865000
1775989867.511,67.511,0.49,0.5,0.5,0.51,0.01,0.01,71629.72,1775989865000
1775989867.916,67.916,0.49,0.5,0.5,0.52,0.01,0.02,71629.66,1775989866000
1775989868.551,68.551,0.49,0.5,0.5,0.51,0.01,0.01,71629.58,1775989867000
1775989868.921,68.921,0.49,0.5,0.5,0.51,0.01,0.01,71629.58,1775989867000
1775989869.314,69.314,0.49,0.51,0.5,0.51,0.02,0.01,71629.58,1775989867000
1775989869.705,69.705,0.5,0.52,0.49,0.5,0.02,0.01,71629.6,1775989868000
1775989870.046,70.046,0.53,0.55,0.45,0.47,0.02,0.02,71629.6,1775989868000
1775989870.423,70.423,0.54,0.55,0.45,0.46,0.01,0.01,71629.6,1775989868000
1775989870.761,70.761,0.54,0.55,0.45,0.46,0.01,0.01,71629.55,1775989869000
1775989871.139,71.139,0.54,0.55,0.45,0.46,0.01,0.01,71629.61,1775989870000
1775989871.528,71.528,0.54,0.55,0.45,0.46,0.01,0.01,71629.61,1775989870000
1775989872.091,72.091,0.54,0.59,0.45,0.46,0.05,0.01,71629.61,1775989870000
1775989872.574,72.574,0.53,0.54,0.46,0.47,0.01,0.01,71633.45,1775989871000
1775989873.018,73.018,0.54,0.55,0.45,0.47,0.01,0.02,71633.45,1775989871000
1775989873.408,73.408,0.53,0.55,0.45,0.46,0.02,0.01,71634.63,1775989872000
1775989873.755,73.755,0.53,0.54,0.46,0.47,0.01,0.01,71634.63,1775989872000
1775989874.104,74.104,0.52,0.54,0.47,0.48,0.02,0.01,71634.63,1775989872000
1775989874.655,74.655,0.51,0.52,0.47,0.48,0.01,0.01,71633.31,1775989873000
1775989875.151,75.151,0.52,0.53,0.47,0.48,0.01,0.01,71633.31,1775989873000
1775989875.486,75.486,0.52,0.53,0.47,0.48,0.01,0.01,71633.31,1775989873000
1775989875.896,75.896,0.53,0.54,0.46,0.47,0.01,0.01,71633.25,1775989874000
1775989876.248,76.248,0.53,0.54,0.46,0.47,0.01,0.01,71633.25,1775989874000
1775989876.668,76.668,0.53,0.54,0.46,0.47,0.01,0.01,71633.25,1775989874000
1775989877.091,77.091,0.53,0.54,0.46,0.47,0.01,0.01,71631.67,1775989875000
1775989877.429,77.429,0.53,0.54,0.46,0.47,0.01,0.01,71631.67,1775989876000
1775989877.78,77.78,0.53,0.54,0.46,0.47,0.01,0.01,71631.67,1775989876000
1775989878.137,78.137,0.53,0.54,0.46,0.48,0.01,0.02,71631.68,1775989877000
1775989878.531,78.531,0.52,0.53,0.46,0.48,0.01,0.02,71631.68,1775989877000
1775989878.926,78.926,0.52,0.61,0.47,0.48,0.09,0.01,71631.68,1775989877000
1775989879.263,79.263,0.52,0.53,0.47,0.48,0.01,0.01,71633.01,1775989878000
1775989879.624,79.624,0.52,0.53,0.47,0.48,0.01,0.01,71633.01,1775989878000
1775989880.058,80.058,0.51,0.53,0.47,0.49,0.02,0.02,71633.01,1775989879000
1775989880.396,80.396,0.52,0.53,0.47,0.48,0.01,0.01,71633.01,1775989879000
1775989880.833,80.833,0.51,0.53,0.47,0.48,0.02,0.01,71633.01,1775989879000
1775989881.215,81.215,0.51,0.53,0.47,0.49,0.02,0.02,71633.06,1775989880000
1775989881.766,81.766,0.51,0.53,0.47,0.49,0.02,0.02,71633.06,1775989880000
1775989882.234,82.234,0.52,0.53,0.47,0.48,0.01,0.01,71633.06,1775989880000
1775989882.576,82.576,0.51,0.53,0.47,0.49,0.02,0.02,71633.05,1775989881000
1775989882.962,82.962,0.52,0.53,0.47,0.48,0.01,0.01,71633.06,1775989882000
1775989883.703,83.703,0.51,0.52,0.47,0.48,0.01,0.01,71633.06,1775989882000
1775989884.357,84.357,0.51,0.52,0.48,0.49,0.01,0.01,71632.97,1775989883000
1775989884.724,84.724,0.53,0.54,0.45,0.47,0.01,0.02,71632.97,1775989883000
1775989885.059,85.059,0.53,0.54,0.46,0.47,0.01,0.01,71632.97,1775989883000
1775989885.473,85.473,0.53,0.54,0.46,0.47,0.01,0.01,71632.94,1775989884000
1775989885.824,85.824,0.53,0.54,0.46,0.47,0.01,0.01,71632.94,1775989884000
1775989886.379,86.379,0.53,0.54,0.46,0.47,0.01,0.01,71632.94,1775989884000
1775989886.822,86.822,0.53,0.54,0.45,0.47,0.01,0.02,71632.94,1775989885000
1775989887.486,87.486,0.53,0.54,0.46,0.47,0.01,0.01,71632.95,1775989886000
1775989887.97,87.97,0.52,0.54,0.46,0.48,0.02,0.02,71632.95,1775989887000
1775989888.584,88.584,0.53,0.54,0.46,0.47,0.01,0.01,71632.95,1775989887000
1775989889.101,89.101,0.53,0.54,0.39,0.47,0.01,0.08,71632.95,1775989887000
1775989889.467,89.467,0.53,0.55,0.46,0.48,0.02,0.02,71632.96,1775989888000
1775989889.821,89.821,0.53,0.54,0.46,0.47,0.01,0.01,71632.96,1775989888000
1775989890.215,90.215,0.53,0.54,0.45,0.46,0.01,0.01,71632.96,1775989888000
1775989890.603,90.603,0.53,0.54,0.46,0.47,0.01,0.01,71632.9,1775989889000
1775989891.007,91.007,0.53,0.54,0.46,0.47,0.01,0.01,71632.9,1775989889000
1775989891.382,91.382,0.53,0.54,0.46,0.47,0.01,0.01,71632.9,1775989890000
1775989891.758,91.758,0.53,0.54,0.46,0.47,0.01,0.01,71632.9,1775989890000
1775989892.234,92.234,0.53,0.54,0.46,0.47,0.01,0.01,71632.97,1775989891000
1775989892.633,92.633,0.53,0.54,0.46,0.47,0.01,0.01,71632.97,1775989891000
1775989892.981,92.981,0.53,0.54,0.46,0.47,0.01,0.01,71632.97,1775989891000
1775989893.319,93.319,0.53,0.54,0.46,0.47,0.01,0.01,71631.66,1775989892000
1775989893.811,93.811,0.53,0.54,0.46,0.47,0.01,0.01,71631.66,1775989892000
1775989894.163,94.163,0.53,0.54,0.46,0.47,0.01,0.01,71631.66,1775989892000
1775989894.863,94.863,0.53,0.54,0.46,0.47,0.01,0.01,71632.61,1775989893000
1775989895.262,95.262,0.53,0.54,0.46,0.47,0.01,0.01,71632.06,1775989894000
1775989895.613,95.613,0.55,0.56,0.44,0.45,0.01,0.01,71632.06,1775989894000
1775989895.985,95.985,0.54,0.56,0.44,0.45,0.02,0.01,71632.06,1775989894000
1775989896.41,96.41,0.54,0.55,0.45,0.46,0.01,0.01,71632.08,1775989895000
1775989896.79,96.79,0.53,0.55,0.45,0.46,0.02,0.01,71632.08,1775989895000
1775989897.205,97.205,0.53,0.54,0.45,0.47,0.01,0.02,71632.08,1775989896000
1775989897.552,97.552,0.53,0.54,0.46,0.47,0.01,0.01,71632.08,1775989896000
1775989897.999,97.999,0.53,0.54,0.46,0.47,0.01,0.01,71632.08,1775989896000
1775989898.729,98.729,0.53,0.62,0.46,0.47,0.09,0.01,71632.1,1775989897000
1775989899.314,99.314,0.54,0.56,0.44,0.45,0.02,0.01,71632.27,1775989898000
1775989899.676,99.676,0.54,0.56,0.44,0.45,0.02,0.01,71632.27,1775989898000
1775989900.25,100.25,0.55,0.56,0.44,0.46,0.01,0.02,71632.27,1775989898000
1775989900.586,100.586,0.53,0.54,0.46,0.47,0.01,0.01,71632.84,1775989899000
1775989900.962,100.962,0.53,0.54,0.46,0.47,0.01,0.01,71632.84,1775989899000
1775989901.353,101.353,0.53,0.54,0.46,0.47,0.01,0.01,71632.84,1775989900000
1775989901.851,101.851,0.53,0.54,0.46,0.47,0.01,0.01,71632.84,1775989900000
1775989902.523,102.523,0.53,0.54,0.46,0.47,0.01,0.01,71632.66,1775989901000
1775989902.86,102.86,0.5,0.51,0.49,0.5,0.01,0.01,71632.66,1775989901000
1775989903.202,103.202,0.5,0.51,0.49,0.5,0.01,0.01,71632.65,1775989902000
1775989903.545,103.545,0.5,0.51,0.49,0.5,0.01,0.01,71632.65,1775989902000
1775989904.008,104.008,0.49,0.5,0.5,0.51,0.01,0.01,71632.65,1775989902000
1775989904.342,104.342,0.49,0.5,0.5,0.51,0.01,0.01,71632.65,1775989902000
1775989904.764,104.764,0.48,0.49,0.51,0.52,0.01,0.01,71632.65,1775989902000
1775989905.152,105.152,0.44,0.45,0.55,0.56,0.01,0.01,71630.57,1775989903000
1775989905.671,105.671,0.44,0.45,0.55,0.56,0.01,0.01,71630.45,1775989904000
1775989906.049,106.049,0.44,0.45,0.55,0.56,0.01,0.01,71630.45,1775989904000
1775989906.509,106.509,0.35,0.45,0.55,0.56,0.1,0.01,71630.45,1775989904000
1775989906.923,106.923,0.42,0.43,0.57,0.58,0.01,0.01,71629.03,1775989905000
1775989907.299,107.299,0.42,0.43,0.57,0.58,0.01,0.01,71628.23,1775989906000
1775989907.641,107.641,0.42,0.43,0.57,0.58,0.01,0.01,71628.23,1775989906000
1775989908.018,108.018,0.42,0.43,0.57,0.58,0.01,0.01,71628.23,1775989906000
1775989908.421,108.421,0.42,0.43,0.57,0.58,0.01,0.01,71628.92,1775989907000
1775989908.805,108.805,0.42,0.43,0.57,0.58,0.01,0.01,71628.92,1775989907000
1775989909.149,109.149,0.41,0.42,0.58,0.59,0.01,0.01,71628.92,1775989907000
1775989909.616,109.616,0.41,0.42,0.58,0.59,0.01,0.01,71628.92,1775989908000
1775989910.092,110.092,0.42,0.43,0.57,0.58,0.01,0.01,71628.92,1775989908000
1775989910.471,110.471,0.42,0.43,0.57,0.58,0.01,0.01,71628.78,1775989909000
1775989911.043,111.043,0.42,0.43,0.57,0.58,0.01,0.01,71628.78,1775989909000
1775989911.417,111.417,0.42,0.43,0.57,0.58,0.01,0.01,71628.78,1775989910000
1775989911.871,111.871,0.43,0.44,0.55,0.57,0.01,0.02,71628.78,1775989910000
1775989912.384,112.384,0.43,0.45,0.56,0.57,0.02,0.01,71628.78,1775989910000
1775989912.722,112.722,0.43,0.44,0.56,0.57,0.01,0.01,71628.94,1775989911000
1775989913.062,113.062,0.35,0.44,0.56,0.65,0.09,0.09,71628.94,1775989912000
1775989913.402,113.402,0.42,0.43,0.57,0.58,0.01,0.01,71628.94,1775989912000
1775989913.808,113.808,0.42,0.43,0.57,0.58,0.01,0.01,71628.94,1775989912000
1775989914.182,114.182,0.42,0.43,0.57,0.58,0.01,0.01,71628.94,1775989912000
1775989914.557,114.557,0.4,0.41,0.57,0.6,0.01,0.03,71628.96,1775989913000
1775989914.897,114.897,0.4,0.41,0.59,0.6,0.01,0.01,71628.96,1775989913000
1775989915.278,115.278,0.4,0.41,0.59,0.6,0.01,0.01,71628.96,1775989913000
1775989915.655,115.655,0.4,0.41,0.59,0.6,0.01,0.01,71628.91,1775989914000
1775989915.992,115.992,0.41,0.42,0.58,0.6,0.01,0.02,71628.91,1775989914000
1775989916.659,116.659,0.41,0.42,0.58,0.59,0.01,0.01,71628.91,1775989915000
1775989917.21,117.21,0.41,0.42,0.58,0.59,0.01,0.01,71628.93,1775989916000
1775989917.659,117.659,0.41,0.42,0.58,0.59,0.01,0.01,71628.93,1775989916000
1775989918.048,118.048,0.4,0.41,0.58,0.7,0.01,0.12,71628.93,1775989916000
1775989918.469,118.469,0.4,0.41,0.59,0.6,0.01,0.01,71629.04,1775989917000
1775989918.84,118.84,0.4,0.41,0.59,0.6,0.01,0.01,71629.04,1775989917000
1775989919.255,119.255,0.4,0.41,0.59,0.6,0.01,0.01,71629.04,1775989917000
1775989919.599,119.599,0.41,0.42,0.58,0.59,0.01,0.01,71629.04,1775989917000
1775989920.111,120.111,0.41,0.42,0.58,0.59,0.01,0.01,71628.95,1775989918000
1775989920.519,120.519,0.42,0.43,0.57,0.59,0.01,0.02,71628.95,1775989918000
1775989920.868,120.868,0.41,0.43,0.57,0.59,0.02,0.02,71628.88,1775989919000
1775989921.226,121.226,0.4,0.42,0.57,0.72,0.02,0.15,71628.61,1775989920000
1775989921.626,121.626,0.38,0.39,0.61,0.62,0.01,0.01,71628.61,1775989920000
1775989922.057,122.057,0.38,0.39,0.61,0.62,0.01,0.01,71628.61,1775989920000
1775989922.517,122.517,0.39,0.4,0.6,0.61,0.01,0.01,71628.57,1775989921000
1775989922.962,122.962,0.39,0.4,0.6,0.61,0.01,0.01,71628.57,1775989921000
1775989923.314,123.314,0.39,0.4,0.6,0.61,0.01,0.01,71627.78,1775989922000
1775989923.65,123.65,0.39,0.4,0.6,0.61,0.01,0.01,71627.78,1775989922000
1775989923.989,123.989,0.39,0.4,0.6,0.61,0.01,0.01,71627.78,1775989922000
1775989924.652,124.652,0.39,0.4,0.6,0.61,0.01,0.01,71627.78,1775989922000
1775989925.007,125.007,0.37,0.38,0.62,0.63,0.01,0.01,71626.26,1775989923000
1775989925.399,125.399,0.37,0.38,0.62,0.63,0.01,0.01,71626.26,1775989923000
1775989925.747,125.747,0.37,0.38,0.62,0.63,0.01,0.01,71626.61,1775989924000
1775989926.11,126.11,0.37,0.38,0.62,0.63,0.01,0.01,71626.61,1775989925000
1775989926.463,126.463,0.37,0.38,0.62,0.63,0.01,0.01,71626.61,1775989925000
1775989926.798,126.798,0.38,0.39,0.61,0.63,0.01,0.02,71626.61,1775989925000
1775989927.168,127.168,0.38,0.39,0.6,0.62,0.01,0.02,71626.68,1775989926000
1775989927.525,127.525,0.38,0.39,0.61,0.62,0.01,0.01,71626.68,1775989926000
1775989927.97,127.97,0.38,0.39,0.61,0.62,0.01,0.01,71626.68,1775989926000
1775989928.377,128.377,0.38,0.39,0.61,0.62,0.01,0.01,71626.24,1775989927000
1775989928.803,128.803,0.35,0.36,0.63,0.64,0.01,0.01,71626.24,1775989927000
1775989929.196,129.196,0.35,0.36,0.64,0.65,0.01,0.01,71626.24,1775989927000
1775989929.563,129.563,0.35,0.37,0.64,0.65,0.02,0.01,71626.29,1775989928000
1775989929.901,129.901,0.37,0.38,0.62,0.63,0.01,0.01,71626.29,1775989928000
1775989930.312,130.312,0.37,0.38,0.62,0.63,0.01,0.01,71626.29,1775989928000
1775989930.804,130.804,0.37,0.38,0.62,0.63,0.01,0.01,71626.2,1775989929000
1775989931.143,131.143,0.37,0.38,0.62,0.63,0.01,0.01,71624.84,1775989930000
1775989931.478,131.478,0.37,0.38,0.62,0.63,0.01,0.01,71624.84,1775989930000
1775989931.816,131.816,0.37,0.38,0.62,0.63,0.01,0.01,71624.84,1775989930000
1775989932.155,132.155,0.37,0.38,0.62,0.63,0.01,0.01,71624.84,1775989930000
1775989932.508,132.508,0.36,0.37,0.63,0.64,0.01,0.01,71624.84,1775989931000
1775989932.875,132.875,0.36,0.37,0.63,0.64,0.01,0.01,71624.84,1775989931000
1775989933.213,133.213,0.36,0.37,0.63,0.64,0.01,0.01,71624.84,1775989931000
1775989933.581,133.581,0.36,0.37,0.63,0.64,0.01,0.01,71626.13,1775989932000
1775989933.942,133.942,0.36,0.37,0.63,0.64,0.01,0.01,71626.13,1775989932000
1775989934.279,134.279,0.36,0.37,0.63,0.64,0.01,0.01,71626.13,1775989932000
1775989934.662,134.662,0.35,0.36,0.63,0.72,0.01,0.09,71626.13,1775989932000
1775989935.043,135.043,0.35,0.36,0.64,0.65,0.01,0.01,71625.97,1775989933000
1775989935.679,135.679,0.35,0.36,0.64,0.65,0.01,0.01,71625.97,1775989934000
1775989936.168,136.168,0.35,0.36,0.64,0.65,0.01,0.01,71625.97,1775989934000
1775989936.533,136.533,0.35,0.36,0.64,0.65,0.01,0.01,71625.9,1775989935000
1775989936.873,136.873,0.35,0.37,0.63,0.65,0.02,0.02,71625.8,1775989936000
1775989937.294,137.294,0.36,0.37,0.63,0.64,0.01,0.01,71625.8,1775989936000
1775989938.055,138.055,0.36,0.37,0.63,0.64,0.01,0.01,71625.8,1775989936000
1775989938.534,138.534,0.36,0.37,0.63,0.64,0.01,0.01,71625.8,1775989937000
1775989938.98,138.98,0.36,0.38,0.63,0.64,0.02,0.01,71625.8,1775989937000
1775989939.468,139.468,0.38,0.39,0.61,0.63,0.01,0.02,71625.85,1775989938000
1775989940.032,140.032,0.32,0.39,0.61,0.62,0.07,0.01,71625.85,1775989938000
1775989940.681,140.681,0.37,0.38,0.62,0.63,0.01,0.01,71625.85,1775989938000
1775989941.053,141.053,0.37,0.38,0.62,0.63,0.01,0.01,71625.96,1775989939000
1775989941.411,141.411,0.37,0.38,0.62,0.63,0.01,0.01,71626.13,1775989940000
1775989942.03,142.03,0.37,0.38,0.62,0.63,0.01,0.01,71626.13,1775989940000
1775989942.379,142.379,0.37,0.38,0.62,0.63,0.01,0.01,71624.53,1775989941000
1775989943.201,143.201,0.37,0.38,0.62,0.63,0.01,0.01,71624.53,1775989941000
1775989943.566,143.566,0.37,0.38,0.62,0.63,0.01,0.01,71622.35,1775989942000
1775989943.955,143.955,0.37,0.38,0.62,0.63,0.01,0.01,71622.35,1775989942000
1775989944.31,144.31,0.37,0.38,0.62,0.63,0.01,0.01,71622.06,1775989943000
1775989944.771,144.771,0.35,0.36,0.63,0.66,0.01,0.03,71622.06,1775989943000
1775989945.142,145.142,0.35,0.36,0.64,0.65,0.01,0.01,71622.06,1775989943000
1775989945.558,145.558,0.35,0.36,0.64,0.65,0.01,0.01,71621.93,1775989944000
1775989946.11,146.11,0.35,0.36,0.64,0.65,0.01,0.01,71621.93,1775989944000
1775989946.452,146.452,0.35,0.36,0.64,0.65,0.01,0.01,71622.23,1775989945000
1775989946.919,146.919,0.35,0.36,0.64,0.65,0.01,0.01,71622.23,1775989945000
1775989947.301,147.301,0.36,0.37,0.64,0.65,0.01,0.01,71622.23,1775989945000
1775989947.638,147.638,0.36,0.37,0.63,0.64,0.01,0.01,71622.23,1775989945000
1775989947.984,147.984,0.26,0.37,0.63,0.64,0.11,0.01,71622.19,1775989946000
1775989948.329,148.329,0.35,0.36,0.64,0.65,0.01,0.01,71622.19,1775989946000
1775989948.673,148.673,0.35,0.36,0.64,0.65,0.01,0.01,71622.19,1775989947000
1775989949.027,149.027,0.33,0.34,0.66,0.67,0.01,0.01,71622.19,1775989947000
1775989949.396,149.396,0.33,0.34,0.66,0.67,0.01,0.01,71622.19,1775989948000
1775989949.754,149.754,0.33,0.34,0.66,0.67,0.01,0.01,71622.19,1775989948000
1775989950.099,150.099,0.35,0.36,0.64,0.65,0.01,0.01,71622.19,1775989948000
1775989950.44,150.44,0.35,0.36,0.64,0.65,0.01,0.01,71622.19,1775989949000
1775989950.775,150.775,0.35,0.36,0.64,0.65,0.01,0.01,71622.19,1775989949000
1775989951.192,151.192,0.35,0.36,0.64,0.65,0.01,0.01,71622.19,1775989949000
1775989951.526,151.526,0.38,0.39,0.61,0.62,0.01,0.01,71622.51,1775989950000
1775989951.88,151.88,0.38,0.43,0.61,0.62,0.05,0.01,71622.51,1775989950000
1775989952.223,152.223,0.4,0.41,0.59,0.6,0.01,0.01,71622.51,1775989950000
1775989952.569,152.569,0.4,0.42,0.58,0.6,0.02,0.02,71622.49,1775989951000
1775989952.907,152.907,0.4,0.41,0.59,0.6,0.01,0.01,71622.49,1775989951000
1775989953.245,153.245,0.4,0.41,0.59,0.6,0.01,0.01,71622.49,1775989951000
1775989953.619,153.619,0.4,0.41,0.59,0.6,0.01,0.01,71622.49,1775989952000
1775989954.098,154.098,0.41,0.42,0.58,0.59,0.01,0.01,71622.49,1775989952000
1775989954.501,154.501,0.4,0.42,0.59,0.6,0.02,0.01,71622.36,1775989953000
1775989955.131,155.131,0.4,0.41,0.59,0.75,0.01,0.16,71622.36,1775989953000
1775989955.57,155.57,0.39,0.4,0.59,0.6,0.01,0.01,71625.0,1775989954000
1775989955.957,155.957,0.39,0.4,0.6,0.61,0.01,0.01,71625.0,1775989954000
1775989956.294,156.294,0.39,0.4,0.6,0.61,0.01,0.01,71625.0,1775989954000
1775989956.68,156.68,0.39,0.4,0.6,0.61,0.01,0.01,71622.55,1775989955000
1775989957.191,157.191,0.39,0.4,0.6,0.61,0.01,0.01,71626.54,1775989956000
1775989957.609,157.609,0.39,0.4,0.6,0.61,0.01,0.01,71626.54,1775989956000
1775989958.057,158.057,0.38,0.4,0.6,0.62,0.02,0.02,71625.0,1775989957000
1775989958.512,158.512,0.39,0.4,0.6,0.61,0.01,0.01,71625.0,1775989957000
1775989958.852,158.852,0.38,0.39,0.61,0.62,0.01,0.01,71625.0,1775989957000
1775989959.231,159.231,0.38,0.39,0.61,0.62,0.01,0.01,71626.17,1775989958000
1775989959.618,159.618,0.38,0.39,0.61,0.62,0.01,0.01,71626.17,1775989958000
1775989959.954,159.954,0.38,0.39,0.61,0.62,0.01,0.01,71626.17,1775989958000
1775989960.333,160.333,0.25,0.39,0.61,0.62,0.14,0.01,71622.56,1775989959000
1775989960.792,160.792,0.36,0.37,0.64,0.65,0.01,0.01,71622.56,1775989959000
1775989961.139,161.139,0.36,0.37,0.63,0.64,0.01,0.01,71622.56,1775989959000
1775989961.486,161.486,0.36,0.37,0.63,0.64,0.01,0.01,71626.06,1775989960000
1775989962.088,162.088,0.36,0.38,0.63,0.64,0.02,0.01,71626.06,1775989960000
1775989962.531,162.531,0.36,0.38,0.62,0.64,0.02,0.02,71625.65,1775989961000
1775989962.904,162.904,0.36,0.37,0.62,0.63,0.01,0.01,71625.65,1775989961000
1775989963.378,163.378,0.36,0.37,0.63,0.64,0.01,0.01,71625.58,1775989962000
1775989963.715,163.715,0.36,0.37,0.63,0.64,0.01,0.01,71625.58,1775989962000
1775989964.096,164.096,0.37,0.38,0.62,0.64,0.01,0.02,71625.58,1775989963000
1775989964.432,164.432,0.37,0.38,0.62,0.63,0.01,0.01,71625.58,1775989963000
1775989964.773,164.773,0.23,0.38,0.62,0.63,0.15,0.01,71625.58,1775989963000
1775989965.116,165.116,0.35,0.36,0.64,0.65,0.01,0.01,71625.55,1775989964000
1775989965.457,165.457,0.35,0.36,0.64,0.65,0.01,0.01,71625.55,1775989964000
1775989965.791,165.791,0.35,0.36,0.64,0.65,0.01,0.01,71625.55,1775989964000
1775989966.134,166.134,0.37,0.38,0.62,0.63,0.01,0.01,71625.65,1775989965000
1775989966.469,166.469,0.37,0.38,0.62,0.63,0.01,0.01,71625.65,1775989965000
1775989967.204,167.204,0.32,0.33,0.67,0.68,0.01,0.01,71625.65,1775989965000
1775989967.547,167.547,0.32,0.33,0.67,0.68,0.01,0.01,71625.53,1775989966000
1775989967.972,167.972,0.31,0.32,0.68,0.69,0.01,0.01,71625.53,1775989966000
1775989968.325,168.325,0.29,0.32,0.67,0.68,0.03,0.01,71625.53,1775989967000
1775989968.83,168.83,0.3,0.33,0.68,0.69,0.03,0.01,71625.53,1775989967000
1775989969.202,169.202,0.31,0.32,0.67,0.69,0.01,0.02,71625.53,1775989967000
1775989969.572,169.572,0.31,0.32,0.68,0.7,0.01,0.02,71626.06,1775989968000
1775989969.93,169.93,0.32,0.33,0.66,0.69,0.01,0.03,71626.06,1775989968000
1775989970.292,170.292,0.32,0.33,0.67,0.68,0.01,0.01,71626.05,1775989969000
1775989970.652,170.652,0.32,0.34,0.67,0.68,0.02,0.01,71626.05,1775989969000
1775989971.014,171.014,0.33,0.34,0.66,0.67,0.01,0.01,71626.05,1775989969000
1775989971.484,171.484,0.33,0.34,0.66,0.67,0.01,0.01,71625.85,1775989970000
1775989971.826,171.826,0.33,0.34,0.66,0.67,0.01,0.01,71625.85,1775989970000
1775989972.17,172.17,0.33,0.34,0.66,0.67,0.01,0.01,71625.85,1775989971000
1775989972.511,172.511,0.32,0.33,0.67,0.68,0.01,0.01,71625.85,1775989971000
1775989972.849,172.849,0.31,0.32,0.68,0.69,0.01,0.01,71625.85,1775989971000
1775989973.221,173.221,0.31,0.32,0.68,0.69,0.01,0.01,71625.99,1775989972000
1775989973.989,173.989,0.3,0.31,0.69,0.7,0.01,0.01,71625.99,1775989972000
1775989974.349,174.349,0.3,0.32,0.69,0.7,0.02,0.01,71625.99,1775989973000
1775989974.694,174.694,0.3,0.31,0.69,0.7,0.01,0.01,71625.99,1775989973000
1775989975.063,175.063,0.3,0.32,0.69,0.7,0.02,0.01,71625.99,1775989973000
1775989975.625,175.625,0.3,0.31,0.69,0.7,0.01,0.01,71626.19,1775989974000
1775989975.965,175.965,0.3,0.31,0.69,0.7,0.01,0.01,71626.19,1775989974000
1775989976.316,176.316,0.3,0.32,0.68,0.7,0.02,0.02,71626.09,1775989975000
1775989976.823,176.823,0.31,0.32,0.68,0.69,0.01,0.01,71626.09,1775989976000
1775989977.162,177.162,0.31,0.32,0.68,0.69,0.01,0.01,71626.09,1775989976000
1775989977.68,177.68,0.31,0.32,0.68,0.69,0.01,0.01,71626.09,1775989976000
1775989978.021,178.021,0.18,0.32,0.68,0.82,0.14,0.14,71626.15,1775989977000
1775989978.558,178.558,0.3,0.31,0.69,0.7,0.01,0.01,71626.15,1775989977000
1775989978.906,178.906,0.3,0.31,0.69,0.7,0.01,0.01,71626.15,1775989977000
1775989979.436,179.436,0.31,0.32,0.68,0.69,0.01,0.01,71626.33,1775989978000
1775989979.779,179.779,0.31,0.32,0.68,0.69,0.01,0.01,71626.33,1775989978000
1775989980.186,180.186,0.31,0.33,0.68,0.69,0.02,0.01,71626.33,1775989978000
1775989980.547,180.547,0.31,0.32,0.67,0.69,0.01,0.02,71625.16,1775989979000
1775989980.881,180.881,0.32,0.33,0.67,0.68,0.01,0.01,71625.16,1775989979000
1775989981.265,181.265,0.33,0.34,0.66,0.72,0.01,0.06,71625.16,1775989979000
1775989981.601,181.601,0.32,0.33,0.67,0.85,0.01,0.18,71625.35,1775989980000
1775989981.935,181.935,0.31,0.32,0.68,0.69,0.01,0.01,71625.35,1775989980000
1775989982.272,182.272,0.32,0.33,0.67,0.68,0.01,0.01,71625.35,1775989980000
1775989982.621,182.621,0.31,0.32,0.68,0.69,0.01,0.01,71626.45,1775989981000
1775989982.958,182.958,0.31,0.32,0.68,0.69,0.01,0.01,71626.45,1775989981000
1775989983.367,183.367,0.3,0.32,0.68,0.7,0.02,0.02,71626.44,1775989982000
1775989984.275,184.275,0.3,0.31,0.69,0.7,0.01,0.01,71626.44,1775989982000
1775989984.95,184.95,0.3,0.31,0.69,0.7,0.01,0.01,71626.44,1775989983000
1775989985.299,185.299,0.29,0.3,0.69,0.88,0.01,0.19,71626.44,1775989983000
1775989985.836,185.836,0.29,0.3,0.7,0.71,0.01,0.01,71625.79,1775989984000
1775989986.233,186.233,0.29,0.3,0.7,0.71,0.01,0.01,71625.69,1775989985000
1775989986.596,186.596,0.29,0.3,0.7,0.71,0.01,0.01,71625.69,1775989985000
1775989987.069,187.069,0.28,0.29,0.7,0.72,0.01,0.02,71625.69,1775989985000
1775989987.635,187.635,0.28,0.29,0.71,0.72,0.01,0.01,71625.69,1775989985000
1775989988.078,188.078,0.28,0.29,0.71,0.72,0.01,0.01,71625.58,1775989986000
1775989988.417,188.417,0.27,0.28,0.71,0.73,0.01,0.02,71625.58,1775989986000
1775989989.116,189.116,0.26,0.27,0.73,0.74,0.01,0.01,71625.58,1775989987000
1775989989.811,189.811,0.26,0.27,0.73,0.74,0.01,0.01,71625.58,1775989988000
1775989990.6,190.6,0.26,0.27,0.73,0.74,0.01,0.01,71625.51,1775989989000
1775989991.014,191.014,0.26,0.27,0.73,0.74,0.01,0.01,71625.51,1775989989000
1775989991.493,191.493,0.26,0.27,0.73,0.74,0.01,0.01,71624.94,1775989990000
1775989991.836,191.836,0.24,0.25,0.73,0.8,0.01,0.07,71624.94,1775989990000
1775989992.182,192.182,0.24,0.25,0.75,0.76,0.01,0.01,71623.99,1775989991000
1775989992.76,192.76,0.24,0.25,0.75,0.76,0.01,0.01,71623.99,1775989991000
1775989993.115,193.115,0.24,0.25,0.75,0.76,0.01,0.01,71623.99,1775989991000
1775989993.709,193.709,0.24,0.25,0.75,0.76,0.01,0.01,71623.98,1775989992000
1775989994.138,194.138,0.24,0.25,0.75,0.76,0.01,0.01,71623.98,1775989992000
1775989994.508,194.508,0.24,0.25,0.75,0.76,0.01,0.01,71624.21,1775989993000
1775989994.874,194.874,0.24,0.25,0.75,0.76,0.01,0.01,71624.21,1775989993000
1775989995.212,195.212,0.23,0.24,0.76,0.77,0.01,0.01,71624.21,1775989993000
1775989995.671,195.671,0.23,0.24,0.76,0.77,0.01,0.01,71624.39,1775989994000
1775989996.203,196.203,0.23,0.24,0.76,0.77,0.01,0.01,71624.39,1775989994000
1775989996.563,196.563,0.25,0.26,0.74,0.75,0.01,0.01,71625.06,1775989995000
1775989997.215,197.215,0.25,0.26,0.74,0.75,0.01,0.01,71625.06,1775989995000
1775989997.595,197.595,0.25,0.26,0.74,0.75,0.01,0.01,71625.06,1775989995000
1775989998.291,198.291,0.25,0.26,0.74,0.75,0.01,0.01,71625.26,1775989996000
1775989998.64,198.64,0.25,0.26,0.74,0.75,0.01,0.01,71625.17,1775989997000
1775989999.387,199.387,0.22,0.26,0.74,0.75,0.04,0.01,71625.17,1775989998000
1775989999.782,199.782,0.24,0.25,0.75,0.76,0.01,0.01,71625.17,1775989998000
1775990000.276,200.276,0.25,0.26,0.74,0.76,0.01,0.02,71625.19,1775989999000
1775990000.654,200.654,0.25,0.26,0.74,0.75,0.01,0.01,71625.19,1775989999000
1775990001.255,201.255,0.24,0.26,0.74,0.75,0.02,0.01,71625.19,1775989999000
1775990001.666,201.666,0.24,0.25,0.74,0.76,0.01,0.02,71625.28,1775990000000
1775990002.069,202.069,0.24,0.25,0.75,0.76,0.01,0.01,71625.28,1775990000000
1775990002.547,202.547,0.25,0.26,0.75,0.76,0.01,0.01,71625.57,1775990001000
1775990002.882,202.882,0.25,0.26,0.74,0.75,0.01,0.01,71625.57,1775990001000
1775990003.216,203.216,0.25,0.26,0.74,0.75,0.01,0.01,71625.19,1775990002000
1775990003.817,203.817,0.25,0.26,0.74,0.75,0.01,0.01,71625.19,1775990002000
1775990004.226,204.226,0.25,0.26,0.74,0.75,0.01,0.01,71625.19,1775990003000
1775990004.988,204.988,0.25,0.26,0.74,0.79,0.01,0.05,71625.19,1775990003000
1775990005.519,205.519,0.25,0.26,0.74,0.75,0.01,0.01,71625.24,1775990004000
1775990005.9,205.9,0.24,0.26,0.74,0.75,0.02,0.01,71625.24,1775990004000
1775990006.31,206.31,0.25,0.27,0.74,0.76,0.02,0.02,71625.38,1775990005000
1775990006.905,206.905,0.25,0.27,0.73,0.75,0.02,0.02,71625.38,1775990005000
1775990007.477,207.477,0.25,0.26,0.73,0.74,0.01,0.01,71625.39,1775990006000
1775990007.997,207.997,0.26,0.28,0.74,0.75,0.02,0.01,71625.39,1775990006000
1775990008.349,208.349,0.28,0.3,0.71,0.73,0.02,0.02,71625.5,1775990007000
1775990008.682,208.682,0.29,0.34,0.66,0.71,0.05,0.05,71625.5,1775990007000
1775990009.016,209.016,0.31,0.32,0.68,0.69,0.01,0.01,71625.5,1775990007000
1775990009.594,209.594,0.31,0.32,0.68,0.69,0.01,0.01,71625.87,1775990008000
1775990009.963,209.963,0.31,0.32,0.68,0.69,0.01,0.01,71625.69,1775990009000
1775990010.336,210.336,0.3,0.31,0.69,0.7,0.01,0.01,71625.69,1775990009000
1775990010.683,210.683,0.3,0.31,0.69,0.7,0.01,0.01,71625.69,1775990009000
1775990011.046,211.046,0.28,0.29,0.71,0.72,0.01,0.01,71626.88,1775990010000
1775990011.67,211.67,0.28,0.29,0.71,0.72,0.01,0.01,71626.88,1775990010000
1775990012.205,212.205,0.28,0.29,0.71,0.72,0.01,0.01,71627.14,1775990011000
1775990012.637,212.637,0.27,0.29,0.71,0.72,0.02,0.01,71627.14,1775990011000
1775990012.971,212.971,0.24,0.25,0.75,0.76,0.01,0.01,71627.14,1775990011000
1775990013.334,213.334,0.18,0.19,0.81,0.82,0.01,0.01,71627.07,1775990012000
1775990013.673,213.673,0.13,0.15,0.85,0.86,0.02,0.01,71627.07,1775990012000
1775990014.02,214.02,0.12,0.13,0.87,0.88,0.01,0.01,71627.07,1775990012000
1775990014.468,214.468,0.12,0.13,0.87,0.88,0.01,0.01,71627.07,1775990012000
1775990014.809,214.809,0.12,0.13,0.87,0.88,0.01,0.01,71627.06,1775990013000
1775990015.316,215.316,0.12,0.13,0.87,0.88,0.01,0.01,71624.3,1775990014000
1775990015.653,215.653,0.12,0.13,0.87,0.88,0.01,0.01,71624.3,1775990014000
1775990015.988,215.988,0.12,0.13,0.87,0.88,0.01,0.01,71624.3,1775990014000
1775990016.432,216.432,0.12,0.13,0.87,0.88,0.01,0.01,71618.33,1775990015000
1775990016.828,216.828,0.12,0.13,0.87,0.88,0.01,0.01,71618.33,1775990015000
1775990017.217,217.217,0.12,0.13,0.87,0.88,0.01,0.01,71618.33,1775990015000
1775990017.619,217.619,0.12,0.13,0.87,0.88,0.01,0.01,71616.94,1775990016000
1775990018.032,218.032,0.13,0.14,0.86,0.88,0.01,0.02,71616.94,1775990016000
1775990018.559,218.559,0.13,0.14,0.86,0.87,0.01,0.01,71616.94,1775990017000
1775990018.978,218.978,0.1,0.11,0.86,0.93,0.01,0.07,71616.94,1775990017000
1775990019.322,219.322,0.11,0.12,0.88,0.89,0.01,0.01,71616.94,1775990018000
1775990019.668,219.668,0.11,0.12,0.88,0.89,0.01,0.01,71616.94,1775990018000
1775990020.048,220.048,0.11,0.12,0.88,0.89,0.01,0.01,71616.94,1775990019000
1775990020.495,220.495,0.11,0.12,0.88,0.89,0.01,0.01,71616.94,1775990019000
1775990021.027,221.027,0.11,0.12,0.88,0.89,0.01,0.01,71616.94,1775990019000
1775990021.476,221.476,0.12,0.13,0.86,0.89,0.01,0.03,71616.94,1775990020000
1775990021.829,221.829,0.12,0.13,0.87,0.88,0.01,0.01,71616.94,1775990020000
1775990022.24,222.24,0.11,0.12,0.88,0.89,0.01,0.01,71616.73,1775990021000
1775990022.576,222.576,0.11,0.13,0.87,0.89,0.02,0.02,71616.73,1775990021000
1775990023.02,223.02,0.12,0.13,0.88,0.89,0.01,0.01,71616.73,1775990021000
1775990023.377,223.377,0.11,0.12,0.87,0.88,0.01,0.01,71617.1,1775990022000
1775990023.843,223.843,0.11,0.12,0.88,0.89,0.01,0.01,71617.1,1775990022000
1775990024.242,224.242,0.11,0.12,0.88,0.89,0.01,0.01,71617.1,1775990023000
1775990024.93,224.93,0.11,0.12,0.88,0.89,0.01,0.01,71617.1,1775990024000
1775990025.297,225.297,0.05,0.12,0.88,0.89,0.07,0.01,71617.1,1775990024000
1775990025.635,225.635,0.09,0.1,0.88,0.95,0.01,0.07,71617.1,1775990024000
1775990025.985,225.985,0.08,0.1,0.89,0.91,0.02,0.02,71617.1,1775990024000
1775990026.325,226.325,0.08,0.1,0.9,0.92,0.02,0.02,71617.1,1775990024000
1775990026.809,226.809,0.08,0.09,0.91,0.92,0.01,0.01,71616.32,1775990025000
1775990027.161,227.161,0.08,0.09,0.91,0.92,0.01,0.01,71616.32,1775990025000
1775990027.5,227.5,0.08,0.09,0.91,0.92,0.01,0.01,71615.41,1775990026000
1775990027.835,227.835,0.08,0.09,0.91,0.92,0.01,0.01,71615.41,1775990026000
1775990028.288,228.288,0.08,0.09,0.91,0.92,0.01,0.01,71615.41,1775990026000
1775990028.686,228.686,0.05,0.09,0.91,0.92,0.04,0.01,71616.28,1775990027000
1775990029.037,229.037,0.07,0.08,0.91,0.95,0.01,0.04,71616.28,1775990027000
1775990029.374,229.374,0.07,0.08,0.92,0.93,0.01,0.01,71615.34,1775990028000
1775990029.75,229.75,0.07,0.08,0.92,0.93,0.01,0.01,71615.34,1775990028000
1775990030.116,230.116,0.07,0.08,0.92,0.93,0.01,0.01,71615.34,1775990028000
1775990030.487,230.487,0.07,0.08,0.92,0.93,0.01,0.01,71615.5,1775990029000
1775990031.161,231.161,0.07,0.08,0.92,0.93,0.01,0.01,71615.51,1775990030000
1775990031.501,231.501,0.07,0.08,0.92,0.93,0.01,0.01,71615.51,1775990030000
1775990031.859,231.859,0.07,0.08,0.92,0.93,0.01,0.01,71615.51,1775990030000
1775990032.204,232.204,0.07,0.08,0.92,0.93,0.01,0.01,71615.51,1775990030000
1775990032.644,232.644,0.09,0.1,0.9,0.91,0.01,0.01,71615.47,1775990031000
1775990033.012,233.012,0.1,0.11,0.89,0.9,0.01,0.01,71615.47,1775990031000
1775990033.347,233.347,0.1,0.11,0.89,0.9,0.01,0.01,71615.67,1775990032000
1775990033.687,233.687,0.1,0.11,0.89,0.9,0.01,0.01,71615.67,1775990032000
1775990034.116,234.116,0.05,0.11,0.89,0.9,0.06,0.01,71615.67,1775990032000
1775990034.452,234.452,0.09,0.1,0.9,0.91,0.01,0.01,71615.67,1775990032000
1775990034.79,234.79,0.09,0.1,0.9,0.91,0.01,0.01,71615.67,1775990033000
1775990035.293,235.293,0.09,0.1,0.9,0.91,0.01,0.01,71615.67,1775990033000
1775990035.652,235.652,0.09,0.1,0.9,0.91,0.01,0.01,71618.5,1775990034000
1775990036.101,236.101,0.09,0.1,0.9,0.91,0.01,0.01,71618.5,1775990034000
1775990036.518,236.518,0.08,0.1,0.91,0.92,0.02,0.01,71618.5,1775990034000
1775990036.853,236.853,0.15,0.17,0.83,0.85,0.02,0.02,71618.5,1775990035000
1775990037.187,237.187,0.17,0.18,0.82,0.83,0.01,0.01,71618.5,1775990035000
1775990037.531,237.531,0.17,0.18,0.82,0.83,0.01,0.01,71619.26,1775990036000
1775990037.902,237.902,0.17,0.18,0.82,0.83,0.01,0.01,71619.26,1775990037000
1775990038.243,238.243,0.17,0.18,0.82,0.83,0.01,0.01,71619.26,1775990037000
1775990038.649,238.649,0.17,0.18,0.82,0.83,0.01,0.01,71619.26,1775990037000
1775990039.11,239.11,0.17,0.18,0.82,0.83,0.01,0.01,71619.26,1775990037000
1775990039.471,239.471,0.17,0.18,0.82,0.83,0.01,0.01,71620.19,1775990038000
1775990039.842,239.842,0.17,0.18,0.82,0.83,0.01,0.01,71620.19,1775990038000
1775990040.205,240.205,0.17,0.18,0.82,0.83,0.01,0.01,71620.19,1775990038000
1775990040.674,240.674,0.17,0.18,0.82,0.83,0.01,0.01,71620.19,1775990038000
1775990041.131,241.131,0.17,0.18,0.82,0.83,0.01,0.01,71623.69,1775990039000
1775990041.495,241.495,0.17,0.18,0.82,0.83,0.01,0.01,71623.68,1775990040000
1775990041.866,241.866,0.17,0.18,0.82,0.83,0.01,0.01,71623.68,1775990040000
1775990042.217,242.217,0.17,0.18,0.82,0.83,0.01,0.01,71623.67,1775990041000
1775990042.632,242.632,0.17,0.18,0.82,0.83,0.01,0.01,71623.67,1775990041000
1775990042.991,242.991,0.17,0.18,0.82,0.83,0.01,0.01,71623.67,1775990041000
1775990043.391,243.391,0.17,0.18,0.82,0.83,0.01,0.01,71623.67,1775990041000
1775990043.728,243.728,0.15,0.17,0.83,0.85,0.02,0.02,71623.67,1775990041000
1775990044.234,244.234,0.12,0.13,0.86,0.88,0.01,0.02,71623.71,1775990042000
1775990044.584,244.584,0.11,0.12,0.88,0.89,0.01,0.01,71623.63,1775990043000
1775990044.971,244.971,0.11,0.12,0.88,0.89,0.01,0.01,71623.63,1775990043000
1775990045.332,245.332,0.11,0.12,0.86,0.89,0.01,0.03,71623.63,1775990044000
1775990045.683,245.683,0.11,0.12,0.88,0.89,0.01,0.01,71623.63,1775990044000
1775990046.036,246.036,0.12,0.13,0.87,0.88,0.01,0.01,71623.63,1775990044000
1775990046.468,246.468,0.11,0.12,0.88,0.89,0.01,0.01,71622.08,1775990045000
1775990046.927,246.927,0.11,0.12,0.88,0.89,0.01,0.01,71622.08,1775990045000
1775990047.326,247.326,0.11,0.12,0.88,0.89,0.01,0.01,71622.08,1775990045000
1775990048.059,248.059,0.1,0.11,0.88,0.9,0.01,0.02,71621.47,1775990046000
1775990048.621,248.621,0.1,0.11,0.88,0.9,0.01,0.02,71620.69,1775990047000
1775990049.322,249.322,0.1,0.11,0.89,0.9,0.01,0.01,71620.68,1775990048000
1775990049.666,249.666,0.08,0.1,0.9,0.91,0.02,0.01,71620.68,1775990048000
1775990050.291,250.291,0.08,0.09,0.9,0.92,0.01,0.02,71620.68,1775990048000
1775990050.741,250.741,0.07,0.09,0.91,0.93,0.02,0.02,71620.68,1775990049000
1775990051.2,251.2,0.07,0.09,0.91,0.93,0.02,0.02,71620.66,1775990050000
1775990051.853,251.853,0.06,0.07,0.91,0.92,0.01,0.01,71620.66,1775990050000
1775990052.398,252.398,0.05,0.06,0.93,0.96,0.01,0.03,71620.61,1775990051000
1775990052.865,252.865,0.05,0.06,0.94,0.95,0.01,0.01,71620.61,1775990051000
1775990053.295,253.295,0.05,0.06,0.94,0.95,0.01,0.01,71620.58,1775990052000
1775990053.708,253.708,0.05,0.06,0.95,0.96,0.01,0.01,71620.58,1775990052000
1775990054.085,254.085,0.05,0.06,0.94,0.95,0.01,0.01,71620.58,1775990052000
1775990054.502,254.502,0.05,0.06,0.94,0.95,0.01,0.01,71620.58,1775990053000
1775990054.863,254.863,0.05,0.06,0.94,0.95,0.01,0.01,71620.58,1775990053000
1775990055.222,255.222,0.05,0.06,0.94,0.95,0.01,0.01,71620.58,1775990053000
1775990055.555,255.555,0.06,0.07,0.93,0.94,0.01,0.01,71620.78,1775990054000
1775990055.965,255.965,0.07,0.08,0.92,0.93,0.01,0.01,71620.78,1775990054000
1775990056.304,256.304,0.07,0.08,0.92,0.93,0.01,0.01,71620.78,1775990054000
1775990056.738,256.738,0.06,0.08,0.92,0.97,0.02,0.05,71619.97,1775990055000
1775990057.125,257.125,0.05,0.08,0.92,0.93,0.03,0.01,71619.97,1775990055000
1775990057.534,257.534,0.06,0.07,0.93,0.94,0.01,0.01,71619.97,1775990055000
1775990058.0,258.0,0.06,0.07,0.93,0.94,0.01,0.01,71620.47,1775990056000
1775990058.389,258.389,0.06,0.07,0.93,0.94,0.01,0.01,71620.15,1775990057000
1775990058.722,258.722,0.05,0.06,0.94,0.95,0.01,0.01,71620.15,1775990057000
1775990059.058,259.058,0.05,0.06,0.94,0.95,0.01,0.01,71620.15,1775990058000
1775990059.654,259.654,0.05,0.06,0.94,0.95,0.01,0.01,71620.15,1775990058000
1775990059.996,259.996,0.04,0.05,0.94,0.97,0.01,0.03,71620.15,1775990058000
1775990060.626,260.626,0.04,0.05,0.95,0.96,0.01,0.01,71620.05,1775990059000
1775990061.038,261.038,0.05,0.06,0.94,0.96,0.01,0.02,71620.05,1775990059000
1775990061.655,261.655,0.04,0.05,0.95,0.96,0.01,0.01,71619.94,1775990060000
1775990062.068,262.068,0.03,0.05,0.95,0.96,0.02,0.01,71619.94,1775990060000
1775990062.626,262.626,0.03,0.04,0.95,0.97,0.01,0.02,71619.76,1775990061000
1775990062.962,262.962,0.03,0.04,0.96,0.97,0.01,0.01,71619.76,1775990061000
1775990063.33,263.33,0.03,0.04,0.96,0.97,0.01,0.01,71619.76,1775990062000
1775990064.105,264.105,0.04,0.05,0.96,0.97,0.01,0.01,71619.76,1775990062000
1775990064.513,264.513,0.02,0.05,0.95,0.96,0.03,0.01,71619.76,1775990062000
1775990065.012,265.012,0.03,0.04,0.96,0.97,0.01,0.01,71619.33,1775990063000
1775990065.718,265.718,0.03,0.05,0.96,0.97,0.02,0.01,71619.33,1775990064000
1775990066.095,266.095,0.03,0.05,0.95,0.97,0.02,0.02,71619.33,1775990064000
1775990066.507,266.507,0.02,0.04,0.96,0.97,0.02,0.01,71619.33,1775990065000
1775990066.884,266.884,0.03,0.04,0.96,0.97,0.01,0.01,71619.83,1775990066000
1775990067.294,267.294,0.03,0.04,0.96,0.97,0.01,0.01,71619.83,1775990066000
1775990067.644,267.644,0.03,0.04,0.96,0.97,0.01,0.01,71619.83,1775990066000
1775990068.039,268.039,0.02,0.03,0.97,0.98,0.01,0.01,71619.97,1775990067000
1775990068.451,268.451,0.03,0.04,0.96,0.98,0.01,0.02,71619.97,1775990067000
1775990068.958,268.958,0.02,0.03,0.96,0.98,0.01,0.02,71619.97,1775990067000
1775990069.293,269.293,0.02,0.04,0.96,0.97,0.02,0.01,71619.68,1775990068000
1775990069.631,269.631,0.03,0.04,0.96,0.97,0.01,0.01,71619.68,1775990068000
1775990069.966,269.966,0.01,0.02,0.98,0.99,0.01,0.01,71619.68,1775990068000
1775990070.324,270.324,0.01,0.02,0.98,0.99,0.01,0.01,71619.68,1775990069000
1775990070.686,270.686,0.01,0.02,0.98,0.99,0.01,0.01,71619.68,1775990069000
1775990071.049,271.049,0.01,0.02,0.98,0.99,0.01,0.01,71619.68,1775990069000
1775990071.408,271.408,0.01,0.02,0.98,0.99,0.01,0.01,71619.99,1775990070000
1775990071.742,271.742,0.01,0.02,0.98,0.99,0.01,0.01,71619.99,1775990070000
1775990072.133,272.133,0.01,0.02,0.98,0.99,0.01,0.01,71619.99,1775990070000
1775990072.52,272.52,0.01,0.03,0.98,0.99,0.02,0.01,71619.99,1775990070000
1775990072.899,272.899,0.01,0.03,0.97,0.98,0.02,0.01,71615.43,1775990071000
1775990073.529,273.529,0.01,0.02,0.98,0.99,0.01,0.01,71614.91,1775990072000
1775990073.933,273.933,0.01,0.02,0.98,0.99,0.01,0.01,71614.91,1775990072000
1775990074.288,274.288,0.01,0.03,0.97,0.98,0.02,0.01,71612.94,1775990073000
1775990074.643,274.643,0.02,0.03,0.97,0.99,0.01,0.02,71612.94,1775990073000
1775990074.987,274.987,0.01,0.03,0.98,0.99,0.02,0.01,71612.94,1775990073000
1775990075.332,275.332,0.01,0.03,0.98,0.99,0.02,0.01,71614.23,1775990074000
1775990075.817,275.817,0.02,0.03,0.97,0.99,0.01,0.02,71614.23,1775990074000
1775990076.173,276.173,0.02,0.03,0.97,0.98,0.01,0.01,71614.8,1775990075000
1775990076.531,276.531,0.01,0.02,0.98,0.99,0.01,0.01,71614.8,1775990075000
1775990076.983,276.983,0.01,0.02,0.98,0.99,0.01,0.01,71614.8,1775990075000
1775990077.523,277.523,0.01,0.02,0.98,0.99,0.01,0.01,71614.91,1775990076000
1775990078.148,278.148,0.01,0.02,0.98,0.99,0.01,0.01,71614.91,1775990076000
1775990078.623,278.623,0.01,0.02,0.98,0.99,0.01,0.01,71615.24,1775990077000
1775990078.956,278.956,0.01,0.03,0.97,0.98,0.02,0.01,71615.24,1775990077000
1775990079.526,279.526,0.01,0.02,0.98,0.99,0.01,0.01,71614.97,1775990078000
1775990080.068,280.068,0.01,0.02,0.98,0.99,0.01,0.01,71614.97,1775990078000
1775990080.404,280.404,0.02,0.03,0.97,0.99,0.01,0.02,71614.97,1775990079000
1775990080.944,280.944,0.02,0.03,0.96,0.98,0.01,0.02,71614.97,1775990079000
1775990081.293,281.293,0.03,0.04,0.96,0.97,0.01,0.01,71615.12,1775990080000
1775990081.644,281.644,0.01,0.02,0.96,0.98,0.01,0.02,71615.12,1775990080000
1775990082.016,282.016,0.01,0.02,0.98,0.99,0.01,0.01,71615.18,1775990081000
1775990082.373,282.373,0.01,0.02,0.98,0.99,0.01,0.01,71615.18,1775990081000
1775990082.752,282.752,0.01,0.02,0.98,0.99,0.01,0.01,71615.18,1775990081000
1775990083.086,283.086,0.01,0.02,0.98,0.99,0.01,0.01,71616.56,1775990082000
1775990083.493,283.493,0.01,0.02,0.98,0.99,0.01,0.01,71616.56,1775990082000
1775990084.08,284.08,0.01,0.02,0.98,0.99,0.01,0.01,71618.74,1775990083000
1775990084.647,284.647,0.01,0.02,0.98,0.99,0.01,0.01,71618.74,1775990083000
1775990085.061,285.061,0.01,0.02,0.98,0.99,0.01,0.01,71618.74,1775990083000
1775990085.414,285.414,0.01,0.02,0.98,0.99,0.01,0.01,71618.74,1775990083000
1775990085.952,285.952,0.01,0.02,0.98,0.99,0.01,0.01,71618.74,1775990083000
1775990086.473,286.473,0.01,0.02,0.98,0.99,0.01,0.01,71618.75,1775990084000
1775990086.81,286.81,0.01,0.01,0.98,0.99,0.0,0.01,71618.75,1775990084000
1775990087.247,287.247,0.01,0.01,0.99,0.99,0.0,0.0,71618.46,1775990085000
1775990088.068,288.068,0.01,0.01,0.99,0.99,0.0,0.0,71618.11,1775990086000
1775990089.538,289.538,0.01,0.01,0.99,0.99,0.0,0.0,71617.48,1775990087000
1775990089.945,289.945,0.01,0.01,0.99,0.99,0.0,0.0,71615.63,1775990088000
1775990090.864,290.864,0.01,0.01,0.99,0.99,0.0,0.0,71617.37,1775990089000
1775990091.2,291.2,0.01,0.01,0.99,0.99,0.0,0.0,71617.5,1775990090000
1775990092.293,292.293,0.01,0.01,0.99,0.99,0.0,0.0,71617.47,1775990091000
1775990092.964,292.964,0.01,0.01,0.99,0.99,0.0,0.0,71617.47,1775990091000
1775990093.645,293.645,0.01,0.01,0.99,0.99,0.0,0.0,71617.51,1775990092000
1775990094.23,294.23,0.01,0.01,0.99,0.99,0.0,0.0,71617.51,1775990093000
1775990095.278,295.278,0.01,0.01,0.99,0.99,0.0,0.0,71617.51,1775990093000
1775990096.222,296.222,0.01,0.01,0.99,0.99,0.0,0.0,71617.41,1775990095000
1775990097.334,297.334,0.01,0.01,0.99,0.99,0.0,0.0,71617.2,1775990096000
1775990097.987,297.987,0.01,0.01,0.99,0.99,0.0,0.0,71617.2,1775990097000
1775990099.11,299.11,0.01,0.01,0.99,0.99,0.0,0.0,71615.0,1775990098000
1775990100.251,300.251,0.01,0.01,0.99,0.99,0.0,0.0,71614.96,1775990099000

# RESULT,winner=Down,slug=btc-updown-5m-1775989800,ticks=701
