timestamp,elapsed_sec,up_bid,up_ask,down_bid,down_ask,up_spread,down_spread,btc_price,btc_oracle_ts
1776181500.579,0.579,0.46,0.47,0.53,0.55,0.01,0.02,75325.29,1776181498000
1776181500.929,0.929,0.46,0.47,0.53,0.54,0.01,0.01,75323.73,1776181499000
1776181501.291,1.291,0.46,0.47,0.53,0.54,0.01,0.01,75323.73,1776181499000
1776181501.63,1.63,0.46,0.47,0.53,0.54,0.01,0.01,75320.76,1776181500000
1776181501.992,1.992,0.45,0.47,0.53,0.54,0.02,0.01,75320.76,1776181500000
1776181502.5,2.5,0.45,0.48,0.54,0.55,0.03,0.01,75318.04,1776181501000
1776181502.886,2.886,0.46,0.47,0.53,0.54,0.01,0.01,75318.04,1776181501000
1776181503.269,3.269,0.46,0.47,0.53,0.54,0.01,0.01,75318.04,1776181501000
1776181503.751,3.751,0.46,0.47,0.53,0.54,0.01,0.01,75317.62,1776181502000
1776181504.405,4.405,0.46,0.47,0.53,0.54,0.01,0.01,75317.62,1776181503000
1776181504.74,4.74,0.46,0.47,0.53,0.54,0.01,0.01,75317.62,1776181503000
1776181505.26,5.26,0.46,0.47,0.53,0.54,0.01,0.01,75317.64,1776181504000
1776181505.714,5.714,0.46,0.47,0.53,0.54,0.01,0.01,75317.64,1776181504000
1776181506.048,6.048,0.46,0.47,0.53,0.54,0.01,0.01,75317.64,1776181504000
1776181506.563,6.563,0.46,0.47,0.53,0.54,0.01,0.01,75317.64,1776181504000
1776181506.934,6.934,0.46,0.47,0.53,0.54,0.01,0.01,75317.64,1776181505000
1776181507.278,7.278,0.46,0.47,0.53,0.54,0.01,0.01,75317.64,1776181506000
1776181507.681,7.681,0.46,0.47,0.53,0.54,0.01,0.01,75317.64,1776181506000
1776181508.193,8.193,0.46,0.47,0.53,0.54,0.01,0.01,75317.64,1776181506000
1776181508.68,8.68,0.46,0.47,0.53,0.54,0.01,0.01,75317.38,1776181507000
1776181509.013,9.013,0.46,0.47,0.53,0.54,0.01,0.01,75317.38,1776181507000
1776181509.359,9.359,0.45,0.46,0.54,0.55,0.01,0.01,75317.38,1776181508000
1776181509.734,9.734,0.45,0.46,0.54,0.55,0.01,0.01,75317.38,1776181508000
1776181510.331,10.331,0.44,0.45,0.55,0.56,0.01,0.01,75317.38,1776181508000
1776181510.688,10.688,0.44,0.45,0.55,0.56,0.01,0.01,75316.8,1776181509000
1776181511.21,11.21,0.44,0.45,0.55,0.56,0.01,0.01,75316.8,1776181509000
1776181511.559,11.559,0.41,0.43,0.57,0.59,0.02,0.02,75308.56,1776181510000
1776181511.968,11.968,0.4,0.43,0.57,0.6,0.03,0.03,75308.56,1776181510000
1776181512.416,12.416,0.41,0.42,0.57,0.6,0.01,0.03,75305.33,1776181511000
1776181512.762,12.762,0.39,0.4,0.6,0.61,0.01,0.01,75305.33,1776181511000
1776181513.097,13.097,0.39,0.4,0.6,0.62,0.01,0.02,75305.33,1776181511000
1776181513.572,13.572,0.38,0.39,0.61,0.62,0.01,0.01,75300.99,1776181512000
1776181513.938,13.938,0.38,0.39,0.61,0.62,0.01,0.01,75300.99,1776181512000
1776181514.376,14.376,0.38,0.39,0.61,0.62,0.01,0.01,75298.98,1776181513000
1776181514.779,14.779,0.36,0.38,0.62,0.64,0.02,0.02,75298.98,1776181513000
1776181515.301,15.301,0.35,0.36,0.64,0.65,0.01,0.01,75298.98,1776181513000
1776181515.643,15.643,0.35,0.36,0.64,0.65,0.01,0.01,75291.55,1776181514000
1776181516.096,16.096,0.35,0.36,0.64,0.66,0.01,0.02,75291.55,1776181514000
1776181516.493,16.493,0.34,0.35,0.65,0.66,0.01,0.01,75291.1,1776181515000
1776181516.952,16.952,0.34,0.35,0.65,0.66,0.01,0.01,75291.1,1776181515000
1776181517.322,17.322,0.33,0.34,0.66,0.67,0.01,0.01,75291.1,1776181515000
1776181517.663,17.663,0.33,0.34,0.66,0.67,0.01,0.01,75278.94,1776181516000
1776181518.027,18.027,0.33,0.34,0.66,0.67,0.01,0.01,75278.94,1776181516000
1776181518.369,18.369,0.32,0.34,0.66,0.67,0.02,0.01,75278.81,1776181517000
1776181518.803,18.803,0.32,0.33,0.67,0.68,0.01,0.01,75278.81,1776181517000
1776181519.191,19.191,0.32,0.33,0.67,0.68,0.01,0.01,75278.81,1776181517000
1776181519.579,19.579,0.31,0.32,0.68,0.69,0.01,0.01,75279.62,1776181518000
1776181519.925,19.925,0.29,0.31,0.69,0.71,0.02,0.02,75279.62,1776181518000
1776181520.284,20.284,0.3,0.31,0.69,0.7,0.01,0.01,75279.52,1776181519000
1776181520.629,20.629,0.3,0.31,0.69,0.7,0.01,0.01,75279.52,1776181519000
1776181520.973,20.973,0.3,0.31,0.69,0.7,0.01,0.01,75279.52,1776181519000
1776181521.511,21.511,0.3,0.31,0.69,0.7,0.01,0.01,75276.89,1776181520000
1776181521.844,21.844,0.3,0.31,0.69,0.7,0.01,0.01,75276.89,1776181520000
1776181522.277,22.277,0.3,0.31,0.69,0.7,0.01,0.01,75276.89,1776181520000
1776181522.619,22.619,0.3,0.31,0.69,0.7,0.01,0.01,75266.97,1776181521000
1776181523.125,23.125,0.3,0.31,0.69,0.7,0.01,0.01,75266.97,1776181522000
1776181523.495,23.495,0.3,0.31,0.69,0.7,0.01,0.01,75266.97,1776181522000
1776181524.176,24.176,0.28,0.31,0.69,0.7,0.03,0.01,75266.97,1776181522000
1776181524.612,24.612,0.28,0.29,0.71,0.72,0.01,0.01,75266.97,1776181522000
1776181524.97,24.97,0.27,0.28,0.72,0.73,0.01,0.01,75268.13,1776181523000
1776181525.389,25.389,0.27,0.28,0.72,0.73,0.01,0.01,75268.51,1776181524000
1776181525.845,25.845,0.27,0.28,0.72,0.73,0.01,0.01,75268.51,1776181524000
1776181526.191,26.191,0.27,0.29,0.72,0.73,0.02,0.01,75268.51,1776181524000
1776181526.541,26.541,0.27,0.28,0.72,0.73,0.01,0.01,75267.11,1776181525000
1776181526.885,26.885,0.29,0.32,0.69,0.71,0.03,0.02,75267.11,1776181525000
1776181527.275,27.275,0.29,0.3,0.7,0.71,0.01,0.01,75267.11,1776181525000
1776181527.665,27.665,0.3,0.31,0.68,0.71,0.01,0.03,75267.11,1776181525000
1776181528.106,28.106,0.3,0.31,0.69,0.7,0.01,0.01,75267.11,1776181525000
1776181528.473,28.473,0.3,0.31,0.69,0.7,0.01,0.01,75265.95,1776181527000
1776181528.879,28.879,0.3,0.31,0.69,0.7,0.01,0.01,75265.95,1776181527000
1776181529.326,29.326,0.3,0.31,0.69,0.7,0.01,0.01,75269.58,1776181528000
1776181529.8,29.8,0.3,0.31,0.69,0.7,0.01,0.01,75269.58,1776181528000
1776181530.135,30.135,0.32,0.33,0.67,0.68,0.01,0.01,75272.35,1776181529000
1776181530.47,30.47,0.32,0.33,0.67,0.68,0.01,0.01,75272.35,1776181529000
1776181530.806,30.806,0.32,0.33,0.67,0.68,0.01,0.01,75272.35,1776181529000
1776181531.16,31.16,0.32,0.33,0.67,0.68,0.01,0.01,75272.35,1776181529000
1776181531.587,31.587,0.32,0.33,0.67,0.68,0.01,0.01,75268.46,1776181530000
1776181531.925,31.925,0.29,0.32,0.68,0.71,0.03,0.03,75268.46,1776181530000
1776181532.27,32.27,0.3,0.31,0.69,0.7,0.01,0.01,75268.8,1776181531000
1776181532.618,32.618,0.29,0.3,0.7,0.71,0.01,0.01,75268.8,1776181531000
1776181532.981,32.981,0.29,0.3,0.7,0.71,0.01,0.01,75268.8,1776181531000
1776181533.314,33.314,0.29,0.3,0.7,0.71,0.01,0.01,75273.17,1776181532000
1776181533.985,33.985,0.31,0.33,0.67,0.69,0.02,0.02,75273.17,1776181532000
1776181534.442,34.442,0.32,0.33,0.67,0.69,0.01,0.02,75273.17,1776181532000
1776181534.981,34.981,0.32,0.33,0.67,0.68,0.01,0.01,75270.56,1776181533000
1776181535.448,35.448,0.33,0.34,0.67,0.68,0.01,0.01,75270.98,1776181534000
1776181535.783,35.783,0.35,0.36,0.63,0.65,0.01,0.02,75270.98,1776181534000
1776181536.18,36.18,0.35,0.36,0.64,0.65,0.01,0.01,75270.98,1776181534000
1776181536.556,36.556,0.35,0.36,0.64,0.65,0.01,0.01,75280.68,1776181535000
1776181536.909,36.909,0.37,0.38,0.63,0.64,0.01,0.01,75280.68,1776181535000
1776181537.447,37.447,0.37,0.38,0.62,0.63,0.01,0.01,75280.68,1776181536000
1776181537.783,37.783,0.37,0.38,0.62,0.63,0.01,0.01,75280.68,1776181536000
1776181538.184,38.184,0.37,0.38,0.62,0.63,0.01,0.01,75278.9,1776181537000
1776181538.526,38.526,0.37,0.38,0.62,0.63,0.01,0.01,75278.9,1776181537000
1776181539.178,39.178,0.38,0.39,0.61,0.62,0.01,0.01,75282.01,1776181538000
1776181539.533,39.533,0.38,0.39,0.61,0.62,0.01,0.01,75282.01,1776181538000
1776181539.871,39.871,0.38,0.4,0.6,0.62,0.02,0.02,75282.01,1776181538000
1776181540.338,40.338,0.39,0.4,0.6,0.61,0.01,0.01,75285.19,1776181539000
1776181540.68,40.68,0.39,0.41,0.6,0.61,0.02,0.01,75285.19,1776181539000
1776181541.024,41.024,0.4,0.41,0.59,0.6,0.01,0.01,75285.19,1776181539000
1776181541.361,41.361,0.4,0.41,0.59,0.6,0.01,0.01,75285.19,1776181539000
1776181541.71,41.71,0.41,0.43,0.58,0.59,0.02,0.01,75285.92,1776181540000
1776181542.077,42.077,0.42,0.43,0.57,0.58,0.01,0.01,75288.33,1776181541000
1776181542.682,42.682,0.44,0.45,0.55,0.57,0.01,0.02,75288.33,1776181541000
1776181543.016,43.016,0.44,0.45,0.55,0.56,0.01,0.01,75290.23,1776181542000
1776181543.368,43.368,0.44,0.45,0.55,0.56,0.01,0.01,75290.23,1776181542000
1776181543.737,43.737,0.44,0.45,0.55,0.56,0.01,0.01,75290.23,1776181542000
1776181544.938,44.938,0.44,0.45,0.55,0.56,0.01,0.01,75301.39,1776181544000
1776181545.451,45.451,0.44,0.45,0.54,0.56,0.01,0.02,75301.39,1776181544000
1776181545.794,45.794,0.48,0.49,0.51,0.52,0.01,0.01,75301.39,1776181544000
1776181546.131,46.131,0.48,0.5,0.5,0.52,0.02,0.02,75300.27,1776181545000
1776181546.696,46.696,0.48,0.49,0.51,0.52,0.01,0.01,75300.27,1776181545000
1776181547.065,47.065,0.48,0.49,0.51,0.52,0.01,0.01,75320.05,1776181546000
1776181547.462,47.462,0.51,0.54,0.45,0.49,0.03,0.04,75320.05,1776181546000
1776181547.796,47.796,0.54,0.55,0.45,0.46,0.01,0.01,75320.05,1776181546000
1776181548.131,48.131,0.53,0.55,0.45,0.46,0.02,0.01,75323.11,1776181547000
1776181548.531,48.531,0.54,0.55,0.43,0.46,0.01,0.03,75323.11,1776181547000
1776181548.879,48.879,0.56,0.57,0.43,0.45,0.01,0.02,75323.11,1776181547000
1776181549.241,49.241,0.56,0.57,0.43,0.44,0.01,0.01,75323.11,1776181547000
1776181549.63,49.63,0.56,0.58,0.42,0.44,0.02,0.02,75334.59,1776181548000
1776181550.009,50.009,0.58,0.59,0.41,0.43,0.01,0.02,75334.59,1776181548000
1776181550.514,50.514,0.58,0.59,0.41,0.42,0.01,0.01,75339.06,1776181549000
1776181550.849,50.849,0.58,0.59,0.41,0.42,0.01,0.01,75339.06,1776181549000
1776181551.196,51.196,0.58,0.6,0.4,0.42,0.02,0.02,75341.08,1776181550000
1776181551.583,51.583,0.59,0.6,0.4,0.41,0.01,0.01,75341.08,1776181550000
1776181552.104,52.104,0.59,0.6,0.4,0.41,0.01,0.01,75341.08,1776181550000
1776181552.542,52.542,0.59,0.6,0.38,0.41,0.01,0.03,75341.9,1776181551000
1776181553.112,53.112,0.59,0.6,0.4,0.41,0.01,0.01,75341.41,1776181552000
1776181553.575,53.575,0.59,0.6,0.4,0.41,0.01,0.01,75341.41,1776181552000
1776181554.067,54.067,0.59,0.6,0.4,0.41,0.01,0.01,75341.41,1776181552000
1776181554.436,54.436,0.59,0.6,0.4,0.41,0.01,0.01,75340.8,1776181553000
1776181554.799,54.799,0.58,0.59,0.41,0.42,0.01,0.01,75340.8,1776181553000
1776181555.174,55.174,0.57,0.58,0.42,0.43,0.01,0.01,75340.8,1776181553000
1776181555.529,55.529,0.57,0.58,0.42,0.43,0.01,0.01,75340.8,1776181553000
1776181555.884,55.884,0.57,0.58,0.42,0.43,0.01,0.01,75337.88,1776181554000
1776181556.296,56.296,0.56,0.58,0.42,0.43,0.02,0.01,75337.88,1776181554000
1776181556.64,56.64,0.55,0.56,0.44,0.45,0.01,0.01,75339.08,1776181555000
1776181556.997,56.997,0.54,0.55,0.45,0.46,0.01,0.01,75339.08,1776181555000
1776181557.371,57.371,0.54,0.55,0.45,0.46,0.01,0.01,75338.73,1776181556000
1776181557.708,57.708,0.54,0.55,0.45,0.46,0.01,0.01,75338.73,1776181556000
1776181558.074,58.074,0.54,0.55,0.45,0.48,0.01,0.03,75338.73,1776181556000
1776181558.416,58.416,0.52,0.53,0.47,0.48,0.01,0.01,75338.73,1776181556000
1776181558.816,58.816,0.52,0.53,0.47,0.49,0.01,0.02,75338.73,1776181556000
1776181559.149,59.149,0.52,0.53,0.47,0.48,0.01,0.01,75333.46,1776181557000
1776181559.528,59.528,0.52,0.53,0.47,0.48,0.01,0.01,75333.46,1776181557000
1776181559.905,59.905,0.5,0.52,0.47,0.49,0.02,0.02,75330.87,1776181558000
1776181560.278,60.278,0.5,0.51,0.49,0.5,0.01,0.01,75330.87,1776181558000
1776181560.616,60.616,0.5,0.51,0.49,0.5,0.01,0.01,75327,1776181559000
1776181560.999,60.999,0.47,0.5,0.49,0.53,0.03,0.04,75327,1776181559000
1776181561.498,61.498,0.46,0.47,0.53,0.54,0.01,0.01,75327,1776181560000
1776181561.892,61.892,0.46,0.47,0.53,0.54,0.01,0.01,75327,1776181560000
1776181562.234,62.234,0.46,0.47,0.53,0.54,0.01,0.01,75327,1776181560000
1776181562.59,62.59,0.5,0.51,0.49,0.53,0.01,0.04,75324.03,1776181561000
1776181562.998,62.998,0.5,0.51,0.49,0.5,0.01,0.01,75324.03,1776181561000
1776181563.332,63.332,0.5,0.51,0.49,0.5,0.01,0.01,75314.82,1776181562000
1776181563.677,63.677,0.5,0.51,0.49,0.5,0.01,0.01,75314.82,1776181562000
1776181564.092,64.092,0.5,0.51,0.49,0.5,0.01,0.01,75314.82,1776181562000
1776181564.5,64.5,0.5,0.51,0.49,0.5,0.01,0.01,75314.82,1776181562000
1776181564.852,64.852,0.52,0.54,0.46,0.48,0.02,0.02,75321.33,1776181563000
1776181565.252,65.252,0.53,0.54,0.46,0.48,0.01,0.02,75324.31,1776181564000
1776181565.654,65.654,0.54,0.55,0.45,0.46,0.01,0.01,75324.31,1776181564000
1776181566.023,66.023,0.54,0.55,0.45,0.46,0.01,0.01,75324.31,1776181564000
1776181566.463,66.463,0.54,0.55,0.45,0.46,0.01,0.01,75324.31,1776181564000
1776181567.164,67.164,0.54,0.55,0.45,0.46,0.01,0.01,75328.75,1776181565000
1776181567.594,67.594,0.51,0.52,0.48,0.49,0.01,0.01,75328.75,1776181566000
1776181567.953,67.953,0.51,0.52,0.48,0.5,0.01,0.02,75328.75,1776181566000
1776181568.449,68.449,0.48,0.5,0.5,0.51,0.02,0.01,75328.75,1776181566000
1776181568.991,68.991,0.48,0.49,0.5,0.52,0.01,0.02,75325.67,1776181567000
1776181569.489,69.489,0.48,0.49,0.51,0.52,0.01,0.01,75320.08,1776181568000
1776181569.84,69.84,0.48,0.49,0.5,0.52,0.01,0.02,75320.08,1776181568000
1776181570.399,70.399,0.48,0.49,0.51,0.52,0.01,0.01,75317.92,1776181569000
1776181570.771,70.771,0.51,0.52,0.49,0.5,0.01,0.01,75317.92,1776181569000
1776181571.107,71.107,0.51,0.53,0.47,0.49,0.02,0.02,75317.92,1776181569000
1776181571.52,71.52,0.53,0.54,0.46,0.47,0.01,0.01,75316.95,1776181570000
1776181572.014,72.014,0.54,0.55,0.45,0.46,0.01,0.01,75316.95,1776181570000
1776181572.422,72.422,0.54,0.55,0.45,0.46,0.01,0.01,75319.72,1776181571000
1776181572.782,72.782,0.54,0.55,0.45,0.46,0.01,0.01,75319.72,1776181571000
1776181573.133,73.133,0.55,0.56,0.45,0.46,0.01,0.01,75319.72,1776181571000
1776181573.542,73.542,0.55,0.56,0.44,0.45,0.01,0.01,75319.72,1776181571000
1776181574.007,74.007,0.56,0.57,0.43,0.44,0.01,0.01,75319.72,1776181571000
1776181574.514,74.514,0.56,0.57,0.43,0.44,0.01,0.01,75333.07,1776181573000
1776181574.863,74.863,0.57,0.58,0.41,0.44,0.01,0.03,75333.07,1776181573000
1776181575.224,75.224,0.58,0.59,0.4,0.42,0.01,0.02,75333.07,1776181573000
1776181575.599,75.599,0.58,0.59,0.41,0.42,0.01,0.01,75333.07,1776181573000
1776181575.967,75.967,0.58,0.59,0.41,0.42,0.01,0.01,75334.86,1776181574000
1776181576.671,76.671,0.58,0.59,0.41,0.42,0.01,0.01,75335.14,1776181575000
1776181577.029,77.029,0.58,0.59,0.41,0.42,0.01,0.01,75335.14,1776181575000
1776181577.364,77.364,0.58,0.59,0.41,0.42,0.01,0.01,75338.46,1776181576000
1776181577.698,77.698,0.56,0.57,0.42,0.44,0.01,0.02,75338.46,1776181576000
1776181578.055,78.055,0.56,0.57,0.43,0.44,0.01,0.01,75340.42,1776181577000
1776181578.464,78.464,0.55,0.57,0.43,0.44,0.02,0.01,75340.42,1776181577000
1776181578.944,78.944,0.56,0.57,0.43,0.44,0.01,0.01,75340.42,1776181577000
1776181579.282,79.282,0.56,0.57,0.43,0.44,0.01,0.01,75332.84,1776181578000
1776181579.736,79.736,0.56,0.57,0.43,0.44,0.01,0.01,75332.84,1776181578000
1776181580.122,80.122,0.56,0.57,0.43,0.44,0.01,0.01,75332.84,1776181578000
1776181580.54,80.54,0.56,0.57,0.43,0.44,0.01,0.01,75332.84,1776181578000
1776181580.873,80.873,0.56,0.57,0.43,0.44,0.01,0.01,75331.97,1776181579000
1776181581.27,81.27,0.56,0.57,0.43,0.44,0.01,0.01,75331.97,1776181579000
1776181581.692,81.692,0.56,0.57,0.43,0.44,0.01,0.01,75332.05,1776181580000
1776181582.216,82.216,0.55,0.57,0.43,0.44,0.02,0.01,75332.05,1776181580000
1776181582.621,82.621,0.54,0.55,0.45,0.46,0.01,0.01,75331.98,1776181581000
1776181583.301,83.301,0.54,0.55,0.45,0.46,0.01,0.01,75331.98,1776181582000
1776181583.807,83.807,0.54,0.55,0.45,0.46,0.01,0.01,75331.98,1776181582000
1776181584.155,84.155,0.54,0.55,0.45,0.46,0.01,0.01,75331.98,1776181582000
1776181584.523,84.523,0.47,0.48,0.52,0.53,0.01,0.01,75328.81,1776181583000
1776181584.883,84.883,0.47,0.48,0.52,0.53,0.01,0.01,75328.81,1776181583000
1776181585.323,85.323,0.46,0.48,0.52,0.54,0.02,0.02,75323.31,1776181584000
1776181585.712,85.712,0.45,0.46,0.54,0.55,0.01,0.01,75323.31,1776181584000
1776181586.093,86.093,0.41,0.42,0.54,0.56,0.01,0.02,75314.39,1776181585000
1776181586.444,86.444,0.41,0.42,0.58,0.6,0.01,0.02,75314.39,1776181585000
1776181586.823,86.823,0.4,0.41,0.59,0.6,0.01,0.01,75314.39,1776181585000
1776181587.158,87.158,0.4,0.41,0.59,0.6,0.01,0.01,75314.39,1776181585000
1776181587.54,87.54,0.4,0.41,0.59,0.6,0.01,0.01,75308.53,1776181586000
1776181587.958,87.958,0.4,0.41,0.59,0.6,0.01,0.01,75308.53,1776181586000
1776181588.423,88.423,0.4,0.41,0.59,0.6,0.01,0.01,75302.27,1776181587000
1776181588.765,88.765,0.4,0.41,0.59,0.6,0.01,0.01,75302.27,1776181587000
1776181589.286,89.286,0.4,0.41,0.59,0.6,0.01,0.01,75302.27,1776181587000
1776181589.66,89.66,0.37,0.39,0.59,0.64,0.02,0.05,75299.26,1776181588000
1776181590.001,90.001,0.36,0.37,0.63,0.64,0.01,0.01,75299.27,1776181589000
1776181590.403,90.403,0.35,0.36,0.64,0.65,0.01,0.01,75299.27,1776181589000
1776181590.786,90.786,0.35,0.36,0.64,0.65,0.01,0.01,75299.27,1776181589000
1776181591.318,91.318,0.35,0.36,0.64,0.65,0.01,0.01,75299.27,1776181589000
1776181591.719,91.719,0.35,0.36,0.64,0.65,0.01,0.01,75299.27,1776181589000
1776181592.142,92.142,0.35,0.36,0.64,0.65,0.01,0.01,75293.45,1776181590000
1776181592.489,92.489,0.35,0.36,0.64,0.65,0.01,0.01,75290.58,1776181591000
1776181592.881,92.881,0.35,0.36,0.64,0.66,0.01,0.02,75290.58,1776181591000
1776181593.412,93.412,0.35,0.36,0.64,0.65,0.01,0.01,75289.41,1776181592000
1776181593.846,93.846,0.39,0.42,0.58,0.61,0.03,0.03,75289.41,1776181592000
1776181594.184,94.184,0.41,0.42,0.58,0.59,0.01,0.01,75290.21,1776181593000
1776181594.567,94.567,0.41,0.42,0.58,0.59,0.01,0.01,75290.21,1776181593000
1776181594.939,94.939,0.41,0.43,0.57,0.59,0.02,0.02,75291.81,1776181594000
1776181595.274,95.274,0.42,0.43,0.57,0.58,0.01,0.01,75291.81,1776181594000
1776181595.784,95.784,0.42,0.43,0.57,0.58,0.01,0.01,75291.81,1776181594000
1776181596.246,96.246,0.41,0.42,0.57,0.59,0.01,0.02,75303.81,1776181595000
1776181596.948,96.948,0.41,0.42,0.58,0.59,0.01,0.01,75303.81,1776181595000
1776181597.461,97.461,0.39,0.42,0.58,0.59,0.03,0.01,75304.51,1776181596000
1776181597.807,97.807,0.39,0.4,0.6,0.61,0.01,0.01,75304.51,1776181596000
1776181598.152,98.152,0.37,0.4,0.6,0.63,0.03,0.03,75304.4,1776181597000
1776181598.881,98.881,0.37,0.38,0.62,0.63,0.01,0.01,75304.4,1776181597000
1776181599.256,99.256,0.37,0.38,0.62,0.63,0.01,0.01,75301.18,1776181598000
1776181599.747,99.747,0.36,0.37,0.63,0.64,0.01,0.01,75301.18,1776181598000
1776181600.438,100.438,0.36,0.37,0.63,0.64,0.01,0.01,75295.87,1776181599000
1776181601.154,101.154,0.36,0.37,0.63,0.64,0.01,0.01,75293.82,1776181600000
1776181601.815,101.815,0.36,0.37,0.63,0.64,0.01,0.01,75293.82,1776181600000
1776181602.254,102.254,0.36,0.37,0.63,0.64,0.01,0.01,75294.84,1776181601000
1776181602.928,102.928,0.36,0.37,0.63,0.64,0.01,0.01,75294.84,1776181601000
1776181603.261,103.261,0.39,0.4,0.6,0.61,0.01,0.01,75294.78,1776181602000
1776181603.719,103.719,0.39,0.4,0.6,0.61,0.01,0.01,75294.78,1776181602000
1776181604.054,104.054,0.39,0.4,0.6,0.61,0.01,0.01,75294.78,1776181602000
1776181604.6,104.6,0.38,0.39,0.6,0.62,0.01,0.02,75293.65,1776181603000
1776181605.036,105.036,0.37,0.38,0.62,0.63,0.01,0.01,75293.65,1776181603000
1776181605.656,105.656,0.37,0.38,0.62,0.63,0.01,0.01,75295.6,1776181604000
1776181606.034,106.034,0.37,0.38,0.62,0.63,0.01,0.01,75295.6,1776181604000
1776181606.417,106.417,0.37,0.38,0.62,0.63,0.01,0.01,75296.46,1776181605000
1776181606.899,106.899,0.37,0.38,0.62,0.64,0.01,0.02,75296.46,1776181605000
1776181607.246,107.246,0.37,0.38,0.62,0.63,0.01,0.01,75296.46,1776181606000
1776181607.711,107.711,0.37,0.38,0.62,0.63,0.01,0.01,75296.46,1776181606000
1776181608.141,108.141,0.37,0.38,0.62,0.63,0.01,0.01,75296.46,1776181607000
1776181608.517,108.517,0.36,0.37,0.63,0.64,0.01,0.01,75296.46,1776181607000
1776181608.91,108.91,0.36,0.37,0.63,0.64,0.01,0.01,75296.46,1776181607000
1776181609.272,109.272,0.35,0.36,0.63,0.65,0.01,0.02,75295.85,1776181608000
1776181610.023,110.023,0.35,0.36,0.64,0.65,0.01,0.01,75295.85,1776181608000
1776181610.363,110.363,0.35,0.36,0.64,0.65,0.01,0.01,75293.78,1776181609000
1776181610.793,110.793,0.35,0.36,0.64,0.65,0.01,0.01,75293.78,1776181609000
1776181611.167,111.167,0.35,0.36,0.64,0.65,0.01,0.01,75293.78,1776181609000
1776181611.554,111.554,0.35,0.37,0.63,0.65,0.02,0.02,75292.18,1776181610000
1776181611.948,111.948,0.36,0.37,0.63,0.65,0.01,0.02,75292.18,1776181610000
1776181612.29,112.29,0.38,0.39,0.61,0.62,0.01,0.01,75290.77,1776181611000
1776181612.631,112.631,0.38,0.39,0.61,0.62,0.01,0.01,75290.77,1776181611000
1776181612.982,112.982,0.32,0.36,0.64,0.68,0.04,0.04,75290.77,1776181611000
1776181613.349,113.349,0.33,0.34,0.64,0.68,0.01,0.04,75290.52,1776181612000
1776181613.714,113.714,0.33,0.34,0.66,0.67,0.01,0.01,75290.52,1776181612000
1776181614.074,114.074,0.33,0.34,0.66,0.67,0.01,0.01,75291.19,1776181613000
1776181614.435,114.435,0.33,0.34,0.66,0.67,0.01,0.01,75291.19,1776181613000
1776181614.805,114.805,0.33,0.34,0.66,0.67,0.01,0.01,75291.19,1776181613000
1776181615.154,115.154,0.33,0.34,0.66,0.67,0.01,0.01,75285.14,1776181614000
1776181615.578,115.578,0.32,0.33,0.67,0.68,0.01,0.01,75285.14,1776181614000
1776181616.06,116.06,0.32,0.33,0.67,0.68,0.01,0.01,75281.97,1776181615000
1776181616.484,116.484,0.32,0.33,0.67,0.68,0.01,0.01,75281.97,1776181615000
1776181616.979,116.979,0.32,0.33,0.67,0.68,0.01,0.01,75281.97,1776181615000
1776181617.348,117.348,0.32,0.33,0.66,0.68,0.01,0.02,75281.86,1776181616000
1776181617.826,117.826,0.32,0.33,0.67,0.68,0.01,0.01,75281.86,1776181616000
1776181618.25,118.25,0.32,0.33,0.67,0.68,0.01,0.01,75282.02,1776181617000
1776181618.646,118.646,0.32,0.33,0.67,0.68,0.01,0.01,75282.02,1776181617000
1776181619.111,119.111,0.32,0.33,0.67,0.68,0.01,0.01,75282.18,1776181618000
1776181619.74,119.74,0.32,0.33,0.67,0.68,0.01,0.01,75282.18,1776181618000
1776181620.186,120.186,0.32,0.33,0.67,0.68,0.01,0.01,75282.19,1776181619000
1776181620.533,120.533,0.31,0.32,0.67,0.69,0.01,0.02,75282.19,1776181619000
1776181620.985,120.985,0.3,0.31,0.69,0.7,0.01,0.01,75282.19,1776181619000
1776181621.332,121.332,0.26,0.29,0.71,0.74,0.03,0.03,75282.35,1776181620000
1776181621.706,121.706,0.23,0.24,0.76,0.79,0.01,0.03,75282.35,1776181620000
1776181622.052,122.052,0.23,0.24,0.76,0.77,0.01,0.01,75282.35,1776181620000
1776181622.452,122.452,0.21,0.23,0.77,0.78,0.02,0.01,75278.2,1776181621000
1776181622.855,122.855,0.21,0.22,0.78,0.8,0.01,0.02,75278.2,1776181621000
1776181623.198,123.198,0.19,0.2,0.78,0.79,0.01,0.01,75273.35,1776181622000
1776181623.548,123.548,0.19,0.2,0.8,0.81,0.01,0.01,75273.35,1776181622000
1776181623.908,123.908,0.19,0.2,0.8,0.81,0.01,0.01,75273.35,1776181622000
1776181624.294,124.294,0.21,0.22,0.78,0.79,0.01,0.01,75257.66,1776181623000
1776181624.652,124.652,0.21,0.22,0.77,0.79,0.01,0.02,75257.66,1776181623000
1776181625.004,125.004,0.21,0.22,0.78,0.79,0.01,0.01,75257.66,1776181623000
1776181625.4,125.4,0.21,0.22,0.78,0.79,0.01,0.01,75246.82,1776181624000
1776181625.768,125.768,0.21,0.22,0.78,0.79,0.01,0.01,75246.82,1776181624000
1776181626.161,126.161,0.2,0.22,0.78,0.79,0.02,0.01,75246.82,1776181624000
1776181626.507,126.507,0.2,0.21,0.79,0.8,0.01,0.01,75251.91,1776181625000
1776181626.86,126.86,0.15,0.16,0.84,0.85,0.01,0.01,75251.91,1776181625000
1776181627.28,127.28,0.15,0.16,0.84,0.85,0.01,0.01,75251.91,1776181625000
1776181627.613,127.613,0.14,0.15,0.85,0.87,0.01,0.02,75249.48,1776181626000
1776181628.042,128.042,0.14,0.15,0.85,0.86,0.01,0.01,75242.19,1776181627000
1776181628.392,128.392,0.1,0.14,0.86,0.9,0.04,0.04,75242.19,1776181627000
1776181628.822,128.822,0.1,0.11,0.89,0.9,0.01,0.01,75242.19,1776181627000
1776181629.182,129.182,0.1,0.11,0.89,0.9,0.01,0.01,75227.58,1776181628000
1776181629.519,129.519,0.1,0.11,0.89,0.9,0.01,0.01,75227.58,1776181628000
1776181629.861,129.861,0.1,0.11,0.89,0.9,0.01,0.01,75227.58,1776181628000
1776181630.236,130.236,0.09,0.1,0.9,0.91,0.01,0.01,75216.42,1776181629000
1776181630.583,130.583,0.09,0.1,0.9,0.91,0.01,0.01,75216.42,1776181629000
1776181630.926,130.926,0.09,0.1,0.9,0.91,0.01,0.01,75216.42,1776181629000
1776181631.324,131.324,0.09,0.1,0.9,0.91,0.01,0.01,75216.42,1776181629000
1776181631.686,131.686,0.08,0.09,0.9,0.92,0.01,0.02,75207.29,1776181630000
1776181632.02,132.02,0.09,0.1,0.9,0.91,0.01,0.01,75207.29,1776181630000
1776181632.43,132.43,0.09,0.1,0.9,0.91,0.01,0.01,75207.29,1776181630000
1776181632.844,132.844,0.09,0.11,0.9,0.91,0.02,0.01,75200.96,1776181631000
1776181633.187,133.187,0.1,0.11,0.89,0.9,0.01,0.01,75200.9,1776181632000
1776181633.581,133.581,0.12,0.13,0.87,0.88,0.01,0.01,75200.9,1776181632000
1776181633.955,133.955,0.12,0.13,0.87,0.88,0.01,0.01,75200.9,1776181632000
1776181634.289,134.289,0.12,0.13,0.87,0.88,0.01,0.01,75200.9,1776181632000
1776181634.66,134.66,0.12,0.13,0.87,0.88,0.01,0.01,75200.9,1776181632000
1776181635.214,135.214,0.12,0.13,0.87,0.88,0.01,0.01,75205.94,1776181633000
1776181635.621,135.621,0.12,0.13,0.87,0.88,0.01,0.01,75217.25,1776181634000
1776181635.995,135.995,0.13,0.14,0.86,0.87,0.01,0.01,75217.25,1776181634000
1776181636.354,136.354,0.13,0.14,0.86,0.87,0.01,0.01,75218.74,1776181635000
1776181636.756,136.756,0.12,0.13,0.86,0.88,0.01,0.02,75218.74,1776181635000
1776181637.196,137.196,0.12,0.13,0.87,0.88,0.01,0.01,75218.74,1776181635000
1776181637.656,137.656,0.12,0.13,0.87,0.88,0.01,0.01,75222.16,1776181636000
1776181638.29,138.29,0.12,0.13,0.87,0.88,0.01,0.01,75222.16,1776181636000
1776181638.641,138.641,0.15,0.16,0.84,0.85,0.01,0.01,75222.05,1776181637000
1776181639.143,139.143,0.15,0.16,0.84,0.85,0.01,0.01,75222.7,1776181638000
1776181639.636,139.636,0.15,0.16,0.84,0.85,0.01,0.01,75222.7,1776181638000
1776181639.981,139.981,0.15,0.16,0.84,0.85,0.01,0.01,75222.7,1776181638000
1776181640.327,140.327,0.15,0.16,0.84,0.85,0.01,0.01,75222.7,1776181638000
1776181640.666,140.666,0.15,0.16,0.84,0.85,0.01,0.01,75235.38,1776181639000
1776181641.129,141.129,0.14,0.16,0.84,0.86,0.02,0.02,75236.69,1776181640000
1776181641.677,141.677,0.13,0.14,0.85,0.87,0.01,0.02,75236.69,1776181640000
1776181642.022,142.022,0.13,0.14,0.86,0.87,0.01,0.01,75236.69,1776181640000
1776181642.477,142.477,0.12,0.14,0.86,0.88,0.02,0.02,75231.38,1776181641000
1776181642.857,142.857,0.12,0.14,0.86,0.88,0.02,0.02,75231.38,1776181641000
1776181643.247,143.247,0.11,0.13,0.87,0.88,0.02,0.01,75224.04,1776181642000
1776181643.707,143.707,0.11,0.12,0.88,0.89,0.01,0.01,75224.04,1776181642000
1776181644.192,144.192,0.11,0.12,0.88,0.89,0.01,0.01,75224.04,1776181642000
1776181644.535,144.535,0.11,0.12,0.88,0.89,0.01,0.01,75224.04,1776181642000
1776181644.889,144.889,0.1,0.11,0.89,0.9,0.01,0.01,75225.7,1776181643000
1776181645.251,145.251,0.1,0.11,0.89,0.9,0.01,0.01,75225.7,1776181643000
1776181645.818,145.818,0.1,0.11,0.89,0.9,0.01,0.01,75218.25,1776181644000
1776181646.186,146.186,0.1,0.11,0.89,0.9,0.01,0.01,75218.25,1776181644000
1776181646.551,146.551,0.1,0.11,0.89,0.9,0.01,0.01,75210.02,1776181645000
1776181646.978,146.978,0.1,0.11,0.89,0.9,0.01,0.01,75210.02,1776181645000
1776181647.313,147.313,0.1,0.11,0.89,0.9,0.01,0.01,75210.02,1776181645000
1776181647.654,147.654,0.1,0.11,0.89,0.9,0.01,0.01,75210.02,1776181645000
1776181647.992,147.992,0.1,0.11,0.89,0.9,0.01,0.01,75209.1,1776181646000
1776181648.374,148.374,0.1,0.11,0.89,0.9,0.01,0.01,75209.1,1776181646000
1776181648.716,148.716,0.1,0.11,0.89,0.9,0.01,0.01,75211.71,1776181647000
1776181649.07,149.07,0.1,0.11,0.89,0.9,0.01,0.01,75211.71,1776181647000
1776181649.423,149.423,0.1,0.11,0.89,0.9,0.01,0.01,75213.67,1776181648000
1776181649.759,149.759,0.1,0.11,0.89,0.9,0.01,0.01,75213.67,1776181648000
1776181650.156,150.156,0.12,0.13,0.87,0.88,0.01,0.01,75213.67,1776181648000
1776181650.567,150.567,0.11,0.13,0.87,0.88,0.02,0.01,75213.67,1776181648000
1776181651.005,151.005,0.11,0.12,0.87,0.89,0.01,0.02,75213.67,1776181648000
1776181651.346,151.346,0.11,0.12,0.88,0.89,0.01,0.01,75217.18,1776181650000
1776181651.692,151.692,0.12,0.14,0.86,0.88,0.02,0.02,75217.18,1776181650000
1776181652.059,152.059,0.12,0.13,0.87,0.88,0.01,0.01,75217.18,1776181650000
1776181652.429,152.429,0.12,0.13,0.87,0.88,0.01,0.01,75217.18,1776181650000
1776181653.01,153.01,0.12,0.13,0.87,0.88,0.01,0.01,75218.57,1776181651000
1776181653.452,153.452,0.13,0.14,0.85,0.87,0.01,0.02,75219.31,1776181652000
1776181653.852,153.852,0.13,0.14,0.86,0.87,0.01,0.01,75219.31,1776181652000
1776181654.286,154.286,0.13,0.14,0.86,0.87,0.01,0.01,75219.31,1776181652000
1776181654.67,154.67,0.13,0.14,0.86,0.87,0.01,0.01,75223.57,1776181653000
1776181655.038,155.038,0.13,0.14,0.86,0.87,0.01,0.01,75223.57,1776181653000
1776181655.413,155.413,0.13,0.14,0.86,0.87,0.01,0.01,75223.57,1776181653000
1776181655.885,155.885,0.13,0.14,0.86,0.87,0.01,0.01,75232.72,1776181654000
1776181656.556,156.556,0.13,0.14,0.86,0.87,0.01,0.01,75230.87,1776181655000
1776181656.995,156.995,0.13,0.14,0.86,0.87,0.01,0.01,75233.22,1776181656000
1776181657.328,157.328,0.13,0.14,0.86,0.87,0.01,0.01,75233.22,1776181656000
1776181657.744,157.744,0.13,0.14,0.86,0.87,0.01,0.01,75233.22,1776181656000
1776181658.152,158.152,0.13,0.14,0.86,0.87,0.01,0.01,75233.29,1776181657000
1776181658.553,158.553,0.13,0.14,0.86,0.87,0.01,0.01,75233.29,1776181657000
1776181659.145,159.145,0.13,0.14,0.86,0.87,0.01,0.01,75233.29,1776181657000
1776181659.61,159.61,0.13,0.14,0.86,0.87,0.01,0.01,75233.27,1776181658000
1776181660.37,160.37,0.13,0.14,0.86,0.87,0.01,0.01,75233.95,1776181659000
1776181661.047,161.047,0.11,0.13,0.87,0.88,0.02,0.01,75233.95,1776181659000
1776181661.504,161.504,0.11,0.12,0.88,0.89,0.01,0.01,75233.67,1776181660000
1776181661.862,161.862,0.11,0.12,0.88,0.89,0.01,0.01,75233.67,1776181660000
1776181662.334,162.334,0.1,0.12,0.88,0.9,0.02,0.02,75230.17,1776181661000
1776181662.808,162.808,0.1,0.11,0.89,0.9,0.01,0.01,75230.17,1776181661000
1776181663.368,163.368,0.1,0.11,0.89,0.9,0.01,0.01,75228.65,1776181662000
1776181664.089,164.089,0.1,0.11,0.89,0.9,0.01,0.01,75228.61,1776181663000
1776181664.547,164.547,0.1,0.11,0.89,0.9,0.01,0.01,75228.61,1776181663000
1776181665.047,165.047,0.1,0.11,0.89,0.9,0.01,0.01,75228.61,1776181663000
1776181665.579,165.579,0.1,0.11,0.89,0.9,0.01,0.01,75228.54,1776181664000
1776181666.027,166.027,0.1,0.11,0.89,0.9,0.01,0.01,75228.54,1776181664000
1776181666.729,166.729,0.1,0.11,0.89,0.9,0.01,0.01,75227.34,1776181665000
1776181667.22,167.22,0.1,0.11,0.89,0.9,0.01,0.01,75227.34,1776181665000
1776181667.759,167.759,0.1,0.11,0.89,0.9,0.01,0.01,75226.54,1776181666000
1776181668.371,168.371,0.1,0.11,0.89,0.9,0.01,0.01,75226.33,1776181667000
1776181669.038,169.038,0.1,0.11,0.89,0.9,0.01,0.01,75224.78,1776181668000
1776181669.386,169.386,0.1,0.11,0.89,0.9,0.01,0.01,75224.78,1776181668000
1776181669.843,169.843,0.1,0.11,0.89,0.9,0.01,0.01,75224.78,1776181668000
1776181670.485,170.485,0.1,0.11,0.89,0.9,0.01,0.01,75221.36,1776181669000
1776181670.829,170.829,0.1,0.11,0.89,0.9,0.01,0.01,75221.36,1776181669000
1776181671.193,171.193,0.1,0.11,0.89,0.9,0.01,0.01,75217.65,1776181670000
1776181671.578,171.578,0.1,0.11,0.89,0.9,0.01,0.01,75217.65,1776181670000
1776181672.038,172.038,0.1,0.11,0.89,0.9,0.01,0.01,75218.68,1776181671000
1776181673.092,173.092,0.1,0.11,0.89,0.9,0.01,0.01,75218.06,1776181672000
1776181673.465,173.465,0.1,0.11,0.89,0.9,0.01,0.01,75218.06,1776181672000
1776181673.994,173.994,0.1,0.11,0.89,0.9,0.01,0.01,75218.06,1776181672000
1776181674.644,174.644,0.1,0.11,0.89,0.9,0.01,0.01,75220.75,1776181673000
1776181674.985,174.985,0.1,0.11,0.89,0.9,0.01,0.01,75220.75,1776181673000
1776181675.384,175.384,0.1,0.11,0.89,0.9,0.01,0.01,75220.36,1776181674000
1776181675.836,175.836,0.1,0.11,0.89,0.9,0.01,0.01,75220.36,1776181674000
1776181676.192,176.192,0.1,0.11,0.89,0.9,0.01,0.01,75220.36,1776181674000
1776181676.527,176.527,0.1,0.11,0.89,0.9,0.01,0.01,75221.91,1776181675000
1776181677.14,177.14,0.1,0.11,0.89,0.9,0.01,0.01,75223.36,1776181676000
1776181678.242,178.242,0.1,0.11,0.89,0.9,0.01,0.01,75225.02,1776181677000
1776181678.68,178.68,0.1,0.11,0.89,0.9,0.01,0.01,75225.02,1776181677000
1776181679.33,179.33,0.1,0.11,0.89,0.9,0.01,0.01,75225.89,1776181678000
1776181679.669,179.669,0.1,0.11,0.89,0.9,0.01,0.01,75225.89,1776181678000
1776181680.09,180.09,0.09,0.11,0.89,0.91,0.02,0.02,75225.89,1776181678000
1776181680.454,180.454,0.09,0.11,0.89,0.91,0.02,0.02,75225.94,1776181679000
1776181680.829,180.829,0.09,0.1,0.89,0.91,0.01,0.02,75225.94,1776181679000
1776181681.197,181.197,0.08,0.09,0.91,0.92,0.01,0.01,75225.94,1776181679000
1776181681.696,181.696,0.08,0.09,0.91,0.92,0.01,0.01,75225.47,1776181680000
1776181682.083,182.083,0.08,0.09,0.91,0.92,0.01,0.01,75225.47,1776181680000
1776181682.504,182.504,0.08,0.09,0.91,0.92,0.01,0.01,75224.8,1776181681000
1776181682.852,182.852,0.08,0.09,0.91,0.92,0.01,0.01,75224.8,1776181681000
1776181683.298,183.298,0.08,0.09,0.91,0.92,0.01,0.01,75222.16,1776181682000
1776181683.655,183.655,0.08,0.09,0.91,0.92,0.01,0.01,75222.16,1776181682000
1776181684.091,184.091,0.08,0.09,0.91,0.92,0.01,0.01,75222.16,1776181682000
1776181684.702,184.702,0.08,0.09,0.91,0.92,0.01,0.01,75223.16,1776181683000
1776181685.138,185.138,0.07,0.09,0.91,0.93,0.02,0.02,75223.16,1776181683000
1776181685.486,185.486,0.07,0.09,0.91,0.93,0.02,0.02,75223.39,1776181684000
1776181685.865,185.865,0.07,0.08,0.91,0.93,0.01,0.02,75223.39,1776181684000
1776181686.214,186.214,0.07,0.08,0.92,0.93,0.01,0.01,75223.02,1776181685000
1776181686.622,186.622,0.07,0.08,0.92,0.93,0.01,0.01,75223.02,1776181685000
1776181687.333,187.333,0.07,0.08,0.92,0.93,0.01,0.01,75223.02,1776181685000
1776181687.958,187.958,0.07,0.08,0.92,0.93,0.01,0.01,75222.47,1776181686000
1776181688.451,188.451,0.07,0.08,0.92,0.93,0.01,0.01,75222.29,1776181687000
1776181688.822,188.822,0.07,0.08,0.92,0.93,0.01,0.01,75222.29,1776181687000
1776181689.256,189.256,0.07,0.08,0.92,0.93,0.01,0.01,75222.29,1776181687000
1776181689.771,189.771,0.07,0.08,0.92,0.93,0.01,0.01,75219.6,1776181688000
1776181690.108,190.108,0.07,0.08,0.92,0.93,0.01,0.01,75219.6,1776181688000
1776181690.5,190.5,0.07,0.08,0.92,0.93,0.01,0.01,75222.12,1776181689000
1776181690.835,190.835,0.07,0.08,0.92,0.93,0.01,0.01,75222.12,1776181689000
1776181691.179,191.179,0.07,0.08,0.92,0.93,0.01,0.01,75222.12,1776181689000
1776181692.031,192.031,0.07,0.08,0.92,0.93,0.01,0.01,75219.57,1776181691000
1776181693.143,193.143,0.07,0.08,0.92,0.93,0.01,0.01,75221.46,1776181692000
1776181694.07,194.07,0.07,0.08,0.92,0.93,0.01,0.01,75221.46,1776181692000
1776181694.496,194.496,0.07,0.08,0.92,0.93,0.01,0.01,75229.84,1776181693000
1776181694.83,194.83,0.07,0.09,0.91,0.93,0.02,0.02,75229.84,1776181693000
1776181695.194,195.194,0.08,0.09,0.9,0.92,0.01,0.02,75235.5,1776181694000
1776181695.757,195.757,0.09,0.1,0.9,0.91,0.01,0.01,75235.5,1776181694000
1776181696.122,196.122,0.08,0.09,0.91,0.92,0.01,0.01,75235.5,1776181694000
1776181696.479,196.479,0.08,0.09,0.91,0.92,0.01,0.01,75235.5,1776181694000
1776181696.845,196.845,0.08,0.09,0.91,0.92,0.01,0.01,75235.5,1776181694000
1776181697.214,197.214,0.08,0.09,0.91,0.92,0.01,0.01,75231.1,1776181695000
1776181697.552,197.552,0.08,0.09,0.91,0.92,0.01,0.01,75227.99,1776181696000
1776181697.958,197.958,0.08,0.09,0.91,0.92,0.01,0.01,75227.99,1776181697000
1776181698.377,198.377,0.08,0.09,0.91,0.92,0.01,0.01,75227.99,1776181697000
1776181698.773,198.773,0.08,0.09,0.91,0.92,0.01,0.01,75227.99,1776181697000
1776181699.181,199.181,0.08,0.09,0.91,0.92,0.01,0.01,75227.96,1776181698000
1776181699.958,199.958,0.08,0.09,0.91,0.92,0.01,0.01,75227.96,1776181698000
1776181700.422,200.422,0.07,0.08,0.92,0.93,0.01,0.01,75228.21,1776181699000
1776181700.891,200.891,0.07,0.08,0.92,0.93,0.01,0.01,75228.21,1776181699000
1776181701.25,201.25,0.07,0.08,0.92,0.93,0.01,0.01,75227.75,1776181700000
1776181701.591,201.591,0.06,0.07,0.93,0.94,0.01,0.01,75227.75,1776181700000
1776181701.954,201.954,0.06,0.07,0.93,0.94,0.01,0.01,75227.67,1776181701000
1776181702.414,202.414,0.06,0.07,0.93,0.94,0.01,0.01,75227.67,1776181701000
1776181702.898,202.898,0.06,0.07,0.93,0.94,0.01,0.01,75227.67,1776181701000
1776181703.454,203.454,0.06,0.07,0.93,0.94,0.01,0.01,75226.55,1776181702000
1776181703.96,203.96,0.06,0.07,0.93,0.94,0.01,0.01,75226.54,1776181703000
1776181704.339,204.339,0.06,0.07,0.93,0.94,0.01,0.01,75226.54,1776181703000
1776181704.704,204.704,0.06,0.07,0.93,0.94,0.01,0.01,75226.54,1776181703000
1776181705.164,205.164,0.06,0.07,0.93,0.94,0.01,0.01,75226.64,1776181704000
1776181705.665,205.665,0.06,0.07,0.93,0.94,0.01,0.01,75226.64,1776181704000
1776181706.005,206.005,0.06,0.07,0.93,0.94,0.01,0.01,75226.75,1776181705000
1776181706.357,206.357,0.06,0.07,0.93,0.94,0.01,0.01,75226.75,1776181705000
1776181706.991,206.991,0.06,0.07,0.93,0.94,0.01,0.01,75226.75,1776181705000
1776181707.455,207.455,0.06,0.07,0.93,0.94,0.01,0.01,75226.63,1776181706000
1776181707.857,207.857,0.06,0.07,0.93,0.94,0.01,0.01,75226.63,1776181706000
1776181708.371,208.371,0.06,0.07,0.93,0.94,0.01,0.01,75226.96,1776181707000
1776181709.024,209.024,0.05,0.06,0.93,0.94,0.01,0.01,75226.96,1776181707000
1776181709.386,209.386,0.05,0.06,0.94,0.95,0.01,0.01,75226.89,1776181708000
1776181709.894,209.894,0.05,0.06,0.94,0.95,0.01,0.01,75226.89,1776181708000
1776181710.386,210.386,0.05,0.06,0.94,0.95,0.01,0.01,75226.1,1776181709000
1776181710.747,210.747,0.05,0.06,0.94,0.95,0.01,0.01,75226.1,1776181709000
1776181711.227,211.227,0.04,0.05,0.94,0.96,0.01,0.02,75225.93,1776181710000
1776181711.646,211.646,0.03,0.04,0.96,0.97,0.01,0.01,75225.93,1776181710000
1776181711.997,211.997,0.03,0.04,0.96,0.97,0.01,0.01,75223.67,1776181711000
1776181712.348,212.348,0.03,0.04,0.96,0.97,0.01,0.01,75223.67,1776181711000
1776181712.704,212.704,0.03,0.04,0.96,0.97,0.01,0.01,75223.67,1776181711000
1776181713.056,213.056,0.03,0.04,0.96,0.97,0.01,0.01,75216.21,1776181712000
1776181713.39,213.39,0.03,0.04,0.96,0.97,0.01,0.01,75216.21,1776181712000
1776181713.743,213.743,0.03,0.04,0.96,0.97,0.01,0.01,75216.21,1776181712000
1776181714.086,214.086,0.02,0.03,0.97,0.98,0.01,0.01,75216.21,1776181712000
1776181714.464,214.464,0.02,0.03,0.97,0.98,0.01,0.01,75213.92,1776181713000
1776181714.824,214.824,0.02,0.03,0.97,0.98,0.01,0.01,75213.92,1776181713000
1776181715.186,215.186,0.02,0.03,0.97,0.98,0.01,0.01,75213.92,1776181713000
1776181715.547,215.547,0.03,0.04,0.96,0.97,0.01,0.01,75209.96,1776181714000
1776181715.975,215.975,0.03,0.04,0.96,0.97,0.01,0.01,75209.96,1776181714000
1776181716.361,216.361,0.03,0.04,0.96,0.97,0.01,0.01,75209.54,1776181715000
1776181716.734,216.734,0.03,0.04,0.96,0.97,0.01,0.01,75209.54,1776181715000
1776181717.119,217.119,0.03,0.04,0.96,0.97,0.01,0.01,75211.03,1776181716000
1776181717.488,217.488,0.03,0.04,0.96,0.97,0.01,0.01,75211.03,1776181716000
1776181717.873,217.873,0.03,0.04,0.96,0.97,0.01,0.01,75211.03,1776181716000
1776181718.271,218.271,0.03,0.04,0.96,0.97,0.01,0.01,75216.79,1776181717000
1776181718.829,218.829,0.02,0.04,0.96,0.97,0.02,0.01,75216.79,1776181717000
1776181719.165,219.165,0.02,0.03,0.97,0.98,0.01,0.01,75216.94,1776181718000
1776181719.5,219.5,0.02,0.04,0.96,0.97,0.02,0.01,75216.94,1776181718000
1776181720.004,220.004,0.02,0.03,0.97,0.98,0.01,0.01,75216.77,1776181719000
1776181720.389,220.389,0.03,0.04,0.96,0.97,0.01,0.01,75216.77,1776181719000
1776181720.796,220.796,0.03,0.09,0.96,0.97,0.06,0.01,75216.77,1776181719000
1776181721.131,221.131,0.03,0.04,0.96,0.97,0.01,0.01,75217.98,1776181720000
1776181721.703,221.703,0.02,0.03,0.96,0.98,0.01,0.02,75217.98,1776181720000
1776181722.138,222.138,0.02,0.03,0.97,0.98,0.01,0.01,75217.98,1776181720000
1776181722.52,222.52,0.02,0.03,0.97,0.98,0.01,0.01,75217.98,1776181720000
1776181722.938,222.938,0.02,0.03,0.97,0.98,0.01,0.01,75217.96,1776181721000
1776181723.343,223.343,0.02,0.03,0.97,0.98,0.01,0.01,75217.96,1776181722000
1776181723.723,223.723,0.02,0.03,0.97,0.98,0.01,0.01,75217.96,1776181722000
1776181724.058,224.058,0.02,0.03,0.97,0.98,0.01,0.01,75217.96,1776181722000
1776181724.451,224.451,0.03,0.04,0.96,0.98,0.01,0.02,75217.93,1776181723000
1776181724.8,224.8,0.04,0.05,0.95,0.96,0.01,0.01,75217.93,1776181723000
1776181725.263,225.263,0.05,0.06,0.94,0.95,0.01,0.01,75217.94,1776181724000
1776181725.682,225.682,0.05,0.06,0.94,0.95,0.01,0.01,75217.94,1776181724000
1776181726.127,226.127,0.05,0.06,0.94,0.95,0.01,0.01,75218.11,1776181725000
1776181726.694,226.694,0.05,0.06,0.94,0.95,0.01,0.01,75218.11,1776181725000
1776181727.116,227.116,0.05,0.06,0.94,0.95,0.01,0.01,75224.57,1776181726000
1776181727.477,227.477,0.05,0.06,0.94,0.95,0.01,0.01,75224.57,1776181726000
1776181727.976,227.976,0.05,0.06,0.94,0.95,0.01,0.01,75224.57,1776181726000
1776181728.326,228.326,0.05,0.06,0.94,0.95,0.01,0.01,75226.51,1776181727000
1776181728.774,228.774,0.05,0.06,0.94,0.95,0.01,0.01,75226.51,1776181727000
1776181729.126,229.126,0.05,0.06,0.94,0.95,0.01,0.01,75226.51,1776181727000
1776181729.49,229.49,0.04,0.05,0.94,0.95,0.01,0.01,75227.17,1776181728000
1776181729.827,229.827,0.04,0.05,0.95,0.96,0.01,0.01,75227.17,1776181728000
1776181730.295,230.295,0.04,0.05,0.95,0.96,0.01,0.01,75227.17,1776181728000
1776181730.975,230.975,0.04,0.05,0.95,0.96,0.01,0.01,75225.96,1776181730000
1776181731.467,231.467,0.04,0.05,0.95,0.96,0.01,0.01,75225.96,1776181730000
1776181731.914,231.914,0.04,0.05,0.95,0.96,0.01,0.01,75225.96,1776181730000
1776181732.303,232.303,0.04,0.05,0.95,0.96,0.01,0.01,75225.0,1776181731000
1776181732.649,232.649,0.04,0.05,0.95,0.96,0.01,0.01,75225.0,1776181731000
1776181733.104,233.104,0.04,0.05,0.95,0.96,0.01,0.01,75226.0,1776181732000
1776181733.448,233.448,0.04,0.05,0.95,0.96,0.01,0.01,75226.0,1776181732000
1776181734.078,234.078,0.04,0.05,0.95,0.96,0.01,0.01,75226.0,1776181732000
1776181734.427,234.427,0.04,0.05,0.95,0.96,0.01,0.01,75226.02,1776181733000
1776181734.836,234.836,0.04,0.05,0.95,0.96,0.01,0.01,75225.99,1776181734000
1776181735.208,235.208,0.04,0.05,0.95,0.96,0.01,0.01,75225.99,1776181734000
1776181735.836,235.836,0.04,0.05,0.95,0.96,0.01,0.01,75225.99,1776181734000
1776181736.17,236.17,0.04,0.05,0.95,0.96,0.01,0.01,75226.02,1776181735000
1776181736.551,236.551,0.04,0.05,0.95,0.96,0.01,0.01,75226.02,1776181735000
1776181737.155,237.155,0.04,0.05,0.95,0.96,0.01,0.01,75226.02,1776181735000
1776181737.748,237.748,0.03,0.04,0.95,0.96,0.01,0.01,75227.63,1776181736000
1776181738.276,238.276,0.03,0.05,0.95,0.96,0.02,0.01,75228.41,1776181737000
1776181738.629,238.629,0.03,0.05,0.95,0.97,0.02,0.02,75228.41,1776181737000
1776181739.313,239.313,0.04,0.05,0.95,0.96,0.01,0.01,75229.78,1776181738000
1776181739.688,239.688,0.04,0.05,0.95,0.96,0.01,0.01,75229.78,1776181738000
1776181740.494,240.494,0.04,0.05,0.95,0.96,0.01,0.01,75228.15,1776181739000
1776181740.829,240.829,0.05,0.06,0.94,0.95,0.01,0.01,75228.15,1776181739000
1776181741.18,241.18,0.05,0.06,0.94,0.95,0.01,0.01,75229.8,1776181740000
1776181741.522,241.522,0.05,0.06,0.94,0.95,0.01,0.01,75229.8,1776181740000
1776181741.861,241.861,0.07,0.09,0.91,0.93,0.02,0.02,75229.8,1776181740000
1776181742.219,242.219,0.09,0.1,0.9,0.91,0.01,0.01,75236.52,1776181741000
1776181742.628,242.628,0.1,0.11,0.89,0.9,0.01,0.01,75236.52,1776181741000
1776181743.026,243.026,0.1,0.11,0.89,0.9,0.01,0.01,75236.52,1776181741000
1776181743.365,243.365,0.1,0.11,0.89,0.9,0.01,0.01,75245.69,1776181742000
1776181743.787,243.787,0.1,0.11,0.89,0.9,0.01,0.01,75245.69,1776181742000
1776181744.202,244.202,0.1,0.11,0.89,0.9,0.01,0.01,75245.69,1776181742000
1776181744.579,244.579,0.11,0.12,0.88,0.89,0.01,0.01,75260.18,1776181743000
1776181745.075,245.075,0.11,0.12,0.88,0.89,0.01,0.01,75260.18,1776181743000
1776181745.549,245.549,0.12,0.14,0.87,0.88,0.02,0.01,75261.57,1776181744000
1776181745.908,245.908,0.13,0.14,0.86,0.87,0.01,0.01,75261.57,1776181744000
1776181746.244,246.244,0.14,0.15,0.85,0.86,0.01,0.01,75261.57,1776181744000
1776181746.599,246.599,0.14,0.15,0.85,0.86,0.01,0.01,75265.72,1776181745000
1776181746.945,246.945,0.13,0.14,0.86,0.87,0.01,0.01,75265.72,1776181745000
1776181747.306,247.306,0.14,0.15,0.85,0.86,0.01,0.01,75265.72,1776181745000
1776181747.648,247.648,0.11,0.13,0.85,0.88,0.02,0.03,75270.49,1776181746000
1776181747.981,247.981,0.1,0.11,0.88,0.89,0.01,0.01,75270.49,1776181746000
1776181748.378,248.378,0.1,0.11,0.89,0.9,0.01,0.01,75270.49,1776181746000
1776181748.766,248.766,0.09,0.1,0.9,0.91,0.01,0.01,75273.39,1776181747000
1776181749.113,249.113,0.1,0.11,0.89,0.91,0.01,0.02,75273.39,1776181747000
1776181749.502,249.502,0.11,0.12,0.88,0.89,0.01,0.01,75273.28,1776181748000
1776181749.929,249.929,0.11,0.12,0.88,0.89,0.01,0.01,75273.28,1776181748000
1776181750.291,250.291,0.12,0.13,0.87,0.89,0.01,0.02,75273.28,1776181748000
1776181750.641,250.641,0.13,0.14,0.86,0.87,0.01,0.01,75270.86,1776181749000
1776181751.052,251.052,0.13,0.14,0.86,0.87,0.01,0.01,75270.86,1776181749000
1776181751.394,251.394,0.12,0.13,0.87,0.88,0.01,0.01,75270.86,1776181750000
1776181751.768,251.768,0.12,0.13,0.87,0.88,0.01,0.01,75270.86,1776181750000
1776181752.113,252.113,0.12,0.13,0.87,0.88,0.01,0.01,75272.18,1776181751000
1776181752.472,252.472,0.12,0.13,0.87,0.88,0.01,0.01,75272.18,1776181751000
1776181752.917,252.917,0.12,0.13,0.87,0.88,0.01,0.01,75272.18,1776181751000
1776181753.496,253.496,0.09,0.11,0.87,0.89,0.02,0.02,75273.87,1776181752000
1776181753.867,253.867,0.08,0.09,0.9,0.92,0.01,0.02,75273.87,1776181752000
1776181754.24,254.24,0.08,0.09,0.91,0.92,0.01,0.01,75273.71,1776181753000
1776181754.999,254.999,0.08,0.09,0.91,0.92,0.01,0.01,75271.75,1776181754000
1776181755.437,255.437,0.08,0.09,0.91,0.92,0.01,0.01,75271.75,1776181754000
1776181755.916,255.916,0.07,0.08,0.91,0.93,0.01,0.02,75271.75,1776181754000
1776181756.305,256.305,0.07,0.08,0.92,0.93,0.01,0.01,75271.45,1776181755000
1776181756.8,256.8,0.07,0.08,0.92,0.93,0.01,0.01,75271.45,1776181755000
1776181757.176,257.176,0.07,0.08,0.92,0.93,0.01,0.01,75271.35,1776181756000
1776181757.852,257.852,0.07,0.08,0.92,0.93,0.01,0.01,75271.35,1776181756000
1776181758.416,258.416,0.07,0.08,0.92,0.93,0.01,0.01,75269.14,1776181757000
1776181758.859,258.859,0.06,0.08,0.92,0.93,0.02,0.01,75269.14,1776181757000
1776181759.307,259.307,0.06,0.07,0.93,0.94,0.01,0.01,75268.71,1776181758000
1776181759.795,259.795,0.06,0.07,0.93,0.94,0.01,0.01,75268.71,1776181758000
1776181760.173,260.173,0.06,0.07,0.93,0.94,0.01,0.01,75268.4,1776181759000
1776181760.573,260.573,0.06,0.07,0.93,0.94,0.01,0.01,75268.4,1776181759000
1776181760.998,260.998,0.05,0.051,0.94,0.95,0.001,0.01,75268.4,1776181759000
1776181761.338,261.338,0.046,0.052,0.948,0.95,0.006,0.002,75268.23,1776181760000
1776181761.727,261.727,0.05,0.052,0.94,0.95,0.002,0.01,75268.23,1776181760000
1776181762.084,262.084,0.05,0.052,0.948,0.95,0.002,0.002,75268.23,1776181761000
1776181762.487,262.487,0.04,0.05,0.948,0.95,0.01,0.002,75268.23,1776181761000
1776181762.846,262.846,0.04,0.05,0.95,0.96,0.01,0.01,75268.23,1776181761000
1776181763.258,263.258,0.04,0.05,0.95,0.96,0.01,0.01,75268.23,1776181761000
1776181763.633,263.633,0.04,0.049,0.94,0.96,0.009,0.02,75268.11,1776181762000
1776181763.991,263.991,0.04,0.049,0.951,0.96,0.009,0.009,75268.11,1776181762000
1776181764.33,264.33,0.04,0.049,0.951,0.96,0.009,0.009,75268.11,1776181763000
1776181764.667,264.667,0.04,0.049,0.951,0.96,0.009,0.009,75268.11,1776181763000
1776181765.041,265.041,0.04,0.049,0.951,0.96,0.009,0.009,75266.14,1776181764000
1776181765.5,265.5,0.04,0.049,0.951,0.96,0.009,0.009,75266.14,1776181764000
1776181765.875,265.875,0.03,0.04,0.96,0.97,0.01,0.01,75266.14,1776181764000
1776181766.325,266.325,0.03,0.04,0.96,0.97,0.01,0.01,75266.19,1776181765000
1776181766.78,266.78,0.03,0.04,0.96,0.97,0.01,0.01,75266.19,1776181765000
1776181767.191,267.191,0.03,0.04,0.96,0.97,0.01,0.01,75266.26,1776181766000
1776181767.578,267.578,0.03,0.04,0.96,0.97,0.01,0.01,75266.26,1776181766000
1776181767.938,267.938,0.03,0.04,0.96,0.97,0.01,0.01,75266.26,1776181766000
1776181768.292,268.292,0.03,0.035,0.962,0.97,0.005,0.008,75263.65,1776181767000
1776181768.634,268.634,0.03,0.031,0.969,0.97,0.001,0.001,75263.65,1776181767000
1776181769.056,269.056,0.03,0.053,0.966,0.97,0.023,0.004,75263.65,1776181767000
1776181769.605,269.605,0.03,0.04,0.96,0.97,0.01,0.01,75266.28,1776181768000
1776181770.041,270.041,0.03,0.031,0.96,0.97,0.001,0.01,75266.28,1776181768000
1776181770.376,270.376,0.033,0.06,0.94,0.967,0.027,0.027,75266.28,1776181768000
1776181770.751,270.751,0.03,0.038,0.951,0.97,0.008,0.019,75266.04,1776181769000
1776181771.12,271.12,0.03,0.04,0.96,0.97,0.01,0.01,75266.04,1776181770000
1776181771.505,271.505,0.04,0.05,0.95,0.96,0.01,0.01,75266.04,1776181770000
1776181772.001,272.001,0.03,0.04,0.96,0.97,0.01,0.01,75266.04,1776181770000
1776181772.381,272.381,0.03,0.04,0.96,0.97,0.01,0.01,75266.03,1776181771000
1776181772.758,272.758,0.02,0.027,0.96,0.97,0.007,0.01,75266.03,1776181771000
1776181773.118,273.118,0.02,0.027,0.973,0.98,0.007,0.007,75266.03,1776181771000
1776181773.497,273.497,0.02,0.027,0.973,0.98,0.007,0.007,75266.0,1776181772000
1776181773.897,273.897,0.02,0.027,0.973,0.98,0.007,0.007,75266.0,1776181772000
1776181774.235,274.235,0.02,0.027,0.973,0.98,0.007,0.007,75266.13,1776181773000
1776181774.612,274.612,0.02,0.027,0.973,0.98,0.007,0.007,75266.13,1776181773000
1776181775.141,275.141,0.02,0.027,0.973,0.98,0.007,0.007,75266.13,1776181773000
1776181775.577,275.577,0.02,0.027,0.973,0.98,0.007,0.007,75266.41,1776181774000
1776181776.01,276.01,0.02,0.027,0.973,0.98,0.007,0.007,75266.46,1776181775000
1776181776.345,276.345,0.02,0.027,0.973,0.98,0.007,0.007,75266.46,1776181775000
1776181776.748,276.748,0.02,0.027,0.973,0.98,0.007,0.007,75266.46,1776181775000
1776181777.092,277.092,0.02,0.027,0.973,0.98,0.007,0.007,75266.46,1776181775000
1776181777.51,277.51,0.02,0.027,0.972,0.98,0.007,0.008,75266.46,1776181775000
1776181777.875,277.875,0.02,0.027,0.973,0.98,0.007,0.007,75266.31,1776181776000
1776181778.356,278.356,0.02,0.03,0.97,0.98,0.01,0.01,75263.7,1776181777000
1776181778.695,278.695,0.01,0.02,0.98,0.99,0.01,0.01,75263.7,1776181777000
1776181779.334,279.334,0.01,0.012,0.988,0.99,0.002,0.002,75257.18,1776181778000
1776181779.734,279.734,0.01,0.012,0.988,0.99,0.002,0.002,75257.18,1776181778000
1776181780.07,280.07,0.01,0.012,0.988,0.99,0.002,0.002,75257.18,1776181778000
1776181780.528,280.528,0.01,0.012,0.988,0.99,0.002,0.002,75257.18,1776181778000
1776181780.938,280.938,0.01,0.012,0.988,0.99,0.002,0.002,75255.13,1776181779000
1776181781.296,281.296,0.01,0.012,0.988,0.99,0.002,0.002,75255.13,1776181779000
1776181781.766,281.766,0.01,0.012,0.988,0.99,0.002,0.002,75255.19,1776181780000
1776181782.101,282.101,0.01,0.02,0.98,0.99,0.01,0.01,75255.01,1776181781000
1776181782.563,282.563,0.01,0.02,0.98,0.99,0.01,0.01,75255.01,1776181781000
1776181783.247,283.247,0.01,0.02,0.98,0.99,0.01,0.01,75255.01,1776181781000
1776181783.593,283.593,0.01,0.02,0.98,0.99,0.01,0.01,75255.01,1776181781000
1776181783.954,283.954,0.01,0.02,0.98,0.99,0.01,0.01,75254.8,1776181782000
1776181784.429,284.429,0.01,0.02,0.98,0.99,0.01,0.01,75254.8,1776181782000
1776181784.909,284.909,0.01,0.02,0.98,0.99,0.01,0.01,75254.8,1776181782000
1776181785.31,285.31,0.01,0.02,0.98,0.99,0.01,0.01,75254.63,1776181783000
1776181785.654,285.654,0.01,0.02,0.98,0.99,0.01,0.01,75254.63,1776181783000
1776181786.133,286.133,0.01,0.02,0.98,0.99,0.01,0.01,75254.83,1776181784000
1776181786.473,286.473,0.01,0.02,0.98,0.99,0.01,0.01,75254.83,1776181784000
1776181786.858,286.858,0.002,0.01,0.98,0.99,0.008,0.01,75254.82,1776181785000
1776181787.209,287.209,0.002,0.009,0.991,0.998,0.007,0.007,75254.82,1776181785000
1776181787.543,287.543,0.002,0.009,0.991,0.998,0.007,0.007,75254.82,1776181786000
1776181787.902,287.902,0.002,0.01,0.991,0.998,0.008,0.007,75254.82,1776181786000
1776181788.254,288.254,0.001,0.002,0.99,0.999,0.001,0.009,75254.82,1776181786000
1776181788.655,288.655,0.001,0.009,0.99,0.999,0.008,0.009,75254.98,1776181787000
1776181789.275,289.275,0.001,0.002,0.991,0.999,0.001,0.008,75254.98,1776181787000
1776181789.735,289.735,0.001,0.002,0.998,0.999,0.001,0.001,75253.75,1776181788000
1776181790.314,290.314,0.001,0.002,0.998,0.999,0.001,0.001,75253.75,1776181788000
1776181790.789,290.789,0.001,0.002,0.998,0.999,0.001,0.001,75247.64,1776181789000
1776181791.179,291.179,0.001,0.002,0.998,0.999,0.001,0.001,75247.64,1776181789000
1776181791.521,291.521,0.001,0.002,0.998,0.999,0.001,0.001,75247.25,1776181790000
1776181791.948,291.948,0.001,0.009,0.991,0.999,0.008,0.008,75247.25,1776181790000
1776181792.292,292.292,0.002,0.01,0.99,0.998,0.008,0.008,75248.26,1776181791000
1776181792.724,292.724,0.001,0.002,0.99,0.999,0.001,0.009,75248.26,1776181791000
1776181793.507,293.507,0.001,0.01,0.99,0.999,0.009,0.009,75258.31,1776181792000
1776181794.084,294.084,0.001,0.01,0.99,0.999,0.009,0.009,75258.31,1776181792000
1776181794.54,294.54,0.001,0.01,0.99,0.999,0.009,0.009,75270.53,1776181793000
1776181795.213,295.213,0.001,0.008,0.99,0.999,0.007,0.009,75270.53,1776181793000
1776181795.67,295.67,0.001,0.008,0.992,0.999,0.007,0.007,75273.23,1776181794000
1776181796.276,296.276,0.001,0.008,0.992,0.999,0.007,0.007,75273.23,1776181794000
1776181796.638,296.638,0.001,0.008,0.992,0.999,0.007,0.007,75273.91,1776181795000
1776181796.971,296.971,0.001,0.008,0.992,0.999,0.007,0.007,75276.55,1776181796000
1776181797.395,297.395,0.001,0.008,0.992,0.999,0.007,0.007,75276.55,1776181796000
1776181797.944,297.944,0.001,0.008,0.992,0.999,0.007,0.007,75276.86,1776181797000
1776181798.297,298.297,0.001,0.008,0.992,0.999,0.007,0.007,75276.86,1776181797000
1776181798.632,298.632,0.001,0.001,0.999,0.999,0.0,0.0,75276.86,1776181797000
1776181800.279,300.279,0.001,0.001,0.999,0.999,0.0,0.0,75277.09,1776181799000
1776181800.935,300.935,0.001,0.001,0.999,0.999,0.0,0.0,75277.09,1776181799000

# RESULT,winner=Down,slug=btc-updown-5m-1776181500,ticks=704
