timestamp,elapsed_sec,up_bid,up_ask,down_bid,down_ask,up_spread,down_spread,btc_price,btc_oracle_ts
1777336200.555,0.555,0.53,0.55,0.45,0.47,0.02,0.02,77228.85,1777336199000
1777336200.915,0.915,0.54,0.55,0.45,0.47,0.01,0.02,77228.85,1777336199000
1777336201.807,1.807,0.58,0.59,0.41,0.42,0.01,0.01,77228.85,1777336200000
1777336202.141,2.141,0.58,0.59,0.41,0.42,0.01,0.01,77229.68,1777336201000
1777336202.591,2.591,0.58,0.59,0.41,0.42,0.01,0.01,77229.68,1777336201000
1777336203.158,3.158,0.58,0.59,0.41,0.42,0.01,0.01,77231.79,1777336202000
1777336203.643,3.643,0.57,0.59,0.41,0.42,0.02,0.01,77231.79,1777336202000
1777336204.016,4.016,0.57,0.58,0.41,0.43,0.01,0.02,77231.79,1777336202000
1777336204.396,4.396,0.58,0.59,0.41,0.42,0.01,0.01,77231.79,1777336202000
1777336204.74,4.74,0.58,0.59,0.41,0.42,0.01,0.01,77231.79,1777336202000
1777336205.213,5.213,0.58,0.59,0.41,0.42,0.01,0.01,77231.79,1777336202000
1777336205.649,5.649,0.53,0.54,0.43,0.47,0.01,0.04,77237.39,1777336203000
1777336206.23,6.23,0.48,0.49,0.51,0.52,0.01,0.01,77237.39,1777336203000
1777336206.577,6.577,0.48,0.49,0.51,0.52,0.01,0.01,77237.04,1777336204000
1777336206.917,6.917,0.51,0.57,0.44,0.49,0.06,0.05,77237.04,1777336204000
1777336207.264,7.264,0.56,0.57,0.43,0.44,0.01,0.01,77237.04,1777336205000
1777336207.677,7.677,0.56,0.57,0.43,0.44,0.01,0.01,77237.04,1777336205000
1777336208.05,8.05,0.56,0.57,0.43,0.44,0.01,0.01,77234.12,1777336206000
1777336208.587,8.587,0.57,0.58,0.42,0.44,0.01,0.02,77234.12,1777336206000
1777336209.034,9.034,0.57,0.58,0.42,0.43,0.01,0.01,77231.08,1777336207000
1777336210.151,10.151,0.58,0.59,0.41,0.42,0.01,0.01,77234.21,1777336208000
1777336210.519,10.519,0.58,0.59,0.41,0.42,0.01,0.01,77234.21,1777336208000
1777336210.862,10.862,0.58,0.59,0.41,0.42,0.01,0.01,77236.03,1777336209000
1777336211.248,11.248,0.58,0.59,0.41,0.42,0.01,0.01,77236.03,1777336209000
1777336211.609,11.609,0.54,0.55,0.45,0.46,0.01,0.01,77236.03,1777336209000
1777336212.008,12.008,0.54,0.55,0.45,0.46,0.01,0.01,77237.53,1777336210000
1777336212.372,12.372,0.53,0.54,0.46,0.47,0.01,0.01,77237.55,1777336211000
1777336212.718,12.718,0.52,0.53,0.47,0.48,0.01,0.01,77237.55,1777336211000
1777336213.069,13.069,0.52,0.53,0.47,0.48,0.01,0.01,77237.55,1777336211000
1777336213.954,13.954,0.52,0.54,0.46,0.48,0.02,0.02,77236.61,1777336212000
1777336214.299,14.299,0.53,0.54,0.46,0.48,0.01,0.02,77236.61,1777336212000
1777336214.634,14.634,0.41,0.47,0.53,0.58,0.06,0.05,77236.61,1777336212000
1777336214.976,14.976,0.44,0.45,0.55,0.56,0.01,0.01,77236.22,1777336213000
1777336215.334,15.334,0.44,0.45,0.55,0.56,0.01,0.01,77236.22,1777336213000
1777336216.026,16.026,0.44,0.45,0.55,0.56,0.01,0.01,77234.23,1777336214000
1777336216.821,16.821,0.45,0.46,0.54,0.55,0.01,0.01,77234.23,1777336214000
1777336217.51,17.51,0.45,0.46,0.54,0.55,0.01,0.01,77223.28,1777336215000
1777336218.003,18.003,0.45,0.46,0.54,0.55,0.01,0.01,77225.69,1777336216000
1777336218.366,18.366,0.45,0.46,0.54,0.55,0.01,0.01,77225.69,1777336216000
1777336218.791,18.791,0.45,0.46,0.54,0.55,0.01,0.01,77225.69,1777336216000
1777336219.275,19.275,0.45,0.46,0.54,0.55,0.01,0.01,77223.36,1777336217000
1777336220.135,20.135,0.45,0.46,0.54,0.55,0.01,0.01,77224.06,1777336218000
1777336220.478,20.478,0.46,0.48,0.52,0.54,0.02,0.02,77224.06,1777336218000
1777336220.819,20.819,0.48,0.49,0.51,0.52,0.01,0.01,77224.06,1777336218000
1777336221.194,21.194,0.48,0.49,0.51,0.52,0.01,0.01,77224.06,1777336219000
1777336221.599,21.599,0.48,0.5,0.5,0.52,0.02,0.02,77224.1,1777336220000
1777336222.186,22.186,0.49,0.5,0.5,0.51,0.01,0.01,77224.1,1777336220000
1777336222.526,22.526,0.49,0.5,0.5,0.51,0.01,0.01,77224.1,1777336221000
1777336223.094,23.094,0.49,0.5,0.5,0.51,0.01,0.01,77224.1,1777336221000
1777336223.783,23.783,0.49,0.5,0.5,0.51,0.01,0.01,77225.24,1777336222000
1777336224.52,24.52,0.49,0.5,0.5,0.51,0.01,0.01,77225.24,1777336223000
1777336225.238,25.238,0.49,0.5,0.5,0.51,0.01,0.01,77225.24,1777336223000
1777336225.749,25.749,0.49,0.5,0.5,0.51,0.01,0.01,77225.11,1777336224000
1777336226.222,26.222,0.49,0.5,0.5,0.51,0.01,0.01,77225.48,1777336225000
1777336226.575,26.575,0.49,0.5,0.5,0.51,0.01,0.01,77225.48,1777336225000
1777336227.204,27.204,0.49,0.5,0.5,0.51,0.01,0.01,77225.48,1777336225000
1777336227.684,27.684,0.49,0.5,0.5,0.51,0.01,0.01,77225.24,1777336226000
1777336228.119,28.119,0.47,0.48,0.5,0.53,0.01,0.03,77225.24,1777336226000
1777336228.506,28.506,0.47,0.48,0.52,0.53,0.01,0.01,77226.18,1777336227000
1777336229.585,29.585,0.47,0.48,0.52,0.53,0.01,0.01,77225.22,1777336228000
1777336230.22,30.22,0.47,0.49,0.51,0.53,0.02,0.02,77224.55,1777336229000
1777336231.004,31.004,0.48,0.49,0.51,0.52,0.01,0.01,77224.55,1777336229000
1777336231.342,31.342,0.43,0.48,0.51,0.57,0.05,0.06,77224.55,1777336229000
1777336231.75,31.75,0.43,0.44,0.56,0.57,0.01,0.01,77225.65,1777336230000
1777336232.09,32.09,0.43,0.44,0.56,0.57,0.01,0.01,77225.59,1777336231000
1777336232.561,32.561,0.42,0.43,0.56,0.58,0.01,0.02,77225.59,1777336231000
1777336233.07,33.07,0.42,0.43,0.57,0.58,0.01,0.01,77225.59,1777336231000
1777336233.483,33.483,0.42,0.43,0.57,0.58,0.01,0.01,77223.94,1777336232000
1777336233.847,33.847,0.42,0.43,0.57,0.58,0.01,0.01,77223.94,1777336232000
1777336234.349,34.349,0.42,0.43,0.57,0.58,0.01,0.01,77224.8,1777336233000
1777336234.869,34.869,0.42,0.43,0.57,0.58,0.01,0.01,77224.8,1777336233000
1777336235.543,35.543,0.41,0.43,0.57,0.59,0.02,0.02,77224.37,1777336234000
1777336235.918,35.918,0.41,0.42,0.57,0.59,0.01,0.02,77224.37,1777336234000
1777336236.65,36.65,0.41,0.42,0.58,0.59,0.01,0.01,77223.23,1777336235000
1777336237.025,37.025,0.41,0.42,0.58,0.59,0.01,0.01,77223.23,1777336235000
1777336237.407,37.407,0.41,0.42,0.58,0.59,0.01,0.01,77223.23,1777336235000
1777336238.314,38.314,0.41,0.42,0.58,0.59,0.01,0.01,77222.07,1777336236000
1777336238.906,38.906,0.41,0.42,0.58,0.59,0.01,0.01,77220.83,1777336237000
1777336239.954,39.954,0.41,0.42,0.58,0.59,0.01,0.01,77220.87,1777336238000
1777336240.302,40.302,0.36,0.37,0.63,0.64,0.01,0.01,77220.01,1777336239000
1777336240.735,40.735,0.36,0.37,0.63,0.64,0.01,0.01,77220.01,1777336239000
1777336241.075,41.075,0.36,0.37,0.63,0.64,0.01,0.01,77220.01,1777336239000
1777336241.54,41.54,0.36,0.37,0.63,0.64,0.01,0.01,77220.88,1777336240000
1777336242.18,42.18,0.36,0.37,0.63,0.64,0.01,0.01,77220.88,1777336240000
1777336242.981,42.981,0.36,0.37,0.63,0.64,0.01,0.01,77220.01,1777336241000
1777336243.442,43.442,0.36,0.37,0.63,0.64,0.01,0.01,77217.88,1777336242000
1777336243.783,43.783,0.37,0.38,0.62,0.63,0.01,0.01,77217.88,1777336242000
1777336244.227,44.227,0.37,0.38,0.62,0.63,0.01,0.01,77217.32,1777336243000
1777336244.882,44.882,0.37,0.38,0.62,0.63,0.01,0.01,77217.32,1777336243000
1777336245.273,45.273,0.37,0.38,0.62,0.63,0.01,0.01,77217.34,1777336244000
1777336245.974,45.974,0.37,0.38,0.62,0.63,0.01,0.01,77217.34,1777336244000
1777336246.417,46.417,0.37,0.38,0.62,0.63,0.01,0.01,77216.64,1777336245000
1777336247.081,47.081,0.37,0.38,0.62,0.63,0.01,0.01,77216.28,1777336246000
1777336247.579,47.579,0.37,0.38,0.62,0.63,0.01,0.01,77216.28,1777336246000
1777336248.166,48.166,0.37,0.38,0.62,0.63,0.01,0.01,77214.26,1777336247000
1777336248.677,48.677,0.37,0.38,0.62,0.63,0.01,0.01,77214.26,1777336247000
1777336249.266,49.266,0.37,0.38,0.62,0.63,0.01,0.01,77215.06,1777336248000
1777336249.815,49.815,0.37,0.38,0.62,0.63,0.01,0.01,77215.06,1777336248000
1777336250.272,50.272,0.37,0.38,0.62,0.63,0.01,0.01,77215.06,1777336248000
1777336251.06,51.06,0.36,0.38,0.62,0.63,0.02,0.01,77215.48,1777336249000
1777336251.642,51.642,0.36,0.37,0.62,0.64,0.01,0.02,77214.93,1777336250000
1777336252.036,52.036,0.36,0.37,0.63,0.64,0.01,0.01,77214.93,1777336250000
1777336252.391,52.391,0.36,0.37,0.63,0.64,0.01,0.01,77214.3,1777336251000
1777336252.726,52.726,0.35,0.36,0.64,0.65,0.01,0.01,77214.3,1777336251000
1777336253.207,53.207,0.35,0.36,0.64,0.65,0.01,0.01,77215.21,1777336252000
1777336253.836,53.836,0.35,0.36,0.64,0.65,0.01,0.01,77215.21,1777336252000
1777336254.293,54.293,0.35,0.36,0.64,0.65,0.01,0.01,77214.08,1777336253000
1777336254.765,54.765,0.35,0.36,0.64,0.65,0.01,0.01,77214.08,1777336253000
1777336255.124,55.124,0.35,0.36,0.64,0.65,0.01,0.01,77214.08,1777336253000
1777336255.502,55.502,0.35,0.36,0.64,0.65,0.01,0.01,77212.71,1777336254000
1777336256.306,56.306,0.35,0.38,0.64,0.65,0.03,0.01,77212.71,1777336254000
1777336256.652,56.652,0.39,0.43,0.56,0.62,0.04,0.06,77212.4,1777336255000
1777336256.987,56.987,0.4,0.41,0.59,0.6,0.01,0.01,77212.4,1777336255000
1777336257.575,57.575,0.4,0.41,0.59,0.6,0.01,0.01,77212.4,1777336255000
1777336258.004,58.004,0.4,0.41,0.59,0.6,0.01,0.01,77212.4,1777336255000
1777336258.38,58.38,0.45,0.46,0.55,0.56,0.01,0.01,77212.66,1777336256000
1777336258.725,58.725,0.45,0.46,0.54,0.55,0.01,0.01,77212.66,1777336256000
1777336259.435,59.435,0.45,0.46,0.54,0.55,0.01,0.01,77215.64,1777336258000
1777336259.798,59.798,0.45,0.46,0.54,0.55,0.01,0.01,77215.64,1777336258000
1777336260.178,60.178,0.45,0.46,0.54,0.55,0.01,0.01,77215.64,1777336258000
1777336260.541,60.541,0.45,0.46,0.54,0.55,0.01,0.01,77217.29,1777336259000
1777336260.971,60.971,0.45,0.46,0.54,0.55,0.01,0.01,77217.29,1777336259000
1777336261.306,61.306,0.45,0.46,0.54,0.55,0.01,0.01,77217.29,1777336259000
1777336261.646,61.646,0.45,0.46,0.54,0.55,0.01,0.01,77217.29,1777336259000
1777336262.067,62.067,0.45,0.46,0.54,0.55,0.01,0.01,77217.5,1777336260000
1777336262.431,62.431,0.43,0.44,0.55,0.57,0.01,0.02,77217.5,1777336260000
1777336262.778,62.778,0.43,0.44,0.56,0.57,0.01,0.01,77217.5,1777336261000
1777336263.174,63.174,0.41,0.44,0.56,0.59,0.03,0.03,77217.62,1777336262000
1777336263.57,63.57,0.4,0.43,0.56,0.59,0.03,0.03,77217.62,1777336262000
1777336263.957,63.957,0.37,0.38,0.61,0.62,0.01,0.01,77217.62,1777336262000
1777336264.505,64.505,0.36,0.38,0.62,0.64,0.02,0.02,77217.53,1777336263000
1777336265.077,65.077,0.36,0.37,0.63,0.64,0.01,0.01,77217.5,1777336264000
1777336265.486,65.486,0.36,0.37,0.63,0.64,0.01,0.01,77217.5,1777336264000
1777336265.978,65.978,0.36,0.37,0.63,0.64,0.01,0.01,77217.5,1777336264000
1777336266.357,66.357,0.36,0.37,0.63,0.64,0.01,0.01,77217.5,1777336264000
1777336266.856,66.856,0.36,0.37,0.63,0.64,0.01,0.01,77217.5,1777336264000
1777336267.236,67.236,0.36,0.37,0.63,0.64,0.01,0.01,77216.66,1777336265000
1777336267.571,67.571,0.36,0.37,0.63,0.64,0.01,0.01,77216.66,1777336265000
1777336267.937,67.937,0.36,0.37,0.63,0.64,0.01,0.01,77216.43,1777336266000
1777336268.297,68.297,0.36,0.37,0.63,0.64,0.01,0.01,77216.43,1777336266000
1777336268.693,68.693,0.41,0.42,0.58,0.59,0.01,0.01,77216.26,1777336267000
1777336269.273,69.273,0.41,0.42,0.58,0.59,0.01,0.01,77216.26,1777336267000
1777336269.68,69.68,0.41,0.42,0.58,0.59,0.01,0.01,77216.71,1777336268000
1777336270.131,70.131,0.41,0.42,0.58,0.59,0.01,0.01,77216.71,1777336268000
1777336270.471,70.471,0.41,0.42,0.58,0.59,0.01,0.01,77216.71,1777336269000
1777336271.119,71.119,0.41,0.42,0.58,0.59,0.01,0.01,77216.82,1777336270000
1777336271.641,71.641,0.41,0.42,0.58,0.59,0.01,0.01,77216.82,1777336270000
1777336272.405,72.405,0.41,0.42,0.58,0.59,0.01,0.01,77216.48,1777336271000
1777336273.249,73.249,0.42,0.44,0.58,0.59,0.02,0.01,77216.48,1777336271000
1777336273.639,73.639,0.45,0.46,0.54,0.55,0.01,0.01,77216.48,1777336272000
1777336274.206,74.206,0.45,0.46,0.54,0.55,0.01,0.01,77216.48,1777336272000
1777336274.613,74.613,0.45,0.46,0.54,0.55,0.01,0.01,77216.55,1777336273000
1777336274.995,74.995,0.45,0.46,0.54,0.55,0.01,0.01,77216.55,1777336273000
1777336275.42,75.42,0.45,0.46,0.54,0.55,0.01,0.01,77217.93,1777336274000
1777336276.014,76.014,0.45,0.46,0.54,0.55,0.01,0.01,77220.0,1777336275000
1777336276.589,76.589,0.45,0.46,0.54,0.55,0.01,0.01,77220.0,1777336275000
1777336277.018,77.018,0.45,0.46,0.54,0.55,0.01,0.01,77220.0,1777336275000
1777336278.228,78.228,0.45,0.46,0.54,0.55,0.01,0.01,77220.89,1777336276000
1777336278.688,78.688,0.47,0.48,0.52,0.54,0.01,0.02,77221.08,1777336277000
1777336279.194,79.194,0.47,0.48,0.52,0.53,0.01,0.01,77220.23,1777336278000
1777336279.537,79.537,0.47,0.48,0.52,0.53,0.01,0.01,77220.23,1777336278000
1777336280.029,80.029,0.47,0.48,0.52,0.53,0.01,0.01,77220.23,1777336278000
1777336280.387,80.387,0.47,0.48,0.52,0.53,0.01,0.01,77220.23,1777336278000
1777336280.795,80.795,0.48,0.49,0.51,0.53,0.01,0.02,77220.97,1777336279000
1777336281.169,81.169,0.48,0.49,0.51,0.52,0.01,0.01,77220.97,1777336279000
1777336281.74,81.74,0.48,0.49,0.51,0.52,0.01,0.01,77219.38,1777336280000
1777336282.119,82.119,0.48,0.49,0.51,0.52,0.01,0.01,77219.38,1777336281000
1777336282.577,82.577,0.48,0.49,0.51,0.52,0.01,0.01,77219.38,1777336281000
1777336282.985,82.985,0.48,0.49,0.51,0.52,0.01,0.01,77219.38,1777336281000
1777336283.439,83.439,0.46,0.47,0.53,0.54,0.01,0.01,77219.37,1777336282000
1777336283.807,83.807,0.46,0.49,0.53,0.54,0.03,0.01,77219.37,1777336282000
1777336284.178,84.178,0.47,0.48,0.52,0.53,0.01,0.01,77219.44,1777336283000
1777336284.536,84.536,0.47,0.48,0.52,0.53,0.01,0.01,77219.44,1777336283000
1777336284.924,84.924,0.47,0.48,0.52,0.53,0.01,0.01,77219.44,1777336283000
1777336285.261,85.261,0.47,0.48,0.52,0.53,0.01,0.01,77219.44,1777336283000
1777336285.648,85.648,0.47,0.48,0.52,0.53,0.01,0.01,77219.56,1777336284000
1777336286.461,86.461,0.47,0.48,0.52,0.53,0.01,0.01,77219.32,1777336285000
1777336287.201,87.201,0.47,0.48,0.52,0.53,0.01,0.01,77219.32,1777336285000
1777336287.856,87.856,0.47,0.48,0.52,0.53,0.01,0.01,77219.97,1777336286000
1777336288.321,88.321,0.47,0.48,0.52,0.53,0.01,0.01,77220.32,1777336287000
1777336288.655,88.655,0.49,0.52,0.49,0.52,0.03,0.03,77220.32,1777336287000
1777336289.588,89.588,0.49,0.5,0.5,0.51,0.01,0.01,77220.15,1777336288000
1777336289.944,89.944,0.49,0.5,0.5,0.51,0.01,0.01,77220.15,1777336288000
1777336290.387,90.387,0.56,0.57,0.43,0.44,0.01,0.01,77221.33,1777336289000
1777336290.74,90.74,0.56,0.57,0.43,0.44,0.01,0.01,77221.33,1777336289000
1777336291.082,91.082,0.56,0.6,0.41,0.44,0.04,0.03,77221.33,1777336289000
1777336291.517,91.517,0.6,0.61,0.39,0.41,0.01,0.02,77221.33,1777336289000
1777336291.915,91.915,0.6,0.61,0.39,0.4,0.01,0.01,77225.26,1777336290000
1777336292.318,92.318,0.6,0.61,0.39,0.4,0.01,0.01,77225.26,1777336291000
1777336292.746,92.746,0.6,0.61,0.39,0.4,0.01,0.01,77225.26,1777336291000
1777336293.151,93.151,0.6,0.61,0.39,0.4,0.01,0.01,77225.26,1777336291000
1777336293.507,93.507,0.6,0.61,0.39,0.4,0.01,0.01,77225.26,1777336291000
1777336293.899,93.899,0.6,0.61,0.39,0.4,0.01,0.01,77234.78,1777336292000
1777336294.285,94.285,0.6,0.61,0.39,0.4,0.01,0.01,77234.81,1777336293000
1777336294.669,94.669,0.6,0.61,0.39,0.4,0.01,0.01,77234.81,1777336293000
1777336295.241,95.241,0.6,0.61,0.39,0.4,0.01,0.01,77234.81,1777336293000
1777336295.797,95.797,0.6,0.61,0.39,0.4,0.01,0.01,77236.42,1777336294000
1777336296.369,96.369,0.6,0.61,0.39,0.4,0.01,0.01,77236.42,1777336294000
1777336296.841,96.841,0.6,0.61,0.39,0.4,0.01,0.01,77237.09,1777336295000
1777336297.696,97.696,0.6,0.61,0.39,0.4,0.01,0.01,77237.09,1777336296000
1777336298.112,98.112,0.6,0.61,0.39,0.4,0.01,0.01,77236.38,1777336297000
1777336299.305,99.305,0.6,0.61,0.39,0.4,0.01,0.01,77236.5,1777336298000
1777336299.903,99.903,0.6,0.61,0.39,0.4,0.01,0.01,77236.5,1777336298000
1777336300.342,100.342,0.6,0.62,0.39,0.4,0.02,0.01,77236.5,1777336298000
1777336300.757,100.757,0.61,0.62,0.38,0.39,0.01,0.01,77236.46,1777336299000
1777336301.133,101.133,0.61,0.64,0.38,0.39,0.03,0.01,77236.3,1777336300000
1777336301.543,101.543,0.66,0.71,0.3,0.33,0.05,0.03,77236.3,1777336300000
1777336301.939,101.939,0.7,0.71,0.29,0.3,0.01,0.01,77236.3,1777336300000
1777336302.394,102.394,0.71,0.72,0.28,0.29,0.01,0.01,77236.3,1777336300000
1777336302.804,102.804,0.71,0.72,0.28,0.29,0.01,0.01,77237.19,1777336301000
1777336303.268,103.268,0.72,0.73,0.28,0.29,0.01,0.01,77237.19,1777336301000
1777336303.605,103.605,0.72,0.73,0.27,0.28,0.01,0.01,77246.02,1777336302000
1777336304.309,104.309,0.72,0.73,0.27,0.28,0.01,0.01,77247.35,1777336303000
1777336304.764,104.764,0.72,0.73,0.27,0.28,0.01,0.01,77247.35,1777336303000
1777336305.198,105.198,0.72,0.73,0.27,0.28,0.01,0.01,77247.35,1777336303000
1777336305.545,105.545,0.72,0.73,0.27,0.28,0.01,0.01,77248.48,1777336304000
1777336305.885,105.885,0.72,0.73,0.27,0.28,0.01,0.01,77248.48,1777336304000
1777336306.218,106.218,0.72,0.73,0.27,0.28,0.01,0.01,77248.48,1777336304000
1777336306.833,106.833,0.72,0.73,0.27,0.28,0.01,0.01,77249.21,1777336305000
1777336307.204,107.204,0.73,0.74,0.26,0.27,0.01,0.01,77249.38,1777336306000
1777336307.563,107.563,0.74,0.75,0.25,0.26,0.01,0.01,77249.38,1777336306000
1777336308.108,108.108,0.75,0.76,0.24,0.25,0.01,0.01,77249.38,1777336306000
1777336308.576,108.576,0.76,0.77,0.23,0.24,0.01,0.01,77249.26,1777336307000
1777336309.038,109.038,0.76,0.77,0.23,0.24,0.01,0.01,77249.26,1777336307000
1777336309.564,109.564,0.76,0.77,0.23,0.24,0.01,0.01,77251.3,1777336308000
1777336309.902,109.902,0.76,0.77,0.23,0.24,0.01,0.01,77251.3,1777336308000
1777336310.33,110.33,0.76,0.77,0.23,0.24,0.01,0.01,77254.3,1777336309000
1777336310.889,110.889,0.76,0.77,0.23,0.24,0.01,0.01,77254.3,1777336309000
1777336311.243,111.243,0.77,0.78,0.23,0.24,0.01,0.01,77255.1,1777336310000
1777336311.752,111.752,0.77,0.78,0.22,0.23,0.01,0.01,77255.1,1777336310000
1777336312.142,112.142,0.77,0.78,0.22,0.23,0.01,0.01,77255.1,1777336311000
1777336312.731,112.731,0.75,0.76,0.22,0.25,0.01,0.03,77255.1,1777336311000
1777336313.107,113.107,0.75,0.76,0.24,0.25,0.01,0.01,77255.83,1777336312000
1777336313.657,113.657,0.75,0.76,0.24,0.25,0.01,0.01,77255.83,1777336312000
1777336314.121,114.121,0.75,0.76,0.24,0.25,0.01,0.01,77255.96,1777336313000
1777336315.121,115.121,0.75,0.76,0.24,0.25,0.01,0.01,77256.1,1777336314000
1777336315.966,115.966,0.75,0.76,0.24,0.25,0.01,0.01,77256.1,1777336314000
1777336316.529,116.529,0.75,0.76,0.24,0.25,0.01,0.01,77256.1,1777336315000
1777336316.911,116.911,0.75,0.76,0.24,0.25,0.01,0.01,77256.1,1777336315000
1777336317.313,117.313,0.75,0.76,0.24,0.25,0.01,0.01,77256.89,1777336316000
1777336317.763,117.763,0.75,0.76,0.24,0.25,0.01,0.01,77256.89,1777336316000
1777336318.105,118.105,0.75,0.76,0.24,0.25,0.01,0.01,77256.89,1777336316000
1777336318.463,118.463,0.75,0.76,0.24,0.25,0.01,0.01,77257.19,1777336317000
1777336318.868,118.868,0.75,0.76,0.24,0.25,0.01,0.01,77257.19,1777336317000
1777336319.381,119.381,0.7,0.76,0.24,0.3,0.06,0.06,77257.35,1777336318000
1777336319.906,119.906,0.75,0.76,0.24,0.25,0.01,0.01,77257.35,1777336318000
1777336320.24,120.24,0.74,0.75,0.25,0.26,0.01,0.01,77257.35,1777336318000
1777336320.913,120.913,0.74,0.75,0.25,0.26,0.01,0.01,77257.77,1777336319000
1777336321.365,121.365,0.79,0.8,0.2,0.21,0.01,0.01,77257.85,1777336320000
1777336321.825,121.825,0.79,0.8,0.2,0.21,0.01,0.01,77257.85,1777336320000
1777336322.189,122.189,0.81,0.82,0.18,0.19,0.01,0.01,77257.85,1777336320000
1777336322.57,122.57,0.81,0.82,0.18,0.19,0.01,0.01,77257.94,1777336321000
1777336322.976,122.976,0.81,0.82,0.18,0.19,0.01,0.01,77257.94,1777336321000
1777336323.318,123.318,0.81,0.83,0.18,0.19,0.02,0.01,77257.94,1777336321000
1777336323.72,123.72,0.81,0.82,0.17,0.19,0.01,0.02,77262.88,1777336322000
1777336324.252,124.252,0.81,0.82,0.18,0.19,0.01,0.01,77264.91,1777336323000
1777336324.725,124.725,0.81,0.82,0.18,0.19,0.01,0.01,77264.91,1777336323000
1777336325.107,125.107,0.81,0.82,0.18,0.19,0.01,0.01,77265.79,1777336324000
1777336325.485,125.485,0.81,0.82,0.18,0.19,0.01,0.01,77265.79,1777336324000
1777336325.873,125.873,0.81,0.82,0.18,0.19,0.01,0.01,77265.79,1777336324000
1777336326.214,126.214,0.81,0.82,0.18,0.19,0.01,0.01,77266.9,1777336325000
1777336326.561,126.561,0.81,0.82,0.18,0.19,0.01,0.01,77266.9,1777336325000
1777336326.956,126.956,0.81,0.82,0.18,0.19,0.01,0.01,77264.77,1777336326000
1777336327.48,127.48,0.81,0.82,0.18,0.19,0.01,0.01,77264.77,1777336326000
1777336327.923,127.923,0.8,0.81,0.18,0.2,0.01,0.02,77264.77,1777336326000
1777336328.444,128.444,0.8,0.81,0.19,0.2,0.01,0.01,77265.32,1777336327000
1777336328.892,128.892,0.8,0.81,0.19,0.2,0.01,0.01,77265.32,1777336327000
1777336329.444,129.444,0.8,0.81,0.19,0.2,0.01,0.01,77265.32,1777336327000
1777336329.828,129.828,0.8,0.81,0.19,0.2,0.01,0.01,77264.34,1777336328000
1777336330.162,130.162,0.8,0.81,0.19,0.2,0.01,0.01,77264.98,1777336329000
1777336330.635,130.635,0.8,0.81,0.19,0.2,0.01,0.01,77264.98,1777336329000
1777336330.982,130.982,0.8,0.81,0.19,0.2,0.01,0.01,77264.98,1777336329000
1777336331.344,131.344,0.8,0.81,0.19,0.2,0.01,0.01,77264.98,1777336330000
1777336331.691,131.691,0.8,0.81,0.19,0.2,0.01,0.01,77264.98,1777336330000
1777336332.065,132.065,0.8,0.81,0.19,0.2,0.01,0.01,77264.98,1777336330000
1777336332.406,132.406,0.79,0.8,0.2,0.21,0.01,0.01,77265.71,1777336331000
1777336333.313,133.313,0.79,0.8,0.2,0.21,0.01,0.01,77265.71,1777336331000
1777336333.691,133.691,0.79,0.8,0.2,0.21,0.01,0.01,77265.94,1777336332000
1777336334.028,134.028,0.76,0.77,0.23,0.29,0.01,0.06,77265.94,1777336332000
1777336334.371,134.371,0.76,0.77,0.23,0.24,0.01,0.01,77265.94,1777336332000
1777336334.851,134.851,0.72,0.73,0.25,0.28,0.01,0.03,77266.1,1777336333000
1777336335.204,135.204,0.72,0.73,0.27,0.28,0.01,0.01,77266.1,1777336334000
1777336335.572,135.572,0.69,0.7,0.28,0.31,0.01,0.03,77266.1,1777336334000
1777336335.922,135.922,0.69,0.7,0.3,0.31,0.01,0.01,77266.1,1777336334000
1777336336.256,136.256,0.69,0.7,0.3,0.31,0.01,0.01,77266.03,1777336335000
1777336336.611,136.611,0.68,0.7,0.3,0.31,0.02,0.01,77266.03,1777336335000
1777336336.956,136.956,0.69,0.7,0.3,0.31,0.01,0.01,77266.03,1777336335000
1777336337.333,137.333,0.68,0.69,0.31,0.32,0.01,0.01,77265.99,1777336336000
1777336337.67,137.67,0.68,0.69,0.31,0.32,0.01,0.01,77265.99,1777336336000
1777336338.022,138.022,0.68,0.69,0.31,0.32,0.01,0.01,77265.99,1777336336000
1777336338.357,138.357,0.68,0.69,0.31,0.32,0.01,0.01,77265.21,1777336337000
1777336338.839,138.839,0.7,0.71,0.3,0.32,0.01,0.02,77265.21,1777336337000
1777336339.258,139.258,0.7,0.71,0.29,0.3,0.01,0.01,77265.73,1777336338000
1777336339.635,139.635,0.7,0.71,0.29,0.3,0.01,0.01,77265.73,1777336338000
1777336339.976,139.976,0.7,0.71,0.29,0.3,0.01,0.01,77265.73,1777336338000
1777336340.52,140.52,0.7,0.71,0.29,0.3,0.01,0.01,77266.12,1777336339000
1777336340.913,140.913,0.7,0.71,0.29,0.3,0.01,0.01,77266.12,1777336339000
1777336341.296,141.296,0.7,0.71,0.29,0.3,0.01,0.01,77266.11,1777336340000
1777336341.667,141.667,0.7,0.71,0.29,0.3,0.01,0.01,77266.11,1777336340000
1777336342.055,142.055,0.7,0.71,0.29,0.3,0.01,0.01,77266.11,1777336341000
1777336342.457,142.457,0.7,0.71,0.29,0.3,0.01,0.01,77266.11,1777336341000
1777336342.816,142.816,0.67,0.68,0.32,0.33,0.01,0.01,77266.11,1777336341000
1777336343.154,143.154,0.64,0.67,0.32,0.33,0.03,0.01,77266.11,1777336341000
1777336343.492,143.492,0.64,0.66,0.34,0.36,0.02,0.02,77266.36,1777336342000
1777336343.871,143.871,0.57,0.62,0.38,0.43,0.05,0.05,77266.36,1777336342000
1777336344.288,144.288,0.61,0.62,0.39,0.4,0.01,0.01,77266.36,1777336342000
1777336344.699,144.699,0.59,0.6,0.4,0.41,0.01,0.01,77265.96,1777336343000
1777336345.034,145.034,0.59,0.6,0.4,0.41,0.01,0.01,77266.41,1777336344000
1777336345.637,145.637,0.59,0.6,0.4,0.41,0.01,0.01,77266.41,1777336344000
1777336346.101,146.101,0.59,0.6,0.4,0.41,0.01,0.01,77266.41,1777336344000
1777336346.632,146.632,0.55,0.56,0.4,0.47,0.01,0.07,77266.54,1777336345000
1777336346.986,146.986,0.55,0.56,0.44,0.45,0.01,0.01,77266.54,1777336345000
1777336347.323,147.323,0.49,0.55,0.44,0.51,0.06,0.07,77266.54,1777336346000
1777336347.687,147.687,0.49,0.5,0.48,0.51,0.01,0.03,77266.54,1777336346000
1777336348.072,148.072,0.49,0.5,0.5,0.51,0.01,0.01,77266.54,1777336346000
1777336348.409,148.409,0.47,0.48,0.5,0.53,0.01,0.03,77266.15,1777336347000
1777336348.783,148.783,0.47,0.48,0.52,0.53,0.01,0.01,77266.15,1777336347000
1777336349.128,149.128,0.43,0.44,0.56,0.57,0.01,0.01,77266.15,1777336347000
1777336349.622,149.622,0.43,0.44,0.56,0.57,0.01,0.01,77263.48,1777336348000
1777336350.038,150.038,0.43,0.44,0.56,0.57,0.01,0.01,77263.48,1777336348000
1777336350.444,150.444,0.43,0.44,0.56,0.57,0.01,0.01,77263.34,1777336349000
1777336350.843,150.843,0.43,0.44,0.56,0.57,0.01,0.01,77263.34,1777336349000
1777336351.177,151.177,0.43,0.44,0.56,0.57,0.01,0.01,77257.05,1777336350000
1777336351.562,151.562,0.43,0.44,0.56,0.57,0.01,0.01,77257.05,1777336350000
1777336352.273,152.273,0.44,0.45,0.55,0.57,0.01,0.02,77257.05,1777336350000
1777336352.659,152.659,0.44,0.45,0.55,0.56,0.01,0.01,77256.28,1777336351000
1777336353.152,153.152,0.48,0.49,0.51,0.53,0.01,0.02,77256.28,1777336351000
1777336353.494,153.494,0.47,0.48,0.52,0.53,0.01,0.01,77256.28,1777336351000
1777336353.967,153.967,0.47,0.48,0.52,0.53,0.01,0.01,77256.49,1777336352000
1777336354.307,154.307,0.47,0.48,0.52,0.53,0.01,0.01,77256.35,1777336353000
1777336354.664,154.664,0.48,0.49,0.51,0.52,0.01,0.01,77256.35,1777336353000
1777336355.054,155.054,0.48,0.49,0.51,0.52,0.01,0.01,77256.35,1777336353000
1777336355.39,155.39,0.48,0.49,0.51,0.52,0.01,0.01,77255.88,1777336354000
1777336355.734,155.734,0.49,0.5,0.5,0.51,0.01,0.01,77255.88,1777336354000
1777336356.076,156.076,0.49,0.5,0.5,0.51,0.01,0.01,77255.88,1777336354000
1777336356.431,156.431,0.47,0.48,0.51,0.53,0.01,0.02,77255.87,1777336355000
1777336356.806,156.806,0.47,0.48,0.52,0.53,0.01,0.01,77255.87,1777336355000
1777336357.224,157.224,0.47,0.48,0.52,0.53,0.01,0.01,77255.87,1777336355000
1777336357.56,157.56,0.47,0.48,0.52,0.53,0.01,0.01,77255.87,1777336355000
1777336357.927,157.927,0.49,0.5,0.5,0.51,0.01,0.01,77255.87,1777336356000
1777336358.285,158.285,0.5,0.51,0.49,0.51,0.01,0.02,77255.87,1777336356000
1777336358.656,158.656,0.5,0.51,0.49,0.5,0.01,0.01,77255.86,1777336357000
1777336359.099,159.099,0.5,0.51,0.49,0.5,0.01,0.01,77255.86,1777336357000
1777336359.459,159.459,0.5,0.51,0.49,0.5,0.01,0.01,77256.17,1777336358000
1777336359.818,159.818,0.58,0.59,0.41,0.42,0.01,0.01,77256.17,1777336358000
1777336360.196,160.196,0.64,0.67,0.33,0.36,0.03,0.03,77255.58,1777336359000
1777336360.537,160.537,0.69,0.7,0.3,0.31,0.01,0.01,77255.58,1777336359000
1777336360.903,160.903,0.7,0.71,0.29,0.3,0.01,0.01,77255.58,1777336359000
1777336361.237,161.237,0.7,0.71,0.29,0.3,0.01,0.01,77258.57,1777336360000
1777336361.581,161.581,0.7,0.71,0.29,0.3,0.01,0.01,77258.57,1777336360000
1777336361.922,161.922,0.7,0.71,0.29,0.3,0.01,0.01,77258.57,1777336360000
1777336362.339,162.339,0.7,0.71,0.29,0.3,0.01,0.01,77278.4,1777336361000
1777336362.714,162.714,0.7,0.71,0.29,0.3,0.01,0.01,77278.4,1777336361000
1777336363.094,163.094,0.7,0.71,0.29,0.3,0.01,0.01,77285.9,1777336362000
1777336363.531,163.531,0.7,0.71,0.29,0.3,0.01,0.01,77285.9,1777336362000
1777336363.876,163.876,0.7,0.71,0.29,0.3,0.01,0.01,77285.9,1777336362000
1777336364.233,164.233,0.7,0.71,0.29,0.3,0.01,0.01,77288.24,1777336363000
1777336364.607,164.607,0.7,0.71,0.29,0.3,0.01,0.01,77288.24,1777336363000
1777336364.989,164.989,0.72,0.73,0.27,0.28,0.01,0.01,77288.24,1777336363000
1777336365.479,165.479,0.72,0.73,0.27,0.28,0.01,0.01,77287.33,1777336364000
1777336365.837,165.837,0.72,0.73,0.27,0.28,0.01,0.01,77287.33,1777336364000
1777336366.203,166.203,0.72,0.73,0.27,0.28,0.01,0.01,77289.68,1777336365000
1777336366.659,166.659,0.71,0.72,0.28,0.29,0.01,0.01,77289.68,1777336365000
1777336367.017,167.017,0.71,0.72,0.28,0.29,0.01,0.01,77289.68,1777336365000
1777336367.363,167.363,0.71,0.72,0.28,0.29,0.01,0.01,77287.39,1777336366000
1777336367.725,167.725,0.71,0.72,0.28,0.29,0.01,0.01,77287.39,1777336366000
1777336368.1,168.1,0.71,0.72,0.28,0.29,0.01,0.01,77287.39,1777336366000
1777336368.508,168.508,0.77,0.78,0.22,0.23,0.01,0.01,77288.29,1777336367000
1777336368.847,168.847,0.77,0.78,0.22,0.23,0.01,0.01,77288.29,1777336367000
1777336369.222,169.222,0.78,0.79,0.21,0.22,0.01,0.01,77288.65,1777336368000
1777336369.734,169.734,0.8,0.81,0.19,0.21,0.01,0.02,77288.65,1777336368000
1777336370.077,170.077,0.8,0.81,0.19,0.2,0.01,0.01,77291.86,1777336369000
1777336370.446,170.446,0.8,0.81,0.19,0.2,0.01,0.01,77291.86,1777336369000
1777336370.866,170.866,0.8,0.81,0.19,0.2,0.01,0.01,77291.86,1777336369000
1777336371.253,171.253,0.8,0.81,0.19,0.2,0.01,0.01,77293.38,1777336370000
1777336371.586,171.586,0.81,0.82,0.18,0.19,0.01,0.01,77293.38,1777336370000
1777336371.974,171.974,0.81,0.82,0.18,0.19,0.01,0.01,77293.38,1777336370000
1777336372.332,172.332,0.81,0.82,0.18,0.19,0.01,0.01,77293.38,1777336370000
1777336372.846,172.846,0.81,0.82,0.18,0.19,0.01,0.01,77293.06,1777336371000
1777336373.184,173.184,0.82,0.83,0.17,0.18,0.01,0.01,77293.47,1777336372000
1777336373.625,173.625,0.81,0.82,0.18,0.19,0.01,0.01,77293.47,1777336372000
1777336373.969,173.969,0.81,0.82,0.18,0.25,0.01,0.07,77293.47,1777336372000
1777336374.378,174.378,0.82,0.83,0.17,0.18,0.01,0.01,77293.47,1777336372000
1777336374.714,174.714,0.82,0.83,0.17,0.18,0.01,0.01,77293.47,1777336372000
1777336375.283,175.283,0.82,0.83,0.17,0.18,0.01,0.01,77293.47,1777336372000
1777336375.632,175.632,0.82,0.83,0.17,0.18,0.01,0.01,77293.25,1777336374000
1777336376.027,176.027,0.82,0.83,0.17,0.18,0.01,0.01,77293.26,1777336375000
1777336376.747,176.747,0.82,0.83,0.17,0.18,0.01,0.01,77293.26,1777336375000
1777336377.088,177.088,0.82,0.83,0.17,0.18,0.01,0.01,77293.26,1777336375000
1777336377.43,177.43,0.79,0.8,0.17,0.23,0.01,0.06,77293.78,1777336376000
1777336377.992,177.992,0.8,0.81,0.19,0.2,0.01,0.01,77293.78,1777336376000
1777336378.344,178.344,0.8,0.81,0.19,0.2,0.01,0.01,77293.69,1777336377000
1777336378.824,178.824,0.8,0.81,0.19,0.2,0.01,0.01,77293.69,1777336377000
1777336379.183,179.183,0.81,0.82,0.18,0.19,0.01,0.01,77293.69,1777336377000
1777336379.561,179.561,0.81,0.82,0.18,0.19,0.01,0.01,77295.3,1777336378000
1777336379.94,179.94,0.81,0.82,0.18,0.19,0.01,0.01,77295.3,1777336378000
1777336380.273,180.273,0.81,0.82,0.18,0.19,0.01,0.01,77295.98,1777336379000
1777336380.621,180.621,0.81,0.82,0.18,0.19,0.01,0.01,77295.98,1777336379000
1777336380.956,180.956,0.81,0.82,0.18,0.19,0.01,0.01,77295.98,1777336379000
1777336381.293,181.293,0.8,0.81,0.19,0.2,0.01,0.01,77295.98,1777336379000
1777336381.69,181.69,0.8,0.81,0.19,0.2,0.01,0.01,77296.01,1777336380000
1777336382.049,182.049,0.79,0.81,0.19,0.2,0.02,0.01,77296.01,1777336380000
1777336382.416,182.416,0.79,0.8,0.2,0.21,0.01,0.01,77295.45,1777336381000
1777336382.778,182.778,0.79,0.8,0.2,0.21,0.01,0.01,77295.45,1777336381000
1777336383.139,183.139,0.78,0.79,0.2,0.22,0.01,0.02,77295.45,1777336381000
1777336383.482,183.482,0.77,0.78,0.22,0.23,0.01,0.01,77295.45,1777336381000
1777336383.904,183.904,0.76,0.78,0.22,0.23,0.02,0.01,77296.83,1777336382000
1777336384.274,184.274,0.76,0.77,0.23,0.24,0.01,0.01,77296.45,1777336383000
1777336384.625,184.625,0.75,0.76,0.24,0.25,0.01,0.01,77296.45,1777336383000
1777336384.968,184.968,0.74,0.75,0.25,0.26,0.01,0.01,77296.45,1777336383000
1777336385.332,185.332,0.73,0.74,0.26,0.27,0.01,0.01,77296.45,1777336383000
1777336385.682,185.682,0.74,0.75,0.25,0.26,0.01,0.01,77296.39,1777336384000
1777336386.059,186.059,0.7,0.71,0.29,0.3,0.01,0.01,77296.44,1777336385000
1777336386.402,186.402,0.71,0.76,0.24,0.3,0.05,0.06,77296.44,1777336385000
1777336386.741,186.741,0.64,0.65,0.34,0.36,0.01,0.02,77296.44,1777336385000
1777336387.18,187.18,0.72,0.73,0.27,0.28,0.01,0.01,77296.44,1777336385000
1777336387.521,187.521,0.7,0.71,0.29,0.3,0.01,0.01,77296.37,1777336386000
1777336387.872,187.872,0.6,0.66,0.34,0.4,0.06,0.06,77296.37,1777336386000
1777336388.217,188.217,0.6,0.61,0.39,0.4,0.01,0.01,77295.6,1777336387000
1777336388.558,188.558,0.6,0.61,0.39,0.4,0.01,0.01,77295.6,1777336387000
1777336388.897,188.897,0.59,0.6,0.4,0.41,0.01,0.01,77295.6,1777336387000
1777336389.266,189.266,0.59,0.6,0.4,0.41,0.01,0.01,77295.6,1777336387000
1777336389.64,189.64,0.6,0.61,0.39,0.4,0.01,0.01,77291.39,1777336388000
1777336390.032,190.032,0.6,0.61,0.39,0.4,0.01,0.01,77291.39,1777336388000
1777336390.381,190.381,0.66,0.67,0.33,0.34,0.01,0.01,77291.39,1777336388000
1777336390.719,190.719,0.67,0.68,0.32,0.33,0.01,0.01,77291.39,1777336388000
1777336391.054,191.054,0.68,0.69,0.31,0.32,0.01,0.01,77285.03,1777336389000
1777336391.394,191.394,0.67,0.7,0.32,0.33,0.03,0.01,77285.03,1777336389000
1777336391.742,191.742,0.69,0.71,0.3,0.31,0.02,0.01,77285.03,1777336390000
1777336392.09,192.09,0.7,0.71,0.29,0.3,0.01,0.01,77285.03,1777336390000
1777336392.425,192.425,0.69,0.7,0.3,0.31,0.01,0.01,77285.03,1777336390000
1777336392.802,192.802,0.68,0.7,0.31,0.32,0.02,0.01,77285.03,1777336390000
1777336393.142,193.142,0.67,0.68,0.32,0.33,0.01,0.01,77285.03,1777336390000
1777336393.487,193.487,0.66,0.67,0.33,0.34,0.01,0.01,77285.03,1777336391000
1777336393.824,193.824,0.66,0.67,0.31,0.34,0.01,0.03,77285.03,1777336391000
1777336394.195,194.195,0.68,0.69,0.31,0.32,0.01,0.01,77285.03,1777336392000
1777336394.566,194.566,0.68,0.69,0.31,0.32,0.01,0.01,77285.03,1777336392000
1777336394.94,194.94,0.66,0.68,0.31,0.34,0.02,0.03,77285.03,1777336392000
1777336395.309,195.309,0.68,0.69,0.31,0.35,0.01,0.04,77285.03,1777336393000
1777336395.667,195.667,0.61,0.67,0.34,0.35,0.06,0.01,77285.03,1777336393000
1777336396.002,196.002,0.6,0.61,0.37,0.39,0.01,0.02,77284.88,1777336394000
1777336396.364,196.364,0.6,0.61,0.39,0.4,0.01,0.01,77284.88,1777336394000
1777336396.739,196.739,0.57,0.58,0.42,0.43,0.01,0.01,77284.72,1777336395000
1777336397.161,197.161,0.58,0.61,0.42,0.44,0.03,0.02,77284.72,1777336395000
1777336397.58,197.58,0.6,0.61,0.39,0.4,0.01,0.01,77284.72,1777336395000
1777336397.92,197.92,0.6,0.61,0.39,0.4,0.01,0.01,77279.55,1777336396000
1777336398.256,198.256,0.55,0.56,0.44,0.45,0.01,0.01,77279.55,1777336396000
1777336398.607,198.607,0.55,0.56,0.44,0.45,0.01,0.01,77279.55,1777336397000
1777336398.987,198.987,0.55,0.56,0.44,0.45,0.01,0.01,77279.55,1777336397000
1777336399.37,199.37,0.55,0.56,0.44,0.45,0.01,0.01,77278.83,1777336398000
1777336399.708,199.708,0.54,0.55,0.45,0.46,0.01,0.01,77278.83,1777336398000
1777336400.055,200.055,0.54,0.55,0.45,0.46,0.01,0.01,77278.83,1777336398000
1777336400.395,200.395,0.54,0.55,0.45,0.46,0.01,0.01,77278.83,1777336398000
1777336400.782,200.782,0.55,0.56,0.44,0.45,0.01,0.01,77278.72,1777336399000
1777336401.119,201.119,0.56,0.57,0.43,0.44,0.01,0.01,77278.72,1777336399000
1777336401.479,201.479,0.57,0.58,0.42,0.43,0.01,0.01,77278.76,1777336400000
1777336401.837,201.837,0.51,0.52,0.48,0.49,0.01,0.01,77278.76,1777336400000
1777336402.445,202.445,0.51,0.52,0.48,0.49,0.01,0.01,77278.76,1777336400000
1777336402.84,202.84,0.45,0.52,0.48,0.55,0.07,0.07,77279.41,1777336401000
1777336403.187,203.187,0.4,0.41,0.59,0.6,0.01,0.01,77280.26,1777336402000
1777336403.558,203.558,0.42,0.43,0.57,0.58,0.01,0.01,77280.26,1777336402000
1777336403.901,203.901,0.42,0.44,0.57,0.58,0.02,0.01,77280.26,1777336402000
1777336404.34,204.34,0.42,0.43,0.57,0.58,0.01,0.01,77280.26,1777336402000
1777336404.703,204.703,0.4,0.41,0.59,0.6,0.01,0.01,77264.71,1777336403000
1777336405.091,205.091,0.4,0.44,0.59,0.6,0.04,0.01,77264.71,1777336403000
1777336405.427,205.427,0.43,0.44,0.56,0.57,0.01,0.01,77264.71,1777336404000
1777336405.792,205.792,0.38,0.39,0.6,0.61,0.01,0.01,77264.71,1777336404000
1777336406.153,206.153,0.47,0.48,0.52,0.53,0.01,0.01,77262.39,1777336405000
1777336406.51,206.51,0.45,0.47,0.53,0.54,0.02,0.01,77262.39,1777336405000
1777336406.86,206.86,0.47,0.48,0.52,0.53,0.01,0.01,77262.39,1777336405000
1777336407.202,207.202,0.41,0.43,0.52,0.58,0.02,0.06,77262.39,1777336405000
1777336407.559,207.559,0.42,0.43,0.57,0.59,0.01,0.02,77262.39,1777336405000
1777336407.897,207.897,0.43,0.44,0.56,0.57,0.01,0.01,77259.08,1777336406000
1777336408.238,208.238,0.44,0.45,0.55,0.56,0.01,0.01,77259.08,1777336406000
1777336408.591,208.591,0.45,0.46,0.54,0.56,0.01,0.02,77259.26,1777336407000
1777336408.931,208.931,0.45,0.46,0.54,0.55,0.01,0.01,77259.26,1777336407000
1777336409.486,209.486,0.47,0.48,0.52,0.53,0.01,0.01,77258.14,1777336408000
1777336409.894,209.894,0.48,0.49,0.51,0.52,0.01,0.01,77258.14,1777336408000
1777336410.229,210.229,0.46,0.49,0.51,0.53,0.03,0.02,77258.14,1777336408000
1777336410.64,210.64,0.48,0.49,0.51,0.53,0.01,0.02,77255.98,1777336409000
1777336411.059,211.059,0.48,0.49,0.51,0.52,0.01,0.01,77255.82,1777336410000
1777336411.404,211.404,0.48,0.49,0.51,0.52,0.01,0.01,77255.82,1777336410000
1777336411.776,211.776,0.48,0.49,0.51,0.52,0.01,0.01,77255.82,1777336410000
1777336412.193,212.193,0.48,0.52,0.51,0.52,0.04,0.01,77255.82,1777336410000
1777336412.675,212.675,0.5,0.51,0.49,0.5,0.01,0.01,77256.32,1777336411000
1777336413.057,213.057,0.5,0.51,0.49,0.5,0.01,0.01,77256.32,1777336411000
1777336413.418,213.418,0.5,0.52,0.49,0.5,0.02,0.01,77256.31,1777336412000
1777336413.769,213.769,0.49,0.5,0.48,0.57,0.01,0.09,77256.31,1777336412000
1777336414.165,214.165,0.49,0.5,0.5,0.51,0.01,0.01,77256.31,1777336412000
1777336414.653,214.653,0.49,0.5,0.5,0.51,0.01,0.01,77256.31,1777336412000
1777336415.087,215.087,0.57,0.58,0.41,0.45,0.01,0.04,77255.66,1777336413000
1777336415.506,215.506,0.57,0.58,0.42,0.43,0.01,0.01,77255.66,1777336413000
1777336415.868,215.868,0.57,0.58,0.42,0.43,0.01,0.01,77255.66,1777336413000
1777336416.449,216.449,0.5,0.56,0.43,0.44,0.06,0.01,77255.66,1777336413000
1777336416.786,216.786,0.5,0.51,0.49,0.5,0.01,0.01,77255.66,1777336413000
1777336417.457,217.457,0.49,0.5,0.49,0.51,0.01,0.02,77255.66,1777336413000
1777336417.913,217.913,0.48,0.49,0.51,0.52,0.01,0.01,77255.66,1777336413000
1777336418.267,218.267,0.48,0.49,0.51,0.52,0.01,0.01,77255.66,1777336413000
1777336418.605,218.605,0.46,0.48,0.52,0.54,0.02,0.02,77255.66,1777336413000
1777336418.95,218.95,0.46,0.47,0.53,0.54,0.01,0.01,77255.66,1777336413000
1777336419.387,219.387,0.46,0.47,0.53,0.54,0.01,0.01,77255.66,1777336413000
1777336419.795,219.795,0.46,0.47,0.53,0.54,0.01,0.01,77255.66,1777336413000
1777336420.424,220.424,0.46,0.47,0.53,0.54,0.01,0.01,77255.66,1777336413000
1777336420.782,220.782,0.46,0.47,0.53,0.54,0.01,0.01,77255.66,1777336413000
1777336421.27,221.27,0.46,0.47,0.53,0.54,0.01,0.01,77255.66,1777336413000
1777336421.817,221.817,0.44,0.47,0.53,0.54,0.03,0.01,77255.66,1777336413000
1777336422.168,222.168,0.45,0.46,0.45,0.56,0.01,0.11,77255.66,1777336413000
1777336422.64,222.64,0.5,0.51,0.54,0.55,0.01,0.01,77255.66,1777336413000
1777336423.012,223.012,0.5,0.51,0.49,0.5,0.01,0.01,77255.32,1777336421000
1777336423.354,223.354,0.51,0.52,0.48,0.49,0.01,0.01,77255.32,1777336421000
1777336423.778,223.778,0.54,0.55,0.45,0.46,0.01,0.01,77255.33,1777336422000
1777336424.388,224.388,0.54,0.55,0.45,0.46,0.01,0.01,77255.33,1777336422000
1777336425.072,225.072,0.54,0.55,0.45,0.46,0.01,0.01,77255.38,1777336423000
1777336425.421,225.421,0.51,0.52,0.45,0.5,0.01,0.05,77256.05,1777336424000
1777336426.239,226.239,0.53,0.54,0.46,0.49,0.01,0.03,77256.05,1777336424000
1777336426.71,226.71,0.54,0.55,0.45,0.46,0.01,0.01,77256.73,1777336425000
1777336427.064,227.064,0.42,0.54,0.46,0.58,0.12,0.12,77256.91,1777336426000
1777336427.438,227.438,0.49,0.5,0.5,0.51,0.01,0.01,77256.91,1777336426000
1777336427.771,227.771,0.52,0.53,0.47,0.48,0.01,0.01,77256.91,1777336426000
1777336428.2,228.2,0.53,0.55,0.45,0.47,0.02,0.02,77256.35,1777336427000
1777336428.54,228.54,0.54,0.55,0.45,0.46,0.01,0.01,77256.35,1777336427000
1777336429.03,229.03,0.54,0.56,0.45,0.46,0.02,0.01,77256.35,1777336427000
1777336429.364,229.364,0.55,0.57,0.44,0.45,0.02,0.01,77255.62,1777336428000
1777336429.775,229.775,0.56,0.57,0.43,0.44,0.01,0.01,77255.62,1777336428000
1777336430.122,230.122,0.56,0.57,0.43,0.44,0.01,0.01,77255.62,1777336428000
1777336430.544,230.544,0.56,0.57,0.43,0.44,0.01,0.01,77255.84,1777336429000
1777336430.882,230.882,0.52,0.57,0.41,0.44,0.05,0.03,77255.84,1777336429000
1777336431.284,231.284,0.51,0.55,0.45,0.46,0.04,0.01,77256.97,1777336430000
1777336431.618,231.618,0.54,0.55,0.45,0.46,0.01,0.01,77256.97,1777336430000
1777336432.035,232.035,0.54,0.55,0.45,0.46,0.01,0.01,77263.4,1777336431000
1777336432.499,232.499,0.49,0.5,0.41,0.42,0.01,0.01,77263.4,1777336431000
1777336432.84,232.84,0.49,0.5,0.5,0.51,0.01,0.01,77263.4,1777336431000
1777336433.215,233.215,0.55,0.56,0.44,0.5,0.01,0.06,77266.44,1777336432000
1777336433.643,233.643,0.57,0.58,0.42,0.43,0.01,0.01,77266.44,1777336432000
1777336434.058,234.058,0.58,0.59,0.41,0.42,0.01,0.01,77266.44,1777336432000
1777336434.437,234.437,0.58,0.59,0.41,0.42,0.01,0.01,77265.69,1777336433000
1777336435.24,235.24,0.58,0.59,0.41,0.42,0.01,0.01,77267.27,1777336434000
1777336435.813,235.813,0.59,0.6,0.4,0.42,0.01,0.02,77267.27,1777336434000
1777336436.249,236.249,0.59,0.6,0.4,0.41,0.01,0.01,77267.27,1777336434000
1777336436.639,236.639,0.58,0.6,0.4,0.41,0.02,0.01,77268.33,1777336435000
1777336436.987,236.987,0.5,0.54,0.44,0.55,0.04,0.11,77268.33,1777336435000
1777336437.365,237.365,0.5,0.51,0.49,0.5,0.01,0.01,77268.33,1777336435000
1777336437.753,237.753,0.51,0.52,0.48,0.49,0.01,0.01,77268.2,1777336436000
1777336438.09,238.09,0.53,0.54,0.44,0.55,0.01,0.11,77268.17,1777336437000
1777336438.448,238.448,0.46,0.47,0.47,0.56,0.01,0.09,77268.17,1777336437000
1777336438.789,238.789,0.46,0.52,0.53,0.54,0.06,0.01,77268.17,1777336437000
1777336439.125,239.125,0.51,0.53,0.48,0.54,0.02,0.06,77268.17,1777336437000
1777336439.51,239.51,0.52,0.53,0.47,0.48,0.01,0.01,77268.17,1777336437000
1777336439.934,239.934,0.52,0.53,0.47,0.48,0.01,0.01,77267.15,1777336438000
1777336440.379,240.379,0.5,0.51,0.47,0.49,0.01,0.02,77267.15,1777336438000
1777336440.877,240.877,0.39,0.4,0.59,0.61,0.01,0.02,77267.05,1777336439000
1777336441.24,241.24,0.35,0.36,0.63,0.64,0.01,0.01,77267.05,1777336439000
1777336441.591,241.591,0.29,0.3,0.67,0.71,0.01,0.04,77267.05,1777336439000
1777336442.042,242.042,0.27,0.28,0.71,0.72,0.01,0.01,77267.05,1777336440000
1777336442.481,242.481,0.28,0.29,0.7,0.71,0.01,0.01,77267.05,1777336440000
1777336442.815,242.815,0.29,0.3,0.7,0.71,0.01,0.01,77265.49,1777336441000
1777336443.192,243.192,0.3,0.31,0.69,0.7,0.01,0.01,77262.35,1777336442000
1777336443.566,243.566,0.35,0.38,0.57,0.68,0.03,0.11,77262.35,1777336442000
1777336444.188,244.188,0.35,0.36,0.64,0.65,0.01,0.01,77262.35,1777336442000
1777336444.558,244.558,0.33,0.34,0.66,0.67,0.01,0.01,77256.98,1777336443000
1777336445.022,245.022,0.32,0.34,0.66,0.67,0.02,0.01,77256.98,1777336443000
1777336445.363,245.363,0.33,0.34,0.67,0.68,0.01,0.01,77256.98,1777336443000
1777336445.755,245.755,0.38,0.39,0.61,0.63,0.01,0.02,77256.86,1777336444000
1777336446.464,246.464,0.4,0.41,0.56,0.62,0.01,0.06,77256.86,1777336444000
1777336447.348,247.348,0.42,0.43,0.58,0.6,0.01,0.02,77256.71,1777336445000
1777336447.99,247.99,0.38,0.42,0.58,0.59,0.04,0.01,77256.71,1777336446000
1777336448.443,248.443,0.38,0.39,0.61,0.62,0.01,0.01,77256.61,1777336447000
1777336448.908,248.908,0.38,0.39,0.61,0.62,0.01,0.01,77256.61,1777336447000
1777336449.478,249.478,0.36,0.39,0.61,0.64,0.03,0.03,77256.78,1777336448000
1777336449.988,249.988,0.35,0.36,0.64,0.65,0.01,0.01,77256.78,1777336448000
1777336450.386,250.386,0.35,0.36,0.64,0.65,0.01,0.01,77256.58,1777336449000
1777336450.829,250.829,0.34,0.45,0.64,0.67,0.11,0.03,77256.58,1777336449000
1777336451.172,251.172,0.34,0.35,0.64,0.66,0.01,0.02,77256.58,1777336449000
1777336451.56,251.56,0.34,0.35,0.65,0.66,0.01,0.01,77256.58,1777336449000
1777336452.036,252.036,0.33,0.34,0.65,0.67,0.01,0.02,77257.46,1777336450000
1777336452.402,252.402,0.32,0.34,0.66,0.68,0.02,0.02,77257.14,1777336451000
1777336452.737,252.737,0.31,0.32,0.67,0.69,0.01,0.02,77257.14,1777336451000
1777336453.084,253.084,0.31,0.32,0.68,0.69,0.01,0.01,77257.14,1777336451000
1777336453.446,253.446,0.31,0.32,0.68,0.7,0.01,0.02,77257.14,1777336452000
1777336453.789,253.789,0.31,0.32,0.68,0.69,0.01,0.01,77257.14,1777336452000
1777336454.222,254.222,0.31,0.32,0.68,0.69,0.01,0.01,77257.14,1777336452000
1777336454.636,254.636,0.31,0.32,0.68,0.69,0.01,0.01,77257.14,1777336453000
1777336455.03,255.03,0.39,0.4,0.6,0.61,0.01,0.01,77257.14,1777336453000
1777336455.459,255.459,0.39,0.4,0.6,0.61,0.01,0.01,77257.14,1777336454000
1777336455.839,255.839,0.37,0.39,0.6,0.62,0.02,0.02,77257.14,1777336454000
1777336456.295,256.295,0.36,0.38,0.61,0.63,0.02,0.02,77257.14,1777336454000
1777336456.67,256.67,0.36,0.37,0.63,0.64,0.01,0.01,77256.72,1777336455000
1777336457.014,257.014,0.36,0.37,0.63,0.64,0.01,0.01,77256.72,1777336455000
1777336457.364,257.364,0.36,0.37,0.63,0.64,0.01,0.01,77256.72,1777336455000
1777336457.854,257.854,0.36,0.37,0.63,0.64,0.01,0.01,77256.72,1777336456000
1777336458.196,258.196,0.36,0.37,0.63,0.64,0.01,0.01,77256.72,1777336456000
1777336458.63,258.63,0.35,0.36,0.64,0.65,0.01,0.01,77256.72,1777336457000
1777336458.967,258.967,0.36,0.37,0.63,0.65,0.01,0.02,77256.72,1777336457000
1777336459.309,259.309,0.36,0.37,0.63,0.64,0.01,0.01,77256.72,1777336457000
1777336459.835,259.835,0.37,0.38,0.63,0.64,0.01,0.01,77256.54,1777336458000
1777336460.281,260.281,0.37,0.38,0.62,0.63,0.01,0.01,77256.28,1777336459000
1777336460.664,260.664,0.38,0.39,0.61,0.62,0.01,0.01,77256.28,1777336459000
1777336461.074,261.074,0.38,0.4,0.6,0.62,0.02,0.02,77255.96,1777336460000
1777336461.428,261.428,0.39,0.4,0.6,0.61,0.01,0.01,77255.96,1777336460000
1777336461.782,261.782,0.38,0.39,0.6,0.62,0.01,0.02,77255.96,1777336460000
1777336462.187,262.187,0.37,0.38,0.61,0.63,0.01,0.02,77255.96,1777336461000
1777336462.536,262.536,0.37,0.38,0.62,0.63,0.01,0.01,77255.96,1777336461000
1777336462.977,262.977,0.37,0.38,0.62,0.63,0.01,0.01,77255.96,1777336461000
1777336463.643,263.643,0.37,0.38,0.62,0.63,0.01,0.01,77255.75,1777336462000
1777336463.983,263.983,0.37,0.38,0.62,0.63,0.01,0.01,77255.75,1777336462000
1777336464.346,264.346,0.3,0.31,0.69,0.7,0.01,0.01,77255.69,1777336463000
1777336464.686,264.686,0.32,0.33,0.67,0.68,0.01,0.01,77255.69,1777336463000
1777336465.203,265.203,0.32,0.33,0.65,0.69,0.01,0.04,77255.69,1777336463000
1777336465.594,265.594,0.33,0.34,0.66,0.67,0.01,0.01,77255.7,1777336464000
1777336465.946,265.946,0.35,0.36,0.64,0.65,0.01,0.01,77255.7,1777336464000
1777336466.466,266.466,0.35,0.36,0.64,0.65,0.01,0.01,77250.57,1777336465000
1777336466.863,266.863,0.34,0.35,0.64,0.65,0.01,0.01,77250.57,1777336465000
1777336467.337,267.337,0.34,0.35,0.65,0.66,0.01,0.01,77248.78,1777336466000
1777336467.747,267.747,0.34,0.35,0.65,0.66,0.01,0.01,77248.78,1777336466000
1777336468.29,268.29,0.34,0.35,0.65,0.66,0.01,0.01,77246.97,1777336467000
1777336469.117,269.117,0.34,0.35,0.65,0.66,0.01,0.01,77246.97,1777336467000
1777336469.489,269.489,0.34,0.35,0.65,0.66,0.01,0.01,77246.26,1777336468000
1777336469.877,269.877,0.34,0.35,0.65,0.66,0.01,0.01,77246.26,1777336468000
1777336470.22,270.22,0.35,0.36,0.64,0.65,0.01,0.01,77246.06,1777336469000
1777336470.565,270.565,0.35,0.36,0.64,0.65,0.01,0.01,77246.06,1777336469000
1777336470.913,270.913,0.35,0.36,0.64,0.65,0.01,0.01,77246.06,1777336469000
1777336471.448,271.448,0.34,0.35,0.64,0.65,0.01,0.01,77246.16,1777336470000
1777336471.79,271.79,0.3,0.31,0.69,0.7,0.01,0.01,77246.16,1777336470000
1777336472.138,272.138,0.29,0.3,0.7,0.71,0.01,0.01,77243.19,1777336471000
1777336472.56,272.56,0.28,0.29,0.71,0.72,0.01,0.01,77243.19,1777336471000
1777336472.966,272.966,0.26,0.28,0.72,0.73,0.02,0.01,77243.19,1777336471000
1777336473.305,273.305,0.2,0.22,0.75,0.8,0.02,0.05,77236.29,1777336472000
1777336473.796,273.796,0.22,0.23,0.77,0.79,0.01,0.02,77236.29,1777336472000
1777336474.154,274.154,0.2,0.21,0.79,0.8,0.01,0.01,77236.29,1777336472000
1777336474.551,274.551,0.17,0.18,0.82,0.83,0.01,0.01,77232.38,1777336473000
1777336474.943,274.943,0.16,0.17,0.8,0.84,0.01,0.04,77232.38,1777336473000
1777336475.304,275.304,0.16,0.18,0.83,0.84,0.02,0.01,77232.38,1777336473000
1777336475.707,275.707,0.15,0.16,0.82,0.83,0.01,0.01,77226.67,1777336474000
1777336476.054,276.054,0.15,0.16,0.84,0.85,0.01,0.01,77226.67,1777336474000
1777336476.45,276.45,0.16,0.17,0.83,0.85,0.01,0.02,77224.5,1777336475000
1777336476.874,276.874,0.16,0.18,0.83,0.84,0.02,0.01,77224.5,1777336475000
1777336477.226,277.226,0.15,0.16,0.82,0.84,0.01,0.02,77223.38,1777336476000
1777336477.578,277.578,0.15,0.16,0.84,0.85,0.01,0.01,77223.38,1777336476000
1777336477.935,277.935,0.13,0.14,0.86,0.87,0.01,0.01,77223.38,1777336476000
1777336478.301,278.301,0.13,0.14,0.85,0.86,0.01,0.01,77223.38,1777336476000
1777336478.65,278.65,0.12,0.13,0.87,0.88,0.01,0.01,77220.86,1777336477000
1777336478.987,278.987,0.12,0.13,0.87,0.88,0.01,0.01,77220.86,1777336477000
1777336479.416,279.416,0.14,0.17,0.85,0.87,0.03,0.02,77220.88,1777336478000
1777336479.891,279.891,0.16,0.19,0.83,0.84,0.03,0.01,77220.88,1777336478000
1777336480.433,280.433,0.18,0.19,0.81,0.84,0.01,0.03,77220.88,1777336478000
1777336480.85,280.85,0.11,0.13,0.81,0.82,0.02,0.01,77222.02,1777336479000
1777336481.216,281.216,0.11,0.12,0.88,0.89,0.01,0.01,77219.53,1777336480000
1777336481.555,281.555,0.11,0.12,0.88,0.89,0.01,0.01,77219.53,1777336480000
1777336481.932,281.932,0.12,0.13,0.87,0.88,0.01,0.01,77219.53,1777336480000
1777336482.316,282.316,0.1,0.11,0.87,0.9,0.01,0.03,77220.16,1777336481000
1777336482.655,282.655,0.1,0.11,0.89,0.9,0.01,0.01,77220.16,1777336481000
1777336483.087,283.087,0.1,0.11,0.89,0.9,0.01,0.01,77219.15,1777336482000
1777336483.515,283.515,0.1,0.11,0.89,0.9,0.01,0.01,77219.15,1777336482000
1777336483.86,283.86,0.08,0.09,0.91,0.92,0.01,0.01,77219.15,1777336482000
1777336484.207,284.207,0.08,0.09,0.91,0.92,0.01,0.01,77219.15,1777336482000
1777336484.555,284.555,0.08,0.09,0.91,0.92,0.01,0.01,77218.01,1777336483000
1777336484.89,284.89,0.08,0.09,0.91,0.92,0.01,0.01,77218.01,1777336483000
1777336485.229,285.229,0.07,0.08,0.91,0.92,0.01,0.01,77218.01,1777336483000
1777336485.577,285.577,0.07,0.08,0.92,0.93,0.01,0.01,77216.81,1777336484000
1777336485.919,285.919,0.07,0.08,0.92,0.93,0.01,0.01,77216.81,1777336484000
1777336486.343,286.343,0.07,0.08,0.92,0.93,0.01,0.01,77215.54,1777336485000
1777336486.776,286.776,0.07,0.08,0.92,0.93,0.01,0.01,77215.54,1777336485000
1777336487.204,287.204,0.07,0.08,0.91,0.93,0.01,0.02,77215.54,1777336485000
1777336487.589,287.589,0.07,0.08,0.92,0.93,0.01,0.01,77213.97,1777336486000
1777336488.02,288.02,0.06,0.07,0.93,0.94,0.01,0.01,77213.36,1777336487000
1777336488.389,288.389,0.08,0.09,0.91,0.92,0.01,0.01,77213.36,1777336487000
1777336488.758,288.758,0.08,0.09,0.91,0.92,0.01,0.01,77213.36,1777336487000
1777336489.25,289.25,0.05,0.06,0.94,0.95,0.01,0.01,77213.5,1777336488000
1777336489.613,289.613,0.05,0.06,0.94,0.95,0.01,0.01,77213.5,1777336488000
1777336490.358,290.358,0.05,0.06,0.94,0.95,0.01,0.01,77213.5,1777336488000
1777336490.699,290.699,0.05,0.06,0.94,0.95,0.01,0.01,77212.84,1777336489000
1777336491.05,291.05,0.1,0.11,0.89,0.9,0.01,0.01,77212.84,1777336489000
1777336491.413,291.413,0.06,0.6,0.93,0.94,0.54,0.01,77212.84,1777336489000
1777336491.811,291.811,0.05,0.06,0.94,0.95,0.01,0.01,77213.1,1777336490000
1777336492.204,292.204,0.03,0.5,0.3,0.97,0.47,0.67,77213.1,1777336491000
1777336492.571,292.571,0.14,0.17,0.82,0.87,0.03,0.05,77213.1,1777336491000
1777336492.922,292.922,0.32,0.61,0.67,0.68,0.29,0.01,77213.1,1777336491000
1777336493.258,293.258,0.03,0.07,0.94,0.99,0.04,0.05,77212.67,1777336492000
1777336493.6,293.6,0.38,0.9,0.61,0.62,0.52,0.01,77212.67,1777336492000
1777336493.945,293.945,0.08,0.9,0.25,0.93,0.82,0.68,77212.67,1777336492000
1777336494.289,294.289,0.21,0.22,0.8,0.94,0.01,0.14,77213.68,1777336493000
1777336494.665,294.665,0.03,0.14,0.86,0.97,0.11,0.11,77213.68,1777336493000
1777336495.0,295.0,0.01,0.92,0.89,0.99,0.91,0.1,77213.68,1777336493000
1777336495.403,295.403,0.01,0.91,0.08,0.99,0.9,0.91,77217.11,1777336494000
1777336496.195,296.195,0.01,0.02,0.94,0.99,0.01,0.05,77217.11,1777336494000
1777336496.547,296.547,0.01,0.05,0.95,0.99,0.04,0.04,77218.45,1777336495000
1777336496.941,296.941,0.01,0.01,0.97,0.99,0.0,0.02,77218.45,1777336495000
1777336497.33,297.33,0.01,0.01,0.99,0.99,0.0,0.0,77218.45,1777336495000
1777336497.722,297.722,0.01,0.01,0.99,0.99,0.0,0.0,77219.53,1777336496000
1777336498.102,298.102,0.01,0.01,0.99,0.99,0.0,0.0,77218.36,1777336497000
1777336498.66,298.66,0.01,0.01,0.99,0.99,0.0,0.0,77218.36,1777336497000
1777336498.996,298.996,0.2,0.92,0.08,0.8,0.72,0.72,77218.36,1777336497000
1777336499.334,299.334,0.12,0.41,0.56,0.88,0.29,0.32,77218.08,1777336498000
1777336499.89,299.89,0.01,0.37,0.98,0.99,0.36,0.01,77218.08,1777336498000
1777336500.225,300.225,0.01,0.01,0.99,0.99,0.0,0.0,77218.08,1777336498000
1777336500.56,300.56,0.01,0.01,0.99,0.99,0.0,0.0,77218.08,1777336498000
1777336500.99,300.99,0.01,0.01,0.99,0.99,0.0,0.0,77221.87,1777336500000
1777336502.092,302.092,0.01,0.01,0.99,0.99,0.0,0.0,77226.74,1777336501000

# RESULT,winner=Down,slug=btc-updown-5m-1777336200,ticks=698
