timestamp,elapsed_sec,up_bid,up_ask,down_bid,down_ask,up_spread,down_spread,btc_price
1775829900.544,0.544,0.46,0.48,0.52,0.54,0.02,0.02,72453.2
1775829900.881,0.881,0.49,0.5,0.5,0.51,0.01,0.01,72454.52
1775829901.31,1.31,0.5,0.51,0.49,0.5,0.01,0.01,72455.3
1775829901.738,1.738,0.49,0.5,0.49,0.51,0.01,0.02,72455.3
1775829902.077,2.077,0.49,0.51,0.49,0.51,0.02,0.02,72450.16
1775829902.436,2.436,0.54,0.56,0.44,0.46,0.02,0.02,72450.16
1775829902.78,2.78,0.55,0.56,0.44,0.45,0.01,0.01,72450.16
1775829903.146,3.146,0.55,0.56,0.44,0.45,0.01,0.01,72463.46
1775829903.669,3.669,0.55,0.56,0.44,0.45,0.01,0.01,72463.46
1775829904.002,4.002,0.56,0.57,0.43,0.44,0.01,0.01,72463.46
1775829904.37,4.37,0.56,0.57,0.43,0.44,0.01,0.01,72476.6
1775829904.781,4.781,0.54,0.57,0.43,0.44,0.03,0.01,72476.6
1775829905.117,5.117,0.56,0.57,0.43,0.44,0.01,0.01,72477.97
1775829905.457,5.457,0.56,0.57,0.43,0.44,0.01,0.01,72477.97
1775829905.79,5.79,0.56,0.57,0.43,0.44,0.01,0.01,72477.97
1775829906.233,6.233,0.59,0.6,0.4,0.41,0.01,0.01,72478.01
1775829906.584,6.584,0.59,0.6,0.4,0.41,0.01,0.01,72478.01
1775829906.942,6.942,0.59,0.6,0.4,0.41,0.01,0.01,72478.01
1775829907.544,7.544,0.59,0.6,0.4,0.41,0.01,0.01,72482.66
1775829907.94,7.94,0.59,0.6,0.4,0.41,0.01,0.01,72482.66
1775829908.277,8.277,0.59,0.6,0.4,0.41,0.01,0.01,72491.26
1775829908.664,8.664,0.58,0.59,0.41,0.42,0.01,0.01,72491.26
1775829909.023,9.023,0.58,0.59,0.41,0.42,0.01,0.01,72491.26
1775829909.396,9.396,0.58,0.59,0.41,0.42,0.01,0.01,72491.7
1775829909.767,9.767,0.58,0.59,0.41,0.42,0.01,0.01,72491.7
1775829910.119,10.119,0.58,0.59,0.41,0.42,0.01,0.01,72491.7
1775829910.455,10.455,0.58,0.59,0.41,0.42,0.01,0.01,72490.64
1775829910.796,10.796,0.58,0.61,0.41,0.42,0.03,0.01,72490.64
1775829911.154,11.154,0.6,0.61,0.39,0.4,0.01,0.01,72490.64
1775829911.509,11.509,0.61,0.62,0.37,0.39,0.01,0.02,72490.53
1775829911.905,11.905,0.61,0.62,0.38,0.39,0.01,0.01,72490.53
1775829912.263,12.263,0.61,0.62,0.38,0.39,0.01,0.01,72492.4
1775829912.665,12.665,0.61,0.62,0.38,0.39,0.01,0.01,72492.4
1775829913.032,13.032,0.61,0.62,0.38,0.39,0.01,0.01,72492.4
1775829913.401,13.401,0.61,0.62,0.38,0.39,0.01,0.01,72498.56
1775829913.777,13.777,0.61,0.62,0.38,0.39,0.01,0.01,72498.56
1775829914.148,14.148,0.61,0.62,0.38,0.39,0.01,0.01,72498.56
1775829914.518,14.518,0.61,0.62,0.38,0.39,0.01,0.01,72496.55
1775829915.266,15.266,0.61,0.62,0.38,0.39,0.01,0.01,72496.55
1775829915.623,15.623,0.61,0.62,0.38,0.39,0.01,0.01,72496.63
1775829916.279,16.279,0.6,0.61,0.38,0.4,0.01,0.02,72496.33
1775829916.652,16.652,0.6,0.61,0.39,0.4,0.01,0.01,72496.33
1775829917.053,17.053,0.62,0.63,0.37,0.38,0.01,0.01,72496.88
1775829917.578,17.578,0.62,0.63,0.37,0.38,0.01,0.01,72496.88
1775829917.975,17.975,0.62,0.63,0.37,0.38,0.01,0.01,72496.19
1775829918.337,18.337,0.62,0.63,0.37,0.38,0.01,0.01,72496.19
1775829918.792,18.792,0.62,0.63,0.37,0.38,0.01,0.01,72496.19
1775829919.16,19.16,0.62,0.63,0.37,0.38,0.01,0.01,72497.89
1775829919.513,19.513,0.62,0.63,0.37,0.38,0.01,0.01,72497.89
1775829920.021,20.021,0.62,0.63,0.37,0.38,0.01,0.01,72497.89
1775829920.389,20.389,0.62,0.63,0.37,0.38,0.01,0.01,72497.02
1775829920.727,20.727,0.62,0.63,0.37,0.38,0.01,0.01,72497.02
1775829921.18,21.18,0.62,0.63,0.37,0.38,0.01,0.01,72497.03
1775829921.761,21.761,0.63,0.64,0.36,0.38,0.01,0.02,72497.03
1775829922.144,22.144,0.63,0.64,0.36,0.37,0.01,0.01,72497.03
1775829922.628,22.628,0.63,0.64,0.36,0.37,0.01,0.01,72497.09
1775829923.172,23.172,0.63,0.64,0.36,0.37,0.01,0.01,72497.09
1775829923.577,23.577,0.61,0.62,0.38,0.39,0.01,0.01,72497.09
1775829923.985,23.985,0.6,0.61,0.39,0.4,0.01,0.01,72496.67
1775829924.335,24.335,0.6,0.61,0.39,0.4,0.01,0.01,72498.03
1775829924.87,24.87,0.6,0.61,0.39,0.4,0.01,0.01,72498.03
1775829925.272,25.272,0.6,0.61,0.39,0.4,0.01,0.01,72498.03
1775829925.627,25.627,0.61,0.62,0.38,0.39,0.01,0.01,72496.66
1775829925.977,25.977,0.61,0.62,0.38,0.39,0.01,0.01,72496.66
1775829926.43,26.43,0.61,0.62,0.38,0.39,0.01,0.01,72496.66
1775829926.773,26.773,0.63,0.64,0.36,0.39,0.01,0.03,72494.28
1775829927.122,27.122,0.62,0.63,0.37,0.38,0.01,0.01,72494.28
1775829927.478,27.478,0.62,0.63,0.37,0.38,0.01,0.01,72494.28
1775829927.862,27.862,0.62,0.63,0.37,0.38,0.01,0.01,72495.19
1775829928.32,28.32,0.64,0.65,0.35,0.36,0.01,0.01,72495.19
1775829928.686,28.686,0.64,0.65,0.35,0.36,0.01,0.01,72498.36
1775829929.078,29.078,0.64,0.65,0.35,0.36,0.01,0.01,72498.36
1775829929.421,29.421,0.69,0.7,0.3,0.31,0.01,0.01,72500.79
1775829930.002,30.002,0.69,0.7,0.3,0.31,0.01,0.01,72500.79
1775829930.343,30.343,0.69,0.7,0.3,0.31,0.01,0.01,72504.51
1775829930.687,30.687,0.69,0.7,0.3,0.31,0.01,0.01,72504.51
1775829931.141,31.141,0.7,0.71,0.29,0.31,0.01,0.02,72504.51
1775829931.493,31.493,0.72,0.75,0.25,0.28,0.03,0.03,72504.51
1775829931.849,31.849,0.72,0.75,0.25,0.28,0.03,0.03,72519.26
1775829932.198,32.198,0.72,0.83,0.18,0.28,0.11,0.1,72519.26
1775829932.533,32.533,0.72,0.73,0.26,0.28,0.01,0.02,72539.93
1775829932.874,32.874,0.74,0.75,0.25,0.26,0.01,0.01,72539.93
1775829933.208,33.208,0.72,0.74,0.26,0.28,0.02,0.02,72539.93
1775829933.553,33.553,0.77,0.78,0.22,0.23,0.01,0.01,72539.93
1775829933.893,33.893,0.76,0.79,0.21,0.23,0.03,0.02,72532.1
1775829934.25,34.25,0.79,0.8,0.2,0.21,0.01,0.01,72532.1
1775829934.612,34.612,0.77,0.79,0.21,0.24,0.02,0.03,72525.6
1775829934.954,34.954,0.76,0.78,0.22,0.24,0.02,0.02,72525.6
1775829935.29,35.29,0.74,0.77,0.23,0.26,0.03,0.03,72525.6
1775829935.676,35.676,0.73,0.74,0.24,0.27,0.01,0.03,72529.23
1775829936.064,36.064,0.73,0.74,0.26,0.28,0.01,0.02,72529.23
1775829936.46,36.46,0.72,0.74,0.26,0.27,0.02,0.01,72529.68
1775829936.793,36.793,0.7,0.73,0.27,0.3,0.03,0.03,72529.68
1775829937.138,37.138,0.69,0.72,0.28,0.31,0.03,0.03,72521.6
1775829937.475,37.475,0.66,0.67,0.33,0.34,0.01,0.01,72521.6
1775829937.855,37.855,0.64,0.66,0.33,0.36,0.02,0.03,72521.6
1775829938.323,38.323,0.62,0.63,0.35,0.38,0.01,0.03,72521.6
1775829938.68,38.68,0.63,0.64,0.36,0.37,0.01,0.01,72500.6
1775829939.07,39.07,0.63,0.64,0.36,0.37,0.01,0.01,72500.6
1775829939.48,39.48,0.63,0.64,0.36,0.37,0.01,0.01,72492.11
1775829939.89,39.89,0.63,0.64,0.36,0.37,0.01,0.01,72492.11
1775829940.284,40.284,0.66,0.67,0.33,0.34,0.01,0.01,72488.84
1775829940.633,40.633,0.66,0.67,0.33,0.34,0.01,0.01,72488.84
1775829941.065,41.065,0.66,0.67,0.33,0.34,0.01,0.01,72488.84
1775829941.513,41.513,0.66,0.67,0.33,0.34,0.01,0.01,72488.84
1775829941.849,41.849,0.66,0.67,0.33,0.34,0.01,0.01,72496.32
1775829942.243,42.243,0.66,0.68,0.32,0.34,0.02,0.02,72497.67
1775829942.637,42.637,0.67,0.68,0.32,0.33,0.01,0.01,72497.67
1775829942.984,42.984,0.65,0.67,0.32,0.35,0.02,0.03,72497.67
1775829943.328,43.328,0.66,0.67,0.33,0.34,0.01,0.01,72497.67
1775829943.697,43.697,0.66,0.67,0.33,0.34,0.01,0.01,72495.93
1775829944.055,44.055,0.66,0.68,0.33,0.34,0.02,0.01,72495.93
1775829944.389,44.389,0.68,0.7,0.3,0.32,0.02,0.02,72495.93
1775829944.74,44.74,0.68,0.7,0.31,0.32,0.02,0.01,72493.78
1775829945.178,45.178,0.7,0.71,0.29,0.31,0.01,0.02,72493.78
1775829945.517,45.517,0.7,0.71,0.29,0.3,0.01,0.01,72493.78
1775829945.875,45.875,0.69,0.71,0.29,0.3,0.02,0.01,72493.78
1775829946.297,46.297,0.69,0.71,0.29,0.31,0.02,0.02,72498.65
1775829946.657,46.657,0.68,0.69,0.31,0.32,0.01,0.01,72498.65
1775829947.002,47.002,0.68,0.69,0.31,0.32,0.01,0.01,72498.65
1775829947.354,47.354,0.68,0.69,0.31,0.32,0.01,0.01,72498.65
1775829947.709,47.709,0.68,0.69,0.31,0.32,0.01,0.01,72504.09
1775829948.059,48.059,0.67,0.68,0.32,0.33,0.01,0.01,72504.09
1775829948.513,48.513,0.67,0.68,0.32,0.33,0.01,0.01,72504.09
1775829948.855,48.855,0.65,0.66,0.34,0.35,0.01,0.01,72504.09
1775829949.221,49.221,0.61,0.63,0.37,0.39,0.02,0.02,72504.09
1775829949.586,49.586,0.6,0.61,0.39,0.4,0.01,0.01,72503.24
1775829949.923,49.923,0.58,0.6,0.4,0.42,0.02,0.02,72503.24
1775829950.346,50.346,0.53,0.55,0.45,0.47,0.02,0.02,72503.24
1775829950.687,50.687,0.52,0.54,0.45,0.47,0.02,0.02,72503.24
1775829951.021,51.021,0.51,0.54,0.46,0.49,0.03,0.03,72499.52
1775829951.365,51.365,0.46,0.5,0.5,0.54,0.04,0.04,72499.52
1775829951.706,51.706,0.45,0.48,0.52,0.55,0.03,0.03,72476.53
1775829952.083,52.083,0.45,0.46,0.54,0.55,0.01,0.01,72476.53
1775829952.416,52.416,0.45,0.46,0.54,0.55,0.01,0.01,72465.02
1775829952.759,52.759,0.43,0.46,0.54,0.55,0.03,0.01,72465.02
1775829953.096,53.096,0.45,0.46,0.54,0.55,0.01,0.01,72465.02
1775829953.483,53.483,0.45,0.46,0.54,0.55,0.01,0.01,72465.02
1775829953.824,53.824,0.44,0.45,0.55,0.56,0.01,0.01,72443.43
1775829954.195,54.195,0.44,0.45,0.55,0.56,0.01,0.01,72443.43
1775829954.732,54.732,0.44,0.45,0.55,0.56,0.01,0.01,72438.36
1775829955.107,55.107,0.43,0.45,0.55,0.57,0.02,0.02,72438.36
1775829955.487,55.487,0.44,0.46,0.55,0.56,0.02,0.01,72438.36
1775829955.836,55.836,0.45,0.47,0.54,0.55,0.02,0.01,72439.38
1775829956.175,56.175,0.46,0.47,0.53,0.54,0.01,0.01,72439.38
1775829956.528,56.528,0.46,0.47,0.53,0.54,0.01,0.01,72439.38
1775829956.899,56.899,0.46,0.47,0.53,0.54,0.01,0.01,72439.38
1775829957.25,57.25,0.46,0.47,0.53,0.54,0.01,0.01,72439.38
1775829957.587,57.587,0.44,0.46,0.54,0.56,0.02,0.02,72440.87
1775829957.953,57.953,0.42,0.44,0.55,0.58,0.02,0.03,72440.87
1775829958.383,58.383,0.43,0.44,0.56,0.57,0.01,0.01,72443.58
1775829958.729,58.729,0.43,0.44,0.56,0.57,0.01,0.01,72443.58
1775829959.065,59.065,0.44,0.45,0.55,0.56,0.01,0.01,72443.58
1775829959.428,59.428,0.44,0.46,0.55,0.56,0.02,0.01,72443.58
1775829959.849,59.849,0.45,0.46,0.54,0.55,0.01,0.01,72442.68
1775829960.357,60.357,0.45,0.46,0.52,0.55,0.01,0.03,72442.43
1775829960.758,60.758,0.49,0.51,0.49,0.51,0.02,0.02,72442.43
1775829961.185,61.185,0.49,0.5,0.5,0.51,0.01,0.01,72442.43
1775829961.555,61.555,0.49,0.5,0.5,0.51,0.01,0.01,72442.43
1775829961.91,61.91,0.52,0.53,0.47,0.48,0.01,0.01,72443.75
1775829962.272,62.272,0.53,0.55,0.45,0.47,0.02,0.02,72447.73
1775829962.635,62.635,0.55,0.57,0.44,0.45,0.02,0.01,72447.73
1775829962.971,62.971,0.56,0.58,0.42,0.44,0.02,0.02,72447.73
1775829963.305,63.305,0.58,0.59,0.41,0.43,0.01,0.02,72457.64
1775829963.649,63.649,0.58,0.6,0.41,0.42,0.02,0.01,72457.64
1775829964.009,64.009,0.59,0.6,0.4,0.41,0.01,0.01,72457.64
1775829964.365,64.365,0.59,0.6,0.4,0.41,0.01,0.01,72470.41
1775829964.715,64.715,0.59,0.6,0.4,0.41,0.01,0.01,72470.41
1775829965.11,65.11,0.59,0.6,0.4,0.41,0.01,0.01,72470.41
1775829965.473,65.473,0.6,0.61,0.39,0.4,0.01,0.01,72482.45
1775829965.856,65.856,0.6,0.61,0.39,0.4,0.01,0.01,72482.45
1775829966.237,66.237,0.6,0.61,0.39,0.4,0.01,0.01,72485.99
1775829966.782,66.782,0.61,0.62,0.38,0.39,0.01,0.01,72485.99
1775829967.214,67.214,0.61,0.62,0.38,0.39,0.01,0.01,72486.52
1775829967.559,67.559,0.61,0.62,0.38,0.39,0.01,0.01,72486.52
1775829968.201,68.201,0.61,0.62,0.38,0.39,0.01,0.01,72487.35
1775829968.666,68.666,0.61,0.62,0.38,0.39,0.01,0.01,72487.35
1775829969.086,69.086,0.6,0.62,0.38,0.39,0.02,0.01,72488.16
1775829969.664,69.664,0.6,0.61,0.39,0.4,0.01,0.01,72488.16
1775829970.057,70.057,0.6,0.61,0.39,0.4,0.01,0.01,72488.16
1775829970.399,70.399,0.61,0.62,0.38,0.39,0.01,0.01,72488.47
1775829970.748,70.748,0.62,0.63,0.37,0.38,0.01,0.01,72488.47
1775829971.105,71.105,0.62,0.63,0.37,0.38,0.01,0.01,72488.47
1775829971.503,71.503,0.62,0.63,0.37,0.38,0.01,0.01,72485.84
1775829971.983,71.983,0.62,0.64,0.37,0.38,0.02,0.01,72485.84
1775829972.497,72.497,0.63,0.64,0.36,0.37,0.01,0.01,72487.18
1775829973.023,73.023,0.63,0.64,0.36,0.37,0.01,0.01,72487.18
1775829973.492,73.492,0.61,0.62,0.37,0.39,0.01,0.02,72488.95
1775829973.842,73.842,0.61,0.63,0.37,0.39,0.02,0.02,72488.95
1775829974.258,74.258,0.61,0.63,0.37,0.39,0.02,0.02,72493.17
1775829974.669,74.669,0.61,0.62,0.38,0.39,0.01,0.01,72493.17
1775829975.002,75.002,0.6,0.62,0.38,0.39,0.02,0.01,72493.17
1775829975.663,75.663,0.6,0.61,0.39,0.4,0.01,0.01,72493.17
1775829976.174,76.174,0.63,0.64,0.36,0.37,0.01,0.01,72488.21
1775829976.509,76.509,0.63,0.64,0.36,0.37,0.01,0.01,72486.88
1775829976.972,76.972,0.64,0.65,0.36,0.37,0.01,0.01,72486.88
1775829977.325,77.325,0.64,0.65,0.35,0.36,0.01,0.01,72486.4
1775829977.835,77.835,0.64,0.66,0.35,0.36,0.02,0.01,72486.4
1775829978.258,78.258,0.66,0.67,0.33,0.35,0.01,0.02,72493.08
1775829978.824,78.824,0.68,0.69,0.31,0.34,0.01,0.03,72493.08
1775829979.203,79.203,0.7,0.72,0.28,0.29,0.02,0.01,72493.84
1775829979.56,79.56,0.71,0.72,0.28,0.29,0.01,0.01,72493.84
1775829979.9,79.9,0.71,0.72,0.27,0.29,0.01,0.02,72493.84
1775829980.342,80.342,0.71,0.72,0.28,0.29,0.01,0.01,72493.84
1775829980.682,80.682,0.71,0.72,0.28,0.29,0.01,0.01,72502.15
1775829981.13,81.13,0.71,0.72,0.28,0.29,0.01,0.01,72502.15
1775829981.51,81.51,0.71,0.72,0.28,0.29,0.01,0.01,72514.28
1775829981.863,81.863,0.7,0.71,0.29,0.3,0.01,0.01,72514.28
1775829982.309,82.309,0.69,0.7,0.29,0.31,0.01,0.02,72513.69
1775829982.692,82.692,0.7,0.71,0.29,0.3,0.01,0.01,72513.69
1775829983.044,83.044,0.7,0.72,0.28,0.3,0.02,0.02,72510.88
1775829983.53,83.53,0.71,0.72,0.28,0.29,0.01,0.01,72510.88
1775829983.998,83.998,0.72,0.73,0.27,0.28,0.01,0.01,72507.16
1775829984.644,84.644,0.72,0.73,0.27,0.28,0.01,0.01,72507.16
1775829985.301,85.301,0.72,0.73,0.27,0.28,0.01,0.01,72512.4
1775829985.753,85.753,0.72,0.73,0.27,0.28,0.01,0.01,72512.4
1775829986.35,86.35,0.72,0.73,0.27,0.28,0.01,0.01,72513.73
1775829986.781,86.781,0.72,0.73,0.27,0.28,0.01,0.01,72513.73
1775829987.154,87.154,0.72,0.73,0.27,0.28,0.01,0.01,72513.81
1775829987.572,87.572,0.72,0.73,0.27,0.28,0.01,0.01,72513.81
1775829987.934,87.934,0.72,0.75,0.26,0.28,0.03,0.02,72513.81
1775829988.522,88.522,0.76,0.77,0.23,0.24,0.01,0.01,72517.61
1775829988.867,88.867,0.78,0.79,0.22,0.24,0.01,0.02,72517.61
1775829989.237,89.237,0.78,0.79,0.21,0.22,0.01,0.01,72517.61
1775829989.625,89.625,0.78,0.79,0.21,0.22,0.01,0.01,72517.61
1775829990.236,90.236,0.78,0.79,0.21,0.22,0.01,0.01,72522.41
1775829990.631,90.631,0.78,0.79,0.21,0.22,0.01,0.01,72534.61
1775829991.183,91.183,0.78,0.79,0.21,0.22,0.01,0.01,72535.27
1775829991.543,91.543,0.79,0.8,0.2,0.21,0.01,0.01,72535.27
1775829991.884,91.884,0.8,0.81,0.19,0.2,0.01,0.01,72535.27
1775829992.374,92.374,0.81,0.82,0.18,0.2,0.01,0.02,72536.28
1775829992.758,92.758,0.81,0.82,0.18,0.19,0.01,0.01,72536.28
1775829993.126,93.126,0.81,0.82,0.18,0.19,0.01,0.01,72536.28
1775829993.57,93.57,0.81,0.82,0.18,0.19,0.01,0.01,72541.63
1775829994.037,94.037,0.81,0.82,0.18,0.19,0.01,0.01,72543.01
1775829994.531,94.531,0.81,0.82,0.18,0.19,0.01,0.01,72543.01
1775829994.887,94.887,0.81,0.82,0.18,0.19,0.01,0.01,72543.01
1775829995.263,95.263,0.81,0.82,0.18,0.19,0.01,0.01,72543.87
1775829995.653,95.653,0.81,0.82,0.18,0.19,0.01,0.01,72543.87
1775829996.097,96.097,0.81,0.82,0.18,0.19,0.01,0.01,72543.87
1775829996.504,96.504,0.81,0.82,0.18,0.19,0.01,0.01,72543.23
1775829996.85,96.85,0.77,0.78,0.22,0.23,0.01,0.01,72543.23
1775829997.199,97.199,0.75,0.76,0.23,0.25,0.01,0.02,72543.23
1775829997.544,97.544,0.75,0.76,0.24,0.25,0.01,0.01,72541.64
1775829997.886,97.886,0.74,0.75,0.25,0.26,0.01,0.01,72541.64
1775829998.493,98.493,0.74,0.75,0.25,0.26,0.01,0.01,72528.5
1775829999.078,99.078,0.74,0.75,0.25,0.26,0.01,0.01,72523.46
1775829999.888,99.888,0.74,0.75,0.25,0.26,0.01,0.01,72523.46
1775830000.225,100.225,0.68,0.69,0.31,0.32,0.01,0.01,72522.91
1775830000.583,100.583,0.66,0.67,0.33,0.34,0.01,0.01,72522.91
1775830000.939,100.939,0.66,0.67,0.31,0.34,0.01,0.03,72522.91
1775830001.343,101.343,0.65,0.67,0.33,0.34,0.02,0.01,72519.88
1775830001.702,101.702,0.64,0.67,0.33,0.36,0.03,0.03,72519.88
1775830002.043,102.043,0.64,0.65,0.35,0.36,0.01,0.01,72519.88
1775830002.592,102.592,0.64,0.65,0.35,0.36,0.01,0.01,72505.27
1775830003.06,103.06,0.64,0.65,0.35,0.36,0.01,0.01,72498.44
1775830003.594,103.594,0.64,0.65,0.35,0.36,0.01,0.01,72498.44
1775830003.955,103.955,0.64,0.65,0.35,0.36,0.01,0.01,72498.44
1775830004.349,104.349,0.64,0.65,0.35,0.36,0.01,0.01,72492.47
1775830004.693,104.693,0.64,0.65,0.35,0.36,0.01,0.01,72492.47
1775830005.066,105.066,0.64,0.65,0.35,0.36,0.01,0.01,72492.47
1775830005.481,105.481,0.64,0.65,0.35,0.36,0.01,0.01,72491.63
1775830005.985,105.985,0.64,0.66,0.35,0.36,0.02,0.01,72491.66
1775830006.666,106.666,0.66,0.67,0.33,0.34,0.01,0.01,72491.66
1775830007.072,107.072,0.66,0.67,0.33,0.34,0.01,0.01,72491.66
1775830007.436,107.436,0.65,0.66,0.34,0.35,0.01,0.01,72491.73
1775830008.08,108.08,0.65,0.66,0.34,0.35,0.01,0.01,72491.73
1775830008.631,108.631,0.65,0.66,0.34,0.35,0.01,0.01,72494.76
1775830008.992,108.992,0.65,0.66,0.34,0.35,0.01,0.01,72494.76
1775830009.422,109.422,0.64,0.66,0.34,0.35,0.02,0.01,72494.76
1775830009.767,109.767,0.63,0.64,0.36,0.37,0.01,0.01,72495.08
1775830010.114,110.114,0.63,0.64,0.36,0.37,0.01,0.01,72495.08
1775830010.45,110.45,0.63,0.64,0.36,0.37,0.01,0.01,72495.08
1775830011.076,111.076,0.63,0.64,0.36,0.37,0.01,0.01,72495.08
1775830011.559,111.559,0.66,0.67,0.33,0.35,0.01,0.02,72493.29
1775830011.951,111.951,0.71,0.72,0.28,0.29,0.01,0.01,72493.29
1775830012.288,112.288,0.71,0.72,0.28,0.29,0.01,0.01,72493.29
1775830012.678,112.678,0.71,0.72,0.28,0.29,0.01,0.01,72492.01
1775830013.018,113.018,0.71,0.72,0.28,0.29,0.01,0.01,72492.01
1775830013.371,113.371,0.71,0.72,0.28,0.29,0.01,0.01,72492.01
1775830013.92,113.92,0.71,0.72,0.28,0.29,0.01,0.01,72506.98
1775830014.26,114.26,0.71,0.72,0.28,0.29,0.01,0.01,72509.02
1775830014.867,114.867,0.71,0.72,0.28,0.29,0.01,0.01,72509.02
1775830015.317,115.317,0.68,0.69,0.3,0.32,0.01,0.02,72509.81
1775830015.773,115.773,0.68,0.69,0.31,0.32,0.01,0.01,72509.81
1775830016.198,116.198,0.68,0.69,0.31,0.32,0.01,0.01,72507.02
1775830016.617,116.617,0.68,0.69,0.31,0.32,0.01,0.01,72507.02
1775830017.04,117.04,0.68,0.69,0.31,0.32,0.01,0.01,72507.02
1775830017.433,117.433,0.68,0.69,0.31,0.32,0.01,0.01,72499.18
1775830017.868,117.868,0.68,0.69,0.31,0.32,0.01,0.01,72499.18
1775830018.209,118.209,0.68,0.69,0.31,0.32,0.01,0.01,72499.18
1775830018.563,118.563,0.68,0.69,0.31,0.32,0.01,0.01,72498.9
1775830018.94,118.94,0.68,0.69,0.31,0.32,0.01,0.01,72498.9
1775830019.333,119.333,0.68,0.69,0.31,0.32,0.01,0.01,72498.9
1775830019.707,119.707,0.68,0.69,0.31,0.32,0.01,0.01,72497.7
1775830020.174,120.174,0.68,0.69,0.31,0.32,0.01,0.01,72497.7
1775830020.524,120.524,0.68,0.69,0.31,0.32,0.01,0.01,72497.7
1775830020.885,120.885,0.68,0.69,0.31,0.32,0.01,0.01,72497.72
1775830021.423,121.423,0.68,0.69,0.31,0.32,0.01,0.01,72497.29
1775830022.053,122.053,0.67,0.68,0.32,0.33,0.01,0.01,72497.29
1775830022.44,122.44,0.69,0.71,0.3,0.31,0.02,0.01,72496.73
1775830022.788,122.788,0.7,0.72,0.28,0.3,0.02,0.02,72496.73
1775830023.196,123.196,0.73,0.74,0.25,0.27,0.01,0.02,72496.67
1775830023.665,123.665,0.73,0.74,0.25,0.27,0.01,0.02,72496.67
1775830024.028,124.028,0.73,0.74,0.26,0.27,0.01,0.01,72496.67
1775830024.448,124.448,0.73,0.74,0.26,0.27,0.01,0.01,72500.52
1775830024.825,124.825,0.73,0.74,0.26,0.27,0.01,0.01,72500.52
1775830025.167,125.167,0.73,0.74,0.26,0.27,0.01,0.01,72500.52
1775830025.683,125.683,0.73,0.74,0.26,0.27,0.01,0.01,72506.7
1775830026.066,126.066,0.74,0.75,0.25,0.26,0.01,0.01,72506.7
1775830026.457,126.457,0.74,0.75,0.25,0.26,0.01,0.01,72507.21
1775830026.925,126.925,0.74,0.75,0.25,0.26,0.01,0.01,72507.21
1775830027.356,127.356,0.77,0.78,0.21,0.23,0.01,0.02,72507.21
1775830027.7,127.7,0.77,0.78,0.22,0.23,0.01,0.01,72508.18
1775830028.274,128.274,0.77,0.78,0.22,0.23,0.01,0.01,72508.18
1775830028.626,128.626,0.79,0.8,0.2,0.23,0.01,0.03,72508.18
1775830028.979,128.979,0.79,0.8,0.2,0.21,0.01,0.01,72508.18
1775830029.468,129.468,0.79,0.8,0.2,0.21,0.01,0.01,72516.27
1775830029.838,129.838,0.74,0.77,0.22,0.26,0.03,0.04,72516.27
1775830030.188,130.188,0.74,0.75,0.24,0.26,0.01,0.02,72516.27
1775830030.553,130.553,0.74,0.75,0.25,0.27,0.01,0.02,72521.38
1775830030.951,130.951,0.74,0.75,0.25,0.26,0.01,0.01,72521.38
1775830031.34,131.34,0.74,0.75,0.25,0.26,0.01,0.01,72521.38
1775830031.8,131.8,0.74,0.75,0.25,0.26,0.01,0.01,72516.14
1775830032.271,132.271,0.74,0.75,0.25,0.26,0.01,0.01,72513.85
1775830032.66,132.66,0.74,0.75,0.25,0.26,0.01,0.01,72513.85
1775830033.073,133.073,0.74,0.75,0.25,0.26,0.01,0.01,72509.42
1775830033.455,133.455,0.74,0.75,0.25,0.26,0.01,0.01,72509.42
1775830033.879,133.879,0.74,0.75,0.25,0.26,0.01,0.01,72509.42
1775830034.45,134.45,0.74,0.75,0.25,0.26,0.01,0.01,72510.52
1775830035.048,135.048,0.74,0.75,0.25,0.26,0.01,0.01,72510.52
1775830035.417,135.417,0.74,0.75,0.25,0.26,0.01,0.01,72510.52
1775830036.008,136.008,0.75,0.76,0.25,0.26,0.01,0.01,72510.56
1775830036.4,136.4,0.79,0.8,0.2,0.21,0.01,0.01,72510.56
1775830036.74,136.74,0.79,0.8,0.2,0.21,0.01,0.01,72510.33
1775830037.169,137.169,0.79,0.82,0.2,0.21,0.03,0.01,72511.25
1775830037.522,137.522,0.79,0.8,0.2,0.21,0.01,0.01,72511.25
1775830037.952,137.952,0.79,0.8,0.2,0.21,0.01,0.01,72511.25
1775830038.366,138.366,0.79,0.8,0.2,0.21,0.01,0.01,72518.32
1775830038.701,138.701,0.79,0.8,0.2,0.21,0.01,0.01,72518.32
1775830039.48,139.48,0.79,0.8,0.2,0.21,0.01,0.01,72518.7
1775830040.017,140.017,0.77,0.78,0.2,0.21,0.01,0.01,72518.7
1775830040.359,140.359,0.73,0.75,0.25,0.27,0.02,0.02,72517.53
1775830040.714,140.714,0.72,0.74,0.27,0.28,0.02,0.01,72517.53
1775830041.088,141.088,0.72,0.73,0.27,0.28,0.01,0.01,72517.53
1775830041.466,141.466,0.72,0.73,0.27,0.28,0.01,0.01,72517.02
1775830041.875,141.875,0.72,0.73,0.27,0.28,0.01,0.01,72517.02
1775830042.222,142.222,0.72,0.74,0.27,0.28,0.02,0.01,72517.02
1775830042.652,142.652,0.74,0.75,0.25,0.26,0.01,0.01,72506.1
1775830043.042,143.042,0.74,0.75,0.25,0.26,0.01,0.01,72506.1
1775830043.627,143.627,0.74,0.75,0.25,0.26,0.01,0.01,72501.97
1775830043.997,143.997,0.73,0.75,0.25,0.27,0.02,0.02,72501.97
1775830044.436,144.436,0.73,0.74,0.25,0.27,0.01,0.02,72502.86
1775830044.932,144.932,0.7,0.72,0.28,0.29,0.02,0.01,72502.86
1775830045.285,145.285,0.69,0.7,0.29,0.31,0.01,0.02,72503.19
1775830045.755,145.755,0.68,0.69,0.31,0.32,0.01,0.01,72503.19
1775830046.146,146.146,0.67,0.68,0.31,0.33,0.01,0.02,72498.61
1775830046.556,146.556,0.66,0.67,0.33,0.34,0.01,0.01,72498.61
1775830047.085,147.085,0.65,0.67,0.33,0.34,0.02,0.01,72492.07
1775830047.448,147.448,0.65,0.66,0.34,0.36,0.01,0.02,72492.07
1775830048.477,148.477,0.65,0.66,0.34,0.35,0.01,0.01,72484.99
1775830048.893,148.893,0.67,0.69,0.32,0.33,0.02,0.01,72484.99
1775830049.281,149.281,0.68,0.69,0.31,0.32,0.01,0.01,72484.99
1775830049.711,149.711,0.68,0.69,0.31,0.32,0.01,0.01,72483.7
1775830050.074,150.074,0.66,0.67,0.31,0.34,0.01,0.03,72483.7
1775830050.513,150.513,0.66,0.67,0.33,0.34,0.01,0.01,72484.25
1775830050.855,150.855,0.66,0.67,0.33,0.34,0.01,0.01,72484.25
1775830051.263,151.263,0.67,0.68,0.32,0.34,0.01,0.02,72484.89
1775830051.622,151.622,0.67,0.68,0.32,0.33,0.01,0.01,72484.89
1775830051.98,151.98,0.66,0.67,0.33,0.34,0.01,0.01,72484.89
1775830052.438,152.438,0.67,0.68,0.33,0.34,0.01,0.01,72485.63
1775830052.846,152.846,0.67,0.68,0.33,0.34,0.01,0.01,72485.63
1775830053.582,153.582,0.67,0.68,0.32,0.34,0.01,0.02,72485.63
1775830054.056,154.056,0.67,0.68,0.32,0.33,0.01,0.01,72485.83
1775830054.532,154.532,0.67,0.69,0.32,0.33,0.02,0.01,72486.52
1775830054.928,154.928,0.69,0.7,0.3,0.31,0.01,0.01,72486.52
1775830055.319,155.319,0.69,0.7,0.3,0.31,0.01,0.01,72486.52
1775830055.722,155.722,0.69,0.7,0.3,0.31,0.01,0.01,72487.26
1775830056.074,156.074,0.69,0.7,0.3,0.31,0.01,0.01,72487.26
1775830056.601,156.601,0.69,0.7,0.3,0.31,0.01,0.01,72486.62
1775830057.246,157.246,0.68,0.7,0.3,0.32,0.02,0.02,72486.62
1775830057.689,157.689,0.69,0.7,0.3,0.32,0.01,0.02,72487.3
1775830058.49,158.49,0.68,0.7,0.3,0.31,0.02,0.01,72487.65
1775830058.844,158.844,0.68,0.69,0.31,0.32,0.01,0.01,72487.65
1775830059.212,159.212,0.69,0.7,0.3,0.31,0.01,0.01,72487.66
1775830059.695,159.695,0.68,0.7,0.3,0.31,0.02,0.01,72487.66
1775830060.362,160.362,0.66,0.7,0.3,0.32,0.04,0.02,72487.66
1775830060.695,160.695,0.65,0.67,0.33,0.35,0.02,0.02,72487.36
1775830061.148,161.148,0.65,0.66,0.34,0.35,0.01,0.01,72487.36
1775830061.686,161.686,0.63,0.64,0.35,0.37,0.01,0.02,72487.36
1775830062.053,162.053,0.63,0.64,0.36,0.37,0.01,0.01,72487.36
1775830062.436,162.436,0.63,0.64,0.36,0.37,0.01,0.01,72486.62
1775830062.924,162.924,0.63,0.64,0.36,0.37,0.01,0.01,72486.62
1775830063.544,163.544,0.63,0.64,0.36,0.37,0.01,0.01,72476.54
1775830063.953,163.953,0.63,0.64,0.36,0.37,0.01,0.01,72476.54
1775830064.314,164.314,0.63,0.64,0.36,0.37,0.01,0.01,72476.27
1775830064.719,164.719,0.62,0.63,0.37,0.38,0.01,0.01,72476.27
1775830065.084,165.084,0.6,0.61,0.39,0.4,0.01,0.01,72476.27
1775830065.418,165.418,0.6,0.61,0.39,0.4,0.01,0.01,72476.27
1775830065.812,165.812,0.61,0.62,0.39,0.4,0.01,0.01,72476.21
1775830066.274,166.274,0.62,0.63,0.37,0.38,0.01,0.01,72476.21
1775830066.733,166.733,0.62,0.63,0.37,0.38,0.01,0.01,72476.17
1775830067.227,167.227,0.63,0.64,0.36,0.37,0.01,0.01,72475.71
1775830067.727,167.727,0.63,0.65,0.36,0.37,0.02,0.01,72475.71
1775830068.112,168.112,0.66,0.67,0.34,0.37,0.01,0.03,72475.71
1775830068.617,168.617,0.69,0.7,0.3,0.33,0.01,0.03,72475.79
1775830069.056,169.056,0.69,0.7,0.3,0.31,0.01,0.01,72477.03
1775830069.403,169.403,0.69,0.7,0.3,0.31,0.01,0.01,72477.03
1775830069.781,169.781,0.69,0.7,0.3,0.31,0.01,0.01,72477.03
1775830070.222,170.222,0.69,0.7,0.3,0.31,0.01,0.01,72489.31
1775830070.607,170.607,0.69,0.7,0.3,0.31,0.01,0.01,72489.31
1775830071.198,171.198,0.69,0.7,0.3,0.31,0.01,0.01,72492.27
1775830071.714,171.714,0.72,0.73,0.27,0.28,0.01,0.01,72492.27
1775830072.052,172.052,0.75,0.76,0.24,0.25,0.01,0.01,72492.91
1775830072.417,172.417,0.75,0.76,0.24,0.25,0.01,0.01,72492.91
1775830072.814,172.814,0.75,0.76,0.24,0.25,0.01,0.01,72492.91
1775830073.351,173.351,0.76,0.77,0.23,0.24,0.01,0.01,72498.44
1775830073.715,173.715,0.76,0.77,0.23,0.24,0.01,0.01,72498.44
1775830074.435,174.435,0.76,0.77,0.23,0.24,0.01,0.01,72502.15
1775830074.782,174.782,0.78,0.79,0.21,0.22,0.01,0.01,72502.15
1775830075.284,175.284,0.8,0.81,0.19,0.22,0.01,0.03,72502.66
1775830075.666,175.666,0.8,0.82,0.18,0.2,0.02,0.02,72502.66
1775830076.098,176.098,0.83,0.84,0.16,0.19,0.01,0.03,72502.66
1775830076.453,176.453,0.83,0.84,0.16,0.17,0.01,0.01,72508.97
1775830076.813,176.813,0.83,0.84,0.16,0.17,0.01,0.01,72508.97
1775830077.191,177.191,0.83,0.84,0.16,0.17,0.01,0.01,72508.97
1775830077.577,177.577,0.84,0.85,0.15,0.17,0.01,0.02,72512.37
1775830078.101,178.101,0.84,0.85,0.15,0.16,0.01,0.01,72512.37
1775830078.438,178.438,0.85,0.87,0.13,0.15,0.02,0.02,72521.98
1775830078.99,178.99,0.87,0.88,0.12,0.14,0.01,0.02,72521.98
1775830079.36,179.36,0.87,0.88,0.12,0.13,0.01,0.01,72523.49
1775830079.72,179.72,0.87,0.88,0.12,0.13,0.01,0.01,72523.49
1775830080.137,180.137,0.87,0.88,0.12,0.13,0.01,0.01,72523.49
1775830080.472,180.472,0.87,0.88,0.12,0.13,0.01,0.01,72523.49
1775830080.836,180.836,0.88,0.89,0.11,0.13,0.01,0.02,72534.58
1775830081.198,181.198,0.88,0.89,0.11,0.12,0.01,0.01,72535.52
1775830081.583,181.583,0.88,0.89,0.11,0.12,0.01,0.01,72535.52
1775830081.989,181.989,0.88,0.89,0.11,0.12,0.01,0.01,72535.52
1775830082.363,182.363,0.89,0.9,0.1,0.11,0.01,0.01,72535.26
1775830082.697,182.697,0.89,0.9,0.1,0.11,0.01,0.01,72535.26
1775830083.118,183.118,0.89,0.9,0.1,0.11,0.01,0.01,72535.26
1775830083.465,183.465,0.89,0.9,0.1,0.11,0.01,0.01,72535.96
1775830083.801,183.801,0.92,0.93,0.07,0.08,0.01,0.01,72535.96
1775830084.191,184.191,0.92,0.93,0.07,0.08,0.01,0.01,72535.96
1775830084.526,184.526,0.92,0.94,0.06,0.08,0.02,0.02,72536.1
1775830085.188,185.188,0.94,0.95,0.05,0.06,0.01,0.01,72546.99
1775830085.528,185.528,0.94,0.95,0.05,0.06,0.01,0.01,72546.99
1775830085.865,185.865,0.94,0.95,0.05,0.06,0.01,0.01,72546.99
1775830086.242,186.242,0.94,0.95,0.05,0.06,0.01,0.01,72562.84
1775830086.577,186.577,0.94,0.95,0.05,0.06,0.01,0.01,72562.84
1775830086.912,186.912,0.93,0.94,0.06,0.07,0.01,0.01,72562.84
1775830087.391,187.391,0.93,0.94,0.06,0.07,0.01,0.01,72575.5
1775830087.855,187.855,0.92,0.94,0.06,0.08,0.02,0.02,72575.5
1775830088.188,188.188,0.92,0.93,0.07,0.08,0.01,0.01,72575.5
1775830088.532,188.532,0.92,0.93,0.07,0.08,0.01,0.01,72565.97
1775830088.89,188.89,0.91,0.92,0.08,0.09,0.01,0.01,72565.97
1775830089.287,189.287,0.91,0.92,0.08,0.09,0.01,0.01,72563.89
1775830089.622,189.622,0.91,0.92,0.08,0.09,0.01,0.01,72563.89
1775830089.972,189.972,0.91,0.92,0.08,0.09,0.01,0.01,72563.89
1775830090.31,190.31,0.91,0.92,0.08,0.09,0.01,0.01,72555.27
1775830090.802,190.802,0.9,0.91,0.09,0.1,0.01,0.01,72555.27
1775830091.223,191.223,0.89,0.9,0.1,0.11,0.01,0.01,72549.62
1775830091.978,191.978,0.89,0.9,0.1,0.11,0.01,0.01,72549.62
1775830092.39,192.39,0.89,0.9,0.1,0.11,0.01,0.01,72547.59
1775830092.743,192.743,0.89,0.9,0.1,0.11,0.01,0.01,72547.59
1775830093.114,193.114,0.88,0.9,0.1,0.11,0.02,0.01,72547.59
1775830093.476,193.476,0.89,0.9,0.1,0.11,0.01,0.01,72547.59
1775830093.926,193.926,0.87,0.88,0.1,0.11,0.01,0.01,72547.59
1775830094.298,194.298,0.87,0.88,0.12,0.13,0.01,0.01,72539.86
1775830094.691,194.691,0.87,0.88,0.12,0.13,0.01,0.01,72539.86
1775830095.241,195.241,0.87,0.88,0.12,0.13,0.01,0.01,72539.86
1775830095.68,195.68,0.87,0.88,0.12,0.13,0.01,0.01,72537.26
1775830096.036,196.036,0.87,0.88,0.12,0.13,0.01,0.01,72536.14
1775830096.59,196.59,0.87,0.88,0.12,0.13,0.01,0.01,72536.14
1775830097.123,197.123,0.87,0.88,0.12,0.13,0.01,0.01,72536.14
1775830097.479,197.479,0.87,0.88,0.12,0.13,0.01,0.01,72532.83
1775830097.816,197.816,0.86,0.87,0.13,0.14,0.01,0.01,72532.83
1775830098.25,198.25,0.86,0.87,0.13,0.14,0.01,0.01,72533.42
1775830099.031,199.031,0.87,0.88,0.12,0.14,0.01,0.02,72533.42
1775830099.366,199.366,0.89,0.9,0.1,0.11,0.01,0.01,72533.42
1775830099.747,199.747,0.89,0.9,0.1,0.11,0.01,0.01,72530.61
1775830100.121,200.121,0.89,0.9,0.1,0.11,0.01,0.01,72530.61
1775830100.557,200.557,0.89,0.9,0.1,0.11,0.01,0.01,72529.46
1775830100.932,200.932,0.89,0.9,0.1,0.11,0.01,0.01,72529.46
1775830101.364,201.364,0.88,0.9,0.1,0.12,0.02,0.02,72529.46
1775830101.801,201.801,0.86,0.87,0.13,0.14,0.01,0.01,72530.91
1775830102.212,202.212,0.86,0.87,0.13,0.14,0.01,0.01,72531.29
1775830102.582,202.582,0.85,0.86,0.14,0.16,0.01,0.02,72531.29
1775830102.926,202.926,0.85,0.86,0.14,0.15,0.01,0.01,72531.29
1775830103.262,203.262,0.85,0.86,0.14,0.15,0.01,0.01,72531.29
1775830103.599,203.599,0.85,0.86,0.14,0.15,0.01,0.01,72527.69
1775830103.943,203.943,0.85,0.86,0.14,0.15,0.01,0.01,72527.69
1775830104.322,204.322,0.85,0.86,0.14,0.15,0.01,0.01,72527.69
1775830104.972,204.972,0.86,0.87,0.13,0.15,0.01,0.02,72520.38
1775830105.323,205.323,0.85,0.87,0.13,0.14,0.02,0.01,72520.38
1775830105.825,205.825,0.85,0.86,0.13,0.15,0.01,0.02,72519.34
1775830106.247,206.247,0.84,0.86,0.14,0.15,0.02,0.01,72519.34
1775830106.646,206.646,0.84,0.85,0.15,0.16,0.01,0.01,72518.67
1775830107.126,207.126,0.84,0.85,0.15,0.16,0.01,0.01,72518.67
1775830107.49,207.49,0.85,0.86,0.14,0.15,0.01,0.01,72518.51
1775830107.909,207.909,0.87,0.88,0.14,0.15,0.01,0.01,72518.51
1775830108.446,208.446,0.88,0.89,0.11,0.13,0.01,0.02,72518.51
1775830108.922,208.922,0.88,0.89,0.11,0.12,0.01,0.01,72517.34
1775830109.449,209.449,0.88,0.89,0.11,0.12,0.01,0.01,72519.96
1775830109.922,209.922,0.88,0.89,0.11,0.12,0.01,0.01,72519.96
1775830110.366,210.366,0.85,0.87,0.13,0.14,0.02,0.01,72519.96
1775830110.759,210.759,0.85,0.86,0.14,0.15,0.01,0.01,72519.96
1775830111.096,211.096,0.85,0.86,0.14,0.15,0.01,0.01,72524.82
1775830111.448,211.448,0.86,0.87,0.13,0.14,0.01,0.01,72524.82
1775830111.811,211.811,0.86,0.87,0.13,0.14,0.01,0.01,72524.82
1775830112.267,212.267,0.86,0.87,0.13,0.14,0.01,0.01,72517.69
1775830112.604,212.604,0.88,0.89,0.11,0.12,0.01,0.01,72517.69
1775830112.948,212.948,0.88,0.89,0.11,0.12,0.01,0.01,72517.69
1775830113.368,213.368,0.89,0.9,0.1,0.11,0.01,0.01,72515.69
1775830113.713,213.713,0.89,0.91,0.1,0.11,0.02,0.01,72515.69
1775830114.067,214.067,0.9,0.91,0.09,0.1,0.01,0.01,72515.69
1775830114.457,214.457,0.9,0.92,0.09,0.1,0.02,0.01,72515.69
1775830114.995,214.995,0.91,0.92,0.08,0.09,0.01,0.01,72515.69
1775830115.379,215.379,0.9,0.92,0.08,0.09,0.02,0.01,72518.09
1775830115.725,215.725,0.91,0.92,0.08,0.09,0.01,0.01,72518.09
1775830116.268,216.268,0.91,0.92,0.08,0.09,0.01,0.01,72527.76
1775830116.673,216.673,0.91,0.92,0.08,0.09,0.01,0.01,72527.76
1775830117.15,217.15,0.92,0.93,0.07,0.08,0.01,0.01,72527.76
1775830117.494,217.494,0.92,0.93,0.07,0.08,0.01,0.01,72530.06
1775830117.842,217.842,0.91,0.92,0.08,0.09,0.01,0.01,72530.06
1775830118.234,218.234,0.9,0.91,0.09,0.1,0.01,0.01,72531.24
1775830118.658,218.658,0.89,0.9,0.1,0.11,0.01,0.01,72531.24
1775830119.084,219.084,0.89,0.9,0.1,0.11,0.01,0.01,72531.24
1775830119.495,219.495,0.89,0.9,0.1,0.11,0.01,0.01,72530.26
1775830120.414,220.414,0.89,0.9,0.1,0.11,0.01,0.01,72528.38
1775830120.75,220.75,0.89,0.9,0.1,0.11,0.01,0.01,72528.38
1775830121.171,221.171,0.89,0.9,0.1,0.11,0.01,0.01,72528.38
1775830121.533,221.533,0.89,0.9,0.1,0.11,0.01,0.01,72527.93
1775830121.974,221.974,0.89,0.9,0.1,0.11,0.01,0.01,72527.93
1775830122.348,222.348,0.89,0.9,0.1,0.11,0.01,0.01,72527.93
1775830122.804,222.804,0.89,0.9,0.1,0.11,0.01,0.01,72527.93
1775830123.346,223.346,0.89,0.9,0.1,0.11,0.01,0.01,72527.87
1775830123.683,223.683,0.89,0.91,0.1,0.11,0.02,0.01,72527.87
1775830124.104,224.104,0.89,0.9,0.1,0.11,0.01,0.01,72527.87
1775830124.444,224.444,0.88,0.9,0.1,0.12,0.02,0.02,72529.4
1775830124.805,224.805,0.89,0.9,0.1,0.11,0.01,0.01,72529.4
1775830125.138,225.138,0.88,0.89,0.11,0.12,0.01,0.01,72529.4
1775830125.502,225.502,0.88,0.89,0.11,0.12,0.01,0.01,72529.52
1775830125.857,225.857,0.89,0.9,0.1,0.12,0.01,0.02,72529.52
1775830126.213,226.213,0.89,0.9,0.1,0.11,0.01,0.01,72529.52
1775830126.549,226.549,0.89,0.93,0.09,0.11,0.04,0.02,72529.52
1775830126.951,226.951,0.91,0.93,0.07,0.11,0.02,0.04,72522.27
1775830127.308,227.308,0.91,0.93,0.08,0.09,0.02,0.01,72522.27
1775830127.68,227.68,0.92,0.93,0.06,0.08,0.01,0.02,72522.1
1775830128.179,228.179,0.92,0.93,0.07,0.08,0.01,0.01,72522.1
1775830128.514,228.514,0.92,0.93,0.07,0.08,0.01,0.01,72526.75
1775830128.866,228.866,0.92,0.93,0.07,0.08,0.01,0.01,72526.75
1775830129.276,229.276,0.92,0.93,0.07,0.08,0.01,0.01,72528.68
1775830129.641,229.641,0.92,0.93,0.07,0.08,0.01,0.01,72528.68
1775830130.057,230.057,0.92,0.93,0.07,0.08,0.01,0.01,72528.68
1775830130.428,230.428,0.91,0.93,0.07,0.08,0.02,0.01,72528.68
1775830130.956,230.956,0.92,0.93,0.07,0.08,0.01,0.01,72530.75
1775830131.325,231.325,0.89,0.91,0.09,0.1,0.02,0.01,72530.36
1775830131.762,231.762,0.89,0.9,0.09,0.11,0.01,0.02,72530.36
1775830132.308,232.308,0.89,0.9,0.1,0.11,0.01,0.01,72526.51
1775830132.658,232.658,0.9,0.91,0.09,0.11,0.01,0.02,72526.51
1775830133.024,233.024,0.91,0.92,0.08,0.09,0.01,0.01,72526.51
1775830133.387,233.387,0.91,0.92,0.08,0.09,0.01,0.01,72525.01
1775830133.801,233.801,0.91,0.92,0.08,0.09,0.01,0.01,72525.01
1775830134.196,234.196,0.91,0.92,0.08,0.09,0.01,0.01,72519.88
1775830134.531,234.531,0.93,0.94,0.07,0.09,0.01,0.02,72519.88
1775830134.894,234.894,0.94,0.95,0.05,0.06,0.01,0.01,72519.88
1775830135.372,235.372,0.94,0.96,0.05,0.06,0.02,0.01,72519.88
1775830135.928,235.928,0.95,0.96,0.04,0.06,0.01,0.02,72521.3
1775830136.512,236.512,0.95,0.96,0.04,0.05,0.01,0.01,72531.6
1775830136.859,236.859,0.95,0.96,0.04,0.06,0.01,0.02,72531.6
1775830137.712,237.712,0.95,0.96,0.04,0.06,0.01,0.02,72545.6
1775830138.079,238.079,0.96,0.97,0.03,0.04,0.01,0.01,72545.6
1775830138.53,238.53,0.96,0.97,0.03,0.04,0.01,0.01,72545.79
1775830139.086,239.086,0.96,0.97,0.03,0.04,0.01,0.01,72545.79
1775830139.443,239.443,0.96,0.97,0.03,0.04,0.01,0.01,72548.34
1775830139.814,239.814,0.96,0.97,0.03,0.04,0.01,0.01,72548.34
1775830140.242,240.242,0.96,0.97,0.03,0.04,0.01,0.01,72548.08
1775830140.58,240.58,0.96,0.97,0.03,0.04,0.01,0.01,72548.08
1775830140.972,240.972,0.96,0.97,0.03,0.04,0.01,0.01,72548.08
1775830141.354,241.354,0.96,0.97,0.03,0.04,0.01,0.01,72548.08
1775830141.735,241.735,0.97,0.98,0.03,0.04,0.01,0.01,72548.64
1775830142.262,242.262,0.97,0.98,0.02,0.03,0.01,0.01,72548.64
1775830142.674,242.674,0.97,0.98,0.02,0.03,0.01,0.01,72548.64
1775830143.007,243.007,0.97,0.98,0.02,0.03,0.01,0.01,72548.18
1775830143.35,243.35,0.97,0.98,0.02,0.03,0.01,0.01,72547.16
1775830143.684,243.684,0.97,0.98,0.02,0.03,0.01,0.01,72547.16
1775830144.117,244.117,0.97,0.98,0.02,0.03,0.01,0.01,72547.16
1775830144.478,244.478,0.97,0.98,0.02,0.03,0.01,0.01,72548.77
1775830144.816,244.816,0.97,0.98,0.02,0.03,0.01,0.01,72548.77
1775830145.151,245.151,0.97,0.98,0.02,0.03,0.01,0.01,72548.77
1775830145.49,245.49,0.97,0.98,0.02,0.03,0.01,0.01,72549.72
1775830145.846,245.846,0.93,0.95,0.04,0.08,0.02,0.04,72549.72
1775830146.227,246.227,0.9,0.91,0.09,0.1,0.01,0.01,72549.72
1775830146.574,246.574,0.89,0.9,0.1,0.11,0.01,0.01,72549.72
1775830146.96,246.96,0.89,0.9,0.1,0.11,0.01,0.01,72549.72
1775830147.326,247.326,0.87,0.88,0.11,0.13,0.01,0.02,72548.67
1775830147.761,247.761,0.87,0.88,0.12,0.13,0.01,0.01,72548.67
1775830148.162,248.162,0.87,0.88,0.12,0.13,0.01,0.01,72548.67
1775830148.499,248.499,0.8,0.84,0.16,0.2,0.04,0.04,72523.86
1775830148.833,248.833,0.66,0.72,0.28,0.34,0.06,0.06,72523.86
1775830149.169,249.169,0.58,0.75,0.25,0.36,0.17,0.11,72523.86
1775830149.502,249.502,0.61,0.65,0.35,0.39,0.04,0.04,72511.03
1775830149.842,249.842,0.6,0.63,0.37,0.41,0.03,0.04,72511.03
1775830150.212,250.212,0.59,0.6,0.38,0.41,0.01,0.03,72511.03
1775830150.586,250.586,0.59,0.6,0.4,0.41,0.01,0.01,72511.03
1775830150.949,250.949,0.58,0.59,0.41,0.42,0.01,0.01,72472.65
1775830151.292,251.292,0.57,0.58,0.41,0.43,0.01,0.02,72465.54
1775830151.636,251.636,0.57,0.58,0.42,0.43,0.01,0.01,72465.54
1775830151.995,251.995,0.58,0.59,0.41,0.42,0.01,0.01,72465.54
1775830152.374,252.374,0.56,0.59,0.41,0.42,0.03,0.01,72464.56
1775830152.728,252.728,0.57,0.58,0.41,0.43,0.01,0.02,72464.56
1775830153.076,253.076,0.61,0.62,0.38,0.39,0.01,0.01,72464.56
1775830153.416,253.416,0.61,0.62,0.38,0.39,0.01,0.01,72464.35
1775830153.755,253.755,0.62,0.63,0.37,0.38,0.01,0.01,72464.35
1775830154.098,254.098,0.62,0.63,0.37,0.38,0.01,0.01,72464.35
1775830154.489,254.489,0.62,0.63,0.37,0.38,0.01,0.01,72464.35
1775830154.887,254.887,0.62,0.63,0.37,0.38,0.01,0.01,72464.35
1775830155.223,255.223,0.59,0.6,0.4,0.41,0.01,0.01,72465.73
1775830155.573,255.573,0.6,0.61,0.39,0.4,0.01,0.01,72465.73
1775830155.945,255.945,0.63,0.64,0.36,0.38,0.01,0.02,72465.73
1775830156.365,256.365,0.64,0.65,0.35,0.36,0.01,0.01,72466.07
1775830156.729,256.729,0.64,0.65,0.35,0.36,0.01,0.01,72466.07
1775830157.145,257.145,0.63,0.64,0.36,0.37,0.01,0.01,72466.07
1775830157.507,257.507,0.63,0.64,0.36,0.37,0.01,0.01,72465.98
1775830157.905,257.905,0.64,0.65,0.35,0.36,0.01,0.01,72465.98
1775830158.263,258.263,0.64,0.65,0.35,0.36,0.01,0.01,72465.98
1775830158.687,258.687,0.64,0.65,0.35,0.36,0.01,0.01,72466.85
1775830159.044,259.044,0.63,0.64,0.36,0.37,0.01,0.01,72466.85
1775830159.383,259.383,0.62,0.63,0.37,0.38,0.01,0.01,72466.85
1775830159.843,259.843,0.61,0.62,0.37,0.38,0.01,0.01,72466.66
1775830160.271,260.271,0.59,0.6,0.4,0.41,0.01,0.01,72466.66
1775830160.636,260.636,0.59,0.6,0.4,0.41,0.01,0.01,72466.66
1775830161.131,261.131,0.59,0.6,0.4,0.41,0.01,0.01,72467.13
1775830161.566,261.566,0.59,0.6,0.4,0.41,0.01,0.01,72467.13
1775830161.964,261.964,0.59,0.6,0.4,0.41,0.01,0.01,72467.13
1775830162.3,262.3,0.6,0.62,0.39,0.4,0.02,0.01,72466.52
1775830162.654,262.654,0.61,0.62,0.38,0.39,0.01,0.01,72466.52
1775830163.007,263.007,0.61,0.62,0.38,0.39,0.01,0.01,72466.52
1775830163.342,263.342,0.62,0.63,0.37,0.38,0.01,0.01,72465.65
1775830163.699,263.699,0.62,0.63,0.37,0.38,0.01,0.01,72465.65
1775830164.077,264.077,0.65,0.66,0.34,0.35,0.01,0.01,72465.53
1775830164.459,264.459,0.62,0.64,0.36,0.37,0.02,0.01,72465.53
1775830164.832,264.832,0.63,0.64,0.36,0.37,0.01,0.01,72465.53
1775830165.279,265.279,0.62,0.63,0.37,0.38,0.01,0.01,72465.15
1775830165.787,265.787,0.66,0.67,0.33,0.35,0.01,0.02,72465.15
1775830166.13,266.13,0.67,0.68,0.32,0.33,0.01,0.01,72464.88
1775830166.478,266.478,0.57,0.58,0.42,0.44,0.01,0.02,72464.88
1775830166.854,266.854,0.58,0.59,0.41,0.42,0.01,0.01,72464.88
1775830167.214,267.214,0.57,0.58,0.42,0.43,0.01,0.01,72464.41
1775830167.568,267.568,0.57,0.58,0.42,0.43,0.01,0.01,72464.41
1775830168.081,268.081,0.57,0.58,0.43,0.44,0.01,0.01,72464.41
1775830168.419,268.419,0.57,0.58,0.42,0.43,0.01,0.01,72463.69
1775830168.762,268.762,0.57,0.58,0.42,0.43,0.01,0.01,72463.69
1775830169.102,269.102,0.59,0.6,0.4,0.41,0.01,0.01,72459.73
1775830169.748,269.748,0.58,0.59,0.41,0.42,0.01,0.01,72459.73
1775830170.226,270.226,0.61,0.62,0.39,0.4,0.01,0.01,72459.73
1775830170.599,270.599,0.65,0.66,0.34,0.35,0.01,0.01,72459.73
1775830170.948,270.948,0.65,0.66,0.34,0.35,0.01,0.01,72458.63
1775830171.282,271.282,0.66,0.67,0.33,0.35,0.01,0.02,72458.63
1775830171.67,271.67,0.66,0.67,0.33,0.34,0.01,0.01,72459.42
1775830172.005,272.005,0.65,0.66,0.33,0.34,0.01,0.01,72459.42
1775830172.345,272.345,0.66,0.67,0.33,0.35,0.01,0.02,72460.22
1775830172.821,272.821,0.64,0.65,0.35,0.36,0.01,0.01,72460.22
1775830173.289,273.289,0.64,0.71,0.35,0.36,0.07,0.01,72462.12
1775830173.785,273.785,0.62,0.63,0.37,0.38,0.01,0.01,72462.12
1775830174.327,274.327,0.63,0.64,0.36,0.37,0.01,0.01,72462.12
1775830174.732,274.732,0.63,0.66,0.36,0.37,0.03,0.01,72462.81
1775830175.172,275.172,0.66,0.67,0.33,0.34,0.01,0.01,72462.81
1775830175.547,275.547,0.62,0.63,0.36,0.38,0.01,0.02,72462.81
1775830175.947,275.947,0.62,0.63,0.37,0.38,0.01,0.01,72462.81
1775830176.311,276.311,0.67,0.7,0.3,0.36,0.03,0.06,72462.75
1775830176.661,276.661,0.75,0.83,0.19,0.25,0.08,0.06,72462.75
1775830177.034,277.034,0.77,0.78,0.19,0.23,0.01,0.04,72462.75
1775830177.378,277.378,0.75,0.76,0.24,0.25,0.01,0.01,72462.81
1775830177.815,277.815,0.76,0.77,0.23,0.24,0.01,0.01,72462.81
1775830178.201,278.201,0.72,0.73,0.27,0.28,0.01,0.01,72466.58
1775830178.578,278.578,0.69,0.7,0.3,0.31,0.01,0.01,72466.58
1775830178.912,278.912,0.71,0.73,0.27,0.3,0.02,0.03,72466.58
1775830179.289,279.289,0.71,0.72,0.28,0.29,0.01,0.01,72473.95
1775830179.628,279.628,0.84,0.86,0.14,0.16,0.02,0.02,72473.95
1775830180.069,280.069,0.84,0.85,0.14,0.17,0.01,0.03,72473.95
1775830180.625,280.625,0.79,0.8,0.19,0.21,0.01,0.02,72466.79
1775830181.009,281.009,0.79,0.8,0.2,0.21,0.01,0.01,72466.79
1775830181.466,281.466,0.78,0.79,0.21,0.22,0.01,0.01,72466.79
1775830181.904,281.904,0.79,0.8,0.2,0.21,0.01,0.01,72476.7
1775830182.243,282.243,0.78,0.79,0.21,0.22,0.01,0.01,72477.87
1775830182.586,282.586,0.76,0.77,0.23,0.24,0.01,0.01,72477.87
1775830183.131,283.131,0.75,0.76,0.24,0.25,0.01,0.01,72477.87
1775830183.509,283.509,0.75,0.76,0.24,0.25,0.01,0.01,72477.35
1775830183.865,283.865,0.74,0.75,0.25,0.26,0.01,0.01,72477.35
1775830184.229,284.229,0.74,0.75,0.25,0.26,0.01,0.01,72477.35
1775830184.608,284.608,0.74,0.75,0.25,0.26,0.01,0.01,72476.25
1775830184.979,284.979,0.71,0.72,0.25,0.29,0.01,0.04,72476.25
1775830185.319,285.319,0.61,0.66,0.34,0.39,0.05,0.05,72476.25
1775830185.663,285.663,0.6,0.61,0.39,0.4,0.01,0.01,72476.25
1775830186.035,286.035,0.59,0.6,0.4,0.41,0.01,0.01,72472.6
1775830186.411,286.411,0.59,0.6,0.4,0.41,0.01,0.01,72469.93
1775830186.786,286.786,0.6,0.61,0.39,0.4,0.01,0.01,72469.93
1775830187.159,287.159,0.55,0.59,0.41,0.44,0.04,0.03,72469.65
1775830187.495,287.495,0.2,0.31,0.69,0.8,0.11,0.11,72469.65
1775830187.828,287.828,0.27,0.28,0.72,0.73,0.01,0.01,72469.65
1775830188.17,288.17,0.3,0.31,0.69,0.7,0.01,0.01,72469.65
1775830188.505,288.505,0.3,0.31,0.69,0.7,0.01,0.01,72457.57
1775830188.878,288.878,0.29,0.3,0.7,0.71,0.01,0.01,72457.57
1775830189.277,289.277,0.28,0.29,0.71,0.72,0.01,0.01,72437.5
1775830189.617,289.617,0.34,0.35,0.64,0.66,0.01,0.02,72437.5
1775830189.982,289.982,0.32,0.33,0.66,0.68,0.01,0.02,72437.5
1775830190.345,290.345,0.21,0.32,0.7,0.76,0.11,0.06,72433.64
1775830190.709,290.709,0.29,0.31,0.67,0.73,0.02,0.06,72433.64
1775830191.135,291.135,0.33,0.34,0.66,0.67,0.01,0.01,72434.6
1775830191.517,291.517,0.28,0.29,0.71,0.72,0.01,0.01,72434.6
1775830191.879,291.879,0.23,0.28,0.71,0.73,0.05,0.02,72434.6
1775830192.244,292.244,0.29,0.3,0.71,0.72,0.01,0.01,72435.29
1775830192.581,292.581,0.35,0.38,0.62,0.65,0.03,0.03,72435.29
1775830192.916,292.916,0.45,0.55,0.45,0.55,0.1,0.1,72435.29
1775830193.251,293.251,0.57,0.66,0.34,0.43,0.09,0.09,72435.29
1775830193.608,293.608,0.59,0.65,0.34,0.36,0.06,0.02,72434.87
1775830193.952,293.952,0.62,0.63,0.37,0.38,0.01,0.01,72434.87
1775830194.288,294.288,0.36,0.42,0.54,0.63,0.06,0.09,72434.87
1775830194.621,294.621,0.49,0.51,0.49,0.51,0.02,0.02,72443.86
1775830194.954,294.954,0.42,0.48,0.52,0.58,0.06,0.06,72443.86
1775830195.306,295.306,0.43,0.52,0.53,0.59,0.09,0.06,72443.86
1775830195.652,295.652,0.31,0.44,0.55,0.69,0.13,0.14,72449.22
1775830195.998,295.998,0.45,0.46,0.54,0.57,0.01,0.03,72449.22
1775830196.332,296.332,0.45,0.51,0.52,0.55,0.06,0.03,72449.39
1775830196.689,296.689,0.22,0.3,0.65,0.74,0.08,0.09,72449.39
1775830197.037,297.037,0.28,0.29,0.71,0.72,0.01,0.01,72449.39
1775830197.374,297.374,0.39,0.4,0.59,0.61,0.01,0.02,72449.3
1775830197.751,297.751,0.24,0.34,0.69,0.8,0.1,0.11,72449.3
1775830198.086,298.086,0.34,0.35,0.63,0.68,0.01,0.05,72449.3
1775830198.42,298.42,0.27,0.31,0.72,0.73,0.04,0.01,72449.3
1775830198.76,298.76,0.29,0.3,0.7,0.71,0.01,0.01,72449.46
1775830199.094,299.094,0.42,0.44,0.57,0.58,0.02,0.01,72449.46
1775830199.434,299.434,0.4,0.43,0.56,0.58,0.03,0.02,72449.46
1775830199.783,299.783,0.4,0.41,0.59,0.6,0.01,0.01,72449.46
1775830200.122,300.122,0.56,0.62,0.39,0.45,0.06,0.06,72449.46
1775830200.516,300.516,0.4,0.44,0.45,0.6,0.04,0.15,72451.28
1775830200.955,300.955,0.3,0.41,0.59,0.7,0.11,0.11,72451.28

# RESULT,winner=Down,slug=btc-updown-5m-1775829900,ticks=739
