timestamp,elapsed_sec,up_bid,up_ask,down_bid,down_ask,up_spread,down_spread,btc_price,btc_oracle_ts
1776354900.595,0.595,0.48,0.49,0.5,0.51,0.01,0.01,74642.67,1776354899000
1776354900.935,0.935,0.48,0.51,0.49,0.52,0.03,0.03,74642.67,1776354899000
1776354901.322,1.322,0.54,0.55,0.45,0.46,0.01,0.01,74635.41,1776354900000
1776354901.702,1.702,0.58,0.59,0.41,0.42,0.01,0.01,74635.41,1776354900000
1776354902.048,2.048,0.54,0.55,0.45,0.46,0.01,0.01,74635.41,1776354900000
1776354902.402,2.402,0.55,0.56,0.44,0.45,0.01,0.01,74635.41,1776354900000
1776354902.753,2.753,0.55,0.56,0.44,0.45,0.01,0.01,74647.34,1776354901000
1776354903.201,3.201,0.56,0.57,0.43,0.45,0.01,0.02,74647.34,1776354901000
1776354903.698,3.698,0.56,0.57,0.43,0.44,0.01,0.01,74654.5,1776354902000
1776354904.04,4.04,0.56,0.57,0.43,0.44,0.01,0.01,74654.5,1776354902000
1776354904.401,4.401,0.56,0.57,0.43,0.44,0.01,0.01,74659.66,1776354903000
1776354904.744,4.744,0.58,0.59,0.41,0.42,0.01,0.01,74659.66,1776354903000
1776354905.103,5.103,0.58,0.59,0.41,0.42,0.01,0.01,74659.73,1776354904000
1776354905.485,5.485,0.59,0.6,0.4,0.41,0.01,0.01,74659.73,1776354904000
1776354905.864,5.864,0.61,0.62,0.38,0.39,0.01,0.01,74659.73,1776354904000
1776354906.202,6.202,0.61,0.62,0.38,0.39,0.01,0.01,74659.73,1776354904000
1776354906.551,6.551,0.61,0.62,0.38,0.4,0.01,0.02,74659.93,1776354905000
1776354906.936,6.936,0.6,0.61,0.39,0.4,0.01,0.01,74659.93,1776354905000
1776354907.325,7.325,0.6,0.61,0.39,0.4,0.01,0.01,74659.93,1776354905000
1776354907.708,7.708,0.6,0.61,0.39,0.4,0.01,0.01,74665.61,1776354906000
1776354908.083,8.083,0.6,0.61,0.39,0.4,0.01,0.01,74665.61,1776354906000
1776354908.64,8.64,0.6,0.61,0.39,0.4,0.01,0.01,74669.93,1776354907000
1776354909.002,9.002,0.6,0.61,0.39,0.4,0.01,0.01,74669.93,1776354907000
1776354909.339,9.339,0.6,0.62,0.39,0.4,0.02,0.01,74670.63,1776354908000
1776354909.679,9.679,0.6,0.61,0.39,0.4,0.01,0.01,74670.63,1776354908000
1776354910.072,10.072,0.6,0.61,0.39,0.4,0.01,0.01,74670.63,1776354908000
1776354910.405,10.405,0.6,0.61,0.39,0.4,0.01,0.01,74675.5,1776354909000
1776354910.801,10.801,0.6,0.61,0.39,0.4,0.01,0.01,74675.5,1776354909000
1776354911.164,11.164,0.6,0.61,0.39,0.4,0.01,0.01,74667.04,1776354910000
1776354911.553,11.553,0.6,0.61,0.39,0.4,0.01,0.01,74667.04,1776354910000
1776354911.907,11.907,0.6,0.61,0.39,0.4,0.01,0.01,74667.04,1776354910000
1776354912.306,12.306,0.6,0.61,0.39,0.4,0.01,0.01,74662.2,1776354911000
1776354912.947,12.947,0.6,0.61,0.39,0.4,0.01,0.01,74662.2,1776354911000
1776354913.303,13.303,0.6,0.61,0.39,0.4,0.01,0.01,74662.2,1776354911000
1776354913.659,13.659,0.6,0.61,0.39,0.4,0.01,0.01,74659.97,1776354912000
1776354914.138,14.138,0.6,0.61,0.39,0.4,0.01,0.01,74659.97,1776354912000
1776354914.538,14.538,0.6,0.61,0.39,0.4,0.01,0.01,74659.9,1776354913000
1776354915.368,15.368,0.6,0.61,0.39,0.4,0.01,0.01,74659.94,1776354914000
1776354915.743,15.743,0.6,0.61,0.39,0.4,0.01,0.01,74659.94,1776354914000
1776354916.121,16.121,0.6,0.61,0.39,0.4,0.01,0.01,74659.93,1776354915000
1776354916.476,16.476,0.6,0.61,0.39,0.4,0.01,0.01,74659.93,1776354915000
1776354916.833,16.833,0.6,0.61,0.39,0.4,0.01,0.01,74659.93,1776354915000
1776354917.188,17.188,0.6,0.61,0.39,0.4,0.01,0.01,74658.32,1776354916000
1776354917.55,17.55,0.6,0.61,0.39,0.4,0.01,0.01,74658.32,1776354916000
1776354917.921,17.921,0.6,0.61,0.39,0.4,0.01,0.01,74658.32,1776354916000
1776354918.35,18.35,0.6,0.61,0.39,0.4,0.01,0.01,74649.23,1776354917000
1776354918.728,18.728,0.6,0.61,0.39,0.4,0.01,0.01,74649.23,1776354917000
1776354919.077,19.077,0.6,0.61,0.39,0.4,0.01,0.01,74643.29,1776354918000
1776354919.411,19.411,0.6,0.61,0.39,0.4,0.01,0.01,74643.29,1776354918000
1776354919.774,19.774,0.6,0.61,0.39,0.4,0.01,0.01,74643.29,1776354918000
1776354920.155,20.155,0.6,0.61,0.39,0.4,0.01,0.01,74642.23,1776354919000
1776354920.55,20.55,0.6,0.61,0.39,0.4,0.01,0.01,74642.23,1776354919000
1776354920.885,20.885,0.6,0.61,0.39,0.4,0.01,0.01,74642.23,1776354919000
1776354921.24,21.24,0.6,0.61,0.39,0.4,0.01,0.01,74641.41,1776354920000
1776354921.585,21.585,0.6,0.61,0.39,0.4,0.01,0.01,74641.41,1776354920000
1776354921.928,21.928,0.6,0.61,0.39,0.4,0.01,0.01,74641.41,1776354920000
1776354922.357,22.357,0.6,0.61,0.39,0.4,0.01,0.01,74643.2,1776354921000
1776354922.703,22.703,0.6,0.61,0.39,0.4,0.01,0.01,74643.2,1776354921000
1776354923.054,23.054,0.6,0.61,0.39,0.4,0.01,0.01,74643.2,1776354921000
1776354923.395,23.395,0.6,0.61,0.39,0.4,0.01,0.01,74644.15,1776354922000
1776354924.041,24.041,0.6,0.61,0.39,0.4,0.01,0.01,74644.15,1776354922000
1776354924.389,24.389,0.6,0.61,0.39,0.4,0.01,0.01,74644.83,1776354923000
1776354924.732,24.732,0.6,0.61,0.39,0.4,0.01,0.01,74644.83,1776354923000
1776354925.115,25.115,0.6,0.61,0.39,0.4,0.01,0.01,74648.23,1776354924000
1776354925.495,25.495,0.6,0.61,0.39,0.4,0.01,0.01,74648.23,1776354924000
1776354925.834,25.834,0.6,0.61,0.39,0.4,0.01,0.01,74648.23,1776354924000
1776354926.183,26.183,0.6,0.61,0.39,0.4,0.01,0.01,74648.23,1776354924000
1776354926.568,26.568,0.6,0.61,0.39,0.4,0.01,0.01,74649.26,1776354925000
1776354926.914,26.914,0.6,0.61,0.39,0.4,0.01,0.01,74649.26,1776354925000
1776354927.255,27.255,0.6,0.61,0.39,0.4,0.01,0.01,74649.26,1776354925000
1776354927.667,27.667,0.6,0.61,0.39,0.4,0.01,0.01,74651.52,1776354926000
1776354928.12,28.12,0.6,0.61,0.39,0.4,0.01,0.01,74653.36,1776354927000
1776354928.631,28.631,0.6,0.61,0.39,0.4,0.01,0.01,74653.36,1776354927000
1776354928.985,28.985,0.6,0.61,0.39,0.4,0.01,0.01,74653.36,1776354927000
1776354929.352,29.352,0.6,0.61,0.39,0.4,0.01,0.01,74655.02,1776354928000
1776354929.743,29.743,0.6,0.61,0.39,0.4,0.01,0.01,74655.02,1776354928000
1776354930.083,30.083,0.6,0.61,0.39,0.4,0.01,0.01,74655.02,1776354928000
1776354930.51,30.51,0.6,0.61,0.39,0.4,0.01,0.01,74653.99,1776354929000
1776354930.971,30.971,0.6,0.61,0.39,0.4,0.01,0.01,74653.99,1776354929000
1776354931.424,31.424,0.6,0.61,0.39,0.4,0.01,0.01,74653.89,1776354930000
1776354931.808,31.808,0.6,0.61,0.39,0.4,0.01,0.01,74653.89,1776354930000
1776354932.186,32.186,0.6,0.61,0.39,0.4,0.01,0.01,74653.77,1776354931000
1776354932.594,32.594,0.6,0.61,0.39,0.4,0.01,0.01,74653.77,1776354931000
1776354932.966,32.966,0.6,0.61,0.39,0.4,0.01,0.01,74653.75,1776354932000
1776354933.445,33.445,0.6,0.61,0.39,0.4,0.01,0.01,74653.75,1776354932000
1776354933.971,33.971,0.6,0.61,0.39,0.4,0.01,0.01,74653.75,1776354932000
1776354934.622,34.622,0.6,0.61,0.39,0.4,0.01,0.01,74654.34,1776354933000
1776354934.962,34.962,0.6,0.61,0.39,0.4,0.01,0.01,74654.34,1776354933000
1776354935.334,35.334,0.6,0.61,0.39,0.4,0.01,0.01,74655.7,1776354934000
1776354935.671,35.671,0.6,0.61,0.39,0.4,0.01,0.01,74655.7,1776354934000
1776354936.006,36.006,0.6,0.61,0.39,0.4,0.01,0.01,74655.7,1776354934000
1776354936.343,36.343,0.6,0.61,0.39,0.4,0.01,0.01,74660.77,1776354935000
1776354936.704,36.704,0.6,0.61,0.39,0.4,0.01,0.01,74660.77,1776354935000
1776354937.041,37.041,0.6,0.61,0.39,0.4,0.01,0.01,74660.77,1776354935000
1776354937.415,37.415,0.6,0.61,0.39,0.4,0.01,0.01,74660.77,1776354935000
1776354937.754,37.754,0.6,0.61,0.39,0.4,0.01,0.01,74660.77,1776354935000
1776354938.097,38.097,0.6,0.61,0.39,0.4,0.01,0.01,74660.77,1776354935000
1776354938.434,38.434,0.6,0.61,0.39,0.4,0.01,0.01,74668.37,1776354937000
1776354938.799,38.799,0.6,0.61,0.39,0.4,0.01,0.01,74668.37,1776354937000
1776354939.135,39.135,0.6,0.61,0.39,0.4,0.01,0.01,74668.37,1776354937000
1776354939.482,39.482,0.6,0.61,0.39,0.4,0.01,0.01,74668.37,1776354937000
1776354939.823,39.823,0.6,0.61,0.39,0.4,0.01,0.01,74673.9,1776354938000
1776354940.167,40.167,0.6,0.61,0.39,0.4,0.01,0.01,74673.9,1776354938000
1776354940.534,40.534,0.6,0.61,0.39,0.4,0.01,0.01,74674.56,1776354939000
1776354940.924,40.924,0.6,0.61,0.39,0.4,0.01,0.01,74674.56,1776354939000
1776354941.267,41.267,0.6,0.61,0.39,0.4,0.01,0.01,74674.56,1776354939000
1776354941.608,41.608,0.6,0.61,0.39,0.4,0.01,0.01,74673.61,1776354940000
1776354941.97,41.97,0.6,0.61,0.39,0.4,0.01,0.01,74673.61,1776354940000
1776354942.314,42.314,0.6,0.61,0.39,0.4,0.01,0.01,74673.44,1776354941000
1776354942.7,42.7,0.6,0.61,0.39,0.4,0.01,0.01,74673.44,1776354941000
1776354943.097,43.097,0.6,0.61,0.39,0.4,0.01,0.01,74671.32,1776354942000
1776354943.589,43.589,0.6,0.61,0.39,0.4,0.01,0.01,74671.32,1776354942000
1776354943.954,43.954,0.6,0.61,0.39,0.4,0.01,0.01,74671.32,1776354942000
1776354944.316,44.316,0.6,0.61,0.39,0.4,0.01,0.01,74671.32,1776354942000
1776354944.669,44.669,0.6,0.61,0.39,0.4,0.01,0.01,74669.69,1776354943000
1776354945.336,45.336,0.6,0.61,0.39,0.4,0.01,0.01,74667.05,1776354944000
1776354945.68,45.68,0.6,0.61,0.39,0.4,0.01,0.01,74667.05,1776354944000
1776354946.182,46.182,0.6,0.61,0.39,0.4,0.01,0.01,74667.05,1776354944000
1776354946.691,46.691,0.6,0.61,0.39,0.4,0.01,0.01,74667.49,1776354945000
1776354947.141,47.141,0.6,0.61,0.39,0.4,0.01,0.01,74667.49,1776354945000
1776354947.476,47.476,0.6,0.61,0.39,0.4,0.01,0.01,74668.29,1776354946000
1776354947.823,47.823,0.6,0.61,0.39,0.4,0.01,0.01,74668.29,1776354946000
1776354948.265,48.265,0.6,0.61,0.39,0.4,0.01,0.01,74668.53,1776354947000
1776354948.717,48.717,0.6,0.61,0.39,0.4,0.01,0.01,74668.53,1776354947000
1776354949.385,49.385,0.6,0.61,0.39,0.4,0.01,0.01,74668.53,1776354947000
1776354949.899,49.899,0.6,0.61,0.39,0.4,0.01,0.01,74674.83,1776354948000
1776354950.248,50.248,0.6,0.61,0.39,0.4,0.01,0.01,74675.69,1776354949000
1776354950.612,50.612,0.6,0.61,0.39,0.4,0.01,0.01,74675.69,1776354949000
1776354950.955,50.955,0.6,0.61,0.39,0.4,0.01,0.01,74675.69,1776354949000
1776354951.418,51.418,0.6,0.61,0.39,0.4,0.01,0.01,74675.69,1776354949000
1776354951.769,51.769,0.6,0.61,0.39,0.4,0.01,0.01,74678.51,1776354950000
1776354952.106,52.106,0.6,0.61,0.39,0.4,0.01,0.01,74678.51,1776354950000
1776354952.5,52.5,0.6,0.61,0.39,0.4,0.01,0.01,74679.12,1776354951000
1776354953.051,53.051,0.6,0.61,0.39,0.4,0.01,0.01,74678.63,1776354952000
1776354953.555,53.555,0.6,0.61,0.39,0.4,0.01,0.01,74678.63,1776354952000
1776354954.058,54.058,0.6,0.61,0.39,0.4,0.01,0.01,74678.63,1776354952000
1776354954.539,54.539,0.6,0.61,0.39,0.4,0.01,0.01,74678.63,1776354952000
1776354954.919,54.919,0.6,0.61,0.39,0.4,0.01,0.01,74676.08,1776354953000
1776354955.357,55.357,0.6,0.61,0.39,0.4,0.01,0.01,74676.59,1776354954000
1776354955.694,55.694,0.6,0.61,0.39,0.4,0.01,0.01,74676.59,1776354954000
1776354956.029,56.029,0.6,0.61,0.39,0.4,0.01,0.01,74676.99,1776354955000
1776354956.458,56.458,0.6,0.61,0.39,0.4,0.01,0.01,74676.99,1776354955000
1776354956.794,56.794,0.6,0.61,0.39,0.4,0.01,0.01,74676.99,1776354955000
1776354957.151,57.151,0.6,0.61,0.39,0.4,0.01,0.01,74683.73,1776354956000
1776354957.51,57.51,0.6,0.61,0.39,0.4,0.01,0.01,74683.73,1776354956000
1776354957.9,57.9,0.6,0.61,0.39,0.4,0.01,0.01,74683.73,1776354956000
1776354958.334,58.334,0.6,0.61,0.39,0.4,0.01,0.01,74689.26,1776354957000
1776354958.694,58.694,0.6,0.61,0.39,0.4,0.01,0.01,74689.26,1776354957000
1776354959.086,59.086,0.6,0.61,0.39,0.4,0.01,0.01,74689.26,1776354957000
1776354959.428,59.428,0.6,0.61,0.39,0.4,0.01,0.01,74688.53,1776354958000
1776354959.835,59.835,0.6,0.61,0.39,0.4,0.01,0.01,74688.53,1776354958000
1776354960.182,60.182,0.6,0.61,0.39,0.4,0.01,0.01,74688.3,1776354959000
1776354960.544,60.544,0.6,0.61,0.39,0.4,0.01,0.01,74688.3,1776354959000
1776354960.885,60.885,0.6,0.61,0.39,0.4,0.01,0.01,74689.8,1776354960000
1776354961.271,61.271,0.6,0.61,0.39,0.4,0.01,0.01,74689.8,1776354960000
1776354961.712,61.712,0.6,0.61,0.39,0.4,0.01,0.01,74689.8,1776354960000
1776354962.062,62.062,0.6,0.61,0.39,0.4,0.01,0.01,74689.73,1776354961000
1776354962.58,62.58,0.6,0.61,0.39,0.4,0.01,0.01,74689.73,1776354961000
1776354962.927,62.927,0.6,0.61,0.39,0.4,0.01,0.01,74689.73,1776354961000
1776354963.482,63.482,0.6,0.61,0.39,0.4,0.01,0.01,74690.92,1776354962000
1776354964.184,64.184,0.6,0.61,0.39,0.4,0.01,0.01,74690.92,1776354962000
1776354964.545,64.545,0.6,0.61,0.39,0.4,0.01,0.01,74696.51,1776354963000
1776354965.02,65.02,0.6,0.61,0.39,0.4,0.01,0.01,74696.51,1776354963000
1776354965.357,65.357,0.6,0.61,0.39,0.4,0.01,0.01,74697.33,1776354964000
1776354965.701,65.701,0.6,0.61,0.39,0.4,0.01,0.01,74697.33,1776354964000
1776354966.226,66.226,0.6,0.61,0.39,0.4,0.01,0.01,74697.33,1776354964000
1776354966.577,66.577,0.6,0.61,0.39,0.4,0.01,0.01,74697.63,1776354965000
1776354967.45,67.45,0.6,0.61,0.39,0.4,0.01,0.01,74698.68,1776354966000
1776354967.834,67.834,0.6,0.61,0.39,0.4,0.01,0.01,74698.68,1776354966000
1776354968.199,68.199,0.6,0.61,0.39,0.4,0.01,0.01,74699.8,1776354967000
1776354968.55,68.55,0.6,0.61,0.39,0.4,0.01,0.01,74699.8,1776354967000
1776354968.887,68.887,0.6,0.61,0.39,0.4,0.01,0.01,74699.8,1776354967000
1776354969.273,69.273,0.6,0.61,0.39,0.4,0.01,0.01,74701.37,1776354968000
1776354969.812,69.812,0.6,0.61,0.39,0.4,0.01,0.01,74701.37,1776354968000
1776354970.321,70.321,0.6,0.61,0.39,0.4,0.01,0.01,74701.37,1776354968000
1776354970.661,70.661,0.6,0.61,0.39,0.4,0.01,0.01,74693.21,1776354969000
1776354971.029,71.029,0.6,0.61,0.39,0.4,0.01,0.01,74693.21,1776354969000
1776354971.436,71.436,0.6,0.61,0.39,0.4,0.01,0.01,74693.21,1776354969000
1776354972.076,72.076,0.6,0.61,0.39,0.4,0.01,0.01,74690.46,1776354970000
1776354972.462,72.462,0.6,0.61,0.39,0.4,0.01,0.01,74690.46,1776354971000
1776354973.197,73.197,0.6,0.61,0.39,0.4,0.01,0.01,74690.46,1776354971000
1776354973.793,73.793,0.6,0.61,0.39,0.4,0.01,0.01,74690.98,1776354972000
1776354974.258,74.258,0.6,0.61,0.39,0.4,0.01,0.01,74690.98,1776354972000
1776354974.726,74.726,0.6,0.61,0.39,0.4,0.01,0.01,74691.85,1776354973000
1776354975.214,75.214,0.6,0.61,0.39,0.4,0.01,0.01,74693.25,1776354974000
1776354975.707,75.707,0.6,0.61,0.39,0.4,0.01,0.01,74693.25,1776354974000
1776354976.05,76.05,0.6,0.61,0.39,0.4,0.01,0.01,74693.25,1776354974000
1776354976.388,76.388,0.6,0.61,0.39,0.4,0.01,0.01,74698.91,1776354975000
1776354977.002,77.002,0.6,0.61,0.39,0.4,0.01,0.01,74698.91,1776354975000
1776354977.471,77.471,0.6,0.61,0.39,0.4,0.01,0.01,74703.48,1776354976000
1776354977.818,77.818,0.6,0.61,0.39,0.4,0.01,0.01,74703.48,1776354976000
1776354978.161,78.161,0.6,0.61,0.39,0.4,0.01,0.01,74703.48,1776354976000
1776354978.762,78.762,0.6,0.61,0.39,0.4,0.01,0.01,74703.27,1776354977000
1776354979.156,79.156,0.6,0.61,0.39,0.4,0.01,0.01,74703.27,1776354977000
1776354979.543,79.543,0.6,0.61,0.39,0.4,0.01,0.01,74693.49,1776354978000
1776354979.888,79.888,0.6,0.61,0.39,0.4,0.01,0.01,74693.49,1776354978000
1776354981.338,81.338,0.6,0.61,0.39,0.4,0.01,0.01,74693.97,1776354980000
1776354981.984,81.984,0.6,0.61,0.39,0.4,0.01,0.01,74693.97,1776354980000
1776354982.326,82.326,0.6,0.61,0.39,0.4,0.01,0.01,74697.46,1776354981000
1776354982.699,82.699,0.6,0.61,0.39,0.4,0.01,0.01,74697.46,1776354981000
1776354983.283,83.283,0.6,0.61,0.39,0.4,0.01,0.01,74697.46,1776354981000
1776354983.838,83.838,0.6,0.61,0.39,0.4,0.01,0.01,74705.48,1776354982000
1776354984.183,84.183,0.6,0.61,0.39,0.4,0.01,0.01,74705.48,1776354982000
1776354984.534,84.534,0.6,0.61,0.39,0.4,0.01,0.01,74705.76,1776354983000
1776354984.877,84.877,0.6,0.61,0.39,0.4,0.01,0.01,74705.76,1776354983000
1776354985.32,85.32,0.6,0.61,0.39,0.4,0.01,0.01,74705.93,1776354984000
1776354985.664,85.664,0.6,0.61,0.39,0.4,0.01,0.01,74705.93,1776354984000
1776354986.094,86.094,0.6,0.61,0.39,0.4,0.01,0.01,74704.68,1776354985000
1776354986.745,86.745,0.6,0.61,0.39,0.4,0.01,0.01,74704.68,1776354985000
1776354987.129,87.129,0.6,0.61,0.39,0.4,0.01,0.01,74699.56,1776354986000
1776354987.789,87.789,0.6,0.61,0.39,0.4,0.01,0.01,74699.56,1776354986000
1776354989.179,89.179,0.6,0.61,0.39,0.4,0.01,0.01,74701.96,1776354988000
1776354989.992,89.992,0.6,0.61,0.39,0.4,0.01,0.01,74701.96,1776354988000
1776354990.445,90.445,0.6,0.61,0.39,0.4,0.01,0.01,74702.56,1776354989000
1776354991.212,91.212,0.6,0.61,0.39,0.4,0.01,0.01,74703.02,1776354990000
1776354991.57,91.57,0.6,0.61,0.39,0.4,0.01,0.01,74703.02,1776354990000
1776354992.245,92.245,0.6,0.61,0.39,0.4,0.01,0.01,74703.02,1776354991000
1776354993.292,93.292,0.6,0.61,0.39,0.4,0.01,0.01,74702.45,1776354992000
1776354993.744,93.744,0.6,0.61,0.39,0.4,0.01,0.01,74702.45,1776354992000
1776354994.322,94.322,0.6,0.61,0.39,0.4,0.01,0.01,74703.35,1776354993000
1776354994.67,94.67,0.6,0.61,0.39,0.4,0.01,0.01,74703.35,1776354993000
1776354995.311,95.311,0.6,0.61,0.39,0.4,0.01,0.01,74704.41,1776354994000
1776354995.921,95.921,0.6,0.61,0.39,0.4,0.01,0.01,74704.41,1776354994000
1776354996.366,96.366,0.6,0.61,0.39,0.4,0.01,0.01,74705.4,1776354995000
1776354996.898,96.898,0.6,0.61,0.39,0.4,0.01,0.01,74705.4,1776354995000
1776354997.297,97.297,0.6,0.61,0.39,0.4,0.01,0.01,74705.4,1776354995000
1776354997.672,97.672,0.6,0.61,0.39,0.4,0.01,0.01,74705.4,1776354995000
1776354998.187,98.187,0.6,0.61,0.39,0.4,0.01,0.01,74705.67,1776354996000
1776354999.071,99.071,0.6,0.61,0.39,0.4,0.01,0.01,74706.38,1776354997000
1776354999.517,99.517,0.6,0.61,0.39,0.4,0.01,0.01,74711.25,1776354998000
1776355000.395,100.395,0.6,0.61,0.39,0.4,0.01,0.01,74714.33,1776354999000
1776355000.887,100.887,0.6,0.61,0.39,0.4,0.01,0.01,74716.49,1776355000000
1776355001.348,101.348,0.6,0.61,0.39,0.4,0.01,0.01,74716.49,1776355000000
1776355001.973,101.973,0.6,0.61,0.39,0.4,0.01,0.01,74716.61,1776355001000
1776355002.808,102.808,0.6,0.61,0.39,0.4,0.01,0.01,74716.61,1776355001000
1776355003.177,103.177,0.6,0.61,0.39,0.4,0.01,0.01,74717.08,1776355002000
1776355003.513,103.513,0.6,0.61,0.39,0.4,0.01,0.01,74717.08,1776355002000
1776355003.878,103.878,0.6,0.61,0.39,0.4,0.01,0.01,74717.08,1776355002000
1776355004.262,104.262,0.6,0.61,0.39,0.4,0.01,0.01,74729.65,1776355003000
1776355004.805,104.805,0.6,0.61,0.39,0.4,0.01,0.01,74729.65,1776355003000
1776355005.151,105.151,0.6,0.61,0.39,0.4,0.01,0.01,74762.64,1776355004000
1776355005.973,105.973,0.6,0.61,0.39,0.4,0.01,0.01,74762.64,1776355004000
1776355006.439,106.439,0.6,0.61,0.39,0.4,0.01,0.01,74768.3,1776355005000
1776355006.89,106.89,0.6,0.61,0.39,0.4,0.01,0.01,74768.3,1776355005000
1776355007.233,107.233,0.6,0.61,0.39,0.4,0.01,0.01,74768.3,1776355005000
1776355007.622,107.622,0.6,0.61,0.39,0.4,0.01,0.01,74768.25,1776355006000
1776355007.959,107.959,0.6,0.61,0.39,0.4,0.01,0.01,74768.23,1776355007000
1776355008.428,108.428,0.6,0.61,0.39,0.4,0.01,0.01,74768.23,1776355007000
1776355008.887,108.887,0.6,0.61,0.39,0.4,0.01,0.01,74768.23,1776355007000
1776355009.238,109.238,0.6,0.61,0.39,0.4,0.01,0.01,74769.04,1776355008000
1776355009.629,109.629,0.6,0.61,0.39,0.4,0.01,0.01,74769.04,1776355008000
1776355010.1,110.1,0.6,0.61,0.39,0.4,0.01,0.01,74769.04,1776355008000
1776355010.467,110.467,0.6,0.61,0.39,0.4,0.01,0.01,74757.86,1776355009000
1776355010.894,110.894,0.6,0.61,0.39,0.4,0.01,0.01,74757.86,1776355009000
1776355011.238,111.238,0.6,0.61,0.39,0.4,0.01,0.01,74757.86,1776355009000
1776355011.623,111.623,0.6,0.61,0.39,0.4,0.01,0.01,74757.86,1776355009000
1776355012.214,112.214,0.6,0.61,0.39,0.4,0.01,0.01,74773.29,1776355011000
1776355012.607,112.607,0.6,0.61,0.39,0.4,0.01,0.01,74773.29,1776355011000
1776355013.009,113.009,0.6,0.61,0.39,0.4,0.01,0.01,74773.29,1776355011000
1776355013.59,113.59,0.6,0.61,0.39,0.4,0.01,0.01,74771.4,1776355012000
1776355014.309,114.309,0.6,0.61,0.39,0.4,0.01,0.01,74768.97,1776355013000
1776355014.671,114.671,0.6,0.61,0.39,0.4,0.01,0.01,74768.97,1776355013000
1776355015.373,115.373,0.6,0.61,0.39,0.4,0.01,0.01,74768.92,1776355014000
1776355015.842,115.842,0.6,0.61,0.39,0.4,0.01,0.01,74769.2,1776355015000
1776355016.33,116.33,0.6,0.61,0.39,0.4,0.01,0.01,74769.2,1776355015000
1776355016.814,116.814,0.6,0.61,0.39,0.4,0.01,0.01,74769.59,1776355016000
1776355017.167,117.167,0.6,0.61,0.39,0.4,0.01,0.01,74769.59,1776355016000
1776355017.855,117.855,0.6,0.61,0.39,0.4,0.01,0.01,74770.23,1776355017000
1776355018.329,118.329,0.6,0.61,0.39,0.4,0.01,0.01,74770.23,1776355017000
1776355018.685,118.685,0.6,0.61,0.39,0.4,0.01,0.01,74770.23,1776355017000
1776355019.022,119.022,0.6,0.61,0.39,0.4,0.01,0.01,74770.34,1776355018000
1776355019.682,119.682,0.6,0.61,0.39,0.4,0.01,0.01,74770.34,1776355018000
1776355020.198,120.198,0.6,0.61,0.39,0.4,0.01,0.01,74777.98,1776355019000
1776355020.541,120.541,0.6,0.61,0.39,0.4,0.01,0.01,74777.98,1776355019000
1776355020.92,120.92,0.6,0.61,0.39,0.4,0.01,0.01,74777.98,1776355019000
1776355021.267,121.267,0.6,0.61,0.39,0.4,0.01,0.01,74795.24,1776355020000
1776355021.709,121.709,0.6,0.61,0.39,0.4,0.01,0.01,74795.24,1776355020000
1776355022.043,122.043,0.6,0.61,0.39,0.4,0.01,0.01,74793.58,1776355021000
1776355022.38,122.38,0.6,0.61,0.39,0.4,0.01,0.01,74793.58,1776355021000
1776355023.052,123.052,0.6,0.61,0.39,0.4,0.01,0.01,74787.09,1776355022000
1776355023.388,123.388,0.6,0.61,0.39,0.4,0.01,0.01,74787.09,1776355022000
1776355023.893,123.893,0.6,0.61,0.39,0.4,0.01,0.01,74787.09,1776355022000
1776355024.454,124.454,0.6,0.61,0.39,0.4,0.01,0.01,74781.28,1776355023000
1776355024.984,124.984,0.6,0.61,0.39,0.4,0.01,0.01,74778.06,1776355024000
1776355025.326,125.326,0.6,0.61,0.39,0.4,0.01,0.01,74778.06,1776355024000
1776355025.793,125.793,0.6,0.61,0.39,0.4,0.01,0.01,74778.06,1776355024000
1776355026.301,126.301,0.6,0.61,0.39,0.4,0.01,0.01,74773.06,1776355025000
1776355026.649,126.649,0.6,0.61,0.39,0.4,0.01,0.01,74773.06,1776355025000
1776355027.174,127.174,0.6,0.61,0.39,0.4,0.01,0.01,74769.72,1776355026000
1776355027.614,127.614,0.6,0.61,0.39,0.4,0.01,0.01,74769.72,1776355026000
1776355028.233,128.233,0.6,0.61,0.39,0.4,0.01,0.01,74766.26,1776355027000
1776355029.423,129.423,0.6,0.61,0.39,0.4,0.01,0.01,74760.0,1776355028000
1776355029.974,129.974,0.6,0.61,0.39,0.4,0.01,0.01,74760.0,1776355028000
1776355030.861,130.861,0.6,0.61,0.39,0.4,0.01,0.01,74760.06,1776355029000
1776355031.34,131.34,0.6,0.61,0.39,0.4,0.01,0.01,74759.49,1776355030000
1776355031.692,131.692,0.6,0.61,0.39,0.4,0.01,0.01,74759.49,1776355030000
1776355032.111,132.111,0.6,0.61,0.39,0.4,0.01,0.01,74759.49,1776355030000
1776355032.567,132.567,0.6,0.61,0.39,0.4,0.01,0.01,74759.43,1776355031000
1776355032.936,132.936,0.6,0.61,0.39,0.4,0.01,0.01,74759.43,1776355031000
1776355033.297,133.297,0.6,0.61,0.39,0.4,0.01,0.01,74759.43,1776355031000
1776355033.669,133.669,0.6,0.61,0.39,0.4,0.01,0.01,74759.68,1776355032000
1776355034.062,134.062,0.6,0.61,0.39,0.4,0.01,0.01,74759.67,1776355033000
1776355034.479,134.479,0.6,0.61,0.39,0.4,0.01,0.01,74759.67,1776355033000
1776355034.873,134.873,0.6,0.61,0.39,0.4,0.01,0.01,74759.67,1776355033000
1776355035.442,135.442,0.6,0.61,0.39,0.4,0.01,0.01,74759.3,1776355034000
1776355036.233,136.233,0.6,0.61,0.39,0.4,0.01,0.01,74755.58,1776355035000
1776355036.57,136.57,0.6,0.61,0.39,0.4,0.01,0.01,74755.58,1776355035000
1776355037.009,137.009,0.6,0.61,0.39,0.4,0.01,0.01,74755.58,1776355035000
1776355037.365,137.365,0.6,0.61,0.39,0.4,0.01,0.01,74752.19,1776355036000
1776355037.719,137.719,0.6,0.61,0.39,0.4,0.01,0.01,74752.19,1776355036000
1776355038.121,138.121,0.6,0.61,0.39,0.4,0.01,0.01,74752.19,1776355036000
1776355038.457,138.457,0.6,0.61,0.39,0.4,0.01,0.01,74751.06,1776355037000
1776355038.812,138.812,0.6,0.61,0.39,0.4,0.01,0.01,74751.06,1776355037000
1776355039.357,139.357,0.6,0.61,0.39,0.4,0.01,0.01,74751.06,1776355037000
1776355039.777,139.777,0.6,0.61,0.39,0.4,0.01,0.01,74746.86,1776355038000
1776355040.133,140.133,0.6,0.61,0.39,0.4,0.01,0.01,74746.86,1776355038000
1776355040.543,140.543,0.6,0.61,0.39,0.4,0.01,0.01,74746.86,1776355038000
1776355040.879,140.879,0.6,0.61,0.39,0.4,0.01,0.01,74745.44,1776355039000
1776355041.343,141.343,0.6,0.61,0.39,0.4,0.01,0.01,74745.44,1776355039000
1776355041.889,141.889,0.6,0.61,0.39,0.4,0.01,0.01,74741.24,1776355040000
1776355042.24,142.24,0.6,0.61,0.39,0.4,0.01,0.01,74741.24,1776355040000
1776355042.578,142.578,0.6,0.61,0.39,0.4,0.01,0.01,74740.46,1776355041000
1776355042.912,142.912,0.6,0.61,0.39,0.4,0.01,0.01,74740.46,1776355041000
1776355043.301,143.301,0.6,0.61,0.39,0.4,0.01,0.01,74748.57,1776355042000
1776355043.841,143.841,0.6,0.61,0.39,0.4,0.01,0.01,74748.57,1776355042000
1776355044.226,144.226,0.6,0.61,0.39,0.4,0.01,0.01,74744.66,1776355043000
1776355045.505,145.505,0.6,0.61,0.39,0.4,0.01,0.01,74744.66,1776355043000
1776355046.041,146.041,0.6,0.61,0.39,0.4,0.01,0.01,74748.0,1776355044000
1776355046.609,146.609,0.6,0.61,0.39,0.4,0.01,0.01,74748.3,1776355045000
1776355047.745,147.745,0.6,0.61,0.39,0.4,0.01,0.01,74748.3,1776355045000
1776355048.277,148.277,0.6,0.61,0.39,0.4,0.01,0.01,74746.48,1776355046000
1776355048.622,148.622,0.6,0.61,0.39,0.4,0.01,0.01,74741.96,1776355047000
1776355048.98,148.98,0.6,0.61,0.39,0.4,0.01,0.01,74741.96,1776355047000
1776355049.397,149.397,0.6,0.61,0.39,0.4,0.01,0.01,74739.96,1776355048000
1776355049.737,149.737,0.6,0.61,0.39,0.4,0.01,0.01,74739.96,1776355048000
1776355050.119,150.119,0.6,0.61,0.39,0.4,0.01,0.01,74739.41,1776355049000
1776355050.592,150.592,0.6,0.61,0.39,0.4,0.01,0.01,74739.41,1776355049000
1776355051.113,151.113,0.6,0.61,0.39,0.4,0.01,0.01,74739.41,1776355049000
1776355051.56,151.56,0.6,0.61,0.39,0.4,0.01,0.01,74736.92,1776355050000
1776355052.168,152.168,0.6,0.61,0.39,0.4,0.01,0.01,74736.92,1776355050000
1776355052.814,152.814,0.6,0.61,0.39,0.4,0.01,0.01,74736.67,1776355051000
1776355053.359,153.359,0.6,0.61,0.39,0.4,0.01,0.01,74736.67,1776355051000
1776355054.398,154.398,0.6,0.61,0.39,0.4,0.01,0.01,74736.31,1776355052000
1776355055.176,155.176,0.6,0.61,0.39,0.4,0.01,0.01,74734.9,1776355054000
1776355055.734,155.734,0.6,0.61,0.39,0.4,0.01,0.01,74734.9,1776355054000
1776355056.658,156.658,0.6,0.61,0.39,0.4,0.01,0.01,74734.9,1776355054000
1776355056.996,156.996,0.6,0.61,0.39,0.4,0.01,0.01,74737.06,1776355055000
1776355057.5,157.5,0.6,0.61,0.39,0.4,0.01,0.01,74737.31,1776355056000
1776355058.196,158.196,0.6,0.61,0.39,0.4,0.01,0.01,74737.31,1776355056000
1776355059.755,159.755,0.6,0.61,0.39,0.4,0.01,0.01,74737.43,1776355057000
1776355060.39,160.39,0.6,0.61,0.39,0.4,0.01,0.01,74731.67,1776355059000
1776355061.02,161.02,0.6,0.61,0.39,0.4,0.01,0.01,74731.67,1776355059000
1776355061.766,161.766,0.6,0.61,0.39,0.4,0.01,0.01,74733.11,1776355060000
1776355062.495,162.495,0.6,0.61,0.39,0.4,0.01,0.01,74733.15,1776355061000
1776355063.122,163.122,0.6,0.61,0.39,0.4,0.01,0.01,74731.12,1776355062000
1776355064.457,164.457,0.6,0.61,0.39,0.4,0.01,0.01,74731.13,1776355063000
1776355065.068,165.068,0.6,0.61,0.39,0.4,0.01,0.01,74731.13,1776355064000
1776355065.636,165.636,0.6,0.61,0.39,0.4,0.01,0.01,74731.13,1776355064000
1776355065.99,165.99,0.6,0.61,0.39,0.4,0.01,0.01,74731.13,1776355064000
1776355066.445,166.445,0.6,0.61,0.39,0.4,0.01,0.01,74731.13,1776355065000
1776355066.941,166.941,0.6,0.61,0.39,0.4,0.01,0.01,74731.08,1776355066000
1776355067.721,167.721,0.6,0.61,0.39,0.4,0.01,0.01,74731.08,1776355066000
1776355068.583,168.583,0.6,0.61,0.39,0.4,0.01,0.01,74732.04,1776355067000
1776355069.228,169.228,0.6,0.61,0.39,0.4,0.01,0.01,74732.27,1776355068000
1776355070.233,170.233,0.6,0.61,0.39,0.4,0.01,0.01,74732.27,1776355068000
1776355071.011,171.011,0.6,0.61,0.39,0.4,0.01,0.01,74732.27,1776355069000
1776355071.679,171.679,0.6,0.61,0.39,0.4,0.01,0.01,74732.95,1776355070000
1776355072.325,172.325,0.6,0.61,0.39,0.4,0.01,0.01,74733.23,1776355071000
1776355072.995,172.995,0.6,0.61,0.39,0.4,0.01,0.01,74732.88,1776355072000
1776355074.362,174.362,0.6,0.61,0.39,0.4,0.01,0.01,74734.34,1776355073000
1776355074.966,174.966,0.6,0.61,0.39,0.4,0.01,0.01,74732.88,1776355074000
1776355075.683,175.683,0.6,0.61,0.39,0.4,0.01,0.01,74732.88,1776355074000
1776355076.482,176.482,0.6,0.61,0.39,0.4,0.01,0.01,74732.88,1776355074000
1776355076.824,176.824,0.6,0.61,0.39,0.4,0.01,0.01,74732.88,1776355074000
1776355077.813,177.813,0.6,0.61,0.39,0.4,0.01,0.01,74733.3,1776355076000
1776355078.666,178.666,0.6,0.61,0.39,0.4,0.01,0.01,74733.3,1776355076000
1776355079.889,179.889,0.6,0.61,0.39,0.4,0.01,0.01,74727.87,1776355078000
1776355080.23,180.23,0.6,0.61,0.39,0.4,0.01,0.01,74727.87,1776355078000
1776355080.714,180.714,0.6,0.61,0.39,0.4,0.01,0.01,74727.82,1776355079000
1776355081.069,181.069,0.6,0.61,0.39,0.4,0.01,0.01,74727.82,1776355079000
1776355081.479,181.479,0.6,0.61,0.39,0.4,0.01,0.01,74728.87,1776355080000
1776355081.966,181.966,0.6,0.61,0.39,0.4,0.01,0.01,74728.87,1776355080000
1776355082.791,182.791,0.6,0.61,0.39,0.4,0.01,0.01,74728.89,1776355081000
1776355084.006,184.006,0.6,0.61,0.39,0.4,0.01,0.01,74732.09,1776355082000
1776355085.023,185.023,0.6,0.61,0.39,0.4,0.01,0.01,74732.19,1776355083000
1776355085.696,185.696,0.6,0.61,0.39,0.4,0.01,0.01,74732.19,1776355083000
1776355086.192,186.192,0.6,0.61,0.39,0.4,0.01,0.01,74734.19,1776355084000
1776355086.703,186.703,0.6,0.61,0.39,0.4,0.01,0.01,74734.19,1776355084000
1776355087.443,187.443,0.6,0.61,0.39,0.4,0.01,0.01,74734.29,1776355086000
1776355088.145,188.145,0.6,0.61,0.39,0.4,0.01,0.01,74733.44,1776355087000
1776355089.631,189.631,0.6,0.61,0.39,0.4,0.01,0.01,74733.48,1776355088000
1776355090.343,190.343,0.6,0.61,0.39,0.4,0.01,0.01,74733.57,1776355089000
1776355091.091,191.091,0.6,0.61,0.39,0.4,0.01,0.01,74733.57,1776355089000
1776355091.46,191.46,0.6,0.61,0.39,0.4,0.01,0.01,74733.57,1776355089000
1776355092.125,192.125,0.6,0.61,0.39,0.4,0.01,0.01,74733.5,1776355090000
1776355092.731,192.731,0.6,0.61,0.39,0.4,0.01,0.01,74731.54,1776355091000
1776355093.096,193.096,0.6,0.61,0.39,0.4,0.01,0.01,74730.69,1776355092000
1776355094.252,194.252,0.6,0.61,0.39,0.4,0.01,0.01,74730.69,1776355092000
1776355094.667,194.667,0.6,0.61,0.39,0.4,0.01,0.01,74731.46,1776355093000
1776355095.201,195.201,0.6,0.61,0.39,0.4,0.01,0.01,74731.46,1776355093000
1776355095.548,195.548,0.6,0.61,0.39,0.4,0.01,0.01,74731.69,1776355094000
1776355096.255,196.255,0.6,0.61,0.39,0.4,0.01,0.01,74731.74,1776355095000
1776355096.643,196.643,0.6,0.61,0.39,0.4,0.01,0.01,74731.74,1776355095000
1776355097.171,197.171,0.6,0.61,0.39,0.4,0.01,0.01,74731.74,1776355095000
1776355098.014,198.014,0.6,0.61,0.39,0.4,0.01,0.01,74739.57,1776355097000
1776355099.017,199.017,0.6,0.61,0.39,0.4,0.01,0.01,74741.01,1776355098000
1776355099.37,199.37,0.6,0.61,0.39,0.4,0.01,0.01,74741.01,1776355098000
1776355099.863,199.863,0.6,0.61,0.39,0.4,0.01,0.01,74741.01,1776355098000
1776355100.665,200.665,0.6,0.61,0.39,0.4,0.01,0.01,74741.23,1776355099000
1776355101.124,201.124,0.6,0.61,0.39,0.4,0.01,0.01,74741.93,1776355100000
1776355101.748,201.748,0.6,0.61,0.39,0.4,0.01,0.01,74741.93,1776355100000
1776355102.279,202.279,0.6,0.61,0.39,0.4,0.01,0.01,74741.93,1776355100000
1776355102.697,202.697,0.6,0.61,0.39,0.4,0.01,0.01,74742.16,1776355101000
1776355103.053,203.053,0.6,0.61,0.39,0.4,0.01,0.01,74742.16,1776355101000
1776355103.907,203.907,0.6,0.61,0.39,0.4,0.01,0.01,74739.47,1776355103000
1776355104.608,204.608,0.6,0.61,0.39,0.4,0.01,0.01,74739.47,1776355103000
1776355104.952,204.952,0.6,0.61,0.39,0.4,0.01,0.01,74740.87,1776355104000
1776355105.654,205.654,0.6,0.61,0.39,0.4,0.01,0.01,74740.87,1776355104000
1776355106.071,206.071,0.6,0.61,0.39,0.4,0.01,0.01,74744.78,1776355105000
1776355106.489,206.489,0.6,0.61,0.39,0.4,0.01,0.01,74744.78,1776355105000
1776355106.843,206.843,0.6,0.61,0.39,0.4,0.01,0.01,74744.78,1776355105000
1776355107.317,207.317,0.6,0.61,0.39,0.4,0.01,0.01,74745.77,1776355106000
1776355107.743,207.743,0.6,0.61,0.39,0.4,0.01,0.01,74745.77,1776355106000
1776355108.122,208.122,0.6,0.61,0.39,0.4,0.01,0.01,74745.74,1776355107000
1776355108.499,208.499,0.6,0.61,0.39,0.4,0.01,0.01,74745.74,1776355107000
1776355108.943,208.943,0.6,0.61,0.39,0.4,0.01,0.01,74745.74,1776355107000
1776355109.555,209.555,0.6,0.61,0.39,0.4,0.01,0.01,74745.7,1776355108000
1776355109.916,209.916,0.6,0.61,0.39,0.4,0.01,0.01,74745.7,1776355108000
1776355110.277,210.277,0.6,0.61,0.39,0.4,0.01,0.01,74745.63,1776355109000
1776355110.702,210.702,0.6,0.61,0.39,0.4,0.01,0.01,74745.63,1776355109000
1776355111.115,211.115,0.6,0.61,0.39,0.4,0.01,0.01,74745.63,1776355109000
1776355111.976,211.976,0.6,0.61,0.39,0.4,0.01,0.01,74744.7,1776355111000
1776355112.348,212.348,0.6,0.61,0.39,0.4,0.01,0.01,74744.7,1776355111000
1776355112.785,212.785,0.6,0.61,0.39,0.4,0.01,0.01,74744.7,1776355111000
1776355113.454,213.454,0.6,0.61,0.39,0.4,0.01,0.01,74740.87,1776355112000
1776355113.945,213.945,0.6,0.61,0.39,0.4,0.01,0.01,74740.98,1776355113000
1776355114.476,214.476,0.6,0.61,0.39,0.4,0.01,0.01,74740.98,1776355113000
1776355114.907,214.907,0.6,0.61,0.39,0.4,0.01,0.01,74740.98,1776355113000
1776355115.267,215.267,0.6,0.61,0.39,0.4,0.01,0.01,74740.99,1776355114000
1776355115.89,215.89,0.6,0.61,0.39,0.4,0.01,0.01,74743.23,1776355115000
1776355116.452,216.452,0.6,0.61,0.39,0.4,0.01,0.01,74743.23,1776355115000
1776355116.933,216.933,0.6,0.61,0.39,0.4,0.01,0.01,74753.56,1776355116000
1776355117.363,217.363,0.6,0.61,0.39,0.4,0.01,0.01,74753.56,1776355116000
1776355117.946,217.946,0.6,0.61,0.39,0.4,0.01,0.01,74754.81,1776355117000
1776355119.063,219.063,0.6,0.61,0.39,0.4,0.01,0.01,74755.91,1776355118000
1776355119.421,219.421,0.6,0.61,0.39,0.4,0.01,0.01,74755.91,1776355118000
1776355119.918,219.918,0.6,0.61,0.39,0.4,0.01,0.01,74755.91,1776355118000
1776355120.35,220.35,0.6,0.61,0.39,0.4,0.01,0.01,74756.27,1776355119000
1776355120.823,220.823,0.6,0.61,0.39,0.4,0.01,0.01,74756.27,1776355119000
1776355121.241,221.241,0.6,0.61,0.39,0.4,0.01,0.01,74758.87,1776355120000
1776355122.083,222.083,0.6,0.61,0.39,0.4,0.01,0.01,74766.79,1776355121000
1776355122.471,222.471,0.6,0.61,0.39,0.4,0.01,0.01,74766.79,1776355121000
1776355122.811,222.811,0.6,0.61,0.39,0.4,0.01,0.01,74766.79,1776355121000
1776355123.647,223.647,0.6,0.61,0.39,0.4,0.01,0.01,74769.28,1776355122000
1776355124.393,224.393,0.6,0.61,0.39,0.4,0.01,0.01,74769.07,1776355123000
1776355124.919,224.919,0.6,0.61,0.39,0.4,0.01,0.01,74768.62,1776355124000
1776355125.381,225.381,0.6,0.61,0.39,0.4,0.01,0.01,74768.62,1776355124000
1776355125.735,225.735,0.6,0.61,0.39,0.4,0.01,0.01,74768.62,1776355124000
1776355126.762,226.762,0.6,0.61,0.39,0.4,0.01,0.01,74768.41,1776355125000
1776355127.123,227.123,0.6,0.61,0.39,0.4,0.01,0.01,74768.32,1776355126000
1776355127.656,227.656,0.6,0.61,0.39,0.4,0.01,0.01,74768.32,1776355126000
1776355128.233,228.233,0.6,0.61,0.39,0.4,0.01,0.01,74768.53,1776355127000
1776355129.667,229.667,0.6,0.61,0.39,0.4,0.01,0.01,74768.53,1776355127000
1776355130.017,230.017,0.6,0.61,0.39,0.4,0.01,0.01,74769.64,1776355128000
1776355131.492,231.492,0.6,0.61,0.39,0.4,0.01,0.01,74771.09,1776355130000
1776355132.119,232.119,0.6,0.61,0.39,0.4,0.01,0.01,74769.19,1776355131000
1776355132.477,232.477,0.6,0.61,0.39,0.4,0.01,0.01,74769.19,1776355131000
1776355133.324,233.324,0.6,0.61,0.39,0.4,0.01,0.01,74769.19,1776355131000
1776355134.057,234.057,0.6,0.61,0.39,0.4,0.01,0.01,74768.86,1776355132000
1776355135.342,235.342,0.6,0.61,0.39,0.4,0.01,0.01,74769.45,1776355134000
1776355135.867,235.867,0.6,0.61,0.39,0.4,0.01,0.01,74769.45,1776355134000
1776355136.462,236.462,0.6,0.61,0.39,0.4,0.01,0.01,74770.05,1776355135000
1776355137.024,237.024,0.6,0.61,0.39,0.4,0.01,0.01,74769.24,1776355136000
1776355138.167,238.167,0.6,0.61,0.39,0.4,0.01,0.01,74768.55,1776355137000
1776355138.523,238.523,0.6,0.61,0.39,0.4,0.01,0.01,74768.55,1776355137000
1776355139.274,239.274,0.6,0.61,0.39,0.4,0.01,0.01,74768.55,1776355137000
1776355139.681,239.681,0.6,0.61,0.39,0.4,0.01,0.01,74767.43,1776355138000
1776355140.192,240.192,0.6,0.61,0.39,0.4,0.01,0.01,74766.37,1776355139000
1776355140.536,240.536,0.6,0.61,0.39,0.4,0.01,0.01,74766.37,1776355139000
1776355140.892,240.892,0.6,0.61,0.39,0.4,0.01,0.01,74766.37,1776355139000
1776355141.433,241.433,0.6,0.61,0.39,0.4,0.01,0.01,74763.55,1776355140000
1776355142.008,242.008,0.6,0.61,0.39,0.4,0.01,0.01,74763.55,1776355140000
1776355142.392,242.392,0.6,0.61,0.39,0.4,0.01,0.01,74763.55,1776355140000
1776355142.832,242.832,0.6,0.61,0.39,0.4,0.01,0.01,74756.28,1776355141000
1776355143.195,243.195,0.6,0.61,0.39,0.4,0.01,0.01,74756.19,1776355142000
1776355143.767,243.767,0.6,0.61,0.39,0.4,0.01,0.01,74756.19,1776355142000
1776355144.349,244.349,0.6,0.61,0.39,0.4,0.01,0.01,74748.71,1776355143000
1776355145.409,245.409,0.6,0.61,0.39,0.4,0.01,0.01,74746.62,1776355144000
1776355145.94,245.94,0.6,0.61,0.39,0.4,0.01,0.01,74746.57,1776355145000
1776355146.56,246.56,0.6,0.61,0.39,0.4,0.01,0.01,74746.57,1776355145000
1776355146.992,246.992,0.6,0.61,0.39,0.4,0.01,0.01,74746.57,1776355145000
1776355147.842,247.842,0.6,0.61,0.39,0.4,0.01,0.01,74746.58,1776355146000
1776355148.192,248.192,0.6,0.61,0.39,0.4,0.01,0.01,74746.58,1776355147000
1776355148.535,248.535,0.6,0.61,0.39,0.4,0.01,0.01,74746.58,1776355147000
1776355148.962,248.962,0.6,0.61,0.39,0.4,0.01,0.01,74746.58,1776355147000
1776355149.469,249.469,0.6,0.61,0.39,0.4,0.01,0.01,74746.63,1776355148000
1776355149.817,249.817,0.6,0.61,0.39,0.4,0.01,0.01,74746.63,1776355148000
1776355150.386,250.386,0.6,0.61,0.39,0.4,0.01,0.01,74744.76,1776355149000
1776355150.812,250.812,0.6,0.61,0.39,0.4,0.01,0.01,74744.76,1776355149000
1776355151.152,251.152,0.6,0.61,0.39,0.4,0.01,0.01,74745.35,1776355150000
1776355151.506,251.506,0.6,0.61,0.39,0.4,0.01,0.01,74745.35,1776355150000
1776355151.914,251.914,0.6,0.61,0.39,0.4,0.01,0.01,74745.35,1776355150000
1776355153.169,253.169,0.6,0.61,0.39,0.4,0.01,0.01,74745.85,1776355151000
1776355153.892,253.892,0.6,0.61,0.39,0.4,0.01,0.01,74745.5,1776355152000
1776355154.404,254.404,0.6,0.61,0.39,0.4,0.01,0.01,74743.02,1776355153000
1776355154.863,254.863,0.6,0.61,0.39,0.4,0.01,0.01,74743.02,1776355153000
1776355155.326,255.326,0.6,0.61,0.39,0.4,0.01,0.01,74744.18,1776355154000
1776355155.844,255.844,0.6,0.61,0.39,0.4,0.01,0.01,74744.18,1776355154000
1776355156.324,256.324,0.6,0.61,0.39,0.4,0.01,0.01,74744.18,1776355154000
1776355156.703,256.703,0.6,0.61,0.39,0.4,0.01,0.01,74743.62,1776355155000
1776355157.085,257.085,0.6,0.61,0.39,0.4,0.01,0.01,74743.62,1776355155000
1776355157.513,257.513,0.6,0.61,0.39,0.4,0.01,0.01,74743.53,1776355156000
1776355158.039,258.039,0.6,0.61,0.39,0.4,0.01,0.01,74743.53,1776355156000
1776355158.434,258.434,0.6,0.61,0.39,0.4,0.01,0.01,74744.8,1776355157000
1776355158.938,258.938,0.6,0.61,0.39,0.4,0.01,0.01,74744.97,1776355158000
1776355159.346,259.346,0.6,0.61,0.39,0.4,0.01,0.01,74744.97,1776355158000
1776355159.751,259.751,0.6,0.61,0.39,0.4,0.01,0.01,74744.97,1776355158000
1776355160.124,260.124,0.6,0.61,0.39,0.4,0.01,0.01,74744.97,1776355158000
1776355160.862,260.862,0.6,0.61,0.39,0.4,0.01,0.01,74748.33,1776355159000
1776355161.247,261.247,0.6,0.61,0.39,0.4,0.01,0.01,74748.33,1776355159000
1776355161.757,261.757,0.6,0.61,0.39,0.4,0.01,0.01,74748.44,1776355160000
1776355162.257,262.257,0.6,0.61,0.39,0.4,0.01,0.01,74748.51,1776355161000
1776355163.277,263.277,0.6,0.61,0.39,0.4,0.01,0.01,74748.21,1776355162000
1776355164.28,264.28,0.6,0.61,0.39,0.4,0.01,0.01,74748.21,1776355162000
1776355165.06,265.06,0.6,0.61,0.39,0.4,0.01,0.01,74746.74,1776355164000
1776355165.414,265.414,0.6,0.61,0.39,0.4,0.01,0.01,74746.74,1776355164000
1776355165.821,265.821,0.6,0.61,0.39,0.4,0.01,0.01,74746.74,1776355164000
1776355166.22,266.22,0.6,0.61,0.39,0.4,0.01,0.01,74748.34,1776355165000
1776355166.616,266.616,0.6,0.61,0.39,0.4,0.01,0.01,74748.34,1776355165000
1776355167.007,267.007,0.6,0.61,0.39,0.4,0.01,0.01,74748.34,1776355165000
1776355167.574,267.574,0.6,0.61,0.39,0.4,0.01,0.01,74748.34,1776355165000
1776355168.105,268.105,0.6,0.61,0.39,0.4,0.01,0.01,74748.33,1776355166000
1776355168.73,268.73,0.6,0.61,0.39,0.4,0.01,0.01,74748.26,1776355167000
1776355169.412,269.412,0.6,0.61,0.39,0.4,0.01,0.01,74748.26,1776355167000
1776355170.257,270.257,0.6,0.61,0.39,0.4,0.01,0.01,74748.26,1776355168000
1776355170.624,270.624,0.6,0.61,0.39,0.4,0.01,0.01,74748.26,1776355169000
1776355171.078,271.078,0.6,0.61,0.39,0.4,0.01,0.01,74748.26,1776355169000
1776355171.642,271.642,0.6,0.61,0.39,0.4,0.01,0.01,74748.28,1776355170000
1776355172.13,272.13,0.6,0.61,0.39,0.4,0.01,0.01,74748.28,1776355170000
1776355173.077,273.077,0.6,0.61,0.39,0.4,0.01,0.01,74748.67,1776355172000
1776355173.775,273.775,0.6,0.61,0.39,0.4,0.01,0.01,74748.67,1776355172000
1776355174.895,274.895,0.6,0.61,0.39,0.4,0.01,0.01,74748.5,1776355174000
1776355175.236,275.236,0.6,0.61,0.39,0.4,0.01,0.01,74748.5,1776355174000
1776355175.613,275.613,0.6,0.61,0.39,0.4,0.01,0.01,74748.5,1776355174000
1776355176.017,276.017,0.6,0.61,0.39,0.4,0.01,0.01,74747.75,1776355175000
1776355176.731,276.731,0.6,0.61,0.39,0.4,0.01,0.01,74747.75,1776355175000
1776355177.203,277.203,0.6,0.61,0.39,0.4,0.01,0.01,74747.95,1776355176000
1776355177.773,277.773,0.6,0.61,0.39,0.4,0.01,0.01,74747.95,1776355176000
1776355178.137,278.137,0.6,0.61,0.39,0.4,0.01,0.01,74747.97,1776355177000
1776355179.065,279.065,0.6,0.61,0.39,0.4,0.01,0.01,74747.97,1776355178000
1776355179.403,279.403,0.6,0.61,0.39,0.4,0.01,0.01,74747.97,1776355178000
1776355180.073,280.073,0.6,0.61,0.39,0.4,0.01,0.01,74746.56,1776355179000
1776355180.575,280.575,0.6,0.61,0.39,0.4,0.01,0.01,74746.56,1776355179000
1776355181.008,281.008,0.6,0.61,0.39,0.4,0.01,0.01,74743.46,1776355180000
1776355181.477,281.477,0.6,0.61,0.39,0.4,0.01,0.01,74743.46,1776355180000
1776355182.016,282.016,0.6,0.61,0.39,0.4,0.01,0.01,74743.04,1776355181000
1776355182.575,282.575,0.6,0.61,0.39,0.4,0.01,0.01,74743.04,1776355181000
1776355183.042,283.042,0.6,0.61,0.39,0.4,0.01,0.01,74743.03,1776355182000
1776355183.718,283.718,0.6,0.61,0.39,0.4,0.01,0.01,74743.03,1776355182000
1776355184.087,284.087,0.6,0.61,0.39,0.4,0.01,0.01,74743.29,1776355183000
1776355184.511,284.511,0.6,0.61,0.39,0.4,0.01,0.01,74743.29,1776355183000
1776355184.974,284.974,0.6,0.61,0.39,0.4,0.01,0.01,74743.29,1776355183000
1776355185.433,285.433,0.6,0.61,0.39,0.4,0.01,0.01,74743.29,1776355183000
1776355185.79,285.79,0.6,0.61,0.39,0.4,0.01,0.01,74743.61,1776355184000
1776355186.186,286.186,0.6,0.61,0.39,0.4,0.01,0.01,74743.61,1776355184000
1776355186.519,286.519,0.6,0.61,0.39,0.4,0.01,0.01,74743.42,1776355185000
1776355186.935,286.935,0.6,0.61,0.39,0.4,0.01,0.01,74743.42,1776355185000
1776355187.279,287.279,0.6,0.61,0.39,0.4,0.01,0.01,74743.52,1776355186000
1776355187.613,287.613,0.6,0.61,0.39,0.4,0.01,0.01,74743.52,1776355186000
1776355187.974,287.974,0.6,0.61,0.39,0.4,0.01,0.01,74743.52,1776355186000
1776355188.441,288.441,0.6,0.61,0.39,0.4,0.01,0.01,74743.52,1776355186000
1776355188.775,288.775,0.6,0.61,0.39,0.4,0.01,0.01,74742.85,1776355187000
1776355189.166,289.166,0.6,0.61,0.39,0.4,0.01,0.01,74742.85,1776355187000
1776355189.513,289.513,0.6,0.61,0.39,0.4,0.01,0.01,74741.45,1776355188000
1776355189.909,289.909,0.6,0.61,0.39,0.4,0.01,0.01,74741.45,1776355188000
1776355190.262,290.262,0.6,0.61,0.39,0.4,0.01,0.01,74740.91,1776355189000
1776355190.601,290.601,0.6,0.61,0.39,0.4,0.01,0.01,74740.91,1776355189000
1776355190.938,290.938,0.6,0.61,0.39,0.4,0.01,0.01,74740.91,1776355189000
1776355191.275,291.275,0.6,0.61,0.39,0.4,0.01,0.01,74740.91,1776355189000
1776355191.71,291.71,0.6,0.61,0.39,0.4,0.01,0.01,74733.05,1776355190000
1776355192.052,292.052,0.6,0.61,0.39,0.4,0.01,0.01,74733.05,1776355190000
1776355192.494,292.494,0.6,0.61,0.39,0.4,0.01,0.01,74733.05,1776355190000
1776355193.014,293.014,0.6,0.61,0.39,0.4,0.01,0.01,74720.33,1776355192000
1776355193.356,293.356,0.6,0.61,0.39,0.4,0.01,0.01,74720.33,1776355192000
1776355193.885,293.885,0.6,0.61,0.39,0.4,0.01,0.01,74720.33,1776355192000
1776355194.251,294.251,0.6,0.61,0.39,0.4,0.01,0.01,74720.33,1776355192000
1776355194.725,294.725,0.6,0.61,0.39,0.4,0.01,0.01,74712.62,1776355193000
1776355195.103,295.103,0.6,0.61,0.39,0.4,0.01,0.01,74712.62,1776355193000
1776355195.601,295.601,0.6,0.61,0.39,0.4,0.01,0.01,74711.45,1776355194000
1776355196.545,296.545,0.6,0.61,0.39,0.4,0.01,0.01,74711.45,1776355194000
1776355196.903,296.903,0.6,0.61,0.39,0.4,0.01,0.01,74711.16,1776355195000
1776355198.757,298.757,0.6,0.61,0.39,0.4,0.01,0.01,74707.48,1776355197000
1776355199.227,299.227,0.6,0.61,0.39,0.4,0.01,0.01,74707.48,1776355197000
1776355200.004,300.004,0.6,0.61,0.39,0.4,0.01,0.01,74709.93,1776355198000
1776355200.429,300.429,0.6,0.61,0.39,0.4,0.01,0.01,74709.0,1776355199000
1776355200.889,300.889,0.6,0.61,0.39,0.4,0.01,0.01,74709.0,1776355199000

# RESULT,winner=Up,slug=btc-updown-5m-1776354900,ticks=596
