timestamp,elapsed_sec,up_bid,up_ask,down_bid,down_ask,up_spread,down_spread,btc_price,btc_oracle_ts
1776961800.564,0.564,0.51,0.64,0.48,0.49,0.13,0.01,78323.87,1776961799000
1776961800.961,0.961,0.51,0.52,0.48,0.49,0.01,0.01,78323.85,1776961800000
1776961801.325,1.325,0.48,0.52,0.48,0.51,0.04,0.03,78323.85,1776961800000
1776961801.922,1.922,0.5,0.51,0.49,0.5,0.01,0.01,78323.85,1776961800000
1776961802.485,2.485,0.5,0.51,0.49,0.5,0.01,0.01,78323.84,1776961801000
1776961803.296,3.296,0.5,0.51,0.49,0.5,0.01,0.01,78323.84,1776961801000
1776961803.64,3.64,0.5,0.51,0.49,0.5,0.01,0.01,78320.6,1776961802000
1776961803.993,3.993,0.5,0.51,0.49,0.5,0.01,0.01,78320.6,1776961802000
1776961804.375,4.375,0.5,0.51,0.49,0.5,0.01,0.01,78320.6,1776961803000
1776961805.051,5.051,0.5,0.51,0.49,0.5,0.01,0.01,78320.6,1776961803000
1776961805.513,5.513,0.48,0.49,0.49,0.51,0.01,0.02,78320.6,1776961803000
1776961805.97,5.97,0.48,0.49,0.51,0.52,0.01,0.01,78321.52,1776961804000
1776961806.34,6.34,0.48,0.49,0.51,0.54,0.01,0.03,78321.47,1776961805000
1776961806.742,6.742,0.42,0.46,0.54,0.57,0.04,0.03,78321.47,1776961805000
1776961807.204,7.204,0.41,0.42,0.58,0.59,0.01,0.01,78321.47,1776961805000
1776961807.623,7.623,0.4,0.41,0.58,0.59,0.01,0.01,78318.27,1776961806000
1776961808.04,8.04,0.4,0.41,0.59,0.6,0.01,0.01,78318.27,1776961806000
1776961808.392,8.392,0.4,0.42,0.58,0.6,0.02,0.02,78318.27,1776961806000
1776961808.745,8.745,0.4,0.41,0.59,0.6,0.01,0.01,78312.24,1776961807000
1776961809.166,9.166,0.4,0.44,0.59,0.6,0.04,0.01,78309.22,1776961808000
1776961809.574,9.574,0.43,0.44,0.56,0.57,0.01,0.01,78309.22,1776961808000
1776961809.998,9.998,0.43,0.44,0.56,0.57,0.01,0.01,78309.22,1776961808000
1776961810.408,10.408,0.43,0.44,0.56,0.57,0.01,0.01,78309.78,1776961809000
1776961810.783,10.783,0.42,0.43,0.57,0.58,0.01,0.01,78309.78,1776961809000
1776961811.147,11.147,0.42,0.43,0.57,0.58,0.01,0.01,78309.78,1776961809000
1776961812.069,12.069,0.42,0.43,0.57,0.58,0.01,0.01,78310.84,1776961810000
1776961812.424,12.424,0.41,0.42,0.58,0.59,0.01,0.01,78311.45,1776961811000
1776961812.81,12.81,0.41,0.42,0.58,0.59,0.01,0.01,78311.45,1776961811000
1776961813.262,13.262,0.4,0.42,0.58,0.59,0.02,0.01,78311.45,1776961811000
1776961813.684,13.684,0.4,0.42,0.58,0.6,0.02,0.02,78306.37,1776961812000
1776961814.022,14.022,0.4,0.42,0.58,0.6,0.02,0.02,78305.89,1776961813000
1776961814.508,14.508,0.4,0.42,0.58,0.6,0.02,0.02,78305.89,1776961813000
1776961814.876,14.876,0.42,0.43,0.57,0.58,0.01,0.01,78305.89,1776961813000
1776961815.234,15.234,0.42,0.43,0.57,0.58,0.01,0.01,78306.02,1776961814000
1776961815.57,15.57,0.42,0.43,0.57,0.58,0.01,0.01,78306.02,1776961814000
1776961816.044,16.044,0.42,0.43,0.57,0.58,0.01,0.01,78306.02,1776961814000
1776961816.577,16.577,0.42,0.43,0.57,0.58,0.01,0.01,78306.02,1776961815000
1776961817.017,17.017,0.42,0.43,0.57,0.58,0.01,0.01,78306.02,1776961815000
1776961817.404,17.404,0.43,0.44,0.56,0.57,0.01,0.01,78306.02,1776961815000
1776961817.758,17.758,0.43,0.44,0.56,0.57,0.01,0.01,78305.82,1776961816000
1776961818.23,18.23,0.43,0.44,0.56,0.57,0.01,0.01,78305.76,1776961817000
1776961818.819,18.819,0.43,0.44,0.56,0.57,0.01,0.01,78305.76,1776961817000
1776961819.173,19.173,0.48,0.51,0.49,0.52,0.03,0.03,78308.33,1776961818000
1776961819.567,19.567,0.49,0.5,0.5,0.51,0.01,0.01,78308.33,1776961818000
1776961820.064,20.064,0.49,0.5,0.5,0.51,0.01,0.01,78308.33,1776961818000
1776961820.431,20.431,0.49,0.5,0.5,0.51,0.01,0.01,78309.44,1776961819000
1776961820.808,20.808,0.48,0.49,0.51,0.52,0.01,0.01,78309.44,1776961819000
1776961821.198,21.198,0.47,0.48,0.52,0.53,0.01,0.01,78315.67,1776961820000
1776961822.427,22.427,0.47,0.48,0.52,0.53,0.01,0.01,78318.37,1776961821000
1776961822.765,22.765,0.47,0.48,0.52,0.53,0.01,0.01,78318.37,1776961821000
1776961823.408,23.408,0.47,0.48,0.52,0.53,0.01,0.01,78318.37,1776961821000
1776961824.072,24.072,0.47,0.48,0.52,0.53,0.01,0.01,78317.95,1776961822000
1776961825.084,25.084,0.48,0.49,0.51,0.52,0.01,0.01,78318.03,1776961823000
1776961825.427,25.427,0.46,0.49,0.51,0.54,0.03,0.03,78318.32,1776961824000
1776961825.794,25.794,0.46,0.48,0.52,0.53,0.02,0.01,78318.32,1776961824000
1776961826.185,26.185,0.45,0.46,0.53,0.54,0.01,0.01,78319.13,1776961825000
1776961826.73,26.73,0.44,0.46,0.54,0.56,0.02,0.02,78319.13,1776961825000
1776961827.123,27.123,0.44,0.45,0.55,0.56,0.01,0.01,78315.36,1776961826000
1776961827.6,27.6,0.43,0.44,0.55,0.57,0.01,0.02,78315.36,1776961826000
1776961828.122,28.122,0.43,0.44,0.56,0.57,0.01,0.01,78313.86,1776961827000
1776961829.014,29.014,0.43,0.44,0.56,0.57,0.01,0.01,78312.93,1776961828000
1776961829.431,29.431,0.43,0.44,0.56,0.57,0.01,0.01,78312.93,1776961828000
1776961830.075,30.075,0.43,0.44,0.56,0.57,0.01,0.01,78312.86,1776961829000
1776961830.832,30.832,0.43,0.44,0.56,0.57,0.01,0.01,78312.86,1776961829000
1776961831.385,31.385,0.43,0.44,0.56,0.57,0.01,0.01,78314.3,1776961830000
1776961831.756,31.756,0.43,0.46,0.56,0.57,0.03,0.01,78314.3,1776961830000
1776961832.311,32.311,0.44,0.45,0.55,0.56,0.01,0.01,78314.18,1776961831000
1776961832.74,32.74,0.44,0.45,0.55,0.56,0.01,0.01,78314.18,1776961831000
1776961833.124,33.124,0.44,0.45,0.55,0.56,0.01,0.01,78314.47,1776961832000
1776961833.586,33.586,0.44,0.45,0.55,0.56,0.01,0.01,78314.47,1776961832000
1776961834.193,34.193,0.44,0.45,0.55,0.56,0.01,0.01,78314.47,1776961832000
1776961834.851,34.851,0.44,0.46,0.55,0.56,0.02,0.01,78314.53,1776961833000
1776961835.414,35.414,0.49,0.5,0.5,0.51,0.01,0.01,78314.88,1776961834000
1776961835.788,35.788,0.49,0.5,0.5,0.51,0.01,0.01,78314.88,1776961834000
1776961836.133,36.133,0.52,0.54,0.46,0.48,0.02,0.02,78316.05,1776961835000
1776961836.519,36.519,0.53,0.54,0.46,0.47,0.01,0.01,78316.05,1776961835000
1776961836.868,36.868,0.53,0.54,0.46,0.47,0.01,0.01,78316.05,1776961835000
1776961837.266,37.266,0.53,0.54,0.46,0.47,0.01,0.01,78316.05,1776961835000
1776961837.614,37.614,0.53,0.54,0.46,0.47,0.01,0.01,78316.05,1776961835000
1776961837.985,37.985,0.53,0.54,0.46,0.47,0.01,0.01,78318.71,1776961836000
1776961838.67,38.67,0.53,0.54,0.46,0.47,0.01,0.01,78325.69,1776961837000
1776961839.053,39.053,0.53,0.54,0.46,0.47,0.01,0.01,78325.69,1776961837000
1776961839.4,39.4,0.53,0.54,0.46,0.47,0.01,0.01,78325.69,1776961837000
1776961840.482,40.482,0.53,0.54,0.46,0.47,0.01,0.01,78333.51,1776961839000
1776961840.857,40.857,0.53,0.54,0.46,0.47,0.01,0.01,78333.51,1776961839000
1776961841.859,41.859,0.54,0.55,0.46,0.47,0.01,0.01,78339.62,1776961840000
1776961842.228,42.228,0.59,0.62,0.38,0.41,0.03,0.03,78344.62,1776961841000
1776961842.586,42.586,0.59,0.62,0.38,0.41,0.03,0.03,78344.62,1776961841000
1776961842.957,42.957,0.59,0.62,0.38,0.41,0.03,0.03,78344.62,1776961841000
1776961843.295,43.295,0.61,0.62,0.38,0.39,0.01,0.01,78345.39,1776961842000
1776961843.677,43.677,0.6,0.61,0.38,0.4,0.01,0.02,78345.39,1776961842000
1776961844.043,44.043,0.6,0.62,0.39,0.4,0.02,0.01,78345.39,1776961842000
1776961844.398,44.398,0.6,0.61,0.39,0.4,0.01,0.01,78345.74,1776961843000
1776961844.808,44.808,0.6,0.61,0.39,0.4,0.01,0.01,78345.74,1776961843000
1776961845.153,45.153,0.61,0.62,0.38,0.39,0.01,0.01,78343.53,1776961844000
1776961845.509,45.509,0.61,0.62,0.38,0.39,0.01,0.01,78343.53,1776961844000
1776961846.087,46.087,0.61,0.62,0.38,0.39,0.01,0.01,78344.37,1776961845000
1776961846.467,46.467,0.61,0.62,0.38,0.39,0.01,0.01,78344.37,1776961845000
1776961846.809,46.809,0.59,0.61,0.39,0.41,0.02,0.02,78344.37,1776961845000
1776961847.25,47.25,0.59,0.61,0.4,0.41,0.02,0.01,78344.71,1776961846000
1776961848.113,48.113,0.6,0.61,0.39,0.4,0.01,0.01,78343.85,1776961847000
1776961848.669,48.669,0.6,0.62,0.39,0.4,0.02,0.01,78343.85,1776961847000
1776961849.009,49.009,0.6,0.62,0.38,0.4,0.02,0.02,78343.85,1776961847000
1776961849.79,49.79,0.62,0.63,0.37,0.38,0.01,0.01,78343.78,1776961848000
1776961850.145,50.145,0.62,0.64,0.36,0.38,0.02,0.02,78345.82,1776961849000
1776961850.488,50.488,0.62,0.64,0.36,0.38,0.02,0.02,78345.82,1776961849000
1776961850.862,50.862,0.62,0.63,0.37,0.38,0.01,0.01,78345.82,1776961849000
1776961851.258,51.258,0.61,0.64,0.36,0.39,0.03,0.03,78346.68,1776961850000
1776961851.642,51.642,0.62,0.63,0.36,0.38,0.01,0.02,78346.68,1776961850000
1776961851.999,51.999,0.62,0.63,0.37,0.38,0.01,0.01,78346.68,1776961850000
1776961852.469,52.469,0.62,0.63,0.37,0.38,0.01,0.01,78347.18,1776961851000
1776961852.834,52.834,0.62,0.63,0.37,0.38,0.01,0.01,78347.18,1776961851000
1776961853.25,53.25,0.62,0.63,0.37,0.38,0.01,0.01,78347.02,1776961852000
1776961853.607,53.607,0.63,0.65,0.33,0.37,0.02,0.04,78347.02,1776961852000
1776961853.955,53.955,0.66,0.68,0.33,0.34,0.02,0.01,78347.02,1776961852000
1776961854.34,54.34,0.66,0.68,0.32,0.34,0.02,0.02,78347.02,1776961852000
1776961854.733,54.733,0.69,0.7,0.3,0.31,0.01,0.01,78347.02,1776961852000
1776961855.126,55.126,0.69,0.7,0.3,0.31,0.01,0.01,78352.07,1776961853000
1776961855.49,55.49,0.68,0.69,0.31,0.32,0.01,0.01,78352.07,1776961853000
1776961855.832,55.832,0.68,0.69,0.31,0.32,0.01,0.01,78354.9,1776961854000
1776961856.279,56.279,0.68,0.69,0.31,0.32,0.01,0.01,78354.9,1776961854000
1776961856.791,56.791,0.68,0.69,0.31,0.32,0.01,0.01,78360.37,1776961855000
1776961857.132,57.132,0.68,0.69,0.31,0.32,0.01,0.01,78360.92,1776961856000
1776961857.547,57.547,0.68,0.69,0.31,0.32,0.01,0.01,78360.92,1776961856000
1776961858.626,58.626,0.68,0.69,0.31,0.32,0.01,0.01,78361.42,1776961857000
1776961859.092,59.092,0.68,0.69,0.31,0.32,0.01,0.01,78361.42,1776961857000
1776961859.507,59.507,0.68,0.69,0.31,0.32,0.01,0.01,78360.79,1776961858000
1776961859.993,59.993,0.68,0.69,0.31,0.32,0.01,0.01,78360.79,1776961858000
1776961860.386,60.386,0.68,0.69,0.31,0.32,0.01,0.01,78361.61,1776961859000
1776961860.79,60.79,0.68,0.69,0.31,0.32,0.01,0.01,78361.61,1776961859000
1776961861.135,61.135,0.68,0.69,0.31,0.32,0.01,0.01,78361.61,1776961859000
1776961861.479,61.479,0.68,0.69,0.31,0.32,0.01,0.01,78361.61,1776961859000
1776961861.908,61.908,0.69,0.71,0.29,0.31,0.02,0.02,78364.46,1776961860000
1776961862.252,62.252,0.69,0.72,0.28,0.31,0.03,0.03,78364.46,1776961860000
1776961862.627,62.627,0.72,0.75,0.25,0.28,0.03,0.03,78368.57,1776961861000
1776961863.016,63.016,0.75,0.77,0.23,0.25,0.02,0.02,78368.57,1776961861000
1776961863.361,63.361,0.77,0.79,0.21,0.23,0.02,0.02,78371.05,1776961862000
1776961863.694,63.694,0.77,0.78,0.22,0.23,0.01,0.01,78371.05,1776961862000
1776961864.039,64.039,0.77,0.78,0.22,0.23,0.01,0.01,78371.05,1776961862000
1776961864.473,64.473,0.77,0.78,0.22,0.23,0.01,0.01,78371.05,1776961862000
1776961864.891,64.891,0.77,0.78,0.22,0.23,0.01,0.01,78382.94,1776961863000
1776961865.252,65.252,0.77,0.78,0.22,0.23,0.01,0.01,78382.94,1776961863000
1776961865.587,65.587,0.78,0.79,0.21,0.22,0.01,0.01,78383.16,1776961864000
1776961866.122,66.122,0.78,0.79,0.21,0.22,0.01,0.01,78385.15,1776961865000
1776961867.557,67.557,0.78,0.79,0.21,0.22,0.01,0.01,78385.15,1776961865000
1776961867.983,67.983,0.77,0.79,0.21,0.22,0.02,0.01,78391.98,1776961866000
1776961868.424,68.424,0.77,0.79,0.21,0.23,0.02,0.02,78395.09,1776961867000
1776961868.77,68.77,0.78,0.79,0.21,0.22,0.01,0.01,78395.09,1776961867000
1776961869.115,69.115,0.78,0.79,0.21,0.22,0.01,0.01,78397.33,1776961868000
1776961869.482,69.482,0.78,0.79,0.21,0.22,0.01,0.01,78397.33,1776961868000
1776961869.843,69.843,0.8,0.83,0.17,0.2,0.03,0.03,78397.33,1776961868000
1776961870.187,70.187,0.78,0.79,0.19,0.22,0.01,0.03,78397.33,1776961868000
1776961870.552,70.552,0.81,0.82,0.18,0.19,0.01,0.01,78397.33,1776961868000
1776961870.913,70.913,0.81,0.82,0.18,0.19,0.01,0.01,78400.33,1776961869000
1776961871.282,71.282,0.84,0.85,0.15,0.18,0.01,0.03,78400.33,1776961869000
1776961871.644,71.644,0.84,0.85,0.15,0.16,0.01,0.01,78401.7,1776961870000
1776961871.989,71.989,0.84,0.85,0.15,0.16,0.01,0.01,78401.7,1776961870000
1776961872.332,72.332,0.84,0.85,0.15,0.16,0.01,0.01,78402.5,1776961871000
1776961872.739,72.739,0.84,0.85,0.15,0.16,0.01,0.01,78402.5,1776961871000
1776961873.109,73.109,0.84,0.85,0.15,0.16,0.01,0.01,78402.5,1776961871000
1776961873.578,73.578,0.84,0.85,0.15,0.16,0.01,0.01,78404.6,1776961872000
1776961873.964,73.964,0.84,0.85,0.15,0.16,0.01,0.01,78404.6,1776961872000
1776961874.341,74.341,0.83,0.84,0.16,0.17,0.01,0.01,78404.6,1776961873000
1776961874.803,74.803,0.82,0.84,0.16,0.18,0.02,0.02,78404.6,1776961873000
1776961875.165,75.165,0.82,0.84,0.16,0.18,0.02,0.02,78404.6,1776961873000
1776961876.003,76.003,0.82,0.83,0.17,0.18,0.01,0.01,78404.65,1776961875000
1776961876.679,76.679,0.82,0.83,0.17,0.18,0.01,0.01,78404.65,1776961875000
1776961877.049,77.049,0.82,0.83,0.17,0.18,0.01,0.01,78404.65,1776961875000
1776961877.518,77.518,0.81,0.83,0.17,0.18,0.02,0.01,78399.5,1776961876000
1776961877.964,77.964,0.82,0.83,0.17,0.18,0.01,0.01,78399.5,1776961876000
1776961878.303,78.303,0.82,0.83,0.17,0.19,0.01,0.02,78399.5,1776961876000
1776961878.936,78.936,0.82,0.83,0.17,0.18,0.01,0.01,78400.48,1776961877000
1776961879.393,79.393,0.83,0.84,0.16,0.18,0.01,0.02,78400.31,1776961878000
1776961879.881,79.881,0.83,0.84,0.16,0.17,0.01,0.01,78400.31,1776961878000
1776961880.349,80.349,0.83,0.84,0.16,0.17,0.01,0.01,78402.56,1776961879000
1776961880.774,80.774,0.83,0.84,0.16,0.17,0.01,0.01,78402.56,1776961879000
1776961881.151,81.151,0.83,0.84,0.16,0.17,0.01,0.01,78402.56,1776961879000
1776961881.587,81.587,0.83,0.84,0.16,0.17,0.01,0.01,78405.42,1776961880000
1776961881.958,81.958,0.83,0.84,0.16,0.17,0.01,0.01,78405.42,1776961880000
1776961882.379,82.379,0.83,0.84,0.16,0.17,0.01,0.01,78408.36,1776961881000
1776961882.875,82.875,0.83,0.84,0.16,0.17,0.01,0.01,78408.36,1776961881000
1776961883.324,83.324,0.83,0.84,0.16,0.17,0.01,0.01,78409.21,1776961882000
1776961883.946,83.946,0.83,0.84,0.16,0.17,0.01,0.01,78409.21,1776961882000
1776961884.433,84.433,0.83,0.84,0.16,0.17,0.01,0.01,78409.14,1776961883000
1776961885.234,85.234,0.83,0.84,0.16,0.17,0.01,0.01,78409.14,1776961883000
1776961885.856,85.856,0.83,0.84,0.16,0.17,0.01,0.01,78409.5,1776961884000
1776961886.362,86.362,0.83,0.84,0.16,0.17,0.01,0.01,78409.5,1776961885000
1776961886.77,86.77,0.83,0.84,0.16,0.17,0.01,0.01,78409.5,1776961885000
1776961887.317,87.317,0.83,0.85,0.16,0.17,0.02,0.01,78409.5,1776961885000
1776961887.706,87.706,0.84,0.85,0.15,0.16,0.01,0.01,78409.51,1776961886000
1776961888.15,88.15,0.84,0.85,0.15,0.16,0.01,0.01,78409.7,1776961887000
1776961888.519,88.519,0.84,0.85,0.15,0.16,0.01,0.01,78409.7,1776961887000
1776961888.918,88.918,0.85,0.86,0.14,0.15,0.01,0.01,78409.7,1776961887000
1776961889.399,89.399,0.85,0.86,0.14,0.15,0.01,0.01,78411.15,1776961888000
1776961889.823,89.823,0.85,0.86,0.14,0.15,0.01,0.01,78411.15,1776961888000
1776961890.183,90.183,0.85,0.86,0.14,0.15,0.01,0.01,78412.1,1776961889000
1776961890.523,90.523,0.85,0.86,0.14,0.15,0.01,0.01,78412.1,1776961889000
1776961890.917,90.917,0.85,0.86,0.14,0.15,0.01,0.01,78412.1,1776961889000
1776961891.288,91.288,0.85,0.86,0.14,0.15,0.01,0.01,78413.58,1776961890000
1776961891.644,91.644,0.85,0.86,0.14,0.15,0.01,0.01,78413.58,1776961890000
1776961891.999,91.999,0.85,0.87,0.13,0.15,0.02,0.02,78413.58,1776961890000
1776961892.83,92.83,0.86,0.87,0.13,0.14,0.01,0.01,78416.73,1776961891000
1776961893.381,93.381,0.86,0.87,0.13,0.14,0.01,0.01,78413.18,1776961892000
1776961893.867,93.867,0.86,0.87,0.13,0.14,0.01,0.01,78413.18,1776961892000
1776961894.225,94.225,0.86,0.87,0.13,0.14,0.01,0.01,78415.42,1776961893000
1776961894.606,94.606,0.86,0.87,0.13,0.14,0.01,0.01,78415.42,1776961893000
1776961895.308,95.308,0.86,0.87,0.13,0.14,0.01,0.01,78414.97,1776961894000
1776961896.34,96.34,0.86,0.87,0.13,0.14,0.01,0.01,78414.97,1776961894000
1776961896.842,96.842,0.86,0.87,0.13,0.14,0.01,0.01,78410.25,1776961895000
1776961897.179,97.179,0.86,0.87,0.13,0.14,0.01,0.01,78410.25,1776961895000
1776961897.523,97.523,0.84,0.87,0.13,0.16,0.03,0.03,78405.54,1776961896000
1776961897.949,97.949,0.84,0.87,0.13,0.16,0.03,0.03,78405.54,1776961896000
1776961898.366,98.366,0.84,0.85,0.15,0.18,0.01,0.03,78405.54,1776961897000
1776961898.699,98.699,0.84,0.85,0.15,0.16,0.01,0.01,78405.54,1776961897000
1776961899.124,99.124,0.84,0.85,0.15,0.16,0.01,0.01,78408.47,1776961898000
1776961899.665,99.665,0.84,0.85,0.15,0.16,0.01,0.01,78408.47,1776961898000
1776961900.331,100.331,0.85,0.86,0.14,0.16,0.01,0.02,78408.93,1776961899000
1776961900.718,100.718,0.85,0.86,0.14,0.15,0.01,0.01,78408.93,1776961899000
1776961901.221,101.221,0.85,0.86,0.14,0.15,0.01,0.01,78408.93,1776961899000
1776961901.562,101.562,0.85,0.86,0.14,0.15,0.01,0.01,78411.33,1776961900000
1776961902.005,102.005,0.84,0.85,0.15,0.16,0.01,0.01,78413.05,1776961901000
1776961902.5,102.5,0.84,0.85,0.15,0.16,0.01,0.01,78413.05,1776961901000
1776961902.986,102.986,0.84,0.85,0.15,0.16,0.01,0.01,78413.05,1776961901000
1776961904.089,104.089,0.84,0.85,0.14,0.16,0.01,0.02,78411.41,1776961902000
1776961904.899,104.899,0.84,0.85,0.15,0.16,0.01,0.01,78411.06,1776961903000
1776961905.393,105.393,0.84,0.85,0.15,0.16,0.01,0.01,78411.05,1776961904000
1776961906.049,106.049,0.84,0.85,0.15,0.16,0.01,0.01,78411.05,1776961904000
1776961906.383,106.383,0.84,0.85,0.15,0.16,0.01,0.01,78411.05,1776961905000
1776961906.959,106.959,0.84,0.87,0.13,0.16,0.03,0.03,78411.74,1776961906000
1776961907.373,107.373,0.87,0.88,0.12,0.13,0.01,0.01,78411.74,1776961906000
1776961907.712,107.712,0.87,0.88,0.12,0.13,0.01,0.01,78411.74,1776961906000
1776961908.053,108.053,0.87,0.88,0.12,0.13,0.01,0.01,78419.25,1776961907000
1776961908.693,108.693,0.85,0.88,0.12,0.13,0.03,0.01,78419.25,1776961907000
1776961909.055,109.055,0.88,0.89,0.12,0.13,0.01,0.01,78419.25,1776961907000
1776961909.483,109.483,0.88,0.89,0.11,0.12,0.01,0.01,78420.78,1776961908000
1776961909.863,109.863,0.88,0.89,0.11,0.12,0.01,0.01,78420.78,1776961908000
1776961910.352,110.352,0.88,0.89,0.11,0.12,0.01,0.01,78421.01,1776961909000
1776961910.706,110.706,0.88,0.89,0.11,0.12,0.01,0.01,78421.01,1776961909000
1776961911.1,111.1,0.88,0.89,0.11,0.12,0.01,0.01,78421.01,1776961909000
1776961911.571,111.571,0.88,0.89,0.11,0.12,0.01,0.01,78421.05,1776961910000
1776961912.018,112.018,0.88,0.89,0.11,0.12,0.01,0.01,78421.05,1776961910000
1776961912.471,112.471,0.87,0.88,0.12,0.13,0.01,0.01,78421.5,1776961911000
1776961912.934,112.934,0.87,0.88,0.12,0.13,0.01,0.01,78421.5,1776961911000
1776961913.326,113.326,0.87,0.88,0.12,0.13,0.01,0.01,78423.06,1776961912000
1776961914.069,114.069,0.87,0.88,0.12,0.13,0.01,0.01,78423.06,1776961912000
1776961914.461,114.461,0.87,0.88,0.12,0.13,0.01,0.01,78421.17,1776961913000
1776961914.821,114.821,0.87,0.88,0.12,0.13,0.01,0.01,78421.17,1776961913000
1776961915.272,115.272,0.87,0.88,0.12,0.13,0.01,0.01,78421.09,1776961914000
1776961916.001,116.001,0.87,0.88,0.12,0.13,0.01,0.01,78421.09,1776961914000
1776961916.361,116.361,0.87,0.88,0.12,0.13,0.01,0.01,78421.09,1776961914000
1776961916.73,116.73,0.87,0.88,0.12,0.13,0.01,0.01,78421.16,1776961915000
1776961917.318,117.318,0.87,0.88,0.12,0.13,0.01,0.01,78421.16,1776961915000
1776961917.749,117.749,0.87,0.88,0.12,0.13,0.01,0.01,78420.85,1776961916000
1776961918.636,118.636,0.87,0.88,0.12,0.13,0.01,0.01,78418.97,1776961917000
1776961918.976,118.976,0.87,0.88,0.12,0.13,0.01,0.01,78418.97,1776961917000
1776961919.456,119.456,0.87,0.88,0.12,0.13,0.01,0.01,78418.53,1776961918000
1776961919.913,119.913,0.87,0.88,0.12,0.13,0.01,0.01,78418.53,1776961918000
1776961920.311,120.311,0.87,0.88,0.12,0.13,0.01,0.01,78418.46,1776961919000
1776961920.704,120.704,0.87,0.88,0.12,0.13,0.01,0.01,78418.46,1776961919000
1776961921.126,121.126,0.87,0.88,0.12,0.13,0.01,0.01,78418.43,1776961920000
1776961921.646,121.646,0.87,0.88,0.12,0.13,0.01,0.01,78418.43,1776961920000
1776961921.991,121.991,0.87,0.88,0.12,0.13,0.01,0.01,78418.43,1776961920000
1776961922.976,122.976,0.87,0.88,0.12,0.13,0.01,0.01,78418.43,1776961921000
1776961923.647,123.647,0.87,0.88,0.12,0.13,0.01,0.01,78417.91,1776961922000
1776961924.042,124.042,0.87,0.88,0.12,0.13,0.01,0.01,78416.44,1776961923000
1776961924.419,124.419,0.87,0.88,0.12,0.13,0.01,0.01,78416.44,1776961923000
1776961924.773,124.773,0.87,0.88,0.12,0.13,0.01,0.01,78416.44,1776961923000
1776961925.15,125.15,0.87,0.88,0.12,0.13,0.01,0.01,78414.01,1776961924000
1776961925.554,125.554,0.87,0.88,0.12,0.13,0.01,0.01,78414.01,1776961924000
1776961925.942,125.942,0.87,0.88,0.12,0.13,0.01,0.01,78414.01,1776961924000
1776961926.498,126.498,0.87,0.88,0.12,0.13,0.01,0.01,78414.13,1776961925000
1776961926.859,126.859,0.87,0.88,0.12,0.13,0.01,0.01,78414.13,1776961925000
1776961927.203,127.203,0.87,0.88,0.12,0.13,0.01,0.01,78407.84,1776961926000
1776961927.64,127.64,0.86,0.87,0.13,0.14,0.01,0.01,78407.84,1776961926000
1776961928.084,128.084,0.86,0.87,0.13,0.14,0.01,0.01,78407.84,1776961926000
1776961928.508,128.508,0.86,0.87,0.13,0.14,0.01,0.01,78407.84,1776961926000
1776961928.879,128.879,0.86,0.87,0.13,0.14,0.01,0.01,78407.84,1776961926000
1776961929.215,129.215,0.85,0.87,0.13,0.15,0.02,0.02,78406.5,1776961928000
1776961929.607,129.607,0.83,0.84,0.16,0.17,0.01,0.01,78406.5,1776961928000
1776961930.09,130.09,0.79,0.8,0.18,0.21,0.01,0.03,78406.5,1776961928000
1776961930.682,130.682,0.78,0.8,0.2,0.21,0.02,0.01,78406.28,1776961929000
1776961931.016,131.016,0.78,0.82,0.18,0.22,0.04,0.04,78406.28,1776961929000
1776961931.375,131.375,0.78,0.82,0.18,0.22,0.04,0.04,78406.28,1776961929000
1776961932.077,132.077,0.78,0.82,0.18,0.22,0.04,0.04,78386.45,1776961931000
1776961932.493,132.493,0.81,0.82,0.18,0.19,0.01,0.01,78386.45,1776961931000
1776961932.913,132.913,0.8,0.81,0.18,0.2,0.01,0.02,78386.45,1776961931000
1776961933.511,133.511,0.8,0.81,0.19,0.2,0.01,0.01,78374.53,1776961932000
1776961933.849,133.849,0.79,0.8,0.19,0.2,0.01,0.01,78374.53,1776961932000
1776961934.194,134.194,0.78,0.8,0.2,0.22,0.02,0.02,78373.51,1776961933000
1776961934.73,134.73,0.78,0.79,0.21,0.23,0.01,0.02,78373.51,1776961933000
1776961935.121,135.121,0.76,0.79,0.21,0.24,0.03,0.03,78374.15,1776961934000
1776961935.531,135.531,0.76,0.79,0.21,0.24,0.03,0.03,78374.15,1776961934000
1776961935.969,135.969,0.76,0.77,0.23,0.24,0.01,0.01,78374.15,1776961934000
1776961936.329,136.329,0.75,0.77,0.23,0.25,0.02,0.02,78374.18,1776961935000
1776961936.756,136.756,0.76,0.77,0.23,0.24,0.01,0.01,78374.18,1776961935000
1776961937.129,137.129,0.76,0.77,0.23,0.25,0.01,0.02,78374.15,1776961936000
1776961937.494,137.494,0.75,0.76,0.24,0.25,0.01,0.01,78374.15,1776961936000
1776961937.84,137.84,0.75,0.76,0.24,0.25,0.01,0.01,78374.15,1776961936000
1776961938.262,138.262,0.75,0.76,0.24,0.25,0.01,0.01,78373.99,1776961937000
1776961938.605,138.605,0.75,0.76,0.24,0.25,0.01,0.01,78373.99,1776961937000
1776961939.19,139.19,0.75,0.76,0.24,0.25,0.01,0.01,78373.93,1776961938000
1776961939.764,139.764,0.75,0.76,0.24,0.25,0.01,0.01,78373.93,1776961938000
1776961940.11,140.11,0.75,0.76,0.24,0.25,0.01,0.01,78373.93,1776961938000
1776961940.506,140.506,0.75,0.76,0.24,0.25,0.01,0.01,78373.91,1776961939000
1776961940.852,140.852,0.75,0.76,0.24,0.25,0.01,0.01,78373.91,1776961939000
1776961941.771,141.771,0.75,0.76,0.24,0.25,0.01,0.01,78373.91,1776961940000
1776961942.518,142.518,0.75,0.76,0.24,0.25,0.01,0.01,78373.96,1776961941000
1776961942.875,142.875,0.75,0.76,0.24,0.25,0.01,0.01,78373.96,1776961941000
1776961944.021,144.021,0.75,0.76,0.24,0.25,0.01,0.01,78374.84,1776961942000
1776961944.357,144.357,0.75,0.76,0.24,0.25,0.01,0.01,78374.75,1776961943000
1776961944.726,144.726,0.75,0.76,0.24,0.25,0.01,0.01,78374.75,1776961943000
1776961945.211,145.211,0.75,0.76,0.24,0.25,0.01,0.01,78374.82,1776961944000
1776961945.627,145.627,0.75,0.76,0.24,0.25,0.01,0.01,78374.82,1776961944000
1776961946.022,146.022,0.75,0.78,0.23,0.25,0.03,0.02,78374.82,1776961944000
1776961946.413,146.413,0.79,0.8,0.19,0.22,0.01,0.03,78374.92,1776961945000
1776961946.963,146.963,0.8,0.81,0.2,0.21,0.01,0.01,78374.92,1776961945000
1776961947.33,147.33,0.81,0.82,0.18,0.19,0.01,0.01,78375.43,1776961946000
1776961947.898,147.898,0.81,0.82,0.18,0.19,0.01,0.01,78375.43,1776961946000
1776961948.385,148.385,0.81,0.82,0.18,0.19,0.01,0.01,78379.3,1776961947000
1776961949.016,149.016,0.8,0.81,0.18,0.2,0.01,0.02,78379.3,1776961947000
1776961950.758,150.758,0.79,0.8,0.2,0.21,0.01,0.01,78383.15,1776961949000
1776961951.472,151.472,0.79,0.8,0.2,0.21,0.01,0.01,78383.15,1776961950000
1776961951.966,151.966,0.79,0.82,0.2,0.21,0.03,0.01,78383.15,1776961950000
1776961952.337,152.337,0.8,0.82,0.18,0.2,0.02,0.02,78387.53,1776961951000
1776961952.705,152.705,0.8,0.83,0.18,0.2,0.03,0.02,78387.53,1776961951000
1776961953.116,153.116,0.81,0.82,0.18,0.19,0.01,0.01,78387.53,1776961951000
1776961953.563,153.563,0.81,0.84,0.18,0.19,0.03,0.01,78387.53,1776961951000
1776961953.975,153.975,0.83,0.84,0.16,0.17,0.01,0.01,78389.52,1776961952000
1776961954.817,154.817,0.83,0.84,0.16,0.17,0.01,0.01,78389.48,1776961953000
1776961955.21,155.21,0.83,0.85,0.15,0.17,0.02,0.02,78389.48,1776961953000
1776961955.657,155.657,0.83,0.85,0.15,0.17,0.02,0.02,78389.66,1776961954000
1776961956.311,156.311,0.84,0.85,0.15,0.16,0.01,0.01,78389.66,1776961954000
1776961956.698,156.698,0.84,0.85,0.15,0.16,0.01,0.01,78391.44,1776961955000
1776961957.109,157.109,0.85,0.86,0.14,0.15,0.01,0.01,78391.44,1776961955000
1776961957.523,157.523,0.86,0.87,0.13,0.15,0.01,0.02,78391.44,1776961955000
1776961958.097,158.097,0.86,0.87,0.13,0.14,0.01,0.01,78392.93,1776961956000
1776961958.543,158.543,0.86,0.87,0.13,0.14,0.01,0.01,78394.36,1776961957000
1776961958.941,158.941,0.86,0.87,0.13,0.14,0.01,0.01,78394.36,1776961957000
1776961960.56,160.56,0.86,0.87,0.13,0.14,0.01,0.01,78395.13,1776961959000
1776961961.257,161.257,0.86,0.87,0.13,0.14,0.01,0.01,78395.57,1776961960000
1776961961.672,161.672,0.86,0.87,0.13,0.14,0.01,0.01,78395.57,1776961960000
1776961962.246,162.246,0.86,0.87,0.13,0.14,0.01,0.01,78394.08,1776961961000
1776961962.789,162.789,0.86,0.87,0.13,0.14,0.01,0.01,78394.08,1776961961000
1776961963.163,163.163,0.86,0.88,0.13,0.14,0.02,0.01,78394.08,1776961961000
1776961963.832,163.832,0.86,0.87,0.12,0.14,0.01,0.02,78394.06,1776961962000
1776961964.171,164.171,0.86,0.87,0.13,0.14,0.01,0.01,78394.06,1776961962000
1776961964.943,164.943,0.85,0.86,0.14,0.15,0.01,0.01,78393.51,1776961963000
1776961965.313,165.313,0.85,0.86,0.14,0.15,0.01,0.01,78392.52,1776961964000
1776961965.914,165.914,0.85,0.86,0.14,0.15,0.01,0.01,78392.52,1776961964000
1776961966.303,166.303,0.85,0.86,0.14,0.15,0.01,0.01,78392.52,1776961964000
1776961966.657,166.657,0.85,0.86,0.14,0.15,0.01,0.01,78392.54,1776961965000
1776961967.008,167.008,0.85,0.86,0.14,0.15,0.01,0.01,78392.54,1776961966000
1776961967.628,167.628,0.85,0.86,0.14,0.15,0.01,0.01,78392.54,1776961966000
1776961968.109,168.109,0.85,0.86,0.14,0.15,0.01,0.01,78392.77,1776961967000
1776961968.523,168.523,0.85,0.86,0.14,0.15,0.01,0.01,78392.77,1776961967000
1776961969.221,169.221,0.85,0.86,0.14,0.15,0.01,0.01,78392.77,1776961967000
1776961970.001,170.001,0.85,0.86,0.14,0.15,0.01,0.01,78391.94,1776961968000
1776961970.396,170.396,0.85,0.86,0.14,0.15,0.01,0.01,78391.94,1776961968000
1776961970.737,170.737,0.84,0.86,0.14,0.16,0.02,0.02,78383.9,1776961969000
1776961971.077,171.077,0.84,0.85,0.14,0.16,0.01,0.02,78383.9,1776961969000
1776961971.459,171.459,0.82,0.83,0.17,0.2,0.01,0.03,78381.64,1776961970000
1776961971.881,171.881,0.82,0.83,0.15,0.18,0.01,0.03,78381.64,1776961970000
1776961972.345,172.345,0.82,0.83,0.17,0.18,0.01,0.01,78380.46,1776961971000
1776961972.767,172.767,0.82,0.83,0.17,0.18,0.01,0.01,78380.46,1776961971000
1776961973.115,173.115,0.82,0.83,0.17,0.18,0.01,0.01,78380.46,1776961971000
1776961973.452,173.452,0.82,0.84,0.17,0.18,0.02,0.01,78381.75,1776961972000
1776961973.82,173.82,0.83,0.84,0.16,0.17,0.01,0.01,78381.75,1776961972000
1776961974.322,174.322,0.84,0.86,0.14,0.16,0.02,0.02,78382.03,1776961973000
1776961974.761,174.761,0.85,0.86,0.14,0.16,0.01,0.02,78382.03,1776961973000
1776961975.125,175.125,0.85,0.86,0.14,0.15,0.01,0.01,78382.23,1776961974000
1776961975.477,175.477,0.85,0.87,0.14,0.15,0.02,0.01,78382.23,1776961974000
1776961976.161,176.161,0.85,0.87,0.13,0.15,0.02,0.02,78388.01,1776961975000
1776961976.852,176.852,0.86,0.87,0.13,0.15,0.01,0.02,78388.01,1776961975000
1776961977.27,177.27,0.86,0.87,0.13,0.14,0.01,0.01,78391.4,1776961976000
1776961978.38,178.38,0.86,0.87,0.13,0.14,0.01,0.01,78390.8,1776961977000
1776961979.03,179.03,0.86,0.87,0.13,0.14,0.01,0.01,78389.69,1776961978000
1776961979.52,179.52,0.86,0.87,0.13,0.14,0.01,0.01,78389.69,1776961978000
1776961980.136,180.136,0.86,0.87,0.13,0.14,0.01,0.01,78387.11,1776961979000
1776961980.921,180.921,0.86,0.87,0.13,0.14,0.01,0.01,78387.11,1776961979000
1776961981.393,181.393,0.86,0.87,0.13,0.14,0.01,0.01,78387.77,1776961980000
1776961981.81,181.81,0.86,0.87,0.13,0.14,0.01,0.01,78387.77,1776961980000
1776961982.645,182.645,0.86,0.87,0.13,0.14,0.01,0.01,78388.61,1776961981000
1776961982.991,182.991,0.86,0.87,0.13,0.14,0.01,0.01,78388.61,1776961981000
1776961983.334,183.334,0.86,0.87,0.13,0.14,0.01,0.01,78388.61,1776961982000
1776961983.681,183.681,0.86,0.87,0.13,0.14,0.01,0.01,78388.61,1776961982000
1776961984.049,184.049,0.84,0.87,0.13,0.15,0.03,0.02,78388.61,1776961982000
1776961984.585,184.585,0.85,0.86,0.13,0.15,0.01,0.02,78389.13,1776961983000
1776961985.614,185.614,0.85,0.86,0.14,0.15,0.01,0.01,78388.62,1776961984000
1776961986.025,186.025,0.85,0.86,0.14,0.15,0.01,0.01,78388.62,1776961984000
1776961986.387,186.387,0.84,0.85,0.15,0.16,0.01,0.01,78387.65,1776961985000
1776961986.759,186.759,0.84,0.86,0.14,0.16,0.02,0.02,78387.65,1776961985000
1776961987.376,187.376,0.85,0.86,0.14,0.16,0.01,0.02,78386.1,1776961986000
1776961987.739,187.739,0.85,0.86,0.14,0.15,0.01,0.01,78386.1,1776961986000
1776961988.075,188.075,0.85,0.86,0.14,0.15,0.01,0.01,78386.1,1776961986000
1776961988.958,188.958,0.85,0.86,0.14,0.15,0.01,0.01,78386.08,1776961987000
1776961989.371,189.371,0.85,0.86,0.14,0.15,0.01,0.01,78386.35,1776961988000
1776961990.028,190.028,0.85,0.86,0.14,0.15,0.01,0.01,78386.35,1776961988000
1776961990.672,190.672,0.85,0.86,0.14,0.15,0.01,0.01,78394.24,1776961989000
1776961991.019,191.019,0.85,0.86,0.14,0.15,0.01,0.01,78394.24,1776961989000
1776961991.427,191.427,0.85,0.86,0.14,0.15,0.01,0.01,78396.66,1776961990000
1776961991.778,191.778,0.87,0.88,0.12,0.15,0.01,0.03,78396.66,1776961990000
1776961992.205,192.205,0.89,0.9,0.1,0.11,0.01,0.01,78396.66,1776961990000
1776961992.577,192.577,0.89,0.9,0.1,0.11,0.01,0.01,78401.82,1776961991000
1776961992.931,192.931,0.89,0.91,0.09,0.11,0.02,0.02,78401.82,1776961991000
1776961993.348,193.348,0.9,0.91,0.09,0.1,0.01,0.01,78401.82,1776961991000
1776961993.801,193.801,0.91,0.92,0.08,0.09,0.01,0.01,78402.64,1776961992000
1776961994.168,194.168,0.91,0.92,0.08,0.09,0.01,0.01,78402.64,1776961992000
1776961994.62,194.62,0.91,0.92,0.08,0.09,0.01,0.01,78402.64,1776961993000
1776961994.957,194.957,0.91,0.92,0.08,0.09,0.01,0.01,78402.79,1776961994000
1776961995.554,195.554,0.91,0.92,0.08,0.09,0.01,0.01,78402.79,1776961994000
1776961996.059,196.059,0.91,0.92,0.08,0.09,0.01,0.01,78402.79,1776961994000
1776961996.602,196.602,0.9,0.91,0.08,0.1,0.01,0.02,78402.4,1776961995000
1776961997.247,197.247,0.9,0.92,0.08,0.1,0.02,0.02,78400.6,1776961996000
1776961997.59,197.59,0.9,0.92,0.09,0.1,0.02,0.01,78400.6,1776961996000
1776961998.121,198.121,0.9,0.92,0.08,0.1,0.02,0.02,78400.6,1776961996000
1776961998.851,198.851,0.9,0.91,0.08,0.1,0.01,0.02,78400.74,1776961997000
1776961999.198,199.198,0.9,0.91,0.09,0.1,0.01,0.01,78400.42,1776961998000
1776961999.733,199.733,0.9,0.91,0.09,0.1,0.01,0.01,78400.42,1776961998000
1776962000.204,200.204,0.9,0.91,0.09,0.1,0.01,0.01,78400.42,1776961998000
1776962000.865,200.865,0.9,0.91,0.09,0.1,0.01,0.01,78392.93,1776962000000
1776962001.257,201.257,0.9,0.91,0.09,0.1,0.01,0.01,78392.93,1776962000000
1776962001.596,201.596,0.9,0.91,0.09,0.1,0.01,0.01,78392.93,1776962000000
1776962001.941,201.941,0.89,0.91,0.09,0.1,0.02,0.01,78392.14,1776962001000
1776962002.332,202.332,0.89,0.9,0.09,0.11,0.01,0.02,78392.14,1776962001000
1776962002.953,202.953,0.89,0.91,0.09,0.11,0.02,0.02,78391.96,1776962002000
1776962003.304,203.304,0.9,0.91,0.09,0.1,0.01,0.01,78391.96,1776962002000
1776962003.929,203.929,0.9,0.91,0.09,0.11,0.01,0.02,78391.96,1776962002000
1776962004.395,204.395,0.89,0.9,0.1,0.13,0.01,0.03,78391.99,1776962003000
1776962004.791,204.791,0.89,0.9,0.1,0.11,0.01,0.01,78391.99,1776962003000
1776962005.131,205.131,0.89,0.9,0.1,0.11,0.01,0.01,78391.99,1776962003000
1776962005.478,205.478,0.89,0.9,0.1,0.11,0.01,0.01,78392.01,1776962004000
1776962006.147,206.147,0.89,0.9,0.1,0.11,0.01,0.01,78392.01,1776962005000
1776962006.829,206.829,0.89,0.9,0.1,0.11,0.01,0.01,78392.01,1776962005000
1776962008.182,208.182,0.88,0.9,0.1,0.11,0.02,0.01,78392.01,1776962006000
1776962008.731,208.731,0.88,0.9,0.1,0.12,0.02,0.02,78391.23,1776962007000
1776962009.219,209.219,0.88,0.89,0.1,0.12,0.01,0.02,78391.23,1776962007000
1776962009.788,209.788,0.88,0.9,0.11,0.12,0.02,0.01,78391.44,1776962008000
1776962010.152,210.152,0.89,0.9,0.1,0.11,0.01,0.01,78392.58,1776962009000
1776962010.584,210.584,0.89,0.9,0.1,0.11,0.01,0.01,78392.58,1776962009000
1776962011.005,211.005,0.89,0.9,0.1,0.11,0.01,0.01,78392.58,1776962009000
1776962011.414,211.414,0.9,0.91,0.08,0.1,0.01,0.02,78397.12,1776962010000
1776962011.807,211.807,0.9,0.91,0.09,0.1,0.01,0.01,78397.12,1776962010000
1776962012.303,212.303,0.91,0.92,0.08,0.1,0.01,0.02,78403.25,1776962011000
1776962012.668,212.668,0.91,0.92,0.08,0.09,0.01,0.01,78403.25,1776962011000
1776962013.03,213.03,0.91,0.92,0.08,0.09,0.01,0.01,78403.25,1776962011000
1776962013.508,213.508,0.92,0.93,0.07,0.08,0.01,0.01,78403.22,1776962012000
1776962013.892,213.892,0.92,0.93,0.07,0.08,0.01,0.01,78403.22,1776962012000
1776962014.242,214.242,0.93,0.94,0.06,0.08,0.01,0.02,78404.99,1776962013000
1776962014.675,214.675,0.93,0.94,0.06,0.07,0.01,0.01,78404.99,1776962013000
1776962015.019,215.019,0.93,0.94,0.06,0.07,0.01,0.01,78405.71,1776962014000
1776962015.614,215.614,0.93,0.94,0.06,0.07,0.01,0.01,78405.71,1776962014000
1776962016.021,216.021,0.93,0.94,0.06,0.07,0.01,0.01,78405.35,1776962015000
1776962016.357,216.357,0.93,0.94,0.06,0.07,0.01,0.01,78405.35,1776962015000
1776962016.955,216.955,0.93,0.94,0.06,0.07,0.01,0.01,78405.35,1776962015000
1776962017.29,217.29,0.93,0.94,0.06,0.07,0.01,0.01,78405.35,1776962015000
1776962017.665,217.665,0.93,0.94,0.06,0.07,0.01,0.01,78405.45,1776962016000
1776962018.157,218.157,0.93,0.94,0.06,0.07,0.01,0.01,78405.45,1776962016000
1776962018.52,218.52,0.93,0.94,0.06,0.07,0.01,0.01,78405.45,1776962016000
1776962019.084,219.084,0.93,0.94,0.06,0.07,0.01,0.01,78404.71,1776962017000
1776962019.661,219.661,0.93,0.95,0.06,0.07,0.02,0.01,78403.8,1776962018000
1776962020.281,220.281,0.93,0.94,0.05,0.07,0.01,0.02,78403.8,1776962018000
1776962020.617,220.617,0.93,0.94,0.06,0.07,0.01,0.01,78403.8,1776962018000
1776962020.951,220.951,0.93,0.94,0.06,0.07,0.01,0.01,78404.59,1776962019000
1776962021.458,221.458,0.93,0.94,0.06,0.07,0.01,0.01,78403.9,1776962020000
1776962021.866,221.866,0.93,0.94,0.06,0.07,0.01,0.01,78403.9,1776962020000
1776962022.374,222.374,0.93,0.95,0.05,0.07,0.02,0.02,78404.66,1776962021000
1776962023.234,223.234,0.94,0.95,0.05,0.07,0.01,0.02,78404.66,1776962021000
1776962023.713,223.713,0.95,0.96,0.04,0.05,0.01,0.01,78404.66,1776962021000
1776962024.079,224.079,0.95,0.96,0.04,0.05,0.01,0.01,78407.06,1776962022000
1776962024.415,224.415,0.95,0.96,0.04,0.05,0.01,0.01,78407.06,1776962022000
1776962024.794,224.794,0.96,0.97,0.03,0.05,0.01,0.02,78408.07,1776962023000
1776962025.183,225.183,0.96,0.97,0.03,0.04,0.01,0.01,78408.07,1776962023000
1776962025.533,225.533,0.96,0.97,0.03,0.04,0.01,0.01,78410.86,1776962024000
1776962025.931,225.931,0.97,0.98,0.02,0.03,0.01,0.01,78410.86,1776962024000
1776962026.382,226.382,0.97,0.98,0.02,0.03,0.01,0.01,78414.92,1776962025000
1776962027.211,227.211,0.97,0.98,0.02,0.03,0.01,0.01,78414.92,1776962025000
1776962027.666,227.666,0.97,0.98,0.02,0.03,0.01,0.01,78426.73,1776962026000
1776962028.193,228.193,0.97,0.98,0.02,0.03,0.01,0.01,78426.73,1776962026000
1776962028.617,228.617,0.97,0.98,0.02,0.03,0.01,0.01,78427.44,1776962027000
1776962028.964,228.964,0.97,0.98,0.02,0.03,0.01,0.01,78427.44,1776962027000
1776962029.355,229.355,0.97,0.98,0.02,0.03,0.01,0.01,78426.88,1776962028000
1776962029.691,229.691,0.97,0.98,0.02,0.03,0.01,0.01,78426.88,1776962028000
1776962030.083,230.083,0.97,0.98,0.02,0.03,0.01,0.01,78426.88,1776962028000
1776962030.433,230.433,0.97,0.98,0.02,0.03,0.01,0.01,78426.88,1776962028000
1776962030.805,230.805,0.97,0.98,0.02,0.03,0.01,0.01,78426.88,1776962028000
1776962031.403,231.403,0.97,0.98,0.02,0.03,0.01,0.01,78427.45,1776962029000
1776962031.815,231.815,0.97,0.98,0.02,0.03,0.01,0.01,78428.13,1776962030000
1776962032.2,232.2,0.98,0.99,0.01,0.02,0.01,0.01,78428.13,1776962030000
1776962032.608,232.608,0.98,0.99,0.01,0.02,0.01,0.01,78429.9,1776962031000
1776962033.011,233.011,0.98,0.99,0.01,0.02,0.01,0.01,78429.9,1776962031000
1776962033.522,233.522,0.98,0.99,0.01,0.02,0.01,0.01,78429.9,1776962031000
1776962033.982,233.982,0.98,0.99,0.01,0.02,0.01,0.01,78430.4,1776962032000
1776962034.641,234.641,0.98,0.99,0.01,0.02,0.01,0.01,78431.79,1776962033000
1776962035.219,235.219,0.98,0.99,0.01,0.02,0.01,0.01,78431.79,1776962033000
1776962035.59,235.59,0.98,0.99,0.01,0.02,0.01,0.01,78431.92,1776962034000
1776962035.986,235.986,0.98,0.99,0.01,0.02,0.01,0.01,78431.92,1776962034000
1776962036.323,236.323,0.98,0.99,0.01,0.02,0.01,0.01,78432.87,1776962035000
1776962036.746,236.746,0.98,0.99,0.01,0.02,0.01,0.01,78432.87,1776962035000
1776962037.235,237.235,0.98,0.99,0.01,0.02,0.01,0.01,78432.62,1776962036000
1776962037.993,237.993,0.98,0.99,0.01,0.02,0.01,0.01,78433.54,1776962037000
1776962038.567,238.567,0.98,0.99,0.01,0.02,0.01,0.01,78433.54,1776962037000
1776962038.904,238.904,0.98,0.99,0.01,0.02,0.01,0.01,78433.54,1776962038000
1776962039.476,239.476,0.98,0.99,0.01,0.02,0.01,0.01,78433.54,1776962038000
1776962039.861,239.861,0.98,0.99,0.01,0.02,0.01,0.01,78433.54,1776962038000
1776962040.376,240.376,0.98,0.99,0.01,0.02,0.01,0.01,78433.02,1776962039000
1776962041.003,241.003,0.98,0.99,0.01,0.02,0.01,0.01,78433.05,1776962040000
1776962041.757,241.757,0.98,0.99,0.01,0.02,0.01,0.01,78433.05,1776962040000
1776962042.103,242.103,0.98,0.99,0.01,0.02,0.01,0.01,78433.05,1776962041000
1776962042.464,242.464,0.98,0.99,0.01,0.02,0.01,0.01,78433.05,1776962041000
1776962042.987,242.987,0.98,0.99,0.01,0.02,0.01,0.01,78432.73,1776962042000
1776962043.359,243.359,0.98,0.99,0.01,0.02,0.01,0.01,78432.73,1776962042000
1776962043.93,243.93,0.98,0.99,0.01,0.02,0.01,0.01,78432.99,1776962043000
1776962044.297,244.297,0.98,0.99,0.01,0.02,0.01,0.01,78432.99,1776962043000
1776962044.679,244.679,0.98,0.99,0.01,0.02,0.01,0.01,78432.99,1776962043000
1776962045.019,245.019,0.98,0.99,0.01,0.02,0.01,0.01,78432.99,1776962043000
1776962045.497,245.497,0.98,0.99,0.01,0.02,0.01,0.01,78434.22,1776962044000
1776962045.846,245.846,0.98,0.99,0.01,0.02,0.01,0.01,78434.22,1776962044000
1776962046.207,246.207,0.98,0.99,0.01,0.02,0.01,0.01,78434.4,1776962045000
1776962046.872,246.872,0.98,0.99,0.01,0.02,0.01,0.01,78434.4,1776962045000
1776962047.356,247.356,0.98,0.99,0.01,0.02,0.01,0.01,78434.32,1776962046000
1776962047.834,247.834,0.98,0.99,0.01,0.02,0.01,0.01,78434.32,1776962046000
1776962048.241,248.241,0.99,0.99,0.01,0.02,0.0,0.01,78434.32,1776962047000
1776962048.629,248.629,0.99,0.99,0.01,0.01,0.0,0.0,78434.32,1776962047000
1776962049.001,249.001,0.99,0.99,0.01,0.01,0.0,0.0,78434.53,1776962048000
1776962049.96,249.96,0.99,0.99,0.01,0.01,0.0,0.0,78434.53,1776962048000
1776962051.062,251.062,0.99,0.99,0.01,0.01,0.0,0.0,78433.64,1776962049000
1776962051.816,251.816,0.99,0.99,0.01,0.01,0.0,0.0,78432.77,1776962050000
1776962052.211,252.211,0.99,0.99,0.01,0.01,0.0,0.0,78432.77,1776962050000
1776962052.888,252.888,0.99,0.99,0.01,0.01,0.0,0.0,78437.44,1776962051000
1776962053.431,253.431,0.99,0.99,0.01,0.01,0.0,0.0,78437.44,1776962051000
1776962053.923,253.923,0.99,0.99,0.01,0.01,0.0,0.0,78439.87,1776962053000
1776962054.765,254.765,0.99,0.99,0.01,0.01,0.0,0.0,78439.87,1776962053000
1776962055.362,255.362,0.99,0.99,0.01,0.01,0.0,0.0,78439.87,1776962053000
1776962056.074,256.074,0.99,0.99,0.01,0.01,0.0,0.0,78438.13,1776962055000
1776962057.001,257.001,0.99,0.99,0.01,0.01,0.0,0.0,78438.13,1776962055000
1776962057.775,257.775,0.99,0.99,0.01,0.01,0.0,0.0,78438.13,1776962056000
1776962058.423,258.423,0.99,0.99,0.01,0.01,0.0,0.0,78438.14,1776962057000
1776962058.939,258.939,0.99,0.99,0.01,0.01,0.0,0.0,78438.13,1776962058000
1776962059.584,259.584,0.99,0.99,0.01,0.01,0.0,0.0,78438.13,1776962058000
1776962060.099,260.099,0.99,0.99,0.01,0.01,0.0,0.0,78435.81,1776962059000
1776962061.316,261.316,0.99,0.99,0.01,0.01,0.0,0.0,78435.81,1776962059000
1776962061.679,261.679,0.99,0.99,0.01,0.01,0.0,0.0,78433.41,1776962060000
1776962063.201,263.201,0.99,0.99,0.01,0.01,0.0,0.0,78433.41,1776962061000
1776962063.609,263.609,0.99,0.99,0.01,0.01,0.0,0.0,78433.41,1776962062000
1776962064.399,264.399,0.99,0.99,0.01,0.01,0.0,0.0,78433.7,1776962063000
1776962064.96,264.96,0.99,0.99,0.01,0.01,0.0,0.0,78434.35,1776962064000
1776962066.658,266.658,0.99,0.99,0.01,0.01,0.0,0.0,78435.81,1776962065000
1776962067.086,267.086,0.99,0.99,0.01,0.01,0.0,0.0,78436.54,1776962066000
1776962067.79,267.79,0.99,0.99,0.01,0.01,0.0,0.0,78436.54,1776962066000
1776962068.337,268.337,0.99,0.99,0.01,0.01,0.0,0.0,78436.19,1776962067000
1776962069.486,269.486,0.99,0.99,0.01,0.01,0.0,0.0,78435.3,1776962068000
1776962069.967,269.967,0.99,0.99,0.01,0.01,0.0,0.0,78435.3,1776962068000
1776962070.601,270.601,0.99,0.99,0.01,0.01,0.0,0.0,78435.3,1776962069000
1776962071.044,271.044,0.99,0.99,0.01,0.01,0.0,0.0,78435.29,1776962070000
1776962071.396,271.396,0.99,0.99,0.01,0.01,0.0,0.0,78435.29,1776962070000
1776962071.939,271.939,0.99,0.99,0.01,0.01,0.0,0.0,78435.29,1776962070000
1776962072.514,272.514,0.99,0.99,0.01,0.01,0.0,0.0,78435.29,1776962071000
1776962073.287,273.287,0.99,0.99,0.01,0.01,0.0,0.0,78435.29,1776962072000
1776962074.345,274.345,0.99,0.99,0.01,0.01,0.0,0.0,78435.29,1776962072000
1776962074.978,274.978,0.99,0.99,0.01,0.01,0.0,0.0,78434.41,1776962074000
1776962076.099,276.099,0.99,0.99,0.01,0.01,0.0,0.0,78433.77,1776962075000
1776962077.411,277.411,0.99,0.99,0.01,0.01,0.0,0.0,78433.72,1776962076000
1776962077.978,277.978,0.99,0.99,0.01,0.01,0.0,0.0,78433.72,1776962076000
1776962079.112,279.112,0.99,0.99,0.01,0.01,0.0,0.0,78433.72,1776962078000
1776962079.62,279.62,0.99,0.99,0.01,0.01,0.0,0.0,78433.72,1776962078000
1776962081.138,281.138,0.99,0.99,0.01,0.01,0.0,0.0,78433.75,1776962080000
1776962082.546,282.546,0.99,0.99,0.01,0.01,0.0,0.0,78434.6,1776962081000
1776962083.154,283.154,0.99,0.99,0.01,0.01,0.0,0.0,78435.16,1776962082000
1776962084.343,284.343,0.99,0.99,0.01,0.01,0.0,0.0,78435.16,1776962082000
1776962085.607,285.607,0.99,0.99,0.01,0.01,0.0,0.0,78436.24,1776962084000
1776962086.053,286.053,0.99,0.99,0.01,0.01,0.0,0.0,78436.24,1776962085000
1776962087.352,287.352,0.99,0.99,0.01,0.01,0.0,0.0,78436.24,1776962085000
1776962088.047,288.047,0.99,0.99,0.01,0.01,0.0,0.0,78436.25,1776962086000
1776962088.583,288.583,0.99,0.99,0.01,0.01,0.0,0.0,78436.24,1776962087000
1776962089.299,289.299,0.99,0.99,0.01,0.01,0.0,0.0,78436.26,1776962088000
1776962090.406,290.406,0.99,0.99,0.01,0.01,0.0,0.0,78436.48,1776962089000
1776962091.919,291.919,0.99,0.99,0.01,0.01,0.0,0.0,78445.34,1776962090000
1776962092.597,292.597,0.99,0.99,0.01,0.01,0.0,0.0,78446.05,1776962091000
1776962093.334,293.334,0.99,0.99,0.01,0.01,0.0,0.0,78447.16,1776962092000
1776962094.137,294.137,0.99,0.99,0.01,0.01,0.0,0.0,78450.06,1776962093000
1776962095.743,295.743,0.99,0.99,0.01,0.01,0.0,0.0,78450.06,1776962093000
1776962096.721,296.721,0.99,0.99,0.01,0.01,0.0,0.0,78452.61,1776962095000
1776962097.544,297.544,0.99,0.99,0.01,0.01,0.0,0.0,78452.5,1776962096000
1776962098.293,298.293,0.99,0.99,0.01,0.01,0.0,0.0,78452.4,1776962097000
1776962100.178,300.178,0.99,0.99,0.01,0.01,0.0,0.0,78451.27,1776962099000
1776962100.734,300.734,0.99,0.99,0.01,0.01,0.0,0.0,78451.27,1776962099000

# RESULT,winner=Up,slug=btc-updown-5m-1776961800,ticks=586
