timestamp,elapsed_sec,up_bid,up_ask,down_bid,down_ask,up_spread,down_spread,btc_price,btc_oracle_ts
1776789000.557,0.557,0.48,0.49,0.51,0.52,0.01,0.01,75876.49,1776788998000
1776789000.969,0.969,0.48,0.49,0.51,0.52,0.01,0.01,75882.14,1776788999000
1776789001.45,1.45,0.48,0.49,0.51,0.52,0.01,0.01,75882.56,1776789000000
1776789001.832,1.832,0.47,0.48,0.52,0.53,0.01,0.01,75882.56,1776789000000
1776789002.226,2.226,0.46,0.47,0.52,0.54,0.01,0.02,75882.56,1776789000000
1776789002.618,2.618,0.46,0.47,0.53,0.54,0.01,0.01,75880.92,1776789001000
1776789002.962,2.962,0.46,0.47,0.53,0.54,0.01,0.01,75878.74,1776789002000
1776789003.295,3.295,0.45,0.47,0.53,0.55,0.02,0.02,75878.74,1776789002000
1776789003.628,3.628,0.4,0.41,0.59,0.6,0.01,0.01,75878.74,1776789002000
1776789003.998,3.998,0.4,0.41,0.59,0.6,0.01,0.01,75878.74,1776789002000
1776789004.526,4.526,0.39,0.4,0.6,0.61,0.01,0.01,75878.74,1776789002000
1776789004.927,4.927,0.39,0.4,0.6,0.61,0.01,0.01,75873.25,1776789003000
1776789005.262,5.262,0.39,0.4,0.6,0.61,0.01,0.01,75873.25,1776789003000
1776789005.617,5.617,0.39,0.4,0.6,0.61,0.01,0.01,75867.62,1776789004000
1776789005.953,5.953,0.39,0.4,0.6,0.61,0.01,0.01,75867.62,1776789004000
1776789006.313,6.313,0.39,0.4,0.6,0.61,0.01,0.01,75867.62,1776789004000
1776789006.703,6.703,0.39,0.4,0.6,0.61,0.01,0.01,75860.83,1776789005000
1776789007.148,7.148,0.39,0.4,0.6,0.61,0.01,0.01,75860.83,1776789005000
1776789007.484,7.484,0.39,0.4,0.6,0.61,0.01,0.01,75860.02,1776789006000
1776789007.823,7.823,0.4,0.41,0.59,0.61,0.01,0.02,75860.02,1776789006000
1776789008.292,8.292,0.4,0.41,0.59,0.6,0.01,0.01,75860.02,1776789006000
1776789008.677,8.677,0.42,0.43,0.59,0.6,0.01,0.01,75860.75,1776789007000
1776789009.024,9.024,0.44,0.45,0.55,0.56,0.01,0.01,75860.75,1776789007000
1776789009.364,9.364,0.45,0.48,0.53,0.55,0.03,0.02,75860.75,1776789007000
1776789009.716,9.716,0.45,0.46,0.54,0.55,0.01,0.01,75863.42,1776789008000
1776789010.255,10.255,0.46,0.47,0.53,0.54,0.01,0.01,75863.42,1776789008000
1776789010.648,10.648,0.45,0.47,0.53,0.54,0.02,0.01,75864.13,1776789009000
1776789011.082,11.082,0.45,0.46,0.54,0.55,0.01,0.01,75864.13,1776789009000
1776789011.532,11.532,0.45,0.46,0.54,0.55,0.01,0.01,75874.29,1776789010000
1776789011.987,11.987,0.44,0.45,0.55,0.56,0.01,0.01,75874.29,1776789010000
1776789012.33,12.33,0.44,0.45,0.55,0.56,0.01,0.01,75874.29,1776789011000
1776789012.855,12.855,0.44,0.45,0.55,0.56,0.01,0.01,75874.29,1776789011000
1776789013.222,13.222,0.44,0.45,0.55,0.56,0.01,0.01,75874.29,1776789011000
1776789013.75,13.75,0.44,0.45,0.55,0.56,0.01,0.01,75874.29,1776789011000
1776789014.149,14.149,0.44,0.45,0.55,0.56,0.01,0.01,75873.55,1776789012000
1776789014.486,14.486,0.44,0.45,0.55,0.56,0.01,0.01,75873.37,1776789013000
1776789014.84,14.84,0.44,0.45,0.55,0.56,0.01,0.01,75873.37,1776789013000
1776789015.226,15.226,0.44,0.45,0.55,0.56,0.01,0.01,75873.37,1776789013000
1776789015.578,15.578,0.43,0.44,0.56,0.57,0.01,0.01,75873.37,1776789013000
1776789015.917,15.917,0.4,0.42,0.58,0.6,0.02,0.02,75873.37,1776789013000
1776789016.254,16.254,0.4,0.41,0.59,0.6,0.01,0.01,75871.84,1776789015000
1776789016.588,16.588,0.4,0.41,0.59,0.6,0.01,0.01,75871.84,1776789015000
1776789016.966,16.966,0.4,0.41,0.59,0.6,0.01,0.01,75868.56,1776789016000
1776789017.43,17.43,0.4,0.41,0.59,0.6,0.01,0.01,75868.56,1776789016000
1776789018.079,18.079,0.39,0.4,0.6,0.61,0.01,0.01,75868.56,1776789016000
1776789018.432,18.432,0.39,0.4,0.6,0.61,0.01,0.01,75863.72,1776789017000
1776789018.865,18.865,0.39,0.4,0.6,0.61,0.01,0.01,75863.72,1776789017000
1776789019.215,19.215,0.39,0.4,0.6,0.61,0.01,0.01,75861.32,1776789018000
1776789019.549,19.549,0.38,0.39,0.61,0.62,0.01,0.01,75861.32,1776789018000
1776789019.918,19.918,0.38,0.39,0.61,0.62,0.01,0.01,75861.32,1776789018000
1776789020.269,20.269,0.38,0.39,0.61,0.62,0.01,0.01,75860.39,1776789019000
1776789020.653,20.653,0.38,0.39,0.61,0.62,0.01,0.01,75860.39,1776789019000
1776789020.996,20.996,0.38,0.39,0.61,0.62,0.01,0.01,75860.39,1776789019000
1776789021.454,21.454,0.38,0.39,0.61,0.62,0.01,0.01,75860.15,1776789020000
1776789021.799,21.799,0.38,0.39,0.61,0.62,0.01,0.01,75860.15,1776789020000
1776789022.158,22.158,0.38,0.39,0.61,0.62,0.01,0.01,75859.37,1776789021000
1776789022.544,22.544,0.38,0.39,0.61,0.62,0.01,0.01,75859.37,1776789021000
1776789022.892,22.892,0.38,0.4,0.61,0.62,0.02,0.01,75859.37,1776789021000
1776789023.246,23.246,0.42,0.43,0.57,0.59,0.01,0.02,75857.22,1776789022000
1776789024.01,24.01,0.42,0.43,0.57,0.58,0.01,0.01,75857.97,1776789023000
1776789024.441,24.441,0.42,0.43,0.57,0.58,0.01,0.01,75857.97,1776789023000
1776789024.779,24.779,0.49,0.51,0.49,0.51,0.02,0.02,75857.97,1776789023000
1776789025.124,25.124,0.51,0.57,0.43,0.49,0.06,0.06,75862.42,1776789024000
1776789025.485,25.485,0.53,0.61,0.39,0.47,0.08,0.08,75862.42,1776789024000
1776789025.822,25.822,0.57,0.62,0.39,0.43,0.05,0.04,75862.42,1776789024000
1776789026.186,26.186,0.59,0.61,0.37,0.41,0.02,0.04,75867.22,1776789025000
1776789026.525,26.525,0.6,0.64,0.36,0.4,0.04,0.04,75867.22,1776789025000
1776789026.884,26.884,0.63,0.65,0.35,0.37,0.02,0.02,75867.22,1776789025000
1776789027.222,27.222,0.63,0.64,0.36,0.37,0.01,0.01,75892,1776789026000
1776789027.574,27.574,0.62,0.64,0.36,0.37,0.02,0.01,75892,1776789026000
1776789028.137,28.137,0.61,0.62,0.37,0.41,0.01,0.04,75892,1776789026000
1776789028.471,28.471,0.61,0.62,0.38,0.39,0.01,0.01,75906.13,1776789027000
1776789028.821,28.821,0.61,0.62,0.38,0.39,0.01,0.01,75906.13,1776789027000
1776789029.231,29.231,0.61,0.62,0.38,0.39,0.01,0.01,75906.13,1776789027000
1776789029.605,29.605,0.6,0.61,0.39,0.4,0.01,0.01,75907.82,1776789028000
1776789029.973,29.973,0.6,0.61,0.39,0.4,0.01,0.01,75907.82,1776789028000
1776789030.352,30.352,0.6,0.61,0.39,0.4,0.01,0.01,75907.82,1776789028000
1776789030.697,30.697,0.6,0.61,0.39,0.4,0.01,0.01,75907.82,1776789028000
1776789031.119,31.119,0.59,0.6,0.4,0.41,0.01,0.01,75904.07,1776789029000
1776789031.484,31.484,0.59,0.6,0.4,0.41,0.01,0.01,75904.2,1776789030000
1776789032.002,32.002,0.6,0.61,0.37,0.4,0.01,0.03,75904.2,1776789030000
1776789032.341,32.341,0.63,0.64,0.36,0.37,0.01,0.01,75904.2,1776789030000
1776789032.68,32.68,0.63,0.64,0.36,0.37,0.01,0.01,75904.2,1776789030000
1776789033.016,33.016,0.62,0.63,0.37,0.38,0.01,0.01,75904.04,1776789031000
1776789033.413,33.413,0.62,0.63,0.37,0.38,0.01,0.01,75903.89,1776789032000
1776789033.862,33.862,0.62,0.63,0.37,0.38,0.01,0.01,75903.89,1776789032000
1776789034.2,34.2,0.61,0.62,0.37,0.39,0.01,0.02,75903.89,1776789032000
1776789034.665,34.665,0.61,0.62,0.38,0.39,0.01,0.01,75905.53,1776789033000
1776789035.15,35.15,0.61,0.62,0.38,0.39,0.01,0.01,75905.53,1776789033000
1776789035.721,35.721,0.6,0.61,0.39,0.4,0.01,0.01,75906.61,1776789034000
1776789036.082,36.082,0.6,0.61,0.39,0.4,0.01,0.01,75907.54,1776789035000
1776789036.426,36.426,0.61,0.62,0.38,0.4,0.01,0.02,75907.54,1776789035000
1776789036.805,36.805,0.61,0.62,0.38,0.39,0.01,0.01,75907.54,1776789035000
1776789037.221,37.221,0.61,0.62,0.38,0.39,0.01,0.01,75907.54,1776789035000
1776789037.598,37.598,0.61,0.62,0.38,0.39,0.01,0.01,75907.23,1776789036000
1776789038.024,38.024,0.62,0.63,0.37,0.38,0.01,0.01,75906.94,1776789037000
1776789038.369,38.369,0.62,0.63,0.37,0.38,0.01,0.01,75906.94,1776789037000
1776789039.252,39.252,0.62,0.64,0.37,0.38,0.02,0.01,75906.94,1776789037000
1776789039.596,39.596,0.69,0.71,0.29,0.31,0.02,0.02,75907.31,1776789038000
1776789039.93,39.93,0.7,0.74,0.26,0.3,0.04,0.04,75907.31,1776789038000
1776789040.265,40.265,0.73,0.75,0.25,0.27,0.02,0.02,75907.31,1776789039000
1776789040.649,40.649,0.73,0.74,0.26,0.27,0.01,0.01,75907.31,1776789039000
1776789041.096,41.096,0.74,0.75,0.25,0.27,0.01,0.02,75907.31,1776789039000
1776789041.508,41.508,0.74,0.75,0.25,0.26,0.01,0.01,75914.44,1776789040000
1776789041.87,41.87,0.74,0.75,0.25,0.26,0.01,0.01,75914.44,1776789040000
1776789042.207,42.207,0.74,0.75,0.25,0.26,0.01,0.01,75914.44,1776789040000
1776789042.559,42.559,0.74,0.75,0.25,0.26,0.01,0.01,75935.78,1776789041000
1776789042.945,42.945,0.74,0.75,0.25,0.26,0.01,0.01,75935.78,1776789041000
1776789043.349,43.349,0.74,0.75,0.25,0.26,0.01,0.01,75935.78,1776789041000
1776789043.71,43.71,0.74,0.75,0.25,0.26,0.01,0.01,75935.78,1776789041000
1776789044.101,44.101,0.74,0.75,0.25,0.26,0.01,0.01,75935.78,1776789041000
1776789044.495,44.495,0.74,0.75,0.25,0.26,0.01,0.01,75935.78,1776789041000
1776789044.911,44.911,0.73,0.74,0.26,0.27,0.01,0.01,75935.78,1776789041000
1776789045.345,45.345,0.73,0.74,0.26,0.27,0.01,0.01,75935.78,1776789041000
1776789045.695,45.695,0.73,0.74,0.26,0.27,0.01,0.01,75935.78,1776789041000
1776789046.052,46.052,0.73,0.74,0.26,0.27,0.01,0.01,75936.48,1776789044000
1776789046.576,46.576,0.73,0.74,0.26,0.27,0.01,0.01,75936.84,1776789045000
1776789046.959,46.959,0.73,0.75,0.25,0.27,0.02,0.02,75936.84,1776789045000
1776789047.341,47.341,0.78,0.79,0.21,0.22,0.01,0.01,75935.85,1776789046000
1776789047.685,47.685,0.78,0.79,0.21,0.22,0.01,0.01,75935.85,1776789046000
1776789048.105,48.105,0.76,0.77,0.22,0.24,0.01,0.02,75935.85,1776789046000
1776789048.44,48.44,0.76,0.77,0.23,0.24,0.01,0.01,75935.91,1776789047000
1776789048.851,48.851,0.78,0.79,0.21,0.23,0.01,0.02,75935.91,1776789047000
1776789049.22,49.22,0.78,0.79,0.21,0.22,0.01,0.01,75935.91,1776789047000
1776789049.566,49.566,0.75,0.76,0.24,0.25,0.01,0.01,75946.07,1776789048000
1776789049.909,49.909,0.72,0.73,0.25,0.28,0.01,0.03,75946.07,1776789048000
1776789050.253,50.253,0.72,0.73,0.27,0.28,0.01,0.01,75946.07,1776789048000
1776789050.61,50.61,0.72,0.73,0.27,0.28,0.01,0.01,75946.7,1776789049000
1776789050.984,50.984,0.72,0.73,0.27,0.28,0.01,0.01,75946.7,1776789049000
1776789051.342,51.342,0.72,0.73,0.27,0.28,0.01,0.01,75946.7,1776789049000
1776789051.716,51.716,0.72,0.73,0.27,0.28,0.01,0.01,75946.7,1776789049000
1776789052.15,52.15,0.73,0.74,0.26,0.27,0.01,0.01,75941.29,1776789050000
1776789052.506,52.506,0.73,0.74,0.26,0.27,0.01,0.01,75939.4,1776789051000
1776789052.976,52.976,0.73,0.74,0.26,0.27,0.01,0.01,75939.4,1776789051000
1776789053.322,53.322,0.73,0.74,0.26,0.27,0.01,0.01,75939.4,1776789051000
1776789053.686,53.686,0.73,0.74,0.26,0.27,0.01,0.01,75938.79,1776789052000
1776789054.128,54.128,0.73,0.74,0.26,0.27,0.01,0.01,75939.58,1776789053000
1776789054.751,54.751,0.73,0.74,0.26,0.27,0.01,0.01,75939.58,1776789053000
1776789055.127,55.127,0.73,0.74,0.26,0.27,0.01,0.01,75939.49,1776789054000
1776789055.463,55.463,0.74,0.75,0.25,0.26,0.01,0.01,75939.49,1776789054000
1776789055.963,55.963,0.74,0.75,0.25,0.26,0.01,0.01,75939.49,1776789054000
1776789056.409,56.409,0.74,0.75,0.25,0.26,0.01,0.01,75939.49,1776789054000
1776789056.804,56.804,0.74,0.75,0.25,0.26,0.01,0.01,75938.77,1776789055000
1776789057.22,57.22,0.74,0.75,0.25,0.26,0.01,0.01,75938.77,1776789056000
1776789057.608,57.608,0.75,0.76,0.24,0.25,0.01,0.01,75938.77,1776789056000
1776789057.948,57.948,0.75,0.76,0.24,0.25,0.01,0.01,75938.77,1776789056000
1776789058.513,58.513,0.75,0.76,0.24,0.25,0.01,0.01,75938.9,1776789057000
1776789058.892,58.892,0.75,0.76,0.24,0.25,0.01,0.01,75938.9,1776789057000
1776789059.226,59.226,0.75,0.76,0.24,0.25,0.01,0.01,75938.9,1776789057000
1776789059.626,59.626,0.75,0.76,0.24,0.25,0.01,0.01,75939.21,1776789058000
1776789059.966,59.966,0.73,0.74,0.25,0.26,0.01,0.01,75939.89,1776789059000
1776789060.377,60.377,0.73,0.74,0.26,0.27,0.01,0.01,75939.89,1776789059000
1776789060.858,60.858,0.75,0.76,0.24,0.26,0.01,0.02,75939.89,1776789059000
1776789061.199,61.199,0.76,0.8,0.2,0.24,0.04,0.04,75939.89,1776789059000
1776789061.61,61.61,0.8,0.81,0.19,0.2,0.01,0.01,75940.98,1776789060000
1776789061.967,61.967,0.8,0.81,0.19,0.2,0.01,0.01,75940.98,1776789060000
1776789062.322,62.322,0.8,0.81,0.19,0.2,0.01,0.01,75940.35,1776789061000
1776789062.727,62.727,0.8,0.81,0.19,0.2,0.01,0.01,75940.35,1776789061000
1776789063.122,63.122,0.8,0.81,0.19,0.2,0.01,0.01,75940.35,1776789061000
1776789063.522,63.522,0.8,0.81,0.19,0.2,0.01,0.01,75951.25,1776789062000
1776789063.911,63.911,0.8,0.81,0.19,0.2,0.01,0.01,75951.25,1776789062000
1776789064.439,64.439,0.8,0.81,0.19,0.2,0.01,0.01,75951.25,1776789062000
1776789065.316,65.316,0.8,0.81,0.19,0.2,0.01,0.01,75951.85,1776789063000
1776789065.741,65.741,0.8,0.81,0.19,0.2,0.01,0.01,75951.4,1776789064000
1776789066.178,66.178,0.8,0.82,0.19,0.2,0.02,0.01,75951.4,1776789064000
1776789066.523,66.523,0.82,0.83,0.17,0.18,0.01,0.01,75951.69,1776789065000
1776789066.86,66.86,0.82,0.83,0.17,0.18,0.01,0.01,75951.69,1776789065000
1776789067.247,67.247,0.82,0.83,0.17,0.18,0.01,0.01,75951.83,1776789066000
1776789067.581,67.581,0.82,0.83,0.17,0.18,0.01,0.01,75951.83,1776789066000
1776789067.952,67.952,0.83,0.84,0.16,0.17,0.01,0.01,75951.83,1776789066000
1776789068.353,68.353,0.84,0.85,0.15,0.16,0.01,0.01,75955.35,1776789067000
1776789068.711,68.711,0.84,0.85,0.15,0.16,0.01,0.01,75955.35,1776789067000
1776789069.075,69.075,0.85,0.86,0.14,0.16,0.01,0.02,75955.35,1776789067000
1776789069.423,69.423,0.85,0.86,0.14,0.15,0.01,0.01,75955.35,1776789067000
1776789069.765,69.765,0.85,0.86,0.14,0.15,0.01,0.01,75960.35,1776789068000
1776789070.36,70.36,0.85,0.86,0.14,0.15,0.01,0.01,75967.31,1776789069000
1776789070.9,70.9,0.85,0.86,0.14,0.15,0.01,0.01,75967.31,1776789069000
1776789071.349,71.349,0.85,0.86,0.14,0.15,0.01,0.01,75973.53,1776789070000
1776789071.777,71.777,0.85,0.86,0.14,0.15,0.01,0.01,75973.53,1776789070000
1776789072.11,72.11,0.85,0.86,0.14,0.15,0.01,0.01,75973.53,1776789070000
1776789072.469,72.469,0.84,0.85,0.15,0.16,0.01,0.01,75972.81,1776789071000
1776789072.865,72.865,0.84,0.85,0.15,0.16,0.01,0.01,75972.81,1776789071000
1776789073.254,73.254,0.84,0.85,0.15,0.16,0.01,0.01,75971.79,1776789072000
1776789073.801,73.801,0.84,0.86,0.15,0.16,0.02,0.01,75971.79,1776789072000
1776789074.135,74.135,0.85,0.86,0.14,0.15,0.01,0.01,75971.79,1776789072000
1776789074.524,74.524,0.86,0.87,0.13,0.14,0.01,0.01,75971.31,1776789073000
1776789074.911,74.911,0.86,0.88,0.12,0.14,0.02,0.02,75971.31,1776789073000
1776789075.349,75.349,0.87,0.89,0.11,0.13,0.02,0.02,75971.89,1776789074000
1776789075.871,75.871,0.88,0.89,0.11,0.12,0.01,0.01,75971.89,1776789074000
1776789076.215,76.215,0.88,0.89,0.11,0.12,0.01,0.01,75971.89,1776789074000
1776789076.728,76.728,0.88,0.89,0.11,0.12,0.01,0.01,75977,1776789075000
1776789077.067,77.067,0.88,0.89,0.11,0.12,0.01,0.01,75978.25,1776789076000
1776789077.795,77.795,0.88,0.89,0.11,0.12,0.01,0.01,75978.25,1776789076000
1776789078.214,78.214,0.88,0.89,0.11,0.12,0.01,0.01,75981.37,1776789077000
1776789079.125,79.125,0.88,0.89,0.11,0.12,0.01,0.01,75981.37,1776789077000
1776789079.535,79.535,0.88,0.89,0.11,0.12,0.01,0.01,75980.15,1776789078000
1776789079.908,79.908,0.88,0.89,0.11,0.12,0.01,0.01,75980.15,1776789078000
1776789080.281,80.281,0.88,0.89,0.11,0.12,0.01,0.01,75980.15,1776789078000
1776789080.617,80.617,0.88,0.89,0.11,0.12,0.01,0.01,75981.91,1776789079000
1776789081.116,81.116,0.87,0.89,0.11,0.12,0.02,0.01,75985.79,1776789080000
1776789081.464,81.464,0.87,0.88,0.12,0.13,0.01,0.01,75985.79,1776789080000
1776789081.823,81.823,0.87,0.88,0.12,0.13,0.01,0.01,75985.79,1776789080000
1776789082.211,82.211,0.86,0.87,0.13,0.14,0.01,0.01,75984.19,1776789081000
1776789082.799,82.799,0.85,0.86,0.14,0.15,0.01,0.01,75984.19,1776789081000
1776789083.282,83.282,0.85,0.86,0.14,0.15,0.01,0.01,75979.85,1776789082000
1776789083.912,83.912,0.85,0.86,0.14,0.15,0.01,0.01,75979.85,1776789082000
1776789084.393,84.393,0.85,0.86,0.14,0.15,0.01,0.01,75975.05,1776789083000
1776789084.736,84.736,0.85,0.86,0.14,0.15,0.01,0.01,75975.05,1776789083000
1776789085.209,85.209,0.86,0.87,0.13,0.14,0.01,0.01,75975.05,1776789083000
1776789085.565,85.565,0.86,0.87,0.13,0.14,0.01,0.01,75974.97,1776789084000
1776789085.979,85.979,0.86,0.87,0.13,0.14,0.01,0.01,75974.97,1776789084000
1776789086.527,86.527,0.86,0.87,0.13,0.14,0.01,0.01,75974.18,1776789085000
1776789086.869,86.869,0.86,0.87,0.13,0.14,0.01,0.01,75974.18,1776789085000
1776789087.229,87.229,0.85,0.87,0.13,0.14,0.02,0.01,75973.54,1776789086000
1776789087.581,87.581,0.85,0.86,0.14,0.15,0.01,0.01,75973.54,1776789086000
1776789087.963,87.963,0.85,0.86,0.14,0.15,0.01,0.01,75973.54,1776789086000
1776789088.62,88.62,0.85,0.86,0.14,0.15,0.01,0.01,75973.57,1776789087000
1776789089.433,89.433,0.84,0.86,0.14,0.15,0.02,0.01,75973.57,1776789087000
1776789089.784,89.784,0.84,0.85,0.15,0.16,0.01,0.01,75973.57,1776789087000
1776789090.161,90.161,0.84,0.85,0.15,0.16,0.01,0.01,75966.7,1776789088000
1776789090.616,90.616,0.84,0.85,0.15,0.16,0.01,0.01,75966.7,1776789088000
1776789090.999,90.999,0.84,0.85,0.15,0.16,0.01,0.01,75965.02,1776789089000
1776789091.334,91.334,0.83,0.84,0.16,0.17,0.01,0.01,75965.02,1776789089000
1776789091.668,91.668,0.83,0.84,0.16,0.17,0.01,0.01,75965.02,1776789089000
1776789092.022,92.022,0.83,0.84,0.16,0.17,0.01,0.01,75965.1,1776789090000
1776789092.427,92.427,0.83,0.84,0.16,0.17,0.01,0.01,75964.57,1776789091000
1776789092.782,92.782,0.83,0.84,0.16,0.17,0.01,0.01,75964.57,1776789091000
1776789093.136,93.136,0.83,0.84,0.16,0.17,0.01,0.01,75964.57,1776789091000
1776789093.474,93.474,0.83,0.84,0.16,0.17,0.01,0.01,75964.57,1776789091000
1776789093.837,93.837,0.82,0.83,0.17,0.18,0.01,0.01,75964.57,1776789091000
1776789094.243,94.243,0.82,0.83,0.17,0.18,0.01,0.01,75963.02,1776789092000
1776789094.786,94.786,0.8,0.81,0.19,0.2,0.01,0.01,75962.59,1776789093000
1776789095.203,95.203,0.8,0.81,0.19,0.2,0.01,0.01,75962.2,1776789094000
1776789095.54,95.54,0.8,0.81,0.19,0.2,0.01,0.01,75962.2,1776789094000
1776789095.899,95.899,0.8,0.81,0.19,0.2,0.01,0.01,75962.2,1776789094000
1776789096.271,96.271,0.8,0.81,0.19,0.2,0.01,0.01,75962.2,1776789094000
1776789096.635,96.635,0.81,0.84,0.17,0.19,0.03,0.02,75955.24,1776789095000
1776789097.068,97.068,0.82,0.83,0.16,0.18,0.01,0.02,75955.24,1776789095000
1776789097.436,97.436,0.82,0.83,0.17,0.18,0.01,0.01,75953.42,1776789096000
1776789098.031,98.031,0.83,0.84,0.16,0.18,0.01,0.02,75953.42,1776789096000
1776789098.492,98.492,0.83,0.84,0.16,0.17,0.01,0.01,75953.42,1776789096000
1776789098.895,98.895,0.83,0.84,0.16,0.17,0.01,0.01,75955.24,1776789097000
1776789099.423,99.423,0.83,0.84,0.16,0.17,0.01,0.01,75955.03,1776789098000
1776789099.818,99.818,0.83,0.84,0.16,0.17,0.01,0.01,75955.03,1776789098000
1776789100.204,100.204,0.85,0.86,0.14,0.15,0.01,0.01,75955.71,1776789099000
1776789100.539,100.539,0.85,0.86,0.14,0.15,0.01,0.01,75955.71,1776789099000
1776789100.887,100.887,0.84,0.86,0.14,0.15,0.02,0.01,75955.71,1776789099000
1776789101.428,101.428,0.85,0.86,0.14,0.15,0.01,0.01,75959.46,1776789100000
1776789101.868,101.868,0.86,0.87,0.13,0.15,0.01,0.02,75959.46,1776789100000
1776789102.392,102.392,0.86,0.87,0.13,0.14,0.01,0.01,75959.46,1776789100000
1776789102.741,102.741,0.86,0.87,0.13,0.14,0.01,0.01,75959.46,1776789100000
1776789103.125,103.125,0.86,0.87,0.13,0.14,0.01,0.01,75962.7,1776789101000
1776789103.658,103.658,0.86,0.87,0.13,0.14,0.01,0.01,75962.7,1776789101000
1776789103.998,103.998,0.86,0.87,0.13,0.14,0.01,0.01,75964.8,1776789102000
1776789104.425,104.425,0.86,0.87,0.13,0.14,0.01,0.01,75966.59,1776789103000
1776789104.772,104.772,0.86,0.87,0.13,0.14,0.01,0.01,75966.59,1776789103000
1776789105.239,105.239,0.86,0.87,0.13,0.14,0.01,0.01,75966.59,1776789103000
1776789105.642,105.642,0.86,0.87,0.13,0.14,0.01,0.01,75967.69,1776789104000
1776789105.978,105.978,0.86,0.87,0.13,0.14,0.01,0.01,75967.69,1776789104000
1776789106.4,106.4,0.86,0.87,0.13,0.14,0.01,0.01,75967.4,1776789105000
1776789106.736,106.736,0.86,0.87,0.13,0.14,0.01,0.01,75967.4,1776789105000
1776789107.535,107.535,0.86,0.87,0.13,0.14,0.01,0.01,75967.4,1776789105000
1776789108.013,108.013,0.86,0.87,0.13,0.14,0.01,0.01,75967.4,1776789105000
1776789108.469,108.469,0.84,0.85,0.15,0.16,0.01,0.01,75967.4,1776789105000
1776789108.856,108.856,0.83,0.84,0.16,0.17,0.01,0.01,75967.86,1776789107000
1776789109.293,109.293,0.83,0.84,0.16,0.17,0.01,0.01,75967.45,1776789108000
1776789109.702,109.702,0.8,0.81,0.19,0.2,0.01,0.01,75967.45,1776789108000
1776789110.08,110.08,0.8,0.81,0.19,0.2,0.01,0.01,75961.86,1776789109000
1776789110.562,110.562,0.79,0.8,0.19,0.21,0.01,0.02,75961.86,1776789109000
1776789110.898,110.898,0.78,0.79,0.21,0.22,0.01,0.01,75961.86,1776789109000
1776789111.233,111.233,0.77,0.78,0.22,0.23,0.01,0.01,75952.67,1776789110000
1776789111.802,111.802,0.76,0.77,0.23,0.24,0.01,0.01,75952.67,1776789110000
1776789112.418,112.418,0.7,0.71,0.29,0.3,0.01,0.01,75947.72,1776789111000
1776789112.805,112.805,0.7,0.71,0.29,0.3,0.01,0.01,75947.72,1776789111000
1776789113.223,113.223,0.7,0.71,0.29,0.3,0.01,0.01,75947.72,1776789111000
1776789113.594,113.594,0.7,0.71,0.29,0.3,0.01,0.01,75936.71,1776789112000
1776789113.936,113.936,0.7,0.71,0.29,0.3,0.01,0.01,75936.71,1776789112000
1776789114.285,114.285,0.69,0.7,0.3,0.31,0.01,0.01,75936.71,1776789112000
1776789114.736,114.736,0.69,0.7,0.3,0.31,0.01,0.01,75921.87,1776789113000
1776789115.091,115.091,0.69,0.71,0.29,0.31,0.02,0.02,75921.87,1776789113000
1776789115.44,115.44,0.73,0.74,0.26,0.28,0.01,0.02,75921.87,1776789113000
1776789115.794,115.794,0.73,0.74,0.26,0.27,0.01,0.01,75923.33,1776789114000
1776789116.216,116.216,0.74,0.75,0.25,0.27,0.01,0.02,75922.91,1776789115000
1776789116.618,116.618,0.74,0.75,0.25,0.26,0.01,0.01,75922.91,1776789115000
1776789116.974,116.974,0.74,0.75,0.25,0.26,0.01,0.01,75922.91,1776789115000
1776789117.402,117.402,0.74,0.75,0.25,0.26,0.01,0.01,75925.61,1776789116000
1776789118.216,118.216,0.74,0.75,0.25,0.26,0.01,0.01,75925.61,1776789116000
1776789118.573,118.573,0.74,0.75,0.25,0.26,0.01,0.01,75927.98,1776789117000
1776789119.177,119.177,0.76,0.77,0.23,0.24,0.01,0.01,75927.98,1776789117000
1776789119.527,119.527,0.76,0.77,0.23,0.24,0.01,0.01,75928.13,1776789118000
1776789120.017,120.017,0.76,0.77,0.23,0.24,0.01,0.01,75928.13,1776789118000
1776789120.594,120.594,0.76,0.77,0.23,0.24,0.01,0.01,75928.13,1776789119000
1776789120.973,120.973,0.79,0.81,0.18,0.21,0.02,0.03,75928.13,1776789119000
1776789121.33,121.33,0.8,0.81,0.19,0.2,0.01,0.01,75931.06,1776789120000
1776789121.726,121.726,0.8,0.81,0.19,0.2,0.01,0.01,75931.06,1776789120000
1776789122.174,122.174,0.8,0.81,0.19,0.2,0.01,0.01,75931.06,1776789120000
1776789122.546,122.546,0.79,0.8,0.2,0.21,0.01,0.01,75932.31,1776789121000
1776789123.028,123.028,0.79,0.8,0.2,0.21,0.01,0.01,75938.2,1776789122000
1776789123.83,123.83,0.79,0.8,0.2,0.21,0.01,0.01,75938.2,1776789122000
1776789124.31,124.31,0.79,0.8,0.2,0.21,0.01,0.01,75939.45,1776789123000
1776789124.854,124.854,0.79,0.8,0.2,0.21,0.01,0.01,75939.45,1776789123000
1776789125.303,125.303,0.79,0.8,0.2,0.21,0.01,0.01,75939.95,1776789124000
1776789125.973,125.973,0.79,0.8,0.2,0.21,0.01,0.01,75939.95,1776789124000
1776789126.312,126.312,0.79,0.8,0.2,0.21,0.01,0.01,75939.95,1776789124000
1776789126.822,126.822,0.79,0.8,0.2,0.21,0.01,0.01,75939.65,1776789125000
1776789127.359,127.359,0.79,0.8,0.2,0.21,0.01,0.01,75939.65,1776789125000
1776789127.864,127.864,0.79,0.8,0.2,0.21,0.01,0.01,75938.78,1776789126000
1776789128.259,128.259,0.79,0.8,0.2,0.21,0.01,0.01,75939.52,1776789127000
1776789128.757,128.757,0.79,0.8,0.2,0.21,0.01,0.01,75939.52,1776789127000
1776789129.448,129.448,0.79,0.8,0.2,0.21,0.01,0.01,75940.28,1776789128000
1776789129.963,129.963,0.79,0.8,0.2,0.21,0.01,0.01,75940.28,1776789128000
1776789130.395,130.395,0.79,0.8,0.2,0.21,0.01,0.01,75940.28,1776789129000
1776789130.736,130.736,0.79,0.8,0.2,0.21,0.01,0.01,75940.28,1776789129000
1776789131.405,131.405,0.79,0.8,0.2,0.21,0.01,0.01,75940.27,1776789130000
1776789131.829,131.829,0.79,0.8,0.2,0.21,0.01,0.01,75940.27,1776789130000
1776789132.185,132.185,0.79,0.8,0.2,0.21,0.01,0.01,75940.27,1776789130000
1776789132.542,132.542,0.79,0.81,0.2,0.21,0.02,0.01,75940.28,1776789131000
1776789133.349,133.349,0.8,0.81,0.19,0.21,0.01,0.02,75940.28,1776789131000
1776789133.693,133.693,0.8,0.81,0.19,0.2,0.01,0.01,75939.79,1776789132000
1776789134.124,134.124,0.8,0.81,0.19,0.2,0.01,0.01,75940.19,1776789133000
1776789134.538,134.538,0.8,0.81,0.19,0.2,0.01,0.01,75940.19,1776789133000
1776789135.219,135.219,0.8,0.81,0.19,0.2,0.01,0.01,75939.9,1776789134000
1776789136.261,136.261,0.8,0.81,0.19,0.2,0.01,0.01,75939.9,1776789134000
1776789136.883,136.883,0.8,0.81,0.19,0.2,0.01,0.01,75939.9,1776789134000
1776789137.327,137.327,0.8,0.81,0.19,0.2,0.01,0.01,75939.95,1776789135000
1776789137.961,137.961,0.8,0.81,0.19,0.2,0.01,0.01,75939.22,1776789137000
1776789138.482,138.482,0.8,0.81,0.19,0.2,0.01,0.01,75939.22,1776789137000
1776789138.871,138.871,0.8,0.82,0.19,0.2,0.02,0.01,75939.22,1776789137000
1776789139.773,139.773,0.81,0.82,0.18,0.19,0.01,0.01,75939.87,1776789138000
1776789140.109,140.109,0.81,0.82,0.18,0.19,0.01,0.01,75939.86,1776789139000
1776789140.536,140.536,0.81,0.82,0.18,0.19,0.01,0.01,75939.86,1776789139000
1776789140.889,140.889,0.81,0.82,0.18,0.19,0.01,0.01,75939.86,1776789139000
1776789141.516,141.516,0.81,0.82,0.18,0.19,0.01,0.01,75941.99,1776789140000
1776789141.96,141.96,0.8,0.82,0.18,0.19,0.02,0.01,75941.99,1776789140000
1776789142.494,142.494,0.79,0.8,0.2,0.22,0.01,0.02,75940.15,1776789141000
1776789142.87,142.87,0.79,0.8,0.2,0.21,0.01,0.01,75940.15,1776789141000
1776789143.212,143.212,0.8,0.81,0.19,0.2,0.01,0.01,75940.15,1776789141000
1776789143.623,143.623,0.81,0.82,0.18,0.19,0.01,0.01,75939.71,1776789142000
1776789144.04,144.04,0.81,0.82,0.18,0.19,0.01,0.01,75939.71,1776789142000
1776789144.59,144.59,0.81,0.82,0.18,0.19,0.01,0.01,75933.46,1776789143000
1776789145.221,145.221,0.81,0.82,0.18,0.19,0.01,0.01,75940.02,1776789144000
1776789145.813,145.813,0.81,0.82,0.18,0.19,0.01,0.01,75940.02,1776789144000
1776789146.326,146.326,0.81,0.82,0.18,0.19,0.01,0.01,75940.02,1776789144000
1776789146.846,146.846,0.83,0.84,0.18,0.19,0.01,0.01,75942.51,1776789145000
1776789147.18,147.18,0.83,0.84,0.16,0.17,0.01,0.01,75941.75,1776789146000
1776789147.517,147.517,0.83,0.84,0.16,0.17,0.01,0.01,75941.75,1776789146000
1776789148.057,148.057,0.84,0.87,0.13,0.16,0.03,0.03,75940.11,1776789147000
1776789148.411,148.411,0.87,0.88,0.13,0.14,0.01,0.01,75940.11,1776789147000
1776789148.772,148.772,0.87,0.88,0.12,0.13,0.01,0.01,75940.11,1776789147000
1776789149.175,149.175,0.87,0.88,0.12,0.13,0.01,0.01,75943.05,1776789148000
1776789149.525,149.525,0.87,0.88,0.12,0.13,0.01,0.01,75943.05,1776789148000
1776789149.885,149.885,0.87,0.88,0.12,0.13,0.01,0.01,75943.05,1776789148000
1776789150.289,150.289,0.87,0.88,0.12,0.13,0.01,0.01,75943.05,1776789148000
1776789150.663,150.663,0.88,0.89,0.11,0.12,0.01,0.01,75943.05,1776789148000
1776789151.186,151.186,0.88,0.89,0.11,0.12,0.01,0.01,75955.34,1776789149000
1776789151.722,151.722,0.88,0.89,0.11,0.12,0.01,0.01,75954.81,1776789150000
1776789152.07,152.07,0.88,0.89,0.11,0.12,0.01,0.01,75954.81,1776789150000
1776789152.594,152.594,0.88,0.89,0.11,0.12,0.01,0.01,75957.26,1776789151000
1776789153.093,153.093,0.88,0.89,0.11,0.12,0.01,0.01,75957.26,1776789151000
1776789153.893,153.893,0.88,0.89,0.11,0.12,0.01,0.01,75960.3,1776789152000
1776789154.349,154.349,0.88,0.89,0.11,0.12,0.01,0.01,75959.85,1776789153000
1776789154.757,154.757,0.88,0.89,0.11,0.12,0.01,0.01,75959.85,1776789153000
1776789155.113,155.113,0.88,0.89,0.11,0.12,0.01,0.01,75959.85,1776789153000
1776789155.596,155.596,0.88,0.89,0.11,0.12,0.01,0.01,75959.85,1776789153000
1776789156.346,156.346,0.88,0.89,0.11,0.12,0.01,0.01,75958.46,1776789154000
1776789156.89,156.89,0.88,0.89,0.11,0.12,0.01,0.01,75958.6,1776789155000
1776789157.246,157.246,0.88,0.9,0.11,0.12,0.02,0.01,75958.66,1776789156000
1776789157.632,157.632,0.89,0.9,0.1,0.12,0.01,0.02,75958.66,1776789156000
1776789158.043,158.043,0.89,0.9,0.1,0.11,0.01,0.01,75958.46,1776789157000
1776789158.502,158.502,0.85,0.86,0.13,0.15,0.01,0.02,75958.46,1776789157000
1776789158.923,158.923,0.84,0.85,0.15,0.16,0.01,0.01,75958.46,1776789157000
1776789159.391,159.391,0.84,0.85,0.15,0.16,0.01,0.01,75958.46,1776789157000
1776789160.053,160.053,0.84,0.85,0.15,0.16,0.01,0.01,75958.79,1776789159000
1776789160.989,160.989,0.84,0.85,0.15,0.16,0.01,0.01,75958.79,1776789159000
1776789161.929,161.929,0.84,0.86,0.15,0.16,0.02,0.01,75948.73,1776789160000
1776789162.268,162.268,0.85,0.87,0.13,0.15,0.02,0.02,75948.73,1776789160000
1776789162.684,162.684,0.87,0.88,0.12,0.13,0.01,0.01,75951.23,1776789161000
1776789163.044,163.044,0.87,0.88,0.12,0.13,0.01,0.01,75951.23,1776789161000
1776789163.97,163.97,0.88,0.89,0.11,0.13,0.01,0.02,75957.15,1776789162000
1776789164.453,164.453,0.88,0.89,0.11,0.12,0.01,0.01,75957.15,1776789162000
1776789164.845,164.845,0.88,0.89,0.11,0.12,0.01,0.01,75957.69,1776789163000
1776789165.2,165.2,0.88,0.89,0.11,0.12,0.01,0.01,75956.94,1776789164000
1776789165.688,165.688,0.88,0.89,0.11,0.12,0.01,0.01,75956.94,1776789164000
1776789166.041,166.041,0.87,0.88,0.12,0.13,0.01,0.01,75956.94,1776789164000
1776789166.396,166.396,0.87,0.88,0.12,0.13,0.01,0.01,75956.94,1776789164000
1776789166.774,166.774,0.87,0.88,0.12,0.13,0.01,0.01,75956.94,1776789164000
1776789167.183,167.183,0.87,0.89,0.12,0.13,0.02,0.01,75957.53,1776789165000
1776789167.554,167.554,0.89,0.9,0.1,0.11,0.01,0.01,75957.53,1776789165000
1776789167.897,167.897,0.89,0.9,0.1,0.11,0.01,0.01,75955.89,1776789166000
1776789168.554,168.554,0.89,0.9,0.1,0.11,0.01,0.01,75954.61,1776789167000
1776789168.91,168.91,0.9,0.91,0.09,0.1,0.01,0.01,75954.61,1776789167000
1776789169.244,169.244,0.91,0.92,0.08,0.09,0.01,0.01,75957.92,1776789168000
1776789169.672,169.672,0.92,0.93,0.07,0.08,0.01,0.01,75957.92,1776789168000
1776789170.018,170.018,0.93,0.94,0.06,0.07,0.01,0.01,75957.92,1776789168000
1776789170.357,170.357,0.93,0.94,0.06,0.07,0.01,0.01,75960.43,1776789169000
1776789170.701,170.701,0.93,0.94,0.06,0.07,0.01,0.01,75960.43,1776789169000
1776789171.072,171.072,0.93,0.94,0.06,0.07,0.01,0.01,75960.43,1776789169000
1776789171.49,171.49,0.93,0.94,0.06,0.07,0.01,0.01,75977.12,1776789170000
1776789172.275,172.275,0.93,0.94,0.06,0.07,0.01,0.01,75977.12,1776789170000
1776789172.787,172.787,0.93,0.94,0.06,0.07,0.01,0.01,75979.12,1776789171000
1776789173.346,173.346,0.93,0.94,0.06,0.07,0.01,0.01,75980.54,1776789172000
1776789173.68,173.68,0.93,0.94,0.06,0.07,0.01,0.01,75980.54,1776789172000
1776789174.044,174.044,0.92,0.94,0.06,0.07,0.02,0.01,75980.54,1776789172000
1776789174.426,174.426,0.93,0.94,0.06,0.07,0.01,0.01,75980.54,1776789172000
1776789174.806,174.806,0.93,0.94,0.06,0.07,0.01,0.01,75980.84,1776789173000
1776789175.162,175.162,0.93,0.94,0.06,0.07,0.01,0.01,75980.84,1776789173000
1776789175.533,175.533,0.93,0.94,0.06,0.07,0.01,0.01,75978.34,1776789174000
1776789176.076,176.076,0.93,0.94,0.06,0.07,0.01,0.01,75978.34,1776789174000
1776789176.48,176.48,0.94,0.95,0.05,0.06,0.01,0.01,75978.34,1776789175000
1776789176.926,176.926,0.94,0.95,0.05,0.06,0.01,0.01,75978.34,1776789175000
1776789177.265,177.265,0.94,0.95,0.05,0.06,0.01,0.01,75978.34,1776789175000
1776789177.864,177.864,0.93,0.94,0.06,0.07,0.01,0.01,75980.11,1776789176000
1776789178.264,178.264,0.93,0.94,0.06,0.07,0.01,0.01,75980.11,1776789176000
1776789178.749,178.749,0.93,0.94,0.06,0.07,0.01,0.01,75980.11,1776789176000
1776789179.089,179.089,0.93,0.94,0.06,0.07,0.01,0.01,75980.78,1776789177000
1776789179.439,179.439,0.93,0.94,0.06,0.07,0.01,0.01,75980.78,1776789178000
1776789179.775,179.775,0.93,0.94,0.06,0.07,0.01,0.01,75980.78,1776789178000
1776789180.176,180.176,0.94,0.95,0.05,0.07,0.01,0.02,75981.16,1776789179000
1776789180.549,180.549,0.94,0.95,0.05,0.06,0.01,0.01,75981.16,1776789179000
1776789180.911,180.911,0.94,0.95,0.05,0.06,0.01,0.01,75981.16,1776789179000
1776789181.322,181.322,0.94,0.95,0.05,0.06,0.01,0.01,75981.16,1776789179000
1776789181.697,181.697,0.94,0.95,0.05,0.06,0.01,0.01,75981.16,1776789179000
1776789182.092,182.092,0.94,0.95,0.05,0.06,0.01,0.01,75981.12,1776789181000
1776789182.432,182.432,0.95,0.96,0.04,0.06,0.01,0.02,75981.12,1776789181000
1776789182.817,182.817,0.95,0.96,0.04,0.05,0.01,0.01,75981.12,1776789181000
1776789183.283,183.283,0.95,0.96,0.04,0.05,0.01,0.01,75979.86,1776789182000
1776789183.87,183.87,0.95,0.96,0.04,0.05,0.01,0.01,75979.86,1776789182000
1776789184.224,184.224,0.95,0.96,0.04,0.05,0.01,0.01,75982.64,1776789183000
1776789184.695,184.695,0.95,0.96,0.04,0.05,0.01,0.01,75982.64,1776789183000
1776789185.069,185.069,0.95,0.96,0.04,0.05,0.01,0.01,75985.15,1776789184000
1776789185.478,185.478,0.95,0.96,0.04,0.05,0.01,0.01,75985.15,1776789184000
1776789185.907,185.907,0.95,0.96,0.03,0.05,0.01,0.02,75985.15,1776789184000
1776789186.243,186.243,0.95,0.96,0.04,0.05,0.01,0.01,75985.08,1776789185000
1776789186.81,186.81,0.95,0.96,0.04,0.05,0.01,0.01,75985.08,1776789185000
1776789187.178,187.178,0.95,0.96,0.04,0.05,0.01,0.01,75985.03,1776789186000
1776789187.708,187.708,0.96,0.97,0.03,0.04,0.01,0.01,75985.03,1776789186000
1776789188.065,188.065,0.96,0.97,0.03,0.04,0.01,0.01,75982.79,1776789187000
1776789188.46,188.46,0.96,0.97,0.03,0.04,0.01,0.01,75982.79,1776789187000
1776789188.809,188.809,0.96,0.97,0.03,0.04,0.01,0.01,75982.79,1776789187000
1776789189.209,189.209,0.96,0.97,0.03,0.04,0.01,0.01,75979.26,1776789188000
1776789189.648,189.648,0.96,0.97,0.03,0.04,0.01,0.01,75979.26,1776789188000
1776789189.985,189.985,0.96,0.97,0.03,0.04,0.01,0.01,75980.44,1776789189000
1776789190.375,190.375,0.96,0.97,0.03,0.04,0.01,0.01,75980.44,1776789189000
1776789190.995,190.995,0.96,0.97,0.03,0.04,0.01,0.01,75980.44,1776789189000
1776789191.435,191.435,0.96,0.97,0.03,0.04,0.01,0.01,75980.44,1776789189000
1776789191.787,191.787,0.96,0.97,0.03,0.04,0.01,0.01,75982.78,1776789190000
1776789192.138,192.138,0.96,0.97,0.03,0.04,0.01,0.01,75982.78,1776789190000
1776789192.483,192.483,0.96,0.97,0.03,0.04,0.01,0.01,75985.65,1776789191000
1776789193.027,193.027,0.96,0.97,0.03,0.04,0.01,0.01,75985.65,1776789191000
1776789193.433,193.433,0.97,0.98,0.03,0.04,0.01,0.01,75987.32,1776789192000
1776789193.841,193.841,0.97,0.98,0.02,0.03,0.01,0.01,75987.32,1776789192000
1776789194.274,194.274,0.97,0.98,0.02,0.03,0.01,0.01,75987.32,1776789192000
1776789194.635,194.635,0.97,0.98,0.02,0.03,0.01,0.01,75991.14,1776789193000
1776789195.158,195.158,0.97,0.98,0.02,0.03,0.01,0.01,75991.14,1776789193000
1776789195.826,195.826,0.97,0.98,0.02,0.03,0.01,0.01,75992.09,1776789194000
1776789196.315,196.315,0.96,0.97,0.02,0.05,0.01,0.03,75992.09,1776789194000
1776789197.187,197.187,0.96,0.97,0.03,0.04,0.01,0.01,75992.2,1776789195000
1776789197.671,197.671,0.96,0.97,0.03,0.04,0.01,0.01,75991.35,1776789196000
1776789198.04,198.04,0.96,0.97,0.03,0.04,0.01,0.01,75991.35,1776789196000
1776789198.436,198.436,0.96,0.97,0.03,0.04,0.01,0.01,75991.35,1776789196000
1776789198.811,198.811,0.96,0.97,0.03,0.04,0.01,0.01,75990.92,1776789197000
1776789199.221,199.221,0.96,0.97,0.03,0.04,0.01,0.01,75990.99,1776789198000
1776789199.588,199.588,0.97,0.98,0.02,0.03,0.01,0.01,75990.99,1776789198000
1776789200.058,200.058,0.97,0.98,0.02,0.03,0.01,0.01,75990.99,1776789198000
1776789200.498,200.498,0.97,0.98,0.02,0.03,0.01,0.01,75990.99,1776789198000
1776789200.845,200.845,0.97,0.98,0.02,0.03,0.01,0.01,75991.93,1776789199000
1776789201.491,201.491,0.97,0.98,0.02,0.03,0.01,0.01,75991.93,1776789200000
1776789201.935,201.935,0.97,0.98,0.02,0.03,0.01,0.01,75991.93,1776789200000
1776789202.447,202.447,0.97,0.98,0.02,0.03,0.01,0.01,75992.19,1776789201000
1776789203.108,203.108,0.97,0.98,0.02,0.03,0.01,0.01,75992.19,1776789201000
1776789203.612,203.612,0.97,0.98,0.02,0.03,0.01,0.01,75995.85,1776789202000
1776789204.012,204.012,0.97,0.98,0.02,0.03,0.01,0.01,75995.85,1776789202000
1776789204.346,204.346,0.96,0.97,0.03,0.04,0.01,0.01,75998.85,1776789203000
1776789204.683,204.683,0.96,0.97,0.03,0.04,0.01,0.01,75998.85,1776789203000
1776789205.037,205.037,0.96,0.97,0.03,0.04,0.01,0.01,75998.85,1776789203000
1776789205.372,205.372,0.96,0.97,0.03,0.04,0.01,0.01,75998.85,1776789203000
1776789206.09,206.09,0.96,0.97,0.03,0.04,0.01,0.01,75998.67,1776789205000
1776789206.641,206.641,0.96,0.97,0.03,0.04,0.01,0.01,75998.67,1776789205000
1776789207.053,207.053,0.96,0.97,0.03,0.04,0.01,0.01,75998.67,1776789205000
1776789207.482,207.482,0.96,0.97,0.03,0.04,0.01,0.01,75997.68,1776789206000
1776789207.864,207.864,0.96,0.97,0.03,0.04,0.01,0.01,75997.68,1776789206000
1776789208.565,208.565,0.96,0.97,0.03,0.04,0.01,0.01,75997.2,1776789207000
1776789209.134,209.134,0.96,0.97,0.03,0.04,0.01,0.01,75997.2,1776789207000
1776789209.631,209.631,0.96,0.97,0.03,0.04,0.01,0.01,75995.85,1776789208000
1776789210.277,210.277,0.96,0.97,0.03,0.04,0.01,0.01,75995.85,1776789208000
1776789210.641,210.641,0.96,0.97,0.03,0.04,0.01,0.01,75995.85,1776789208000
1776789210.999,210.999,0.96,0.97,0.03,0.04,0.01,0.01,75994.72,1776789209000
1776789211.388,211.388,0.96,0.97,0.03,0.04,0.01,0.01,75994.72,1776789209000
1776789211.736,211.736,0.97,0.98,0.02,0.04,0.01,0.02,75995.86,1776789210000
1776789212.418,212.418,0.97,0.98,0.02,0.03,0.01,0.01,75991.8,1776789211000
1776789212.805,212.805,0.97,0.98,0.02,0.03,0.01,0.01,75991.8,1776789211000
1776789213.819,213.819,0.98,0.99,0.02,0.03,0.01,0.01,75991.0,1776789212000
1776789214.471,214.471,0.98,0.99,0.01,0.02,0.01,0.01,75993.64,1776789213000
1776789214.99,214.99,0.98,0.99,0.01,0.02,0.01,0.01,75993.64,1776789213000
1776789215.374,215.374,0.98,0.99,0.01,0.02,0.01,0.01,75993.31,1776789214000
1776789215.73,215.73,0.98,0.99,0.01,0.02,0.01,0.01,75993.31,1776789214000
1776789216.135,216.135,0.98,0.99,0.01,0.02,0.01,0.01,75993.31,1776789214000
1776789216.48,216.48,0.98,0.99,0.01,0.02,0.01,0.01,75992.76,1776789215000
1776789216.825,216.825,0.98,0.99,0.01,0.02,0.01,0.01,75992.76,1776789215000
1776789217.419,217.419,0.98,0.99,0.01,0.02,0.01,0.01,75993.48,1776789216000
1776789217.983,217.983,0.98,0.99,0.01,0.02,0.01,0.01,75993.48,1776789216000
1776789218.451,218.451,0.98,0.99,0.01,0.02,0.01,0.01,75982.06,1776789217000
1776789218.808,218.808,0.98,0.99,0.01,0.02,0.01,0.01,75982.06,1776789217000
1776789219.164,219.164,0.98,0.99,0.01,0.02,0.01,0.01,75983.19,1776789218000
1776789219.583,219.583,0.98,0.99,0.01,0.02,0.01,0.01,75983.19,1776789218000
1776789220.002,220.002,0.97,0.98,0.01,0.03,0.01,0.02,75983.19,1776789218000
1776789220.612,220.612,0.97,0.98,0.02,0.03,0.01,0.01,75987.53,1776789219000
1776789221.268,221.268,0.97,0.98,0.02,0.03,0.01,0.01,75990.21,1776789220000
1776789221.679,221.679,0.97,0.98,0.02,0.03,0.01,0.01,75990.21,1776789220000
1776789222.076,222.076,0.97,0.98,0.02,0.03,0.01,0.01,75990.21,1776789220000
1776789222.611,222.611,0.97,0.99,0.02,0.03,0.02,0.01,75990.21,1776789220000
1776789222.982,222.982,0.98,0.99,0.01,0.03,0.01,0.02,75987.42,1776789221000
1776789223.455,223.455,0.98,0.99,0.01,0.03,0.01,0.02,75987.42,1776789221000
1776789223.973,223.973,0.98,0.99,0.02,0.03,0.01,0.01,75987.42,1776789221000
1776789225.25,225.25,0.97,0.99,0.01,0.02,0.02,0.01,75986.62,1776789223000
1776789225.596,225.596,0.98,0.99,0.01,0.02,0.01,0.01,75987.06,1776789224000
1776789226.382,226.382,0.98,0.99,0.01,0.02,0.01,0.01,75987.06,1776789224000
1776789227.078,227.078,0.98,0.99,0.01,0.02,0.01,0.01,75987.06,1776789225000
1776789227.523,227.523,0.98,0.99,0.01,0.02,0.01,0.01,75982,1776789226000
1776789228.085,228.085,0.98,0.99,0.01,0.02,0.01,0.01,75982,1776789227000
1776789228.657,228.657,0.98,0.99,0.01,0.02,0.01,0.01,75982,1776789227000
1776789229.015,229.015,0.97,0.99,0.01,0.02,0.02,0.01,75982,1776789227000
1776789229.392,229.392,0.98,0.99,0.01,0.02,0.01,0.01,75983.76,1776789228000
1776789229.918,229.918,0.98,0.99,0.01,0.02,0.01,0.01,75983.76,1776789228000
1776789230.272,230.272,0.98,0.99,0.01,0.02,0.01,0.01,75984.47,1776789229000
1776789230.843,230.843,0.98,0.99,0.01,0.02,0.01,0.01,75984.47,1776789229000
1776789231.27,231.27,0.98,0.99,0.01,0.02,0.01,0.01,75984.47,1776789229000
1776789231.798,231.798,0.96,0.99,0.01,0.02,0.03,0.01,75984.42,1776789230000
1776789232.212,232.212,0.97,0.98,0.01,0.02,0.01,0.01,75984.42,1776789230000
1776789232.59,232.59,0.97,0.98,0.02,0.03,0.01,0.01,75985.02,1776789231000
1776789233.144,233.144,0.97,0.98,0.02,0.03,0.01,0.01,75984.97,1776789232000
1776789233.511,233.511,0.97,0.98,0.02,0.03,0.01,0.01,75984.97,1776789232000
1776789233.928,233.928,0.97,0.98,0.02,0.03,0.01,0.01,75985.43,1776789233000
1776789234.377,234.377,0.98,0.99,0.01,0.02,0.01,0.01,75985.43,1776789233000
1776789234.779,234.779,0.98,0.99,0.01,0.02,0.01,0.01,75985.43,1776789233000
1776789235.307,235.307,0.98,0.99,0.01,0.02,0.01,0.01,75984.92,1776789234000
1776789235.894,235.894,0.98,0.99,0.01,0.02,0.01,0.01,75984.96,1776789235000
1776789236.381,236.381,0.98,0.99,0.01,0.02,0.01,0.01,75984.96,1776789235000
1776789236.777,236.777,0.98,0.99,0.01,0.02,0.01,0.01,75984.96,1776789235000
1776789237.379,237.379,0.98,0.99,0.01,0.02,0.01,0.01,75984.56,1776789236000
1776789237.846,237.846,0.98,0.99,0.01,0.02,0.01,0.01,75984.56,1776789236000
1776789238.325,238.325,0.98,0.99,0.01,0.02,0.01,0.01,75984.2,1776789237000
1776789238.678,238.678,0.98,0.99,0.01,0.02,0.01,0.01,75984.2,1776789237000
1776789239.039,239.039,0.98,0.99,0.01,0.02,0.01,0.01,75984.55,1776789238000
1776789239.422,239.422,0.98,0.99,0.01,0.02,0.01,0.01,75984.55,1776789238000
1776789239.781,239.781,0.98,0.99,0.01,0.02,0.01,0.01,75984.55,1776789238000
1776789240.295,240.295,0.98,0.99,0.01,0.02,0.01,0.01,75984.42,1776789239000
1776789240.67,240.67,0.98,0.99,0.01,0.02,0.01,0.01,75984.42,1776789239000
1776789241.053,241.053,0.98,0.99,0.01,0.02,0.01,0.01,75984.42,1776789240000
1776789241.404,241.404,0.98,0.99,0.01,0.02,0.01,0.01,75984.42,1776789240000
1776789241.743,241.743,0.98,0.99,0.01,0.02,0.01,0.01,75984.42,1776789240000
1776789242.087,242.087,0.98,0.99,0.01,0.02,0.01,0.01,75985.44,1776789241000
1776789242.477,242.477,0.98,0.99,0.01,0.02,0.01,0.01,75985.44,1776789241000
1776789242.827,242.827,0.98,0.99,0.01,0.02,0.01,0.01,75985.44,1776789241000
1776789243.267,243.267,0.98,0.99,0.01,0.02,0.01,0.01,75987.12,1776789242000
1776789243.609,243.609,0.98,0.99,0.01,0.02,0.01,0.01,75987.12,1776789242000
1776789244.026,244.026,0.98,0.99,0.01,0.02,0.01,0.01,75987.07,1776789243000
1776789245.114,245.114,0.98,0.99,0.01,0.02,0.01,0.01,75986.29,1776789244000
1776789247.142,247.142,0.98,0.99,0.01,0.02,0.01,0.01,75985.51,1776789245000
1776789248.138,248.138,0.98,0.99,0.01,0.02,0.01,0.01,75985.38,1776789247000
1776789249.14,249.14,0.98,0.99,0.01,0.02,0.01,0.01,75985.41,1776789248000
1776789250.162,250.162,0.98,0.99,0.01,0.02,0.01,0.01,75983.91,1776789249000
1776789250.495,250.495,0.99,0.99,0.01,0.01,0.0,0.0,75983.91,1776789249000
1776789250.837,250.837,0.99,0.99,0.01,0.01,0.0,0.0,75983.91,1776789249000
1776789251.208,251.208,0.99,0.99,0.01,0.01,0.0,0.0,75983.87,1776789250000
1776789251.618,251.618,0.99,0.99,0.01,0.01,0.0,0.0,75983.87,1776789250000
1776789252.116,252.116,0.99,0.99,0.01,0.01,0.0,0.0,75983.87,1776789250000
1776789252.523,252.523,0.99,0.99,0.01,0.01,0.0,0.0,75983.61,1776789251000
1776789253.146,253.146,0.99,0.99,0.01,0.01,0.0,0.0,75985.96,1776789252000
1776789253.714,253.714,0.99,0.99,0.01,0.01,0.0,0.0,75985.96,1776789252000
1776789254.212,254.212,0.99,0.99,0.01,0.01,0.0,0.0,75987.37,1776789253000
1776789254.648,254.648,0.99,0.99,0.01,0.01,0.0,0.0,75987.37,1776789253000
1776789255.063,255.063,0.99,0.99,0.01,0.01,0.0,0.0,75987.37,1776789253000
1776789255.544,255.544,0.99,0.99,0.01,0.01,0.0,0.0,75987.28,1776789254000
1776789255.937,255.937,0.99,0.99,0.01,0.01,0.0,0.0,75987.38,1776789255000
1776789256.734,256.734,0.99,0.99,0.01,0.01,0.0,0.0,75987.38,1776789255000
1776789257.095,257.095,0.99,0.99,0.01,0.01,0.0,0.0,75986.46,1776789256000
1776789257.899,257.899,0.99,0.99,0.01,0.01,0.0,0.0,75986.46,1776789256000
1776789259.162,259.162,0.99,0.99,0.01,0.01,0.0,0.0,75986.75,1776789257000
1776789260.377,260.377,0.99,0.99,0.01,0.01,0.0,0.0,75987.66,1776789259000
1776789260.91,260.91,0.99,0.99,0.01,0.01,0.0,0.0,75987.94,1776789260000
1776789261.874,261.874,0.99,0.99,0.01,0.01,0.0,0.0,75987.94,1776789260000
1776789263.174,263.174,0.99,0.99,0.01,0.01,0.0,0.0,75985.77,1776789262000
1776789263.854,263.854,0.99,0.99,0.01,0.01,0.0,0.0,75985.77,1776789262000
1776789264.297,264.297,0.99,0.99,0.01,0.01,0.0,0.0,75998.47,1776789263000
1776789265.043,265.043,0.99,0.99,0.01,0.01,0.0,0.0,75998.47,1776789263000
1776789266.543,266.543,0.99,0.99,0.01,0.01,0.0,0.0,75999.59,1776789265000
1776789267.135,267.135,0.99,0.99,0.01,0.01,0.0,0.0,75999.5,1776789266000
1776789268.831,268.831,0.99,0.99,0.01,0.01,0.0,0.0,75996.23,1776789267000
1776789269.792,269.792,0.99,0.99,0.01,0.01,0.0,0.0,75996.23,1776789267000
1776789270.219,270.219,0.99,0.99,0.01,0.01,0.0,0.0,75992.55,1776789268000
1776789271.002,271.002,0.99,0.99,0.01,0.01,0.0,0.0,75992.55,1776789268000
1776789271.639,271.639,0.99,0.99,0.01,0.01,0.0,0.0,75993.91,1776789269000
1776789272.405,272.405,0.99,0.99,0.01,0.01,0.0,0.0,75999.63,1776789271000
1776789273.181,273.181,0.99,0.99,0.01,0.01,0.0,0.0,76010.69,1776789272000
1776789274.608,274.608,0.99,0.99,0.01,0.01,0.0,0.0,76014.55,1776789273000
1776789275.228,275.228,0.99,0.99,0.01,0.01,0.0,0.0,76015.4,1776789274000
1776789275.825,275.825,0.99,0.99,0.01,0.01,0.0,0.0,76015.4,1776789274000
1776789276.434,276.434,0.99,0.99,0.01,0.01,0.0,0.0,76015.4,1776789274000
1776789277.356,277.356,0.99,0.99,0.01,0.01,0.0,0.0,76015.45,1776789275000
1776789278.712,278.712,0.99,0.99,0.01,0.01,0.0,0.0,76015.31,1776789277000
1776789279.502,279.502,0.99,0.99,0.01,0.01,0.0,0.0,76013.46,1776789278000
1776789280.119,280.119,0.99,0.99,0.01,0.01,0.0,0.0,76011.19,1776789279000
1776789281.648,281.648,0.99,0.99,0.01,0.01,0.0,0.0,76023.85,1776789280000
1776789282.277,282.277,0.99,0.99,0.01,0.01,0.0,0.0,76029.34,1776789281000
1776789283.793,283.793,0.99,0.99,0.01,0.01,0.0,0.0,76031.79,1776789282000
1776789284.291,284.291,0.99,0.99,0.01,0.01,0.0,0.0,76031.79,1776789282000
1776789285.319,285.319,0.99,0.99,0.01,0.01,0.0,0.0,76031.03,1776789284000
1776789286.787,286.787,0.99,0.99,0.01,0.01,0.0,0.0,76037.58,1776789285000
1776789287.61,287.61,0.99,0.99,0.01,0.01,0.0,0.0,76037.58,1776789285000
1776789287.952,287.952,0.99,0.99,0.01,0.01,0.0,0.0,76037.58,1776789286000
1776789288.395,288.395,0.99,0.99,0.01,0.01,0.0,0.0,76037.55,1776789287000
1776789289.86,289.86,0.99,0.99,0.01,0.01,0.0,0.0,76037.56,1776789288000
1776789290.693,290.693,0.99,0.99,0.01,0.01,0.0,0.0,76036.98,1776789289000
1776789291.603,291.603,0.99,0.99,0.01,0.01,0.0,0.0,76037.2,1776789290000
1776789292.868,292.868,0.99,0.99,0.01,0.01,0.0,0.0,76039.54,1776789291000
1776789293.617,293.617,0.99,0.99,0.01,0.01,0.0,0.0,76041.21,1776789292000
1776789294.187,294.187,0.99,0.99,0.01,0.01,0.0,0.0,76059.71,1776789293000
1776789295.438,295.438,0.99,0.99,0.01,0.01,0.0,0.0,76073.33,1776789294000
1776789295.932,295.932,0.99,0.99,0.01,0.01,0.0,0.0,76073.33,1776789294000
1776789297.511,297.511,0.99,0.99,0.01,0.01,0.0,0.0,76087.38,1776789296000
1776789298.599,298.599,0.99,0.99,0.01,0.01,0.0,0.0,76088.35,1776789297000
1776789299.094,299.094,0.99,0.99,0.01,0.01,0.0,0.0,76088.87,1776789298000
1776789300.54,300.54,0.99,0.99,0.01,0.01,0.0,0.0,76090.55,1776789299000

# RESULT,winner=Up,slug=btc-updown-5m-1776789000,ticks=624
