timestamp,elapsed_sec,up_bid,up_ask,down_bid,down_ask,up_spread,down_spread,btc_price,btc_oracle_ts
1776583200.613,0.613,0.55,0.56,0.44,0.45,0.01,0.01,75152.68,1776583199000
1776583200.948,0.948,0.53,0.56,0.44,0.47,0.03,0.03,75152.68,1776583199000
1776583201.282,1.282,0.53,0.54,0.46,0.48,0.01,0.02,75151.95,1776583200000
1776583201.656,1.656,0.52,0.53,0.47,0.48,0.01,0.01,75151.95,1776583200000
1776583202.033,2.033,0.52,0.53,0.47,0.48,0.01,0.01,75151.95,1776583200000
1776583202.581,2.581,0.52,0.53,0.47,0.48,0.01,0.01,75150.57,1776583201000
1776583202.972,2.972,0.52,0.53,0.47,0.48,0.01,0.01,75149.34,1776583202000
1776583203.325,3.325,0.52,0.53,0.47,0.48,0.01,0.01,75149.34,1776583202000
1776583203.742,3.742,0.51,0.52,0.48,0.49,0.01,0.01,75149.34,1776583202000
1776583204.086,4.086,0.5,0.51,0.49,0.5,0.01,0.01,75149.34,1776583203000
1776583204.537,4.537,0.51,0.52,0.48,0.49,0.01,0.01,75149.34,1776583203000
1776583204.911,4.911,0.51,0.52,0.48,0.49,0.01,0.01,75149.34,1776583203000
1776583205.261,5.261,0.51,0.52,0.48,0.49,0.01,0.01,75149.34,1776583203000
1776583205.649,5.649,0.51,0.52,0.48,0.49,0.01,0.01,75146.95,1776583204000
1776583206.093,6.093,0.5,0.51,0.49,0.5,0.01,0.01,75146.95,1776583204000
1776583206.514,6.514,0.5,0.51,0.49,0.5,0.01,0.01,75147.94,1776583205000
1776583206.871,6.871,0.5,0.51,0.49,0.5,0.01,0.01,75147.94,1776583205000
1776583207.234,7.234,0.5,0.51,0.49,0.5,0.01,0.01,75147.94,1776583205000
1776583207.741,7.741,0.5,0.51,0.49,0.5,0.01,0.01,75147.94,1776583205000
1776583208.077,8.077,0.5,0.51,0.49,0.5,0.01,0.01,75143.51,1776583206000
1776583208.422,8.422,0.5,0.51,0.49,0.5,0.01,0.01,75143.51,1776583206000
1776583208.84,8.84,0.5,0.51,0.49,0.5,0.01,0.01,75143.09,1776583207000
1776583209.174,9.174,0.49,0.5,0.5,0.51,0.01,0.01,75143.09,1776583207000
1776583209.601,9.601,0.49,0.5,0.5,0.51,0.01,0.01,75143.09,1776583208000
1776583210.012,10.012,0.49,0.5,0.5,0.51,0.01,0.01,75143.09,1776583208000
1776583210.36,10.36,0.49,0.5,0.5,0.51,0.01,0.01,75142.9,1776583209000
1776583210.749,10.749,0.49,0.5,0.5,0.51,0.01,0.01,75142.9,1776583209000
1776583211.153,11.153,0.49,0.5,0.5,0.51,0.01,0.01,75142.9,1776583209000
1776583211.547,11.547,0.48,0.49,0.5,0.51,0.01,0.01,75141.69,1776583210000
1776583211.955,11.955,0.47,0.48,0.52,0.53,0.01,0.01,75141.69,1776583210000
1776583212.321,12.321,0.47,0.48,0.52,0.53,0.01,0.01,75140.47,1776583211000
1776583212.676,12.676,0.46,0.47,0.53,0.54,0.01,0.01,75140.47,1776583211000
1776583213.113,13.113,0.46,0.47,0.53,0.54,0.01,0.01,75139.72,1776583212000
1776583213.457,13.457,0.46,0.47,0.53,0.54,0.01,0.01,75139.72,1776583212000
1776583213.951,13.951,0.46,0.47,0.53,0.54,0.01,0.01,75139.72,1776583212000
1776583214.324,14.324,0.46,0.47,0.53,0.54,0.01,0.01,75139.72,1776583212000
1776583214.807,14.807,0.46,0.47,0.53,0.54,0.01,0.01,75139.67,1776583213000
1776583215.195,15.195,0.46,0.47,0.53,0.54,0.01,0.01,75139.67,1776583213000
1776583215.53,15.53,0.45,0.46,0.54,0.55,0.01,0.01,75139.67,1776583214000
1776583215.905,15.905,0.44,0.45,0.55,0.57,0.01,0.02,75139.67,1776583214000
1776583216.278,16.278,0.43,0.44,0.56,0.57,0.01,0.01,75139.67,1776583214000
1776583216.64,16.64,0.43,0.44,0.56,0.57,0.01,0.01,75139.67,1776583214000
1776583217.089,17.089,0.43,0.44,0.56,0.57,0.01,0.01,75138.07,1776583215000
1776583217.547,17.547,0.4,0.43,0.56,0.61,0.03,0.05,75136.26,1776583216000
1776583217.965,17.965,0.41,0.42,0.58,0.6,0.01,0.02,75136.26,1776583216000
1776583218.327,18.327,0.41,0.42,0.58,0.59,0.01,0.01,75136.38,1776583217000
1776583218.661,18.661,0.41,0.42,0.58,0.59,0.01,0.01,75136.38,1776583217000
1776583219.005,19.005,0.4,0.42,0.58,0.6,0.02,0.02,75136.38,1776583217000
1776583219.362,19.362,0.22,0.26,0.74,0.78,0.04,0.04,75136.38,1776583217000
1776583219.7,19.7,0.21,0.29,0.71,0.79,0.08,0.08,75136.42,1776583218000
1776583220.035,20.035,0.17,0.2,0.8,0.83,0.03,0.03,75136.42,1776583218000
1776583220.387,20.387,0.21,0.23,0.77,0.79,0.02,0.02,75127.21,1776583219000
1776583220.742,20.742,0.18,0.23,0.77,0.82,0.05,0.05,75127.21,1776583219000
1776583221.084,21.084,0.21,0.22,0.78,0.79,0.01,0.01,75127.21,1776583219000
1776583221.436,21.436,0.19,0.21,0.79,0.81,0.02,0.02,75127.21,1776583219000
1776583221.787,21.787,0.2,0.21,0.79,0.81,0.01,0.02,75127.21,1776583219000
1776583222.141,22.141,0.19,0.2,0.8,0.81,0.01,0.01,75056.64,1776583220000
1776583222.477,22.477,0.19,0.2,0.8,0.81,0.01,0.01,75056.64,1776583220000
1776583222.826,22.826,0.18,0.19,0.81,0.82,0.01,0.01,75050.61,1776583221000
1776583223.17,23.17,0.17,0.19,0.82,0.83,0.02,0.01,75050.61,1776583221000
1776583223.527,23.527,0.17,0.18,0.82,0.83,0.01,0.01,75050.29,1776583222000
1776583223.89,23.89,0.18,0.19,0.81,0.82,0.01,0.01,75050.29,1776583222000
1776583224.228,24.228,0.29,0.3,0.7,0.71,0.01,0.01,75056.25,1776583223000
1776583224.57,24.57,0.3,0.31,0.69,0.7,0.01,0.01,75056.25,1776583223000
1776583224.914,24.914,0.3,0.31,0.69,0.7,0.01,0.01,75056.25,1776583223000
1776583225.272,25.272,0.31,0.32,0.69,0.7,0.01,0.01,75056.25,1776583223000
1776583225.672,25.672,0.34,0.37,0.63,0.68,0.03,0.05,75053.32,1776583224000
1776583226.013,26.013,0.35,0.37,0.63,0.65,0.02,0.02,75053.32,1776583224000
1776583226.365,26.365,0.36,0.39,0.6,0.64,0.03,0.04,75053.32,1776583224000
1776583226.839,26.839,0.39,0.4,0.6,0.62,0.01,0.02,75085.49,1776583225000
1776583227.206,27.206,0.4,0.41,0.59,0.6,0.01,0.01,75085.49,1776583225000
1776583227.588,27.588,0.38,0.39,0.61,0.62,0.01,0.01,75097.35,1776583226000
1776583227.939,27.939,0.36,0.37,0.63,0.64,0.01,0.01,75097.35,1776583226000
1776583228.306,28.306,0.34,0.35,0.65,0.66,0.01,0.01,75097.35,1776583226000
1776583228.647,28.647,0.33,0.35,0.65,0.67,0.02,0.02,75107.53,1776583227000
1776583229.103,29.103,0.33,0.34,0.66,0.67,0.01,0.01,75107.53,1776583227000
1776583229.514,29.514,0.33,0.34,0.66,0.67,0.01,0.01,75107.53,1776583227000
1776583229.946,29.946,0.31,0.32,0.68,0.69,0.01,0.01,75107.82,1776583229000
1776583230.371,30.371,0.3,0.31,0.69,0.71,0.01,0.02,75107.82,1776583229000
1776583230.76,30.76,0.3,0.31,0.69,0.7,0.01,0.01,75107.82,1776583229000
1776583231.098,31.098,0.3,0.31,0.69,0.7,0.01,0.01,75107.82,1776583229000
1776583231.521,31.521,0.3,0.31,0.69,0.7,0.01,0.01,75103.58,1776583230000
1776583231.925,31.925,0.3,0.31,0.69,0.7,0.01,0.01,75103.58,1776583230000
1776583232.337,32.337,0.3,0.31,0.69,0.7,0.01,0.01,75095.8,1776583231000
1776583232.688,32.688,0.3,0.31,0.69,0.7,0.01,0.01,75095.8,1776583231000
1776583233.194,33.194,0.3,0.31,0.69,0.7,0.01,0.01,75095.99,1776583232000
1776583233.619,33.619,0.3,0.31,0.69,0.7,0.01,0.01,75095.99,1776583232000
1776583233.953,33.953,0.3,0.31,0.69,0.7,0.01,0.01,75095.99,1776583232000
1776583234.304,34.304,0.33,0.34,0.66,0.68,0.01,0.02,75095.99,1776583232000
1776583234.684,34.684,0.33,0.34,0.66,0.67,0.01,0.01,75096.05,1776583233000
1776583235.044,35.044,0.33,0.34,0.66,0.67,0.01,0.01,75096.05,1776583233000
1776583235.403,35.403,0.32,0.33,0.66,0.69,0.01,0.03,75096.43,1776583234000
1776583235.785,35.785,0.32,0.33,0.67,0.68,0.01,0.01,75096.43,1776583234000
1776583236.226,36.226,0.32,0.33,0.67,0.68,0.01,0.01,75096.43,1776583234000
1776583236.586,36.586,0.3,0.31,0.69,0.7,0.01,0.01,75097.53,1776583235000
1776583237.105,37.105,0.29,0.3,0.7,0.71,0.01,0.01,75097.53,1776583235000
1776583237.533,37.533,0.29,0.3,0.7,0.71,0.01,0.01,75100.36,1776583236000
1776583238.108,38.108,0.29,0.31,0.7,0.71,0.02,0.01,75100.36,1776583236000
1776583238.497,38.497,0.31,0.32,0.69,0.71,0.01,0.02,75099.3,1776583237000
1776583238.848,38.848,0.33,0.34,0.65,0.67,0.01,0.02,75099.3,1776583237000
1776583239.205,39.205,0.34,0.35,0.65,0.67,0.01,0.02,75099.3,1776583237000
1776583239.605,39.605,0.34,0.35,0.65,0.66,0.01,0.01,75099.3,1776583237000
1776583240.036,40.036,0.36,0.38,0.63,0.65,0.02,0.02,75099.04,1776583238000
1776583240.413,40.413,0.38,0.39,0.61,0.63,0.01,0.02,75099.04,1776583238000
1776583240.754,40.754,0.39,0.4,0.6,0.61,0.01,0.01,75099.54,1776583239000
1776583241.103,41.103,0.4,0.41,0.59,0.61,0.01,0.02,75101.78,1776583240000
1776583241.55,41.55,0.41,0.42,0.58,0.6,0.01,0.02,75101.78,1776583240000
1776583241.932,41.932,0.41,0.42,0.58,0.59,0.01,0.01,75101.78,1776583240000
1776583242.286,42.286,0.35,0.36,0.64,0.65,0.01,0.01,75111.59,1776583241000
1776583242.622,42.622,0.35,0.36,0.64,0.65,0.01,0.01,75111.59,1776583241000
1776583242.991,42.991,0.37,0.38,0.64,0.65,0.01,0.01,75111.59,1776583241000
1776583243.414,43.414,0.39,0.4,0.6,0.62,0.01,0.02,75113.84,1776583242000
1776583243.93,43.93,0.39,0.4,0.6,0.61,0.01,0.01,75113.84,1776583242000
1776583244.305,44.305,0.37,0.38,0.61,0.63,0.01,0.02,75110.89,1776583243000
1776583244.707,44.707,0.37,0.38,0.62,0.63,0.01,0.01,75110.89,1776583243000
1776583245.125,45.125,0.36,0.37,0.62,0.63,0.01,0.01,75110.89,1776583243000
1776583245.486,45.486,0.36,0.37,0.63,0.64,0.01,0.01,75112.26,1776583244000
1776583245.961,45.961,0.36,0.37,0.63,0.64,0.01,0.01,75112.26,1776583244000
1776583246.303,46.303,0.36,0.37,0.63,0.64,0.01,0.01,75113.79,1776583245000
1776583246.733,46.733,0.36,0.37,0.63,0.64,0.01,0.01,75113.79,1776583245000
1776583247.096,47.096,0.36,0.38,0.63,0.64,0.02,0.01,75113.79,1776583245000
1776583247.497,47.497,0.39,0.4,0.61,0.62,0.01,0.01,75111.64,1776583246000
1776583247.864,47.864,0.39,0.4,0.6,0.61,0.01,0.01,75111.64,1776583246000
1776583248.215,48.215,0.39,0.4,0.6,0.61,0.01,0.01,75111.18,1776583247000
1776583248.558,48.558,0.41,0.42,0.58,0.59,0.01,0.01,75111.18,1776583247000
1776583249.286,49.286,0.41,0.42,0.58,0.59,0.01,0.01,75111.18,1776583247000
1776583249.643,49.643,0.43,0.44,0.57,0.58,0.01,0.01,75114.63,1776583248000
1776583250.036,50.036,0.46,0.47,0.53,0.54,0.01,0.01,75114.63,1776583248000
1776583250.433,50.433,0.46,0.47,0.53,0.54,0.01,0.01,75116.75,1776583249000
1776583250.77,50.77,0.46,0.48,0.52,0.54,0.02,0.02,75116.75,1776583249000
1776583251.113,51.113,0.48,0.49,0.51,0.52,0.01,0.01,75116.75,1776583249000
1776583251.459,51.459,0.53,0.55,0.45,0.47,0.02,0.02,75116.75,1776583249000
1776583251.855,51.855,0.55,0.56,0.44,0.45,0.01,0.01,75122.73,1776583250000
1776583252.19,52.19,0.55,0.57,0.43,0.45,0.02,0.02,75122.83,1776583251000
1776583252.529,52.529,0.57,0.58,0.42,0.43,0.01,0.01,75122.83,1776583251000
1776583252.884,52.884,0.58,0.59,0.41,0.42,0.01,0.01,75122.83,1776583251000
1776583253.237,53.237,0.59,0.6,0.4,0.41,0.01,0.01,75146.96,1776583252000
1776583253.581,53.581,0.61,0.62,0.38,0.39,0.01,0.01,75146.96,1776583252000
1776583253.958,53.958,0.62,0.63,0.37,0.39,0.01,0.02,75146.96,1776583252000
1776583254.334,54.334,0.63,0.64,0.36,0.37,0.01,0.01,75146.96,1776583252000
1776583254.707,54.707,0.63,0.64,0.36,0.37,0.01,0.01,75160.15,1776583253000
1776583255.042,55.042,0.65,0.66,0.34,0.35,0.01,0.01,75160.15,1776583253000
1776583255.396,55.396,0.65,0.66,0.34,0.35,0.01,0.01,75166.6,1776583254000
1776583255.803,55.803,0.65,0.66,0.34,0.35,0.01,0.01,75166.6,1776583254000
1776583256.281,56.281,0.65,0.66,0.34,0.35,0.01,0.01,75166.6,1776583254000
1776583256.729,56.729,0.65,0.66,0.34,0.35,0.01,0.01,75171.16,1776583255000
1776583257.062,57.062,0.6,0.61,0.39,0.4,0.01,0.01,75171.16,1776583255000
1776583257.407,57.407,0.48,0.5,0.5,0.52,0.02,0.02,75171.08,1776583256000
1776583257.786,57.786,0.49,0.5,0.5,0.51,0.01,0.01,75171.08,1776583256000
1776583258.127,58.127,0.49,0.5,0.5,0.51,0.01,0.01,75171.08,1776583256000
1776583258.563,58.563,0.49,0.5,0.5,0.51,0.01,0.01,75171.3,1776583257000
1776583258.956,58.956,0.48,0.49,0.51,0.52,0.01,0.01,75171.3,1776583257000
1776583259.412,59.412,0.46,0.47,0.53,0.54,0.01,0.01,75147.18,1776583258000
1776583259.806,59.806,0.42,0.45,0.55,0.57,0.03,0.02,75147.18,1776583258000
1776583260.177,60.177,0.4,0.44,0.56,0.59,0.04,0.03,75147.18,1776583258000
1776583260.529,60.529,0.4,0.41,0.59,0.6,0.01,0.01,75143.98,1776583259000
1776583260.867,60.867,0.4,0.41,0.59,0.6,0.01,0.01,75143.98,1776583259000
1776583261.2,61.2,0.41,0.42,0.58,0.59,0.01,0.01,75131.72,1776583260000
1776583261.537,61.537,0.43,0.44,0.56,0.57,0.01,0.01,75131.72,1776583260000
1776583261.911,61.911,0.43,0.44,0.56,0.57,0.01,0.01,75131.72,1776583260000
1776583262.297,62.297,0.43,0.44,0.56,0.57,0.01,0.01,75131.72,1776583260000
1776583262.639,62.639,0.41,0.42,0.58,0.59,0.01,0.01,75121.49,1776583261000
1776583262.98,62.98,0.41,0.42,0.58,0.59,0.01,0.01,75121.49,1776583261000
1776583263.364,63.364,0.42,0.43,0.57,0.58,0.01,0.01,75126.37,1776583262000
1776583263.701,63.701,0.42,0.44,0.56,0.58,0.02,0.02,75126.37,1776583262000
1776583264.053,64.053,0.41,0.44,0.56,0.58,0.03,0.02,75126.37,1776583262000
1776583264.414,64.414,0.39,0.4,0.59,0.61,0.01,0.02,75128.67,1776583263000
1776583264.762,64.762,0.39,0.4,0.6,0.61,0.01,0.01,75128.67,1776583263000
1776583265.164,65.164,0.39,0.4,0.6,0.61,0.01,0.01,75128.67,1776583263000
1776583265.547,65.547,0.38,0.39,0.6,0.62,0.01,0.02,75129.42,1776583264000
1776583265.898,65.898,0.36,0.38,0.62,0.64,0.02,0.02,75129.42,1776583264000
1776583266.38,66.38,0.31,0.35,0.64,0.67,0.04,0.03,75121.33,1776583265000
1776583266.764,66.764,0.31,0.34,0.66,0.67,0.03,0.01,75121.33,1776583265000
1776583267.109,67.109,0.32,0.33,0.67,0.68,0.01,0.01,75121.33,1776583265000
1776583267.51,67.51,0.32,0.33,0.67,0.68,0.01,0.01,75119.01,1776583266000
1776583267.85,67.85,0.32,0.33,0.67,0.68,0.01,0.01,75119.01,1776583266000
1776583268.417,68.417,0.32,0.33,0.67,0.68,0.01,0.01,75119.01,1776583266000
1776583268.857,68.857,0.32,0.33,0.67,0.68,0.01,0.01,75106.42,1776583267000
1776583269.354,69.354,0.32,0.33,0.67,0.68,0.01,0.01,75112.5,1776583268000
1776583269.768,69.768,0.32,0.34,0.67,0.68,0.02,0.01,75112.5,1776583268000
1776583270.154,70.154,0.33,0.34,0.66,0.67,0.01,0.01,75112.5,1776583268000
1776583270.509,70.509,0.33,0.34,0.66,0.67,0.01,0.01,75110.99,1776583269000
1776583270.963,70.963,0.33,0.34,0.66,0.67,0.01,0.01,75110.99,1776583269000
1776583271.447,71.447,0.31,0.32,0.68,0.69,0.01,0.01,75109.01,1776583270000
1776583271.809,71.809,0.31,0.32,0.68,0.69,0.01,0.01,75109.01,1776583270000
1776583272.196,72.196,0.3,0.31,0.69,0.7,0.01,0.01,75112.27,1776583271000
1776583272.539,72.539,0.3,0.31,0.69,0.7,0.01,0.01,75112.27,1776583271000
1776583272.993,72.993,0.29,0.3,0.7,0.71,0.01,0.01,75112.27,1776583271000
1776583273.49,73.49,0.29,0.3,0.7,0.71,0.01,0.01,75109.47,1776583272000
1776583273.856,73.856,0.33,0.34,0.66,0.67,0.01,0.01,75109.47,1776583272000
1776583274.229,74.229,0.33,0.34,0.66,0.67,0.01,0.01,75106.57,1776583273000
1776583274.591,74.591,0.32,0.34,0.66,0.68,0.02,0.02,75106.57,1776583273000
1776583274.93,74.93,0.31,0.33,0.66,0.67,0.02,0.01,75106.57,1776583273000
1776583275.355,75.355,0.3,0.31,0.67,0.71,0.01,0.04,75102.44,1776583274000
1776583275.695,75.695,0.3,0.31,0.69,0.7,0.01,0.01,75102.44,1776583274000
1776583276.032,76.032,0.3,0.31,0.69,0.7,0.01,0.01,75102.44,1776583274000
1776583276.42,76.42,0.33,0.36,0.64,0.67,0.03,0.03,75104.28,1776583275000
1776583276.758,76.758,0.36,0.38,0.62,0.64,0.02,0.02,75104.28,1776583275000
1776583277.095,77.095,0.36,0.37,0.63,0.64,0.01,0.01,75104.28,1776583275000
1776583277.501,77.501,0.36,0.37,0.63,0.64,0.01,0.01,75106.72,1776583276000
1776583277.836,77.836,0.32,0.33,0.67,0.68,0.01,0.01,75106.72,1776583276000
1776583278.178,78.178,0.31,0.32,0.67,0.69,0.01,0.02,75109.82,1776583277000
1776583278.605,78.605,0.31,0.32,0.68,0.69,0.01,0.01,75109.82,1776583277000
1776583278.996,78.996,0.31,0.32,0.68,0.69,0.01,0.01,75113.37,1776583278000
1776583279.478,79.478,0.32,0.33,0.67,0.69,0.01,0.02,75113.37,1776583278000
1776583279.912,79.912,0.32,0.33,0.67,0.68,0.01,0.01,75113.37,1776583278000
1776583280.316,80.316,0.33,0.34,0.66,0.67,0.01,0.01,75107.74,1776583279000
1776583280.658,80.658,0.34,0.35,0.65,0.66,0.01,0.01,75107.74,1776583279000
1776583281.019,81.019,0.35,0.36,0.64,0.65,0.01,0.01,75107.74,1776583279000
1776583281.353,81.353,0.37,0.38,0.62,0.65,0.01,0.03,75107.74,1776583279000
1776583281.779,81.779,0.37,0.38,0.62,0.63,0.01,0.01,75106.55,1776583280000
1776583282.18,82.18,0.37,0.38,0.62,0.63,0.01,0.01,75108.22,1776583281000
1776583282.715,82.715,0.35,0.38,0.62,0.63,0.03,0.01,75108.22,1776583281000
1776583283.075,83.075,0.37,0.38,0.62,0.63,0.01,0.01,75108.22,1776583281000
1776583283.791,83.791,0.37,0.38,0.62,0.63,0.01,0.01,75108.22,1776583281000
1776583284.228,84.228,0.37,0.38,0.62,0.63,0.01,0.01,75114.41,1776583282000
1776583284.588,84.588,0.33,0.38,0.62,0.63,0.05,0.01,75114.58,1776583283000
1776583285.257,85.257,0.37,0.38,0.62,0.63,0.01,0.01,75114.58,1776583283000
1776583285.712,85.712,0.33,0.34,0.65,0.67,0.01,0.02,75117.48,1776583284000
1776583286.105,86.105,0.25,0.27,0.69,0.74,0.02,0.05,75117.48,1776583285000
1776583286.446,86.446,0.22,0.26,0.74,0.78,0.04,0.04,75117.48,1776583285000
1776583286.781,86.781,0.24,0.27,0.73,0.76,0.03,0.03,75117.48,1776583285000
1776583287.117,87.117,0.26,0.27,0.73,0.74,0.01,0.01,75117.38,1776583286000
1776583287.458,87.458,0.25,0.26,0.74,0.75,0.01,0.01,75117.38,1776583286000
1776583287.8,87.8,0.24,0.26,0.74,0.75,0.02,0.01,75117.38,1776583286000
1776583288.135,88.135,0.22,0.24,0.76,0.78,0.02,0.02,75117.38,1776583286000
1776583288.473,88.473,0.22,0.23,0.77,0.78,0.01,0.01,75088.71,1776583287000
1776583288.908,88.908,0.22,0.23,0.77,0.78,0.01,0.01,75088.71,1776583287000
1776583289.358,89.358,0.2,0.21,0.78,0.8,0.01,0.02,75088.71,1776583287000
1776583289.711,89.711,0.2,0.21,0.79,0.8,0.01,0.01,75085.3,1776583288000
1776583290.236,90.236,0.19,0.2,0.79,0.8,0.01,0.01,75083.7,1776583289000
1776583290.6,90.6,0.19,0.2,0.8,0.81,0.01,0.01,75083.7,1776583289000
1776583290.947,90.947,0.18,0.19,0.81,0.82,0.01,0.01,75083.7,1776583289000
1776583291.351,91.351,0.18,0.19,0.81,0.82,0.01,0.01,75073.99,1776583290000
1776583291.695,91.695,0.17,0.18,0.82,0.83,0.01,0.01,75073.99,1776583290000
1776583292.061,92.061,0.18,0.19,0.81,0.82,0.01,0.01,75073.99,1776583290000
1776583292.413,92.413,0.18,0.19,0.81,0.82,0.01,0.01,75070.44,1776583291000
1776583292.775,92.775,0.18,0.19,0.81,0.82,0.01,0.01,75070.44,1776583291000
1776583293.11,93.11,0.18,0.19,0.81,0.82,0.01,0.01,75070.44,1776583291000
1776583293.494,93.494,0.18,0.19,0.81,0.82,0.01,0.01,75070.44,1776583291000
1776583293.866,93.866,0.18,0.19,0.81,0.82,0.01,0.01,75065.98,1776583292000
1776583294.321,94.321,0.17,0.18,0.81,0.83,0.01,0.02,75069.9,1776583293000
1776583294.766,94.766,0.16,0.17,0.83,0.84,0.01,0.01,75069.9,1776583293000
1776583295.115,95.115,0.16,0.17,0.83,0.84,0.01,0.01,75071.27,1776583294000
1776583295.485,95.485,0.16,0.17,0.8,0.84,0.01,0.04,75071.27,1776583294000
1776583295.913,95.913,0.18,0.19,0.81,0.84,0.01,0.03,75071.27,1776583294000
1776583296.281,96.281,0.18,0.19,0.79,0.82,0.01,0.03,75069.58,1776583295000
1776583296.652,96.652,0.18,0.19,0.81,0.82,0.01,0.01,75069.58,1776583295000
1776583297.01,97.01,0.18,0.19,0.81,0.82,0.01,0.01,75069.58,1776583295000
1776583297.351,97.351,0.18,0.19,0.81,0.82,0.01,0.01,75068.61,1776583296000
1776583297.78,97.78,0.18,0.19,0.81,0.82,0.01,0.01,75068.61,1776583296000
1776583298.312,98.312,0.18,0.19,0.81,0.82,0.01,0.01,75068.61,1776583296000
1776583298.909,98.909,0.18,0.19,0.81,0.82,0.01,0.01,75068.57,1776583297000
1776583299.363,99.363,0.18,0.19,0.81,0.82,0.01,0.01,75068.57,1776583297000
1776583299.701,99.701,0.18,0.19,0.81,0.82,0.01,0.01,75066.66,1776583298000
1776583300.06,100.06,0.18,0.19,0.81,0.82,0.01,0.01,75066.66,1776583298000
1776583300.621,100.621,0.18,0.19,0.81,0.82,0.01,0.01,75065.12,1776583299000
1776583301.13,101.13,0.18,0.19,0.81,0.82,0.01,0.01,75065.12,1776583299000
1776583301.466,101.466,0.18,0.19,0.81,0.82,0.01,0.01,75065.12,1776583299000
1776583301.811,101.811,0.18,0.19,0.81,0.82,0.01,0.01,75070.54,1776583300000
1776583302.245,102.245,0.18,0.19,0.81,0.82,0.01,0.01,75070.54,1776583300000
1776583302.653,102.653,0.18,0.19,0.81,0.82,0.01,0.01,75072.75,1776583301000
1776583303.114,103.114,0.18,0.19,0.81,0.82,0.01,0.01,75072.75,1776583301000
1776583303.57,103.57,0.18,0.19,0.81,0.82,0.01,0.01,75072.52,1776583302000
1776583303.942,103.942,0.18,0.19,0.81,0.82,0.01,0.01,75072.52,1776583302000
1776583304.585,104.585,0.18,0.19,0.81,0.82,0.01,0.01,75072.52,1776583302000
1776583305.118,105.118,0.17,0.19,0.81,0.82,0.02,0.01,75072.3,1776583303000
1776583305.576,105.576,0.18,0.19,0.81,0.82,0.01,0.01,75074.83,1776583304000
1776583306.033,106.033,0.18,0.19,0.81,0.82,0.01,0.01,75077.28,1776583305000
1776583306.486,106.486,0.18,0.19,0.81,0.82,0.01,0.01,75077.28,1776583305000
1776583306.932,106.932,0.17,0.18,0.81,0.83,0.01,0.02,75077.28,1776583305000
1776583307.273,107.273,0.16,0.17,0.82,0.84,0.01,0.02,75077.28,1776583305000
1776583307.624,107.624,0.16,0.17,0.83,0.84,0.01,0.01,75074.11,1776583306000
1776583307.972,107.972,0.16,0.17,0.83,0.84,0.01,0.01,75074.11,1776583306000
1776583308.326,108.326,0.16,0.17,0.83,0.84,0.01,0.01,75074.11,1776583306000
1776583308.669,108.669,0.15,0.16,0.83,0.85,0.01,0.02,75073.28,1776583307000
1776583309.027,109.027,0.15,0.16,0.84,0.85,0.01,0.01,75073.28,1776583307000
1776583309.409,109.409,0.15,0.16,0.84,0.85,0.01,0.01,75071.33,1776583308000
1776583309.811,109.811,0.15,0.16,0.84,0.85,0.01,0.01,75071.33,1776583308000
1776583310.379,110.379,0.15,0.16,0.84,0.85,0.01,0.01,75071.33,1776583308000
1776583310.718,110.718,0.15,0.16,0.84,0.85,0.01,0.01,75055.27,1776583309000
1776583311.074,111.074,0.15,0.16,0.84,0.85,0.01,0.01,75055.27,1776583309000
1776583311.463,111.463,0.15,0.16,0.84,0.85,0.01,0.01,75052.23,1776583310000
1776583311.915,111.915,0.15,0.16,0.84,0.85,0.01,0.01,75052.23,1776583310000
1776583312.521,112.521,0.15,0.16,0.84,0.85,0.01,0.01,75052.23,1776583311000
1776583312.872,112.872,0.15,0.16,0.83,0.85,0.01,0.02,75052.23,1776583311000
1776583313.237,113.237,0.17,0.18,0.82,0.83,0.01,0.01,75052.23,1776583311000
1776583313.622,113.622,0.17,0.18,0.82,0.83,0.01,0.01,75052.23,1776583311000
1776583313.99,113.99,0.18,0.19,0.81,0.82,0.01,0.01,75049.2,1776583312000
1776583314.483,114.483,0.17,0.18,0.81,0.82,0.01,0.01,75049.2,1776583312000
1776583314.867,114.867,0.17,0.18,0.82,0.83,0.01,0.01,75051.9,1776583313000
1776583315.3,115.3,0.17,0.18,0.82,0.83,0.01,0.01,75051.9,1776583313000
1776583315.925,115.925,0.15,0.16,0.83,0.84,0.01,0.01,75060.66,1776583314000
1776583316.763,116.763,0.15,0.16,0.84,0.85,0.01,0.01,75062.5,1776583315000
1776583317.111,117.111,0.15,0.16,0.84,0.85,0.01,0.01,75062.5,1776583315000
1776583317.455,117.455,0.15,0.16,0.84,0.85,0.01,0.01,75062.5,1776583315000
1776583317.961,117.961,0.15,0.16,0.84,0.85,0.01,0.01,75062.5,1776583315000
1776583318.416,118.416,0.18,0.19,0.81,0.85,0.01,0.04,75062.85,1776583316000
1776583318.764,118.764,0.18,0.19,0.81,0.82,0.01,0.01,75062.96,1776583317000
1776583319.353,119.353,0.16,0.17,0.82,0.83,0.01,0.01,75063.3,1776583318000
1776583319.714,119.714,0.15,0.16,0.83,0.85,0.01,0.02,75063.3,1776583318000
1776583320.05,120.05,0.15,0.16,0.84,0.85,0.01,0.01,75063.3,1776583318000
1776583320.406,120.406,0.14,0.15,0.84,0.85,0.01,0.01,75063.3,1776583318000
1776583320.744,120.744,0.12,0.14,0.86,0.87,0.02,0.01,75064.73,1776583319000
1776583321.094,121.094,0.12,0.13,0.87,0.88,0.01,0.01,75064.73,1776583319000
1776583321.492,121.492,0.11,0.12,0.87,0.89,0.01,0.02,75064.56,1776583320000
1776583321.848,121.848,0.1,0.11,0.89,0.9,0.01,0.01,75064.56,1776583320000
1776583322.183,122.183,0.1,0.11,0.89,0.9,0.01,0.01,75064.56,1776583320000
1776583322.543,122.543,0.1,0.11,0.89,0.9,0.01,0.01,75055.15,1776583321000
1776583322.907,122.907,0.1,0.11,0.89,0.9,0.01,0.01,75055.15,1776583321000
1776583323.291,123.291,0.1,0.11,0.89,0.9,0.01,0.01,75055.15,1776583321000
1776583323.746,123.746,0.09,0.1,0.89,0.91,0.01,0.02,75050.03,1776583322000
1776583324.105,124.105,0.09,0.1,0.9,0.91,0.01,0.01,75049.53,1776583323000
1776583324.452,124.452,0.09,0.1,0.9,0.91,0.01,0.01,75049.53,1776583323000
1776583324.82,124.82,0.09,0.1,0.9,0.91,0.01,0.01,75049.53,1776583323000
1776583325.246,125.246,0.09,0.1,0.9,0.91,0.01,0.01,75047.54,1776583324000
1776583325.652,125.652,0.09,0.1,0.9,0.91,0.01,0.01,75047.54,1776583324000
1776583326.067,126.067,0.09,0.1,0.9,0.91,0.01,0.01,75047.54,1776583324000
1776583326.405,126.405,0.09,0.1,0.9,0.91,0.01,0.01,75047.54,1776583324000
1776583326.764,126.764,0.09,0.1,0.9,0.91,0.01,0.01,75046.4,1776583325000
1776583327.173,127.173,0.09,0.1,0.9,0.91,0.01,0.01,75046.19,1776583326000
1776583327.52,127.52,0.09,0.1,0.9,0.91,0.01,0.01,75046.19,1776583326000
1776583327.886,127.886,0.09,0.1,0.9,0.91,0.01,0.01,75046.19,1776583326000
1776583328.231,128.231,0.09,0.1,0.9,0.91,0.01,0.01,75046.3,1776583327000
1776583328.586,128.586,0.09,0.1,0.9,0.91,0.01,0.01,75046.3,1776583327000
1776583329.294,129.294,0.09,0.1,0.9,0.91,0.01,0.01,75046.3,1776583327000
1776583329.693,129.693,0.09,0.1,0.9,0.91,0.01,0.01,75048.98,1776583328000
1776583330.219,130.219,0.08,0.09,0.91,0.92,0.01,0.01,75048.98,1776583328000
1776583330.587,130.587,0.08,0.09,0.91,0.92,0.01,0.01,75050.79,1776583329000
1776583330.962,130.962,0.07,0.09,0.91,0.92,0.02,0.01,75050.79,1776583329000
1776583331.325,131.325,0.07,0.08,0.92,0.93,0.01,0.01,75050.53,1776583330000
1776583331.76,131.76,0.07,0.08,0.92,0.93,0.01,0.01,75050.53,1776583330000
1776583332.173,132.173,0.07,0.08,0.92,0.93,0.01,0.01,75050.53,1776583330000
1776583332.538,132.538,0.06,0.07,0.93,0.94,0.01,0.01,75045.96,1776583331000
1776583332.944,132.944,0.06,0.07,0.93,0.94,0.01,0.01,75045.96,1776583331000
1776583333.375,133.375,0.06,0.07,0.93,0.94,0.01,0.01,75046.03,1776583332000
1776583333.721,133.721,0.06,0.07,0.93,0.94,0.01,0.01,75046.03,1776583332000
1776583334.177,134.177,0.06,0.07,0.93,0.94,0.01,0.01,75044.58,1776583333000
1776583334.61,134.61,0.06,0.07,0.93,0.94,0.01,0.01,75044.58,1776583333000
1776583334.96,134.96,0.05,0.07,0.93,0.95,0.02,0.02,75044.58,1776583333000
1776583335.421,135.421,0.05,0.06,0.94,0.95,0.01,0.01,75043.74,1776583334000
1776583335.782,135.782,0.05,0.06,0.94,0.95,0.01,0.01,75043.74,1776583334000
1776583336.163,136.163,0.05,0.06,0.94,0.95,0.01,0.01,75041.72,1776583335000
1776583336.506,136.506,0.05,0.06,0.94,0.95,0.01,0.01,75041.72,1776583335000
1776583336.844,136.844,0.05,0.06,0.94,0.95,0.01,0.01,75041.72,1776583335000
1776583337.192,137.192,0.05,0.06,0.94,0.95,0.01,0.01,75037.08,1776583336000
1776583337.607,137.607,0.05,0.06,0.94,0.95,0.01,0.01,75037.08,1776583336000
1776583338.062,138.062,0.05,0.06,0.94,0.95,0.01,0.01,75037.08,1776583336000
1776583338.545,138.545,0.05,0.06,0.94,0.95,0.01,0.01,75034.94,1776583337000
1776583338.878,138.878,0.05,0.06,0.94,0.95,0.01,0.01,75034.94,1776583337000
1776583339.447,139.447,0.04,0.05,0.95,0.96,0.01,0.01,75032.11,1776583338000
1776583339.792,139.792,0.04,0.05,0.95,0.96,0.01,0.01,75032.11,1776583338000
1776583340.128,140.128,0.04,0.05,0.95,0.96,0.01,0.01,75032.11,1776583338000
1776583340.656,140.656,0.04,0.05,0.95,0.96,0.01,0.01,75030.68,1776583339000
1776583341.115,141.115,0.04,0.05,0.95,0.96,0.01,0.01,75030.68,1776583339000
1776583341.658,141.658,0.04,0.05,0.95,0.96,0.01,0.01,75028.2,1776583340000
1776583342.249,142.249,0.03,0.04,0.95,0.97,0.01,0.02,75028.2,1776583340000
1776583342.59,142.59,0.03,0.04,0.96,0.97,0.01,0.01,75026.92,1776583341000
1776583342.972,142.972,0.03,0.04,0.96,0.97,0.01,0.01,75026.92,1776583341000
1776583343.486,143.486,0.03,0.04,0.96,0.97,0.01,0.01,75025.09,1776583342000
1776583344.037,144.037,0.03,0.04,0.95,0.97,0.01,0.02,75025.09,1776583342000
1776583344.54,144.54,0.03,0.05,0.96,0.97,0.02,0.01,75022.68,1776583343000
1776583345.012,145.012,0.04,0.05,0.95,0.96,0.01,0.01,75022.68,1776583343000
1776583345.373,145.373,0.03,0.04,0.96,0.97,0.01,0.01,75022.57,1776583344000
1776583345.89,145.89,0.03,0.04,0.96,0.97,0.01,0.01,75022.57,1776583344000
1776583346.25,146.25,0.03,0.04,0.96,0.97,0.01,0.01,75022.57,1776583344000
1776583346.753,146.753,0.03,0.04,0.96,0.97,0.01,0.01,75023.84,1776583345000
1776583347.265,147.265,0.03,0.04,0.96,0.97,0.01,0.01,75024.03,1776583346000
1776583347.607,147.607,0.03,0.04,0.96,0.97,0.01,0.01,75024.03,1776583346000
1776583347.965,147.965,0.03,0.04,0.96,0.97,0.01,0.01,75024.03,1776583346000
1776583348.675,148.675,0.03,0.04,0.96,0.97,0.01,0.01,75021.53,1776583347000
1776583349.125,149.125,0.03,0.04,0.96,0.97,0.01,0.01,75020.86,1776583348000
1776583349.46,149.46,0.03,0.04,0.96,0.97,0.01,0.01,75020.86,1776583348000
1776583349.817,149.817,0.03,0.04,0.96,0.97,0.01,0.01,75020.86,1776583348000
1776583350.545,150.545,0.03,0.04,0.96,0.97,0.01,0.01,75019.05,1776583349000
1776583350.881,150.881,0.03,0.04,0.96,0.97,0.01,0.01,75019.05,1776583349000
1776583351.317,151.317,0.03,0.04,0.96,0.97,0.01,0.01,75016.92,1776583350000
1776583351.682,151.682,0.02,0.03,0.96,0.98,0.01,0.02,75016.92,1776583350000
1776583352.018,152.018,0.02,0.03,0.97,0.98,0.01,0.01,75016.62,1776583351000
1776583352.451,152.451,0.02,0.03,0.97,0.98,0.01,0.01,75016.62,1776583351000
1776583352.905,152.905,0.02,0.03,0.97,0.98,0.01,0.01,75016.62,1776583351000
1776583353.353,153.353,0.02,0.03,0.97,0.98,0.01,0.01,75010.19,1776583352000
1776583353.707,153.707,0.02,0.03,0.97,0.98,0.01,0.01,75010.19,1776583352000
1776583354.105,154.105,0.02,0.03,0.97,0.98,0.01,0.01,75010.19,1776583353000
1776583354.59,154.59,0.02,0.03,0.97,0.98,0.01,0.01,75010.19,1776583353000
1776583354.954,154.954,0.02,0.03,0.97,0.98,0.01,0.01,75010.19,1776583353000
1776583355.44,155.44,0.02,0.03,0.97,0.98,0.01,0.01,75010.55,1776583354000
1776583355.99,155.99,0.02,0.03,0.97,0.98,0.01,0.01,75010.38,1776583355000
1776583356.673,156.673,0.02,0.03,0.97,0.98,0.01,0.01,75010.38,1776583355000
1776583357.02,157.02,0.02,0.03,0.97,0.98,0.01,0.01,75010.38,1776583355000
1776583357.7,157.7,0.02,0.04,0.97,0.98,0.02,0.01,75010.06,1776583356000
1776583358.06,158.06,0.03,0.05,0.96,0.97,0.02,0.01,75010.06,1776583356000
1776583358.4,158.4,0.04,0.06,0.95,0.96,0.02,0.01,75007.66,1776583357000
1776583358.736,158.736,0.11,0.14,0.86,0.89,0.03,0.03,75007.66,1776583357000
1776583359.085,159.085,0.15,0.16,0.84,0.85,0.01,0.01,75007.66,1776583357000
1776583359.421,159.421,0.17,0.2,0.81,0.83,0.03,0.02,75007.66,1776583357000
1776583359.762,159.762,0.17,0.18,0.82,0.83,0.01,0.01,75007.66,1776583357000
1776583360.106,160.106,0.19,0.2,0.8,0.81,0.01,0.01,75031.16,1776583358000
1776583360.458,160.458,0.22,0.24,0.74,0.78,0.02,0.04,75031.16,1776583358000
1776583360.809,160.809,0.21,0.23,0.77,0.78,0.02,0.01,75053.95,1776583359000
1776583361.18,161.18,0.11,0.15,0.85,0.89,0.04,0.04,75053.95,1776583359000
1776583361.534,161.534,0.09,0.14,0.88,0.91,0.05,0.03,75076.61,1776583360000
1776583361.867,161.867,0.08,0.1,0.9,0.92,0.02,0.02,75076.61,1776583360000
1776583362.218,162.218,0.08,0.09,0.91,0.92,0.01,0.01,75076.61,1776583360000
1776583362.558,162.558,0.07,0.09,0.91,0.92,0.02,0.01,75076.61,1776583360000
1776583362.97,162.97,0.08,0.09,0.91,0.92,0.01,0.01,75084.65,1776583361000
1776583363.313,163.313,0.07,0.08,0.92,0.94,0.01,0.02,75040.46,1776583362000
1776583363.707,163.707,0.06,0.07,0.92,0.94,0.01,0.02,75040.46,1776583362000
1776583364.058,164.058,0.06,0.07,0.93,0.95,0.01,0.02,75040.46,1776583362000
1776583364.409,164.409,0.04,0.06,0.94,0.95,0.02,0.01,75040.46,1776583362000
1776583364.793,164.793,0.05,0.06,0.94,0.95,0.01,0.01,75028.88,1776583363000
1776583365.279,165.279,0.05,0.06,0.94,0.95,0.01,0.01,75026.41,1776583364000
1776583365.616,165.616,0.05,0.06,0.94,0.95,0.01,0.01,75026.41,1776583364000
1776583366.038,166.038,0.03,0.05,0.94,0.96,0.02,0.02,75026.41,1776583364000
1776583366.373,166.373,0.02,0.03,0.97,0.98,0.01,0.01,75019.06,1776583365000
1776583366.712,166.712,0.02,0.03,0.97,0.98,0.01,0.01,75019.06,1776583365000
1776583367.052,167.052,0.02,0.03,0.97,0.99,0.01,0.02,75019.06,1776583365000
1776583367.417,167.417,0.01,0.02,0.97,0.98,0.01,0.01,75019.06,1776583365000
1776583367.751,167.751,0.01,0.02,0.98,0.99,0.01,0.01,74967.1,1776583366000
1776583368.129,168.129,0.01,0.02,0.98,0.99,0.01,0.01,74967.1,1776583366000
1776583368.471,168.471,0.01,0.02,0.98,0.99,0.01,0.01,74967.1,1776583366000
1776583368.811,168.811,0.01,0.02,0.98,0.99,0.01,0.01,74952.59,1776583367000
1776583369.175,169.175,0.01,0.02,0.98,0.99,0.01,0.01,74952.59,1776583367000
1776583369.532,169.532,0.01,0.02,0.98,0.99,0.01,0.01,74952.59,1776583367000
1776583369.898,169.898,0.01,0.02,0.98,0.99,0.01,0.01,74944.68,1776583368000
1776583370.248,170.248,0.01,0.02,0.98,0.99,0.01,0.01,74944.68,1776583368000
1776583370.742,170.742,0.01,0.02,0.98,0.99,0.01,0.01,74947.81,1776583369000
1776583371.076,171.076,0.01,0.02,0.98,0.99,0.01,0.01,74947.81,1776583369000
1776583371.424,171.424,0.02,0.03,0.97,0.98,0.01,0.01,74947.81,1776583369000
1776583371.763,171.763,0.02,0.04,0.96,0.98,0.02,0.02,74948.13,1776583370000
1776583372.128,172.128,0.03,0.04,0.96,0.97,0.01,0.01,74948.13,1776583370000
1776583372.62,172.62,0.03,0.04,0.96,0.97,0.01,0.01,74949.99,1776583371000
1776583373.031,173.031,0.03,0.04,0.96,0.97,0.01,0.01,74949.99,1776583371000
1776583373.695,173.695,0.03,0.04,0.96,0.97,0.01,0.01,74980.94,1776583372000
1776583374.091,174.091,0.03,0.04,0.96,0.97,0.01,0.01,74980.94,1776583372000
1776583374.428,174.428,0.03,0.04,0.96,0.97,0.01,0.01,74981.78,1776583373000
1776583374.922,174.922,0.03,0.04,0.96,0.97,0.01,0.01,74981.78,1776583373000
1776583375.277,175.277,0.03,0.04,0.96,0.97,0.01,0.01,74981.78,1776583373000
1776583375.614,175.614,0.03,0.04,0.96,0.97,0.01,0.01,74981.78,1776583373000
1776583376.047,176.047,0.04,0.05,0.95,0.97,0.01,0.02,74985.47,1776583374000
1776583376.512,176.512,0.04,0.05,0.95,0.96,0.01,0.01,74991.13,1776583375000
1776583376.957,176.957,0.06,0.08,0.92,0.95,0.02,0.03,74991.13,1776583375000
1776583377.293,177.293,0.06,0.08,0.92,0.94,0.02,0.02,74991.13,1776583375000
1776583377.635,177.635,0.06,0.07,0.93,0.96,0.01,0.03,75012.8,1776583376000
1776583378.055,178.055,0.04,0.05,0.95,0.96,0.01,0.01,75014.55,1776583377000
1776583378.396,178.396,0.04,0.05,0.95,0.96,0.01,0.01,75014.55,1776583377000
1776583378.756,178.756,0.04,0.05,0.95,0.96,0.01,0.01,75014.55,1776583377000
1776583379.145,179.145,0.04,0.05,0.95,0.96,0.01,0.01,75019.35,1776583378000
1776583379.549,179.549,0.03,0.04,0.95,0.97,0.01,0.02,75019.35,1776583378000
1776583379.905,179.905,0.03,0.04,0.96,0.97,0.01,0.01,75009.75,1776583379000
1776583381.081,181.081,0.03,0.04,0.96,0.97,0.01,0.01,75009.75,1776583379000
1776583381.486,181.486,0.03,0.04,0.96,0.97,0.01,0.01,75000.38,1776583380000
1776583381.976,181.976,0.03,0.04,0.96,0.97,0.01,0.01,75000.38,1776583380000
1776583382.319,182.319,0.03,0.04,0.96,0.97,0.01,0.01,75000.38,1776583380000
1776583382.777,182.777,0.02,0.03,0.96,0.98,0.01,0.02,74958.19,1776583381000
1776583383.374,183.374,0.02,0.03,0.97,0.98,0.01,0.01,74945.1,1776583382000
1776583383.821,183.821,0.01,0.03,0.97,0.99,0.02,0.02,74945.1,1776583382000
1776583384.232,184.232,0.01,0.03,0.97,0.99,0.02,0.02,74939.94,1776583383000
1776583384.566,184.566,0.01,0.03,0.97,0.99,0.02,0.02,74939.94,1776583383000
1776583384.908,184.908,0.02,0.03,0.97,0.99,0.01,0.02,74940.71,1776583384000
1776583385.251,185.251,0.01,0.03,0.97,0.99,0.02,0.02,74940.71,1776583384000
1776583385.628,185.628,0.01,0.02,0.98,0.99,0.01,0.01,74940.71,1776583384000
1776583386.179,186.179,0.01,0.02,0.98,0.99,0.01,0.01,74935.53,1776583385000
1776583386.647,186.647,0.01,0.02,0.98,0.99,0.01,0.01,74935.53,1776583385000
1776583387.022,187.022,0.01,0.02,0.98,0.99,0.01,0.01,74934.52,1776583386000
1776583387.58,187.58,0.01,0.02,0.98,0.99,0.01,0.01,74934.52,1776583386000
1776583387.971,187.971,0.01,0.02,0.98,0.99,0.01,0.01,74934.52,1776583386000
1776583388.329,188.329,0.01,0.02,0.98,0.99,0.01,0.01,74937.18,1776583387000
1776583388.704,188.704,0.01,0.02,0.98,0.99,0.01,0.01,74937.18,1776583387000
1776583389.956,189.956,0.01,0.02,0.98,0.99,0.01,0.01,74943.09,1776583388000
1776583390.436,190.436,0.01,0.02,0.98,0.99,0.01,0.01,74943.09,1776583388000
1776583391.092,191.092,0.01,0.02,0.98,0.99,0.01,0.01,74945.73,1776583389000
1776583391.772,191.772,0.01,0.02,0.98,0.99,0.01,0.01,74949.54,1776583390000
1776583392.135,192.135,0.01,0.02,0.98,0.99,0.01,0.01,74949.54,1776583390000
1776583392.664,192.664,0.01,0.02,0.98,0.99,0.01,0.01,74949.35,1776583391000
1776583393.269,193.269,0.01,0.02,0.98,0.99,0.01,0.01,74951.15,1776583392000
1776583393.899,193.899,0.01,0.02,0.98,0.99,0.01,0.01,74951.15,1776583392000
1776583394.237,194.237,0.01,0.02,0.98,0.99,0.01,0.01,74951.15,1776583392000
1776583394.666,194.666,0.01,0.02,0.98,0.99,0.01,0.01,74951.15,1776583392000
1776583395.127,195.127,0.01,0.02,0.98,0.99,0.01,0.01,74958.25,1776583393000
1776583395.617,195.617,0.01,0.02,0.98,0.99,0.01,0.01,74969.04,1776583394000
1776583396.218,196.218,0.01,0.02,0.98,0.99,0.01,0.01,74969.04,1776583395000
1776583396.645,196.645,0.01,0.02,0.98,0.99,0.01,0.01,74969.04,1776583395000
1776583396.98,196.98,0.01,0.02,0.98,0.99,0.01,0.01,74969.04,1776583395000
1776583397.447,197.447,0.01,0.02,0.98,0.99,0.01,0.01,74970.87,1776583396000
1776583398.054,198.054,0.01,0.02,0.98,0.99,0.01,0.01,74970.87,1776583396000
1776583398.944,198.944,0.01,0.02,0.97,0.99,0.01,0.02,74970.87,1776583397000
1776583399.424,199.424,0.01,0.02,0.98,0.99,0.01,0.01,74969.3,1776583398000
1776583400.129,200.129,0.01,0.02,0.98,0.99,0.01,0.01,74969.3,1776583398000
1776583400.465,200.465,0.01,0.02,0.98,0.99,0.01,0.01,74968.63,1776583399000
1776583401.261,201.261,0.01,0.02,0.98,0.99,0.01,0.01,74968.63,1776583399000
1776583401.678,201.678,0.01,0.02,0.98,0.99,0.01,0.01,74967.85,1776583400000
1776583402.33,202.33,0.01,0.02,0.98,0.99,0.01,0.01,74967.85,1776583401000
1776583403.516,203.516,0.01,0.02,0.98,0.99,0.01,0.01,74962.23,1776583402000
1776583404.353,204.353,0.01,0.02,0.98,0.99,0.01,0.01,74962.23,1776583402000
1776583404.848,204.848,0.01,0.02,0.98,0.99,0.01,0.01,74961.28,1776583403000
1776583405.455,205.455,0.01,0.01,0.99,0.99,0.0,0.0,74946.37,1776583404000
1776583405.798,205.798,0.01,0.01,0.99,0.99,0.0,0.0,74946.37,1776583404000
1776583406.361,206.361,0.01,0.01,0.99,0.99,0.0,0.0,74946.37,1776583404000
1776583406.701,206.701,0.01,0.02,0.98,0.99,0.01,0.01,74950.33,1776583405000
1776583407.076,207.076,0.01,0.02,0.98,0.99,0.01,0.01,74950.33,1776583405000
1776583407.425,207.425,0.01,0.02,0.98,0.99,0.01,0.01,74952.99,1776583406000
1776583408.477,208.477,0.01,0.02,0.98,0.99,0.01,0.01,74966.7,1776583407000
1776583408.907,208.907,0.01,0.02,0.98,0.99,0.01,0.01,74966.7,1776583407000
1776583409.285,209.285,0.01,0.02,0.98,0.99,0.01,0.01,74969.86,1776583408000
1776583409.759,209.759,0.01,0.02,0.98,0.99,0.01,0.01,74969.86,1776583408000
1776583410.114,210.114,0.01,0.02,0.98,0.99,0.01,0.01,74969.86,1776583408000
1776583410.467,210.467,0.01,0.02,0.98,0.99,0.01,0.01,74969.86,1776583408000
1776583410.813,210.813,0.01,0.02,0.98,0.99,0.01,0.01,74969.86,1776583408000
1776583411.262,211.262,0.01,0.02,0.98,0.99,0.01,0.01,74974.74,1776583410000
1776583411.596,211.596,0.01,0.02,0.98,0.99,0.01,0.01,74974.74,1776583410000
1776583411.967,211.967,0.01,0.02,0.98,0.99,0.01,0.01,74974.74,1776583410000
1776583412.399,212.399,0.01,0.02,0.98,0.99,0.01,0.01,74976.41,1776583411000
1776583413.09,213.09,0.01,0.02,0.98,0.99,0.01,0.01,74975.17,1776583412000
1776583414.114,214.114,0.01,0.02,0.98,0.99,0.01,0.01,74975.55,1776583413000
1776583415.081,215.081,0.01,0.02,0.98,0.99,0.01,0.01,74975.55,1776583413000
1776583415.663,215.663,0.01,0.02,0.98,0.99,0.01,0.01,74979.05,1776583414000
1776583416.132,216.132,0.01,0.02,0.98,0.99,0.01,0.01,74981.48,1776583415000
1776583416.793,216.793,0.01,0.02,0.98,0.99,0.01,0.01,74981.48,1776583415000
1776583417.283,217.283,0.01,0.02,0.98,0.99,0.01,0.01,74986.75,1776583416000
1776583417.622,217.622,0.01,0.02,0.98,0.99,0.01,0.01,74986.75,1776583416000
1776583418.217,218.217,0.01,0.02,0.98,0.99,0.01,0.01,74986.75,1776583416000
1776583419.039,219.039,0.01,0.02,0.98,0.99,0.01,0.01,74993.99,1776583418000
1776583419.499,219.499,0.01,0.02,0.98,0.99,0.01,0.01,74993.99,1776583418000
1776583419.832,219.832,0.01,0.02,0.98,0.99,0.01,0.01,74993.99,1776583418000
1776583420.194,220.194,0.01,0.01,0.99,0.99,0.0,0.0,74995.99,1776583419000
1776583420.533,220.533,0.01,0.01,0.99,0.99,0.0,0.0,74995.99,1776583419000
1776583420.984,220.984,0.01,0.01,0.99,0.99,0.0,0.0,74995.99,1776583419000
1776583421.321,221.321,0.01,0.01,0.99,0.99,0.0,0.0,75009.11,1776583420000
1776583421.734,221.734,0.01,0.01,0.99,0.99,0.0,0.0,75009.11,1776583420000
1776583422.486,222.486,0.01,0.01,0.99,0.99,0.0,0.0,75009.11,1776583420000
1776583423.376,223.376,0.01,0.01,0.99,0.99,0.0,0.0,75013.09,1776583422000
1776583424.119,224.119,0.01,0.01,0.99,0.99,0.0,0.0,75013.09,1776583422000
1776583424.476,224.476,0.01,0.01,0.99,0.99,0.0,0.0,75013.09,1776583422000
1776583424.899,224.899,0.02,0.03,0.96,0.98,0.01,0.02,75013.09,1776583422000
1776583425.258,225.258,0.03,0.04,0.96,0.97,0.01,0.01,75032.02,1776583423000
1776583425.706,225.706,0.03,0.04,0.96,0.97,0.01,0.01,75043.55,1776583424000
1776583426.286,226.286,0.03,0.04,0.96,0.97,0.01,0.01,75043.55,1776583424000
1776583426.679,226.679,0.03,0.04,0.96,0.97,0.01,0.01,75045.43,1776583425000
1776583427.014,227.014,0.03,0.04,0.96,0.97,0.01,0.01,75045.43,1776583425000
1776583427.507,227.507,0.03,0.04,0.96,0.97,0.01,0.01,75045.43,1776583425000
1776583427.841,227.841,0.03,0.04,0.96,0.97,0.01,0.01,75048.12,1776583426000
1776583428.384,228.384,0.03,0.04,0.96,0.97,0.01,0.01,75048.12,1776583427000
1776583428.83,228.83,0.03,0.04,0.96,0.97,0.01,0.01,75048.12,1776583427000
1776583429.212,229.212,0.03,0.04,0.96,0.97,0.01,0.01,75048.12,1776583427000
1776583430.015,230.015,0.03,0.04,0.96,0.97,0.01,0.01,75043.01,1776583428000
1776583430.349,230.349,0.03,0.05,0.96,0.97,0.02,0.01,75043.01,1776583428000
1776583430.773,230.773,0.04,0.05,0.95,0.96,0.01,0.01,75045.82,1776583429000
1776583431.337,231.337,0.04,0.05,0.95,0.96,0.01,0.01,75048.96,1776583430000
1776583431.773,231.773,0.04,0.05,0.95,0.96,0.01,0.01,75048.96,1776583430000
1776583432.116,232.116,0.03,0.05,0.95,0.97,0.02,0.02,75049.19,1776583431000
1776583432.939,232.939,0.03,0.04,0.95,0.97,0.01,0.02,75049.19,1776583431000
1776583433.273,233.273,0.03,0.04,0.96,0.97,0.01,0.01,75051.46,1776583432000
1776583434.44,234.44,0.03,0.04,0.96,0.97,0.01,0.01,75049.87,1776583433000
1776583434.911,234.911,0.02,0.03,0.96,0.97,0.01,0.01,75049.87,1776583433000
1776583435.768,235.768,0.02,0.03,0.97,0.98,0.01,0.01,75049.53,1776583434000
1776583436.195,236.195,0.02,0.03,0.97,0.98,0.01,0.01,75049.53,1776583434000
1776583436.544,236.544,0.02,0.03,0.97,0.98,0.01,0.01,75047.06,1776583435000
1776583436.972,236.972,0.02,0.03,0.97,0.98,0.01,0.01,75047.06,1776583435000
1776583437.306,237.306,0.01,0.03,0.97,0.99,0.02,0.02,75044.13,1776583436000
1776583437.676,237.676,0.01,0.03,0.97,0.98,0.02,0.01,75044.13,1776583436000
1776583438.056,238.056,0.01,0.02,0.98,0.99,0.01,0.01,75044.13,1776583436000
1776583438.389,238.389,0.01,0.02,0.98,0.99,0.01,0.01,75044.13,1776583436000
1776583438.796,238.796,0.01,0.02,0.98,0.99,0.01,0.01,75042.95,1776583437000
1776583439.419,239.419,0.01,0.02,0.98,0.99,0.01,0.01,75041.09,1776583438000
1776583439.982,239.982,0.01,0.02,0.98,0.99,0.01,0.01,75041.09,1776583438000
1776583440.322,240.322,0.01,0.02,0.98,0.99,0.01,0.01,75042.61,1776583439000
1776583440.716,240.716,0.01,0.02,0.98,0.99,0.01,0.01,75042.61,1776583439000
1776583441.081,241.081,0.01,0.02,0.98,0.99,0.01,0.01,75042.61,1776583439000
1776583441.553,241.553,0.01,0.02,0.98,0.99,0.01,0.01,75039.56,1776583440000
1776583441.943,241.943,0.01,0.02,0.98,0.99,0.01,0.01,75039.56,1776583440000
1776583443.245,243.245,0.01,0.01,0.99,0.99,0.0,0.0,75031.85,1776583441000
1776583443.581,243.581,0.01,0.01,0.99,0.99,0.0,0.0,75031.52,1776583442000
1776583444.286,244.286,0.01,0.01,0.99,0.99,0.0,0.0,75031.52,1776583442000
1776583445.162,245.162,0.01,0.01,0.99,0.99,0.0,0.0,75032.37,1776583443000
1776583445.52,245.52,0.01,0.01,0.99,0.99,0.0,0.0,75040.44,1776583444000
1776583446.071,246.071,0.01,0.01,0.99,0.99,0.0,0.0,75042.78,1776583445000
1776583447.123,247.123,0.01,0.01,0.99,0.99,0.0,0.0,75045.03,1776583446000
1776583448.291,248.291,0.01,0.01,0.99,0.99,0.0,0.0,75045.34,1776583447000
1776583449.319,249.319,0.01,0.01,0.99,0.99,0.0,0.0,75045.89,1776583448000
1776583449.936,249.936,0.01,0.01,0.99,0.99,0.0,0.0,75044.06,1776583449000
1776583450.8,250.8,0.01,0.01,0.99,0.99,0.0,0.0,75044.06,1776583449000
1776583451.151,251.151,0.01,0.01,0.99,0.99,0.0,0.0,75043.06,1776583450000
1776583451.736,251.736,0.01,0.01,0.99,0.99,0.0,0.0,75043.06,1776583450000
1776583452.251,252.251,0.01,0.01,0.99,0.99,0.0,0.0,75044.03,1776583451000
1776583452.716,252.716,0.01,0.01,0.99,0.99,0.0,0.0,75044.03,1776583451000
1776583453.493,253.493,0.01,0.01,0.99,0.99,0.0,0.0,75048.22,1776583452000
1776583454.435,254.435,0.01,0.01,0.99,0.99,0.0,0.0,75048.95,1776583453000
1776583454.871,254.871,0.01,0.01,0.99,0.99,0.0,0.0,75049.73,1776583454000
1776583455.935,255.935,0.01,0.01,0.99,0.99,0.0,0.0,75049.73,1776583455000
1776583457.044,257.044,0.01,0.01,0.99,0.99,0.0,0.0,75049.95,1776583456000
1776583458.221,258.221,0.01,0.01,0.99,0.99,0.0,0.0,75050.99,1776583457000
1776583459.196,259.196,0.01,0.01,0.99,0.99,0.0,0.0,75051.05,1776583458000
1776583460.198,260.198,0.01,0.01,0.99,0.99,0.0,0.0,75053.48,1776583459000
1776583461.164,261.164,0.01,0.01,0.99,0.99,0.0,0.0,75057.36,1776583460000
1776583462.158,262.158,0.01,0.01,0.99,0.99,0.0,0.0,75057.76,1776583461000
1776583462.914,262.914,0.01,0.01,0.99,0.99,0.0,0.0,75057.76,1776583461000
1776583464.014,264.014,0.01,0.01,0.99,0.99,0.0,0.0,75059.5,1776583462000
1776583464.421,264.421,0.01,0.01,0.99,0.99,0.0,0.0,75059.95,1776583463000
1776583465.145,265.145,0.01,0.01,0.99,0.99,0.0,0.0,75059.31,1776583464000
1776583465.542,265.542,0.01,0.01,0.99,0.99,0.0,0.0,75059.31,1776583464000
1776583466.066,266.066,0.01,0.01,0.99,0.99,0.0,0.0,75060.58,1776583465000
1776583466.583,266.583,0.01,0.01,0.99,0.99,0.0,0.0,75060.58,1776583465000
1776583467.959,267.959,0.01,0.01,0.99,0.99,0.0,0.0,75060.78,1776583466000
1776583468.649,268.649,0.01,0.01,0.99,0.99,0.0,0.0,75060.77,1776583467000
1776583469.299,269.299,0.01,0.01,0.99,0.99,0.0,0.0,75060.77,1776583468000
1776583469.685,269.685,0.01,0.01,0.99,0.99,0.0,0.0,75060.77,1776583468000
1776583470.44,270.44,0.01,0.01,0.99,0.99,0.0,0.0,75060.74,1776583469000
1776583470.897,270.897,0.01,0.01,0.99,0.99,0.0,0.0,75060.72,1776583470000
1776583472.28,272.28,0.01,0.01,0.99,0.99,0.0,0.0,75054.05,1776583471000
1776583473.382,273.382,0.01,0.01,0.99,0.99,0.0,0.0,75053.98,1776583472000
1776583474.054,274.054,0.01,0.01,0.99,0.99,0.0,0.0,75053.84,1776583473000
1776583475.236,275.236,0.01,0.01,0.99,0.99,0.0,0.0,75053.4,1776583474000
1776583476.493,276.493,0.01,0.01,0.99,0.99,0.0,0.0,75055.37,1776583475000
1776583476.997,276.997,0.001,0.009,0.991,0.999,0.008,0.008,75055.37,1776583475000
1776583477.515,277.515,0.001,0.009,0.991,0.999,0.008,0.008,75058.14,1776583476000
1776583478.178,278.178,0.001,0.009,0.991,0.999,0.008,0.008,75056.86,1776583477000
1776583479.017,279.017,0.001,0.009,0.991,0.999,0.008,0.008,75056.86,1776583477000
1776583479.391,279.391,0.001,0.01,0.99,0.999,0.009,0.009,75056.86,1776583477000
1776583479.883,279.883,0.001,0.01,0.99,0.999,0.009,0.009,75057.75,1776583478000
1776583480.253,280.253,0.001,0.01,0.99,0.999,0.009,0.009,75057.74,1776583479000
1776583480.616,280.616,0.001,0.01,0.99,0.999,0.009,0.009,75057.74,1776583479000
1776583480.957,280.957,0.001,0.01,0.99,0.999,0.009,0.009,75057.74,1776583479000
1776583481.427,281.427,0.001,0.01,0.99,0.999,0.009,0.009,75066.08,1776583480000
1776583481.945,281.945,0.001,0.01,0.99,0.999,0.009,0.009,75067.45,1776583481000
1776583482.939,282.939,0.001,0.01,0.99,0.999,0.009,0.009,75067.45,1776583481000
1776583483.799,283.799,0.001,0.01,0.99,0.999,0.009,0.009,75065.85,1776583482000
1776583484.285,284.285,0.001,0.01,0.99,0.999,0.009,0.009,75066.49,1776583483000
1776583485.107,285.107,0.001,0.01,0.99,0.999,0.009,0.009,75066.49,1776583483000
1776583485.604,285.604,0.001,0.01,0.99,0.999,0.009,0.009,75065.39,1776583484000
1776583487.059,287.059,0.001,0.01,0.99,0.999,0.009,0.009,75058.87,1776583486000
1776583487.723,287.723,0.001,0.001,0.999,0.999,0.0,0.0,75058.87,1776583486000
1776583488.194,288.194,0.001,0.001,0.999,0.999,0.0,0.0,75058.88,1776583487000
1776583488.945,288.945,0.001,0.001,0.999,0.999,0.0,0.0,75057.86,1776583488000
1776583489.975,289.975,0.001,0.001,0.999,0.999,0.0,0.0,75058.84,1776583489000
1776583490.328,290.328,0.001,0.001,0.999,0.999,0.0,0.0,75058.84,1776583489000
1776583490.936,290.936,0.001,0.001,0.999,0.999,0.0,0.0,75058.68,1776583490000
1776583491.273,291.273,0.001,0.001,0.999,0.999,0.0,0.0,75058.68,1776583490000
1776583491.671,291.671,0.001,0.001,0.999,0.999,0.0,0.0,75058.68,1776583490000
1776583492.908,292.908,0.001,0.001,0.999,0.999,0.0,0.0,75049.41,1776583492000
1776583493.818,293.818,0.001,0.001,0.999,0.999,0.0,0.0,75039.97,1776583493000
1776583494.889,294.889,0.001,0.001,0.999,0.999,0.0,0.0,75029.86,1776583494000
1776583496.864,296.864,0.001,0.001,0.999,0.999,0.0,0.0,75028.44,1776583495000
1776583497.385,297.385,0.001,0.001,0.999,0.999,0.0,0.0,75028.44,1776583496000
1776583497.948,297.948,0.001,0.001,0.999,0.999,0.0,0.0,75028.4,1776583497000
1776583499.175,299.175,0.001,0.001,0.999,0.999,0.0,0.0,75028.25,1776583498000
1776583500.225,300.225,0.001,0.001,0.999,0.999,0.0,0.0,75029.1,1776583499000
1776583500.559,300.559,0.001,0.001,0.999,0.999,0.0,0.0,75029.1,1776583499000

# RESULT,winner=Down,slug=btc-updown-5m-1776583200,ticks=648
