timestamp,elapsed_sec,up_bid,up_ask,down_bid,down_ask,up_spread,down_spread,btc_price,btc_oracle_ts
1777028100.917,0.917,0.47,0.48,0.52,0.53,0.01,0.01,77729.67,1777028099000
1777028101.283,1.283,0.48,0.49,0.51,0.52,0.01,0.01,77729.67,1777028099000
1777028101.617,1.617,0.48,0.5,0.5,0.52,0.02,0.02,77729.82,1777028100000
1777028101.956,1.956,0.48,0.5,0.5,0.52,0.02,0.02,77729.82,1777028100000
1777028102.301,2.301,0.54,0.6,0.4,0.46,0.06,0.06,77729.82,1777028100000
1777028102.662,2.662,0.59,0.6,0.4,0.41,0.01,0.01,77729.76,1777028101000
1777028103.0,3.0,0.58,0.59,0.41,0.42,0.01,0.01,77729.76,1777028101000
1777028103.344,3.344,0.58,0.59,0.41,0.42,0.01,0.01,77729.66,1777028102000
1777028103.797,3.797,0.57,0.58,0.41,0.43,0.01,0.02,77729.66,1777028102000
1777028104.197,4.197,0.53,0.54,0.46,0.47,0.01,0.01,77729.66,1777028102000
1777028104.543,4.543,0.53,0.54,0.46,0.47,0.01,0.01,77738.18,1777028103000
1777028105.076,5.076,0.52,0.54,0.46,0.47,0.02,0.01,77738.18,1777028103000
1777028105.41,5.41,0.52,0.53,0.47,0.48,0.01,0.01,77738.18,1777028103000
1777028105.844,5.844,0.52,0.53,0.47,0.48,0.01,0.01,77737.41,1777028104000
1777028106.221,6.221,0.52,0.53,0.47,0.48,0.01,0.01,77737.41,1777028104000
1777028106.694,6.694,0.52,0.53,0.47,0.48,0.01,0.01,77736.59,1777028105000
1777028107.046,7.046,0.51,0.52,0.48,0.49,0.01,0.01,77736.59,1777028105000
1777028107.534,7.534,0.51,0.52,0.48,0.49,0.01,0.01,77736.59,1777028105000
1777028107.912,7.912,0.51,0.52,0.48,0.49,0.01,0.01,77735.81,1777028106000
1777028108.275,8.275,0.51,0.52,0.48,0.49,0.01,0.01,77735.81,1777028106000
1777028108.617,8.617,0.5,0.51,0.49,0.5,0.01,0.01,77735.61,1777028107000
1777028108.965,8.965,0.5,0.51,0.49,0.5,0.01,0.01,77735.61,1777028107000
1777028109.367,9.367,0.5,0.51,0.49,0.5,0.01,0.01,77735.61,1777028107000
1777028109.716,9.716,0.5,0.51,0.49,0.5,0.01,0.01,77736.1,1777028108000
1777028110.08,10.08,0.5,0.51,0.49,0.5,0.01,0.01,77736.1,1777028108000
1777028110.504,10.504,0.5,0.51,0.49,0.5,0.01,0.01,77736.15,1777028109000
1777028110.877,10.877,0.5,0.51,0.49,0.5,0.01,0.01,77736.15,1777028109000
1777028111.224,11.224,0.5,0.51,0.49,0.5,0.01,0.01,77736.03,1777028110000
1777028111.704,11.704,0.51,0.52,0.48,0.49,0.01,0.01,77736.03,1777028110000
1777028112.291,12.291,0.51,0.52,0.48,0.49,0.01,0.01,77735.38,1777028111000
1777028112.674,12.674,0.51,0.52,0.48,0.49,0.01,0.01,77735.38,1777028111000
1777028113.422,13.422,0.51,0.52,0.48,0.49,0.01,0.01,77735.38,1777028111000
1777028113.9,13.9,0.51,0.52,0.48,0.49,0.01,0.01,77735.39,1777028112000
1777028114.729,14.729,0.51,0.52,0.48,0.49,0.01,0.01,77735.39,1777028113000
1777028115.15,15.15,0.51,0.52,0.48,0.49,0.01,0.01,77735.39,1777028114000
1777028115.535,15.535,0.51,0.52,0.48,0.49,0.01,0.01,77735.39,1777028114000
1777028115.988,15.988,0.51,0.52,0.48,0.49,0.01,0.01,77735.39,1777028114000
1777028116.34,16.34,0.5,0.51,0.49,0.5,0.01,0.01,77735.65,1777028115000
1777028116.765,16.765,0.51,0.52,0.48,0.49,0.01,0.01,77735.65,1777028115000
1777028117.219,17.219,0.51,0.52,0.48,0.49,0.01,0.01,77735.7,1777028116000
1777028117.81,17.81,0.51,0.52,0.48,0.49,0.01,0.01,77735.7,1777028116000
1777028118.198,18.198,0.47,0.52,0.48,0.53,0.05,0.05,77733.25,1777028117000
1777028118.584,18.584,0.48,0.49,0.51,0.52,0.01,0.01,77733.25,1777028117000
1777028118.921,18.921,0.48,0.49,0.51,0.52,0.01,0.01,77733.25,1777028117000
1777028119.56,19.56,0.48,0.49,0.51,0.52,0.01,0.01,77734.53,1777028118000
1777028120.02,20.02,0.48,0.49,0.51,0.52,0.01,0.01,77734.53,1777028118000
1777028120.428,20.428,0.48,0.49,0.51,0.52,0.01,0.01,77733.88,1777028119000
1777028121.049,21.049,0.48,0.49,0.51,0.52,0.01,0.01,77733.88,1777028119000
1777028121.406,21.406,0.48,0.49,0.51,0.52,0.01,0.01,77732.01,1777028120000
1777028122.247,22.247,0.48,0.49,0.51,0.52,0.01,0.01,77732.06,1777028121000
1777028122.723,22.723,0.48,0.49,0.51,0.52,0.01,0.01,77732.06,1777028121000
1777028123.166,23.166,0.48,0.49,0.51,0.52,0.01,0.01,77732.06,1777028121000
1777028123.569,23.569,0.48,0.49,0.51,0.52,0.01,0.01,77731.58,1777028122000
1777028123.943,23.943,0.51,0.52,0.48,0.5,0.01,0.02,77731.58,1777028122000
1777028124.294,24.294,0.51,0.52,0.48,0.49,0.01,0.01,77731.64,1777028123000
1777028124.636,24.636,0.58,0.59,0.41,0.42,0.01,0.01,77731.64,1777028123000
1777028124.977,24.977,0.58,0.59,0.41,0.42,0.01,0.01,77731.64,1777028123000
1777028125.348,25.348,0.58,0.59,0.41,0.42,0.01,0.01,77732.65,1777028124000
1777028125.842,25.842,0.58,0.59,0.41,0.42,0.01,0.01,77732.65,1777028124000
1777028126.211,26.211,0.58,0.59,0.41,0.42,0.01,0.01,77732.65,1777028124000
1777028126.658,26.658,0.58,0.59,0.41,0.42,0.01,0.01,77732.65,1777028124000
1777028126.994,26.994,0.57,0.58,0.42,0.43,0.01,0.01,77741.4,1777028125000
1777028127.354,27.354,0.55,0.56,0.43,0.45,0.01,0.02,77742.09,1777028126000
1777028127.764,27.764,0.55,0.56,0.44,0.45,0.01,0.01,77742.09,1777028126000
1777028128.113,28.113,0.55,0.56,0.44,0.45,0.01,0.01,77742.09,1777028126000
1777028128.459,28.459,0.62,0.65,0.35,0.38,0.03,0.03,77742.09,1777028126000
1777028128.795,28.795,0.67,0.7,0.31,0.34,0.03,0.03,77742.59,1777028127000
1777028129.177,29.177,0.7,0.71,0.26,0.3,0.01,0.04,77741.4,1777028128000
1777028129.522,29.522,0.73,0.74,0.26,0.27,0.01,0.01,77741.4,1777028128000
1777028129.86,29.86,0.73,0.76,0.25,0.27,0.03,0.02,77741.4,1777028128000
1777028130.244,30.244,0.74,0.75,0.25,0.26,0.01,0.01,77752.36,1777028129000
1777028130.59,30.59,0.74,0.75,0.25,0.26,0.01,0.01,77752.36,1777028129000
1777028130.948,30.948,0.75,0.76,0.24,0.25,0.01,0.01,77752.36,1777028129000
1777028131.354,31.354,0.75,0.76,0.24,0.25,0.01,0.01,77764.11,1777028130000
1777028131.7,31.7,0.75,0.76,0.24,0.25,0.01,0.01,77764.11,1777028130000
1777028132.108,32.108,0.75,0.76,0.24,0.25,0.01,0.01,77764.11,1777028130000
1777028132.612,32.612,0.74,0.75,0.25,0.26,0.01,0.01,77765.47,1777028131000
1777028133.119,33.119,0.74,0.75,0.25,0.26,0.01,0.01,77765.47,1777028131000
1777028133.533,33.533,0.74,0.75,0.25,0.26,0.01,0.01,77764.75,1777028132000
1777028133.948,33.948,0.74,0.75,0.25,0.26,0.01,0.01,77764.41,1777028133000
1777028134.304,34.304,0.74,0.75,0.25,0.26,0.01,0.01,77764.41,1777028133000
1777028134.75,34.75,0.74,0.75,0.25,0.26,0.01,0.01,77764.41,1777028133000
1777028135.204,35.204,0.74,0.75,0.25,0.26,0.01,0.01,77763.92,1777028134000
1777028135.654,35.654,0.73,0.75,0.25,0.26,0.02,0.01,77763.92,1777028134000
1777028136.154,36.154,0.73,0.74,0.26,0.27,0.01,0.01,77763.92,1777028134000
1777028136.533,36.533,0.72,0.74,0.26,0.27,0.02,0.01,77763.92,1777028135000
1777028136.925,36.925,0.72,0.73,0.27,0.28,0.01,0.01,77763.92,1777028135000
1777028137.371,37.371,0.71,0.73,0.27,0.28,0.02,0.01,77763.92,1777028135000
1777028137.708,37.708,0.62,0.67,0.33,0.38,0.05,0.05,77763.96,1777028136000
1777028138.049,38.049,0.6,0.65,0.35,0.43,0.05,0.08,77763.96,1777028137000
1777028138.46,38.46,0.63,0.65,0.35,0.37,0.02,0.02,77763.96,1777028137000
1777028138.795,38.795,0.66,0.68,0.32,0.34,0.02,0.02,77763.96,1777028137000
1777028139.169,39.169,0.67,0.68,0.32,0.33,0.01,0.01,77762.63,1777028138000
1777028139.508,39.508,0.69,0.7,0.3,0.31,0.01,0.01,77762.63,1777028138000
1777028139.896,39.896,0.7,0.73,0.27,0.31,0.03,0.04,77762.63,1777028138000
1777028140.297,40.297,0.72,0.73,0.27,0.28,0.01,0.01,77763.46,1777028139000
1777028140.653,40.653,0.72,0.73,0.27,0.28,0.01,0.01,77763.46,1777028139000
1777028140.991,40.991,0.72,0.73,0.27,0.28,0.01,0.01,77763.46,1777028139000
1777028141.338,41.338,0.71,0.72,0.27,0.29,0.01,0.02,77773.78,1777028140000
1777028141.827,41.827,0.71,0.72,0.28,0.29,0.01,0.01,77773.78,1777028140000
1777028142.17,42.17,0.71,0.72,0.28,0.29,0.01,0.01,77773.78,1777028140000
1777028142.556,42.556,0.71,0.72,0.28,0.29,0.01,0.01,77770.49,1777028141000
1777028142.93,42.93,0.71,0.72,0.28,0.29,0.01,0.01,77770.49,1777028141000
1777028143.357,43.357,0.71,0.72,0.28,0.29,0.01,0.01,77770.49,1777028142000
1777028143.703,43.703,0.71,0.72,0.28,0.29,0.01,0.01,77770.49,1777028142000
1777028144.111,44.111,0.71,0.72,0.28,0.29,0.01,0.01,77766.56,1777028143000
1777028144.486,44.486,0.71,0.72,0.28,0.29,0.01,0.01,77766.56,1777028143000
1777028144.889,44.889,0.71,0.72,0.28,0.29,0.01,0.01,77766.56,1777028143000
1777028145.277,45.277,0.71,0.72,0.28,0.29,0.01,0.01,77766.69,1777028144000
1777028145.619,45.619,0.71,0.72,0.28,0.29,0.01,0.01,77766.69,1777028144000
1777028145.983,45.983,0.71,0.72,0.28,0.29,0.01,0.01,77766.69,1777028144000
1777028146.659,46.659,0.71,0.72,0.28,0.29,0.01,0.01,77766.69,1777028144000
1777028147.274,47.274,0.7,0.72,0.28,0.29,0.02,0.01,77767.12,1777028145000
1777028147.763,47.763,0.7,0.71,0.28,0.3,0.01,0.02,77769.54,1777028146000
1777028148.262,48.262,0.7,0.71,0.29,0.3,0.01,0.01,77771.16,1777028147000
1777028148.73,48.73,0.7,0.71,0.29,0.3,0.01,0.01,77771.16,1777028147000
1777028149.212,49.212,0.7,0.71,0.29,0.3,0.01,0.01,77771.16,1777028147000
1777028149.609,49.609,0.7,0.71,0.29,0.3,0.01,0.01,77768.18,1777028148000
1777028150.035,50.035,0.7,0.71,0.29,0.3,0.01,0.01,77768.18,1777028148000
1777028150.378,50.378,0.7,0.71,0.29,0.3,0.01,0.01,77768.18,1777028148000
1777028150.898,50.898,0.7,0.71,0.29,0.3,0.01,0.01,77768.18,1777028149000
1777028151.307,51.307,0.7,0.71,0.29,0.3,0.01,0.01,77768.18,1777028150000
1777028151.95,51.95,0.7,0.71,0.29,0.3,0.01,0.01,77768.18,1777028150000
1777028152.529,52.529,0.7,0.71,0.29,0.3,0.01,0.01,77767.94,1777028151000
1777028152.938,52.938,0.7,0.71,0.29,0.3,0.01,0.01,77767.94,1777028151000
1777028153.311,53.311,0.7,0.71,0.29,0.3,0.01,0.01,77767.94,1777028151000
1777028154.13,54.13,0.7,0.71,0.29,0.3,0.01,0.01,77767.94,1777028151000
1777028154.559,54.559,0.7,0.71,0.29,0.3,0.01,0.01,77767.86,1777028152000
1777028154.959,54.959,0.7,0.71,0.29,0.3,0.01,0.01,77767.86,1777028153000
1777028155.368,55.368,0.7,0.71,0.29,0.3,0.01,0.01,77767.86,1777028153000
1777028155.965,55.965,0.7,0.71,0.29,0.3,0.01,0.01,77769.33,1777028154000
1777028156.392,56.392,0.7,0.71,0.29,0.3,0.01,0.01,77768.64,1777028155000
1777028157.134,57.134,0.7,0.71,0.29,0.3,0.01,0.01,77768.64,1777028155000
1777028157.579,57.579,0.7,0.71,0.29,0.3,0.01,0.01,77768.64,1777028155000
1777028157.961,57.961,0.71,0.72,0.28,0.29,0.01,0.01,77767.87,1777028156000
1777028158.356,58.356,0.71,0.72,0.28,0.29,0.01,0.01,77767.87,1777028156000
1777028158.751,58.751,0.71,0.72,0.28,0.29,0.01,0.01,77767.87,1777028157000
1777028159.471,59.471,0.71,0.72,0.28,0.29,0.01,0.01,77767.87,1777028158000
1777028159.808,59.808,0.77,0.8,0.2,0.23,0.03,0.03,77767.87,1777028158000
1777028160.187,60.187,0.79,0.8,0.2,0.21,0.01,0.01,77767.87,1777028158000
1777028160.525,60.525,0.79,0.8,0.2,0.21,0.01,0.01,77768.59,1777028159000
1777028160.894,60.894,0.79,0.8,0.2,0.21,0.01,0.01,77768.59,1777028159000
1777028161.312,61.312,0.79,0.8,0.2,0.21,0.01,0.01,77770.48,1777028160000
1777028161.687,61.687,0.79,0.8,0.2,0.21,0.01,0.01,77770.48,1777028160000
1777028162.178,62.178,0.79,0.8,0.2,0.21,0.01,0.01,77783.51,1777028161000
1777028162.558,62.558,0.78,0.79,0.21,0.22,0.01,0.01,77783.51,1777028161000
1777028163.323,63.323,0.78,0.79,0.21,0.22,0.01,0.01,77782.9,1777028162000
1777028163.671,63.671,0.78,0.79,0.21,0.22,0.01,0.01,77782.9,1777028162000
1777028164.054,64.054,0.78,0.79,0.21,0.22,0.01,0.01,77782.07,1777028163000
1777028164.565,64.565,0.78,0.79,0.21,0.22,0.01,0.01,77782.07,1777028163000
1777028164.97,64.97,0.78,0.79,0.21,0.22,0.01,0.01,77782.07,1777028163000
1777028165.519,65.519,0.78,0.79,0.21,0.22,0.01,0.01,77782.05,1777028164000
1777028165.884,65.884,0.82,0.85,0.15,0.18,0.03,0.03,77782.05,1777028164000
1777028166.236,66.236,0.84,0.86,0.14,0.16,0.02,0.02,77782.05,1777028164000
1777028166.604,66.604,0.85,0.86,0.14,0.15,0.01,0.01,77782.58,1777028165000
1777028167.008,67.008,0.85,0.86,0.14,0.15,0.01,0.01,77782.58,1777028165000
1777028167.348,67.348,0.85,0.86,0.14,0.15,0.01,0.01,77790.76,1777028166000
1777028167.905,67.905,0.86,0.87,0.13,0.15,0.01,0.02,77790.76,1777028166000
1777028168.384,68.384,0.86,0.87,0.13,0.14,0.01,0.01,77798.96,1777028167000
1777028168.734,68.734,0.85,0.87,0.13,0.14,0.02,0.01,77798.96,1777028167000
1777028169.233,69.233,0.84,0.85,0.15,0.16,0.01,0.01,77798.94,1777028168000
1777028169.603,69.603,0.84,0.85,0.15,0.16,0.01,0.01,77798.94,1777028168000
1777028170.041,70.041,0.84,0.85,0.15,0.16,0.01,0.01,77798.94,1777028168000
1777028170.445,70.445,0.84,0.85,0.15,0.16,0.01,0.01,77798.94,1777028168000
1777028170.789,70.789,0.84,0.85,0.15,0.16,0.01,0.01,77798.94,1777028168000
1777028171.123,71.123,0.84,0.85,0.15,0.16,0.01,0.01,77798.94,1777028168000
1777028171.463,71.463,0.84,0.85,0.15,0.16,0.01,0.01,77798.94,1777028168000
1777028172.079,72.079,0.84,0.85,0.15,0.16,0.01,0.01,77798.94,1777028168000
1777028172.417,72.417,0.84,0.85,0.15,0.16,0.01,0.01,77798.94,1777028168000
1777028172.803,72.803,0.85,0.86,0.14,0.15,0.01,0.01,77798.94,1777028168000
1777028173.447,73.447,0.85,0.86,0.14,0.15,0.01,0.01,77798.94,1777028168000
1777028173.813,73.813,0.85,0.86,0.14,0.15,0.01,0.01,77798.94,1777028168000
1777028174.298,74.298,0.85,0.86,0.14,0.15,0.01,0.01,77798.94,1777028168000
1777028174.677,74.677,0.85,0.86,0.14,0.15,0.01,0.01,77798.94,1777028168000
1777028175.126,75.126,0.85,0.86,0.14,0.15,0.01,0.01,77798.94,1777028168000
1777028176.086,76.086,0.84,0.86,0.14,0.15,0.02,0.01,77798.94,1777028168000
1777028176.42,76.42,0.76,0.8,0.2,0.23,0.04,0.03,77798.94,1777028168000
1777028176.759,76.759,0.78,0.79,0.21,0.22,0.01,0.01,77798.94,1777028168000
1777028177.312,77.312,0.78,0.79,0.21,0.22,0.01,0.01,77798.44,1777028176000
1777028177.696,77.696,0.78,0.79,0.21,0.22,0.01,0.01,77798.44,1777028176000
1777028178.031,78.031,0.78,0.79,0.21,0.22,0.01,0.01,77798.44,1777028176000
1777028178.442,78.442,0.78,0.79,0.21,0.22,0.01,0.01,77788.13,1777028177000
1777028179.086,79.086,0.78,0.79,0.21,0.22,0.01,0.01,77788.13,1777028177000
1777028179.487,79.487,0.78,0.79,0.21,0.22,0.01,0.01,77787.92,1777028178000
1777028179.952,79.952,0.78,0.79,0.21,0.22,0.01,0.01,77787.92,1777028178000
1777028180.397,80.397,0.78,0.79,0.21,0.22,0.01,0.01,77787.26,1777028179000
1777028180.911,80.911,0.78,0.79,0.21,0.22,0.01,0.01,77787.26,1777028179000
1777028181.266,81.266,0.78,0.79,0.21,0.22,0.01,0.01,77787.31,1777028180000
1777028181.883,81.883,0.79,0.8,0.2,0.22,0.01,0.02,77787.31,1777028180000
1777028182.219,82.219,0.79,0.8,0.2,0.21,0.01,0.01,77786.74,1777028181000
1777028182.8,82.8,0.79,0.8,0.2,0.21,0.01,0.01,77786.74,1777028181000
1777028183.166,83.166,0.79,0.8,0.2,0.21,0.01,0.01,77786.05,1777028182000
1777028183.546,83.546,0.79,0.8,0.2,0.21,0.01,0.01,77786.05,1777028182000
1777028183.908,83.908,0.79,0.8,0.2,0.21,0.01,0.01,77786.05,1777028182000
1777028184.277,84.277,0.79,0.8,0.2,0.21,0.01,0.01,77785.87,1777028183000
1777028184.999,84.999,0.79,0.8,0.2,0.21,0.01,0.01,77785.87,1777028183000
1777028185.533,85.533,0.79,0.8,0.2,0.21,0.01,0.01,77785.35,1777028184000
1777028185.938,85.938,0.79,0.8,0.2,0.21,0.01,0.01,77785.35,1777028184000
1777028186.298,86.298,0.79,0.8,0.2,0.21,0.01,0.01,77783.88,1777028185000
1777028186.721,86.721,0.79,0.8,0.2,0.21,0.01,0.01,77783.88,1777028185000
1777028187.134,87.134,0.79,0.8,0.2,0.21,0.01,0.01,77783.92,1777028186000
1777028187.842,87.842,0.8,0.81,0.19,0.2,0.01,0.01,77783.92,1777028186000
1777028188.245,88.245,0.8,0.81,0.19,0.2,0.01,0.01,77783.92,1777028187000
1777028188.668,88.668,0.8,0.81,0.19,0.2,0.01,0.01,77783.92,1777028187000
1777028189.034,89.034,0.8,0.81,0.19,0.2,0.01,0.01,77783.81,1777028188000
1777028189.494,89.494,0.8,0.81,0.19,0.2,0.01,0.01,77783.81,1777028188000
1777028189.835,89.835,0.8,0.81,0.19,0.2,0.01,0.01,77783.81,1777028188000
1777028190.509,90.509,0.8,0.81,0.19,0.2,0.01,0.01,77783.98,1777028189000
1777028190.917,90.917,0.72,0.73,0.27,0.28,0.01,0.01,77783.98,1777028189000
1777028191.311,91.311,0.72,0.73,0.27,0.28,0.01,0.01,77784.3,1777028190000
1777028191.777,91.777,0.75,0.76,0.24,0.25,0.01,0.01,77784.3,1777028190000
1777028192.276,92.276,0.76,0.77,0.23,0.25,0.01,0.02,77778.48,1777028191000
1777028192.619,92.619,0.77,0.78,0.23,0.24,0.01,0.01,77778.48,1777028191000
1777028193.143,93.143,0.79,0.8,0.2,0.22,0.01,0.02,77773.28,1777028192000
1777028193.528,93.528,0.79,0.8,0.2,0.21,0.01,0.01,77773.28,1777028192000
1777028194.828,94.828,0.79,0.81,0.19,0.21,0.02,0.02,77783.58,1777028194000
1777028195.415,95.415,0.79,0.81,0.19,0.21,0.02,0.02,77783.58,1777028194000
1777028195.889,95.889,0.79,0.81,0.19,0.21,0.02,0.02,77783.58,1777028194000
1777028196.283,96.283,0.79,0.82,0.18,0.21,0.03,0.03,77783.58,1777028194000
1777028196.697,96.697,0.8,0.81,0.19,0.2,0.01,0.01,77784.07,1777028195000
1777028197.238,97.238,0.8,0.81,0.19,0.2,0.01,0.01,77784.08,1777028196000
1777028198.134,98.134,0.81,0.82,0.18,0.19,0.01,0.01,77784.08,1777028196000
1777028198.715,98.715,0.81,0.82,0.18,0.19,0.01,0.01,77784.08,1777028196000
1777028199.268,99.268,0.81,0.82,0.18,0.19,0.01,0.01,77783.18,1777028197000
1777028199.625,99.625,0.81,0.82,0.18,0.19,0.01,0.01,77783.18,1777028198000
1777028200.027,100.027,0.81,0.82,0.18,0.19,0.01,0.01,77783.18,1777028199000
1777028200.858,100.858,0.81,0.82,0.18,0.19,0.01,0.01,77783.18,1777028199000
1777028201.298,101.298,0.79,0.8,0.18,0.23,0.01,0.05,77783.19,1777028200000
1777028201.723,101.723,0.77,0.78,0.22,0.23,0.01,0.01,77783.19,1777028200000
1777028202.126,102.126,0.77,0.78,0.22,0.23,0.01,0.01,77781.61,1777028201000
1777028202.494,102.494,0.77,0.78,0.22,0.23,0.01,0.01,77781.61,1777028201000
1777028202.833,102.833,0.77,0.78,0.22,0.23,0.01,0.01,77781.61,1777028201000
1777028203.214,103.214,0.77,0.78,0.22,0.23,0.01,0.01,77780.24,1777028202000
1777028203.669,103.669,0.77,0.78,0.22,0.23,0.01,0.01,77780.24,1777028202000
1777028204.305,104.305,0.77,0.78,0.22,0.23,0.01,0.01,77777.85,1777028203000
1777028204.657,104.657,0.77,0.78,0.22,0.23,0.01,0.01,77777.85,1777028203000
1777028205.018,105.018,0.75,0.76,0.24,0.25,0.01,0.01,77777.85,1777028203000
1777028205.369,105.369,0.75,0.76,0.24,0.25,0.01,0.01,77777.83,1777028204000
1777028205.938,105.938,0.75,0.76,0.24,0.25,0.01,0.01,77777.83,1777028205000
1777028206.336,106.336,0.75,0.76,0.24,0.25,0.01,0.01,77777.83,1777028205000
1777028206.716,106.716,0.75,0.76,0.24,0.25,0.01,0.01,77777.83,1777028205000
1777028207.09,107.09,0.75,0.76,0.24,0.25,0.01,0.01,77777.83,1777028205000
1777028207.466,107.466,0.75,0.76,0.24,0.25,0.01,0.01,77776.97,1777028206000
1777028207.926,107.926,0.75,0.76,0.24,0.25,0.01,0.01,77776.97,1777028206000
1777028208.279,108.279,0.75,0.76,0.24,0.25,0.01,0.01,77775.09,1777028207000
1777028208.718,108.718,0.75,0.77,0.24,0.25,0.02,0.01,77775.09,1777028207000
1777028209.09,109.09,0.76,0.77,0.23,0.24,0.01,0.01,77774.58,1777028208000
1777028209.542,109.542,0.76,0.77,0.23,0.24,0.01,0.01,77774.58,1777028208000
1777028209.93,109.93,0.76,0.77,0.23,0.24,0.01,0.01,77774.58,1777028208000
1777028210.387,110.387,0.76,0.77,0.23,0.24,0.01,0.01,77774.38,1777028209000
1777028210.834,110.834,0.76,0.77,0.23,0.24,0.01,0.01,77774.38,1777028209000
1777028211.299,111.299,0.76,0.77,0.23,0.24,0.01,0.01,77774.38,1777028210000
1777028211.947,111.947,0.76,0.77,0.23,0.24,0.01,0.01,77774.38,1777028210000
1777028212.48,112.48,0.76,0.77,0.23,0.24,0.01,0.01,77774.99,1777028211000
1777028212.851,112.851,0.76,0.77,0.23,0.24,0.01,0.01,77774.99,1777028211000
1777028213.365,113.365,0.76,0.77,0.23,0.24,0.01,0.01,77774.98,1777028212000
1777028213.733,113.733,0.76,0.77,0.23,0.24,0.01,0.01,77774.98,1777028212000
1777028214.124,114.124,0.76,0.77,0.23,0.24,0.01,0.01,77774.98,1777028213000
1777028214.48,114.48,0.76,0.77,0.23,0.24,0.01,0.01,77774.98,1777028213000
1777028214.971,114.971,0.76,0.77,0.23,0.24,0.01,0.01,77774.98,1777028213000
1777028215.613,115.613,0.76,0.77,0.23,0.24,0.01,0.01,77775.01,1777028214000
1777028215.97,115.97,0.76,0.77,0.23,0.24,0.01,0.01,77775.01,1777028214000
1777028216.556,116.556,0.76,0.77,0.23,0.24,0.01,0.01,77773.56,1777028215000
1777028217.095,117.095,0.76,0.77,0.23,0.24,0.01,0.01,77773.56,1777028215000
1777028218.162,118.162,0.76,0.77,0.23,0.24,0.01,0.01,77773.36,1777028216000
1777028219.113,119.113,0.76,0.77,0.23,0.24,0.01,0.01,77773.36,1777028217000
1777028219.877,119.877,0.76,0.77,0.23,0.24,0.01,0.01,77773.36,1777028218000
1777028220.256,120.256,0.76,0.77,0.23,0.24,0.01,0.01,77773.51,1777028219000
1777028220.642,120.642,0.76,0.77,0.23,0.24,0.01,0.01,77773.51,1777028219000
1777028220.991,120.991,0.76,0.77,0.23,0.24,0.01,0.01,77773.51,1777028219000
1777028221.456,121.456,0.76,0.78,0.23,0.24,0.02,0.01,77772.83,1777028220000
1777028221.87,121.87,0.77,0.78,0.22,0.24,0.01,0.02,77772.83,1777028220000
1777028222.24,122.24,0.77,0.78,0.22,0.23,0.01,0.01,77772.83,1777028220000
1777028222.91,122.91,0.77,0.78,0.22,0.23,0.01,0.01,77772.37,1777028221000
1777028223.317,123.317,0.77,0.79,0.21,0.23,0.02,0.02,77772.37,1777028221000
1777028223.671,123.671,0.78,0.79,0.21,0.22,0.01,0.01,77772.37,1777028222000
1777028224.054,124.054,0.78,0.79,0.21,0.22,0.01,0.01,77772.37,1777028222000
1777028224.704,124.704,0.78,0.79,0.21,0.22,0.01,0.01,77773.28,1777028223000
1777028225.315,125.315,0.78,0.81,0.21,0.22,0.03,0.01,77773.28,1777028223000
1777028225.698,125.698,0.83,0.84,0.16,0.17,0.01,0.01,77773.28,1777028223000
1777028226.142,126.142,0.83,0.84,0.16,0.17,0.01,0.01,77775.36,1777028224000
1777028226.51,126.51,0.83,0.84,0.16,0.17,0.01,0.01,77775.36,1777028225000
1777028226.858,126.858,0.84,0.85,0.15,0.16,0.01,0.01,77775.36,1777028225000
1777028227.259,127.259,0.84,0.85,0.15,0.16,0.01,0.01,77775.36,1777028225000
1777028227.895,127.895,0.84,0.85,0.15,0.16,0.01,0.01,77778.81,1777028226000
1777028228.238,128.238,0.84,0.85,0.15,0.16,0.01,0.01,77782.04,1777028227000
1777028228.655,128.655,0.84,0.85,0.15,0.16,0.01,0.01,77782.04,1777028227000
1777028229.0,129.0,0.84,0.85,0.15,0.16,0.01,0.01,77782.04,1777028227000
1777028229.664,129.664,0.84,0.85,0.15,0.16,0.01,0.01,77783.26,1777028228000
1777028230.009,130.009,0.84,0.85,0.15,0.16,0.01,0.01,77783.26,1777028228000
1777028230.435,130.435,0.84,0.85,0.15,0.16,0.01,0.01,77783.26,1777028229000
1777028230.775,130.775,0.84,0.85,0.15,0.16,0.01,0.01,77783.26,1777028229000
1777028231.132,131.132,0.84,0.85,0.15,0.16,0.01,0.01,77783.26,1777028229000
1777028231.685,131.685,0.83,0.85,0.15,0.16,0.02,0.01,77784.14,1777028230000
1777028232.09,132.09,0.8,0.81,0.19,0.21,0.01,0.02,77784.14,1777028230000
1777028232.439,132.439,0.8,0.81,0.19,0.2,0.01,0.01,77784.12,1777028231000
1777028232.976,132.976,0.8,0.81,0.19,0.2,0.01,0.01,77784.12,1777028231000
1777028233.93,133.93,0.8,0.81,0.19,0.2,0.01,0.01,77784.12,1777028232000
1777028234.741,134.741,0.8,0.81,0.19,0.2,0.01,0.01,77778.09,1777028233000
1777028235.13,135.13,0.8,0.81,0.19,0.2,0.01,0.01,77778.09,1777028233000
1777028235.926,135.926,0.8,0.81,0.19,0.2,0.01,0.01,77775.62,1777028234000
1777028236.948,136.948,0.8,0.81,0.19,0.2,0.01,0.01,77775.55,1777028235000
1777028237.629,137.629,0.8,0.81,0.19,0.2,0.01,0.01,77775.55,1777028236000
1777028238.19,138.19,0.8,0.81,0.19,0.2,0.01,0.01,77775.27,1777028237000
1777028238.551,138.551,0.8,0.81,0.19,0.2,0.01,0.01,77775.27,1777028237000
1777028238.91,138.91,0.8,0.81,0.19,0.2,0.01,0.01,77775.27,1777028237000
1777028239.632,139.632,0.8,0.81,0.19,0.2,0.01,0.01,77775.27,1777028238000
1777028240.179,140.179,0.8,0.81,0.19,0.2,0.01,0.01,77775.25,1777028239000
1777028241.113,141.113,0.8,0.81,0.19,0.2,0.01,0.01,77775.25,1777028239000
1777028241.677,141.677,0.8,0.81,0.19,0.2,0.01,0.01,77775.11,1777028240000
1777028242.131,142.131,0.8,0.81,0.19,0.2,0.01,0.01,77775.11,1777028240000
1777028242.537,142.537,0.8,0.81,0.19,0.2,0.01,0.01,77775.23,1777028241000
1777028242.981,142.981,0.8,0.81,0.19,0.2,0.01,0.01,77775.23,1777028241000
1777028243.344,143.344,0.8,0.81,0.19,0.2,0.01,0.01,77775.23,1777028242000
1777028244.111,144.111,0.8,0.81,0.19,0.2,0.01,0.01,77775.06,1777028243000
1777028244.466,144.466,0.8,0.81,0.19,0.2,0.01,0.01,77775.06,1777028243000
1777028245.155,145.155,0.8,0.81,0.19,0.2,0.01,0.01,77774.86,1777028244000
1777028245.55,145.55,0.8,0.81,0.19,0.2,0.01,0.01,77774.86,1777028244000
1777028246.103,146.103,0.84,0.85,0.14,0.16,0.01,0.02,77774.86,1777028244000
1777028246.841,146.841,0.84,0.85,0.15,0.16,0.01,0.01,77774.4,1777028245000
1777028247.405,147.405,0.84,0.85,0.15,0.16,0.01,0.01,77774.4,1777028245000
1777028247.856,147.856,0.84,0.85,0.15,0.16,0.01,0.01,77777.36,1777028246000
1777028248.295,148.295,0.84,0.85,0.15,0.16,0.01,0.01,77777.37,1777028247000
1777028248.751,148.751,0.84,0.85,0.15,0.16,0.01,0.01,77777.37,1777028247000
1777028249.316,149.316,0.84,0.85,0.15,0.16,0.01,0.01,77779.13,1777028248000
1777028249.801,149.801,0.89,0.9,0.1,0.11,0.01,0.01,77779.13,1777028248000
1777028250.154,150.154,0.9,0.91,0.09,0.11,0.01,0.02,77779.13,1777028248000
1777028250.495,150.495,0.9,0.91,0.09,0.1,0.01,0.01,77778.94,1777028249000
1777028250.93,150.93,0.9,0.91,0.09,0.1,0.01,0.01,77778.94,1777028249000
1777028251.271,151.271,0.9,0.91,0.09,0.1,0.01,0.01,77778.94,1777028249000
1777028251.775,151.775,0.9,0.91,0.09,0.1,0.01,0.01,77788.43,1777028250000
1777028252.229,152.229,0.9,0.91,0.09,0.1,0.01,0.01,77788.43,1777028250000
1777028252.65,152.65,0.9,0.91,0.09,0.1,0.01,0.01,77791.3,1777028251000
1777028253.118,153.118,0.9,0.91,0.09,0.1,0.01,0.01,77791.3,1777028251000
1777028253.519,153.519,0.9,0.91,0.09,0.1,0.01,0.01,77791.3,1777028251000
1777028253.859,153.859,0.9,0.91,0.09,0.1,0.01,0.01,77792.75,1777028252000
1777028254.194,154.194,0.85,0.86,0.14,0.15,0.01,0.01,77790.15,1777028253000
1777028254.622,154.622,0.85,0.86,0.14,0.15,0.01,0.01,77790.15,1777028253000
1777028255.024,155.024,0.85,0.86,0.14,0.15,0.01,0.01,77790.15,1777028253000
1777028255.359,155.359,0.85,0.86,0.14,0.15,0.01,0.01,77790.15,1777028253000
1777028255.983,155.983,0.85,0.86,0.14,0.15,0.01,0.01,77787.68,1777028254000
1777028256.351,156.351,0.85,0.86,0.14,0.15,0.01,0.01,77783.98,1777028255000
1777028256.836,156.836,0.85,0.87,0.14,0.15,0.02,0.01,77783.98,1777028255000
1777028257.299,157.299,0.85,0.86,0.14,0.15,0.01,0.01,77783.98,1777028255000
1777028257.643,157.643,0.85,0.86,0.09,0.15,0.01,0.06,77783.35,1777028256000
1777028257.99,157.99,0.9,0.91,0.09,0.1,0.01,0.01,77783.35,1777028256000
1777028258.406,158.406,0.89,0.9,0.1,0.11,0.01,0.01,77783.08,1777028257000
1777028258.778,158.778,0.87,0.88,0.12,0.13,0.01,0.01,77783.08,1777028257000
1777028259.147,159.147,0.87,0.88,0.12,0.13,0.01,0.01,77783.08,1777028257000
1777028259.521,159.521,0.87,0.88,0.12,0.13,0.01,0.01,77782.39,1777028258000
1777028259.983,159.983,0.87,0.88,0.12,0.13,0.01,0.01,77782.39,1777028258000
1777028260.397,160.397,0.87,0.88,0.12,0.13,0.01,0.01,77782.39,1777028258000
1777028260.768,160.768,0.87,0.88,0.12,0.13,0.01,0.01,77784.86,1777028259000
1777028261.111,161.111,0.86,0.87,0.13,0.14,0.01,0.01,77784.86,1777028259000
1777028262.402,162.402,0.86,0.87,0.13,0.14,0.01,0.01,77784.11,1777028261000
1777028262.952,162.952,0.85,0.87,0.13,0.14,0.02,0.01,77784.11,1777028261000
1777028263.292,163.292,0.86,0.87,0.13,0.14,0.01,0.01,77783.93,1777028262000
1777028263.635,163.635,0.86,0.87,0.13,0.14,0.01,0.01,77783.93,1777028262000
1777028263.971,163.971,0.86,0.87,0.13,0.14,0.01,0.01,77783.93,1777028262000
1777028264.752,164.752,0.86,0.87,0.13,0.14,0.01,0.01,77780.61,1777028263000
1777028265.175,165.175,0.86,0.87,0.13,0.14,0.01,0.01,77780.61,1777028263000
1777028265.515,165.515,0.86,0.87,0.13,0.14,0.01,0.01,77780.24,1777028264000
1777028265.948,165.948,0.86,0.87,0.13,0.14,0.01,0.01,77779.57,1777028265000
1777028266.713,166.713,0.86,0.87,0.13,0.14,0.01,0.01,77779.57,1777028265000
1777028267.096,167.096,0.86,0.87,0.13,0.14,0.01,0.01,77779.12,1777028266000
1777028267.643,167.643,0.86,0.87,0.13,0.14,0.01,0.01,77779.12,1777028266000
1777028268.218,168.218,0.86,0.87,0.13,0.14,0.01,0.01,77779.12,1777028266000
1777028268.598,168.598,0.86,0.87,0.13,0.14,0.01,0.01,77779.08,1777028267000
1777028269.308,169.308,0.86,0.87,0.13,0.14,0.01,0.01,77779.08,1777028267000
1777028269.701,169.701,0.85,0.86,0.14,0.15,0.01,0.01,77779.08,1777028267000
1777028270.262,170.262,0.85,0.86,0.14,0.15,0.01,0.01,77777.93,1777028268000
1777028270.734,170.734,0.85,0.86,0.14,0.15,0.01,0.01,77777.93,1777028268000
1777028271.197,171.197,0.85,0.86,0.14,0.15,0.01,0.01,77777.93,1777028269000
1777028271.575,171.575,0.85,0.86,0.14,0.15,0.01,0.01,77777.93,1777028269000
1777028271.912,171.912,0.85,0.86,0.14,0.15,0.01,0.01,77774.47,1777028270000
1777028272.342,172.342,0.84,0.86,0.14,0.15,0.02,0.01,77774.47,1777028270000
1777028272.817,172.817,0.84,0.85,0.15,0.16,0.01,0.01,77773.71,1777028271000
1777028273.242,173.242,0.83,0.84,0.15,0.17,0.01,0.02,77773.71,1777028271000
1777028273.618,173.618,0.83,0.84,0.16,0.17,0.01,0.01,77773.71,1777028271000
1777028274.336,174.336,0.83,0.84,0.16,0.17,0.01,0.01,77772.99,1777028273000
1777028274.748,174.748,0.83,0.84,0.16,0.17,0.01,0.01,77772.99,1777028273000
1777028275.115,175.115,0.8,0.81,0.16,0.2,0.01,0.04,77772.99,1777028273000
1777028275.468,175.468,0.8,0.81,0.19,0.2,0.01,0.01,77772.99,1777028274000
1777028275.852,175.852,0.8,0.81,0.19,0.2,0.01,0.01,77772.99,1777028274000
1777028276.201,176.201,0.8,0.81,0.19,0.2,0.01,0.01,77772.99,1777028274000
1777028276.725,176.725,0.8,0.81,0.19,0.2,0.01,0.01,77772.99,1777028274000
1777028277.52,177.52,0.8,0.81,0.19,0.2,0.01,0.01,77770.97,1777028275000
1777028277.993,177.993,0.8,0.81,0.19,0.2,0.01,0.01,77767.45,1777028276000
1777028278.708,178.708,0.8,0.81,0.19,0.2,0.01,0.01,77766.02,1777028277000
1777028279.382,179.382,0.8,0.81,0.19,0.2,0.01,0.01,77766.02,1777028277000
1777028279.798,179.798,0.8,0.81,0.19,0.2,0.01,0.01,77766.02,1777028277000
1777028280.259,180.259,0.8,0.81,0.19,0.2,0.01,0.01,77765.56,1777028278000
1777028280.605,180.605,0.8,0.81,0.19,0.2,0.01,0.01,77765.56,1777028278000
1777028281.128,181.128,0.8,0.81,0.19,0.2,0.01,0.01,77764.94,1777028279000
1777028281.49,181.49,0.8,0.81,0.19,0.2,0.01,0.01,77764.94,1777028279000
1777028281.844,181.844,0.8,0.81,0.19,0.2,0.01,0.01,77765.3,1777028280000
1777028282.337,182.337,0.8,0.81,0.19,0.2,0.01,0.01,77765.3,1777028280000
1777028283.23,183.23,0.8,0.81,0.19,0.2,0.01,0.01,77763.89,1777028282000
1777028283.643,183.643,0.8,0.81,0.19,0.2,0.01,0.01,77763.89,1777028282000
1777028284.14,184.14,0.8,0.81,0.19,0.2,0.01,0.01,77763.89,1777028282000
1777028284.511,184.511,0.8,0.81,0.19,0.2,0.01,0.01,77763.89,1777028282000
1777028284.851,184.851,0.8,0.81,0.19,0.2,0.01,0.01,77763.85,1777028283000
1777028285.193,185.193,0.8,0.81,0.19,0.2,0.01,0.01,77763.85,1777028283000
1777028285.726,185.726,0.8,0.81,0.19,0.2,0.01,0.01,77763.84,1777028284000
1777028286.443,186.443,0.8,0.81,0.19,0.2,0.01,0.01,77764.94,1777028285000
1777028287.203,187.203,0.8,0.81,0.19,0.2,0.01,0.01,77764.96,1777028286000
1777028288.045,188.045,0.8,0.82,0.18,0.2,0.02,0.02,77764.96,1777028286000
1777028288.511,188.511,0.81,0.82,0.18,0.2,0.01,0.02,77764.96,1777028286000
1777028289.186,189.186,0.81,0.82,0.18,0.19,0.01,0.01,77765.08,1777028287000
1777028290.04,190.04,0.81,0.82,0.18,0.19,0.01,0.01,77765.0,1777028288000
1777028290.539,190.539,0.81,0.82,0.18,0.19,0.01,0.01,77765.0,1777028289000
1777028291.255,191.255,0.81,0.82,0.18,0.19,0.01,0.01,77765.0,1777028289000
1777028291.607,191.607,0.81,0.82,0.18,0.19,0.01,0.01,77764.95,1777028290000
1777028292.224,192.224,0.81,0.82,0.18,0.19,0.01,0.01,77764.95,1777028291000
1777028292.565,192.565,0.81,0.82,0.18,0.19,0.01,0.01,77764.95,1777028291000
1777028293.333,193.333,0.81,0.82,0.18,0.19,0.01,0.01,77764.8,1777028292000
1777028293.921,193.921,0.81,0.82,0.18,0.19,0.01,0.01,77764.78,1777028293000
1777028294.718,194.718,0.81,0.82,0.18,0.19,0.01,0.01,77764.78,1777028293000
1777028295.156,195.156,0.81,0.82,0.18,0.19,0.01,0.01,77764.8,1777028294000
1777028295.519,195.519,0.81,0.82,0.18,0.19,0.01,0.01,77764.8,1777028294000
1777028295.871,195.871,0.81,0.82,0.18,0.19,0.01,0.01,77764.8,1777028294000
1777028296.274,196.274,0.81,0.83,0.17,0.19,0.02,0.02,77764.8,1777028295000
1777028296.958,196.958,0.83,0.84,0.16,0.17,0.01,0.01,77764.8,1777028295000
1777028297.46,197.46,0.83,0.84,0.16,0.17,0.01,0.01,77764.67,1777028296000
1777028297.843,197.843,0.83,0.84,0.16,0.17,0.01,0.01,77764.67,1777028296000
1777028298.254,198.254,0.83,0.84,0.16,0.17,0.01,0.01,77764.89,1777028297000
1777028299.091,199.091,0.83,0.84,0.15,0.17,0.01,0.02,77764.89,1777028297000
1777028299.436,199.436,0.83,0.84,0.16,0.17,0.01,0.01,77765.82,1777028298000
1777028299.848,199.848,0.84,0.85,0.15,0.16,0.01,0.01,77765.82,1777028298000
1777028300.199,200.199,0.84,0.85,0.15,0.16,0.01,0.01,77765.83,1777028299000
1777028300.941,200.941,0.85,0.86,0.15,0.16,0.01,0.01,77765.83,1777028299000
1777028301.545,201.545,0.91,0.92,0.08,0.11,0.01,0.03,77765.84,1777028300000
1777028301.919,201.919,0.92,0.93,0.07,0.09,0.01,0.02,77765.84,1777028300000
1777028302.32,202.32,0.93,0.94,0.06,0.07,0.01,0.01,77765.84,1777028300000
1777028302.714,202.714,0.93,0.94,0.06,0.07,0.01,0.01,77765.92,1777028301000
1777028303.311,203.311,0.93,0.94,0.06,0.07,0.01,0.01,77771.16,1777028302000
1777028303.933,203.933,0.93,0.94,0.06,0.07,0.01,0.01,77771.16,1777028302000
1777028304.266,204.266,0.93,0.94,0.06,0.07,0.01,0.01,77771.16,1777028302000
1777028304.608,204.608,0.93,0.94,0.06,0.07,0.01,0.01,77771.16,1777028302000
1777028305.106,205.106,0.91,0.92,0.07,0.09,0.01,0.02,77776.05,1777028303000
1777028305.458,205.458,0.91,0.92,0.08,0.09,0.01,0.01,77776.05,1777028303000
1777028305.83,205.83,0.91,0.92,0.08,0.09,0.01,0.01,77778.77,1777028304000
1777028306.191,206.191,0.91,0.92,0.08,0.09,0.01,0.01,77778.77,1777028304000
1777028306.988,206.988,0.91,0.92,0.08,0.09,0.01,0.01,77778.77,1777028305000
1777028307.334,207.334,0.91,0.93,0.08,0.09,0.02,0.01,77778.77,1777028306000
1777028307.919,207.919,0.92,0.94,0.07,0.08,0.02,0.01,77778.77,1777028306000
1777028308.258,208.258,0.94,0.95,0.05,0.06,0.01,0.01,77778.77,1777028306000
1777028308.737,208.737,0.94,0.95,0.05,0.06,0.01,0.01,77780.54,1777028307000
1777028309.137,209.137,0.94,0.95,0.05,0.06,0.01,0.01,77780.54,1777028307000
1777028309.477,209.477,0.94,0.95,0.05,0.06,0.01,0.01,77780.54,1777028308000
1777028310.015,210.015,0.94,0.95,0.05,0.06,0.01,0.01,77780.54,1777028308000
1777028310.348,210.348,0.94,0.95,0.05,0.06,0.01,0.01,77780.54,1777028309000
1777028310.684,210.684,0.93,0.94,0.06,0.07,0.01,0.01,77780.54,1777028309000
1777028311.184,211.184,0.93,0.94,0.06,0.07,0.01,0.01,77780.54,1777028310000
1777028311.658,211.658,0.93,0.94,0.06,0.07,0.01,0.01,77780.54,1777028310000
1777028312.002,212.002,0.93,0.94,0.06,0.07,0.01,0.01,77780.54,1777028310000
1777028312.345,212.345,0.93,0.94,0.06,0.07,0.01,0.01,77780.54,1777028311000
1777028312.824,212.824,0.93,0.94,0.06,0.07,0.01,0.01,77780.54,1777028311000
1777028313.172,213.172,0.93,0.94,0.06,0.07,0.01,0.01,77780.54,1777028311000
1777028313.673,213.673,0.93,0.94,0.06,0.07,0.01,0.01,77780.54,1777028312000
1777028314.23,214.23,0.93,0.94,0.06,0.07,0.01,0.01,77780.54,1777028312000
1777028315.128,215.128,0.93,0.94,0.06,0.07,0.01,0.01,77777.35,1777028314000
1777028315.557,215.557,0.93,0.94,0.06,0.07,0.01,0.01,77777.35,1777028314000
1777028315.906,215.906,0.92,0.94,0.06,0.07,0.02,0.01,77777.35,1777028314000
1777028316.264,216.264,0.93,0.94,0.06,0.08,0.01,0.02,77777.35,1777028314000
1777028316.816,216.816,0.93,0.94,0.06,0.07,0.01,0.01,77777.9,1777028315000
1777028317.173,217.173,0.93,0.94,0.06,0.07,0.01,0.01,77777.9,1777028316000
1777028318.252,218.252,0.93,0.94,0.06,0.07,0.01,0.01,77777.9,1777028317000
1777028318.72,218.72,0.92,0.93,0.07,0.08,0.01,0.01,77777.9,1777028317000
1777028319.121,219.121,0.92,0.93,0.07,0.08,0.01,0.01,77777.9,1777028318000
1777028319.703,219.703,0.92,0.93,0.07,0.08,0.01,0.01,77777.9,1777028318000
1777028320.251,220.251,0.93,0.94,0.07,0.08,0.01,0.01,77777.9,1777028318000
1777028320.655,220.655,0.93,0.95,0.06,0.07,0.02,0.01,77777.9,1777028318000
1777028321.039,221.039,0.94,0.95,0.05,0.06,0.01,0.01,77777.6,1777028319000
1777028321.483,221.483,0.94,0.95,0.05,0.06,0.01,0.01,77777.6,1777028320000
1777028321.848,221.848,0.94,0.95,0.05,0.06,0.01,0.01,77777.6,1777028320000
1777028322.269,222.269,0.94,0.95,0.05,0.06,0.01,0.01,77777.6,1777028320000
1777028322.637,222.637,0.94,0.95,0.05,0.06,0.01,0.01,77777.6,1777028321000
1777028322.979,222.979,0.94,0.95,0.05,0.06,0.01,0.01,77777.6,1777028321000
1777028323.775,223.775,0.94,0.95,0.05,0.06,0.01,0.01,77779.01,1777028322000
1777028324.213,224.213,0.94,0.95,0.05,0.06,0.01,0.01,77779.8,1777028323000
1777028324.66,224.66,0.95,0.96,0.04,0.05,0.01,0.01,77779.8,1777028323000
1777028325.207,225.207,0.95,0.96,0.04,0.05,0.01,0.01,77781.74,1777028324000
1777028325.857,225.857,0.95,0.96,0.04,0.05,0.01,0.01,77781.74,1777028324000
1777028326.267,226.267,0.95,0.96,0.04,0.05,0.01,0.01,77781.74,1777028324000
1777028326.778,226.778,0.95,0.96,0.04,0.05,0.01,0.01,77781.74,1777028325000
1777028327.461,227.461,0.96,0.97,0.03,0.04,0.01,0.01,77781.74,1777028326000
1777028327.949,227.949,0.96,0.97,0.03,0.04,0.01,0.01,77781.74,1777028327000
1777028328.461,228.461,0.96,0.97,0.03,0.04,0.01,0.01,77781.74,1777028327000
1777028328.842,228.842,0.95,0.97,0.03,0.05,0.02,0.02,77781.74,1777028327000
1777028329.261,229.261,0.95,0.96,0.04,0.05,0.01,0.01,77781.74,1777028328000
1777028330.171,230.171,0.96,0.97,0.03,0.05,0.01,0.02,77781.74,1777028328000
1777028330.758,230.758,0.95,0.97,0.03,0.04,0.02,0.01,77781.74,1777028329000
1777028331.095,231.095,0.95,0.96,0.03,0.04,0.01,0.01,77781.74,1777028329000
1777028331.547,231.547,0.95,0.96,0.04,0.05,0.01,0.01,77781.74,1777028330000
1777028332.103,232.103,0.92,0.96,0.04,0.05,0.04,0.01,77781.74,1777028330000
1777028332.455,232.455,0.95,0.96,0.04,0.05,0.01,0.01,77781.74,1777028331000
1777028332.84,232.84,0.95,0.96,0.04,0.06,0.01,0.02,77781.74,1777028331000
1777028333.243,233.243,0.95,0.96,0.04,0.05,0.01,0.01,77780.95,1777028332000
1777028333.774,233.774,0.95,0.96,0.04,0.05,0.01,0.01,77780.95,1777028332000
1777028334.15,234.15,0.95,0.96,0.04,0.05,0.01,0.01,77780.95,1777028333000
1777028334.571,234.571,0.95,0.96,0.04,0.05,0.01,0.01,77780.95,1777028333000
1777028335.01,235.01,0.95,0.96,0.04,0.05,0.01,0.01,77780.95,1777028333000
1777028335.447,235.447,0.95,0.96,0.04,0.05,0.01,0.01,77780.95,1777028333000
1777028335.821,235.821,0.95,0.96,0.04,0.05,0.01,0.01,77780.47,1777028334000
1777028336.184,236.184,0.95,0.96,0.04,0.05,0.01,0.01,77780.47,1777028335000
1777028336.954,236.954,0.95,0.96,0.04,0.05,0.01,0.01,77780.47,1777028335000
1777028337.415,237.415,0.95,0.96,0.04,0.05,0.01,0.01,77780.47,1777028336000
1777028337.979,237.979,0.95,0.96,0.04,0.05,0.01,0.01,77780.47,1777028337000
1777028339.057,239.057,0.96,0.97,0.03,0.04,0.01,0.01,77780.47,1777028338000
1777028340.341,240.341,0.96,0.97,0.03,0.04,0.01,0.01,77780.47,1777028339000
1777028340.858,240.858,0.96,0.97,0.03,0.04,0.01,0.01,77780.47,1777028339000
1777028341.368,241.368,0.96,0.97,0.03,0.04,0.01,0.01,77780.47,1777028340000
1777028341.873,241.873,0.96,0.97,0.03,0.04,0.01,0.01,77780.47,1777028340000
1777028342.329,242.329,0.96,0.97,0.03,0.04,0.01,0.01,77780.47,1777028340000
1777028342.734,242.734,0.96,0.97,0.03,0.04,0.01,0.01,77780.47,1777028341000
1777028343.144,243.144,0.96,0.97,0.03,0.04,0.01,0.01,77780.44,1777028342000
1777028343.492,243.492,0.96,0.97,0.03,0.04,0.01,0.01,77780.44,1777028342000
1777028343.88,243.88,0.95,0.97,0.03,0.04,0.02,0.01,77780.44,1777028342000
1777028344.49,244.49,0.95,0.97,0.03,0.05,0.02,0.02,77780.44,1777028343000
1777028345.0,245.0,0.95,0.96,0.04,0.05,0.01,0.01,77780.44,1777028343000
1777028345.543,245.543,0.96,0.98,0.04,0.05,0.02,0.01,77780.44,1777028344000
1777028345.886,245.886,0.97,0.98,0.03,0.04,0.01,0.01,77780.44,1777028344000
1777028346.327,246.327,0.97,0.98,0.02,0.03,0.01,0.01,77780.44,1777028345000
1777028346.819,246.819,0.97,0.98,0.02,0.03,0.01,0.01,77780.44,1777028345000
1777028347.266,247.266,0.97,0.98,0.02,0.03,0.01,0.01,77780.44,1777028345000
1777028347.633,247.633,0.97,0.98,0.02,0.03,0.01,0.01,77780.44,1777028345000
1777028347.971,247.971,0.97,0.98,0.02,0.03,0.01,0.01,77781.73,1777028346000
1777028348.398,248.398,0.97,0.98,0.02,0.03,0.01,0.01,77781.73,1777028347000
1777028349.029,249.029,0.97,0.98,0.02,0.03,0.01,0.01,77781.73,1777028347000
1777028349.721,249.721,0.97,0.98,0.02,0.03,0.01,0.01,77781.73,1777028348000
1777028350.073,250.073,0.97,0.98,0.02,0.03,0.01,0.01,77781.73,1777028348000
1777028350.442,250.442,0.97,0.98,0.02,0.03,0.01,0.01,77781.7,1777028349000
1777028350.879,250.879,0.97,0.98,0.02,0.03,0.01,0.01,77781.7,1777028349000
1777028351.921,251.921,0.97,0.98,0.02,0.03,0.01,0.01,77780.45,1777028350000
1777028352.258,252.258,0.97,0.98,0.02,0.03,0.01,0.01,77780.45,1777028350000
1777028352.777,252.777,0.97,0.98,0.02,0.03,0.01,0.01,77780.45,1777028351000
1777028353.395,253.395,0.97,0.98,0.02,0.03,0.01,0.01,77780.45,1777028351000
1777028353.94,253.94,0.97,0.98,0.02,0.03,0.01,0.01,77780.45,1777028352000
1777028354.553,254.553,0.97,0.98,0.02,0.03,0.01,0.01,77780.45,1777028353000
1777028354.932,254.932,0.97,0.98,0.02,0.03,0.01,0.01,77780.45,1777028353000
1777028355.385,255.385,0.97,0.98,0.02,0.03,0.01,0.01,77777.71,1777028354000
1777028355.833,255.833,0.97,0.98,0.02,0.03,0.01,0.01,77777.71,1777028354000
1777028356.293,256.293,0.96,0.98,0.02,0.03,0.02,0.01,77777.71,1777028354000
1777028356.719,256.719,0.95,0.96,0.04,0.05,0.01,0.01,77777.71,1777028354000
1777028357.372,257.372,0.96,0.97,0.03,0.05,0.01,0.02,77775.51,1777028355000
1777028357.716,257.716,0.96,0.97,0.03,0.04,0.01,0.01,77775.36,1777028356000
1777028358.141,258.141,0.96,0.97,0.03,0.04,0.01,0.01,77775.36,1777028356000
1777028358.704,258.704,0.96,0.98,0.02,0.04,0.02,0.02,77775.34,1777028357000
1777028359.356,259.356,0.97,0.98,0.02,0.03,0.01,0.01,77775.17,1777028358000
1777028359.713,259.713,0.97,0.98,0.02,0.03,0.01,0.01,77775.17,1777028358000
1777028360.078,260.078,0.98,0.99,0.02,0.03,0.01,0.01,77775.17,1777028358000
1777028360.424,260.424,0.98,0.99,0.01,0.02,0.01,0.01,77775.17,1777028359000
1777028360.771,260.771,0.98,0.99,0.01,0.02,0.01,0.01,77775.17,1777028359000
1777028361.153,261.153,0.98,0.99,0.01,0.02,0.01,0.01,77775.17,1777028359000
1777028361.528,261.528,0.98,0.99,0.01,0.02,0.01,0.01,77775.17,1777028359000
1777028361.957,261.957,0.98,0.99,0.01,0.02,0.01,0.01,77775.17,1777028360000
1777028362.361,262.361,0.98,0.99,0.01,0.02,0.01,0.01,77775.17,1777028360000
1777028362.702,262.702,0.98,0.99,0.01,0.02,0.01,0.01,77775.17,1777028361000
1777028363.274,263.274,0.98,0.99,0.01,0.02,0.01,0.01,77775.12,1777028362000
1777028363.61,263.61,0.98,0.99,0.01,0.02,0.01,0.01,77775.12,1777028362000
1777028364.148,264.148,0.98,0.99,0.01,0.02,0.01,0.01,77775.12,1777028363000
1777028364.582,264.582,0.98,0.99,0.01,0.02,0.01,0.01,77775.12,1777028363000
1777028365.311,265.311,0.98,0.99,0.01,0.02,0.01,0.01,77775.12,1777028363000
1777028365.713,265.713,0.98,0.99,0.01,0.02,0.01,0.01,77775.43,1777028364000
1777028366.46,266.46,0.98,0.99,0.01,0.02,0.01,0.01,77774.73,1777028365000
1777028366.838,266.838,0.98,0.99,0.01,0.02,0.01,0.01,77774.73,1777028365000
1777028367.212,267.212,0.98,0.99,0.01,0.02,0.01,0.01,77774.73,1777028365000
1777028368.128,268.128,0.98,0.99,0.01,0.02,0.01,0.01,77774.07,1777028367000
1777028368.513,268.513,0.98,0.99,0.01,0.02,0.01,0.01,77774.07,1777028367000
1777028368.906,268.906,0.98,0.99,0.01,0.02,0.01,0.01,77774.07,1777028367000
1777028369.683,269.683,0.98,0.99,0.01,0.02,0.01,0.01,77773.94,1777028368000
1777028370.291,270.291,0.98,0.99,0.01,0.02,0.01,0.01,77773.94,1777028368000
1777028371.144,271.144,0.98,0.99,0.01,0.02,0.01,0.01,77773.89,1777028369000
1777028371.566,271.566,0.98,0.99,0.01,0.02,0.01,0.01,77773.75,1777028370000
1777028371.98,271.98,0.98,0.99,0.01,0.02,0.01,0.01,77773.75,1777028370000
1777028372.503,272.503,0.98,0.99,0.01,0.02,0.01,0.01,77773.76,1777028371000
1777028373.196,273.196,0.98,0.99,0.01,0.02,0.01,0.01,77773.76,1777028371000
1777028373.575,273.575,0.98,0.99,0.01,0.02,0.01,0.01,77773.76,1777028372000
1777028374.038,274.038,0.98,0.99,0.01,0.02,0.01,0.01,77773.76,1777028372000
1777028374.583,274.583,0.98,0.99,0.01,0.02,0.01,0.01,77773.76,1777028372000
1777028374.968,274.968,0.98,0.99,0.01,0.02,0.01,0.01,77773.76,1777028373000
1777028375.424,275.424,0.98,0.99,0.01,0.02,0.01,0.01,77773.76,1777028374000
1777028375.782,275.782,0.98,0.99,0.01,0.02,0.01,0.01,77773.76,1777028374000
1777028376.172,276.172,0.98,0.99,0.01,0.02,0.01,0.01,77773.76,1777028374000
1777028376.594,276.594,0.98,0.99,0.01,0.02,0.01,0.01,77774.37,1777028375000
1777028377.071,277.071,0.98,0.99,0.01,0.02,0.01,0.01,77774.37,1777028375000
1777028377.526,277.526,0.98,0.99,0.01,0.02,0.01,0.01,77774.38,1777028376000
1777028377.879,277.879,0.98,0.99,0.01,0.02,0.01,0.01,77774.38,1777028376000
1777028378.257,278.257,0.98,0.99,0.01,0.02,0.01,0.01,77774.38,1777028376000
1777028378.726,278.726,0.98,0.99,0.01,0.02,0.01,0.01,77773.37,1777028377000
1777028379.182,279.182,0.98,0.99,0.01,0.02,0.01,0.01,77772.21,1777028378000
1777028379.556,279.556,0.98,0.99,0.01,0.02,0.01,0.01,77772.21,1777028378000
1777028379.904,279.904,0.98,0.99,0.01,0.02,0.01,0.01,77772.21,1777028378000
1777028380.329,280.329,0.98,0.99,0.01,0.02,0.01,0.01,77772.21,1777028378000
1777028380.718,280.718,0.98,0.99,0.01,0.02,0.01,0.01,77772.21,1777028379000
1777028381.195,281.195,0.98,0.99,0.01,0.02,0.01,0.01,77772.21,1777028379000
1777028381.542,281.542,0.98,0.99,0.01,0.02,0.01,0.01,77772.21,1777028380000
1777028382.271,282.271,0.98,0.99,0.01,0.02,0.01,0.01,77772.21,1777028380000
1777028382.749,282.749,0.98,0.99,0.01,0.02,0.01,0.01,77772.21,1777028381000
1777028383.203,283.203,0.98,0.99,0.01,0.02,0.01,0.01,77772.21,1777028381000
1777028383.549,283.549,0.98,0.99,0.01,0.02,0.01,0.01,77772.07,1777028382000
1777028384.163,284.163,0.98,0.99,0.01,0.02,0.01,0.01,77772.07,1777028382000
1777028384.552,284.552,0.98,0.99,0.01,0.02,0.01,0.01,77772.19,1777028383000
1777028384.891,284.891,0.98,0.99,0.01,0.02,0.01,0.01,77772.19,1777028383000
1777028385.24,285.24,0.99,0.99,0.01,0.02,0.0,0.01,77772.19,1777028383000
1777028385.579,285.579,0.99,0.99,0.01,0.01,0.0,0.0,77772.19,1777028383000
1777028385.935,285.935,0.99,0.99,0.01,0.01,0.0,0.0,77770.15,1777028384000
1777028386.298,286.298,0.99,0.99,0.01,0.01,0.0,0.0,77770.15,1777028384000
1777028386.937,286.937,0.99,0.99,0.01,0.01,0.0,0.0,77770.18,1777028385000
1777028388.072,288.072,0.99,0.99,0.01,0.01,0.0,0.0,77770.23,1777028386000
1777028388.523,288.523,0.99,0.99,0.01,0.01,0.0,0.0,77771.28,1777028387000
1777028388.955,288.955,0.99,0.99,0.01,0.01,0.0,0.0,77771.28,1777028388000
1777028389.828,289.828,0.99,0.99,0.01,0.01,0.0,0.0,77771.28,1777028388000
1777028390.265,290.265,0.99,0.99,0.01,0.01,0.0,0.0,77771.26,1777028389000
1777028391.187,291.187,0.99,0.99,0.01,0.01,0.0,0.0,77769.65,1777028390000
1777028391.771,291.771,0.99,0.99,0.01,0.01,0.0,0.0,77769.65,1777028390000
1777028392.163,292.163,0.99,0.99,0.01,0.01,0.0,0.0,77769.65,1777028390000
1777028392.615,292.615,0.99,0.99,0.01,0.01,0.0,0.0,77765.84,1777028391000
1777028393.369,293.369,0.99,0.99,0.01,0.01,0.0,0.0,77765.63,1777028392000
1777028393.895,293.895,0.99,0.99,0.01,0.01,0.0,0.0,77765.63,1777028393000
1777028395.264,295.264,0.99,0.99,0.01,0.01,0.0,0.0,77765.5,1777028394000
1777028396.395,296.395,0.99,0.99,0.01,0.01,0.0,0.0,77765.7,1777028395000
1777028396.943,296.943,0.99,0.99,0.01,0.01,0.0,0.0,77765.69,1777028396000
1777028397.47,297.47,0.99,0.99,0.01,0.01,0.0,0.0,77765.69,1777028396000
1777028398.047,298.047,0.99,0.99,0.01,0.01,0.0,0.0,77765.97,1777028397000
1777028399.226,299.226,0.99,0.99,0.01,0.01,0.0,0.0,77765.95,1777028398000
1777028400.334,300.334,0.99,0.99,0.01,0.01,0.0,0.0,77765.95,1777028398000
1777028400.69,300.69,0.99,0.99,0.01,0.01,0.0,0.0,77765.12,1777028399000

# RESULT,winner=Up,slug=btc-updown-5m-1777028100,ticks=629
