timestamp,elapsed_sec,up_bid,up_ask,down_bid,down_ask,up_spread,down_spread,btc_price,btc_oracle_ts
1776064500.619,0.619,0.54,0.55,0.45,0.46,0.01,0.01,70908.24,1776064499000
1776064501.045,1.045,0.53,0.54,0.46,0.47,0.01,0.01,70908.24,1776064499000
1776064501.562,1.562,0.53,0.54,0.46,0.47,0.01,0.01,70908.25,1776064500000
1776064501.905,1.905,0.53,0.54,0.46,0.47,0.01,0.01,70908.25,1776064500000
1776064502.257,2.257,0.53,0.54,0.46,0.47,0.01,0.01,70905.99,1776064501000
1776064502.668,2.668,0.53,0.54,0.46,0.47,0.01,0.01,70905.99,1776064501000
1776064503.024,3.024,0.5,0.51,0.49,0.5,0.01,0.01,70905.99,1776064501000
1776064503.367,3.367,0.5,0.51,0.49,0.5,0.01,0.01,70900.22,1776064502000
1776064503.743,3.743,0.46,0.48,0.52,0.53,0.02,0.01,70900.22,1776064502000
1776064504.107,4.107,0.46,0.47,0.53,0.54,0.01,0.01,70900.22,1776064502000
1776064504.553,4.553,0.46,0.47,0.53,0.54,0.01,0.01,70899.97,1776064503000
1776064504.977,4.977,0.46,0.47,0.53,0.54,0.01,0.01,70899.97,1776064503000
1776064505.333,5.333,0.42,0.45,0.55,0.57,0.03,0.02,70895.3,1776064504000
1776064505.695,5.695,0.38,0.4,0.59,0.6,0.02,0.01,70895.3,1776064504000
1776064506.046,6.046,0.37,0.38,0.61,0.63,0.01,0.02,70895.3,1776064504000
1776064506.498,6.498,0.37,0.38,0.62,0.63,0.01,0.01,70895.02,1776064505000
1776064506.922,6.922,0.37,0.38,0.62,0.63,0.01,0.01,70895.02,1776064505000
1776064507.299,7.299,0.37,0.38,0.62,0.63,0.01,0.01,70890.56,1776064506000
1776064507.882,7.882,0.37,0.38,0.62,0.63,0.01,0.01,70890.56,1776064506000
1776064508.412,8.412,0.37,0.38,0.62,0.63,0.01,0.01,70888.09,1776064507000
1776064508.766,8.766,0.37,0.38,0.62,0.63,0.01,0.01,70888.09,1776064507000
1776064509.144,9.144,0.37,0.38,0.62,0.63,0.01,0.01,70888.09,1776064508000
1776064509.571,9.571,0.35,0.36,0.64,0.65,0.01,0.01,70888.09,1776064508000
1776064509.991,9.991,0.35,0.36,0.64,0.65,0.01,0.01,70890.36,1776064509000
1776064510.447,10.447,0.35,0.36,0.64,0.65,0.01,0.01,70890.36,1776064509000
1776064510.832,10.832,0.35,0.36,0.64,0.65,0.01,0.01,70890.36,1776064509000
1776064511.357,11.357,0.35,0.36,0.64,0.65,0.01,0.01,70888.95,1776064510000
1776064511.743,11.743,0.31,0.32,0.67,0.69,0.01,0.02,70888.95,1776064510000
1776064512.094,12.094,0.31,0.32,0.68,0.69,0.01,0.01,70888.03,1776064511000
1776064512.546,12.546,0.32,0.33,0.67,0.68,0.01,0.01,70888.03,1776064511000
1776064512.994,12.994,0.31,0.32,0.67,0.68,0.01,0.01,70888.03,1776064511000
1776064513.56,13.56,0.31,0.32,0.68,0.69,0.01,0.01,70885.71,1776064512000
1776064513.902,13.902,0.31,0.32,0.68,0.69,0.01,0.01,70884.7,1776064513000
1776064514.279,14.279,0.31,0.33,0.68,0.69,0.02,0.01,70884.7,1776064513000
1776064514.731,14.731,0.32,0.33,0.67,0.68,0.01,0.01,70884.7,1776064513000
1776064515.154,15.154,0.32,0.33,0.67,0.68,0.01,0.01,70885.02,1776064514000
1776064515.941,15.941,0.32,0.34,0.67,0.68,0.02,0.01,70885.02,1776064514000
1776064516.368,16.368,0.32,0.33,0.67,0.68,0.01,0.01,70882.19,1776064515000
1776064516.8,16.8,0.32,0.33,0.67,0.68,0.01,0.01,70882.19,1776064515000
1776064517.158,17.158,0.32,0.33,0.67,0.68,0.01,0.01,70882.19,1776064515000
1776064517.718,17.718,0.31,0.33,0.67,0.68,0.02,0.01,70882.51,1776064516000
1776064518.122,18.122,0.31,0.32,0.68,0.69,0.01,0.01,70882.51,1776064516000
1776064518.62,18.62,0.31,0.32,0.68,0.69,0.01,0.01,70882.51,1776064517000
1776064518.955,18.955,0.31,0.32,0.68,0.69,0.01,0.01,70882.07,1776064518000
1776064519.3,19.3,0.31,0.33,0.68,0.69,0.02,0.01,70882.07,1776064518000
1776064519.665,19.665,0.31,0.33,0.68,0.69,0.02,0.01,70882.07,1776064518000
1776064520.179,20.179,0.31,0.33,0.67,0.69,0.02,0.02,70882.5,1776064519000
1776064520.549,20.549,0.31,0.32,0.67,0.7,0.01,0.03,70882.5,1776064519000
1776064520.915,20.915,0.31,0.32,0.68,0.69,0.01,0.01,70879.99,1776064520000
1776064521.249,21.249,0.3,0.31,0.68,0.7,0.01,0.02,70879.99,1776064520000
1776064521.844,21.844,0.3,0.31,0.68,0.7,0.01,0.02,70879.99,1776064520000
1776064522.181,22.181,0.3,0.31,0.68,0.7,0.01,0.02,70884.48,1776064521000
1776064522.698,22.698,0.34,0.35,0.65,0.7,0.01,0.05,70884.48,1776064521000
1776064523.037,23.037,0.34,0.35,0.65,0.66,0.01,0.01,70883.42,1776064522000
1776064523.415,23.415,0.34,0.35,0.65,0.66,0.01,0.01,70883.42,1776064522000
1776064523.844,23.844,0.34,0.35,0.65,0.66,0.01,0.01,70883.42,1776064522000
1776064524.186,24.186,0.34,0.35,0.65,0.66,0.01,0.01,70882.47,1776064523000
1776064524.528,24.528,0.34,0.35,0.65,0.66,0.01,0.01,70882.47,1776064523000
1776064524.861,24.861,0.34,0.35,0.65,0.66,0.01,0.01,70882.47,1776064523000
1776064525.315,25.315,0.34,0.35,0.65,0.66,0.01,0.01,70882.44,1776064524000
1776064525.743,25.743,0.34,0.35,0.65,0.66,0.01,0.01,70882.44,1776064524000
1776064526.083,26.083,0.33,0.34,0.66,0.67,0.01,0.01,70882.2,1776064525000
1776064526.503,26.503,0.33,0.35,0.65,0.66,0.02,0.01,70882.2,1776064525000
1776064526.887,26.887,0.33,0.39,0.65,0.67,0.06,0.02,70882.2,1776064525000
1776064527.475,27.475,0.35,0.36,0.65,0.66,0.01,0.01,70884.53,1776064526000
1776064527.845,27.845,0.42,0.43,0.57,0.58,0.01,0.01,70884.53,1776064526000
1776064528.199,28.199,0.42,0.43,0.55,0.58,0.01,0.03,70882.1,1776064527000
1776064528.556,28.556,0.49,0.5,0.5,0.51,0.01,0.01,70882.1,1776064527000
1776064528.907,28.907,0.49,0.5,0.5,0.51,0.01,0.01,70882.1,1776064527000
1776064529.246,29.246,0.49,0.5,0.5,0.51,0.01,0.01,70882.96,1776064528000
1776064529.594,29.594,0.49,0.5,0.49,0.51,0.01,0.02,70882.96,1776064528000
1776064529.934,29.934,0.49,0.51,0.49,0.5,0.02,0.01,70882.96,1776064528000
1776064530.274,30.274,0.49,0.5,0.5,0.51,0.01,0.01,70897.54,1776064529000
1776064530.62,30.62,0.51,0.53,0.48,0.49,0.02,0.01,70897.54,1776064529000
1776064530.959,30.959,0.54,0.55,0.45,0.46,0.01,0.01,70897.54,1776064529000
1776064531.311,31.311,0.54,0.55,0.45,0.46,0.01,0.01,70906.27,1776064530000
1776064531.659,31.659,0.53,0.54,0.46,0.48,0.01,0.02,70906.27,1776064530000
1776064532.003,32.003,0.51,0.52,0.48,0.49,0.01,0.01,70906.27,1776064530000
1776064532.344,32.344,0.51,0.52,0.48,0.49,0.01,0.01,70905.04,1776064531000
1776064532.756,32.756,0.49,0.52,0.49,0.5,0.03,0.01,70905.04,1776064531000
1776064533.12,33.12,0.5,0.51,0.49,0.5,0.01,0.01,70905.04,1776064531000
1776064533.474,33.474,0.5,0.51,0.49,0.51,0.01,0.02,70907.09,1776064532000
1776064533.814,33.814,0.48,0.51,0.49,0.5,0.03,0.01,70907.09,1776064532000
1776064534.189,34.189,0.49,0.5,0.5,0.52,0.01,0.02,70908.77,1776064533000
1776064534.588,34.588,0.48,0.49,0.51,0.52,0.01,0.01,70908.77,1776064533000
1776064534.935,34.935,0.48,0.49,0.51,0.52,0.01,0.01,70908.77,1776064533000
1776064535.268,35.268,0.48,0.49,0.51,0.52,0.01,0.01,70908.87,1776064534000
1776064535.613,35.613,0.49,0.5,0.5,0.52,0.01,0.02,70908.87,1776064534000
1776064535.958,35.958,0.54,0.55,0.45,0.46,0.01,0.01,70908.87,1776064534000
1776064536.365,36.365,0.54,0.55,0.45,0.46,0.01,0.01,70908.9,1776064535000
1776064536.699,36.699,0.54,0.55,0.45,0.46,0.01,0.01,70908.9,1776064535000
1776064537.216,37.216,0.54,0.55,0.45,0.46,0.01,0.01,70908.98,1776064536000
1776064537.556,37.556,0.53,0.54,0.46,0.47,0.01,0.01,70908.98,1776064536000
1776064537.948,37.948,0.53,0.54,0.46,0.47,0.01,0.01,70910.62,1776064537000
1776064538.445,38.445,0.53,0.58,0.46,0.47,0.05,0.01,70910.62,1776064537000
1776064538.783,38.783,0.54,0.56,0.44,0.46,0.02,0.02,70910.62,1776064537000
1776064539.119,39.119,0.53,0.54,0.46,0.47,0.01,0.01,70912.96,1776064538000
1776064539.58,39.58,0.53,0.54,0.46,0.47,0.01,0.01,70912.96,1776064538000
1776064539.946,39.946,0.53,0.54,0.46,0.47,0.01,0.01,70912.99,1776064539000
1776064540.318,40.318,0.53,0.54,0.46,0.47,0.01,0.01,70912.99,1776064539000
1776064540.707,40.707,0.53,0.54,0.46,0.47,0.01,0.01,70912.99,1776064539000
1776064541.042,41.042,0.53,0.54,0.46,0.48,0.01,0.02,70913.31,1776064540000
1776064541.523,41.523,0.52,0.53,0.47,0.48,0.01,0.01,70913.31,1776064540000
1776064541.875,41.875,0.52,0.53,0.47,0.48,0.01,0.01,70913.31,1776064540000
1776064542.285,42.285,0.52,0.53,0.47,0.48,0.01,0.01,70913.31,1776064540000
1776064542.632,42.632,0.51,0.53,0.47,0.49,0.02,0.02,70913.31,1776064540000
1776064543.038,43.038,0.51,0.52,0.48,0.49,0.01,0.01,70913.31,1776064541000
1776064543.575,43.575,0.51,0.52,0.48,0.49,0.01,0.01,70913.31,1776064541000
1776064543.938,43.938,0.51,0.52,0.48,0.49,0.01,0.01,70913.33,1776064542000
1776064544.28,44.28,0.51,0.52,0.48,0.49,0.01,0.01,70913.32,1776064543000
1776064544.835,44.835,0.51,0.52,0.48,0.49,0.01,0.01,70913.32,1776064543000
1776064545.354,45.354,0.5,0.51,0.48,0.5,0.01,0.02,70913.32,1776064543000
1776064545.744,45.744,0.51,0.52,0.48,0.49,0.01,0.01,70913.33,1776064544000
1776064546.117,46.117,0.5,0.51,0.49,0.5,0.01,0.01,70913.33,1776064544000
1776064546.486,46.486,0.5,0.52,0.48,0.49,0.02,0.01,70913.33,1776064545000
1776064546.864,46.864,0.5,0.51,0.48,0.5,0.01,0.02,70913.33,1776064545000
1776064547.324,47.324,0.5,0.51,0.49,0.5,0.01,0.01,70913.33,1776064545000
1776064547.952,47.952,0.5,0.51,0.49,0.5,0.01,0.01,70913.36,1776064546000
1776064548.363,48.363,0.48,0.5,0.49,0.5,0.02,0.01,70913.36,1776064547000
1776064548.709,48.709,0.43,0.44,0.56,0.57,0.01,0.01,70913.36,1776064547000
1776064549.092,49.092,0.43,0.44,0.56,0.57,0.01,0.01,70913.36,1776064547000
1776064549.551,49.551,0.43,0.44,0.56,0.57,0.01,0.01,70913.36,1776064547000
1776064549.984,49.984,0.43,0.44,0.56,0.57,0.01,0.01,70912.71,1776064548000
1776064550.336,50.336,0.43,0.44,0.56,0.57,0.01,0.01,70910.94,1776064549000
1776064550.672,50.672,0.43,0.44,0.56,0.57,0.01,0.01,70910.94,1776064549000
1776064551.038,51.038,0.5,0.53,0.47,0.52,0.03,0.05,70910.94,1776064549000
1776064551.386,51.386,0.52,0.53,0.47,0.48,0.01,0.01,70910.94,1776064549000
1776064551.845,51.845,0.52,0.53,0.47,0.48,0.01,0.01,70905.54,1776064550000
1776064552.388,52.388,0.52,0.53,0.47,0.48,0.01,0.01,70907.1,1776064551000
1776064552.78,52.78,0.52,0.53,0.47,0.51,0.01,0.04,70907.1,1776064551000
1776064553.242,53.242,0.52,0.53,0.47,0.48,0.01,0.01,70907.1,1776064551000
1776064553.618,53.618,0.52,0.53,0.47,0.48,0.01,0.01,70911.86,1776064552000
1776064554.134,54.134,0.52,0.53,0.47,0.48,0.01,0.01,70913.45,1776064553000
1776064554.753,54.753,0.52,0.53,0.47,0.48,0.01,0.01,70913.45,1776064553000
1776064555.432,55.432,0.52,0.53,0.47,0.48,0.01,0.01,70913.45,1776064553000
1776064555.934,55.934,0.52,0.53,0.47,0.48,0.01,0.01,70914.05,1776064554000
1776064556.853,56.853,0.52,0.53,0.47,0.48,0.01,0.01,70914.23,1776064555000
1776064557.23,57.23,0.52,0.53,0.47,0.48,0.01,0.01,70914.23,1776064555000
1776064557.569,57.569,0.52,0.53,0.47,0.48,0.01,0.01,70914.25,1776064556000
1776064558.195,58.195,0.52,0.53,0.47,0.48,0.01,0.01,70914.25,1776064556000
1776064558.642,58.642,0.48,0.5,0.51,0.52,0.02,0.01,70914.25,1776064557000
1776064559.041,59.041,0.5,0.51,0.49,0.5,0.01,0.01,70914.25,1776064557000
1776064559.44,59.44,0.5,0.51,0.49,0.5,0.01,0.01,70914.25,1776064557000
1776064559.902,59.902,0.5,0.51,0.49,0.5,0.01,0.01,70914.25,1776064557000
1776064560.255,60.255,0.5,0.51,0.49,0.5,0.01,0.01,70914.84,1776064559000
1776064560.778,60.778,0.5,0.51,0.49,0.5,0.01,0.01,70914.84,1776064559000
1776064561.119,61.119,0.5,0.51,0.49,0.5,0.01,0.01,70914.84,1776064559000
1776064561.468,61.468,0.5,0.51,0.49,0.5,0.01,0.01,70914.84,1776064560000
1776064561.824,61.824,0.5,0.51,0.49,0.5,0.01,0.01,70914.84,1776064560000
1776064562.238,62.238,0.5,0.51,0.49,0.5,0.01,0.01,70914.08,1776064561000
1776064562.591,62.591,0.5,0.51,0.49,0.5,0.01,0.01,70914.08,1776064561000
1776064562.927,62.927,0.5,0.51,0.49,0.5,0.01,0.01,70914.08,1776064561000
1776064563.375,63.375,0.46,0.47,0.53,0.54,0.01,0.01,70911.24,1776064562000
1776064563.789,63.789,0.45,0.46,0.54,0.55,0.01,0.01,70911.24,1776064562000
1776064564.138,64.138,0.45,0.46,0.54,0.55,0.01,0.01,70911.15,1776064563000
1776064564.791,64.791,0.45,0.48,0.53,0.55,0.03,0.02,70911.15,1776064563000
1776064565.147,65.147,0.47,0.48,0.52,0.53,0.01,0.01,70909.4,1776064564000
1776064565.505,65.505,0.47,0.48,0.51,0.53,0.01,0.02,70909.4,1776064564000
1776064565.847,65.847,0.47,0.48,0.52,0.53,0.01,0.01,70909.4,1776064564000
1776064566.187,66.187,0.47,0.48,0.52,0.53,0.01,0.01,70907.78,1776064565000
1776064566.546,66.546,0.47,0.48,0.52,0.53,0.01,0.01,70907.78,1776064565000
1776064567.066,67.066,0.47,0.48,0.52,0.53,0.01,0.01,70908.15,1776064566000
1776064567.877,67.877,0.47,0.48,0.52,0.53,0.01,0.01,70908.15,1776064566000
1776064568.242,68.242,0.47,0.48,0.52,0.53,0.01,0.01,70908.15,1776064567000
1776064568.743,68.743,0.47,0.49,0.52,0.53,0.02,0.01,70908.15,1776064567000
1776064569.36,69.36,0.47,0.48,0.51,0.53,0.01,0.02,70908.09,1776064568000
1776064570.044,70.044,0.44,0.46,0.52,0.53,0.02,0.01,70908.09,1776064568000
1776064570.546,70.546,0.43,0.44,0.56,0.57,0.01,0.01,70907.71,1776064569000
1776064570.933,70.933,0.42,0.43,0.56,0.58,0.01,0.02,70907.71,1776064569000
1776064571.594,71.594,0.42,0.43,0.57,0.58,0.01,0.01,70906.95,1776064570000
1776064572.08,72.08,0.41,0.42,0.57,0.58,0.01,0.01,70906.56,1776064571000
1776064572.499,72.499,0.4,0.42,0.58,0.59,0.02,0.01,70906.56,1776064571000
1776064572.865,72.865,0.36,0.37,0.63,0.64,0.01,0.01,70906.56,1776064571000
1776064573.309,73.309,0.37,0.38,0.62,0.63,0.01,0.01,70906.56,1776064571000
1776064573.699,73.699,0.37,0.38,0.62,0.63,0.01,0.01,70901.23,1776064572000
1776064574.098,74.098,0.37,0.38,0.62,0.63,0.01,0.01,70901.23,1776064572000
1776064574.453,74.453,0.37,0.38,0.62,0.63,0.01,0.01,70901.23,1776064573000
1776064575.094,75.094,0.37,0.38,0.62,0.63,0.01,0.01,70899.28,1776064574000
1776064575.609,75.609,0.38,0.39,0.61,0.63,0.01,0.02,70899.28,1776064574000
1776064576.098,76.098,0.38,0.39,0.61,0.62,0.01,0.01,70899.28,1776064574000
1776064576.447,76.447,0.38,0.39,0.61,0.62,0.01,0.01,70899.28,1776064575000
1776064576.82,76.82,0.38,0.39,0.61,0.62,0.01,0.01,70899.28,1776064575000
1776064577.445,77.445,0.4,0.41,0.61,0.62,0.01,0.01,70899.24,1776064576000
1776064577.821,77.821,0.4,0.41,0.59,0.6,0.01,0.01,70899.24,1776064576000
1776064578.386,78.386,0.4,0.41,0.59,0.6,0.01,0.01,70899.17,1776064577000
1776064578.744,78.744,0.4,0.41,0.59,0.6,0.01,0.01,70899.17,1776064577000
1776064579.144,79.144,0.4,0.41,0.59,0.6,0.01,0.01,70899.17,1776064578000
1776064579.633,79.633,0.4,0.41,0.59,0.6,0.01,0.01,70899.17,1776064578000
1776064580.156,80.156,0.4,0.42,0.58,0.6,0.02,0.02,70900.92,1776064579000
1776064580.534,80.534,0.4,0.41,0.59,0.6,0.01,0.01,70900.92,1776064579000
1776064581.016,81.016,0.4,0.41,0.59,0.6,0.01,0.01,70900.92,1776064580000
1776064581.394,81.394,0.42,0.43,0.57,0.58,0.01,0.01,70900.92,1776064580000
1776064581.796,81.796,0.42,0.43,0.57,0.58,0.01,0.01,70900.92,1776064580000
1776064582.332,82.332,0.42,0.43,0.57,0.58,0.01,0.01,70902.17,1776064581000
1776064582.82,82.82,0.42,0.43,0.57,0.58,0.01,0.01,70902.17,1776064581000
1776064583.469,83.469,0.42,0.43,0.57,0.58,0.01,0.01,70902.37,1776064582000
1776064583.903,83.903,0.42,0.43,0.57,0.58,0.01,0.01,70902.37,1776064582000
1776064584.244,84.244,0.42,0.43,0.57,0.58,0.01,0.01,70902.27,1776064583000
1776064584.939,84.939,0.42,0.43,0.57,0.58,0.01,0.01,70902.27,1776064584000
1776064585.413,85.413,0.42,0.43,0.57,0.58,0.01,0.01,70902.27,1776064584000
1776064585.83,85.83,0.42,0.43,0.57,0.58,0.01,0.01,70902.27,1776064584000
1776064586.325,86.325,0.42,0.43,0.57,0.58,0.01,0.01,70902.27,1776064584000
1776064586.726,86.726,0.42,0.43,0.57,0.58,0.01,0.01,70902.4,1776064585000
1776064588.315,88.315,0.43,0.44,0.56,0.57,0.01,0.01,70902.15,1776064587000
1776064589.012,89.012,0.43,0.46,0.56,0.57,0.03,0.01,70902.15,1776064587000
1776064589.356,89.356,0.51,0.52,0.48,0.49,0.01,0.01,70902.15,1776064587000
1776064589.715,89.715,0.51,0.52,0.48,0.49,0.01,0.01,70902.6,1776064588000
1776064590.065,90.065,0.51,0.52,0.48,0.49,0.01,0.01,70902.6,1776064589000
1776064590.458,90.458,0.51,0.52,0.48,0.49,0.01,0.01,70902.6,1776064589000
1776064590.906,90.906,0.51,0.52,0.48,0.49,0.01,0.01,70902.6,1776064589000
1776064591.373,91.373,0.51,0.52,0.48,0.49,0.01,0.01,70902.53,1776064590000
1776064591.769,91.769,0.51,0.52,0.48,0.49,0.01,0.01,70902.53,1776064590000
1776064592.139,92.139,0.51,0.52,0.48,0.49,0.01,0.01,70902.53,1776064590000
1776064592.503,92.503,0.51,0.52,0.49,0.5,0.01,0.01,70904.55,1776064591000
1776064592.876,92.876,0.41,0.42,0.58,0.59,0.01,0.01,70904.55,1776064591000
1776064593.216,93.216,0.41,0.42,0.58,0.59,0.01,0.01,70905.7,1776064592000
1776064593.704,93.704,0.41,0.42,0.58,0.59,0.01,0.01,70905.7,1776064592000
1776064594.337,94.337,0.41,0.42,0.58,0.59,0.01,0.01,70905.98,1776064593000
1776064594.901,94.901,0.41,0.42,0.58,0.59,0.01,0.01,70905.98,1776064593000
1776064595.345,95.345,0.41,0.42,0.58,0.59,0.01,0.01,70905.77,1776064594000
1776064595.722,95.722,0.41,0.42,0.58,0.59,0.01,0.01,70905.77,1776064594000
1776064596.142,96.142,0.41,0.42,0.58,0.59,0.01,0.01,70905.77,1776064594000
1776064596.583,96.583,0.41,0.42,0.58,0.59,0.01,0.01,70905.78,1776064595000
1776064597.216,97.216,0.41,0.42,0.58,0.59,0.01,0.01,70905.68,1776064596000
1776064597.581,97.581,0.41,0.42,0.58,0.59,0.01,0.01,70905.68,1776064596000
1776064597.918,97.918,0.41,0.42,0.58,0.59,0.01,0.01,70905.68,1776064596000
1776064598.28,98.28,0.41,0.42,0.58,0.59,0.01,0.01,70903.72,1776064597000
1776064598.663,98.663,0.41,0.42,0.58,0.59,0.01,0.01,70903.72,1776064597000
1776064599.357,99.357,0.41,0.42,0.58,0.59,0.01,0.01,70903.72,1776064597000
1776064599.72,99.72,0.41,0.42,0.58,0.59,0.01,0.01,70903.12,1776064598000
1776064600.411,100.411,0.41,0.42,0.58,0.59,0.01,0.01,70903.12,1776064598000
1776064600.752,100.752,0.4,0.41,0.59,0.6,0.01,0.01,70903.12,1776064598000
1776064601.259,101.259,0.4,0.41,0.59,0.6,0.01,0.01,70903.12,1776064598000
1776064601.666,101.666,0.4,0.41,0.59,0.6,0.01,0.01,70903.89,1776064600000
1776064602.0,102.0,0.4,0.41,0.59,0.6,0.01,0.01,70903.89,1776064600000
1776064602.53,102.53,0.4,0.41,0.59,0.6,0.01,0.01,70903.83,1776064601000
1776064602.887,102.887,0.4,0.41,0.59,0.6,0.01,0.01,70903.83,1776064601000
1776064603.369,103.369,0.4,0.41,0.59,0.6,0.01,0.01,70903.83,1776064602000
1776064603.711,103.711,0.4,0.41,0.59,0.6,0.01,0.01,70903.83,1776064602000
1776064604.104,104.104,0.4,0.41,0.59,0.6,0.01,0.01,70903.83,1776064602000
1776064604.566,104.566,0.4,0.41,0.59,0.6,0.01,0.01,70903.83,1776064602000
1776064604.965,104.965,0.4,0.41,0.59,0.6,0.01,0.01,70903.9,1776064603000
1776064605.503,105.503,0.4,0.41,0.59,0.6,0.01,0.01,70903.9,1776064603000
1776064606.415,106.415,0.4,0.41,0.59,0.6,0.01,0.01,70903.8,1776064605000
1776064606.759,106.759,0.4,0.41,0.59,0.6,0.01,0.01,70903.8,1776064605000
1776064607.59,107.59,0.4,0.41,0.59,0.6,0.01,0.01,70903.92,1776064606000
1776064608.605,108.605,0.4,0.41,0.59,0.6,0.01,0.01,70903.92,1776064606000
1776064609.304,109.304,0.4,0.41,0.59,0.6,0.01,0.01,70903.8,1776064607000
1776064609.714,109.714,0.39,0.4,0.6,0.61,0.01,0.01,70903.8,1776064608000
1776064610.059,110.059,0.39,0.4,0.6,0.61,0.01,0.01,70903.8,1776064608000
1776064610.488,110.488,0.39,0.4,0.6,0.61,0.01,0.01,70903.55,1776064609000
1776064611.374,111.374,0.39,0.4,0.6,0.61,0.01,0.01,70903.55,1776064609000
1776064611.897,111.897,0.39,0.4,0.6,0.61,0.01,0.01,70902.62,1776064610000
1776064612.263,112.263,0.38,0.4,0.6,0.61,0.02,0.01,70902.62,1776064610000
1776064612.597,112.597,0.34,0.35,0.65,0.66,0.01,0.01,70902.61,1776064611000
1776064613.1,113.1,0.34,0.35,0.65,0.66,0.01,0.01,70902.61,1776064611000
1776064613.496,113.496,0.3,0.31,0.67,0.68,0.01,0.01,70902.61,1776064611000
1776064613.901,113.901,0.3,0.31,0.69,0.7,0.01,0.01,70902.59,1776064612000
1776064614.279,114.279,0.28,0.29,0.69,0.72,0.01,0.03,70902.59,1776064612000
1776064614.614,114.614,0.28,0.29,0.71,0.72,0.01,0.01,70901.25,1776064613000
1776064614.949,114.949,0.26,0.27,0.73,0.74,0.01,0.01,70901.25,1776064613000
1776064615.377,115.377,0.26,0.27,0.73,0.74,0.01,0.01,70898.95,1776064614000
1776064615.711,115.711,0.26,0.27,0.73,0.74,0.01,0.01,70898.95,1776064614000
1776064616.292,116.292,0.26,0.27,0.73,0.74,0.01,0.01,70898.95,1776064614000
1776064616.63,116.63,0.26,0.27,0.73,0.74,0.01,0.01,70896.61,1776064615000
1776064616.968,116.968,0.26,0.27,0.73,0.74,0.01,0.01,70896.61,1776064615000
1776064617.34,117.34,0.25,0.27,0.73,0.75,0.02,0.02,70893.74,1776064616000
1776064617.824,117.824,0.24,0.25,0.74,0.76,0.01,0.02,70893.74,1776064616000
1776064618.158,118.158,0.24,0.25,0.75,0.76,0.01,0.01,70893.74,1776064616000
1776064618.609,118.609,0.24,0.25,0.75,0.76,0.01,0.01,70893.74,1776064616000
1776064618.97,118.97,0.24,0.25,0.75,0.76,0.01,0.01,70893.22,1776064617000
1776064619.354,119.354,0.24,0.25,0.75,0.76,0.01,0.01,70893.22,1776064617000
1776064619.697,119.697,0.24,0.25,0.75,0.76,0.01,0.01,70892.26,1776064618000
1776064620.038,120.038,0.24,0.25,0.75,0.76,0.01,0.01,70892.26,1776064618000
1776064620.379,120.379,0.23,0.25,0.75,0.76,0.02,0.01,70892.26,1776064618000
1776064620.716,120.716,0.23,0.24,0.76,0.77,0.01,0.01,70892.26,1776064618000
1776064621.317,121.317,0.23,0.24,0.76,0.77,0.01,0.01,70890.51,1776064619000
1776064621.664,121.664,0.22,0.23,0.77,0.78,0.01,0.01,70890.51,1776064619000
1776064622.312,122.312,0.22,0.23,0.77,0.78,0.01,0.01,70890.0,1776064620000
1776064622.792,122.792,0.22,0.23,0.77,0.78,0.01,0.01,70889.33,1776064621000
1776064623.258,123.258,0.22,0.23,0.77,0.78,0.01,0.01,70889.33,1776064621000
1776064623.655,123.655,0.22,0.23,0.77,0.78,0.01,0.01,70888.99,1776064622000
1776064623.988,123.988,0.22,0.23,0.77,0.78,0.01,0.01,70888.99,1776064622000
1776064624.453,124.453,0.22,0.23,0.77,0.78,0.01,0.01,70888.99,1776064623000
1776064625.006,125.006,0.22,0.23,0.73,0.78,0.01,0.05,70888.99,1776064623000
1776064625.349,125.349,0.22,0.23,0.77,0.78,0.01,0.01,70888.99,1776064623000
1776064625.687,125.687,0.21,0.23,0.77,0.78,0.02,0.01,70888.99,1776064623000
1776064626.073,126.073,0.21,0.22,0.78,0.79,0.01,0.01,70889.62,1776064624000
1776064626.419,126.419,0.2,0.22,0.78,0.8,0.02,0.02,70889.62,1776064624000
1776064626.773,126.773,0.19,0.2,0.8,0.81,0.01,0.01,70889.68,1776064625000
1776064627.468,127.468,0.19,0.2,0.8,0.81,0.01,0.01,70889.68,1776064625000
1776064627.84,127.84,0.19,0.2,0.8,0.81,0.01,0.01,70888.2,1776064626000
1776064628.207,128.207,0.19,0.2,0.8,0.81,0.01,0.01,70887.89,1776064627000
1776064628.739,128.739,0.19,0.21,0.8,0.81,0.02,0.01,70887.89,1776064627000
1776064629.211,129.211,0.19,0.2,0.8,0.81,0.01,0.01,70887.89,1776064627000
1776064629.712,129.712,0.19,0.2,0.8,0.81,0.01,0.01,70885.11,1776064628000
1776064630.046,130.046,0.19,0.2,0.8,0.81,0.01,0.01,70885.11,1776064628000
1776064630.578,130.578,0.2,0.21,0.79,0.81,0.01,0.02,70885.01,1776064629000
1776064631.137,131.137,0.2,0.21,0.79,0.8,0.01,0.01,70885.01,1776064630000
1776064631.562,131.562,0.2,0.21,0.79,0.8,0.01,0.01,70885.01,1776064630000
1776064632.304,132.304,0.2,0.21,0.79,0.8,0.01,0.01,70885.01,1776064630000
1776064632.817,132.817,0.2,0.21,0.79,0.8,0.01,0.01,70884.92,1776064631000
1776064633.322,133.322,0.2,0.21,0.79,0.8,0.01,0.01,70884.29,1776064632000
1776064633.665,133.665,0.22,0.23,0.77,0.78,0.01,0.01,70884.29,1776064632000
1776064634.243,134.243,0.22,0.23,0.77,0.78,0.01,0.01,70884.29,1776064632000
1776064634.711,134.711,0.22,0.23,0.77,0.78,0.01,0.01,70884.29,1776064632000
1776064635.134,135.134,0.22,0.23,0.77,0.78,0.01,0.01,70884.29,1776064633000
1776064636.148,136.148,0.22,0.23,0.77,0.78,0.01,0.01,70884.71,1776064635000
1776064636.608,136.608,0.22,0.23,0.77,0.78,0.01,0.01,70884.71,1776064635000
1776064636.984,136.984,0.22,0.23,0.77,0.78,0.01,0.01,70884.71,1776064635000
1776064637.452,137.452,0.23,0.24,0.75,0.78,0.01,0.03,70884.71,1776064635000
1776064637.797,137.797,0.23,0.24,0.76,0.77,0.01,0.01,70884.71,1776064636000
1776064638.344,138.344,0.23,0.24,0.76,0.77,0.01,0.01,70884.67,1776064637000
1776064638.727,138.727,0.23,0.24,0.76,0.77,0.01,0.01,70884.67,1776064637000
1776064639.106,139.106,0.21,0.22,0.76,0.79,0.01,0.03,70884.67,1776064638000
1776064639.443,139.443,0.19,0.2,0.8,0.81,0.01,0.01,70884.67,1776064638000
1776064639.884,139.884,0.18,0.19,0.81,0.82,0.01,0.01,70884.67,1776064638000
1776064640.219,140.219,0.17,0.18,0.82,0.83,0.01,0.01,70885.63,1776064639000
1776064640.576,140.576,0.15,0.16,0.83,0.85,0.01,0.02,70885.63,1776064639000
1776064640.985,140.985,0.15,0.16,0.84,0.85,0.01,0.01,70885.63,1776064639000
1776064641.417,141.417,0.15,0.16,0.84,0.85,0.01,0.01,70885.3,1776064640000
1776064641.809,141.809,0.15,0.16,0.84,0.85,0.01,0.01,70885.3,1776064640000
1776064642.289,142.289,0.15,0.16,0.84,0.85,0.01,0.01,70878.61,1776064641000
1776064642.879,142.879,0.15,0.16,0.84,0.85,0.01,0.01,70873.22,1776064642000
1776064643.212,143.212,0.14,0.15,0.85,0.86,0.01,0.01,70873.22,1776064642000
1776064643.602,143.602,0.14,0.15,0.85,0.86,0.01,0.01,70873.22,1776064642000
1776064643.972,143.972,0.13,0.15,0.85,0.87,0.02,0.02,70871.65,1776064643000
1776064644.693,144.693,0.14,0.15,0.85,0.86,0.01,0.01,70871.65,1776064643000
1776064645.033,145.033,0.14,0.15,0.85,0.86,0.01,0.01,70871.65,1776064643000
1776064645.395,145.395,0.14,0.15,0.85,0.86,0.01,0.01,70871.04,1776064644000
1776064645.798,145.798,0.14,0.15,0.85,0.87,0.01,0.02,70871.04,1776064644000
1776064646.148,146.148,0.14,0.15,0.85,0.86,0.01,0.01,70871.04,1776064644000
1776064646.482,146.482,0.16,0.17,0.83,0.84,0.01,0.01,70870.91,1776064645000
1776064647.292,147.292,0.15,0.16,0.84,0.85,0.01,0.01,70871.1,1776064646000
1776064647.757,147.757,0.15,0.16,0.84,0.85,0.01,0.01,70871.1,1776064646000
1776064648.231,148.231,0.15,0.16,0.84,0.85,0.01,0.01,70871.3,1776064647000
1776064648.595,148.595,0.15,0.16,0.84,0.85,0.01,0.01,70871.3,1776064647000
1776064649.135,149.135,0.15,0.16,0.84,0.85,0.01,0.01,70871.3,1776064647000
1776064649.717,149.717,0.15,0.17,0.84,0.85,0.02,0.01,70871.3,1776064648000
1776064650.092,150.092,0.15,0.16,0.84,0.85,0.01,0.01,70871.3,1776064648000
1776064651.023,151.023,0.16,0.17,0.83,0.84,0.01,0.01,70871.3,1776064649000
1776064651.363,151.363,0.16,0.17,0.83,0.84,0.01,0.01,70871.37,1776064650000
1776064651.712,151.712,0.15,0.16,0.83,0.84,0.01,0.01,70871.37,1776064650000
1776064652.125,152.125,0.14,0.15,0.85,0.86,0.01,0.01,70871.37,1776064650000
1776064652.611,152.611,0.14,0.15,0.85,0.86,0.01,0.01,70871.37,1776064650000
1776064652.954,152.954,0.14,0.15,0.85,0.86,0.01,0.01,70871.37,1776064650000
1776064653.666,153.666,0.14,0.15,0.85,0.86,0.01,0.01,70871.37,1776064652000
1776064654.115,154.115,0.12,0.13,0.87,0.88,0.01,0.01,70871.37,1776064652000
1776064654.534,154.534,0.11,0.12,0.87,0.89,0.01,0.02,70869.45,1776064653000
1776064654.91,154.91,0.11,0.12,0.88,0.89,0.01,0.01,70869.45,1776064653000
1776064655.326,155.326,0.11,0.12,0.88,0.89,0.01,0.01,70867.07,1776064654000
1776064655.674,155.674,0.11,0.13,0.88,0.89,0.02,0.01,70867.07,1776064654000
1776064656.288,156.288,0.12,0.13,0.87,0.88,0.01,0.01,70867.07,1776064654000
1776064656.634,156.634,0.11,0.13,0.87,0.89,0.02,0.02,70865.4,1776064655000
1776064657.081,157.081,0.11,0.12,0.88,0.89,0.01,0.01,70864.74,1776064656000
1776064657.591,157.591,0.12,0.13,0.87,0.89,0.01,0.02,70864.74,1776064656000
1776064657.994,157.994,0.11,0.12,0.88,0.89,0.01,0.01,70864.74,1776064656000
1776064658.602,158.602,0.1,0.12,0.88,0.89,0.02,0.01,70865.2,1776064657000
1776064658.943,158.943,0.11,0.12,0.88,0.89,0.01,0.01,70865.2,1776064657000
1776064659.277,159.277,0.1,0.11,0.89,0.9,0.01,0.01,70865.25,1776064658000
1776064659.629,159.629,0.1,0.11,0.89,0.9,0.01,0.01,70865.25,1776064658000
1776064660.322,160.322,0.1,0.11,0.89,0.9,0.01,0.01,70865.23,1776064659000
1776064660.809,160.809,0.1,0.11,0.89,0.9,0.01,0.01,70865.23,1776064659000
1776064661.228,161.228,0.1,0.11,0.89,0.9,0.01,0.01,70865.23,1776064659000
1776064661.607,161.607,0.1,0.11,0.89,0.9,0.01,0.01,70864.52,1776064660000
1776064661.941,161.941,0.13,0.15,0.85,0.87,0.02,0.02,70864.52,1776064660000
1776064662.432,162.432,0.15,0.16,0.84,0.86,0.01,0.02,70864.52,1776064660000
1776064662.817,162.817,0.14,0.15,0.85,0.86,0.01,0.01,70864.5,1776064661000
1776064663.151,163.151,0.14,0.15,0.85,0.86,0.01,0.01,70864.5,1776064662000
1776064663.649,163.649,0.14,0.15,0.85,0.86,0.01,0.01,70864.5,1776064662000
1776064664.11,164.11,0.14,0.15,0.85,0.86,0.01,0.01,70866.9,1776064663000
1776064664.887,164.887,0.14,0.15,0.85,0.86,0.01,0.01,70866.9,1776064663000
1776064665.353,165.353,0.14,0.15,0.85,0.86,0.01,0.01,70869.09,1776064664000
1776064665.784,165.784,0.14,0.15,0.85,0.86,0.01,0.01,70869.09,1776064664000
1776064666.163,166.163,0.13,0.14,0.85,0.87,0.01,0.02,70869.09,1776064664000
1776064666.565,166.565,0.13,0.14,0.86,0.87,0.01,0.01,70869.49,1776064665000
1776064666.974,166.974,0.13,0.14,0.86,0.87,0.01,0.01,70869.49,1776064665000
1776064667.402,167.402,0.13,0.14,0.86,0.87,0.01,0.01,70869.49,1776064666000
1776064667.947,167.947,0.13,0.14,0.86,0.87,0.01,0.01,70869.49,1776064666000
1776064668.505,168.505,0.11,0.14,0.86,0.87,0.03,0.01,70870,1776064667000
1776064668.996,168.996,0.12,0.13,0.87,0.88,0.01,0.01,70870,1776064667000
1776064669.648,169.648,0.12,0.13,0.87,0.88,0.01,0.01,70870.18,1776064668000
1776064670.025,170.025,0.12,0.13,0.87,0.88,0.01,0.01,70870.18,1776064668000
1776064670.767,170.767,0.12,0.13,0.87,0.88,0.01,0.01,70870.18,1776064669000
1776064671.254,171.254,0.12,0.13,0.87,0.88,0.01,0.01,70870.18,1776064670000
1776064671.883,171.883,0.12,0.13,0.87,0.88,0.01,0.01,70870.18,1776064670000
1776064672.433,172.433,0.11,0.13,0.85,0.88,0.02,0.03,70870.18,1776064670000
1776064672.77,172.77,0.11,0.16,0.84,0.89,0.05,0.05,70870.18,1776064670000
1776064673.2,173.2,0.11,0.16,0.84,0.89,0.05,0.05,70870.21,1776064672000
1776064673.728,173.728,0.13,0.15,0.85,0.87,0.02,0.02,70870.21,1776064672000
1776064674.483,174.483,0.14,0.15,0.85,0.86,0.01,0.01,70869.92,1776064673000
1776064674.957,174.957,0.13,0.14,0.85,0.86,0.01,0.01,70869.92,1776064673000
1776064675.3,175.3,0.13,0.14,0.86,0.87,0.01,0.01,70869.91,1776064674000
1776064675.883,175.883,0.14,0.15,0.85,0.86,0.01,0.01,70869.91,1776064674000
1776064676.311,176.311,0.14,0.15,0.85,0.86,0.01,0.01,70869,1776064675000
1776064676.704,176.704,0.14,0.15,0.85,0.86,0.01,0.01,70869,1776064675000
1776064677.041,177.041,0.14,0.15,0.85,0.86,0.01,0.01,70868.76,1776064676000
1776064677.413,177.413,0.14,0.15,0.85,0.86,0.01,0.01,70868.76,1776064676000
1776064677.856,177.856,0.14,0.15,0.85,0.86,0.01,0.01,70868.76,1776064676000
1776064678.218,178.218,0.14,0.15,0.85,0.86,0.01,0.01,70868.76,1776064677000
1776064678.628,178.628,0.14,0.15,0.85,0.86,0.01,0.01,70868.76,1776064677000
1776064679.188,179.188,0.15,0.16,0.84,0.85,0.01,0.01,70868.72,1776064678000
1776064679.542,179.542,0.15,0.16,0.84,0.85,0.01,0.01,70868.72,1776064678000
1776064680.076,180.076,0.15,0.16,0.84,0.85,0.01,0.01,70868.72,1776064678000
1776064680.679,180.679,0.15,0.16,0.84,0.85,0.01,0.01,70868.72,1776064679000
1776064681.128,181.128,0.15,0.16,0.84,0.85,0.01,0.01,70868.72,1776064679000
1776064681.463,181.463,0.15,0.16,0.84,0.85,0.01,0.01,70869.48,1776064680000
1776064681.803,181.803,0.15,0.16,0.84,0.85,0.01,0.01,70869.48,1776064680000
1776064682.162,182.162,0.15,0.16,0.84,0.85,0.01,0.01,70869.48,1776064681000
1776064682.856,182.856,0.15,0.16,0.84,0.85,0.01,0.01,70869.48,1776064681000
1776064683.269,183.269,0.15,0.16,0.84,0.85,0.01,0.01,70869.48,1776064681000
1776064683.848,183.848,0.15,0.16,0.84,0.85,0.01,0.01,70869.46,1776064682000
1776064684.565,184.565,0.15,0.16,0.84,0.85,0.01,0.01,70869.46,1776064683000
1776064684.926,184.926,0.15,0.16,0.84,0.85,0.01,0.01,70869.44,1776064684000
1776064685.381,185.381,0.15,0.16,0.84,0.85,0.01,0.01,70869.44,1776064684000
1776064685.747,185.747,0.15,0.16,0.84,0.85,0.01,0.01,70869.44,1776064684000
1776064686.117,186.117,0.15,0.16,0.84,0.85,0.01,0.01,70869.44,1776064684000
1776064686.523,186.523,0.15,0.16,0.84,0.85,0.01,0.01,70869.3,1776064685000
1776064687.018,187.018,0.15,0.16,0.84,0.85,0.01,0.01,70869.3,1776064685000
1776064687.416,187.416,0.15,0.16,0.84,0.85,0.01,0.01,70868.88,1776064686000
1776064687.892,187.892,0.16,0.17,0.83,0.84,0.01,0.01,70868.88,1776064686000
1776064688.242,188.242,0.17,0.18,0.82,0.83,0.01,0.01,70868.89,1776064687000
1776064688.597,188.597,0.17,0.18,0.82,0.83,0.01,0.01,70868.89,1776064687000
1776064688.941,188.941,0.17,0.18,0.82,0.83,0.01,0.01,70868.89,1776064687000
1776064689.295,189.295,0.17,0.18,0.82,0.83,0.01,0.01,70869.63,1776064688000
1776064689.9,189.9,0.17,0.18,0.82,0.83,0.01,0.01,70869.63,1776064688000
1776064690.399,190.399,0.17,0.18,0.82,0.83,0.01,0.01,70872.32,1776064689000
1776064690.929,190.929,0.16,0.17,0.82,0.83,0.01,0.01,70872.32,1776064689000
1776064691.342,191.342,0.16,0.17,0.83,0.84,0.01,0.01,70872.32,1776064690000
1776064691.824,191.824,0.16,0.17,0.83,0.84,0.01,0.01,70872.32,1776064690000
1776064692.162,192.162,0.16,0.17,0.83,0.84,0.01,0.01,70872.32,1776064690000
1776064692.785,192.785,0.16,0.17,0.83,0.84,0.01,0.01,70872.32,1776064690000
1776064693.127,193.127,0.15,0.17,0.83,0.84,0.02,0.01,70872.31,1776064691000
1776064693.522,193.522,0.16,0.17,0.83,0.84,0.01,0.01,70872.35,1776064692000
1776064694.117,194.117,0.16,0.17,0.83,0.84,0.01,0.01,70872.34,1776064693000
1776064694.585,194.585,0.16,0.17,0.83,0.84,0.01,0.01,70872.34,1776064693000
1776064695.166,195.166,0.16,0.17,0.83,0.84,0.01,0.01,70872.35,1776064694000
1776064695.682,195.682,0.16,0.17,0.83,0.84,0.01,0.01,70872.35,1776064694000
1776064696.064,196.064,0.15,0.16,0.83,0.85,0.01,0.02,70872.35,1776064694000
1776064696.461,196.461,0.15,0.16,0.84,0.85,0.01,0.01,70872.36,1776064695000
1776064696.862,196.862,0.15,0.16,0.84,0.85,0.01,0.01,70872.36,1776064695000
1776064697.3,197.3,0.15,0.16,0.84,0.85,0.01,0.01,70872.36,1776064695000
1776064697.655,197.655,0.15,0.16,0.84,0.85,0.01,0.01,70872.36,1776064695000
1776064698.149,198.149,0.15,0.16,0.84,0.85,0.01,0.01,70872.92,1776064696000
1776064698.573,198.573,0.15,0.16,0.84,0.85,0.01,0.01,70871.5,1776064697000
1776064698.951,198.951,0.15,0.16,0.84,0.85,0.01,0.01,70871.5,1776064697000
1776064699.303,199.303,0.15,0.16,0.84,0.85,0.01,0.01,70871.5,1776064697000
1776064699.637,199.637,0.15,0.16,0.84,0.85,0.01,0.01,70872.21,1776064698000
1776064700.006,200.006,0.15,0.16,0.84,0.85,0.01,0.01,70872.21,1776064698000
1776064700.382,200.382,0.15,0.16,0.84,0.85,0.01,0.01,70870.03,1776064699000
1776064701.268,201.268,0.15,0.16,0.84,0.85,0.01,0.01,70870.03,1776064699000
1776064701.901,201.901,0.15,0.16,0.84,0.85,0.01,0.01,70868.72,1776064700000
1776064702.673,202.673,0.15,0.16,0.84,0.85,0.01,0.01,70868.28,1776064701000
1776064703.317,203.317,0.15,0.16,0.84,0.85,0.01,0.01,70868.28,1776064701000
1776064703.738,203.738,0.15,0.16,0.84,0.85,0.01,0.01,70868.63,1776064702000
1776064704.076,204.076,0.15,0.16,0.84,0.85,0.01,0.01,70868.63,1776064702000
1776064704.421,204.421,0.15,0.16,0.84,0.85,0.01,0.01,70868.63,1776064702000
1776064704.934,204.934,0.15,0.16,0.84,0.85,0.01,0.01,70868.61,1776064703000
1776064705.417,205.417,0.11,0.14,0.85,0.87,0.03,0.02,70868.59,1776064704000
1776064705.794,205.794,0.11,0.12,0.88,0.89,0.01,0.01,70868.59,1776064704000
1776064706.522,206.522,0.11,0.12,0.88,0.89,0.01,0.01,70868.54,1776064705000
1776064707.221,207.221,0.11,0.12,0.88,0.89,0.01,0.01,70868.54,1776064705000
1776064707.686,207.686,0.11,0.12,0.88,0.89,0.01,0.01,70868.54,1776064706000
1776064708.367,208.367,0.11,0.12,0.88,0.89,0.01,0.01,70868.44,1776064707000
1776064708.9,208.9,0.11,0.12,0.88,0.89,0.01,0.01,70868.44,1776064707000
1776064709.518,209.518,0.11,0.12,0.88,0.89,0.01,0.01,70868.38,1776064708000
1776064709.855,209.855,0.11,0.12,0.88,0.89,0.01,0.01,70868.38,1776064708000
1776064710.459,210.459,0.11,0.12,0.88,0.89,0.01,0.01,70868.38,1776064709000
1776064710.834,210.834,0.1,0.12,0.88,0.9,0.02,0.02,70868.38,1776064709000
1776064711.3,211.3,0.1,0.12,0.88,0.9,0.02,0.02,70868.39,1776064710000
1776064711.854,211.854,0.1,0.11,0.88,0.89,0.01,0.01,70868.39,1776064710000
1776064712.303,212.303,0.1,0.11,0.89,0.9,0.01,0.01,70868.39,1776064710000
1776064712.641,212.641,0.12,0.13,0.87,0.88,0.01,0.01,70868.39,1776064710000
1776064713.047,213.047,0.14,0.15,0.85,0.86,0.01,0.01,70868.44,1776064711000
1776064713.587,213.587,0.14,0.15,0.85,0.86,0.01,0.01,70868.44,1776064711000
1776064714.071,214.071,0.16,0.17,0.83,0.84,0.01,0.01,70868.72,1776064712000
1776064714.714,214.714,0.16,0.17,0.83,0.84,0.01,0.01,70868.76,1776064713000
1776064715.107,215.107,0.18,0.19,0.81,0.82,0.01,0.01,70868.76,1776064713000
1776064715.467,215.467,0.18,0.19,0.81,0.82,0.01,0.01,70868.76,1776064713000
1776064715.945,215.945,0.18,0.19,0.81,0.82,0.01,0.01,70872.68,1776064714000
1776064716.403,216.403,0.18,0.19,0.81,0.82,0.01,0.01,70875.23,1776064715000
1776064716.777,216.777,0.18,0.19,0.81,0.82,0.01,0.01,70875.23,1776064715000
1776064717.125,217.125,0.18,0.19,0.81,0.82,0.01,0.01,70875.23,1776064715000
1776064717.573,217.573,0.18,0.19,0.81,0.82,0.01,0.01,70875.23,1776064715000
1776064717.935,217.935,0.18,0.19,0.8,0.82,0.01,0.02,70875.23,1776064715000
1776064718.312,218.312,0.18,0.19,0.81,0.82,0.01,0.01,70877.17,1776064716000
1776064718.661,218.661,0.13,0.14,0.86,0.87,0.01,0.01,70877.28,1776064717000
1776064719.002,219.002,0.11,0.12,0.87,0.89,0.01,0.02,70877.28,1776064717000
1776064719.365,219.365,0.11,0.12,0.88,0.89,0.01,0.01,70877.29,1776064718000
1776064719.939,219.939,0.11,0.12,0.88,0.89,0.01,0.01,70877.29,1776064718000
1776064720.483,220.483,0.11,0.12,0.88,0.89,0.01,0.01,70877.29,1776064718000
1776064720.82,220.82,0.11,0.12,0.88,0.89,0.01,0.01,70877.05,1776064719000
1776064721.437,221.437,0.11,0.12,0.88,0.89,0.01,0.01,70874.63,1776064720000
1776064721.957,221.957,0.11,0.12,0.88,0.89,0.01,0.01,70874.63,1776064720000
1776064722.467,222.467,0.11,0.12,0.88,0.89,0.01,0.01,70874.63,1776064720000
1776064722.91,222.91,0.11,0.12,0.88,0.89,0.01,0.01,70873.86,1776064721000
1776064723.524,223.524,0.11,0.12,0.88,0.89,0.01,0.01,70873.86,1776064721000
1776064723.919,223.919,0.11,0.12,0.88,0.89,0.01,0.01,70873.66,1776064722000
1776064724.261,224.261,0.11,0.12,0.88,0.89,0.01,0.01,70873.66,1776064722000
1776064724.791,224.791,0.11,0.12,0.88,0.89,0.01,0.01,70873.65,1776064723000
1776064725.235,225.235,0.11,0.12,0.88,0.89,0.01,0.01,70873.65,1776064723000
1776064725.697,225.697,0.1,0.11,0.88,0.89,0.01,0.01,70873.56,1776064724000
1776064726.316,226.316,0.1,0.11,0.89,0.9,0.01,0.01,70873.56,1776064724000
1776064726.698,226.698,0.1,0.11,0.89,0.9,0.01,0.01,70872.93,1776064725000
1776064727.785,227.785,0.1,0.11,0.89,0.9,0.01,0.01,70872.71,1776064726000
1776064728.684,228.684,0.1,0.11,0.89,0.9,0.01,0.01,70872.71,1776064726000
1776064729.368,229.368,0.1,0.11,0.89,0.9,0.01,0.01,70872.1,1776064728000
1776064729.799,229.799,0.1,0.11,0.89,0.9,0.01,0.01,70872.1,1776064728000
1776064730.199,230.199,0.1,0.11,0.89,0.9,0.01,0.01,70872.1,1776064728000
1776064730.669,230.669,0.08,0.09,0.91,0.92,0.01,0.01,70872.1,1776064728000
1776064731.097,231.097,0.08,0.09,0.91,0.92,0.01,0.01,70872.11,1776064729000
1776064731.438,231.438,0.08,0.09,0.91,0.92,0.01,0.01,70872.11,1776064729000
1776064731.811,231.811,0.08,0.09,0.91,0.92,0.01,0.01,70872.11,1776064729000
1776064732.186,232.186,0.08,0.09,0.91,0.92,0.01,0.01,70870.49,1776064730000
1776064732.762,232.762,0.08,0.09,0.91,0.92,0.01,0.01,70869.75,1776064731000
1776064733.14,233.14,0.08,0.09,0.91,0.92,0.01,0.01,70867.33,1776064732000
1776064733.515,233.515,0.06,0.07,0.91,0.94,0.01,0.03,70867.33,1776064732000
1776064733.968,233.968,0.06,0.07,0.93,0.94,0.01,0.01,70866.53,1776064733000
1776064734.36,234.36,0.06,0.07,0.93,0.94,0.01,0.01,70866.53,1776064733000
1776064734.73,234.73,0.07,0.08,0.92,0.94,0.01,0.02,70866.53,1776064733000
1776064735.125,235.125,0.07,0.08,0.92,0.93,0.01,0.01,70866.04,1776064734000
1776064735.509,235.509,0.08,0.09,0.91,0.93,0.01,0.02,70866.04,1776064734000
1776064735.852,235.852,0.07,0.09,0.91,0.93,0.02,0.02,70866.04,1776064734000
1776064736.303,236.303,0.07,0.08,0.91,0.93,0.01,0.02,70866.14,1776064735000
1776064736.848,236.848,0.07,0.08,0.92,0.93,0.01,0.01,70866.9,1776064736000
1776064737.185,237.185,0.06,0.07,0.92,0.94,0.01,0.02,70866.9,1776064736000
1776064737.678,237.678,0.05,0.06,0.93,0.95,0.01,0.02,70866.9,1776064736000
1776064738.076,238.076,0.03,0.06,0.94,0.95,0.03,0.01,70866.9,1776064736000
1776064738.417,238.417,0.04,0.05,0.95,0.96,0.01,0.01,70867.47,1776064737000
1776064738.755,238.755,0.04,0.05,0.95,0.96,0.01,0.01,70867.47,1776064737000
1776064739.11,239.11,0.04,0.05,0.95,0.96,0.01,0.01,70867.47,1776064737000
1776064739.454,239.454,0.04,0.05,0.95,0.96,0.01,0.01,70868.29,1776064738000
1776064739.798,239.798,0.04,0.05,0.95,0.96,0.01,0.01,70868.29,1776064738000
1776064740.235,240.235,0.04,0.05,0.95,0.96,0.01,0.01,70868.29,1776064738000
1776064740.618,240.618,0.03,0.04,0.95,0.96,0.01,0.01,70868.3,1776064739000
1776064740.964,240.964,0.03,0.04,0.96,0.97,0.01,0.01,70868.3,1776064739000
1776064741.297,241.297,0.03,0.04,0.96,0.97,0.01,0.01,70867.95,1776064740000
1776064742.156,242.156,0.03,0.04,0.96,0.97,0.01,0.01,70867.95,1776064741000
1776064742.65,242.65,0.03,0.04,0.96,0.97,0.01,0.01,70867.95,1776064741000
1776064743.229,243.229,0.03,0.04,0.96,0.97,0.01,0.01,70867.71,1776064742000
1776064743.688,243.688,0.03,0.04,0.96,0.97,0.01,0.01,70867.71,1776064742000
1776064744.628,244.628,0.03,0.04,0.96,0.97,0.01,0.01,70867.15,1776064743000
1776064745.17,245.17,0.03,0.04,0.96,0.97,0.01,0.01,70867.15,1776064743000
1776064745.582,245.582,0.03,0.04,0.96,0.97,0.01,0.01,70867.29,1776064744000
1776064745.943,245.943,0.03,0.04,0.96,0.97,0.01,0.01,70867.29,1776064744000
1776064746.426,246.426,0.03,0.04,0.96,0.97,0.01,0.01,70867.29,1776064745000
1776064746.791,246.791,0.03,0.04,0.96,0.97,0.01,0.01,70867.29,1776064745000
1776064747.141,247.141,0.03,0.04,0.96,0.97,0.01,0.01,70867.02,1776064746000
1776064747.679,247.679,0.03,0.04,0.96,0.97,0.01,0.01,70867.02,1776064746000
1776064748.122,248.122,0.02,0.03,0.97,0.98,0.01,0.01,70867.06,1776064747000
1776064748.611,248.611,0.02,0.03,0.97,0.98,0.01,0.01,70867.06,1776064747000
1776064749.145,249.145,0.02,0.03,0.97,0.98,0.01,0.01,70867.11,1776064748000
1776064749.606,249.606,0.02,0.04,0.97,0.98,0.02,0.01,70867.11,1776064748000
1776064749.992,249.992,0.02,0.04,0.96,0.97,0.02,0.01,70867.11,1776064748000
1776064750.399,250.399,0.02,0.03,0.96,0.98,0.01,0.02,70867.41,1776064749000
1776064751.008,251.008,0.02,0.03,0.97,0.98,0.01,0.01,70867.41,1776064749000
1776064751.665,251.665,0.02,0.03,0.97,0.98,0.01,0.01,70867.52,1776064750000
1776064752.073,252.073,0.02,0.03,0.97,0.98,0.01,0.01,70867.52,1776064750000
1776064752.465,252.465,0.02,0.03,0.97,0.98,0.01,0.01,70867.58,1776064751000
1776064752.811,252.811,0.02,0.03,0.97,0.98,0.01,0.01,70867.58,1776064751000
1776064753.154,253.154,0.02,0.03,0.97,0.98,0.01,0.01,70867.64,1776064752000
1776064753.954,253.954,0.02,0.03,0.97,0.98,0.01,0.01,70867.64,1776064752000
1776064754.446,254.446,0.02,0.03,0.97,0.98,0.01,0.01,70867.66,1776064753000
1776064754.924,254.924,0.02,0.03,0.97,0.98,0.01,0.01,70867.66,1776064753000
1776064755.627,255.627,0.02,0.03,0.97,0.98,0.01,0.01,70867.58,1776064754000
1776064756.044,256.044,0.02,0.03,0.97,0.98,0.01,0.01,70867.57,1776064755000
1776064756.453,256.453,0.02,0.03,0.97,0.98,0.01,0.01,70867.57,1776064755000
1776064756.854,256.854,0.02,0.03,0.97,0.98,0.01,0.01,70867.57,1776064755000
1776064757.263,257.263,0.02,0.03,0.97,0.98,0.01,0.01,70867.57,1776064755000
1776064757.643,257.643,0.02,0.03,0.97,0.98,0.01,0.01,70867.57,1776064755000
1776064758.234,258.234,0.02,0.03,0.97,0.98,0.01,0.01,70867.87,1776064757000
1776064759.12,259.12,0.02,0.03,0.97,0.98,0.01,0.01,70867.87,1776064757000
1776064759.518,259.518,0.02,0.03,0.97,0.98,0.01,0.01,70867.87,1776064758000
1776064760.061,260.061,0.02,0.03,0.97,0.98,0.01,0.01,70867.87,1776064758000
1776064760.532,260.532,0.02,0.03,0.97,0.98,0.01,0.01,70867.85,1776064759000
1776064760.921,260.921,0.02,0.03,0.97,0.98,0.01,0.01,70867.85,1776064759000
1776064761.256,261.256,0.02,0.03,0.97,0.98,0.01,0.01,70867.85,1776064759000
1776064761.985,261.985,0.02,0.03,0.97,0.98,0.01,0.01,70867.85,1776064760000
1776064762.555,262.555,0.02,0.03,0.97,0.98,0.01,0.01,70867.85,1776064761000
1776064763.101,263.101,0.02,0.03,0.97,0.98,0.01,0.01,70867.85,1776064761000
1776064763.531,263.531,0.02,0.03,0.97,0.98,0.01,0.01,70868.56,1776064762000
1776064763.869,263.869,0.02,0.03,0.97,0.98,0.01,0.01,70868.56,1776064762000
1776064764.386,264.386,0.02,0.03,0.97,0.98,0.01,0.01,70868.73,1776064763000
1776064764.737,264.737,0.02,0.03,0.97,0.98,0.01,0.01,70868.73,1776064763000
1776064765.124,265.124,0.03,0.04,0.96,0.97,0.01,0.01,70868.73,1776064763000
1776064765.567,265.567,0.04,0.05,0.95,0.96,0.01,0.01,70869.26,1776064764000
1776064766.124,266.124,0.04,0.05,0.95,0.96,0.01,0.01,70869.26,1776064764000
1776064766.569,266.569,0.04,0.05,0.95,0.96,0.01,0.01,70869.26,1776064765000
1776064766.956,266.956,0.04,0.05,0.95,0.96,0.01,0.01,70869.26,1776064765000
1776064767.325,267.325,0.04,0.05,0.95,0.96,0.01,0.01,70873.57,1776064766000
1776064767.893,267.893,0.04,0.05,0.95,0.97,0.01,0.02,70873.57,1776064766000
1776064768.389,268.389,0.02,0.04,0.95,0.98,0.02,0.03,70873.57,1776064766000
1776064768.794,268.794,0.03,0.04,0.96,0.97,0.01,0.01,70874.27,1776064767000
1776064769.212,269.212,0.03,0.04,0.96,0.97,0.01,0.01,70874.27,1776064767000
1776064769.607,269.607,0.03,0.04,0.96,0.97,0.01,0.01,70875.54,1776064768000
1776064770.041,270.041,0.03,0.05,0.96,0.97,0.02,0.01,70875.54,1776064768000
1776064770.377,270.377,0.02,0.03,0.96,0.97,0.01,0.01,70875.54,1776064768000
1776064770.729,270.729,0.03,0.04,0.96,0.97,0.01,0.01,70874.43,1776064769000
1776064771.067,271.067,0.03,0.04,0.96,0.97,0.01,0.01,70874.26,1776064770000
1776064771.442,271.442,0.02,0.03,0.97,0.98,0.01,0.01,70874.26,1776064770000
1776064771.852,271.852,0.02,0.03,0.97,0.98,0.01,0.01,70874.26,1776064770000
1776064772.254,272.254,0.02,0.03,0.97,0.98,0.01,0.01,70874.26,1776064770000
1776064772.632,272.632,0.02,0.03,0.97,0.98,0.01,0.01,70874.26,1776064771000
1776064773.01,273.01,0.02,0.03,0.97,0.98,0.01,0.01,70870.96,1776064772000
1776064773.348,273.348,0.02,0.03,0.97,0.98,0.01,0.01,70870.96,1776064772000
1776064773.696,273.696,0.01,0.02,0.97,0.98,0.01,0.01,70870.96,1776064772000
1776064774.054,274.054,0.01,0.02,0.98,0.99,0.01,0.01,70870.96,1776064772000
1776064774.391,274.391,0.01,0.02,0.98,0.99,0.01,0.01,70865.95,1776064773000
1776064774.734,274.734,0.01,0.02,0.98,0.99,0.01,0.01,70865.95,1776064773000
1776064775.08,275.08,0.01,0.02,0.98,0.99,0.01,0.01,70865.95,1776064773000
1776064775.426,275.426,0.01,0.02,0.98,0.99,0.01,0.01,70864.58,1776064774000
1776064775.831,275.831,0.01,0.02,0.98,0.99,0.01,0.01,70864.58,1776064774000
1776064776.174,276.174,0.01,0.02,0.98,0.99,0.01,0.01,70864.58,1776064775000
1776064776.568,276.568,0.01,0.02,0.98,0.99,0.01,0.01,70864.58,1776064775000
1776064776.905,276.905,0.01,0.02,0.98,0.99,0.01,0.01,70864.58,1776064775000
1776064777.301,277.301,0.01,0.02,0.98,0.99,0.01,0.01,70865.28,1776064776000
1776064778.059,278.059,0.01,0.02,0.98,0.99,0.01,0.01,70865.28,1776064776000
1776064778.479,278.479,0.01,0.02,0.98,0.99,0.01,0.01,70865.53,1776064777000
1776064779.16,279.16,0.01,0.02,0.98,0.99,0.01,0.01,70866.45,1776064778000
1776064779.597,279.597,0.01,0.02,0.98,0.99,0.01,0.01,70866.45,1776064778000
1776064780.076,280.076,0.01,0.02,0.98,0.99,0.01,0.01,70866.45,1776064779000
1776064780.459,280.459,0.01,0.02,0.98,0.99,0.01,0.01,70866.45,1776064779000
1776064780.839,280.839,0.01,0.02,0.98,0.99,0.01,0.01,70866.45,1776064779000
1776064781.236,281.236,0.01,0.01,0.99,0.99,0.0,0.0,70865.16,1776064780000
1776064781.575,281.575,0.01,0.01,0.99,0.99,0.0,0.0,70865.16,1776064780000
1776064782.069,282.069,0.01,0.01,0.99,0.99,0.0,0.0,70865.16,1776064780000
1776064782.752,282.752,0.01,0.01,0.99,0.99,0.0,0.0,70864.39,1776064781000
1776064783.105,283.105,0.01,0.01,0.99,0.99,0.0,0.0,70864.39,1776064782000
1776064783.494,283.494,0.01,0.01,0.99,0.99,0.0,0.0,70864.39,1776064782000
1776064784.047,284.047,0.01,0.01,0.99,0.99,0.0,0.0,70864.39,1776064782000
1776064784.408,284.408,0.01,0.01,0.99,0.99,0.0,0.0,70863.75,1776064783000
1776064785.1,285.1,0.01,0.01,0.99,0.99,0.0,0.0,70863.61,1776064784000
1776064785.827,285.827,0.01,0.01,0.99,0.99,0.0,0.0,70863.61,1776064784000
1776064787.134,287.134,0.01,0.01,0.99,0.99,0.0,0.0,70864.56,1776064785000
1776064787.537,287.537,0.01,0.01,0.99,0.99,0.0,0.0,70864.75,1776064786000
1776064787.882,287.882,0.01,0.01,0.99,0.99,0.0,0.0,70864.75,1776064786000
1776064788.275,288.275,0.01,0.01,0.99,0.99,0.0,0.0,70863.18,1776064787000
1776064788.753,288.753,0.01,0.01,0.99,0.99,0.0,0.0,70863.18,1776064787000
1776064789.298,289.298,0.01,0.01,0.99,0.99,0.0,0.0,70863.18,1776064788000
1776064789.955,289.955,0.01,0.01,0.99,0.99,0.0,0.0,70863.18,1776064788000
1776064790.892,290.892,0.01,0.01,0.99,0.99,0.0,0.0,70863.18,1776064789000
1776064792.016,292.016,0.01,0.01,0.99,0.99,0.0,0.0,70863.65,1776064791000
1776064793.133,293.133,0.01,0.01,0.99,0.99,0.0,0.0,70864.07,1776064792000
1776064793.931,293.931,0.01,0.01,0.99,0.99,0.0,0.0,70864.09,1776064793000
1776064795.033,295.033,0.01,0.01,0.99,0.99,0.0,0.0,70864.44,1776064794000
1776064795.792,295.792,0.01,0.01,0.99,0.99,0.0,0.0,70864.44,1776064794000
1776064796.171,296.171,0.01,0.01,0.99,0.99,0.0,0.0,70865.03,1776064795000
1776064796.689,296.689,0.01,0.01,0.99,0.99,0.0,0.0,70865.03,1776064795000
1776064797.189,297.189,0.01,0.01,0.99,0.99,0.0,0.0,70864.17,1776064796000
1776064798.147,298.147,0.01,0.01,0.99,0.99,0.0,0.0,70864.17,1776064796000
1776064798.9,298.9,0.01,0.01,0.99,0.99,0.0,0.0,70864.19,1776064798000
1776064800.091,300.091,0.01,0.01,0.99,0.99,0.0,0.0,70864.08,1776064799000
1776064800.453,300.453,0.01,0.01,0.99,0.99,0.0,0.0,70864.08,1776064799000
1776064800.786,300.786,0.01,0.01,0.99,0.99,0.0,0.0,70864.08,1776064799000

# RESULT,winner=Down,slug=btc-updown-5m-1776064500,ticks=654
