timestamp,elapsed_sec,up_bid,up_ask,down_bid,down_ask,up_spread,down_spread,btc_price,btc_oracle_ts
1776243000.592,0.592,0.49,0.5,0.5,0.51,0.01,0.01,74080.83,1776242999000
1776243000.982,0.982,0.49,0.5,0.5,0.51,0.01,0.01,74080.83,1776242999000
1776243001.326,1.326,0.49,0.5,0.5,0.51,0.01,0.01,74080.83,1776242999000
1776243001.712,1.712,0.49,0.5,0.5,0.51,0.01,0.01,74080.82,1776243000000
1776243002.067,2.067,0.49,0.5,0.5,0.51,0.01,0.01,74080.82,1776243000000
1776243002.542,2.542,0.49,0.5,0.5,0.51,0.01,0.01,74080.82,1776243000000
1776243002.931,2.931,0.49,0.5,0.5,0.51,0.01,0.01,74080.82,1776243000000
1776243003.27,3.27,0.49,0.5,0.5,0.51,0.01,0.01,74080.76,1776243001000
1776243003.778,3.778,0.49,0.5,0.5,0.53,0.01,0.03,74080.76,1776243001000
1776243004.122,4.122,0.49,0.5,0.5,0.51,0.01,0.01,74080.75,1776243002000
1776243004.615,4.615,0.48,0.49,0.5,0.52,0.01,0.02,74080.75,1776243002000
1776243005.097,5.097,0.48,0.49,0.51,0.52,0.01,0.01,74080.79,1776243003000
1776243005.777,5.777,0.49,0.5,0.5,0.52,0.01,0.02,74080.79,1776243004000
1776243006.455,6.455,0.49,0.5,0.5,0.51,0.01,0.01,74080.79,1776243004000
1776243006.983,6.983,0.5,0.51,0.49,0.5,0.01,0.01,74080.79,1776243005000
1776243007.441,7.441,0.5,0.51,0.49,0.5,0.01,0.01,74080.79,1776243005000
1776243007.818,7.818,0.5,0.51,0.48,0.5,0.01,0.02,74080.79,1776243006000
1776243008.279,8.279,0.53,0.54,0.46,0.48,0.01,0.02,74080.79,1776243006000
1776243008.698,8.698,0.53,0.54,0.46,0.47,0.01,0.01,74080.79,1776243007000
1776243009.143,9.143,0.53,0.54,0.46,0.47,0.01,0.01,74081.33,1776243008000
1776243009.538,9.538,0.53,0.54,0.46,0.47,0.01,0.01,74081.33,1776243008000
1776243009.928,9.928,0.53,0.54,0.46,0.47,0.01,0.01,74081.33,1776243008000
1776243010.482,10.482,0.53,0.54,0.46,0.47,0.01,0.01,74081.33,1776243008000
1776243010.845,10.845,0.49,0.5,0.5,0.51,0.01,0.01,74081.83,1776243009000
1776243011.429,11.429,0.49,0.5,0.5,0.51,0.01,0.01,74082.2,1776243010000
1776243012.56,12.56,0.49,0.5,0.5,0.51,0.01,0.01,74081.29,1776243011000
1776243012.91,12.91,0.47,0.48,0.5,0.51,0.01,0.01,74081.29,1776243011000
1776243013.253,13.253,0.45,0.47,0.53,0.55,0.02,0.02,74081.29,1776243011000
1776243013.63,13.63,0.43,0.44,0.56,0.57,0.01,0.01,74081.29,1776243012000
1776243013.977,13.977,0.41,0.44,0.56,0.57,0.03,0.01,74081.29,1776243012000
1776243014.313,14.313,0.42,0.43,0.57,0.59,0.01,0.02,74081.39,1776243013000
1776243014.735,14.735,0.42,0.43,0.57,0.58,0.01,0.01,74081.39,1776243013000
1776243015.184,15.184,0.43,0.44,0.57,0.58,0.01,0.01,74081.39,1776243013000
1776243015.588,15.588,0.43,0.44,0.56,0.57,0.01,0.01,74081.39,1776243013000
1776243016.095,16.095,0.44,0.45,0.54,0.56,0.01,0.02,74077.95,1776243014000
1776243016.671,16.671,0.45,0.46,0.54,0.55,0.01,0.01,74077.92,1776243015000
1776243017.048,17.048,0.45,0.46,0.54,0.55,0.01,0.01,74077.92,1776243015000
1776243017.435,17.435,0.46,0.47,0.53,0.54,0.01,0.01,74077.92,1776243015000
1776243017.893,17.893,0.44,0.46,0.53,0.55,0.02,0.02,74077.92,1776243016000
1776243018.46,18.46,0.44,0.45,0.55,0.56,0.01,0.01,74077.92,1776243016000
1776243018.846,18.846,0.44,0.45,0.55,0.56,0.01,0.01,74077.94,1776243017000
1776243019.285,19.285,0.44,0.45,0.55,0.56,0.01,0.01,74077.95,1776243018000
1776243019.754,19.754,0.44,0.45,0.55,0.56,0.01,0.01,74077.95,1776243018000
1776243020.382,20.382,0.42,0.45,0.55,0.56,0.03,0.01,74077.95,1776243018000
1776243020.858,20.858,0.43,0.44,0.55,0.56,0.01,0.01,74077.95,1776243018000
1776243021.234,21.234,0.43,0.44,0.56,0.57,0.01,0.01,74077.96,1776243020000
1776243021.81,21.81,0.43,0.44,0.56,0.57,0.01,0.01,74077.96,1776243020000
1776243022.154,22.154,0.43,0.44,0.56,0.57,0.01,0.01,74077.96,1776243021000
1776243022.544,22.544,0.43,0.44,0.56,0.57,0.01,0.01,74077.96,1776243021000
1776243022.914,22.914,0.43,0.44,0.56,0.57,0.01,0.01,74077.96,1776243021000
1776243023.256,23.256,0.43,0.44,0.56,0.57,0.01,0.01,74077.97,1776243022000
1776243024.068,24.068,0.43,0.44,0.56,0.57,0.01,0.01,74077.99,1776243023000
1776243024.465,24.465,0.43,0.44,0.56,0.57,0.01,0.01,74077.99,1776243023000
1776243025.063,25.063,0.43,0.44,0.56,0.57,0.01,0.01,74077.99,1776243024000
1776243025.439,25.439,0.43,0.44,0.56,0.57,0.01,0.01,74077.99,1776243024000
1776243025.865,25.865,0.44,0.45,0.55,0.56,0.01,0.01,74077.99,1776243024000
1776243026.348,26.348,0.45,0.46,0.54,0.56,0.01,0.02,74077.99,1776243025000
1776243027.097,27.097,0.45,0.46,0.54,0.55,0.01,0.01,74077.87,1776243026000
1776243027.788,27.788,0.45,0.46,0.54,0.55,0.01,0.01,74077.87,1776243026000
1776243028.313,28.313,0.45,0.46,0.54,0.55,0.01,0.01,74077.93,1776243027000
1776243028.668,28.668,0.45,0.46,0.54,0.55,0.01,0.01,74077.93,1776243027000
1776243029.02,29.02,0.45,0.46,0.54,0.55,0.01,0.01,74077.92,1776243028000
1776243029.611,29.611,0.45,0.46,0.54,0.55,0.01,0.01,74077.92,1776243028000
1776243030.007,30.007,0.45,0.46,0.54,0.55,0.01,0.01,74077.98,1776243029000
1776243030.738,30.738,0.45,0.46,0.54,0.55,0.01,0.01,74077.98,1776243029000
1776243031.232,31.232,0.45,0.46,0.54,0.55,0.01,0.01,74077.98,1776243030000
1776243031.576,31.576,0.45,0.46,0.54,0.55,0.01,0.01,74077.98,1776243030000
1776243031.974,31.974,0.45,0.46,0.54,0.55,0.01,0.01,74077.99,1776243031000
1776243032.422,32.422,0.45,0.46,0.54,0.55,0.01,0.01,74077.99,1776243031000
1776243032.928,32.928,0.45,0.46,0.54,0.55,0.01,0.01,74077.99,1776243031000
1776243033.273,33.273,0.45,0.46,0.54,0.55,0.01,0.01,74078.0,1776243032000
1776243033.63,33.63,0.45,0.46,0.54,0.55,0.01,0.01,74078.0,1776243032000
1776243034.532,34.532,0.45,0.46,0.54,0.55,0.01,0.01,74078.11,1776243033000
1776243034.946,34.946,0.44,0.45,0.54,0.56,0.01,0.02,74078.11,1776243033000
1776243035.371,35.371,0.44,0.45,0.55,0.56,0.01,0.01,74078.11,1776243034000
1776243035.819,35.819,0.44,0.45,0.55,0.56,0.01,0.01,74078.11,1776243034000
1776243036.288,36.288,0.44,0.45,0.55,0.56,0.01,0.01,74078.11,1776243035000
1776243036.897,36.897,0.45,0.46,0.54,0.55,0.01,0.01,74078.11,1776243035000
1776243037.231,37.231,0.45,0.46,0.54,0.55,0.01,0.01,74078.11,1776243035000
1776243037.578,37.578,0.45,0.46,0.54,0.55,0.01,0.01,74075.74,1776243036000
1776243037.917,37.917,0.44,0.45,0.54,0.56,0.01,0.02,74075.74,1776243036000
1776243038.402,38.402,0.44,0.45,0.55,0.56,0.01,0.01,74077.71,1776243037000
1776243039.474,39.474,0.44,0.45,0.55,0.56,0.01,0.01,74077.71,1776243038000
1776243040.006,40.006,0.44,0.45,0.55,0.56,0.01,0.01,74077.71,1776243039000
1776243040.662,40.662,0.45,0.46,0.54,0.55,0.01,0.01,74077.71,1776243039000
1776243041.156,41.156,0.44,0.46,0.54,0.55,0.02,0.01,74077.71,1776243039000
1776243041.789,41.789,0.44,0.45,0.55,0.56,0.01,0.01,74077.71,1776243040000
1776243042.422,42.422,0.44,0.45,0.55,0.56,0.01,0.01,74077.71,1776243041000
1776243043.058,43.058,0.44,0.45,0.55,0.56,0.01,0.01,74077.72,1776243042000
1776243043.948,43.948,0.45,0.46,0.55,0.56,0.01,0.01,74077.72,1776243042000
1776243044.284,44.284,0.46,0.47,0.53,0.54,0.01,0.01,74077.72,1776243042000
1776243045.654,45.654,0.46,0.47,0.53,0.54,0.01,0.01,74077.72,1776243043000
1776243046.259,46.259,0.46,0.47,0.53,0.54,0.01,0.01,74077.72,1776243045000
1776243046.714,46.714,0.47,0.48,0.52,0.53,0.01,0.01,74077.72,1776243045000
1776243047.049,47.049,0.47,0.48,0.52,0.53,0.01,0.01,74077.72,1776243045000
1776243047.526,47.526,0.47,0.48,0.52,0.53,0.01,0.01,74077.72,1776243045000
1776243048.084,48.084,0.47,0.48,0.52,0.53,0.01,0.01,74077.98,1776243046000
1776243048.478,48.478,0.47,0.48,0.52,0.53,0.01,0.01,74078.01,1776243047000
1776243048.999,48.999,0.47,0.48,0.52,0.53,0.01,0.01,74078.01,1776243047000
1776243049.354,49.354,0.47,0.48,0.52,0.53,0.01,0.01,74078.01,1776243047000
1776243049.707,49.707,0.47,0.48,0.52,0.53,0.01,0.01,74078.03,1776243048000
1776243050.13,50.13,0.47,0.48,0.52,0.53,0.01,0.01,74078.03,1776243048000
1776243050.7,50.7,0.47,0.48,0.52,0.53,0.01,0.01,74076.17,1776243049000
1776243051.047,51.047,0.47,0.48,0.52,0.53,0.01,0.01,74076.17,1776243049000
1776243051.43,51.43,0.47,0.48,0.52,0.53,0.01,0.01,74078.03,1776243050000
1776243051.847,51.847,0.47,0.48,0.52,0.53,0.01,0.01,74078.03,1776243050000
1776243052.461,52.461,0.47,0.48,0.52,0.53,0.01,0.01,74078.03,1776243051000
1776243053.012,53.012,0.47,0.48,0.52,0.53,0.01,0.01,74078.03,1776243051000
1776243053.796,53.796,0.47,0.48,0.52,0.53,0.01,0.01,74078.03,1776243052000
1776243055.048,55.048,0.47,0.48,0.52,0.53,0.01,0.01,74078.03,1776243053000
1776243055.483,55.483,0.47,0.48,0.52,0.53,0.01,0.01,74078.03,1776243054000
1776243055.941,55.941,0.47,0.48,0.52,0.53,0.01,0.01,74078.03,1776243054000
1776243056.588,56.588,0.46,0.47,0.52,0.54,0.01,0.02,74078.03,1776243055000
1776243057.245,57.245,0.46,0.47,0.53,0.54,0.01,0.01,74077.98,1776243056000
1776243057.842,57.842,0.46,0.47,0.53,0.54,0.01,0.01,74077.98,1776243056000
1776243058.343,58.343,0.46,0.47,0.53,0.54,0.01,0.01,74077.98,1776243057000
1776243058.923,58.923,0.46,0.47,0.53,0.54,0.01,0.01,74077.98,1776243057000
1776243059.292,59.292,0.45,0.47,0.53,0.54,0.02,0.01,74077.98,1776243057000
1776243059.89,59.89,0.45,0.46,0.53,0.55,0.01,0.02,74077.98,1776243058000
1776243060.298,60.298,0.45,0.46,0.54,0.55,0.01,0.01,74077.98,1776243058000
1776243060.674,60.674,0.45,0.46,0.54,0.55,0.01,0.01,74077.98,1776243059000
1776243061.169,61.169,0.45,0.46,0.54,0.55,0.01,0.01,74077.98,1776243059000
1776243061.75,61.75,0.44,0.45,0.54,0.55,0.01,0.01,74077.97,1776243060000
1776243063.057,63.057,0.44,0.45,0.55,0.56,0.01,0.01,74077.62,1776243062000
1776243064.038,64.038,0.44,0.45,0.55,0.56,0.01,0.01,74077.62,1776243062000
1776243064.4,64.4,0.44,0.45,0.55,0.56,0.01,0.01,74077.62,1776243062000
1776243064.789,64.789,0.44,0.45,0.55,0.56,0.01,0.01,74077.64,1776243063000
1776243065.357,65.357,0.42,0.45,0.55,0.56,0.03,0.01,74077.6,1776243064000
1776243065.715,65.715,0.33,0.36,0.64,0.67,0.03,0.03,74077.6,1776243064000
1776243066.073,66.073,0.35,0.36,0.64,0.65,0.01,0.01,74077.6,1776243064000
1776243066.446,66.446,0.35,0.36,0.64,0.66,0.01,0.02,74077.6,1776243065000
1776243066.83,66.83,0.34,0.36,0.64,0.65,0.02,0.01,74077.6,1776243065000
1776243067.194,67.194,0.33,0.35,0.65,0.67,0.02,0.02,74077.6,1776243065000
1776243067.533,67.533,0.34,0.35,0.65,0.66,0.01,0.01,74073.27,1776243066000
1776243067.879,67.879,0.34,0.35,0.65,0.66,0.01,0.01,74073.27,1776243066000
1776243068.308,68.308,0.33,0.34,0.66,0.67,0.01,0.01,74073.27,1776243066000
1776243068.682,68.682,0.33,0.34,0.66,0.67,0.01,0.01,74068.06,1776243067000
1776243069.088,69.088,0.33,0.34,0.66,0.67,0.01,0.01,74066.41,1776243068000
1776243069.422,69.422,0.33,0.34,0.66,0.67,0.01,0.01,74066.41,1776243068000
1776243069.786,69.786,0.33,0.34,0.66,0.67,0.01,0.01,74066.41,1776243068000
1776243070.154,70.154,0.33,0.34,0.66,0.67,0.01,0.01,74066.42,1776243069000
1776243070.726,70.726,0.33,0.34,0.66,0.67,0.01,0.01,74066.42,1776243069000
1776243071.14,71.14,0.33,0.34,0.66,0.67,0.01,0.01,74066.44,1776243070000
1776243071.483,71.483,0.33,0.34,0.66,0.67,0.01,0.01,74066.44,1776243070000
1776243071.876,71.876,0.33,0.34,0.66,0.67,0.01,0.01,74066.44,1776243070000
1776243072.228,72.228,0.33,0.34,0.66,0.67,0.01,0.01,74066.45,1776243071000
1776243072.738,72.738,0.33,0.34,0.66,0.67,0.01,0.01,74066.45,1776243071000
1776243073.122,73.122,0.33,0.34,0.66,0.67,0.01,0.01,74066.45,1776243071000
1776243073.535,73.535,0.33,0.34,0.66,0.67,0.01,0.01,74066.57,1776243072000
1776243074.278,74.278,0.33,0.34,0.66,0.67,0.01,0.01,74066.57,1776243072000
1776243074.805,74.805,0.33,0.34,0.66,0.67,0.01,0.01,74066.6,1776243073000
1776243075.4,75.4,0.33,0.34,0.66,0.67,0.01,0.01,74066.61,1776243074000
1776243075.888,75.888,0.33,0.34,0.66,0.67,0.01,0.01,74066.61,1776243074000
1776243076.496,76.496,0.33,0.34,0.66,0.67,0.01,0.01,74066.61,1776243075000
1776243077.042,77.042,0.33,0.34,0.66,0.67,0.01,0.01,74066.61,1776243076000
1776243078.018,78.018,0.33,0.34,0.66,0.67,0.01,0.01,74066.65,1776243077000
1776243078.46,78.46,0.33,0.34,0.66,0.67,0.01,0.01,74066.65,1776243077000
1776243078.838,78.838,0.33,0.34,0.66,0.67,0.01,0.01,74066.65,1776243077000
1776243079.538,79.538,0.33,0.34,0.66,0.67,0.01,0.01,74066.67,1776243078000
1776243079.876,79.876,0.33,0.34,0.66,0.67,0.01,0.01,74066.67,1776243078000
1776243080.261,80.261,0.33,0.34,0.66,0.67,0.01,0.01,74066.64,1776243079000
1776243080.695,80.695,0.33,0.34,0.66,0.67,0.01,0.01,74066.64,1776243079000
1776243081.332,81.332,0.33,0.34,0.66,0.67,0.01,0.01,74066.64,1776243079000
1776243081.679,81.679,0.33,0.34,0.66,0.67,0.01,0.01,74066.65,1776243080000
1776243082.03,82.03,0.33,0.34,0.66,0.67,0.01,0.01,74066.65,1776243080000
1776243082.484,82.484,0.33,0.34,0.66,0.67,0.01,0.01,74066.63,1776243081000
1776243082.906,82.906,0.33,0.34,0.66,0.67,0.01,0.01,74066.63,1776243081000
1776243083.239,83.239,0.29,0.3,0.7,0.71,0.01,0.01,74066.63,1776243082000
1776243083.578,83.578,0.25,0.26,0.7,0.74,0.01,0.04,74066.63,1776243082000
1776243083.929,83.929,0.27,0.28,0.72,0.75,0.01,0.03,74066.63,1776243082000
1776243084.278,84.278,0.26,0.27,0.73,0.74,0.01,0.01,74066.53,1776243083000
1776243084.64,84.64,0.26,0.27,0.73,0.74,0.01,0.01,74066.53,1776243083000
1776243085.06,85.06,0.26,0.27,0.73,0.74,0.01,0.01,74066.53,1776243083000
1776243085.408,85.408,0.26,0.27,0.73,0.74,0.01,0.01,74062.83,1776243084000
1776243085.777,85.777,0.26,0.27,0.73,0.74,0.01,0.01,74062.83,1776243084000
1776243086.151,86.151,0.26,0.27,0.73,0.74,0.01,0.01,74062.83,1776243084000
1776243086.586,86.586,0.25,0.26,0.74,0.75,0.01,0.01,74060.79,1776243085000
1776243086.951,86.951,0.25,0.26,0.74,0.75,0.01,0.01,74060.79,1776243085000
1776243087.306,87.306,0.24,0.25,0.75,0.76,0.01,0.01,74060.43,1776243086000
1776243087.644,87.644,0.24,0.25,0.75,0.76,0.01,0.01,74060.43,1776243086000
1776243087.988,87.988,0.24,0.25,0.75,0.76,0.01,0.01,74060.43,1776243086000
1776243088.429,88.429,0.24,0.25,0.75,0.76,0.01,0.01,74060.43,1776243086000
1776243088.807,88.807,0.23,0.24,0.76,0.77,0.01,0.01,74060.43,1776243087000
1776243089.341,89.341,0.23,0.25,0.75,0.77,0.02,0.02,74060.44,1776243088000
1776243089.815,89.815,0.31,0.32,0.68,0.69,0.01,0.01,74060.44,1776243088000
1776243090.152,90.152,0.31,0.32,0.68,0.69,0.01,0.01,74060.44,1776243088000
1776243090.558,90.558,0.31,0.32,0.68,0.69,0.01,0.01,74060.45,1776243089000
1776243090.963,90.963,0.31,0.32,0.68,0.69,0.01,0.01,74059.54,1776243090000
1776243091.351,91.351,0.31,0.32,0.68,0.69,0.01,0.01,74059.54,1776243090000
1776243092.285,92.285,0.31,0.32,0.68,0.69,0.01,0.01,74059.54,1776243090000
1776243092.78,92.78,0.3,0.31,0.68,0.7,0.01,0.02,74062.25,1776243091000
1776243093.352,93.352,0.3,0.31,0.69,0.7,0.01,0.01,74062.85,1776243092000
1776243093.711,93.711,0.3,0.31,0.69,0.7,0.01,0.01,74062.85,1776243092000
1776243094.162,94.162,0.3,0.31,0.69,0.7,0.01,0.01,74062.94,1776243093000
1776243094.599,94.599,0.3,0.31,0.69,0.7,0.01,0.01,74062.94,1776243093000
1776243095.034,95.034,0.3,0.31,0.69,0.7,0.01,0.01,74062.94,1776243093000
1776243095.43,95.43,0.3,0.31,0.69,0.7,0.01,0.01,74062.87,1776243094000
1776243095.798,95.798,0.3,0.31,0.69,0.7,0.01,0.01,74062.87,1776243094000
1776243096.263,96.263,0.3,0.31,0.69,0.7,0.01,0.01,74062.87,1776243094000
1776243096.612,96.612,0.3,0.31,0.69,0.7,0.01,0.01,74062.86,1776243095000
1776243097.355,97.355,0.3,0.31,0.69,0.7,0.01,0.01,74062.81,1776243096000
1776243097.69,97.69,0.3,0.31,0.69,0.7,0.01,0.01,74062.81,1776243096000
1776243098.234,98.234,0.3,0.31,0.69,0.7,0.01,0.01,74062.81,1776243096000
1776243098.71,98.71,0.3,0.31,0.69,0.7,0.01,0.01,74062.8,1776243097000
1776243099.332,99.332,0.3,0.31,0.69,0.7,0.01,0.01,74062.8,1776243098000
1776243100.022,100.022,0.3,0.31,0.69,0.7,0.01,0.01,74062.8,1776243099000
1776243100.384,100.384,0.29,0.31,0.69,0.7,0.02,0.01,74062.8,1776243099000
1776243100.92,100.92,0.29,0.3,0.69,0.71,0.01,0.02,74062.8,1776243099000
1776243101.287,101.287,0.29,0.3,0.7,0.71,0.01,0.01,74062.8,1776243100000
1776243101.678,101.678,0.29,0.3,0.7,0.71,0.01,0.01,74062.8,1776243100000
1776243102.036,102.036,0.29,0.3,0.7,0.71,0.01,0.01,74062.76,1776243101000
1776243102.378,102.378,0.29,0.3,0.7,0.71,0.01,0.01,74062.76,1776243101000
1776243102.79,102.79,0.29,0.3,0.7,0.71,0.01,0.01,74062.76,1776243101000
1776243103.383,103.383,0.29,0.3,0.7,0.71,0.01,0.01,74062.7,1776243102000
1776243103.829,103.829,0.29,0.3,0.7,0.71,0.01,0.01,74062.7,1776243102000
1776243104.377,104.377,0.29,0.32,0.7,0.71,0.03,0.01,74062.77,1776243103000
1776243105.46,105.46,0.3,0.32,0.68,0.69,0.02,0.01,74062.77,1776243103000
1776243105.912,105.912,0.3,0.31,0.69,0.7,0.01,0.01,74062.77,1776243104000
1776243106.291,106.291,0.3,0.32,0.68,0.7,0.02,0.02,74062.77,1776243104000
1776243106.732,106.732,0.3,0.32,0.68,0.7,0.02,0.02,74062.82,1776243105000
1776243107.142,107.142,0.31,0.32,0.68,0.69,0.01,0.01,74062.82,1776243105000
1776243107.767,107.767,0.31,0.32,0.68,0.69,0.01,0.01,74062.82,1776243106000
1776243108.391,108.391,0.31,0.32,0.68,0.69,0.01,0.01,74062.82,1776243106000
1776243109.057,109.057,0.31,0.32,0.68,0.69,0.01,0.01,74062.82,1776243108000
1776243109.559,109.559,0.26,0.27,0.7,0.74,0.01,0.04,74062.82,1776243108000
1776243110.011,110.011,0.26,0.27,0.73,0.74,0.01,0.01,74062.82,1776243108000
1776243110.735,110.735,0.26,0.27,0.73,0.74,0.01,0.01,74062.81,1776243109000
1776243111.073,111.073,0.26,0.27,0.73,0.74,0.01,0.01,74062.81,1776243109000
1776243111.846,111.846,0.26,0.27,0.73,0.74,0.01,0.01,74061.83,1776243110000
1776243112.224,112.224,0.27,0.28,0.72,0.74,0.01,0.02,74061.83,1776243110000
1776243112.577,112.577,0.27,0.28,0.72,0.73,0.01,0.01,74061.65,1776243111000
1776243113.0,113.0,0.28,0.29,0.71,0.72,0.01,0.01,74061.65,1776243111000
1776243113.857,113.857,0.27,0.29,0.71,0.72,0.02,0.01,74061.65,1776243112000
1776243114.286,114.286,0.26,0.27,0.72,0.73,0.01,0.01,74061.65,1776243112000
1776243115.061,115.061,0.26,0.27,0.73,0.74,0.01,0.01,74061.61,1776243114000
1776243115.437,115.437,0.26,0.27,0.73,0.74,0.01,0.01,74061.61,1776243114000
1776243116.101,116.101,0.27,0.28,0.73,0.74,0.01,0.01,74061.61,1776243114000
1776243116.534,116.534,0.27,0.28,0.72,0.73,0.01,0.01,74061.19,1776243115000
1776243116.942,116.942,0.27,0.28,0.72,0.73,0.01,0.01,74061.19,1776243115000
1776243117.306,117.306,0.27,0.28,0.72,0.73,0.01,0.01,74061.19,1776243115000
1776243118.029,118.029,0.27,0.28,0.72,0.73,0.01,0.01,74060.41,1776243117000
1776243118.373,118.373,0.27,0.28,0.72,0.73,0.01,0.01,74060.41,1776243117000
1776243119.268,119.268,0.27,0.28,0.72,0.73,0.01,0.01,74060.41,1776243118000
1776243119.758,119.758,0.29,0.3,0.72,0.73,0.01,0.01,74060.41,1776243118000
1776243120.226,120.226,0.29,0.3,0.69,0.71,0.01,0.02,74060.41,1776243118000
1776243120.625,120.625,0.29,0.3,0.7,0.71,0.01,0.01,74060.44,1776243119000
1776243120.984,120.984,0.3,0.31,0.69,0.7,0.01,0.01,74060.44,1776243119000
1776243121.469,121.469,0.3,0.31,0.69,0.7,0.01,0.01,74060.45,1776243120000
1776243121.833,121.833,0.3,0.31,0.69,0.7,0.01,0.01,74060.45,1776243120000
1776243122.636,122.636,0.31,0.32,0.69,0.7,0.01,0.01,74062.83,1776243121000
1776243123.053,123.053,0.35,0.36,0.64,0.65,0.01,0.01,74062.83,1776243121000
1776243123.433,123.433,0.35,0.36,0.64,0.65,0.01,0.01,74063.05,1776243122000
1776243123.772,123.772,0.36,0.38,0.62,0.64,0.02,0.02,74063.05,1776243122000
1776243124.105,124.105,0.37,0.38,0.62,0.63,0.01,0.01,74063.06,1776243123000
1776243124.471,124.471,0.37,0.38,0.62,0.63,0.01,0.01,74063.06,1776243123000
1776243124.961,124.961,0.37,0.39,0.62,0.63,0.02,0.01,74063.06,1776243123000
1776243125.335,125.335,0.44,0.45,0.55,0.56,0.01,0.01,74064.81,1776243124000
1776243125.687,125.687,0.44,0.45,0.55,0.56,0.01,0.01,74064.81,1776243124000
1776243126.04,126.04,0.45,0.46,0.54,0.55,0.01,0.01,74064.81,1776243124000
1776243126.449,126.449,0.46,0.47,0.53,0.55,0.01,0.02,74066.01,1776243125000
1776243126.976,126.976,0.46,0.47,0.53,0.54,0.01,0.01,74066.01,1776243125000
1776243127.315,127.315,0.46,0.47,0.53,0.54,0.01,0.01,74066.84,1776243126000
1776243127.681,127.681,0.46,0.47,0.53,0.54,0.01,0.01,74066.84,1776243126000
1776243128.039,128.039,0.46,0.47,0.53,0.54,0.01,0.01,74066.84,1776243126000
1776243128.464,128.464,0.47,0.48,0.52,0.53,0.01,0.01,74072.18,1776243127000
1776243128.811,128.811,0.47,0.48,0.52,0.53,0.01,0.01,74072.18,1776243127000
1776243129.145,129.145,0.47,0.49,0.51,0.53,0.02,0.02,74072.18,1776243127000
1776243129.511,129.511,0.49,0.5,0.5,0.51,0.01,0.01,74072.99,1776243128000
1776243129.884,129.884,0.49,0.5,0.5,0.51,0.01,0.01,74072.99,1776243128000
1776243130.217,130.217,0.49,0.5,0.5,0.51,0.01,0.01,74072.99,1776243128000
1776243130.704,130.704,0.49,0.5,0.5,0.51,0.01,0.01,74073.35,1776243129000
1776243131.042,131.042,0.49,0.5,0.5,0.51,0.01,0.01,74073.35,1776243129000
1776243131.388,131.388,0.49,0.5,0.5,0.51,0.01,0.01,74073.38,1776243130000
1776243131.793,131.793,0.49,0.5,0.5,0.51,0.01,0.01,74073.38,1776243130000
1776243132.217,132.217,0.49,0.5,0.5,0.51,0.01,0.01,74073.38,1776243130000
1776243132.554,132.554,0.49,0.5,0.5,0.51,0.01,0.01,74076.77,1776243131000
1776243132.902,132.902,0.49,0.5,0.5,0.51,0.01,0.01,74076.77,1776243131000
1776243133.236,133.236,0.49,0.5,0.5,0.51,0.01,0.01,74076.77,1776243131000
1776243133.62,133.62,0.49,0.5,0.5,0.51,0.01,0.01,74077.22,1776243132000
1776243133.967,133.967,0.48,0.49,0.51,0.52,0.01,0.01,74077.22,1776243132000
1776243134.327,134.327,0.48,0.49,0.51,0.52,0.01,0.01,74077.24,1776243133000
1776243134.729,134.729,0.49,0.5,0.5,0.52,0.01,0.02,74077.24,1776243133000
1776243135.102,135.102,0.49,0.5,0.5,0.51,0.01,0.01,74077.24,1776243133000
1776243135.437,135.437,0.49,0.5,0.5,0.51,0.01,0.01,74077.11,1776243134000
1776243135.795,135.795,0.49,0.5,0.5,0.51,0.01,0.01,74077.11,1776243134000
1776243136.14,136.14,0.49,0.5,0.5,0.51,0.01,0.01,74077.11,1776243134000
1776243136.497,136.497,0.49,0.5,0.5,0.51,0.01,0.01,74077.11,1776243135000
1776243136.844,136.844,0.49,0.5,0.5,0.51,0.01,0.01,74077.11,1776243135000
1776243137.188,137.188,0.49,0.5,0.5,0.51,0.01,0.01,74077.11,1776243135000
1776243137.555,137.555,0.49,0.5,0.5,0.51,0.01,0.01,74077.11,1776243135000
1776243137.905,137.905,0.49,0.5,0.5,0.51,0.01,0.01,74077.11,1776243135000
1776243138.247,138.247,0.49,0.5,0.5,0.51,0.01,0.01,74077.32,1776243136000
1776243138.618,138.618,0.49,0.5,0.5,0.51,0.01,0.01,74077.32,1776243136000
1776243138.959,138.959,0.5,0.51,0.49,0.5,0.01,0.01,74077.42,1776243137000
1776243139.328,139.328,0.5,0.51,0.49,0.5,0.01,0.01,74077.42,1776243137000
1776243139.677,139.677,0.5,0.51,0.49,0.5,0.01,0.01,74077.42,1776243137000
1776243140.199,140.199,0.5,0.51,0.49,0.5,0.01,0.01,74077.42,1776243138000
1776243140.539,140.539,0.5,0.51,0.49,0.5,0.01,0.01,74077.41,1776243139000
1776243140.894,140.894,0.5,0.51,0.49,0.5,0.01,0.01,74077.41,1776243139000
1776243141.345,141.345,0.5,0.51,0.49,0.5,0.01,0.01,74077.41,1776243139000
1776243141.683,141.683,0.5,0.51,0.49,0.5,0.01,0.01,74077.41,1776243139000
1776243142.067,142.067,0.5,0.51,0.49,0.5,0.01,0.01,74077.42,1776243140000
1776243142.418,142.418,0.5,0.51,0.49,0.5,0.01,0.01,74077.42,1776243140000
1776243142.761,142.761,0.5,0.51,0.49,0.5,0.01,0.01,74077.42,1776243141000
1776243143.097,143.097,0.5,0.51,0.49,0.5,0.01,0.01,74077.42,1776243141000
1776243143.462,143.462,0.51,0.52,0.48,0.5,0.01,0.02,74077.42,1776243142000
1776243143.852,143.852,0.51,0.52,0.48,0.49,0.01,0.01,74077.42,1776243142000
1776243144.196,144.196,0.51,0.52,0.48,0.49,0.01,0.01,74077.42,1776243142000
1776243144.574,144.574,0.51,0.52,0.48,0.49,0.01,0.01,74077.42,1776243142000
1776243144.908,144.908,0.51,0.52,0.48,0.49,0.01,0.01,74077.63,1776243143000
1776243145.262,145.262,0.51,0.52,0.48,0.49,0.01,0.01,74077.63,1776243143000
1776243145.908,145.908,0.51,0.52,0.48,0.49,0.01,0.01,74077.63,1776243144000
1776243146.308,146.308,0.51,0.52,0.48,0.49,0.01,0.01,74077.63,1776243145000
1776243146.684,146.684,0.55,0.56,0.44,0.45,0.01,0.01,74077.63,1776243145000
1776243147.159,147.159,0.55,0.56,0.44,0.45,0.01,0.01,74077.63,1776243145000
1776243147.521,147.521,0.55,0.56,0.44,0.45,0.01,0.01,74077.63,1776243145000
1776243148.064,148.064,0.56,0.57,0.43,0.45,0.01,0.02,74078.17,1776243146000
1776243148.619,148.619,0.56,0.57,0.43,0.44,0.01,0.01,74078.18,1776243147000
1776243149.497,149.497,0.56,0.57,0.43,0.44,0.01,0.01,74078.18,1776243147000
1776243149.872,149.872,0.6,0.61,0.39,0.4,0.01,0.01,74081.41,1776243148000
1776243150.219,150.219,0.6,0.61,0.39,0.4,0.01,0.01,74081.41,1776243148000
1776243150.557,150.557,0.6,0.61,0.39,0.4,0.01,0.01,74081.48,1776243149000
1776243150.951,150.951,0.6,0.61,0.39,0.4,0.01,0.01,74081.48,1776243149000
1776243151.473,151.473,0.61,0.62,0.38,0.4,0.01,0.02,74081.48,1776243150000
1776243151.838,151.838,0.61,0.62,0.38,0.39,0.01,0.01,74081.48,1776243150000
1776243152.223,152.223,0.61,0.62,0.38,0.39,0.01,0.01,74081.48,1776243150000
1776243152.663,152.663,0.62,0.63,0.37,0.38,0.01,0.01,74089.25,1776243151000
1776243153.037,153.037,0.62,0.63,0.37,0.38,0.01,0.01,74089.25,1776243151000
1776243153.462,153.462,0.62,0.63,0.37,0.38,0.01,0.01,74090.71,1776243152000
1776243153.972,153.972,0.62,0.63,0.37,0.38,0.01,0.01,74090.71,1776243152000
1776243154.384,154.384,0.62,0.63,0.37,0.38,0.01,0.01,74090.71,1776243152000
1776243154.843,154.843,0.63,0.64,0.36,0.37,0.01,0.01,74090.75,1776243153000
1776243155.315,155.315,0.63,0.64,0.36,0.37,0.01,0.01,74090.75,1776243153000
1776243155.661,155.661,0.63,0.64,0.36,0.37,0.01,0.01,74090.75,1776243153000
1776243156.147,156.147,0.63,0.64,0.36,0.37,0.01,0.01,74093.51,1776243154000
1776243156.61,156.61,0.64,0.65,0.35,0.37,0.01,0.02,74092.59,1776243155000
1776243156.999,156.999,0.64,0.65,0.35,0.36,0.01,0.01,74092.59,1776243155000
1776243157.359,157.359,0.64,0.65,0.35,0.36,0.01,0.01,74092.59,1776243155000
1776243157.731,157.731,0.64,0.65,0.35,0.36,0.01,0.01,74092.53,1776243156000
1776243158.101,158.101,0.64,0.65,0.35,0.36,0.01,0.01,74092.53,1776243156000
1776243158.442,158.442,0.64,0.65,0.35,0.36,0.01,0.01,74092.53,1776243157000
1776243158.8,158.8,0.64,0.65,0.35,0.36,0.01,0.01,74092.53,1776243157000
1776243159.144,159.144,0.64,0.65,0.35,0.36,0.01,0.01,74092.53,1776243157000
1776243159.482,159.482,0.64,0.65,0.35,0.36,0.01,0.01,74092.53,1776243157000
1776243159.864,159.864,0.64,0.65,0.35,0.36,0.01,0.01,74092.56,1776243158000
1776243160.217,160.217,0.64,0.65,0.35,0.36,0.01,0.01,74092.58,1776243159000
1776243160.774,160.774,0.64,0.65,0.35,0.36,0.01,0.01,74092.58,1776243159000
1776243161.29,161.29,0.64,0.65,0.35,0.36,0.01,0.01,74092.62,1776243160000
1776243161.722,161.722,0.64,0.65,0.35,0.36,0.01,0.01,74092.62,1776243160000
1776243162.287,162.287,0.64,0.65,0.35,0.36,0.01,0.01,74092.62,1776243160000
1776243162.622,162.622,0.63,0.64,0.36,0.37,0.01,0.01,74092.63,1776243161000
1776243162.987,162.987,0.62,0.63,0.37,0.38,0.01,0.01,74092.63,1776243161000
1776243163.345,163.345,0.62,0.63,0.37,0.38,0.01,0.01,74092.63,1776243162000
1776243163.716,163.716,0.62,0.63,0.37,0.38,0.01,0.01,74092.63,1776243162000
1776243164.222,164.222,0.62,0.63,0.37,0.38,0.01,0.01,74092.63,1776243162000
1776243164.576,164.576,0.61,0.62,0.37,0.39,0.01,0.02,74092.79,1776243163000
1776243165.475,165.475,0.61,0.62,0.38,0.39,0.01,0.01,74092.79,1776243163000
1776243165.986,165.986,0.61,0.62,0.38,0.39,0.01,0.01,74091.68,1776243165000
1776243166.359,166.359,0.61,0.62,0.38,0.39,0.01,0.01,74091.68,1776243165000
1776243166.705,166.705,0.61,0.62,0.38,0.39,0.01,0.01,74091.68,1776243165000
1776243167.039,167.039,0.61,0.62,0.38,0.39,0.01,0.01,74091.68,1776243165000
1776243167.375,167.375,0.61,0.62,0.38,0.39,0.01,0.01,74091.76,1776243166000
1776243167.766,167.766,0.61,0.62,0.38,0.39,0.01,0.01,74091.76,1776243166000
1776243168.17,168.17,0.62,0.63,0.37,0.39,0.01,0.02,74091.76,1776243166000
1776243168.605,168.605,0.63,0.64,0.36,0.37,0.01,0.01,74091.76,1776243167000
1776243169.679,169.679,0.63,0.64,0.36,0.37,0.01,0.01,74091.54,1776243168000
1776243170.298,170.298,0.63,0.64,0.36,0.37,0.01,0.01,74091.54,1776243169000
1776243171.058,171.058,0.62,0.63,0.36,0.37,0.01,0.01,74091.54,1776243169000
1776243171.417,171.417,0.62,0.63,0.37,0.38,0.01,0.01,74091.54,1776243169000
1776243172.083,172.083,0.62,0.63,0.37,0.38,0.01,0.01,74091.56,1776243171000
1776243172.978,172.978,0.62,0.63,0.37,0.38,0.01,0.01,74091.56,1776243171000
1776243173.375,173.375,0.62,0.64,0.37,0.38,0.02,0.01,74091.63,1776243172000
1776243173.718,173.718,0.69,0.7,0.3,0.31,0.01,0.01,74091.63,1776243172000
1776243174.141,174.141,0.69,0.7,0.28,0.31,0.01,0.03,74091.63,1776243172000
1776243174.576,174.576,0.72,0.73,0.27,0.28,0.01,0.01,74091.62,1776243173000
1776243174.958,174.958,0.72,0.73,0.27,0.28,0.01,0.01,74091.62,1776243173000
1776243175.312,175.312,0.72,0.73,0.27,0.28,0.01,0.01,74099.43,1776243174000
1776243175.662,175.662,0.73,0.74,0.26,0.28,0.01,0.02,74099.43,1776243174000
1776243176.004,176.004,0.73,0.75,0.25,0.27,0.02,0.02,74099.43,1776243174000
1776243176.35,176.35,0.74,0.75,0.25,0.26,0.01,0.01,74099.43,1776243174000
1776243176.757,176.757,0.75,0.76,0.23,0.25,0.01,0.02,74099.57,1776243175000
1776243177.107,177.107,0.76,0.78,0.23,0.24,0.02,0.01,74099.57,1776243175000
1776243177.448,177.448,0.77,0.81,0.19,0.23,0.04,0.04,74099.57,1776243175000
1776243177.897,177.897,0.79,0.8,0.2,0.21,0.01,0.01,74099.6,1776243176000
1776243178.284,178.284,0.8,0.81,0.19,0.2,0.01,0.01,74102.61,1776243177000
1776243178.647,178.647,0.8,0.81,0.19,0.2,0.01,0.01,74102.61,1776243177000
1776243179.091,179.091,0.8,0.81,0.19,0.2,0.01,0.01,74102.61,1776243177000
1776243179.429,179.429,0.8,0.81,0.19,0.2,0.01,0.01,74103.65,1776243178000
1776243179.903,179.903,0.8,0.81,0.19,0.2,0.01,0.01,74103.65,1776243178000
1776243180.534,180.534,0.8,0.81,0.19,0.2,0.01,0.01,74103.73,1776243179000
1776243181.055,181.055,0.8,0.81,0.19,0.2,0.01,0.01,74103.73,1776243179000
1776243181.391,181.391,0.8,0.81,0.19,0.2,0.01,0.01,74103.74,1776243180000
1776243181.954,181.954,0.8,0.81,0.19,0.2,0.01,0.01,74103.74,1776243180000
1776243182.479,182.479,0.81,0.82,0.18,0.2,0.01,0.02,74103.74,1776243180000
1776243182.813,182.813,0.81,0.82,0.18,0.19,0.01,0.01,74103.77,1776243181000
1776243183.162,183.162,0.82,0.83,0.17,0.18,0.01,0.01,74103.77,1776243182000
1776243183.596,183.596,0.82,0.83,0.17,0.18,0.01,0.01,74103.77,1776243182000
1776243184.049,184.049,0.82,0.83,0.17,0.18,0.01,0.01,74103.77,1776243182000
1776243184.46,184.46,0.82,0.83,0.17,0.18,0.01,0.01,74105.67,1776243183000
1776243184.887,184.887,0.82,0.83,0.17,0.18,0.01,0.01,74105.67,1776243183000
1776243185.24,185.24,0.82,0.84,0.17,0.18,0.02,0.01,74105.72,1776243184000
1776243186.038,186.038,0.82,0.83,0.16,0.18,0.01,0.02,74105.72,1776243184000
1776243186.622,186.622,0.82,0.83,0.17,0.18,0.01,0.01,74105.72,1776243185000
1776243186.968,186.968,0.82,0.83,0.17,0.18,0.01,0.01,74105.72,1776243185000
1776243187.341,187.341,0.82,0.84,0.16,0.18,0.02,0.02,74105.75,1776243186000
1776243187.681,187.681,0.83,0.84,0.16,0.17,0.01,0.01,74105.75,1776243186000
1776243188.109,188.109,0.83,0.84,0.16,0.17,0.01,0.01,74105.75,1776243186000
1776243188.454,188.454,0.83,0.84,0.16,0.17,0.01,0.01,74105.75,1776243187000
1776243189.386,189.386,0.83,0.84,0.16,0.17,0.01,0.01,74105.77,1776243188000
1776243189.802,189.802,0.83,0.84,0.16,0.17,0.01,0.01,74105.77,1776243188000
1776243190.258,190.258,0.83,0.84,0.16,0.17,0.01,0.01,74105.77,1776243188000
1776243190.709,190.709,0.87,0.88,0.12,0.13,0.01,0.01,74105.84,1776243189000
1776243191.224,191.224,0.87,0.88,0.12,0.13,0.01,0.01,74105.84,1776243189000
1776243191.925,191.925,0.87,0.88,0.12,0.13,0.01,0.01,74105.84,1776243191000
1776243192.718,192.718,0.87,0.88,0.12,0.13,0.01,0.01,74105.84,1776243191000
1776243193.173,193.173,0.87,0.88,0.12,0.13,0.01,0.01,74112.26,1776243192000
1776243193.943,193.943,0.87,0.88,0.12,0.13,0.01,0.01,74112.26,1776243192000
1776243194.38,194.38,0.87,0.89,0.11,0.13,0.02,0.02,74115.81,1776243193000
1776243194.837,194.837,0.88,0.9,0.1,0.12,0.02,0.02,74115.81,1776243193000
1776243195.345,195.345,0.88,0.9,0.1,0.12,0.02,0.02,74120.27,1776243194000
1776243195.959,195.959,0.88,0.9,0.1,0.12,0.02,0.02,74120.27,1776243194000
1776243196.293,196.293,0.89,0.91,0.1,0.12,0.02,0.02,74120.59,1776243195000
1776243196.653,196.653,0.91,0.92,0.08,0.09,0.01,0.01,74120.59,1776243195000
1776243196.997,196.997,0.9,0.91,0.09,0.1,0.01,0.01,74120.59,1776243195000
1776243197.424,197.424,0.91,0.92,0.07,0.09,0.01,0.02,74124.34,1776243196000
1776243197.843,197.843,0.92,0.93,0.07,0.08,0.01,0.01,74124.34,1776243196000
1776243198.192,198.192,0.92,0.93,0.07,0.08,0.01,0.01,74124.34,1776243196000
1776243198.628,198.628,0.93,0.94,0.06,0.07,0.01,0.01,74124.34,1776243196000
1776243199.332,199.332,0.93,0.94,0.06,0.07,0.01,0.01,74129.43,1776243197000
1776243199.83,199.83,0.93,0.94,0.06,0.07,0.01,0.01,74132.25,1776243198000
1776243200.175,200.175,0.93,0.95,0.05,0.07,0.02,0.02,74138.52,1776243199000
1776243201.2,201.2,0.93,0.95,0.05,0.07,0.02,0.02,74141.69,1776243200000
1776243201.701,201.701,0.93,0.94,0.05,0.07,0.01,0.02,74141.69,1776243200000
1776243202.2,202.2,0.93,0.94,0.06,0.07,0.01,0.01,74141.69,1776243200000
1776243202.623,202.623,0.93,0.95,0.06,0.07,0.02,0.01,74143.13,1776243201000
1776243203.03,203.03,0.94,0.95,0.05,0.06,0.01,0.01,74143.13,1776243201000
1776243203.405,203.405,0.94,0.95,0.05,0.06,0.01,0.01,74143.13,1776243201000
1776243203.745,203.745,0.94,0.95,0.05,0.06,0.01,0.01,74147.95,1776243202000
1776243204.084,204.084,0.95,0.96,0.04,0.05,0.01,0.01,74148.34,1776243203000
1776243204.43,204.43,0.95,0.96,0.04,0.05,0.01,0.01,74148.34,1776243203000
1776243204.806,204.806,0.95,0.96,0.04,0.05,0.01,0.01,74148.34,1776243203000
1776243205.162,205.162,0.95,0.96,0.04,0.05,0.01,0.01,74148.34,1776243203000
1776243205.618,205.618,0.95,0.96,0.04,0.05,0.01,0.01,74151.37,1776243204000
1776243205.984,205.984,0.95,0.96,0.04,0.05,0.01,0.01,74151.37,1776243204000
1776243206.428,206.428,0.95,0.97,0.04,0.05,0.02,0.01,74151.68,1776243205000
1776243206.764,206.764,0.96,0.97,0.03,0.04,0.01,0.01,74151.68,1776243205000
1776243207.492,207.492,0.96,0.97,0.03,0.04,0.01,0.01,74154.55,1776243206000
1776243207.831,207.831,0.96,0.97,0.03,0.04,0.01,0.01,74154.55,1776243206000
1776243208.318,208.318,0.96,0.97,0.03,0.04,0.01,0.01,74154.55,1776243206000
1776243208.85,208.85,0.96,0.97,0.03,0.04,0.01,0.01,74166.43,1776243207000
1776243209.196,209.196,0.96,0.97,0.03,0.04,0.01,0.01,74171.65,1776243208000
1776243209.535,209.535,0.96,0.97,0.03,0.04,0.01,0.01,74171.65,1776243208000
1776243209.87,209.87,0.96,0.97,0.03,0.04,0.01,0.01,74171.65,1776243208000
1776243210.555,210.555,0.96,0.97,0.03,0.04,0.01,0.01,74177.46,1776243209000
1776243210.918,210.918,0.97,0.98,0.02,0.04,0.01,0.02,74177.46,1776243209000
1776243211.27,211.27,0.97,0.98,0.02,0.03,0.01,0.01,74177.46,1776243209000
1776243211.628,211.628,0.97,0.98,0.02,0.03,0.01,0.01,74177.17,1776243210000
1776243212.238,212.238,0.97,0.98,0.01,0.03,0.01,0.02,74177.17,1776243210000
1776243212.616,212.616,0.97,0.99,0.01,0.03,0.02,0.02,74175.71,1776243211000
1776243212.956,212.956,0.98,0.99,0.01,0.02,0.01,0.01,74175.71,1776243211000
1776243213.657,213.657,0.98,0.99,0.01,0.02,0.01,0.01,74173.57,1776243212000
1776243214.425,214.425,0.98,0.99,0.01,0.02,0.01,0.01,74173.57,1776243212000
1776243214.953,214.953,0.98,0.99,0.01,0.02,0.01,0.01,74173.41,1776243213000
1776243215.357,215.357,0.98,0.99,0.01,0.02,0.01,0.01,74174.57,1776243214000
1776243215.747,215.747,0.98,0.99,0.01,0.02,0.01,0.01,74174.57,1776243214000
1776243216.151,216.151,0.98,0.99,0.01,0.02,0.01,0.01,74174.57,1776243214000
1776243216.541,216.541,0.98,0.99,0.01,0.02,0.01,0.01,74175.28,1776243215000
1776243216.877,216.877,0.98,0.99,0.01,0.02,0.01,0.01,74175.28,1776243215000
1776243217.282,217.282,0.98,0.99,0.01,0.02,0.01,0.01,74175.28,1776243215000
1776243217.631,217.631,0.98,0.99,0.01,0.02,0.01,0.01,74188.95,1776243216000
1776243217.968,217.968,0.98,0.99,0.01,0.02,0.01,0.01,74188.95,1776243216000
1776243218.417,218.417,0.99,0.99,0.01,0.01,0.0,0.0,74188.95,1776243217000
1776243218.762,218.762,0.99,0.99,0.01,0.01,0.0,0.0,74188.95,1776243217000
1776243219.107,219.107,0.99,0.99,0.01,0.01,0.0,0.0,74188.95,1776243217000
1776243219.516,219.516,0.99,0.99,0.01,0.01,0.0,0.0,74189.63,1776243218000
1776243219.9,219.9,0.99,0.99,0.01,0.01,0.0,0.0,74189.63,1776243218000
1776243220.947,220.947,0.99,0.99,0.01,0.01,0.0,0.0,74187.43,1776243219000
1776243221.39,221.39,0.99,0.99,0.01,0.01,0.0,0.0,74187.26,1776243220000
1776243222.232,222.232,0.99,0.99,0.01,0.01,0.0,0.0,74187.26,1776243220000
1776243222.631,222.631,0.99,0.99,0.01,0.01,0.0,0.0,74187.26,1776243221000
1776243223.279,223.279,0.99,0.99,0.01,0.01,0.0,0.0,74191.22,1776243222000
1776243223.92,223.92,0.99,0.99,0.01,0.01,0.0,0.0,74191.22,1776243222000
1776243224.312,224.312,0.99,0.99,0.01,0.01,0.0,0.0,74194.52,1776243223000
1776243224.813,224.813,0.99,0.99,0.01,0.01,0.0,0.0,74194.52,1776243223000
1776243225.564,225.564,0.99,0.99,0.01,0.01,0.0,0.0,74194.58,1776243224000
1776243226.042,226.042,0.99,0.99,0.01,0.01,0.0,0.0,74194.58,1776243224000
1776243226.623,226.623,0.99,0.99,0.01,0.01,0.0,0.0,74194.2,1776243225000
1776243227.24,227.24,0.99,0.99,0.01,0.01,0.0,0.0,74194.2,1776243225000
1776243227.633,227.633,0.99,0.99,0.01,0.01,0.0,0.0,74195.0,1776243226000
1776243228.076,228.076,0.99,0.99,0.01,0.01,0.0,0.0,74195.0,1776243226000
1776243229.408,229.408,0.99,0.99,0.01,0.01,0.0,0.0,74203.47,1776243228000
1776243229.869,229.869,0.99,0.99,0.01,0.01,0.0,0.0,74203.47,1776243228000
1776243230.22,230.22,0.99,0.99,0.01,0.01,0.0,0.0,74203.47,1776243229000
1776243230.609,230.609,0.99,0.99,0.01,0.01,0.0,0.0,74203.47,1776243229000
1776243231.026,231.026,0.99,0.99,0.01,0.01,0.0,0.0,74203.33,1776243230000
1776243231.738,231.738,0.99,0.99,0.01,0.01,0.0,0.0,74203.33,1776243230000
1776243232.105,232.105,0.99,0.99,0.01,0.01,0.0,0.0,74202.2,1776243231000
1776243232.666,232.666,0.99,0.99,0.01,0.01,0.0,0.0,74202.2,1776243231000
1776243233.281,233.281,0.99,0.99,0.01,0.01,0.0,0.0,74198.83,1776243232000
1776243233.938,233.938,0.99,0.99,0.01,0.01,0.0,0.0,74198.83,1776243232000
1776243234.299,234.299,0.99,0.99,0.01,0.01,0.0,0.0,74197.04,1776243233000
1776243235.429,235.429,0.99,0.99,0.01,0.01,0.0,0.0,74194.08,1776243234000
1776243235.862,235.862,0.99,0.99,0.01,0.01,0.0,0.0,74194.08,1776243234000
1776243236.2,236.2,0.99,0.99,0.01,0.01,0.0,0.0,74188.1,1776243235000
1776243237.1,237.1,0.99,0.99,0.01,0.01,0.0,0.0,74186.03,1776243236000
1776243238.278,238.278,0.99,0.99,0.01,0.01,0.0,0.0,74182.44,1776243237000
1776243238.842,238.842,0.99,0.99,0.01,0.01,0.0,0.0,74182.44,1776243237000
1776243239.262,239.262,0.99,0.99,0.01,0.01,0.0,0.0,74182.44,1776243237000
1776243239.729,239.729,0.99,0.99,0.01,0.01,0.0,0.0,74183.15,1776243238000
1776243240.463,240.463,0.99,0.99,0.01,0.01,0.0,0.0,74183.01,1776243239000
1776243241.079,241.079,0.98,0.99,0.01,0.02,0.01,0.01,74183.01,1776243240000
1776243241.424,241.424,0.99,0.99,0.01,0.01,0.0,0.0,74183.01,1776243240000
1776243241.829,241.829,0.99,0.99,0.01,0.01,0.0,0.0,74183.01,1776243240000
1776243242.58,242.58,0.99,0.99,0.01,0.01,0.0,0.0,74183.01,1776243240000
1776243243.298,243.298,0.99,0.99,0.01,0.01,0.0,0.0,74183.01,1776243240000
1776243243.767,243.767,0.99,0.99,0.01,0.01,0.0,0.0,74184.23,1776243242000
1776243244.784,244.784,0.99,0.99,0.01,0.01,0.0,0.0,74184.23,1776243242000
1776243245.188,245.188,0.99,0.99,0.01,0.01,0.0,0.0,74190.24,1776243244000
1776243246.504,246.504,0.99,0.99,0.01,0.01,0.0,0.0,74190.24,1776243244000
1776243247.009,247.009,0.99,0.99,0.01,0.01,0.0,0.0,74190.24,1776243244000
1776243247.458,247.458,0.99,0.99,0.01,0.01,0.0,0.0,74195.74,1776243245000
1776243248.408,248.408,0.99,0.99,0.01,0.01,0.0,0.0,74199.18,1776243247000
1776243249.06,249.06,0.99,0.99,0.01,0.01,0.0,0.0,74199.22,1776243248000
1776243250.476,250.476,0.99,0.99,0.01,0.01,0.0,0.0,74200.21,1776243249000
1776243251.059,251.059,0.99,0.99,0.01,0.01,0.0,0.0,74200.1,1776243250000
1776243251.973,251.973,0.99,0.99,0.01,0.01,0.0,0.0,74200.1,1776243250000
1776243252.422,252.422,0.99,0.99,0.01,0.01,0.0,0.0,74200.13,1776243251000
1776243252.96,252.96,0.99,0.99,0.01,0.01,0.0,0.0,74198.19,1776243252000
1776243254.355,254.355,0.99,0.99,0.01,0.01,0.0,0.0,74201.4,1776243253000
1776243255.324,255.324,0.99,0.99,0.01,0.01,0.0,0.0,74201.38,1776243254000
1776243256.584,256.584,0.99,0.99,0.01,0.01,0.0,0.0,74199.37,1776243255000
1776243257.382,257.382,0.99,0.99,0.01,0.01,0.0,0.0,74198.9,1776243256000
1776243258.067,258.067,0.99,0.99,0.01,0.01,0.0,0.0,74197.21,1776243257000
1776243259.417,259.417,0.99,0.99,0.01,0.01,0.0,0.0,74199.38,1776243258000
1776243260.615,260.615,0.99,0.99,0.01,0.01,0.0,0.0,74200.88,1776243259000
1776243261.418,261.418,0.99,0.99,0.01,0.01,0.0,0.0,74198.62,1776243260000
1776243262.0,262.0,0.99,0.99,0.01,0.01,0.0,0.0,74198.14,1776243261000
1776243263.091,263.091,0.99,0.99,0.01,0.01,0.0,0.0,74197.47,1776243262000
1776243264.092,264.092,0.99,0.99,0.01,0.01,0.0,0.0,74193.82,1776243263000
1776243264.948,264.948,0.99,0.99,0.01,0.01,0.0,0.0,74193.82,1776243263000
1776243266.032,266.032,0.99,0.99,0.01,0.01,0.0,0.0,74178.42,1776243265000
1776243266.731,266.731,0.99,0.99,0.01,0.01,0.0,0.0,74178.42,1776243265000
1776243267.069,267.069,0.99,0.99,0.01,0.01,0.0,0.0,74174.65,1776243266000
1776243268.22,268.22,0.99,0.99,0.01,0.01,0.0,0.0,74174.14,1776243267000
1776243268.786,268.786,0.99,0.99,0.01,0.01,0.0,0.0,74174.14,1776243267000
1776243270.037,270.037,0.99,0.99,0.01,0.01,0.0,0.0,74174.12,1776243269000
1776243270.422,270.422,0.99,0.99,0.01,0.01,0.0,0.0,74174.12,1776243269000
1776243271.002,271.002,0.99,0.99,0.01,0.01,0.0,0.0,74174.12,1776243269000
1776243272.02,272.02,0.99,0.99,0.01,0.01,0.0,0.0,74174.15,1776243271000
1776243273.11,273.11,0.99,0.99,0.01,0.01,0.0,0.0,74173.45,1776243272000
1776243274.305,274.305,0.99,0.99,0.01,0.01,0.0,0.0,74173.45,1776243272000
1776243274.907,274.907,0.99,0.99,0.01,0.01,0.0,0.0,74172.56,1776243274000
1776243275.399,275.399,0.99,0.99,0.01,0.01,0.0,0.0,74172.56,1776243274000
1776243276.016,276.016,0.99,0.99,0.01,0.01,0.0,0.0,74173.07,1776243275000
1776243276.973,276.973,0.99,0.99,0.01,0.01,0.0,0.0,74173.07,1776243275000
1776243278.246,278.246,0.99,0.99,0.01,0.01,0.0,0.0,74171.82,1776243277000
1776243279.286,279.286,0.99,0.99,0.01,0.01,0.0,0.0,74171.2,1776243278000
1776243280.482,280.482,0.99,0.99,0.01,0.01,0.0,0.0,74167.48,1776243279000
1776243281.052,281.052,0.99,0.99,0.01,0.01,0.0,0.0,74165.84,1776243280000
1776243282.19,282.19,0.99,0.99,0.01,0.01,0.0,0.0,74164.38,1776243281000
1776243283.257,283.257,0.99,0.99,0.01,0.01,0.0,0.0,74164.34,1776243282000
1776243284.391,284.391,0.99,0.99,0.01,0.01,0.0,0.0,74164.34,1776243283000
1776243284.968,284.968,0.99,0.99,0.01,0.01,0.0,0.0,74165.31,1776243284000
1776243286.073,286.073,0.99,0.99,0.01,0.01,0.0,0.0,74165.73,1776243285000
1776243287.133,287.133,0.99,0.99,0.01,0.01,0.0,0.0,74165.76,1776243286000
1776243287.815,287.815,0.99,0.99,0.01,0.01,0.0,0.0,74165.76,1776243286000
1776243288.721,288.721,0.99,0.99,0.01,0.01,0.0,0.0,74173.54,1776243287000
1776243289.413,289.413,0.99,0.99,0.01,0.01,0.0,0.0,74175.41,1776243288000
1776243289.951,289.951,0.99,0.99,0.01,0.01,0.0,0.0,74175.41,1776243289000
1776243291.003,291.003,0.99,0.99,0.01,0.01,0.0,0.0,74175.43,1776243290000
1776243291.378,291.378,0.99,0.99,0.01,0.01,0.0,0.0,74175.43,1776243290000
1776243292.19,292.19,0.99,0.99,0.01,0.01,0.0,0.0,74175.48,1776243291000
1776243293.669,293.669,0.99,0.99,0.01,0.01,0.0,0.0,74175.47,1776243292000
1776243294.214,294.214,0.99,0.99,0.01,0.01,0.0,0.0,74175.47,1776243293000
1776243295.472,295.472,0.99,0.99,0.01,0.01,0.0,0.0,74175.56,1776243294000
1776243296.242,296.242,0.99,0.99,0.01,0.01,0.0,0.0,74175.56,1776243295000
1776243297.337,297.337,0.99,0.99,0.01,0.01,0.0,0.0,74178.58,1776243296000
1776243298.062,298.062,0.99,0.99,0.01,0.01,0.0,0.0,74178.58,1776243296000
1776243298.465,298.465,0.99,0.99,0.01,0.01,0.0,0.0,74178.58,1776243296000
1776243299.087,299.087,0.99,0.99,0.01,0.01,0.0,0.0,74188.08,1776243297000
1776243300.181,300.181,0.99,0.99,0.01,0.01,0.0,0.0,74188.7,1776243299000
1776243300.681,300.681,0.99,0.99,0.01,0.01,0.0,0.0,74188.7,1776243299000
1776243301.352,301.352,0.99,0.99,0.01,0.01,0.0,0.0,74185.89,1776243300000
1776243301.965,301.965,0.99,0.99,0.01,0.01,0.0,0.0,74183.64,1776243301000

# RESULT,winner=Up,slug=btc-updown-5m-1776243000,ticks=584
