timestamp,elapsed_sec,up_bid,up_ask,down_bid,down_ask,up_spread,down_spread,btc_price,btc_oracle_ts
1775956500.501,0.501,0.48,0.5,0.5,0.52,0.02,0.02,73093.43,1775956499000
1775956500.955,0.955,0.46,0.47,0.52,0.55,0.01,0.03,73093.43,1775956499000
1775956501.329,1.329,0.46,0.47,0.53,0.54,0.01,0.01,73093.43,1775956499000
1775956501.769,1.769,0.47,0.48,0.52,0.53,0.01,0.01,73093.43,1775956499000
1775956502.173,2.173,0.47,0.48,0.52,0.53,0.01,0.01,73106.26,1775956500000
1775956502.532,2.532,0.46,0.48,0.52,0.53,0.02,0.01,73106.26,1775956500000
1775956502.989,2.989,0.47,0.48,0.52,0.53,0.01,0.01,73101.7,1775956501000
1775956503.42,3.42,0.47,0.48,0.52,0.53,0.01,0.01,73101.7,1775956501000
1775956503.829,3.829,0.47,0.48,0.52,0.53,0.01,0.01,73094.92,1775956502000
1775956504.255,4.255,0.47,0.48,0.52,0.53,0.01,0.01,73094.92,1775956502000
1775956504.62,4.62,0.47,0.48,0.52,0.53,0.01,0.01,73094.92,1775956502000
1775956505.331,5.331,0.47,0.48,0.52,0.53,0.01,0.01,73096.13,1775956503000
1775956505.678,5.678,0.47,0.48,0.52,0.53,0.01,0.01,73096.72,1775956504000
1775956506.148,6.148,0.47,0.48,0.52,0.53,0.01,0.01,73096.72,1775956504000
1775956506.609,6.609,0.47,0.48,0.52,0.53,0.01,0.01,73096.72,1775956504000
1775956507.022,7.022,0.47,0.48,0.52,0.53,0.01,0.01,73097.0,1775956505000
1775956507.508,7.508,0.46,0.47,0.53,0.54,0.01,0.01,73097.0,1775956505000
1775956507.964,7.964,0.46,0.47,0.53,0.54,0.01,0.01,73097.0,1775956506000
1775956508.311,8.311,0.46,0.47,0.53,0.54,0.01,0.01,73097.0,1775956506000
1775956508.653,8.653,0.46,0.47,0.53,0.54,0.01,0.01,73097.0,1775956506000
1775956509.111,9.111,0.46,0.47,0.53,0.54,0.01,0.01,73097.15,1775956507000
1775956509.497,9.497,0.46,0.47,0.53,0.54,0.01,0.01,73096.58,1775956508000
1775956510.39,10.39,0.46,0.47,0.53,0.54,0.01,0.01,73096.58,1775956508000
1775956510.921,10.921,0.46,0.47,0.53,0.54,0.01,0.01,73096.56,1775956509000
1775956511.26,11.26,0.46,0.47,0.53,0.54,0.01,0.01,73096.56,1775956509000
1775956511.679,11.679,0.46,0.47,0.53,0.54,0.01,0.01,73096.56,1775956510000
1775956512.102,12.102,0.46,0.47,0.53,0.54,0.01,0.01,73096.56,1775956510000
1775956512.514,12.514,0.46,0.47,0.53,0.54,0.01,0.01,73096.56,1775956510000
1775956512.949,12.949,0.46,0.47,0.53,0.54,0.01,0.01,73096.56,1775956510000
1775956513.286,13.286,0.46,0.47,0.53,0.54,0.01,0.01,73096.61,1775956511000
1775956513.656,13.656,0.46,0.47,0.53,0.54,0.01,0.01,73096.61,1775956511000
1775956514.022,14.022,0.46,0.47,0.53,0.54,0.01,0.01,73096.61,1775956512000
1775956514.429,14.429,0.48,0.49,0.51,0.54,0.01,0.03,73096.61,1775956512000
1775956514.799,14.799,0.48,0.49,0.51,0.52,0.01,0.01,73096.61,1775956512000
1775956515.176,15.176,0.48,0.49,0.51,0.52,0.01,0.01,73096.61,1775956512000
1775956515.529,15.529,0.48,0.49,0.51,0.52,0.01,0.01,73096.61,1775956513000
1775956515.865,15.865,0.48,0.5,0.51,0.52,0.02,0.01,73096.61,1775956513000
1775956516.202,16.202,0.49,0.5,0.5,0.51,0.01,0.01,73096.63,1775956514000
1775956516.65,16.65,0.49,0.5,0.5,0.51,0.01,0.01,73096.64,1775956515000
1775956517.046,17.046,0.49,0.5,0.5,0.51,0.01,0.01,73096.64,1775956515000
1775956517.435,17.435,0.49,0.5,0.5,0.51,0.01,0.01,73097.28,1775956516000
1775956517.784,17.784,0.5,0.51,0.49,0.51,0.01,0.02,73097.28,1775956516000
1775956518.138,18.138,0.5,0.51,0.49,0.5,0.01,0.01,73097.72,1775956517000
1775956518.497,18.497,0.5,0.51,0.49,0.5,0.01,0.01,73097.72,1775956517000
1775956519.072,19.072,0.5,0.51,0.49,0.5,0.01,0.01,73097.99,1775956518000
1775956519.509,19.509,0.51,0.52,0.48,0.49,0.01,0.01,73097.99,1775956518000
1775956519.879,19.879,0.51,0.52,0.48,0.49,0.01,0.01,73097.99,1775956518000
1775956520.338,20.338,0.51,0.52,0.48,0.49,0.01,0.01,73102.3,1775956519000
1775956520.752,20.752,0.51,0.52,0.48,0.49,0.01,0.01,73102.3,1775956519000
1775956521.125,21.125,0.51,0.52,0.48,0.49,0.01,0.01,73103.38,1775956520000
1775956521.468,21.468,0.52,0.55,0.47,0.49,0.03,0.02,73103.38,1775956520000
1775956521.901,21.901,0.54,0.55,0.45,0.46,0.01,0.01,73103.38,1775956520000
1775956522.279,22.279,0.54,0.55,0.45,0.46,0.01,0.01,73106.6,1775956521000
1775956522.766,22.766,0.54,0.55,0.45,0.46,0.01,0.01,73106.6,1775956521000
1775956523.159,23.159,0.54,0.56,0.44,0.46,0.02,0.02,73106.74,1775956522000
1775956523.514,23.514,0.55,0.56,0.44,0.45,0.01,0.01,73106.74,1775956522000
1775956523.904,23.904,0.55,0.56,0.44,0.45,0.01,0.01,73111.26,1775956523000
1775956524.26,24.26,0.55,0.56,0.44,0.45,0.01,0.01,73111.26,1775956523000
1775956524.689,24.689,0.55,0.57,0.44,0.45,0.02,0.01,73111.26,1775956523000
1775956525.03,25.03,0.57,0.6,0.42,0.43,0.03,0.01,73111.68,1775956524000
1775956525.38,25.38,0.59,0.6,0.4,0.41,0.01,0.01,73111.68,1775956524000
1775956525.722,25.722,0.58,0.59,0.41,0.42,0.01,0.01,73111.68,1775956524000
1775956526.155,26.155,0.57,0.58,0.41,0.43,0.01,0.02,73111.67,1775956525000
1775956526.517,26.517,0.58,0.59,0.42,0.43,0.01,0.01,73111.67,1775956525000
1775956526.867,26.867,0.57,0.58,0.41,0.42,0.01,0.01,73111.67,1775956525000
1775956527.356,27.356,0.57,0.58,0.42,0.43,0.01,0.01,73111.65,1775956526000
1775956528.092,28.092,0.57,0.58,0.42,0.43,0.01,0.01,73111.65,1775956526000
1775956528.572,28.572,0.57,0.58,0.42,0.43,0.01,0.01,73111.49,1775956527000
1775956529.247,29.247,0.58,0.59,0.41,0.43,0.01,0.02,73111.49,1775956527000
1775956529.751,29.751,0.57,0.58,0.42,0.43,0.01,0.01,73111.51,1775956528000
1775956530.27,30.27,0.59,0.6,0.41,0.43,0.01,0.02,73111.51,1775956528000
1775956530.727,30.727,0.58,0.59,0.41,0.42,0.01,0.01,73111.53,1775956529000
1775956531.135,31.135,0.58,0.59,0.41,0.42,0.01,0.01,73111.53,1775956530000
1775956531.704,31.704,0.58,0.59,0.41,0.42,0.01,0.01,73111.53,1775956530000
1775956532.104,32.104,0.59,0.62,0.38,0.42,0.03,0.04,73111.53,1775956531000
1775956532.52,32.52,0.57,0.61,0.39,0.41,0.04,0.02,73111.53,1775956531000
1775956532.865,32.865,0.57,0.58,0.42,0.43,0.01,0.01,73111.53,1775956532000
1775956533.218,33.218,0.58,0.59,0.42,0.43,0.01,0.01,73111.53,1775956532000
1775956533.586,33.586,0.58,0.59,0.41,0.42,0.01,0.01,73111.53,1775956532000
1775956534.102,34.102,0.58,0.59,0.41,0.42,0.01,0.01,73112.17,1775956533000
1775956534.563,34.563,0.58,0.59,0.41,0.42,0.01,0.01,73112.17,1775956533000
1775956534.903,34.903,0.58,0.59,0.41,0.42,0.01,0.01,73112.19,1775956534000
1775956535.578,35.578,0.58,0.59,0.41,0.42,0.01,0.01,73112.19,1775956534000
1775956535.924,35.924,0.58,0.59,0.41,0.42,0.01,0.01,73112.19,1775956535000
1775956536.427,36.427,0.59,0.6,0.41,0.42,0.01,0.01,73112.19,1775956535000
1775956536.78,36.78,0.59,0.6,0.4,0.41,0.01,0.01,73112.19,1775956535000
1775956537.272,37.272,0.59,0.6,0.4,0.41,0.01,0.01,73112.19,1775956536000
1775956537.901,37.901,0.59,0.6,0.4,0.41,0.01,0.01,73112.25,1775956537000
1775956538.32,38.32,0.58,0.6,0.4,0.41,0.02,0.01,73112.25,1775956537000
1775956538.804,38.804,0.59,0.6,0.4,0.42,0.01,0.02,73112.25,1775956537000
1775956539.165,39.165,0.58,0.59,0.41,0.42,0.01,0.01,73112.19,1775956538000
1775956539.576,39.576,0.58,0.59,0.4,0.41,0.01,0.01,73112.19,1775956538000
1775956539.98,39.98,0.59,0.6,0.4,0.41,0.01,0.01,73112.19,1775956538000
1775956540.414,40.414,0.58,0.59,0.41,0.42,0.01,0.01,73112.23,1775956539000
1775956540.893,40.893,0.58,0.59,0.41,0.42,0.01,0.01,73112.23,1775956539000
1775956541.268,41.268,0.58,0.59,0.41,0.42,0.01,0.01,73112.11,1775956540000
1775956541.942,41.942,0.58,0.59,0.41,0.42,0.01,0.01,73112.11,1775956540000
1775956542.33,42.33,0.58,0.59,0.41,0.42,0.01,0.01,73112.19,1775956541000
1775956542.664,42.664,0.53,0.59,0.41,0.47,0.06,0.06,73112.19,1775956541000
1775956543.037,43.037,0.48,0.49,0.51,0.55,0.01,0.04,73112.19,1775956541000
1775956543.472,43.472,0.48,0.49,0.51,0.52,0.01,0.01,73112.23,1775956542000
1775956543.828,43.828,0.48,0.49,0.51,0.52,0.01,0.01,73112.23,1775956542000
1775956544.172,44.172,0.48,0.49,0.51,0.52,0.01,0.01,73112.23,1775956542000
1775956544.542,44.542,0.48,0.49,0.51,0.52,0.01,0.01,73106.75,1775956543000
1775956544.937,44.937,0.48,0.49,0.51,0.52,0.01,0.01,73106.75,1775956543000
1775956545.348,45.348,0.48,0.49,0.51,0.52,0.01,0.01,73101.74,1775956544000
1775956545.871,45.871,0.48,0.49,0.51,0.52,0.01,0.01,73101.74,1775956544000
1775956546.21,46.21,0.48,0.49,0.51,0.52,0.01,0.01,73102.23,1775956545000
1775956546.575,46.575,0.48,0.49,0.51,0.52,0.01,0.01,73102.23,1775956545000
1775956546.94,46.94,0.48,0.49,0.51,0.52,0.01,0.01,73102.23,1775956545000
1775956547.561,47.561,0.49,0.5,0.5,0.51,0.01,0.01,73101.78,1775956546000
1775956548.089,48.089,0.49,0.5,0.5,0.51,0.01,0.01,73101.91,1775956547000
1775956548.445,48.445,0.49,0.51,0.5,0.51,0.02,0.01,73101.91,1775956547000
1775956548.94,48.94,0.5,0.51,0.5,0.51,0.01,0.01,73101.91,1775956547000
1775956549.298,49.298,0.5,0.51,0.49,0.5,0.01,0.01,73101.91,1775956548000
1775956549.937,49.937,0.49,0.5,0.5,0.51,0.01,0.01,73101.91,1775956548000
1775956550.435,50.435,0.5,0.51,0.49,0.51,0.01,0.02,73101.92,1775956549000
1775956550.875,50.875,0.48,0.51,0.49,0.52,0.03,0.03,73101.72,1775956550000
1775956551.446,51.446,0.48,0.49,0.5,0.51,0.01,0.01,73101.72,1775956550000
1775956551.963,51.963,0.48,0.49,0.51,0.52,0.01,0.01,73101.72,1775956550000
1775956552.468,52.468,0.48,0.49,0.51,0.52,0.01,0.01,73101.76,1775956551000
1775956553.438,53.438,0.49,0.5,0.51,0.52,0.01,0.01,73101.76,1775956551000
1775956553.933,53.933,0.49,0.5,0.5,0.51,0.01,0.01,73101.8,1775956552000
1775956554.439,54.439,0.48,0.49,0.5,0.54,0.01,0.04,73101.8,1775956552000
1775956554.78,54.78,0.49,0.5,0.5,0.51,0.01,0.01,73101.8,1775956553000
1775956555.129,55.129,0.49,0.5,0.5,0.51,0.01,0.01,73101.79,1775956554000
1775956555.571,55.571,0.48,0.49,0.5,0.52,0.01,0.02,73101.79,1775956554000
1775956556.031,56.031,0.48,0.5,0.51,0.52,0.02,0.01,73101.79,1775956554000
1775956556.442,56.442,0.49,0.5,0.5,0.52,0.01,0.02,73101.79,1775956554000
1775956556.795,56.795,0.47,0.48,0.5,0.54,0.01,0.04,73101.79,1775956555000
1775956557.264,57.264,0.47,0.48,0.52,0.53,0.01,0.01,73101.69,1775956556000
1775956557.721,57.721,0.49,0.5,0.51,0.52,0.01,0.01,73101.69,1775956556000
1775956558.198,58.198,0.49,0.5,0.5,0.51,0.01,0.01,73101.78,1775956557000
1775956558.576,58.576,0.49,0.5,0.5,0.51,0.01,0.01,73101.78,1775956557000
1775956559.321,59.321,0.49,0.5,0.5,0.51,0.01,0.01,73101.79,1775956558000
1775956559.759,59.759,0.52,0.54,0.45,0.49,0.02,0.04,73101.79,1775956558000
1775956560.377,60.377,0.54,0.55,0.45,0.46,0.01,0.01,73101.79,1775956558000
1775956560.901,60.901,0.54,0.55,0.45,0.46,0.01,0.01,73101.79,1775956559000
1775956561.35,61.35,0.54,0.55,0.45,0.46,0.01,0.01,73101.79,1775956560000
1775956561.713,61.713,0.55,0.56,0.44,0.45,0.01,0.01,73101.79,1775956560000
1775956562.156,62.156,0.55,0.56,0.44,0.45,0.01,0.01,73102.29,1775956561000
1775956562.537,62.537,0.55,0.56,0.44,0.45,0.01,0.01,73102.29,1775956561000
1775956562.957,62.957,0.55,0.56,0.44,0.45,0.01,0.01,73102.29,1775956561000
1775956563.292,63.292,0.55,0.61,0.44,0.45,0.06,0.01,73103.16,1775956562000
1775956563.673,63.673,0.55,0.56,0.39,0.45,0.01,0.06,73103.16,1775956562000
1775956564.093,64.093,0.55,0.56,0.44,0.45,0.01,0.01,73103.16,1775956562000
1775956565.121,65.121,0.55,0.56,0.44,0.45,0.01,0.01,73103.91,1775956563000
1775956565.487,65.487,0.55,0.56,0.44,0.45,0.01,0.01,73104.04,1775956564000
1775956566.146,66.146,0.55,0.56,0.44,0.45,0.01,0.01,73104.04,1775956564000
1775956567.207,67.207,0.55,0.56,0.44,0.45,0.01,0.01,73104.04,1775956565000
1775956567.933,67.933,0.55,0.56,0.44,0.45,0.01,0.01,73104.04,1775956566000
1775956568.355,68.355,0.57,0.58,0.42,0.43,0.01,0.01,73104.04,1775956567000
1775956568.711,68.711,0.56,0.58,0.42,0.43,0.02,0.01,73104.04,1775956567000
1775956569.268,69.268,0.48,0.5,0.5,0.54,0.02,0.04,73104.04,1775956568000
1775956569.616,69.616,0.48,0.49,0.51,0.52,0.01,0.01,73104.04,1775956568000
1775956569.989,69.989,0.48,0.49,0.51,0.52,0.01,0.01,73104.05,1775956569000
1775956570.331,70.331,0.47,0.49,0.51,0.52,0.02,0.01,73104.05,1775956569000
1775956570.682,70.682,0.47,0.48,0.52,0.53,0.01,0.01,73104.05,1775956569000
1775956571.03,71.03,0.46,0.47,0.53,0.54,0.01,0.01,73101.94,1775956570000
1775956571.637,71.637,0.47,0.48,0.52,0.53,0.01,0.01,73101.94,1775956570000
1775956572.026,72.026,0.47,0.48,0.52,0.53,0.01,0.01,73100.94,1775956571000
1775956572.597,72.597,0.47,0.49,0.53,0.54,0.02,0.01,73100.94,1775956571000
1775956572.973,72.973,0.54,0.55,0.46,0.47,0.01,0.01,73100.94,1775956571000
1775956573.414,73.414,0.54,0.55,0.45,0.46,0.01,0.01,73101.53,1775956572000
1775956573.772,73.772,0.54,0.55,0.45,0.46,0.01,0.01,73101.53,1775956572000
1775956574.135,74.135,0.54,0.55,0.45,0.46,0.01,0.01,73101.39,1775956573000
1775956574.475,74.475,0.55,0.56,0.44,0.45,0.01,0.01,73101.39,1775956573000
1775956574.819,74.819,0.55,0.56,0.44,0.45,0.01,0.01,73101.39,1775956573000
1775956575.617,75.617,0.55,0.56,0.44,0.45,0.01,0.01,73104.99,1775956574000
1775956575.954,75.954,0.61,0.62,0.36,0.45,0.01,0.09,73107.16,1775956575000
1775956576.287,76.287,0.62,0.63,0.37,0.38,0.01,0.01,73107.16,1775956575000
1775956576.698,76.698,0.62,0.63,0.37,0.38,0.01,0.01,73107.16,1775956575000
1775956577.06,77.06,0.62,0.63,0.37,0.38,0.01,0.01,73107.16,1775956575000
1775956577.434,77.434,0.63,0.64,0.35,0.37,0.01,0.02,73107.16,1775956575000
1775956577.792,77.792,0.65,0.66,0.34,0.35,0.01,0.01,73107.16,1775956575000
1775956578.125,78.125,0.65,0.66,0.34,0.35,0.01,0.01,73107.16,1775956577000
1775956578.466,78.466,0.65,0.66,0.34,0.35,0.01,0.01,73107.16,1775956577000
1775956578.799,78.799,0.65,0.66,0.34,0.35,0.01,0.01,73107.16,1775956577000
1775956579.171,79.171,0.65,0.66,0.34,0.35,0.01,0.01,73107.16,1775956577000
1775956579.568,79.568,0.64,0.65,0.35,0.36,0.01,0.01,73107.16,1775956577000
1775956579.904,79.904,0.63,0.65,0.35,0.36,0.02,0.01,73107.16,1775956577000
1775956580.239,80.239,0.61,0.63,0.37,0.38,0.02,0.01,73108.1,1775956578000
1775956580.577,80.577,0.61,0.62,0.38,0.39,0.01,0.01,73109.22,1775956579000
1775956580.987,80.987,0.61,0.62,0.38,0.39,0.01,0.01,73109.22,1775956579000
1775956581.32,81.32,0.61,0.62,0.38,0.39,0.01,0.01,73109.22,1775956579000
1775956581.741,81.741,0.6,0.61,0.39,0.4,0.01,0.01,73109.45,1775956580000
1775956582.208,82.208,0.6,0.61,0.39,0.4,0.01,0.01,73109.45,1775956580000
1775956582.766,82.766,0.6,0.61,0.39,0.4,0.01,0.01,73109.52,1775956581000
1775956583.123,83.123,0.61,0.62,0.38,0.39,0.01,0.01,73109.52,1775956581000
1775956583.54,83.54,0.65,0.66,0.34,0.35,0.01,0.01,73109.52,1775956582000
1775956583.937,83.937,0.65,0.66,0.34,0.35,0.01,0.01,73109.52,1775956582000
1775956584.343,84.343,0.63,0.64,0.35,0.36,0.01,0.01,73109.6,1775956583000
1775956584.778,84.778,0.63,0.64,0.36,0.37,0.01,0.01,73109.6,1775956583000
1775956585.154,85.154,0.59,0.63,0.37,0.38,0.04,0.01,73109.6,1775956583000
1775956585.494,85.494,0.58,0.6,0.4,0.41,0.02,0.01,73109.63,1775956584000
1775956585.88,85.88,0.53,0.54,0.46,0.47,0.01,0.01,73109.59,1775956585000
1775956586.405,86.405,0.51,0.52,0.48,0.49,0.01,0.01,73109.59,1775956585000
1775956586.864,86.864,0.5,0.51,0.48,0.5,0.01,0.02,73109.59,1775956585000
1775956587.261,87.261,0.49,0.5,0.5,0.51,0.01,0.01,73108.23,1775956586000
1775956587.603,87.603,0.46,0.47,0.5,0.51,0.01,0.01,73108.23,1775956586000
1775956587.989,87.989,0.44,0.45,0.55,0.56,0.01,0.01,73104.34,1775956587000
1775956588.35,88.35,0.44,0.45,0.55,0.56,0.01,0.01,73104.34,1775956587000
1775956588.71,88.71,0.35,0.44,0.56,0.58,0.09,0.02,73104.34,1775956587000
1775956589.068,89.068,0.41,0.42,0.58,0.59,0.01,0.01,73103.28,1775956588000
1775956589.488,89.488,0.41,0.42,0.58,0.59,0.01,0.01,73103.28,1775956588000
1775956589.86,89.86,0.41,0.42,0.58,0.59,0.01,0.01,73099.66,1775956589000
1775956590.32,90.32,0.4,0.41,0.59,0.6,0.01,0.01,73099.66,1775956589000
1775956590.661,90.661,0.4,0.41,0.59,0.6,0.01,0.01,73099.66,1775956589000
1775956591.021,91.021,0.4,0.41,0.59,0.6,0.01,0.01,73098.9,1775956590000
1775956591.403,91.403,0.4,0.41,0.59,0.6,0.01,0.01,73098.9,1775956590000
1775956591.91,91.91,0.4,0.41,0.59,0.6,0.01,0.01,73098.9,1775956590000
1775956592.524,92.524,0.4,0.41,0.59,0.6,0.01,0.01,73098.9,1775956591000
1775956593.03,93.03,0.4,0.41,0.59,0.6,0.01,0.01,73098.58,1775956592000
1775956593.965,93.965,0.4,0.41,0.59,0.6,0.01,0.01,73098.58,1775956592000
1775956594.298,94.298,0.4,0.41,0.59,0.6,0.01,0.01,73098.58,1775956592000
1775956594.866,94.866,0.4,0.41,0.59,0.6,0.01,0.01,73098.58,1775956592000
1775956595.206,95.206,0.33,0.41,0.59,0.6,0.08,0.01,73098.74,1775956593000
1775956595.545,95.545,0.36,0.37,0.63,0.64,0.01,0.01,73098.74,1775956593000
1775956595.886,95.886,0.36,0.37,0.63,0.64,0.01,0.01,73098.74,1775956593000
1775956596.23,96.23,0.36,0.37,0.63,0.64,0.01,0.01,73098.59,1775956594000
1775956596.572,96.572,0.37,0.38,0.62,0.63,0.01,0.01,73098.59,1775956594000
1775956596.921,96.921,0.37,0.38,0.62,0.63,0.01,0.01,73098.59,1775956594000
1775956597.269,97.269,0.37,0.38,0.62,0.63,0.01,0.01,73098.58,1775956595000
1775956597.759,97.759,0.37,0.38,0.62,0.63,0.01,0.01,73098.58,1775956595000
1775956598.211,98.211,0.37,0.38,0.62,0.63,0.01,0.01,73097.94,1775956596000
1775956598.558,98.558,0.37,0.38,0.62,0.63,0.01,0.01,73097.94,1775956596000
1775956599.03,99.03,0.37,0.38,0.62,0.63,0.01,0.01,73097.68,1775956597000
1775956599.412,99.412,0.37,0.38,0.62,0.63,0.01,0.01,73097.76,1775956598000
1775956599.9,99.9,0.28,0.38,0.62,0.63,0.1,0.01,73097.76,1775956598000
1775956600.238,100.238,0.36,0.37,0.63,0.64,0.01,0.01,73098.04,1775956599000
1775956600.581,100.581,0.35,0.36,0.64,0.65,0.01,0.01,73098.04,1775956599000
1775956601.045,101.045,0.35,0.36,0.64,0.65,0.01,0.01,73098.04,1775956599000
1775956601.457,101.457,0.35,0.36,0.64,0.65,0.01,0.01,73098.04,1775956600000
1775956601.901,101.901,0.35,0.36,0.64,0.65,0.01,0.01,73098.04,1775956600000
1775956602.666,102.666,0.35,0.36,0.64,0.65,0.01,0.01,73098.14,1775956601000
1775956603.007,103.007,0.35,0.36,0.64,0.65,0.01,0.01,73098.14,1775956601000
1775956603.364,103.364,0.35,0.36,0.64,0.65,0.01,0.01,73098.15,1775956602000
1775956603.755,103.755,0.35,0.36,0.64,0.65,0.01,0.01,73098.15,1775956602000
1775956604.095,104.095,0.35,0.36,0.64,0.65,0.01,0.01,73098.15,1775956602000
1775956604.488,104.488,0.25,0.36,0.64,0.75,0.11,0.11,73098.15,1775956603000
1775956604.855,104.855,0.28,0.29,0.71,0.72,0.01,0.01,73098.15,1775956603000
1775956605.226,105.226,0.29,0.35,0.67,0.71,0.06,0.04,73098.22,1775956604000
1775956605.594,105.594,0.35,0.36,0.64,0.65,0.01,0.01,73098.22,1775956604000
1775956605.946,105.946,0.32,0.33,0.67,0.68,0.01,0.01,73098.22,1775956604000
1775956606.287,106.287,0.3,0.31,0.69,0.7,0.01,0.01,73098.22,1775956604000
1775956606.682,106.682,0.29,0.3,0.7,0.71,0.01,0.01,73098.16,1775956605000
1775956607.018,107.018,0.29,0.3,0.7,0.71,0.01,0.01,73098.26,1775956606000
1775956607.454,107.454,0.29,0.3,0.7,0.71,0.01,0.01,73098.26,1775956606000
1775956607.832,107.832,0.29,0.3,0.7,0.71,0.01,0.01,73098.26,1775956606000
1775956608.176,108.176,0.27,0.28,0.72,0.73,0.01,0.01,73098.26,1775956606000
1775956608.634,108.634,0.25,0.26,0.74,0.75,0.01,0.01,73092.24,1775956607000
1775956609.009,109.009,0.25,0.26,0.74,0.75,0.01,0.01,73092.24,1775956607000
1775956609.375,109.375,0.24,0.25,0.75,0.76,0.01,0.01,73092.24,1775956607000
1775956609.716,109.716,0.22,0.23,0.77,0.78,0.01,0.01,73091.16,1775956608000
1775956610.073,110.073,0.22,0.23,0.77,0.78,0.01,0.01,73091.17,1775956609000
1775956610.416,110.416,0.22,0.23,0.77,0.78,0.01,0.01,73091.17,1775956609000
1775956610.77,110.77,0.22,0.23,0.77,0.78,0.01,0.01,73091.17,1775956609000
1775956611.109,111.109,0.22,0.23,0.77,0.78,0.01,0.01,73091.17,1775956609000
1775956611.486,111.486,0.23,0.24,0.76,0.77,0.01,0.01,73087.84,1775956610000
1775956611.82,111.82,0.23,0.24,0.76,0.77,0.01,0.01,73087.84,1775956610000
1775956612.282,112.282,0.23,0.24,0.76,0.77,0.01,0.01,73087.84,1775956610000
1775956612.724,112.724,0.24,0.25,0.74,0.76,0.01,0.02,73087.84,1775956610000
1775956613.064,113.064,0.25,0.26,0.74,0.75,0.01,0.01,73085.96,1775956611000
1775956613.41,113.41,0.25,0.26,0.74,0.75,0.01,0.01,73086.05,1775956612000
1775956613.781,113.781,0.24,0.25,0.74,0.76,0.01,0.02,73086.05,1775956612000
1775956614.247,114.247,0.24,0.25,0.75,0.76,0.01,0.01,73086.05,1775956612000
1775956614.595,114.595,0.23,0.24,0.76,0.77,0.01,0.01,73085.95,1775956613000
1775956614.995,114.995,0.25,0.26,0.74,0.77,0.01,0.03,73085.95,1775956613000
1775956615.515,115.515,0.25,0.26,0.74,0.75,0.01,0.01,73085.2,1775956614000
1775956616.061,116.061,0.25,0.26,0.74,0.75,0.01,0.01,73085.2,1775956614000
1775956616.47,116.47,0.25,0.26,0.74,0.75,0.01,0.01,73085.16,1775956615000
1775956616.872,116.872,0.26,0.27,0.74,0.75,0.01,0.01,73085.16,1775956615000
1775956617.222,117.222,0.26,0.27,0.73,0.74,0.01,0.01,73085.15,1775956616000
1775956617.566,117.566,0.25,0.26,0.74,0.75,0.01,0.01,73085.15,1775956616000
1775956618.021,118.021,0.24,0.25,0.74,0.77,0.01,0.03,73085.15,1775956616000
1775956618.517,118.517,0.23,0.24,0.76,0.77,0.01,0.01,73085.15,1775956617000
1775956618.89,118.89,0.23,0.24,0.76,0.77,0.01,0.01,73085.15,1775956617000
1775956619.255,119.255,0.23,0.24,0.76,0.77,0.01,0.01,73085.15,1775956617000
1775956619.598,119.598,0.23,0.24,0.76,0.77,0.01,0.01,73085.35,1775956618000
1775956620.13,120.13,0.23,0.24,0.76,0.77,0.01,0.01,73085.53,1775956619000
1775956620.495,120.495,0.23,0.24,0.76,0.77,0.01,0.01,73085.53,1775956619000
1775956620.917,120.917,0.23,0.24,0.76,0.77,0.01,0.01,73085.53,1775956619000
1775956621.25,121.25,0.23,0.24,0.76,0.77,0.01,0.01,73085.53,1775956619000
1775956621.735,121.735,0.23,0.24,0.76,0.77,0.01,0.01,73084.95,1775956620000
1775956622.091,122.091,0.23,0.24,0.76,0.77,0.01,0.01,73084.95,1775956620000
1775956622.445,122.445,0.25,0.26,0.74,0.75,0.01,0.01,73084.95,1775956620000
1775956622.782,122.782,0.25,0.26,0.74,0.75,0.01,0.01,73084.52,1775956621000
1775956623.222,123.222,0.25,0.26,0.74,0.75,0.01,0.01,73084.52,1775956622000
1775956623.558,123.558,0.23,0.26,0.74,0.75,0.03,0.01,73084.52,1775956622000
1775956623.911,123.911,0.2,0.21,0.77,0.81,0.01,0.04,73084.52,1775956622000
1775956624.247,124.247,0.21,0.22,0.78,0.79,0.01,0.01,73084.52,1775956622000
1775956624.634,124.634,0.21,0.22,0.78,0.79,0.01,0.01,73084.38,1775956623000
1775956624.978,124.978,0.21,0.22,0.78,0.79,0.01,0.01,73084.38,1775956623000
1775956625.318,125.318,0.21,0.23,0.78,0.79,0.02,0.01,73084.38,1775956624000
1775956625.665,125.665,0.21,0.22,0.77,0.79,0.01,0.02,73084.38,1775956624000
1775956626.117,126.117,0.22,0.23,0.78,0.79,0.01,0.01,73084.38,1775956624000
1775956626.469,126.469,0.22,0.23,0.77,0.78,0.01,0.01,73078.52,1775956625000
1775956626.805,126.805,0.19,0.21,0.76,0.85,0.02,0.09,73078.52,1775956625000
1775956627.55,127.55,0.2,0.21,0.79,0.8,0.01,0.01,73075.6,1775956626000
1775956627.885,127.885,0.18,0.19,0.81,0.82,0.01,0.01,73075.6,1775956626000
1775956628.311,128.311,0.19,0.2,0.8,0.82,0.01,0.02,73075.6,1775956626000
1775956628.654,128.654,0.15,0.16,0.84,0.85,0.01,0.01,73077.06,1775956627000
1775956628.988,128.988,0.15,0.16,0.84,0.85,0.01,0.01,73077.06,1775956627000
1775956629.413,129.413,0.15,0.16,0.84,0.85,0.01,0.01,73077.06,1775956628000
1775956629.764,129.764,0.15,0.16,0.84,0.85,0.01,0.01,73077.06,1775956628000
1775956630.169,130.169,0.16,0.21,0.83,0.84,0.05,0.01,73077.06,1775956628000
1775956630.524,130.524,0.17,0.18,0.82,0.83,0.01,0.01,73076.31,1775956629000
1775956630.86,130.86,0.17,0.18,0.82,0.83,0.01,0.01,73076.31,1775956629000
1775956631.33,131.33,0.18,0.19,0.81,0.82,0.01,0.01,73076.31,1775956629000
1775956631.869,131.869,0.13,0.16,0.84,0.85,0.03,0.01,73071.26,1775956630000
1775956632.207,132.207,0.12,0.13,0.87,0.88,0.01,0.01,73071.25,1775956631000
1775956632.585,132.585,0.13,0.14,0.86,0.87,0.01,0.01,73071.25,1775956631000
1775956632.945,132.945,0.14,0.15,0.85,0.87,0.01,0.02,73071.25,1775956631000
1775956633.291,133.291,0.13,0.14,0.85,0.86,0.01,0.01,73070.87,1775956632000
1775956633.721,133.721,0.13,0.14,0.86,0.87,0.01,0.01,73070.87,1775956632000
1775956634.145,134.145,0.13,0.14,0.86,0.87,0.01,0.01,73070.87,1775956632000
1775956634.526,134.526,0.14,0.15,0.85,0.86,0.01,0.01,73063.4,1775956633000
1775956634.921,134.921,0.1,0.11,0.89,0.9,0.01,0.01,73063.4,1775956633000
1775956635.282,135.282,0.11,0.12,0.88,0.89,0.01,0.01,73063.4,1775956633000
1775956635.626,135.626,0.11,0.12,0.88,0.89,0.01,0.01,73062.1,1775956634000
1775956635.974,135.974,0.13,0.14,0.86,0.87,0.01,0.01,73062.1,1775956634000
1775956636.348,136.348,0.13,0.14,0.86,0.87,0.01,0.01,73062.06,1775956635000
1775956636.683,136.683,0.13,0.15,0.86,0.87,0.02,0.01,73062.06,1775956635000
1775956637.251,137.251,0.14,0.15,0.85,0.86,0.01,0.01,73060.3,1775956636000
1775956637.596,137.596,0.15,0.16,0.84,0.86,0.01,0.02,73060.3,1775956636000
1775956637.959,137.959,0.12,0.13,0.87,0.88,0.01,0.01,73060.3,1775956636000
1775956638.413,138.413,0.12,0.13,0.87,0.88,0.01,0.01,73060.29,1775956637000
1775956638.971,138.971,0.12,0.13,0.87,0.88,0.01,0.01,73060.29,1775956637000
1775956639.328,139.328,0.13,0.14,0.85,0.87,0.01,0.02,73060.27,1775956638000
1775956639.775,139.775,0.14,0.15,0.85,0.86,0.01,0.01,73060.27,1775956638000
1775956640.176,140.176,0.14,0.15,0.85,0.86,0.01,0.01,73060.27,1775956639000
1775956640.739,140.739,0.13,0.14,0.85,0.87,0.01,0.02,73060.27,1775956639000
1775956641.13,141.13,0.13,0.14,0.86,0.87,0.01,0.01,73060.03,1775956640000
1775956641.513,141.513,0.13,0.14,0.86,0.87,0.01,0.01,73060.03,1775956640000
1775956641.848,141.848,0.11,0.12,0.87,0.88,0.01,0.01,73060.03,1775956640000
1775956642.204,142.204,0.06,0.12,0.88,0.89,0.06,0.01,73060.03,1775956640000
1775956642.573,142.573,0.07,0.08,0.92,0.93,0.01,0.01,73059.99,1775956641000
1775956642.908,142.908,0.07,0.08,0.92,0.93,0.01,0.01,73059.99,1775956641000
1775956643.257,143.257,0.07,0.08,0.92,0.93,0.01,0.01,73059.99,1775956641000
1775956643.613,143.613,0.06,0.07,0.92,0.93,0.01,0.01,73059.78,1775956642000
1775956643.967,143.967,0.06,0.07,0.92,0.93,0.01,0.01,73059.78,1775956642000
1775956644.5,144.5,0.07,0.08,0.92,0.93,0.01,0.01,73059.78,1775956642000
1775956644.86,144.86,0.06,0.08,0.91,0.94,0.02,0.03,73054.43,1775956643000
1775956645.216,145.216,0.07,0.08,0.92,0.93,0.01,0.01,73054.43,1775956643000
1775956645.554,145.554,0.05,0.06,0.94,0.95,0.01,0.01,73054.16,1775956644000
1775956645.955,145.955,0.05,0.06,0.94,0.95,0.01,0.01,73054.16,1775956644000
1775956646.296,146.296,0.05,0.06,0.94,0.95,0.01,0.01,73054.16,1775956644000
1775956646.67,146.67,0.04,0.06,0.94,0.95,0.02,0.01,73054.16,1775956645000
1775956647.003,147.003,0.04,0.05,0.95,0.96,0.01,0.01,73054.16,1775956645000
1775956647.37,147.37,0.04,0.05,0.95,0.96,0.01,0.01,73054.16,1775956645000
1775956647.774,147.774,0.04,0.05,0.95,0.96,0.01,0.01,73054.16,1775956645000
1775956648.11,148.11,0.06,0.07,0.93,0.94,0.01,0.01,73049.07,1775956646000
1775956648.456,148.456,0.04,0.05,0.94,0.96,0.01,0.02,73049.07,1775956646000
1775956648.879,148.879,0.04,0.05,0.95,0.96,0.01,0.01,73047.16,1775956647000
1775956649.276,149.276,0.04,0.05,0.95,0.96,0.01,0.01,73045.61,1775956648000
1775956649.625,149.625,0.04,0.05,0.95,0.96,0.01,0.01,73045.61,1775956648000
1775956649.993,149.993,0.04,0.05,0.95,0.96,0.01,0.01,73045.61,1775956648000
1775956650.338,150.338,0.04,0.05,0.95,0.96,0.01,0.01,73045.61,1775956648000
1775956650.684,150.684,0.04,0.05,0.95,0.96,0.01,0.01,73042.5,1775956649000
1775956651.018,151.018,0.06,0.07,0.93,0.94,0.01,0.01,73042.5,1775956649000
1775956651.362,151.362,0.06,0.07,0.93,0.94,0.01,0.01,73040.01,1775956650000
1775956651.857,151.857,0.06,0.07,0.92,0.94,0.01,0.02,73040.01,1775956650000
1775956652.193,152.193,0.07,0.08,0.92,0.93,0.01,0.01,73039.37,1775956651000
1775956652.541,152.541,0.06,0.08,0.92,0.93,0.02,0.01,73039.37,1775956651000
1775956652.881,152.881,0.07,0.08,0.92,0.94,0.01,0.02,73039.37,1775956651000
1775956653.317,153.317,0.07,0.08,0.92,0.93,0.01,0.01,73042.23,1775956652000
1775956653.818,153.818,0.09,0.1,0.9,0.91,0.01,0.01,73042.23,1775956652000
1775956654.28,154.28,0.09,0.1,0.9,0.91,0.01,0.01,73042.73,1775956653000
1775956654.698,154.698,0.09,0.1,0.9,0.91,0.01,0.01,73042.73,1775956653000
1775956655.116,155.116,0.09,0.1,0.9,0.91,0.01,0.01,73042.73,1775956653000
1775956655.491,155.491,0.09,0.1,0.9,0.91,0.01,0.01,73043.32,1775956654000
1775956655.91,155.91,0.09,0.1,0.9,0.91,0.01,0.01,73043.32,1775956654000
1775956656.261,156.261,0.09,0.1,0.9,0.91,0.01,0.01,73043.32,1775956654000
1775956656.628,156.628,0.09,0.1,0.9,0.91,0.01,0.01,73043.32,1775956654000
1775956656.99,156.99,0.08,0.12,0.88,0.92,0.04,0.04,73045.35,1775956655000
1775956657.38,157.38,0.09,0.1,0.9,0.92,0.01,0.02,73045.98,1775956656000
1775956657.748,157.748,0.09,0.1,0.9,0.91,0.01,0.01,73045.98,1775956656000
1775956658.098,158.098,0.09,0.1,0.9,0.91,0.01,0.01,73045.98,1775956656000
1775956658.462,158.462,0.14,0.15,0.85,0.88,0.01,0.03,73045.98,1775956656000
1775956658.903,158.903,0.14,0.15,0.85,0.86,0.01,0.01,73046.37,1775956657000
1775956659.243,159.243,0.14,0.15,0.85,0.86,0.01,0.01,73046.29,1775956658000
1775956659.68,159.68,0.14,0.15,0.85,0.86,0.01,0.01,73046.29,1775956658000
1775956660.018,160.018,0.12,0.13,0.87,0.88,0.01,0.01,73046.29,1775956658000
1775956660.419,160.419,0.11,0.12,0.88,0.89,0.01,0.01,73046.29,1775956658000
1775956660.958,160.958,0.11,0.12,0.88,0.89,0.01,0.01,73049.87,1775956659000
1775956661.734,161.734,0.11,0.12,0.88,0.89,0.01,0.01,73051.83,1775956660000
1775956662.08,162.08,0.12,0.13,0.86,0.88,0.01,0.02,73051.83,1775956660000
1775956662.481,162.481,0.11,0.13,0.88,0.89,0.02,0.01,73051.8,1775956661000
1775956662.857,162.857,0.12,0.13,0.87,0.88,0.01,0.01,73051.8,1775956661000
1775956663.236,163.236,0.12,0.13,0.87,0.88,0.01,0.01,73051.8,1775956662000
1775956663.719,163.719,0.12,0.13,0.87,0.88,0.01,0.01,73051.8,1775956662000
1775956664.123,164.123,0.12,0.13,0.87,0.88,0.01,0.01,73051.94,1775956663000
1775956664.529,164.529,0.13,0.14,0.86,0.87,0.01,0.01,73051.94,1775956663000
1775956664.877,164.877,0.12,0.13,0.87,0.88,0.01,0.01,73051.94,1775956663000
1775956665.217,165.217,0.13,0.14,0.86,0.88,0.01,0.02,73051.87,1775956664000
1775956666.015,166.015,0.12,0.13,0.86,0.87,0.01,0.01,73051.87,1775956664000
1775956666.405,166.405,0.12,0.13,0.87,0.88,0.01,0.01,73051.86,1775956665000
1775956666.909,166.909,0.1,0.11,0.87,0.89,0.01,0.02,73051.86,1775956665000
1775956667.296,167.296,0.1,0.11,0.89,0.9,0.01,0.01,73051.98,1775956666000
1775956667.692,167.692,0.1,0.11,0.89,0.9,0.01,0.01,73051.98,1775956666000
1775956668.153,168.153,0.11,0.12,0.88,0.89,0.01,0.01,73051.8,1775956667000
1775956668.551,168.551,0.1,0.11,0.89,0.9,0.01,0.01,73051.8,1775956667000
1775956669.187,169.187,0.1,0.11,0.89,0.9,0.01,0.01,73051.87,1775956668000
1775956669.607,169.607,0.1,0.11,0.89,0.9,0.01,0.01,73051.87,1775956668000
1775956670.09,170.09,0.1,0.11,0.89,0.9,0.01,0.01,73051.87,1775956668000
1775956670.489,170.489,0.12,0.13,0.87,0.89,0.01,0.02,73051.94,1775956669000
1775956670.839,170.839,0.14,0.15,0.85,0.86,0.01,0.01,73051.94,1775956669000
1775956671.319,171.319,0.14,0.15,0.85,0.86,0.01,0.01,73051.95,1775956670000
1775956671.834,171.834,0.14,0.15,0.85,0.86,0.01,0.01,73051.95,1775956670000
1775956672.223,172.223,0.15,0.16,0.84,0.85,0.01,0.01,73051.95,1775956670000
1775956672.634,172.634,0.15,0.16,0.84,0.85,0.01,0.01,73052.95,1775956671000
1775956673.107,173.107,0.19,0.2,0.8,0.81,0.01,0.01,73052.95,1775956671000
1775956673.477,173.477,0.18,0.19,0.8,0.83,0.01,0.03,73052.95,1775956671000
1775956673.826,173.826,0.18,0.19,0.81,0.82,0.01,0.01,73052.95,1775956671000
1775956674.172,174.172,0.2,0.21,0.79,0.82,0.01,0.03,73058.22,1775956672000
1775956674.519,174.519,0.2,0.21,0.79,0.8,0.01,0.01,73059.96,1775956673000
1775956674.888,174.888,0.18,0.19,0.81,0.82,0.01,0.01,73059.96,1775956673000
1775956675.25,175.25,0.18,0.19,0.8,0.82,0.01,0.02,73059.96,1775956673000
1775956675.587,175.587,0.19,0.2,0.8,0.81,0.01,0.01,73061.71,1775956674000
1775956675.93,175.93,0.18,0.19,0.81,0.82,0.01,0.01,73061.71,1775956674000
1775956676.266,176.266,0.17,0.19,0.81,0.82,0.02,0.01,73063.34,1775956675000
1775956676.607,176.607,0.13,0.14,0.84,0.85,0.01,0.01,73063.34,1775956675000
1775956677.084,177.084,0.14,0.15,0.85,0.86,0.01,0.01,73063.34,1775956676000
1775956677.484,177.484,0.09,0.1,0.85,0.92,0.01,0.07,73063.34,1775956676000
1775956677.962,177.962,0.09,0.1,0.9,0.91,0.01,0.01,73063.34,1775956676000
1775956678.311,178.311,0.1,0.11,0.89,0.91,0.01,0.02,73062.43,1775956677000
1775956678.672,178.672,0.11,0.12,0.88,0.9,0.01,0.02,73062.43,1775956677000
1775956679.217,179.217,0.1,0.12,0.88,0.9,0.02,0.02,73061.82,1775956678000
1775956679.566,179.566,0.1,0.11,0.89,0.9,0.01,0.01,73061.82,1775956678000
1775956680.015,180.015,0.1,0.11,0.89,0.9,0.01,0.01,73061.82,1775956678000
1775956680.583,180.583,0.1,0.11,0.89,0.9,0.01,0.01,73061.81,1775956679000
1775956680.937,180.937,0.07,0.08,0.92,0.93,0.01,0.01,73061.81,1775956679000
1775956681.291,181.291,0.07,0.08,0.92,0.93,0.01,0.01,73061.81,1775956679000
1775956681.71,181.71,0.07,0.08,0.92,0.93,0.01,0.01,73061.84,1775956680000
1775956682.049,182.049,0.05,0.08,0.92,0.93,0.03,0.01,73061.84,1775956680000
1775956682.384,182.384,0.05,0.06,0.92,0.95,0.01,0.03,73061.84,1775956680000
1775956682.759,182.759,0.05,0.07,0.94,0.95,0.02,0.01,73059.8,1775956681000
1775956683.123,183.123,0.05,0.06,0.93,0.95,0.01,0.02,73059.36,1775956682000
1775956683.563,183.563,0.06,0.07,0.93,0.94,0.01,0.01,73059.36,1775956682000
1775956684.001,184.001,0.06,0.07,0.93,0.94,0.01,0.01,73053.66,1775956683000
1775956684.357,184.357,0.06,0.07,0.93,0.94,0.01,0.01,73053.66,1775956683000
1775956684.778,184.778,0.06,0.07,0.93,0.94,0.01,0.01,73053.66,1775956683000
1775956685.122,185.122,0.06,0.07,0.93,0.94,0.01,0.01,73053.1,1775956684000
1775956685.858,185.858,0.06,0.07,0.93,0.94,0.01,0.01,73053.1,1775956684000
1775956686.286,186.286,0.06,0.07,0.93,0.96,0.01,0.03,73053.1,1775956685000
1775956687.017,187.017,0.06,0.07,0.93,0.94,0.01,0.01,73053.1,1775956685000
1775956687.764,187.764,0.08,0.09,0.91,0.92,0.01,0.01,73053.1,1775956685000
1775956688.164,188.164,0.08,0.09,0.91,0.92,0.01,0.01,73053.24,1775956686000
1775956688.508,188.508,0.11,0.13,0.87,0.89,0.02,0.02,73055.86,1775956687000
1775956689.348,189.348,0.11,0.12,0.85,0.89,0.01,0.04,73055.86,1775956687000
1775956689.875,189.875,0.13,0.14,0.86,0.87,0.01,0.01,73055.91,1775956688000
1775956690.305,190.305,0.13,0.14,0.86,0.87,0.01,0.01,73059.68,1775956689000
1775956690.714,190.714,0.13,0.15,0.85,0.87,0.02,0.02,73059.68,1775956689000
1775956691.184,191.184,0.14,0.16,0.85,0.86,0.02,0.01,73059.68,1775956689000
1775956691.588,191.588,0.16,0.17,0.83,0.84,0.01,0.01,73061.52,1775956690000
1775956691.984,191.984,0.16,0.17,0.83,0.84,0.01,0.01,73061.7,1775956691000
1775956692.524,192.524,0.18,0.19,0.81,0.84,0.01,0.03,73061.7,1775956691000
1775956693.312,193.312,0.18,0.19,0.81,0.82,0.01,0.01,73067.48,1775956692000
1775956693.964,193.964,0.18,0.19,0.81,0.82,0.01,0.01,73067.32,1775956693000
1775956694.416,194.416,0.15,0.19,0.81,0.82,0.04,0.01,73067.32,1775956693000
1775956694.796,194.796,0.18,0.19,0.81,0.82,0.01,0.01,73067.32,1775956693000
1775956695.166,195.166,0.18,0.19,0.81,0.82,0.01,0.01,73067.32,1775956693000
1775956695.622,195.622,0.18,0.19,0.81,0.82,0.01,0.01,73067.47,1775956694000
1775956695.962,195.962,0.18,0.19,0.81,0.82,0.01,0.01,73067.47,1775956694000
1775956696.48,196.48,0.18,0.19,0.81,0.82,0.01,0.01,73067.67,1775956695000
1775956696.845,196.845,0.18,0.19,0.81,0.82,0.01,0.01,73067.67,1775956695000
1775956697.255,197.255,0.18,0.19,0.81,0.82,0.01,0.01,73067.67,1775956695000
1775956697.675,197.675,0.16,0.17,0.83,0.84,0.01,0.01,73067.88,1775956696000
1775956698.129,198.129,0.16,0.17,0.83,0.84,0.01,0.01,73067.88,1775956696000
1775956698.473,198.473,0.16,0.17,0.83,0.85,0.01,0.02,73068.72,1775956697000
1775956698.892,198.892,0.14,0.17,0.83,0.84,0.03,0.01,73068.72,1775956697000
1775956699.23,199.23,0.15,0.16,0.83,0.86,0.01,0.03,73068.72,1775956697000
1775956699.59,199.59,0.13,0.16,0.84,0.85,0.03,0.01,73069.21,1775956698000
1775956699.93,199.93,0.14,0.15,0.85,0.86,0.01,0.01,73069.21,1775956698000
1775956700.356,200.356,0.13,0.14,0.85,0.86,0.01,0.01,73069.17,1775956699000
1775956700.824,200.824,0.13,0.14,0.86,0.87,0.01,0.01,73069.17,1775956699000
1775956701.436,201.436,0.13,0.14,0.86,0.87,0.01,0.01,73069.17,1775956699000
1775956701.887,201.887,0.13,0.14,0.86,0.87,0.01,0.01,73069.17,1775956700000
1775956702.454,202.454,0.13,0.14,0.86,0.87,0.01,0.01,73069.14,1775956701000
1775956702.941,202.941,0.16,0.17,0.83,0.84,0.01,0.01,73069.14,1775956701000
1775956703.624,203.624,0.17,0.18,0.82,0.83,0.01,0.01,73069.14,1775956702000
1775956704.432,204.432,0.18,0.19,0.81,0.82,0.01,0.01,73069.19,1775956703000
1775956705.234,205.234,0.18,0.19,0.81,0.82,0.01,0.01,73069.19,1775956703000
1775956705.568,205.568,0.18,0.19,0.81,0.82,0.01,0.01,73070.05,1775956704000
1775956705.96,205.96,0.18,0.19,0.81,0.82,0.01,0.01,73070.51,1775956705000
1775956706.337,206.337,0.18,0.19,0.81,0.82,0.01,0.01,73070.51,1775956705000
1775956706.673,206.673,0.18,0.19,0.81,0.82,0.01,0.01,73070.51,1775956705000
1775956707.098,207.098,0.19,0.2,0.8,0.81,0.01,0.01,73070.51,1775956705000
1775956707.535,207.535,0.19,0.2,0.8,0.81,0.01,0.01,73070.46,1775956706000
1775956707.873,207.873,0.19,0.2,0.8,0.81,0.01,0.01,73070.46,1775956706000
1775956708.253,208.253,0.19,0.2,0.8,0.81,0.01,0.01,73070.48,1775956707000
1775956708.883,208.883,0.18,0.19,0.8,0.82,0.01,0.02,73070.48,1775956707000
1775956709.23,209.23,0.18,0.19,0.81,0.82,0.01,0.01,73070.48,1775956707000
1775956709.595,209.595,0.18,0.19,0.81,0.82,0.01,0.01,73072.48,1775956708000
1775956709.951,209.951,0.18,0.19,0.81,0.82,0.01,0.01,73072.48,1775956708000
1775956710.333,210.333,0.18,0.19,0.81,0.82,0.01,0.01,73072.48,1775956708000
1775956710.831,210.831,0.18,0.19,0.81,0.82,0.01,0.01,73072.48,1775956709000
1775956711.395,211.395,0.18,0.19,0.81,0.82,0.01,0.01,73072.48,1775956709000
1775956711.921,211.921,0.18,0.19,0.81,0.82,0.01,0.01,73072.33,1775956710000
1775956712.271,212.271,0.18,0.19,0.81,0.82,0.01,0.01,73072.33,1775956711000
1775956712.628,212.628,0.18,0.19,0.81,0.82,0.01,0.01,73072.33,1775956711000
1775956713.082,213.082,0.18,0.19,0.81,0.82,0.01,0.01,73072.51,1775956712000
1775956713.817,213.817,0.18,0.19,0.81,0.82,0.01,0.01,73072.51,1775956712000
1775956714.207,214.207,0.18,0.19,0.81,0.82,0.01,0.01,73072.51,1775956713000
1775956714.591,214.591,0.18,0.19,0.81,0.82,0.01,0.01,73072.51,1775956713000
1775956715.032,215.032,0.17,0.18,0.82,0.83,0.01,0.01,73072.51,1775956713000
1775956715.642,215.642,0.17,0.18,0.82,0.83,0.01,0.01,73072.47,1775956714000
1775956716.147,216.147,0.15,0.16,0.83,0.84,0.01,0.01,73072.47,1775956714000
1775956716.649,216.649,0.15,0.16,0.84,0.85,0.01,0.01,73072.48,1775956715000
1775956717.165,217.165,0.14,0.15,0.84,0.86,0.01,0.02,73072.48,1775956716000
1775956717.677,217.677,0.13,0.14,0.85,0.87,0.01,0.02,73072.48,1775956716000
1775956718.086,218.086,0.14,0.15,0.85,0.86,0.01,0.01,73072.48,1775956716000
1775956718.543,218.543,0.16,0.17,0.83,0.84,0.01,0.01,73072.62,1775956717000
1775956719.057,219.057,0.17,0.18,0.82,0.83,0.01,0.01,73072.62,1775956717000
1775956719.524,219.524,0.17,0.18,0.82,0.83,0.01,0.01,73072.64,1775956718000
1775956720.02,220.02,0.17,0.18,0.82,0.83,0.01,0.01,73072.64,1775956718000
1775956720.448,220.448,0.17,0.18,0.82,0.83,0.01,0.01,73073.04,1775956719000
1775956721.057,221.057,0.17,0.18,0.82,0.83,0.01,0.01,73073.04,1775956719000
1775956721.408,221.408,0.14,0.15,0.82,0.86,0.01,0.04,73073.04,1775956719000
1775956721.904,221.904,0.15,0.16,0.84,0.85,0.01,0.01,73076.1,1775956721000
1775956722.409,222.409,0.14,0.15,0.85,0.86,0.01,0.01,73076.1,1775956721000
1775956722.912,222.912,0.14,0.15,0.85,0.86,0.01,0.01,73076.1,1775956721000
1775956723.418,223.418,0.14,0.15,0.85,0.86,0.01,0.01,73076.1,1775956722000
1775956723.759,223.759,0.14,0.15,0.85,0.86,0.01,0.01,73076.1,1775956722000
1775956724.123,224.123,0.14,0.15,0.85,0.86,0.01,0.01,73076.1,1775956722000
1775956724.501,224.501,0.14,0.15,0.85,0.86,0.01,0.01,73076.19,1775956723000
1775956724.838,224.838,0.14,0.15,0.85,0.86,0.01,0.01,73076.19,1775956723000
1775956725.183,225.183,0.11,0.12,0.87,0.89,0.01,0.02,73076.19,1775956723000
1775956725.566,225.566,0.11,0.12,0.88,0.89,0.01,0.01,73076.3,1775956724000
1775956726.0,226.0,0.11,0.12,0.88,0.89,0.01,0.01,73076.3,1775956724000
1775956726.452,226.452,0.11,0.12,0.83,0.92,0.01,0.09,73076.21,1775956725000
1775956726.791,226.791,0.09,0.1,0.89,0.9,0.01,0.01,73076.21,1775956725000
1775956727.162,227.162,0.09,0.1,0.9,0.91,0.01,0.01,73074.71,1775956726000
1775956727.502,227.502,0.09,0.1,0.9,0.91,0.01,0.01,73074.71,1775956726000
1775956727.911,227.911,0.09,0.1,0.9,0.91,0.01,0.01,73074.71,1775956726000
1775956728.403,228.403,0.09,0.1,0.9,0.91,0.01,0.01,73071.66,1775956727000
1775956728.905,228.905,0.09,0.1,0.9,0.91,0.01,0.01,73071.66,1775956727000
1775956729.244,229.244,0.09,0.1,0.9,0.91,0.01,0.01,73071.81,1775956728000
1775956729.644,229.644,0.06,0.07,0.93,0.94,0.01,0.01,73071.81,1775956728000
1775956730.096,230.096,0.08,0.09,0.91,0.93,0.01,0.02,73071.81,1775956728000
1775956730.456,230.456,0.08,0.1,0.9,0.92,0.02,0.02,73071.79,1775956729000
1775956730.894,230.894,0.08,0.09,0.9,0.92,0.01,0.02,73071.79,1775956729000
1775956731.28,231.28,0.08,0.09,0.91,0.92,0.01,0.01,73071.78,1775956730000
1775956731.925,231.925,0.08,0.09,0.91,0.92,0.01,0.01,73071.78,1775956730000
1775956732.357,232.357,0.09,0.11,0.9,0.92,0.02,0.02,73071.83,1775956731000
1775956732.757,232.757,0.05,0.12,0.88,0.9,0.07,0.02,73071.83,1775956731000
1775956733.099,233.099,0.1,0.11,0.89,0.9,0.01,0.01,73071.83,1775956731000
1775956733.535,233.535,0.09,0.1,0.9,0.91,0.01,0.01,73071.84,1775956732000
1775956734.127,234.127,0.07,0.08,0.9,0.91,0.01,0.01,73071.84,1775956732000
1775956734.561,234.561,0.06,0.07,0.93,0.94,0.01,0.01,73071.84,1775956732000
1775956734.923,234.923,0.06,0.07,0.92,0.94,0.01,0.02,73071.82,1775956733000
1775956735.331,235.331,0.06,0.08,0.93,0.94,0.02,0.01,73071.88,1775956734000
1775956735.683,235.683,0.06,0.07,0.92,0.94,0.01,0.02,73071.88,1775956734000
1775956736.068,236.068,0.06,0.07,0.92,0.94,0.01,0.02,73071.88,1775956734000
1775956736.459,236.459,0.09,0.1,0.9,0.91,0.01,0.01,73071.51,1775956735000
1775956736.816,236.816,0.09,0.1,0.9,0.91,0.01,0.01,73071.51,1775956735000
1775956737.206,237.206,0.09,0.1,0.9,0.91,0.01,0.01,73071.51,1775956736000
1775956737.568,237.568,0.09,0.1,0.9,0.91,0.01,0.01,73071.51,1775956736000
1775956737.989,237.989,0.09,0.1,0.9,0.91,0.01,0.01,73071.51,1775956736000
1775956738.329,238.329,0.09,0.1,0.9,0.91,0.01,0.01,73071.59,1775956737000
1775956738.763,238.763,0.09,0.1,0.9,0.91,0.01,0.01,73071.59,1775956737000
1775956739.207,239.207,0.04,0.11,0.89,0.9,0.07,0.01,73071.59,1775956737000
1775956739.54,239.54,0.09,0.1,0.9,0.91,0.01,0.01,73071.66,1775956738000
1775956740.276,240.276,0.09,0.1,0.9,0.91,0.01,0.01,73071.66,1775956738000
1775956740.671,240.671,0.09,0.1,0.9,0.91,0.01,0.01,73071.61,1775956739000
1775956741.006,241.006,0.09,0.1,0.9,0.91,0.01,0.01,73071.61,1775956740000
1775956741.382,241.382,0.09,0.1,0.9,0.91,0.01,0.01,73071.61,1775956740000
1775956741.78,241.78,0.09,0.1,0.9,0.91,0.01,0.01,73071.61,1775956740000
1775956742.135,242.135,0.07,0.08,0.9,0.91,0.01,0.01,73071.58,1775956741000
1775956742.529,242.529,0.07,0.08,0.92,0.93,0.01,0.01,73071.58,1775956741000
1775956742.969,242.969,0.06,0.07,0.93,0.94,0.01,0.01,73071.58,1775956741000
1775956743.429,243.429,0.06,0.08,0.93,0.94,0.02,0.01,73071.58,1775956742000
1775956743.928,243.928,0.06,0.07,0.93,0.94,0.01,0.01,73071.62,1775956743000
1775956744.274,244.274,0.07,0.08,0.92,0.93,0.01,0.01,73071.62,1775956743000
1775956744.814,244.814,0.08,0.09,0.91,0.94,0.01,0.03,73071.62,1775956743000
1775956745.18,245.18,0.07,0.08,0.92,0.93,0.01,0.01,73071.62,1775956744000
1775956745.615,245.615,0.04,0.05,0.95,0.96,0.01,0.01,73071.62,1775956744000
1775956745.982,245.982,0.04,0.05,0.95,0.96,0.01,0.01,73071.62,1775956744000
1775956746.409,246.409,0.04,0.05,0.95,0.96,0.01,0.01,73071.62,1775956745000
1775956746.851,246.851,0.07,0.09,0.9,0.96,0.02,0.06,73071.62,1775956745000
1775956747.33,247.33,0.05,0.06,0.92,0.93,0.01,0.01,73071.55,1775956746000
1775956747.908,247.908,0.05,0.06,0.94,0.95,0.01,0.01,73071.55,1775956746000
1775956748.286,248.286,0.05,0.06,0.94,0.95,0.01,0.01,73071.55,1775956747000
1775956748.871,248.871,0.06,0.07,0.93,0.95,0.01,0.02,73071.55,1775956747000
1775956749.295,249.295,0.05,0.06,0.94,0.95,0.01,0.01,73071.55,1775956748000
1775956749.875,249.875,0.05,0.06,0.94,0.95,0.01,0.01,73071.55,1775956748000
1775956750.221,250.221,0.05,0.23,0.94,0.95,0.18,0.01,73071.55,1775956748000
1775956750.557,250.557,0.08,0.09,0.91,0.92,0.01,0.01,73071.59,1775956749000
1775956750.93,250.93,0.07,0.09,0.91,0.93,0.02,0.02,73071.59,1775956750000
1775956751.291,251.291,0.08,0.23,0.77,0.92,0.15,0.15,73071.59,1775956750000
1775956751.638,251.638,0.18,0.21,0.79,0.8,0.03,0.01,73071.59,1775956750000
1775956752.02,252.02,0.16,0.17,0.83,0.84,0.01,0.01,73071.59,1775956750000
1775956752.431,252.431,0.15,0.16,0.84,0.85,0.01,0.01,73071.63,1775956751000
1775956752.825,252.825,0.14,0.15,0.85,0.86,0.01,0.01,73071.63,1775956751000
1775956753.249,253.249,0.14,0.15,0.85,0.86,0.01,0.01,73071.4,1775956752000
1775956753.604,253.604,0.14,0.16,0.84,0.86,0.02,0.02,73071.4,1775956752000
1775956754.107,254.107,0.11,0.12,0.83,0.89,0.01,0.06,73071.4,1775956752000
1775956754.466,254.466,0.14,0.15,0.85,0.86,0.01,0.01,73072.27,1775956753000
1775956754.843,254.843,0.16,0.17,0.83,0.84,0.01,0.01,73072.27,1775956753000
1775956755.193,255.193,0.16,0.17,0.83,0.84,0.01,0.01,73072.27,1775956753000
1775956755.579,255.579,0.13,0.14,0.82,0.9,0.01,0.08,73072.31,1775956754000
1775956755.928,255.928,0.16,0.17,0.83,0.84,0.01,0.01,73072.4,1775956755000
1775956756.346,256.346,0.17,0.18,0.82,0.84,0.01,0.02,73072.4,1775956755000
1775956756.697,256.697,0.17,0.18,0.82,0.83,0.01,0.01,73072.4,1775956755000
1775956757.036,257.036,0.11,0.12,0.87,0.91,0.01,0.04,73072.4,1775956755000
1775956757.503,257.503,0.14,0.15,0.85,0.86,0.01,0.01,73072.4,1775956756000
1775956757.87,257.87,0.11,0.12,0.86,0.88,0.01,0.02,73072.4,1775956756000
1775956758.211,258.211,0.12,0.13,0.87,0.88,0.01,0.01,73072.41,1775956757000
1775956758.586,258.586,0.12,0.13,0.87,0.88,0.01,0.01,73072.41,1775956757000
1775956758.944,258.944,0.12,0.13,0.87,0.88,0.01,0.01,73072.41,1775956757000
1775956759.405,259.405,0.13,0.14,0.86,0.87,0.01,0.01,73072.44,1775956758000
1775956759.873,259.873,0.13,0.14,0.86,0.87,0.01,0.01,73072.44,1775956758000
1775956760.234,260.234,0.13,0.14,0.86,0.87,0.01,0.01,73072.44,1775956758000
1775956760.583,260.583,0.13,0.14,0.86,0.87,0.01,0.01,73072.36,1775956759000
1775956760.997,260.997,0.13,0.14,0.86,0.87,0.01,0.01,73072.36,1775956759000
1775956761.5,261.5,0.13,0.14,0.86,0.87,0.01,0.01,73072.36,1775956759000
1775956761.92,261.92,0.13,0.14,0.86,0.87,0.01,0.01,73072.46,1775956760000
1775956762.284,262.284,0.06,0.16,0.84,0.85,0.1,0.01,73072.46,1775956760000
1775956762.627,262.627,0.15,0.16,0.84,0.85,0.01,0.01,73072.46,1775956760000
1775956762.972,262.972,0.15,0.16,0.84,0.85,0.01,0.01,73072.47,1775956761000
1775956763.397,263.397,0.14,0.15,0.85,0.86,0.01,0.01,73071.93,1775956762000
1775956763.738,263.738,0.14,0.15,0.85,0.86,0.01,0.01,73071.93,1775956762000
1775956764.072,264.072,0.14,0.15,0.85,0.86,0.01,0.01,73071.93,1775956762000
1775956764.513,264.513,0.14,0.15,0.85,0.86,0.01,0.01,73072.71,1775956763000
1775956764.874,264.874,0.14,0.15,0.85,0.86,0.01,0.01,73072.71,1775956763000
1775956765.209,265.209,0.14,0.15,0.85,0.86,0.01,0.01,73072.71,1775956763000
1775956765.549,265.549,0.06,0.15,0.85,0.86,0.09,0.01,73072.82,1775956764000
1775956765.902,265.902,0.08,0.09,0.9,0.92,0.01,0.02,73072.82,1775956764000
1775956766.238,266.238,0.07,0.08,0.91,0.92,0.01,0.01,73072.64,1775956765000
1775956766.596,266.596,0.09,0.1,0.89,0.91,0.01,0.02,73072.64,1775956765000
1775956766.964,266.964,0.08,0.09,0.91,0.92,0.01,0.01,73072.64,1775956765000
1775956767.312,267.312,0.08,0.09,0.91,0.92,0.01,0.01,73072.64,1775956766000
1775956767.682,267.682,0.06,0.09,0.91,0.93,0.03,0.02,73072.64,1775956766000
1775956768.021,268.021,0.05,0.06,0.94,0.95,0.01,0.01,73072.78,1775956767000
1775956768.368,268.368,0.06,0.07,0.93,0.94,0.01,0.01,73072.78,1775956767000
1775956768.751,268.751,0.04,0.06,0.93,0.96,0.02,0.03,73072.78,1775956767000
1775956769.237,269.237,0.05,0.06,0.94,0.95,0.01,0.01,73072.7,1775956768000
1775956769.736,269.736,0.05,0.06,0.94,0.95,0.01,0.01,73072.7,1775956768000
1775956770.11,270.11,0.05,0.06,0.94,0.96,0.01,0.02,73071.61,1775956769000
1775956770.471,270.471,0.05,0.06,0.94,0.95,0.01,0.01,73071.61,1775956769000
1775956770.856,270.856,0.04,0.05,0.94,0.96,0.01,0.02,73071.61,1775956769000
1775956771.213,271.213,0.05,0.06,0.94,0.96,0.01,0.02,73071.64,1775956770000
1775956771.64,271.64,0.08,0.09,0.9,0.92,0.01,0.02,73071.64,1775956770000
1775956772.019,272.019,0.07,0.08,0.92,0.93,0.01,0.01,73072.67,1775956771000
1775956772.362,272.362,0.08,0.09,0.91,0.92,0.01,0.01,73072.67,1775956771000
1775956772.696,272.696,0.09,0.1,0.9,0.91,0.01,0.01,73072.67,1775956771000
1775956773.062,273.062,0.1,0.11,0.89,0.9,0.01,0.01,73072.56,1775956772000
1775956773.447,273.447,0.11,0.12,0.88,0.89,0.01,0.01,73072.56,1775956772000
1775956773.785,273.785,0.12,0.13,0.87,0.88,0.01,0.01,73072.56,1775956772000
1775956774.125,274.125,0.13,0.14,0.86,0.87,0.01,0.01,73072.56,1775956772000
1775956774.467,274.467,0.14,0.15,0.87,0.88,0.01,0.01,73072.68,1775956773000
1775956774.856,274.856,0.16,0.17,0.83,0.84,0.01,0.01,73072.68,1775956773000
1775956775.211,275.211,0.16,0.17,0.83,0.84,0.01,0.01,73072.68,1775956773000
1775956775.724,275.724,0.1,0.11,0.89,0.9,0.01,0.01,73073.35,1775956774000
1775956776.1,276.1,0.1,0.11,0.87,0.88,0.01,0.01,73073.35,1775956774000
1775956776.601,276.601,0.1,0.13,0.87,0.88,0.03,0.01,73073.35,1775956775000
1775956777.008,277.008,0.11,0.12,0.88,0.9,0.01,0.02,73073.35,1775956775000
1775956777.356,277.356,0.11,0.13,0.88,0.89,0.02,0.01,73073.35,1775956776000
1775956777.797,277.797,0.11,0.12,0.88,0.89,0.01,0.01,73073.35,1775956776000
1775956778.179,278.179,0.11,0.12,0.88,0.89,0.01,0.01,73074.77,1775956777000
1775956778.534,278.534,0.1,0.11,0.88,0.9,0.01,0.02,73074.77,1775956777000
1775956779.075,279.075,0.1,0.11,0.89,0.9,0.01,0.01,73074.77,1775956777000
1775956779.409,279.409,0.1,0.11,0.89,0.9,0.01,0.01,73074.74,1775956778000
1775956779.947,279.947,0.1,0.11,0.89,0.9,0.01,0.01,73074.74,1775956779000
1775956780.357,280.357,0.1,0.11,0.89,0.9,0.01,0.01,73074.74,1775956779000
1775956781.092,281.092,0.09,0.1,0.9,0.91,0.01,0.01,73074.74,1775956779000
1775956781.511,281.511,0.1,0.11,0.89,0.9,0.01,0.01,73074.78,1775956780000
1775956782.054,282.054,0.13,0.14,0.86,0.87,0.01,0.01,73074.78,1775956780000
1775956782.415,282.415,0.13,0.14,0.86,0.87,0.01,0.01,73074.8,1775956781000
1775956782.748,282.748,0.16,0.17,0.83,0.84,0.01,0.01,73074.8,1775956781000
1775956783.123,283.123,0.18,0.19,0.8,0.82,0.01,0.02,73074.8,1775956782000
1775956783.492,283.492,0.14,0.15,0.85,0.87,0.01,0.02,73074.8,1775956782000
1775956783.931,283.931,0.14,0.15,0.85,0.86,0.01,0.01,73074.8,1775956782000
1775956784.299,284.299,0.13,0.15,0.85,0.86,0.02,0.01,73077.91,1775956783000
1775956784.673,284.673,0.13,0.14,0.86,0.87,0.01,0.01,73077.91,1775956783000
1775956785.087,285.087,0.13,0.14,0.86,0.87,0.01,0.01,73077.91,1775956783000
1775956785.449,285.449,0.14,0.15,0.85,0.86,0.01,0.01,73079.79,1775956784000
1775956785.85,285.85,0.2,0.21,0.79,0.8,0.01,0.01,73079.79,1775956784000
1775956786.21,286.21,0.2,0.21,0.79,0.8,0.01,0.01,73079.88,1775956785000
1775956786.582,286.582,0.21,0.22,0.78,0.79,0.01,0.01,73079.88,1775956785000
1775956786.937,286.937,0.28,0.3,0.7,0.71,0.02,0.01,73079.88,1775956785000
1775956787.273,287.273,0.28,0.29,0.71,0.72,0.01,0.01,73079.94,1775956786000
1775956787.673,287.673,0.27,0.28,0.72,0.73,0.01,0.01,73079.94,1775956786000
1775956788.012,288.012,0.24,0.25,0.75,0.76,0.01,0.01,73079.94,1775956786000
1775956788.677,288.677,0.23,0.24,0.75,0.77,0.01,0.02,73086.01,1775956787000
1775956789.046,289.046,0.24,0.25,0.75,0.76,0.01,0.01,73086.01,1775956787000
1775956789.407,289.407,0.21,0.25,0.75,0.76,0.04,0.01,73086.01,1775956787000
1775956789.83,289.83,0.22,0.23,0.75,0.8,0.01,0.05,73087.95,1775956788000
1775956790.231,290.231,0.22,0.23,0.77,0.78,0.01,0.01,73087.95,1775956789000
1775956790.57,290.57,0.21,0.22,0.78,0.79,0.01,0.01,73087.95,1775956789000
1775956790.935,290.935,0.21,0.23,0.77,0.79,0.02,0.02,73087.95,1775956789000
1775956791.31,291.31,0.22,0.23,0.77,0.79,0.01,0.02,73087.95,1775956789000
1775956791.681,291.681,0.23,0.24,0.77,0.78,0.01,0.01,73087.95,1775956790000
1775956792.075,292.075,0.2,0.25,0.75,0.76,0.05,0.01,73088.16,1775956791000
1775956792.418,292.418,0.21,0.22,0.77,0.79,0.01,0.02,73088.16,1775956791000
1775956792.786,292.786,0.2,0.28,0.71,0.75,0.08,0.04,73088.16,1775956791000
1775956793.175,293.175,0.23,0.25,0.74,0.8,0.02,0.06,73088.16,1775956791000
1775956793.512,293.512,0.19,0.2,0.8,0.81,0.01,0.01,73088.57,1775956792000
1775956793.921,293.921,0.19,0.2,0.8,0.81,0.01,0.01,73088.57,1775956792000
1775956794.274,294.274,0.19,0.2,0.8,0.81,0.01,0.01,73088.57,1775956792000
1775956794.649,294.649,0.2,0.21,0.78,0.81,0.01,0.03,73088.38,1775956793000
1775956795.055,295.055,0.18,0.19,0.81,0.82,0.01,0.01,73088.38,1775956793000
1775956795.405,295.405,0.18,0.19,0.81,0.82,0.01,0.01,73088.38,1775956794000
1775956795.782,295.782,0.24,0.25,0.75,0.76,0.01,0.01,73088.38,1775956794000
1775956796.171,296.171,0.21,0.23,0.75,0.84,0.02,0.09,73088.38,1775956794000
1775956796.505,296.505,0.22,0.24,0.76,0.78,0.02,0.02,73088.55,1775956795000
1775956796.927,296.927,0.15,0.16,0.83,0.85,0.01,0.02,73088.55,1775956795000
1775956797.296,297.296,0.11,0.12,0.88,0.89,0.01,0.01,73090.26,1775956796000
1775956797.685,297.685,0.11,0.22,0.88,0.89,0.11,0.01,73090.26,1775956796000
1775956798.032,298.032,0.12,0.13,0.87,0.91,0.01,0.04,73090.26,1775956796000
1775956798.369,298.369,0.09,0.1,0.9,0.91,0.01,0.01,73090.67,1775956797000
1775956798.737,298.737,0.03,0.04,0.96,0.97,0.01,0.01,73090.67,1775956797000
1775956799.086,299.086,0.01,0.02,0.98,0.99,0.01,0.01,73090.67,1775956797000
1775956799.434,299.434,0.01,0.01,0.99,0.99,0.0,0.0,73090.67,1775956798000
1775956799.767,299.767,0.01,0.01,0.99,0.99,0.0,0.0,73090.67,1775956798000
1775956800.199,300.199,0.01,0.01,0.99,0.99,0.0,0.0,73092.07,1775956799000
1775956800.765,300.765,0.01,0.01,0.99,0.99,0.0,0.0,73092.07,1775956799000
1775956801.215,301.215,0.01,0.01,0.99,0.99,0.0,0.0,73090.92,1775956800000
1775956802.081,302.081,0.01,0.01,0.99,0.99,0.0,0.0,73090.94,1775956801000

# RESULT,winner=Down,slug=btc-updown-5m-1775956500,ticks=719
