timestamp,elapsed_sec,up_bid,up_ask,down_bid,down_ask,up_spread,down_spread,btc_price,btc_oracle_ts
1776571500.561,0.561,0.51,0.52,0.47,0.49,0.01,0.02,75623.43,1776571498000
1776571500.962,0.962,0.51,0.52,0.48,0.49,0.01,0.01,75623.43,1776571499000
1776571501.332,1.332,0.54,0.55,0.45,0.49,0.01,0.04,75623.43,1776571500000
1776571501.675,1.675,0.55,0.56,0.44,0.45,0.01,0.01,75623.43,1776571500000
1776571502.166,2.166,0.55,0.56,0.44,0.45,0.01,0.01,75623.43,1776571500000
1776571502.628,2.628,0.55,0.56,0.44,0.45,0.01,0.01,75623.41,1776571501000
1776571503.135,3.135,0.55,0.56,0.44,0.45,0.01,0.01,75623.41,1776571501000
1776571503.693,3.693,0.54,0.56,0.44,0.45,0.02,0.01,75623.61,1776571502000
1776571504.033,4.033,0.54,0.55,0.45,0.46,0.01,0.01,75623.61,1776571502000
1776571504.513,4.513,0.54,0.55,0.45,0.46,0.01,0.01,75624.39,1776571503000
1776571504.958,4.958,0.54,0.55,0.45,0.46,0.01,0.01,75624.39,1776571503000
1776571505.312,5.312,0.54,0.55,0.45,0.46,0.01,0.01,75625.44,1776571504000
1776571505.801,5.801,0.54,0.55,0.45,0.46,0.01,0.01,75625.44,1776571504000
1776571506.21,6.21,0.54,0.55,0.45,0.46,0.01,0.01,75625.62,1776571505000
1776571506.916,6.916,0.54,0.55,0.45,0.46,0.01,0.01,75625.62,1776571505000
1776571507.299,7.299,0.54,0.55,0.45,0.46,0.01,0.01,75625.62,1776571505000
1776571507.952,7.952,0.54,0.55,0.45,0.46,0.01,0.01,75626.08,1776571506000
1776571508.461,8.461,0.54,0.55,0.45,0.46,0.01,0.01,75626.1,1776571507000
1776571508.797,8.797,0.54,0.55,0.45,0.46,0.01,0.01,75626.1,1776571507000
1776571509.259,9.259,0.54,0.55,0.45,0.46,0.01,0.01,75626.1,1776571507000
1776571510.048,10.048,0.54,0.55,0.45,0.46,0.01,0.01,75626.67,1776571508000
1776571510.435,10.435,0.54,0.55,0.45,0.46,0.01,0.01,75626.61,1776571509000
1776571510.787,10.787,0.54,0.55,0.45,0.48,0.01,0.03,75626.61,1776571509000
1776571511.266,11.266,0.53,0.54,0.46,0.47,0.01,0.01,75626.61,1776571510000
1776571511.65,11.65,0.53,0.54,0.46,0.47,0.01,0.01,75626.61,1776571510000
1776571512.165,12.165,0.53,0.54,0.46,0.47,0.01,0.01,75626.65,1776571511000
1776571512.504,12.504,0.55,0.56,0.44,0.45,0.01,0.01,75626.65,1776571511000
1776571512.928,12.928,0.56,0.57,0.43,0.44,0.01,0.01,75626.65,1776571511000
1776571513.267,13.267,0.56,0.58,0.43,0.44,0.02,0.01,75626.65,1776571511000
1776571513.616,13.616,0.57,0.58,0.42,0.44,0.01,0.02,75626.65,1776571511000
1776571513.955,13.955,0.58,0.59,0.41,0.43,0.01,0.02,75626.65,1776571512000
1776571514.347,14.347,0.58,0.59,0.41,0.42,0.01,0.01,75626.65,1776571512000
1776571515.025,15.025,0.58,0.59,0.41,0.42,0.01,0.01,75626.81,1776571514000
1776571515.359,15.359,0.55,0.58,0.42,0.45,0.03,0.03,75626.81,1776571514000
1776571515.776,15.776,0.55,0.56,0.44,0.45,0.01,0.01,75626.81,1776571514000
1776571516.128,16.128,0.55,0.56,0.44,0.45,0.01,0.01,75627.19,1776571515000
1776571516.536,16.536,0.54,0.55,0.45,0.46,0.01,0.01,75627.19,1776571515000
1776571517.03,17.03,0.53,0.55,0.45,0.46,0.02,0.01,75627.19,1776571515000
1776571517.461,17.461,0.53,0.54,0.45,0.47,0.01,0.02,75626.25,1776571516000
1776571517.952,17.952,0.53,0.54,0.46,0.47,0.01,0.01,75626.25,1776571517000
1776571519.034,19.034,0.53,0.54,0.46,0.47,0.01,0.01,75626.25,1776571517000
1776571519.418,19.418,0.57,0.59,0.4,0.44,0.02,0.04,75626.27,1776571518000
1776571519.782,19.782,0.59,0.6,0.4,0.41,0.01,0.01,75626.27,1776571518000
1776571520.115,20.115,0.59,0.6,0.4,0.41,0.01,0.01,75626.27,1776571518000
1776571520.593,20.593,0.59,0.6,0.4,0.41,0.01,0.01,75626.27,1776571519000
1776571520.931,20.931,0.59,0.6,0.4,0.41,0.01,0.01,75626.27,1776571519000
1776571521.376,21.376,0.59,0.6,0.4,0.41,0.01,0.01,75626.26,1776571520000
1776571521.904,21.904,0.59,0.6,0.4,0.41,0.01,0.01,75628.55,1776571521000
1776571522.251,22.251,0.59,0.6,0.4,0.41,0.01,0.01,75628.55,1776571521000
1776571522.801,22.801,0.59,0.6,0.4,0.41,0.01,0.01,75628.55,1776571521000
1776571523.778,23.778,0.59,0.6,0.4,0.41,0.01,0.01,75628.8,1776571522000
1776571524.123,24.123,0.59,0.6,0.4,0.41,0.01,0.01,75628.81,1776571523000
1776571524.818,24.818,0.59,0.6,0.4,0.41,0.01,0.01,75628.81,1776571523000
1776571525.202,25.202,0.6,0.61,0.4,0.41,0.01,0.01,75628.81,1776571523000
1776571525.744,25.744,0.6,0.61,0.39,0.4,0.01,0.01,75628.86,1776571524000
1776571526.141,26.141,0.6,0.61,0.39,0.4,0.01,0.01,75628.86,1776571524000
1776571526.685,26.685,0.6,0.61,0.39,0.4,0.01,0.01,75628.93,1776571525000
1776571527.033,27.033,0.6,0.61,0.39,0.4,0.01,0.01,75628.93,1776571525000
1776571527.416,27.416,0.6,0.61,0.39,0.4,0.01,0.01,75628.95,1776571526000
1776571527.779,27.779,0.6,0.61,0.39,0.4,0.01,0.01,75628.95,1776571526000
1776571528.167,28.167,0.6,0.61,0.39,0.4,0.01,0.01,75628.95,1776571526000
1776571529.097,29.097,0.6,0.61,0.39,0.4,0.01,0.01,75628.83,1776571528000
1776571529.493,29.493,0.6,0.61,0.39,0.4,0.01,0.01,75628.83,1776571528000
1776571530.529,30.529,0.6,0.61,0.39,0.4,0.01,0.01,75628.89,1776571529000
1776571530.869,30.869,0.6,0.61,0.39,0.4,0.01,0.01,75628.89,1776571529000
1776571531.256,31.256,0.6,0.61,0.39,0.4,0.01,0.01,75628.84,1776571530000
1776571531.754,31.754,0.6,0.61,0.39,0.4,0.01,0.01,75628.84,1776571530000
1776571532.283,32.283,0.59,0.61,0.39,0.4,0.02,0.01,75628.84,1776571530000
1776571532.657,32.657,0.59,0.6,0.4,0.41,0.01,0.01,75628.83,1776571531000
1776571533.049,33.049,0.59,0.6,0.4,0.41,0.01,0.01,75628.83,1776571531000
1776571533.401,33.401,0.59,0.6,0.4,0.41,0.01,0.01,75628.97,1776571532000
1776571533.87,33.87,0.59,0.6,0.4,0.41,0.01,0.01,75628.97,1776571532000
1776571534.345,34.345,0.58,0.6,0.4,0.41,0.02,0.01,75628.97,1776571532000
1776571534.708,34.708,0.58,0.59,0.41,0.42,0.01,0.01,75629.0,1776571533000
1776571535.167,35.167,0.58,0.59,0.41,0.42,0.01,0.01,75629.0,1776571533000
1776571535.606,35.606,0.58,0.59,0.41,0.42,0.01,0.01,75629.0,1776571534000
1776571536.438,36.438,0.58,0.59,0.41,0.42,0.01,0.01,75629.0,1776571534000
1776571537.156,37.156,0.58,0.59,0.41,0.42,0.01,0.01,75629.34,1776571535000
1776571537.56,37.56,0.58,0.59,0.41,0.42,0.01,0.01,75629.44,1776571536000
1776571538.32,38.32,0.58,0.59,0.41,0.42,0.01,0.01,75629.44,1776571536000
1776571538.69,38.69,0.58,0.59,0.41,0.42,0.01,0.01,75629.65,1776571537000
1776571539.128,39.128,0.58,0.59,0.41,0.42,0.01,0.01,75629.65,1776571537000
1776571539.586,39.586,0.58,0.59,0.41,0.42,0.01,0.01,75629.87,1776571538000
1776571540.038,40.038,0.58,0.59,0.41,0.42,0.01,0.01,75629.87,1776571538000
1776571540.538,40.538,0.58,0.59,0.41,0.42,0.01,0.01,75629.88,1776571539000
1776571541.422,41.422,0.58,0.59,0.41,0.42,0.01,0.01,75629.9,1776571540000
1776571542.062,42.062,0.58,0.59,0.41,0.42,0.01,0.01,75629.89,1776571541000
1776571542.525,42.525,0.58,0.59,0.41,0.43,0.01,0.02,75629.89,1776571541000
1776571543.24,43.24,0.58,0.6,0.41,0.42,0.02,0.01,75629.89,1776571541000
1776571543.615,43.615,0.59,0.6,0.4,0.42,0.01,0.02,75629.91,1776571542000
1776571544.303,44.303,0.59,0.6,0.4,0.41,0.01,0.01,75629.91,1776571543000
1776571545.263,45.263,0.59,0.6,0.4,0.41,0.01,0.01,75629.91,1776571543000
1776571545.801,45.801,0.59,0.6,0.4,0.41,0.01,0.01,75629.91,1776571544000
1776571546.361,46.361,0.59,0.6,0.4,0.41,0.01,0.01,75629.91,1776571545000
1776571546.803,46.803,0.59,0.6,0.4,0.41,0.01,0.01,75629.91,1776571545000
1776571547.438,47.438,0.59,0.6,0.4,0.41,0.01,0.01,75629.91,1776571546000
1776571547.822,47.822,0.59,0.6,0.4,0.41,0.01,0.01,75629.91,1776571546000
1776571548.161,48.161,0.67,0.69,0.31,0.33,0.02,0.02,75629.91,1776571546000
1776571548.508,48.508,0.68,0.69,0.31,0.32,0.01,0.01,75629.97,1776571547000
1776571548.844,48.844,0.68,0.69,0.31,0.32,0.01,0.01,75629.97,1776571547000
1776571549.18,49.18,0.68,0.69,0.31,0.32,0.01,0.01,75629.97,1776571547000
1776571549.517,49.517,0.68,0.69,0.31,0.32,0.01,0.01,75629.98,1776571548000
1776571549.937,49.937,0.68,0.69,0.31,0.32,0.01,0.01,75630.67,1776571549000
1776571550.625,50.625,0.68,0.69,0.31,0.33,0.01,0.02,75630.67,1776571549000
1776571551.0,51.0,0.68,0.69,0.31,0.32,0.01,0.01,75636.42,1776571550000
1776571551.49,51.49,0.68,0.7,0.3,0.31,0.02,0.01,75636.42,1776571550000
1776571551.908,51.908,0.68,0.69,0.31,0.32,0.01,0.01,75636.42,1776571550000
1776571552.262,52.262,0.68,0.69,0.31,0.32,0.01,0.01,75636.89,1776571551000
1776571552.984,52.984,0.68,0.69,0.31,0.32,0.01,0.01,75636.89,1776571551000
1776571553.555,53.555,0.68,0.69,0.31,0.32,0.01,0.01,75637.18,1776571552000
1776571553.987,53.987,0.67,0.68,0.31,0.33,0.01,0.02,75637.18,1776571552000
1776571554.429,54.429,0.67,0.68,0.32,0.33,0.01,0.01,75637.32,1776571553000
1776571555.187,55.187,0.67,0.68,0.32,0.33,0.01,0.01,75637.56,1776571554000
1776571555.544,55.544,0.67,0.68,0.32,0.33,0.01,0.01,75637.56,1776571554000
1776571555.885,55.885,0.67,0.68,0.32,0.33,0.01,0.01,75637.56,1776571554000
1776571556.329,56.329,0.67,0.68,0.32,0.33,0.01,0.01,75638.41,1776571555000
1776571557.034,57.034,0.67,0.68,0.31,0.33,0.01,0.02,75638.41,1776571555000
1776571557.404,57.404,0.67,0.68,0.32,0.33,0.01,0.01,75638.41,1776571556000
1776571557.907,57.907,0.67,0.68,0.32,0.33,0.01,0.01,75638.41,1776571556000
1776571558.295,58.295,0.67,0.68,0.32,0.33,0.01,0.01,75638.41,1776571556000
1776571558.979,58.979,0.67,0.68,0.32,0.33,0.01,0.01,75638.49,1776571557000
1776571559.52,59.52,0.67,0.68,0.32,0.33,0.01,0.01,75638.49,1776571557000
1776571560.015,60.015,0.67,0.68,0.32,0.33,0.01,0.01,75638.49,1776571557000
1776571560.403,60.403,0.69,0.7,0.3,0.31,0.01,0.01,75638.43,1776571558000
1776571560.813,60.813,0.69,0.7,0.3,0.31,0.01,0.01,75638.43,1776571558000
1776571561.199,61.199,0.69,0.7,0.3,0.31,0.01,0.01,75638.48,1776571559000
1776571561.695,61.695,0.69,0.7,0.3,0.31,0.01,0.01,75638.48,1776571560000
1776571562.082,62.082,0.69,0.7,0.3,0.31,0.01,0.01,75638.48,1776571560000
1776571562.478,62.478,0.69,0.7,0.3,0.31,0.01,0.01,75638.48,1776571560000
1776571562.89,62.89,0.69,0.7,0.3,0.31,0.01,0.01,75638.47,1776571561000
1776571563.415,63.415,0.69,0.7,0.3,0.31,0.01,0.01,75638.47,1776571562000
1776571563.952,63.952,0.69,0.7,0.3,0.31,0.01,0.01,75638.47,1776571562000
1776571564.494,64.494,0.69,0.7,0.3,0.31,0.01,0.01,75638.47,1776571562000
1776571565.083,65.083,0.69,0.7,0.3,0.31,0.01,0.01,75639.28,1776571563000
1776571565.438,65.438,0.69,0.7,0.3,0.31,0.01,0.01,75639.25,1776571564000
1776571565.785,65.785,0.69,0.7,0.3,0.31,0.01,0.01,75639.25,1776571564000
1776571566.141,66.141,0.69,0.7,0.3,0.31,0.01,0.01,75639.25,1776571565000
1776571566.598,66.598,0.69,0.7,0.3,0.31,0.01,0.01,75639.25,1776571565000
1776571567.033,67.033,0.69,0.7,0.3,0.31,0.01,0.01,75639.25,1776571565000
1776571567.486,67.486,0.69,0.7,0.3,0.31,0.01,0.01,75639.25,1776571565000
1776571568.268,68.268,0.69,0.7,0.3,0.31,0.01,0.01,75639.52,1776571567000
1776571569.031,69.031,0.69,0.7,0.3,0.31,0.01,0.01,75639.54,1776571568000
1776571569.466,69.466,0.66,0.67,0.33,0.34,0.01,0.01,75639.54,1776571568000
1776571569.847,69.847,0.69,0.7,0.29,0.31,0.01,0.02,75639.54,1776571568000
1776571570.253,70.253,0.7,0.72,0.29,0.3,0.02,0.01,75639.54,1776571568000
1776571570.685,70.685,0.71,0.72,0.28,0.29,0.01,0.01,75639.61,1776571569000
1776571571.084,71.084,0.71,0.72,0.28,0.29,0.01,0.01,75639.61,1776571569000
1776571571.727,71.727,0.71,0.72,0.28,0.29,0.01,0.01,75637.3,1776571570000
1776571572.149,72.149,0.71,0.72,0.28,0.29,0.01,0.01,75637.3,1776571571000
1776571572.491,72.491,0.72,0.73,0.26,0.28,0.01,0.02,75637.3,1776571571000
1776571572.954,72.954,0.72,0.73,0.27,0.28,0.01,0.01,75637.3,1776571571000
1776571573.8,73.8,0.72,0.74,0.26,0.28,0.02,0.02,75639.98,1776571572000
1776571574.378,74.378,0.72,0.73,0.27,0.28,0.01,0.01,75639.98,1776571573000
1776571574.882,74.882,0.72,0.73,0.27,0.28,0.01,0.01,75639.98,1776571573000
1776571575.318,75.318,0.72,0.73,0.27,0.28,0.01,0.01,75640.5,1776571574000
1776571575.963,75.963,0.72,0.73,0.27,0.28,0.01,0.01,75640.5,1776571574000
1776571576.32,76.32,0.72,0.73,0.27,0.28,0.01,0.01,75640.5,1776571574000
1776571576.671,76.671,0.72,0.73,0.27,0.28,0.01,0.01,75640.5,1776571574000
1776571577.52,77.52,0.72,0.73,0.27,0.28,0.01,0.01,75640.98,1776571576000
1776571578.687,78.687,0.72,0.73,0.27,0.28,0.01,0.01,75641.14,1776571577000
1776571579.081,79.081,0.73,0.74,0.26,0.28,0.01,0.02,75641.14,1776571577000
1776571579.702,79.702,0.73,0.74,0.26,0.27,0.01,0.01,75641.14,1776571578000
1776571580.179,80.179,0.73,0.74,0.26,0.27,0.01,0.01,75641.14,1776571578000
1776571580.928,80.928,0.73,0.74,0.26,0.27,0.01,0.01,75641.17,1776571580000
1776571581.327,81.327,0.73,0.74,0.26,0.27,0.01,0.01,75641.17,1776571580000
1776571582.216,82.216,0.73,0.74,0.26,0.27,0.01,0.01,75641.94,1776571581000
1776571582.689,82.689,0.73,0.74,0.26,0.27,0.01,0.01,75641.94,1776571581000
1776571583.038,83.038,0.73,0.74,0.26,0.27,0.01,0.01,75641.94,1776571581000
1776571583.843,83.843,0.73,0.74,0.26,0.27,0.01,0.01,75641.91,1776571582000
1776571584.353,84.353,0.73,0.74,0.26,0.27,0.01,0.01,75641.92,1776571583000
1776571584.798,84.798,0.73,0.74,0.26,0.28,0.01,0.02,75641.92,1776571583000
1776571585.306,85.306,0.73,0.74,0.26,0.27,0.01,0.01,75641.92,1776571584000
1776571586.313,86.313,0.72,0.74,0.26,0.27,0.02,0.01,75641.92,1776571584000
1776571586.652,86.652,0.72,0.74,0.26,0.28,0.02,0.02,75641.46,1776571585000
1776571587.139,87.139,0.72,0.73,0.27,0.28,0.01,0.01,75641.46,1776571585000
1776571587.668,87.668,0.72,0.73,0.27,0.28,0.01,0.01,75641.46,1776571586000
1776571588.249,88.249,0.72,0.73,0.27,0.28,0.01,0.01,75641.46,1776571586000
1776571588.846,88.846,0.72,0.73,0.27,0.28,0.01,0.01,75641.6,1776571587000
1776571589.324,89.324,0.72,0.73,0.27,0.28,0.01,0.01,75641.6,1776571587000
1776571589.995,89.995,0.72,0.73,0.27,0.28,0.01,0.01,75641.59,1776571589000
1776571590.397,90.397,0.72,0.73,0.27,0.28,0.01,0.01,75641.59,1776571589000
1776571590.753,90.753,0.72,0.73,0.27,0.28,0.01,0.01,75641.59,1776571589000
1776571591.175,91.175,0.72,0.73,0.27,0.28,0.01,0.01,75641.59,1776571589000
1776571591.68,91.68,0.72,0.73,0.27,0.28,0.01,0.01,75641.59,1776571590000
1776571592.665,92.665,0.72,0.73,0.27,0.28,0.01,0.01,75641.59,1776571591000
1776571593.03,93.03,0.72,0.73,0.27,0.28,0.01,0.01,75641.59,1776571591000
1776571593.583,93.583,0.72,0.73,0.27,0.28,0.01,0.01,75641.63,1776571592000
1776571594.136,94.136,0.72,0.73,0.27,0.28,0.01,0.01,75641.63,1776571592000
1776571595.162,95.162,0.72,0.73,0.27,0.28,0.01,0.01,75641.62,1776571594000
1776571595.504,95.504,0.72,0.74,0.26,0.28,0.02,0.02,75641.62,1776571594000
1776571595.852,95.852,0.73,0.74,0.26,0.27,0.01,0.01,75641.62,1776571594000
1776571596.353,96.353,0.73,0.74,0.26,0.27,0.01,0.01,75641.62,1776571595000
1776571597.138,97.138,0.73,0.74,0.26,0.27,0.01,0.01,75641.65,1776571596000
1776571597.819,97.819,0.73,0.74,0.26,0.27,0.01,0.01,75641.65,1776571596000
1776571598.183,98.183,0.73,0.74,0.26,0.27,0.01,0.01,75641.66,1776571597000
1776571598.741,98.741,0.73,0.74,0.26,0.27,0.01,0.01,75641.66,1776571597000
1776571599.124,99.124,0.73,0.74,0.26,0.27,0.01,0.01,75641.66,1776571597000
1776571599.707,99.707,0.73,0.74,0.26,0.27,0.01,0.01,75641.66,1776571598000
1776571600.202,100.202,0.73,0.74,0.26,0.27,0.01,0.01,75641.65,1776571599000
1776571601.207,101.207,0.73,0.74,0.26,0.27,0.01,0.01,75641.65,1776571600000
1776571601.673,101.673,0.73,0.74,0.26,0.27,0.01,0.01,75641.65,1776571600000
1776571602.235,102.235,0.73,0.74,0.26,0.27,0.01,0.01,75641.68,1776571601000
1776571603.075,103.075,0.73,0.74,0.26,0.27,0.01,0.01,75641.68,1776571601000
1776571603.611,103.611,0.73,0.74,0.26,0.27,0.01,0.01,75641.69,1776571602000
1776571604.241,104.241,0.73,0.74,0.26,0.27,0.01,0.01,75641.78,1776571603000
1776571605.105,105.105,0.73,0.74,0.26,0.27,0.01,0.01,75641.78,1776571603000
1776571605.443,105.443,0.73,0.74,0.26,0.27,0.01,0.01,75642.12,1776571604000
1776571605.78,105.78,0.73,0.74,0.26,0.27,0.01,0.01,75642.12,1776571604000
1776571606.294,106.294,0.73,0.74,0.26,0.27,0.01,0.01,75642.12,1776571605000
1776571607.206,107.206,0.73,0.74,0.26,0.27,0.01,0.01,75642.11,1776571606000
1776571607.555,107.555,0.73,0.74,0.26,0.27,0.01,0.01,75642.11,1776571606000
1776571608.91,108.91,0.73,0.74,0.26,0.27,0.01,0.01,75642.09,1776571608000
1776571609.474,109.474,0.73,0.74,0.26,0.27,0.01,0.01,75642.09,1776571608000
1776571610.071,110.071,0.73,0.74,0.26,0.27,0.01,0.01,75642.09,1776571609000
1776571610.597,110.597,0.73,0.74,0.26,0.27,0.01,0.01,75642.09,1776571609000
1776571611.104,111.104,0.73,0.74,0.26,0.27,0.01,0.01,75642.09,1776571609000
1776571611.494,111.494,0.73,0.74,0.26,0.27,0.01,0.01,75642.48,1776571610000
1776571612.007,112.007,0.73,0.74,0.26,0.27,0.01,0.01,75642.48,1776571611000
1776571612.488,112.488,0.73,0.74,0.26,0.27,0.01,0.01,75642.48,1776571611000
1776571612.91,112.91,0.73,0.74,0.26,0.27,0.01,0.01,75642.48,1776571611000
1776571613.676,113.676,0.73,0.74,0.26,0.27,0.01,0.01,75642.48,1776571612000
1776571614.283,114.283,0.73,0.74,0.26,0.27,0.01,0.01,75642.48,1776571613000
1776571615.396,115.396,0.73,0.74,0.26,0.27,0.01,0.01,75642.48,1776571614000
1776571616.029,116.029,0.73,0.74,0.26,0.27,0.01,0.01,75642.48,1776571615000
1776571616.435,116.435,0.73,0.74,0.26,0.27,0.01,0.01,75642.48,1776571615000
1776571617.191,117.191,0.73,0.74,0.26,0.27,0.01,0.01,75642.48,1776571615000
1776571617.764,117.764,0.73,0.74,0.26,0.27,0.01,0.01,75642.51,1776571616000
1776571618.339,118.339,0.73,0.74,0.26,0.27,0.01,0.01,75642.51,1776571617000
1776571619.239,119.239,0.73,0.74,0.26,0.27,0.01,0.01,75642.52,1776571618000
1776571620.254,120.254,0.73,0.74,0.26,0.27,0.01,0.01,75642.51,1776571619000
1776571620.596,120.596,0.73,0.74,0.26,0.27,0.01,0.01,75642.51,1776571619000
1776571621.428,121.428,0.73,0.74,0.26,0.27,0.01,0.01,75642.53,1776571620000
1776571621.966,121.966,0.73,0.74,0.26,0.27,0.01,0.01,75642.53,1776571620000
1776571622.309,122.309,0.73,0.74,0.26,0.27,0.01,0.01,75642.53,1776571620000
1776571623.044,123.044,0.73,0.74,0.26,0.27,0.01,0.01,75642.55,1776571622000
1776571623.406,123.406,0.73,0.74,0.26,0.27,0.01,0.01,75642.55,1776571622000
1776571623.957,123.957,0.73,0.74,0.26,0.27,0.01,0.01,75642.55,1776571622000
1776571624.484,124.484,0.73,0.74,0.26,0.27,0.01,0.01,75642.63,1776571623000
1776571624.927,124.927,0.73,0.74,0.26,0.27,0.01,0.01,75642.63,1776571623000
1776571625.689,125.689,0.73,0.74,0.26,0.27,0.01,0.01,75642.63,1776571624000
1776571626.022,126.022,0.76,0.85,0.15,0.24,0.09,0.09,75642.63,1776571624000
1776571626.364,126.364,0.84,0.86,0.14,0.19,0.02,0.05,75643.22,1776571625000
1776571626.825,126.825,0.83,0.85,0.14,0.16,0.02,0.02,75643.22,1776571625000
1776571627.205,127.205,0.8,0.81,0.19,0.2,0.01,0.01,75643.22,1776571625000
1776571627.545,127.545,0.84,0.85,0.15,0.17,0.01,0.02,75650.68,1776571626000
1776571627.879,127.879,0.85,0.86,0.14,0.15,0.01,0.01,75650.68,1776571626000
1776571628.215,128.215,0.87,0.88,0.12,0.14,0.01,0.02,75650.68,1776571626000
1776571628.552,128.552,0.87,0.89,0.11,0.13,0.02,0.02,75659.96,1776571627000
1776571628.907,128.907,0.87,0.88,0.12,0.13,0.01,0.01,75659.96,1776571627000
1776571629.315,129.315,0.87,0.88,0.12,0.13,0.01,0.01,75659.96,1776571627000
1776571629.724,129.724,0.87,0.88,0.12,0.13,0.01,0.01,75663.58,1776571628000
1776571630.134,130.134,0.87,0.88,0.12,0.13,0.01,0.01,75663.58,1776571628000
1776571630.597,130.597,0.87,0.89,0.12,0.13,0.02,0.01,75663.61,1776571629000
1776571630.988,130.988,0.87,0.89,0.11,0.13,0.02,0.02,75663.87,1776571630000
1776571631.36,131.36,0.83,0.84,0.16,0.17,0.01,0.01,75663.87,1776571630000
1776571631.7,131.7,0.82,0.84,0.16,0.18,0.02,0.02,75663.87,1776571630000
1776571632.044,132.044,0.81,0.82,0.18,0.19,0.01,0.01,75663.86,1776571631000
1776571632.412,132.412,0.8,0.81,0.18,0.2,0.01,0.02,75663.86,1776571631000
1776571632.768,132.768,0.8,0.81,0.19,0.2,0.01,0.01,75663.86,1776571631000
1776571633.13,133.13,0.8,0.81,0.19,0.2,0.01,0.01,75655.01,1776571632000
1776571633.547,133.547,0.79,0.8,0.2,0.21,0.01,0.01,75655.01,1776571632000
1776571633.913,133.913,0.79,0.8,0.2,0.21,0.01,0.01,75655.01,1776571632000
1776571634.259,134.259,0.79,0.8,0.2,0.21,0.01,0.01,75653.04,1776571633000
1776571634.612,134.612,0.79,0.8,0.2,0.21,0.01,0.01,75653.04,1776571633000
1776571634.951,134.951,0.79,0.8,0.2,0.21,0.01,0.01,75653.04,1776571633000
1776571635.338,135.338,0.79,0.8,0.2,0.21,0.01,0.01,75650.32,1776571634000
1776571635.915,135.915,0.78,0.79,0.2,0.22,0.01,0.02,75650.32,1776571634000
1776571636.634,136.634,0.78,0.79,0.21,0.22,0.01,0.01,75649.76,1776571635000
1776571637.204,137.204,0.78,0.79,0.21,0.22,0.01,0.01,75649.21,1776571636000
1776571637.683,137.683,0.78,0.79,0.21,0.22,0.01,0.01,75649.21,1776571636000
1776571638.343,138.343,0.78,0.79,0.21,0.22,0.01,0.01,75647.23,1776571637000
1776571639.025,139.025,0.78,0.79,0.21,0.22,0.01,0.01,75648.33,1776571638000
1776571639.521,139.521,0.78,0.79,0.21,0.22,0.01,0.01,75648.33,1776571638000
1776571640.091,140.091,0.78,0.79,0.21,0.22,0.01,0.01,75648.33,1776571638000
1776571640.463,140.463,0.78,0.79,0.21,0.22,0.01,0.01,75648.33,1776571639000
1776571641.049,141.049,0.78,0.8,0.21,0.22,0.02,0.01,75648.33,1776571639000
1776571641.421,141.421,0.78,0.79,0.21,0.22,0.01,0.01,75648.47,1776571640000
1776571642.292,142.292,0.78,0.79,0.21,0.22,0.01,0.01,75648.47,1776571640000
1776571642.984,142.984,0.78,0.79,0.21,0.22,0.01,0.01,75648.2,1776571642000
1776571643.584,143.584,0.78,0.79,0.21,0.22,0.01,0.01,75648.2,1776571642000
1776571644.015,144.015,0.78,0.79,0.21,0.22,0.01,0.01,75648.2,1776571642000
1776571644.739,144.739,0.78,0.79,0.21,0.22,0.01,0.01,75648.09,1776571643000
1776571645.084,145.084,0.78,0.79,0.21,0.22,0.01,0.01,75648.09,1776571643000
1776571645.719,145.719,0.78,0.79,0.21,0.22,0.01,0.01,75648.06,1776571644000
1776571646.43,146.43,0.78,0.79,0.21,0.22,0.01,0.01,75647.88,1776571645000
1776571647.09,147.09,0.78,0.79,0.21,0.22,0.01,0.01,75648.08,1776571646000
1776571647.584,147.584,0.78,0.79,0.21,0.22,0.01,0.01,75648.08,1776571646000
1776571648.198,148.198,0.78,0.79,0.21,0.22,0.01,0.01,75648.08,1776571647000
1776571649.051,149.051,0.78,0.79,0.21,0.22,0.01,0.01,75648.08,1776571647000
1776571649.568,149.568,0.78,0.79,0.21,0.23,0.01,0.02,75647.99,1776571648000
1776571650.064,150.064,0.79,0.8,0.2,0.21,0.01,0.01,75647.99,1776571648000
1776571650.507,150.507,0.79,0.8,0.2,0.21,0.01,0.01,75647.99,1776571648000
1776571650.92,150.92,0.79,0.8,0.2,0.21,0.01,0.01,75647.88,1776571649000
1776571651.418,151.418,0.79,0.8,0.2,0.21,0.01,0.01,75647.88,1776571649000
1776571651.857,151.857,0.79,0.8,0.2,0.21,0.01,0.01,75647.88,1776571650000
1776571652.226,152.226,0.79,0.8,0.2,0.21,0.01,0.01,75647.71,1776571651000
1776571653.306,153.306,0.79,0.8,0.2,0.21,0.01,0.01,75647.71,1776571651000
1776571653.905,153.905,0.79,0.8,0.2,0.21,0.01,0.01,75648.08,1776571652000
1776571654.25,154.25,0.79,0.8,0.2,0.21,0.01,0.01,75648.08,1776571652000
1776571654.602,154.602,0.79,0.8,0.2,0.21,0.01,0.01,75648.2,1776571653000
1776571655.146,155.146,0.79,0.8,0.2,0.21,0.01,0.01,75648.2,1776571653000
1776571655.918,155.918,0.8,0.81,0.19,0.2,0.01,0.01,75648.2,1776571654000
1776571656.642,156.642,0.8,0.81,0.19,0.2,0.01,0.01,75648.2,1776571654000
1776571657.06,157.06,0.8,0.81,0.19,0.2,0.01,0.01,75648.18,1776571655000
1776571657.445,157.445,0.8,0.81,0.19,0.2,0.01,0.01,75648.18,1776571655000
1776571658.182,158.182,0.8,0.81,0.19,0.2,0.01,0.01,75648.25,1776571657000
1776571658.522,158.522,0.83,0.85,0.15,0.17,0.02,0.02,75648.25,1776571657000
1776571658.871,158.871,0.83,0.85,0.16,0.17,0.02,0.01,75648.25,1776571657000
1776571659.43,159.43,0.83,0.84,0.16,0.17,0.01,0.01,75648.25,1776571657000
1776571659.797,159.797,0.83,0.85,0.16,0.17,0.02,0.01,75648.07,1776571658000
1776571660.282,160.282,0.83,0.85,0.15,0.17,0.02,0.02,75648.13,1776571659000
1776571660.738,160.738,0.79,0.81,0.19,0.2,0.02,0.01,75648.13,1776571659000
1776571661.509,161.509,0.78,0.79,0.2,0.22,0.01,0.02,75648.13,1776571659000
1776571662.105,162.105,0.78,0.79,0.21,0.22,0.01,0.01,75648.88,1776571660000
1776571662.684,162.684,0.78,0.79,0.21,0.22,0.01,0.01,75648.36,1776571661000
1776571663.106,163.106,0.78,0.79,0.21,0.22,0.01,0.01,75648.36,1776571662000
1776571663.451,163.451,0.78,0.79,0.21,0.22,0.01,0.01,75648.36,1776571662000
1776571663.849,163.849,0.78,0.79,0.21,0.22,0.01,0.01,75648.36,1776571662000
1776571664.388,164.388,0.78,0.79,0.21,0.22,0.01,0.01,75648.63,1776571663000
1776571665.082,165.082,0.78,0.79,0.21,0.22,0.01,0.01,75648.63,1776571664000
1776571666.425,166.425,0.78,0.81,0.19,0.22,0.03,0.03,75647.99,1776571665000
1776571667.038,167.038,0.78,0.81,0.19,0.22,0.03,0.03,75647.99,1776571666000
1776571667.623,167.623,0.79,0.8,0.19,0.22,0.01,0.03,75647.99,1776571666000
1776571668.231,168.231,0.79,0.8,0.2,0.21,0.01,0.01,75647.99,1776571666000
1776571668.744,168.744,0.79,0.8,0.2,0.21,0.01,0.01,75648.69,1776571667000
1776571669.569,169.569,0.79,0.8,0.2,0.21,0.01,0.01,75648.36,1776571668000
1776571670.108,170.108,0.79,0.81,0.19,0.21,0.02,0.02,75648.36,1776571669000
1776571670.449,170.449,0.8,0.81,0.19,0.2,0.01,0.01,75648.36,1776571669000
1776571670.922,170.922,0.81,0.82,0.18,0.19,0.01,0.01,75648.36,1776571669000
1776571671.277,171.277,0.81,0.82,0.18,0.19,0.01,0.01,75648.36,1776571669000
1776571672.417,172.417,0.81,0.82,0.18,0.19,0.01,0.01,75651.43,1776571671000
1776571672.947,172.947,0.81,0.82,0.18,0.19,0.01,0.01,75650.8,1776571672000
1776571673.409,173.409,0.81,0.82,0.18,0.19,0.01,0.01,75650.8,1776571672000
1776571674.086,174.086,0.81,0.82,0.18,0.19,0.01,0.01,75650.8,1776571673000
1776571674.858,174.858,0.81,0.82,0.18,0.19,0.01,0.01,75650.8,1776571673000
1776571675.245,175.245,0.81,0.82,0.18,0.19,0.01,0.01,75650.73,1776571674000
1776571675.773,175.773,0.81,0.83,0.17,0.19,0.02,0.02,75650.73,1776571674000
1776571676.446,176.446,0.81,0.83,0.17,0.19,0.02,0.02,75651.62,1776571675000
1776571676.991,176.991,0.81,0.83,0.17,0.19,0.02,0.02,75651.62,1776571676000
1776571677.34,177.34,0.82,0.83,0.17,0.18,0.01,0.01,75651.62,1776571676000
1776571678.102,178.102,0.82,0.83,0.17,0.18,0.01,0.01,75650.73,1776571677000
1776571678.565,178.565,0.82,0.83,0.17,0.18,0.01,0.01,75650.73,1776571677000
1776571678.996,178.996,0.82,0.84,0.17,0.18,0.02,0.01,75650.73,1776571677000
1776571679.571,179.571,0.83,0.84,0.16,0.18,0.01,0.02,75651.08,1776571678000
1776571679.998,179.998,0.83,0.84,0.16,0.17,0.01,0.01,75651.08,1776571678000
1776571680.615,180.615,0.83,0.84,0.16,0.17,0.01,0.01,75651,1776571679000
1776571681.504,181.504,0.83,0.84,0.16,0.17,0.01,0.01,75651.02,1776571680000
1776571681.915,181.915,0.83,0.84,0.16,0.17,0.01,0.01,75651.02,1776571680000
1776571683.172,183.172,0.83,0.84,0.16,0.17,0.01,0.01,75651.08,1776571682000
1776571683.508,183.508,0.83,0.84,0.16,0.17,0.01,0.01,75651.08,1776571682000
1776571684.033,184.033,0.83,0.84,0.16,0.17,0.01,0.01,75651.08,1776571682000
1776571684.465,184.465,0.83,0.84,0.16,0.17,0.01,0.01,75650.99,1776571683000
1776571684.81,184.81,0.83,0.84,0.16,0.17,0.01,0.01,75650.99,1776571683000
1776571685.323,185.323,0.83,0.84,0.16,0.17,0.01,0.01,75650,1776571684000
1776571685.86,185.86,0.83,0.84,0.16,0.17,0.01,0.01,75650,1776571684000
1776571686.265,186.265,0.83,0.84,0.16,0.17,0.01,0.01,75650.4,1776571685000
1776571686.601,186.601,0.83,0.84,0.16,0.17,0.01,0.01,75650.4,1776571685000
1776571687.264,187.264,0.83,0.84,0.16,0.17,0.01,0.01,75650.75,1776571686000
1776571687.838,187.838,0.84,0.86,0.16,0.17,0.02,0.01,75650.75,1776571686000
1776571688.197,188.197,0.85,0.86,0.14,0.16,0.01,0.02,75650.75,1776571686000
1776571688.747,188.747,0.85,0.86,0.14,0.15,0.01,0.01,75650.54,1776571687000
1776571689.082,189.082,0.85,0.86,0.14,0.15,0.01,0.01,75650.54,1776571687000
1776571689.867,189.867,0.85,0.86,0.14,0.15,0.01,0.01,75650.54,1776571688000
1776571690.336,190.336,0.85,0.86,0.14,0.15,0.01,0.01,75651.28,1776571689000
1776571691.289,191.289,0.85,0.86,0.14,0.15,0.01,0.01,75651.28,1776571689000
1776571691.849,191.849,0.85,0.86,0.14,0.15,0.01,0.01,75651.28,1776571690000
1776571692.286,192.286,0.85,0.87,0.13,0.15,0.02,0.02,75651.65,1776571691000
1776571692.888,192.888,0.85,0.86,0.13,0.15,0.01,0.02,75651.65,1776571691000
1776571693.227,193.227,0.85,0.86,0.14,0.15,0.01,0.01,75651.65,1776571692000
1776571694.275,194.275,0.85,0.87,0.13,0.15,0.02,0.02,75651.46,1776571693000
1776571695.271,195.271,0.86,0.87,0.13,0.14,0.01,0.01,75651.19,1776571694000
1776571695.709,195.709,0.86,0.87,0.13,0.14,0.01,0.01,75651.19,1776571694000
1776571696.232,196.232,0.86,0.87,0.13,0.14,0.01,0.01,75651.19,1776571695000
1776571696.707,196.707,0.87,0.88,0.12,0.14,0.01,0.02,75651.19,1776571695000
1776571697.296,197.296,0.87,0.88,0.12,0.13,0.01,0.01,75651.51,1776571696000
1776571697.766,197.766,0.87,0.88,0.12,0.13,0.01,0.01,75651.51,1776571696000
1776571698.27,198.27,0.87,0.88,0.12,0.13,0.01,0.01,75651.4,1776571697000
1776571699.103,199.103,0.87,0.88,0.12,0.13,0.01,0.01,75651.4,1776571697000
1776571699.91,199.91,0.87,0.88,0.12,0.13,0.01,0.01,75652.71,1776571699000
1776571701.065,201.065,0.87,0.88,0.09,0.13,0.01,0.04,75652.71,1776571699000
1776571701.411,201.411,0.87,0.9,0.1,0.13,0.03,0.03,75653.46,1776571700000
1776571701.842,201.842,0.88,0.89,0.1,0.12,0.01,0.02,75653.46,1776571700000
1776571702.326,202.326,0.88,0.9,0.1,0.12,0.02,0.02,75653.5,1776571701000
1776571702.778,202.778,0.89,0.91,0.09,0.11,0.02,0.02,75653.5,1776571701000
1776571703.353,203.353,0.89,0.9,0.1,0.11,0.01,0.01,75653.5,1776571702000
1776571703.764,203.764,0.89,0.91,0.1,0.11,0.02,0.01,75653.5,1776571702000
1776571704.302,204.302,0.89,0.91,0.09,0.11,0.02,0.02,75653.51,1776571703000
1776571704.641,204.641,0.9,0.91,0.09,0.1,0.01,0.01,75653.51,1776571703000
1776571705.002,205.002,0.91,0.92,0.08,0.09,0.01,0.01,75653.51,1776571703000
1776571705.384,205.384,0.91,0.92,0.08,0.09,0.01,0.01,75653.53,1776571704000
1776571705.776,205.776,0.91,0.92,0.08,0.09,0.01,0.01,75653.53,1776571704000
1776571706.111,206.111,0.91,0.92,0.08,0.09,0.01,0.01,75653.53,1776571704000
1776571706.904,206.904,0.91,0.92,0.08,0.09,0.01,0.01,75653.9,1776571705000
1776571707.289,207.289,0.91,0.92,0.08,0.09,0.01,0.01,75653.9,1776571705000
1776571707.864,207.864,0.91,0.93,0.07,0.09,0.02,0.02,75653.91,1776571707000
1776571708.897,208.897,0.91,0.93,0.07,0.09,0.02,0.02,75658.38,1776571708000
1776571709.492,209.492,0.92,0.93,0.07,0.08,0.01,0.01,75658.38,1776571708000
1776571709.87,209.87,0.92,0.93,0.07,0.08,0.01,0.01,75658.38,1776571708000
1776571710.342,210.342,0.92,0.93,0.07,0.08,0.01,0.01,75658.38,1776571708000
1776571711.259,211.259,0.92,0.93,0.07,0.08,0.01,0.01,75658.38,1776571708000
1776571711.596,211.596,0.92,0.93,0.07,0.08,0.01,0.01,75658.38,1776571708000
1776571712.333,212.333,0.92,0.93,0.07,0.08,0.01,0.01,75658.66,1776571710000
1776571712.684,212.684,0.92,0.93,0.07,0.08,0.01,0.01,75658.66,1776571711000
1776571713.121,213.121,0.92,0.93,0.07,0.08,0.01,0.01,75658.66,1776571711000
1776571713.614,213.614,0.93,0.94,0.06,0.07,0.01,0.01,75658.68,1776571712000
1776571713.947,213.947,0.93,0.94,0.06,0.07,0.01,0.01,75658.68,1776571712000
1776571714.383,214.383,0.93,0.95,0.06,0.07,0.02,0.01,75658.68,1776571713000
1776571714.74,214.74,0.94,0.95,0.05,0.06,0.01,0.01,75658.68,1776571713000
1776571715.445,215.445,0.94,0.95,0.05,0.06,0.01,0.01,75658.68,1776571713000
1776571715.86,215.86,0.94,0.95,0.05,0.06,0.01,0.01,75658.7,1776571714000
1776571716.34,216.34,0.94,0.95,0.05,0.06,0.01,0.01,75658.95,1776571715000
1776571716.881,216.881,0.94,0.95,0.05,0.06,0.01,0.01,75658.95,1776571715000
1776571717.363,217.363,0.94,0.95,0.05,0.06,0.01,0.01,75658.95,1776571715000
1776571717.887,217.887,0.94,0.95,0.05,0.06,0.01,0.01,75659.03,1776571716000
1776571718.657,218.657,0.94,0.95,0.05,0.06,0.01,0.01,75659.03,1776571717000
1776571719.001,219.001,0.94,0.95,0.05,0.06,0.01,0.01,75659.03,1776571717000
1776571719.622,219.622,0.94,0.95,0.05,0.06,0.01,0.01,75659.04,1776571718000
1776571720.035,220.035,0.94,0.95,0.05,0.06,0.01,0.01,75659.04,1776571718000
1776571720.713,220.713,0.94,0.95,0.05,0.06,0.01,0.01,75659.04,1776571719000
1776571721.243,221.243,0.94,0.95,0.05,0.06,0.01,0.01,75659.04,1776571719000
1776571721.634,221.634,0.94,0.95,0.05,0.06,0.01,0.01,75658.41,1776571720000
1776571722.105,222.105,0.95,0.96,0.04,0.06,0.01,0.02,75658.41,1776571720000
1776571722.53,222.53,0.95,0.96,0.04,0.05,0.01,0.01,75658.39,1776571721000
1776571722.966,222.966,0.95,0.96,0.04,0.05,0.01,0.01,75658.39,1776571721000
1776571723.418,223.418,0.95,0.96,0.04,0.05,0.01,0.01,75658.41,1776571722000
1776571723.779,223.779,0.95,0.96,0.04,0.05,0.01,0.01,75658.41,1776571722000
1776571724.686,224.686,0.95,0.96,0.04,0.05,0.01,0.01,75658.41,1776571723000
1776571725.232,225.232,0.95,0.96,0.04,0.05,0.01,0.01,75658.39,1776571724000
1776571725.648,225.648,0.95,0.96,0.04,0.05,0.01,0.01,75658.39,1776571724000
1776571726.177,226.177,0.95,0.96,0.04,0.05,0.01,0.01,75658.39,1776571724000
1776571726.585,226.585,0.95,0.96,0.04,0.05,0.01,0.01,75658.39,1776571725000
1776571727.279,227.279,0.95,0.96,0.04,0.05,0.01,0.01,75658.4,1776571726000
1776571727.785,227.785,0.95,0.96,0.04,0.05,0.01,0.01,75658.4,1776571726000
1776571728.466,228.466,0.95,0.96,0.04,0.05,0.01,0.01,75658.4,1776571727000
1776571728.918,228.918,0.95,0.96,0.03,0.05,0.01,0.02,75658.4,1776571727000
1776571729.519,229.519,0.95,0.96,0.04,0.05,0.01,0.01,75658.38,1776571728000
1776571730.036,230.036,0.95,0.96,0.04,0.05,0.01,0.01,75658.4,1776571729000
1776571730.4,230.4,0.96,0.97,0.03,0.04,0.01,0.01,75658.4,1776571729000
1776571731.071,231.071,0.96,0.97,0.03,0.04,0.01,0.01,75658.38,1776571730000
1776571731.56,231.56,0.96,0.97,0.03,0.04,0.01,0.01,75658.38,1776571730000
1776571732.127,232.127,0.96,0.97,0.03,0.04,0.01,0.01,75658.4,1776571731000
1776571732.734,232.734,0.96,0.97,0.03,0.04,0.01,0.01,75658.4,1776571731000
1776571733.218,233.218,0.96,0.97,0.03,0.04,0.01,0.01,75658.4,1776571731000
1776571733.556,233.556,0.96,0.97,0.03,0.04,0.01,0.01,75658.41,1776571732000
1776571734.389,234.389,0.96,0.97,0.03,0.04,0.01,0.01,75658.44,1776571733000
1776571734.954,234.954,0.96,0.97,0.03,0.04,0.01,0.01,75658.44,1776571734000
1776571736.101,236.101,0.96,0.97,0.03,0.04,0.01,0.01,75658.46,1776571735000
1776571736.491,236.491,0.96,0.97,0.03,0.04,0.01,0.01,75658.46,1776571735000
1776571737.193,237.193,0.96,0.97,0.03,0.04,0.01,0.01,75658.46,1776571736000
1776571738.004,238.004,0.96,0.97,0.03,0.04,0.01,0.01,75658.46,1776571736000
1776571738.373,238.373,0.96,0.97,0.03,0.04,0.01,0.01,75658.7,1776571737000
1776571738.96,238.96,0.96,0.97,0.03,0.04,0.01,0.01,75658.7,1776571737000
1776571739.506,239.506,0.96,0.97,0.03,0.04,0.01,0.01,75658.77,1776571738000
1776571739.938,239.938,0.96,0.97,0.03,0.04,0.01,0.01,75658.77,1776571738000
1776571740.368,240.368,0.96,0.97,0.03,0.04,0.01,0.01,75658.85,1776571739000
1776571740.753,240.753,0.96,0.97,0.03,0.04,0.01,0.01,75658.85,1776571739000
1776571741.124,241.124,0.96,0.97,0.03,0.04,0.01,0.01,75658.85,1776571739000
1776571741.838,241.838,0.96,0.97,0.03,0.04,0.01,0.01,75659.8,1776571740000
1776571742.329,242.329,0.96,0.97,0.03,0.04,0.01,0.01,75659.82,1776571741000
1776571742.747,242.747,0.96,0.97,0.03,0.04,0.01,0.01,75659.82,1776571741000
1776571743.82,243.82,0.96,0.97,0.03,0.04,0.01,0.01,75659.34,1776571743000
1776571744.232,244.232,0.96,0.97,0.03,0.04,0.01,0.01,75659.34,1776571743000
1776571744.852,244.852,0.95,0.96,0.04,0.05,0.01,0.01,75659.34,1776571743000
1776571745.231,245.231,0.95,0.96,0.04,0.05,0.01,0.01,75655.1,1776571744000
1776571745.604,245.604,0.95,0.96,0.04,0.05,0.01,0.01,75655.1,1776571744000
1776571746.036,246.036,0.95,0.96,0.04,0.05,0.01,0.01,75654.33,1776571745000
1776571746.488,246.488,0.95,0.96,0.04,0.05,0.01,0.01,75654.33,1776571745000
1776571746.845,246.845,0.95,0.96,0.04,0.05,0.01,0.01,75654.33,1776571745000
1776571747.272,247.272,0.95,0.96,0.04,0.05,0.01,0.01,75654.33,1776571746000
1776571747.713,247.713,0.95,0.96,0.04,0.05,0.01,0.01,75654.33,1776571746000
1776571748.083,248.083,0.95,0.96,0.04,0.05,0.01,0.01,75654.24,1776571747000
1776571748.439,248.439,0.95,0.96,0.04,0.05,0.01,0.01,75654.24,1776571747000
1776571748.885,248.885,0.93,0.94,0.06,0.07,0.01,0.01,75654.24,1776571747000
1776571749.228,249.228,0.93,0.94,0.06,0.07,0.01,0.01,75654.24,1776571748000
1776571749.6,249.6,0.93,0.94,0.06,0.07,0.01,0.01,75654.24,1776571748000
1776571750.005,250.005,0.93,0.94,0.06,0.07,0.01,0.01,75654.24,1776571748000
1776571750.668,250.668,0.92,0.93,0.06,0.08,0.01,0.02,75654.31,1776571749000
1776571751.028,251.028,0.92,0.93,0.07,0.08,0.01,0.01,75654.31,1776571749000
1776571751.467,251.467,0.92,0.93,0.07,0.08,0.01,0.01,75650.31,1776571750000
1776571751.887,251.887,0.92,0.93,0.07,0.08,0.01,0.01,75650.31,1776571750000
1776571752.815,252.815,0.92,0.93,0.07,0.08,0.01,0.01,75648.16,1776571751000
1776571753.322,253.322,0.92,0.96,0.07,0.08,0.04,0.01,75648.16,1776571751000
1776571753.702,253.702,0.92,0.93,0.07,0.08,0.01,0.01,75647.45,1776571752000
1776571754.173,254.173,0.92,0.93,0.07,0.08,0.01,0.01,75647.45,1776571752000
1776571754.695,254.695,0.94,0.95,0.07,0.08,0.01,0.01,75647.45,1776571752000
1776571755.131,255.131,0.94,0.95,0.05,0.06,0.01,0.01,75647.45,1776571752000
1776571755.499,255.499,0.94,0.95,0.05,0.06,0.01,0.01,75647.03,1776571753000
1776571756.274,256.274,0.94,0.95,0.05,0.06,0.01,0.01,75647.03,1776571754000
1776571756.635,256.635,0.94,0.95,0.05,0.06,0.01,0.01,75649.12,1776571755000
1776571757.13,257.13,0.94,0.95,0.05,0.06,0.01,0.01,75649.12,1776571755000
1776571757.659,257.659,0.94,0.95,0.05,0.06,0.01,0.01,75650.39,1776571756000
1776571758.136,258.136,0.94,0.95,0.05,0.06,0.01,0.01,75650.39,1776571757000
1776571759.021,259.021,0.94,0.95,0.05,0.06,0.01,0.01,75650.39,1776571758000
1776571760.231,260.231,0.94,0.95,0.05,0.06,0.01,0.01,75649.78,1776571759000
1776571760.966,260.966,0.94,0.95,0.05,0.06,0.01,0.01,75649.63,1776571760000
1776571761.375,261.375,0.94,0.95,0.05,0.06,0.01,0.01,75649.63,1776571760000
1776571762.043,262.043,0.94,0.95,0.05,0.06,0.01,0.01,75649.87,1776571761000
1776571763.141,263.141,0.94,0.95,0.05,0.06,0.01,0.01,75649.91,1776571762000
1776571763.934,263.934,0.95,0.96,0.05,0.06,0.01,0.01,75649.91,1776571762000
1776571764.282,264.282,0.97,0.98,0.02,0.03,0.01,0.01,75649.95,1776571763000
1776571764.669,264.669,0.97,0.98,0.02,0.03,0.01,0.01,75649.95,1776571763000
1776571765.068,265.068,0.97,0.98,0.02,0.03,0.01,0.01,75650.05,1776571764000
1776571765.494,265.494,0.97,0.98,0.02,0.03,0.01,0.01,75650.05,1776571764000
1776571765.917,265.917,0.97,0.98,0.02,0.03,0.01,0.01,75650.05,1776571764000
1776571766.335,266.335,0.97,0.98,0.02,0.03,0.01,0.01,75650.54,1776571765000
1776571766.851,266.851,0.97,0.98,0.02,0.03,0.01,0.01,75650.54,1776571765000
1776571767.221,267.221,0.97,0.98,0.02,0.03,0.01,0.01,75650.54,1776571765000
1776571768.305,268.305,0.97,0.98,0.02,0.03,0.01,0.01,75653.36,1776571767000
1776571769.146,269.146,0.97,0.98,0.02,0.03,0.01,0.01,75653.36,1776571767000
1776571769.485,269.485,0.97,0.98,0.02,0.03,0.01,0.01,75653.36,1776571767000
1776571770.224,270.224,0.97,0.98,0.02,0.03,0.01,0.01,75653.36,1776571767000
1776571770.922,270.922,0.97,0.98,0.02,0.03,0.01,0.01,75653.36,1776571767000
1776571771.261,271.261,0.97,0.98,0.02,0.03,0.01,0.01,75653.37,1776571770000
1776571771.723,271.723,0.97,0.98,0.02,0.03,0.01,0.01,75653.37,1776571770000
1776571772.067,272.067,0.97,0.98,0.02,0.03,0.01,0.01,75653.26,1776571771000
1776571772.443,272.443,0.97,0.98,0.02,0.03,0.01,0.01,75653.26,1776571771000
1776571773.057,273.057,0.97,0.98,0.02,0.03,0.01,0.01,75653.72,1776571772000
1776571773.51,273.51,0.97,0.98,0.02,0.03,0.01,0.01,75653.72,1776571772000
1776571774.063,274.063,0.97,0.98,0.02,0.03,0.01,0.01,75653.87,1776571773000
1776571774.438,274.438,0.97,0.98,0.02,0.03,0.01,0.01,75653.87,1776571773000
1776571775.202,275.202,0.97,0.98,0.02,0.03,0.01,0.01,75653.87,1776571774000
1776571775.804,275.804,0.97,0.98,0.02,0.03,0.01,0.01,75653.87,1776571774000
1776571776.16,276.16,0.97,0.98,0.02,0.03,0.01,0.01,75654.27,1776571775000
1776571776.51,276.51,0.97,0.98,0.02,0.03,0.01,0.01,75654.27,1776571775000
1776571776.977,276.977,0.97,0.98,0.02,0.03,0.01,0.01,75654.27,1776571775000
1776571777.91,277.91,0.97,0.98,0.02,0.03,0.01,0.01,75654.12,1776571776000
1776571778.301,278.301,0.97,0.98,0.02,0.03,0.01,0.01,75652.95,1776571777000
1776571778.823,278.823,0.97,0.98,0.02,0.03,0.01,0.01,75652.95,1776571777000
1776571779.186,279.186,0.97,0.98,0.02,0.03,0.01,0.01,75652.95,1776571778000
1776571779.608,279.608,0.97,0.98,0.02,0.03,0.01,0.01,75652.95,1776571778000
1776571779.954,279.954,0.97,0.98,0.02,0.03,0.01,0.01,75653.21,1776571779000
1776571781.019,281.019,0.97,0.98,0.02,0.03,0.01,0.01,75653.27,1776571780000
1776571781.573,281.573,0.97,0.98,0.02,0.03,0.01,0.01,75653.27,1776571780000
1776571781.954,281.954,0.97,0.98,0.02,0.03,0.01,0.01,75653.27,1776571780000
1776571782.445,282.445,0.97,0.98,0.02,0.03,0.01,0.01,75653.27,1776571780000
1776571782.793,282.793,0.97,0.98,0.02,0.03,0.01,0.01,75653.35,1776571781000
1776571783.147,283.147,0.94,0.95,0.05,0.06,0.01,0.01,75652.18,1776571782000
1776571783.489,283.489,0.94,0.95,0.05,0.06,0.01,0.01,75652.18,1776571782000
1776571783.917,283.917,0.98,0.99,0.03,0.04,0.01,0.01,75652.18,1776571782000
1776571784.28,284.28,0.98,0.99,0.01,0.02,0.01,0.01,75652.18,1776571782000
1776571784.617,284.617,0.9,0.91,0.09,0.1,0.01,0.01,75652.18,1776571782000
1776571784.953,284.953,0.81,0.85,0.15,0.19,0.04,0.04,75652.18,1776571783000
1776571785.304,285.304,0.81,0.82,0.18,0.19,0.01,0.01,75652.18,1776571783000
1776571785.657,285.657,0.82,0.83,0.17,0.18,0.01,0.01,75652.18,1776571783000
1776571785.995,285.995,0.82,0.83,0.17,0.18,0.01,0.01,75647.47,1776571784000
1776571786.333,286.333,0.8,0.81,0.19,0.2,0.01,0.01,75647.47,1776571784000
1776571786.677,286.677,0.8,0.81,0.19,0.2,0.01,0.01,75647.47,1776571784000
1776571787.029,287.029,0.81,0.82,0.18,0.19,0.01,0.01,75639.76,1776571785000
1776571787.496,287.496,0.83,0.84,0.16,0.17,0.01,0.01,75639.76,1776571785000
1776571787.853,287.853,0.83,0.85,0.16,0.17,0.02,0.01,75634.55,1776571786000
1776571788.209,288.209,0.81,0.85,0.15,0.16,0.04,0.01,75634.55,1776571786000
1776571788.563,288.563,0.84,0.85,0.15,0.16,0.01,0.01,75634.46,1776571787000
1776571789.051,289.051,0.85,0.86,0.13,0.15,0.01,0.02,75634.46,1776571787000
1776571789.551,289.551,0.86,0.87,0.13,0.14,0.01,0.01,75634.46,1776571787000
1776571790.202,290.202,0.83,0.84,0.15,0.2,0.01,0.05,75634.48,1776571788000
1776571790.544,290.544,0.86,0.88,0.16,0.17,0.02,0.01,75634.48,1776571788000
1776571790.905,290.905,0.89,0.9,0.1,0.11,0.01,0.01,75631.31,1776571789000
1776571791.251,291.251,0.89,0.9,0.1,0.11,0.01,0.01,75631.31,1776571789000
1776571791.667,291.667,0.89,0.9,0.1,0.11,0.01,0.01,75631.53,1776571790000
1776571792.046,292.046,0.89,0.9,0.1,0.11,0.01,0.01,75631.53,1776571790000
1776571792.379,292.379,0.89,0.9,0.1,0.11,0.01,0.01,75631.53,1776571791000
1776571792.717,292.717,0.89,0.9,0.1,0.11,0.01,0.01,75631.53,1776571791000
1776571793.063,293.063,0.9,0.92,0.08,0.11,0.02,0.03,75631.53,1776571791000
1776571793.424,293.424,0.91,0.92,0.08,0.09,0.01,0.01,75631.53,1776571791000
1776571793.774,293.774,0.91,0.92,0.08,0.09,0.01,0.01,75631.59,1776571792000
1776571794.122,294.122,0.91,0.92,0.08,0.09,0.01,0.01,75631.73,1776571793000
1776571794.515,294.515,0.91,0.92,0.08,0.09,0.01,0.01,75631.73,1776571793000
1776571794.863,294.863,0.93,0.94,0.07,0.08,0.01,0.01,75631.73,1776571793000
1776571795.416,295.416,0.94,0.96,0.05,0.06,0.02,0.01,75631.73,1776571793000
1776571795.884,295.884,0.95,0.96,0.04,0.05,0.01,0.01,75631.69,1776571794000
1776571796.367,296.367,0.96,0.99,0.03,0.04,0.03,0.01,75631.69,1776571794000
1776571796.748,296.748,0.98,0.99,0.01,0.02,0.01,0.01,75631.69,1776571795000
1776571797.13,297.13,0.98,0.99,0.01,0.03,0.01,0.02,75631.69,1776571795000
1776571797.502,297.502,0.98,0.99,0.01,0.02,0.01,0.01,75631.62,1776571796000
1776571797.993,297.993,0.98,0.99,0.01,0.02,0.01,0.01,75631.62,1776571796000
1776571798.346,298.346,0.98,0.99,0.01,0.02,0.01,0.01,75631.62,1776571796000
1776571798.696,298.696,0.98,0.99,0.01,0.02,0.01,0.01,75631.62,1776571796000
1776571799.038,299.038,0.98,0.99,0.01,0.02,0.01,0.01,75633.72,1776571797000
1776571799.483,299.483,0.99,0.99,0.01,0.01,0.0,0.0,75633.72,1776571797000
1776571799.821,299.821,0.99,0.99,0.01,0.01,0.0,0.0,75632.76,1776571798000
1776571800.166,300.166,0.99,0.99,0.01,0.01,0.0,0.0,75632.76,1776571798000
1776571800.519,300.519,0.99,0.99,0.01,0.01,0.0,0.0,75633.72,1776571799000

# RESULT,winner=Up,slug=btc-updown-5m-1776571500,ticks=582
