timestamp,elapsed_sec,up_bid,up_ask,down_bid,down_ask,up_spread,down_spread,btc_price,btc_oracle_ts
1776080400.508,0.508,0.5,0.51,0.49,0.5,0.01,0.01,70850.35,1776080399000
1776080400.951,0.951,0.5,0.52,0.48,0.5,0.02,0.02,70850.52,1776080400000
1776080401.326,1.326,0.51,0.52,0.48,0.49,0.01,0.01,70850.52,1776080400000
1776080401.772,1.772,0.51,0.52,0.48,0.49,0.01,0.01,70850.52,1776080400000
1776080402.171,2.171,0.51,0.52,0.48,0.49,0.01,0.01,70850.52,1776080400000
1776080402.529,2.529,0.51,0.53,0.47,0.49,0.02,0.02,70850.52,1776080400000
1776080402.869,2.869,0.54,0.56,0.44,0.46,0.02,0.02,70851.52,1776080401000
1776080403.236,3.236,0.55,0.56,0.44,0.45,0.01,0.01,70852.6,1776080402000
1776080403.596,3.596,0.55,0.56,0.44,0.45,0.01,0.01,70852.6,1776080402000
1776080404.075,4.075,0.54,0.55,0.44,0.45,0.01,0.01,70852.6,1776080402000
1776080404.477,4.477,0.54,0.55,0.45,0.46,0.01,0.01,70854.18,1776080403000
1776080405.15,5.15,0.54,0.55,0.45,0.46,0.01,0.01,70856.1,1776080404000
1776080405.517,5.517,0.54,0.55,0.45,0.46,0.01,0.01,70856.1,1776080404000
1776080405.97,5.97,0.54,0.55,0.45,0.46,0.01,0.01,70856.1,1776080404000
1776080406.399,6.399,0.54,0.55,0.45,0.46,0.01,0.01,70856.1,1776080404000
1776080406.764,6.764,0.54,0.55,0.45,0.46,0.01,0.01,70853.55,1776080405000
1776080407.145,7.145,0.54,0.55,0.45,0.46,0.01,0.01,70855.59,1776080406000
1776080407.518,7.518,0.54,0.55,0.45,0.46,0.01,0.01,70855.59,1776080406000
1776080407.892,7.892,0.54,0.55,0.45,0.46,0.01,0.01,70855.59,1776080406000
1776080408.486,8.486,0.54,0.55,0.45,0.46,0.01,0.01,70856.78,1776080407000
1776080408.822,8.822,0.54,0.55,0.45,0.46,0.01,0.01,70856.78,1776080407000
1776080409.158,9.158,0.54,0.55,0.45,0.46,0.01,0.01,70856.69,1776080408000
1776080409.613,9.613,0.53,0.54,0.45,0.47,0.01,0.02,70856.69,1776080408000
1776080409.96,9.96,0.53,0.54,0.46,0.47,0.01,0.01,70856.69,1776080408000
1776080410.386,10.386,0.55,0.56,0.43,0.47,0.01,0.04,70856.69,1776080408000
1776080410.777,10.777,0.55,0.56,0.44,0.45,0.01,0.01,70855.51,1776080409000
1776080411.219,11.219,0.55,0.56,0.44,0.45,0.01,0.01,70854.89,1776080410000
1776080411.691,11.691,0.55,0.56,0.44,0.45,0.01,0.01,70854.89,1776080410000
1776080412.619,12.619,0.55,0.56,0.44,0.45,0.01,0.01,70854.82,1776080411000
1776080412.958,12.958,0.58,0.6,0.41,0.42,0.02,0.01,70854.82,1776080411000
1776080413.297,13.297,0.61,0.64,0.36,0.39,0.03,0.03,70854.82,1776080412000
1776080413.667,13.667,0.62,0.63,0.37,0.38,0.01,0.01,70854.82,1776080412000
1776080414.126,14.126,0.62,0.64,0.36,0.38,0.02,0.02,70854.82,1776080413000
1776080414.489,14.489,0.63,0.64,0.36,0.37,0.01,0.01,70854.82,1776080413000
1776080414.86,14.86,0.63,0.64,0.36,0.37,0.01,0.01,70854.82,1776080413000
1776080415.24,15.24,0.63,0.64,0.36,0.37,0.01,0.01,70854.82,1776080413000
1776080415.577,15.577,0.63,0.64,0.36,0.37,0.01,0.01,70864.93,1776080414000
1776080416.061,16.061,0.63,0.64,0.36,0.37,0.01,0.01,70864.93,1776080414000
1776080416.623,16.623,0.63,0.64,0.36,0.37,0.01,0.01,70865.66,1776080415000
1776080417.43,17.43,0.63,0.64,0.36,0.37,0.01,0.01,70865.66,1776080415000
1776080417.82,17.82,0.63,0.64,0.36,0.37,0.01,0.01,70866.25,1776080416000
1776080418.178,18.178,0.63,0.65,0.36,0.37,0.02,0.01,70866.25,1776080416000
1776080418.675,18.675,0.64,0.65,0.35,0.36,0.01,0.01,70865.67,1776080417000
1776080419.186,19.186,0.64,0.65,0.35,0.36,0.01,0.01,70865.67,1776080417000
1776080419.599,19.599,0.64,0.65,0.35,0.36,0.01,0.01,70865.67,1776080417000
1776080420.283,20.283,0.64,0.65,0.35,0.36,0.01,0.01,70865.71,1776080418000
1776080420.67,20.67,0.64,0.65,0.35,0.36,0.01,0.01,70865.76,1776080419000
1776080421.042,21.042,0.63,0.64,0.35,0.37,0.01,0.02,70865.76,1776080419000
1776080421.446,21.446,0.64,0.65,0.35,0.36,0.01,0.01,70866.01,1776080420000
1776080421.951,21.951,0.63,0.64,0.35,0.36,0.01,0.01,70866.01,1776080420000
1776080422.432,22.432,0.64,0.65,0.36,0.37,0.01,0.01,70866.03,1776080421000
1776080422.831,22.831,0.64,0.65,0.35,0.36,0.01,0.01,70866.03,1776080421000
1776080423.376,23.376,0.63,0.64,0.36,0.37,0.01,0.01,70866.03,1776080422000
1776080423.821,23.821,0.62,0.63,0.36,0.37,0.01,0.01,70866.03,1776080422000
1776080424.175,24.175,0.62,0.63,0.37,0.38,0.01,0.01,70869.65,1776080423000
1776080424.515,24.515,0.62,0.64,0.37,0.38,0.02,0.01,70869.65,1776080423000
1776080424.884,24.884,0.63,0.64,0.36,0.37,0.01,0.01,70869.65,1776080423000
1776080425.261,25.261,0.63,0.64,0.36,0.37,0.01,0.01,70866.14,1776080424000
1776080425.638,25.638,0.63,0.64,0.36,0.37,0.01,0.01,70866.14,1776080424000
1776080426.071,26.071,0.63,0.64,0.36,0.37,0.01,0.01,70867.68,1776080425000
1776080426.434,26.434,0.64,0.65,0.35,0.36,0.01,0.01,70867.68,1776080425000
1776080426.961,26.961,0.64,0.65,0.35,0.36,0.01,0.01,70866.13,1776080426000
1776080427.396,27.396,0.64,0.65,0.35,0.36,0.01,0.01,70866.13,1776080426000
1776080427.833,27.833,0.65,0.66,0.34,0.35,0.01,0.01,70866.13,1776080426000
1776080428.178,28.178,0.65,0.66,0.34,0.35,0.01,0.01,70866.12,1776080427000
1776080428.919,28.919,0.65,0.66,0.34,0.35,0.01,0.01,70866.16,1776080428000
1776080429.261,29.261,0.65,0.66,0.34,0.35,0.01,0.01,70866.16,1776080428000
1776080429.915,29.915,0.65,0.66,0.34,0.35,0.01,0.01,70866.46,1776080429000
1776080430.249,30.249,0.67,0.68,0.32,0.33,0.01,0.01,70866.46,1776080429000
1776080430.606,30.606,0.69,0.7,0.3,0.31,0.01,0.01,70866.46,1776080429000
1776080430.981,30.981,0.71,0.72,0.28,0.29,0.01,0.01,70866.46,1776080429000
1776080431.315,31.315,0.72,0.73,0.27,0.28,0.01,0.01,70866.46,1776080429000
1776080431.909,31.909,0.73,0.74,0.27,0.28,0.01,0.01,70870.34,1776080430000
1776080432.324,32.324,0.74,0.75,0.25,0.26,0.01,0.01,70870.34,1776080430000
1776080432.683,32.683,0.74,0.75,0.25,0.26,0.01,0.01,70875.79,1776080431000
1776080433.049,33.049,0.74,0.75,0.25,0.26,0.01,0.01,70875.79,1776080431000
1776080433.397,33.397,0.74,0.75,0.25,0.26,0.01,0.01,70878.0,1776080432000
1776080433.827,33.827,0.75,0.76,0.24,0.25,0.01,0.01,70878.0,1776080432000
1776080434.161,34.161,0.75,0.76,0.24,0.25,0.01,0.01,70878.0,1776080432000
1776080434.773,34.773,0.75,0.76,0.24,0.25,0.01,0.01,70878.36,1776080433000
1776080435.111,35.111,0.75,0.76,0.24,0.25,0.01,0.01,70878.36,1776080433000
1776080435.445,35.445,0.75,0.76,0.24,0.25,0.01,0.01,70881.51,1776080434000
1776080435.826,35.826,0.75,0.76,0.24,0.25,0.01,0.01,70881.51,1776080434000
1776080436.205,36.205,0.75,0.76,0.24,0.25,0.01,0.01,70881.56,1776080435000
1776080436.557,36.557,0.73,0.75,0.24,0.26,0.02,0.02,70881.56,1776080435000
1776080437.037,37.037,0.73,0.74,0.26,0.27,0.01,0.01,70881.56,1776080435000
1776080437.573,37.573,0.73,0.74,0.26,0.27,0.01,0.01,70880.34,1776080436000
1776080437.945,37.945,0.73,0.74,0.26,0.27,0.01,0.01,70880.34,1776080436000
1776080438.425,38.425,0.73,0.74,0.26,0.27,0.01,0.01,70882.7,1776080437000
1776080438.883,38.883,0.73,0.74,0.26,0.27,0.01,0.01,70882.7,1776080437000
1776080439.366,39.366,0.73,0.74,0.26,0.27,0.01,0.01,70882.7,1776080437000
1776080439.704,39.704,0.73,0.74,0.26,0.27,0.01,0.01,70880.08,1776080438000
1776080440.295,40.295,0.73,0.74,0.26,0.27,0.01,0.01,70881.56,1776080439000
1776080440.66,40.66,0.73,0.74,0.26,0.27,0.01,0.01,70881.56,1776080439000
1776080441.088,41.088,0.74,0.75,0.25,0.26,0.01,0.01,70881.56,1776080439000
1776080441.621,41.621,0.75,0.77,0.23,0.26,0.02,0.03,70881.75,1776080440000
1776080441.96,41.96,0.77,0.79,0.22,0.23,0.02,0.01,70881.75,1776080440000
1776080442.318,42.318,0.78,0.79,0.21,0.22,0.01,0.01,70880.09,1776080441000
1776080442.651,42.651,0.79,0.8,0.2,0.21,0.01,0.01,70880.09,1776080441000
1776080442.993,42.993,0.79,0.8,0.2,0.21,0.01,0.01,70880.09,1776080441000
1776080443.38,43.38,0.79,0.8,0.2,0.21,0.01,0.01,70885.91,1776080442000
1776080443.765,43.765,0.79,0.8,0.2,0.21,0.01,0.01,70885.91,1776080442000
1776080444.162,44.162,0.79,0.8,0.2,0.21,0.01,0.01,70889.72,1776080443000
1776080444.527,44.527,0.79,0.8,0.19,0.21,0.01,0.02,70889.72,1776080443000
1776080444.871,44.871,0.79,0.8,0.2,0.21,0.01,0.01,70889.72,1776080443000
1776080445.267,45.267,0.77,0.78,0.22,0.23,0.01,0.01,70891.49,1776080444000
1776080445.61,45.61,0.73,0.74,0.26,0.27,0.01,0.01,70891.49,1776080444000
1776080446.053,46.053,0.73,0.74,0.26,0.27,0.01,0.01,70891.49,1776080444000
1776080446.393,46.393,0.74,0.75,0.25,0.26,0.01,0.01,70893.45,1776080445000
1776080446.73,46.73,0.74,0.75,0.25,0.26,0.01,0.01,70893.45,1776080445000
1776080447.084,47.084,0.75,0.76,0.25,0.26,0.01,0.01,70893.45,1776080445000
1776080447.423,47.423,0.75,0.76,0.24,0.25,0.01,0.01,70886.45,1776080446000
1776080447.801,47.801,0.75,0.76,0.24,0.25,0.01,0.01,70886.45,1776080446000
1776080448.299,48.299,0.75,0.76,0.24,0.25,0.01,0.01,70886.95,1776080447000
1776080448.686,48.686,0.75,0.76,0.24,0.25,0.01,0.01,70886.95,1776080447000
1776080449.128,49.128,0.75,0.76,0.24,0.25,0.01,0.01,70886.95,1776080447000
1776080449.519,49.519,0.75,0.76,0.24,0.25,0.01,0.01,70889.45,1776080448000
1776080449.908,49.908,0.75,0.76,0.24,0.25,0.01,0.01,70889.45,1776080448000
1776080450.292,50.292,0.75,0.76,0.24,0.25,0.01,0.01,70889.45,1776080448000
1776080450.691,50.691,0.71,0.73,0.27,0.28,0.02,0.01,70889.04,1776080449000
1776080451.047,51.047,0.71,0.72,0.28,0.29,0.01,0.01,70889.04,1776080449000
1776080451.392,51.392,0.71,0.72,0.28,0.29,0.01,0.01,70889.04,1776080449000
1776080451.758,51.758,0.71,0.72,0.28,0.29,0.01,0.01,70889.04,1776080450000
1776080452.105,52.105,0.71,0.72,0.28,0.29,0.01,0.01,70888.56,1776080451000
1776080452.67,52.67,0.71,0.72,0.28,0.29,0.01,0.01,70888.56,1776080451000
1776080453.211,53.211,0.72,0.73,0.27,0.28,0.01,0.01,70882.54,1776080452000
1776080453.573,53.573,0.73,0.74,0.26,0.28,0.01,0.02,70882.54,1776080452000
1776080454.152,54.152,0.73,0.74,0.26,0.27,0.01,0.01,70882.54,1776080452000
1776080454.5,54.5,0.73,0.74,0.26,0.27,0.01,0.01,70882.92,1776080453000
1776080454.883,54.883,0.73,0.74,0.26,0.27,0.01,0.01,70882.92,1776080453000
1776080455.318,55.318,0.73,0.74,0.26,0.27,0.01,0.01,70882.92,1776080453000
1776080455.741,55.741,0.73,0.74,0.26,0.27,0.01,0.01,70883.94,1776080454000
1776080456.215,56.215,0.73,0.74,0.26,0.27,0.01,0.01,70883.94,1776080454000
1776080456.622,56.622,0.73,0.74,0.26,0.27,0.01,0.01,70883.94,1776080455000
1776080457.031,57.031,0.73,0.74,0.26,0.27,0.01,0.01,70883.94,1776080455000
1776080457.407,57.407,0.73,0.74,0.26,0.27,0.01,0.01,70884.51,1776080456000
1776080457.757,57.757,0.73,0.74,0.26,0.27,0.01,0.01,70884.51,1776080456000
1776080458.319,58.319,0.73,0.74,0.26,0.27,0.01,0.01,70883.29,1776080457000
1776080458.845,58.845,0.73,0.74,0.26,0.27,0.01,0.01,70883.29,1776080457000
1776080459.185,59.185,0.73,0.74,0.26,0.27,0.01,0.01,70883.29,1776080457000
1776080459.789,59.789,0.73,0.74,0.26,0.27,0.01,0.01,70884.39,1776080458000
1776080460.3,60.3,0.73,0.74,0.26,0.27,0.01,0.01,70883.21,1776080459000
1776080460.644,60.644,0.73,0.74,0.26,0.27,0.01,0.01,70883.21,1776080459000
1776080461.048,61.048,0.74,0.75,0.25,0.27,0.01,0.02,70883.21,1776080459000
1776080461.458,61.458,0.76,0.77,0.23,0.24,0.01,0.01,70881.51,1776080460000
1776080461.867,61.867,0.77,0.78,0.22,0.23,0.01,0.01,70881.51,1776080460000
1776080462.204,62.204,0.77,0.78,0.22,0.23,0.01,0.01,70881.68,1776080461000
1776080462.612,62.612,0.77,0.78,0.22,0.23,0.01,0.01,70881.68,1776080461000
1776080463.062,63.062,0.77,0.78,0.22,0.23,0.01,0.01,70881.68,1776080461000
1776080463.397,63.397,0.78,0.8,0.21,0.23,0.02,0.02,70881.68,1776080461000
1776080463.788,63.788,0.79,0.8,0.21,0.22,0.01,0.01,70886.55,1776080462000
1776080464.132,64.132,0.79,0.8,0.2,0.21,0.01,0.01,70886.55,1776080462000
1776080464.535,64.535,0.79,0.8,0.2,0.21,0.01,0.01,70887.39,1776080463000
1776080464.877,64.877,0.79,0.8,0.2,0.21,0.01,0.01,70887.39,1776080463000
1776080465.283,65.283,0.79,0.8,0.2,0.21,0.01,0.01,70887.88,1776080464000
1776080465.626,65.626,0.79,0.8,0.2,0.21,0.01,0.01,70887.88,1776080464000
1776080466.193,66.193,0.79,0.8,0.2,0.21,0.01,0.01,70887.88,1776080464000
1776080466.533,66.533,0.79,0.8,0.2,0.21,0.01,0.01,70888.99,1776080465000
1776080466.886,66.886,0.79,0.8,0.2,0.21,0.01,0.01,70888.99,1776080465000
1776080467.382,67.382,0.79,0.8,0.2,0.21,0.01,0.01,70888.99,1776080465000
1776080467.851,67.851,0.79,0.8,0.2,0.21,0.01,0.01,70888.72,1776080466000
1776080468.23,68.23,0.79,0.8,0.2,0.21,0.01,0.01,70889.29,1776080467000
1776080468.674,68.674,0.79,0.8,0.2,0.21,0.01,0.01,70889.29,1776080467000
1776080469.015,69.015,0.79,0.8,0.2,0.21,0.01,0.01,70889.29,1776080467000
1776080469.358,69.358,0.79,0.8,0.2,0.21,0.01,0.01,70889.29,1776080467000
1776080469.71,69.71,0.79,0.8,0.2,0.21,0.01,0.01,70889.3,1776080468000
1776080470.052,70.052,0.79,0.8,0.2,0.21,0.01,0.01,70889.3,1776080468000
1776080470.389,70.389,0.79,0.8,0.2,0.21,0.01,0.01,70888.87,1776080469000
1776080470.951,70.951,0.79,0.81,0.2,0.21,0.02,0.01,70888.87,1776080469000
1776080471.446,71.446,0.8,0.81,0.19,0.2,0.01,0.01,70888.67,1776080470000
1776080471.797,71.797,0.78,0.79,0.21,0.22,0.01,0.01,70888.67,1776080470000
1776080472.538,72.538,0.76,0.77,0.23,0.24,0.01,0.01,70888.77,1776080471000
1776080472.877,72.877,0.71,0.74,0.25,0.29,0.03,0.04,70888.77,1776080471000
1776080473.214,73.214,0.72,0.73,0.27,0.28,0.01,0.01,70888.77,1776080471000
1776080473.658,73.658,0.73,0.74,0.26,0.27,0.01,0.01,70888.43,1776080472000
1776080474.049,74.049,0.73,0.74,0.26,0.27,0.01,0.01,70884.48,1776080473000
1776080474.609,74.609,0.73,0.74,0.26,0.27,0.01,0.01,70884.48,1776080473000
1776080475.098,75.098,0.74,0.75,0.26,0.27,0.01,0.01,70884.48,1776080473000
1776080475.52,75.52,0.74,0.75,0.25,0.26,0.01,0.01,70880.38,1776080474000
1776080475.927,75.927,0.74,0.75,0.25,0.26,0.01,0.01,70880.38,1776080474000
1776080476.558,76.558,0.74,0.75,0.25,0.26,0.01,0.01,70880.4,1776080475000
1776080476.897,76.897,0.72,0.74,0.26,0.27,0.02,0.01,70880.4,1776080475000
1776080477.344,77.344,0.72,0.73,0.27,0.28,0.01,0.01,70881.6,1776080476000
1776080477.803,77.803,0.72,0.73,0.27,0.28,0.01,0.01,70881.6,1776080476000
1776080478.188,78.188,0.72,0.73,0.27,0.28,0.01,0.01,70881.6,1776080476000
1776080478.786,78.786,0.74,0.75,0.27,0.28,0.01,0.01,70881.6,1776080476000
1776080479.296,79.296,0.75,0.77,0.23,0.25,0.02,0.02,70881.46,1776080478000
1776080479.637,79.637,0.76,0.77,0.23,0.24,0.01,0.01,70881.46,1776080478000
1776080480.041,80.041,0.76,0.77,0.23,0.24,0.01,0.01,70881.46,1776080478000
1776080480.384,80.384,0.75,0.76,0.24,0.25,0.01,0.01,70881.45,1776080479000
1776080481.179,81.179,0.75,0.76,0.24,0.25,0.01,0.01,70881.45,1776080479000
1776080481.571,81.571,0.75,0.76,0.24,0.25,0.01,0.01,70883.64,1776080480000
1776080481.999,81.999,0.75,0.76,0.24,0.25,0.01,0.01,70883.64,1776080481000
1776080482.579,82.579,0.75,0.76,0.24,0.25,0.01,0.01,70883.64,1776080481000
1776080483.004,83.004,0.75,0.76,0.24,0.25,0.01,0.01,70882.28,1776080482000
1776080483.489,83.489,0.75,0.76,0.24,0.25,0.01,0.01,70882.28,1776080482000
1776080483.893,83.893,0.73,0.74,0.26,0.27,0.01,0.01,70882.27,1776080483000
1776080484.228,84.228,0.71,0.74,0.26,0.28,0.03,0.02,70882.27,1776080483000
1776080484.713,84.713,0.69,0.7,0.3,0.31,0.01,0.01,70882.27,1776080483000
1776080485.05,85.05,0.69,0.7,0.3,0.31,0.01,0.01,70881.39,1776080484000
1776080486.038,86.038,0.68,0.7,0.3,0.31,0.02,0.01,70881.39,1776080484000
1776080486.483,86.483,0.71,0.72,0.28,0.29,0.01,0.01,70872.84,1776080485000
1776080486.878,86.878,0.72,0.73,0.27,0.28,0.01,0.01,70872.84,1776080485000
1776080487.425,87.425,0.72,0.74,0.26,0.28,0.02,0.02,70869.79,1776080486000
1776080487.961,87.961,0.73,0.74,0.26,0.27,0.01,0.01,70871.93,1776080487000
1776080488.372,88.372,0.73,0.74,0.26,0.27,0.01,0.01,70871.93,1776080487000
1776080488.86,88.86,0.73,0.74,0.26,0.27,0.01,0.01,70874.45,1776080488000
1776080489.317,89.317,0.74,0.75,0.25,0.26,0.01,0.01,70874.45,1776080488000
1776080489.828,89.828,0.74,0.75,0.25,0.26,0.01,0.01,70875.66,1776080489000
1776080490.17,90.17,0.74,0.75,0.25,0.26,0.01,0.01,70875.66,1776080489000
1776080490.765,90.765,0.74,0.76,0.25,0.26,0.02,0.01,70875.66,1776080489000
1776080491.132,91.132,0.78,0.79,0.21,0.22,0.01,0.01,70875.66,1776080489000
1776080491.669,91.669,0.78,0.79,0.21,0.22,0.01,0.01,70876.36,1776080490000
1776080492.059,92.059,0.78,0.79,0.21,0.22,0.01,0.01,70876.36,1776080490000
1776080492.483,92.483,0.78,0.79,0.21,0.22,0.01,0.01,70879.12,1776080491000
1776080492.848,92.848,0.78,0.79,0.21,0.22,0.01,0.01,70879.12,1776080491000
1776080493.432,93.432,0.78,0.79,0.21,0.22,0.01,0.01,70883.88,1776080492000
1776080493.834,93.834,0.78,0.79,0.21,0.22,0.01,0.01,70883.88,1776080492000
1776080494.176,94.176,0.78,0.79,0.21,0.22,0.01,0.01,70882.82,1776080493000
1776080494.612,94.612,0.78,0.79,0.21,0.22,0.01,0.01,70882.82,1776080493000
1776080495.273,95.273,0.78,0.79,0.21,0.22,0.01,0.01,70883.12,1776080494000
1776080495.762,95.762,0.78,0.79,0.21,0.22,0.01,0.01,70883.12,1776080494000
1776080496.556,96.556,0.78,0.79,0.21,0.22,0.01,0.01,70883.12,1776080494000
1776080496.958,96.958,0.78,0.79,0.21,0.22,0.01,0.01,70882.3,1776080495000
1776080497.402,97.402,0.78,0.79,0.21,0.22,0.01,0.01,70882.3,1776080495000
1776080497.83,97.83,0.78,0.79,0.21,0.22,0.01,0.01,70882.3,1776080495000
1776080498.449,98.449,0.78,0.79,0.21,0.22,0.01,0.01,70882.66,1776080496000
1776080498.903,98.903,0.78,0.79,0.21,0.22,0.01,0.01,70882.86,1776080497000
1776080499.315,99.315,0.79,0.8,0.2,0.21,0.01,0.01,70882.66,1776080498000
1776080499.658,99.658,0.79,0.8,0.2,0.21,0.01,0.01,70882.66,1776080498000
1776080500.024,100.024,0.79,0.8,0.2,0.21,0.01,0.01,70882.66,1776080498000
1776080500.562,100.562,0.79,0.8,0.2,0.21,0.01,0.01,70882.95,1776080499000
1776080501.006,101.006,0.79,0.8,0.2,0.21,0.01,0.01,70882.95,1776080499000
1776080501.41,101.41,0.78,0.8,0.2,0.21,0.02,0.01,70884.36,1776080500000
1776080501.745,101.745,0.78,0.79,0.21,0.22,0.01,0.01,70884.36,1776080500000
1776080502.127,102.127,0.78,0.79,0.21,0.22,0.01,0.01,70884.36,1776080500000
1776080502.523,102.523,0.78,0.79,0.21,0.22,0.01,0.01,70886.99,1776080501000
1776080502.873,102.873,0.78,0.79,0.21,0.22,0.01,0.01,70886.99,1776080501000
1776080503.233,103.233,0.78,0.79,0.21,0.22,0.01,0.01,70884.66,1776080502000
1776080503.58,103.58,0.78,0.79,0.21,0.22,0.01,0.01,70884.66,1776080502000
1776080504.038,104.038,0.78,0.79,0.21,0.22,0.01,0.01,70884.66,1776080502000
1776080504.485,104.485,0.78,0.79,0.21,0.22,0.01,0.01,70884.66,1776080502000
1776080504.919,104.919,0.78,0.79,0.21,0.22,0.01,0.01,70884.89,1776080503000
1776080505.29,105.29,0.78,0.8,0.21,0.22,0.02,0.01,70885.67,1776080504000
1776080505.769,105.769,0.78,0.79,0.21,0.22,0.01,0.01,70885.67,1776080504000
1776080506.111,106.111,0.78,0.79,0.21,0.22,0.01,0.01,70885.67,1776080504000
1776080506.543,106.543,0.75,0.79,0.21,0.22,0.04,0.01,70885.67,1776080504000
1776080506.958,106.958,0.77,0.78,0.22,0.23,0.01,0.01,70885.0,1776080505000
1776080507.328,107.328,0.75,0.76,0.24,0.25,0.01,0.01,70885.0,1776080506000
1776080507.687,107.687,0.75,0.76,0.24,0.25,0.01,0.01,70885.0,1776080506000
1776080508.022,108.022,0.75,0.76,0.24,0.25,0.01,0.01,70885.0,1776080506000
1776080508.5,108.5,0.74,0.76,0.24,0.26,0.02,0.02,70885.0,1776080507000
1776080508.949,108.949,0.74,0.75,0.25,0.26,0.01,0.01,70885.0,1776080507000
1776080509.448,109.448,0.73,0.74,0.26,0.27,0.01,0.01,70884.12,1776080508000
1776080509.872,109.872,0.73,0.74,0.26,0.27,0.01,0.01,70884.12,1776080508000
1776080510.257,110.257,0.73,0.74,0.26,0.27,0.01,0.01,70884.12,1776080508000
1776080510.602,110.602,0.73,0.74,0.26,0.27,0.01,0.01,70884.12,1776080508000
1776080511.099,111.099,0.73,0.74,0.26,0.27,0.01,0.01,70881.09,1776080509000
1776080511.462,111.462,0.73,0.74,0.26,0.27,0.01,0.01,70880.18,1776080510000
1776080512.186,112.186,0.73,0.74,0.26,0.27,0.01,0.01,70879.94,1776080511000
1776080512.524,112.524,0.73,0.74,0.26,0.27,0.01,0.01,70879.94,1776080511000
1776080512.903,112.903,0.73,0.74,0.26,0.27,0.01,0.01,70879.94,1776080511000
1776080513.355,113.355,0.73,0.74,0.26,0.27,0.01,0.01,70880.72,1776080512000
1776080513.749,113.749,0.73,0.74,0.26,0.27,0.01,0.01,70880.72,1776080512000
1776080514.108,114.108,0.73,0.74,0.26,0.27,0.01,0.01,70880.32,1776080513000
1776080514.539,114.539,0.76,0.77,0.23,0.24,0.01,0.01,70880.32,1776080513000
1776080514.899,114.899,0.77,0.78,0.22,0.23,0.01,0.01,70880.32,1776080513000
1776080515.279,115.279,0.77,0.78,0.22,0.23,0.01,0.01,70880.45,1776080514000
1776080515.802,115.802,0.77,0.78,0.22,0.23,0.01,0.01,70880.45,1776080514000
1776080516.283,116.283,0.77,0.78,0.22,0.23,0.01,0.01,70880.47,1776080515000
1776080517.078,117.078,0.77,0.78,0.22,0.23,0.01,0.01,70881.42,1776080516000
1776080517.509,117.509,0.77,0.78,0.22,0.23,0.01,0.01,70881.42,1776080516000
1776080518.123,118.123,0.77,0.78,0.22,0.23,0.01,0.01,70881.5,1776080517000
1776080518.989,118.989,0.78,0.79,0.21,0.22,0.01,0.01,70881.64,1776080518000
1776080519.549,119.549,0.78,0.79,0.21,0.22,0.01,0.01,70881.64,1776080518000
1776080519.893,119.893,0.78,0.79,0.21,0.22,0.01,0.01,70881.64,1776080518000
1776080520.399,120.399,0.78,0.79,0.21,0.22,0.01,0.01,70881.78,1776080519000
1776080520.82,120.82,0.79,0.8,0.2,0.21,0.01,0.01,70881.78,1776080519000
1776080521.249,121.249,0.8,0.81,0.19,0.2,0.01,0.01,70881.79,1776080520000
1776080521.63,121.63,0.8,0.81,0.19,0.2,0.01,0.01,70881.79,1776080520000
1776080521.964,121.964,0.8,0.81,0.19,0.2,0.01,0.01,70883.92,1776080521000
1776080522.421,122.421,0.81,0.82,0.18,0.19,0.01,0.01,70883.92,1776080521000
1776080522.86,122.86,0.81,0.82,0.18,0.19,0.01,0.01,70883.92,1776080521000
1776080523.243,123.243,0.81,0.83,0.18,0.19,0.02,0.01,70883.92,1776080521000
1776080523.675,123.675,0.84,0.85,0.15,0.17,0.01,0.02,70886.12,1776080522000
1776080524.013,124.013,0.86,0.87,0.13,0.15,0.01,0.02,70887.21,1776080523000
1776080524.355,124.355,0.87,0.88,0.12,0.14,0.01,0.02,70887.21,1776080523000
1776080524.691,124.691,0.87,0.88,0.12,0.13,0.01,0.01,70887.21,1776080523000
1776080525.034,125.034,0.87,0.88,0.12,0.13,0.01,0.01,70896.19,1776080524000
1776080525.367,125.367,0.88,0.89,0.11,0.12,0.01,0.01,70896.19,1776080524000
1776080525.719,125.719,0.88,0.89,0.11,0.12,0.01,0.01,70896.19,1776080524000
1776080526.054,126.054,0.88,0.89,0.11,0.12,0.01,0.01,70903.33,1776080525000
1776080526.446,126.446,0.88,0.89,0.11,0.12,0.01,0.01,70903.33,1776080525000
1776080526.801,126.801,0.88,0.89,0.11,0.12,0.01,0.01,70903.33,1776080525000
1776080527.265,127.265,0.89,0.9,0.1,0.11,0.01,0.01,70903.5,1776080526000
1776080527.671,127.671,0.89,0.9,0.1,0.11,0.01,0.01,70903.5,1776080526000
1776080528.155,128.155,0.89,0.9,0.1,0.11,0.01,0.01,70904.12,1776080527000
1776080528.579,128.579,0.89,0.9,0.1,0.11,0.01,0.01,70904.12,1776080527000
1776080528.978,128.978,0.89,0.9,0.1,0.11,0.01,0.01,70904.12,1776080527000
1776080529.362,129.362,0.89,0.9,0.1,0.11,0.01,0.01,70904.12,1776080527000
1776080529.702,129.702,0.9,0.91,0.09,0.1,0.01,0.01,70904.25,1776080528000
1776080530.319,130.319,0.9,0.91,0.09,0.1,0.01,0.01,70904.25,1776080528000
1776080530.863,130.863,0.9,0.91,0.09,0.1,0.01,0.01,70905.34,1776080529000
1776080531.214,131.214,0.9,0.91,0.09,0.1,0.01,0.01,70905.34,1776080529000
1776080531.628,131.628,0.9,0.91,0.09,0.1,0.01,0.01,70906.14,1776080530000
1776080532.01,132.01,0.9,0.91,0.09,0.1,0.01,0.01,70906.14,1776080530000
1776080532.345,132.345,0.9,0.91,0.09,0.1,0.01,0.01,70909.67,1776080531000
1776080532.691,132.691,0.9,0.91,0.09,0.1,0.01,0.01,70909.67,1776080531000
1776080533.276,133.276,0.9,0.91,0.09,0.1,0.01,0.01,70910.82,1776080532000
1776080533.618,133.618,0.9,0.91,0.09,0.1,0.01,0.01,70910.82,1776080532000
1776080534.022,134.022,0.9,0.91,0.09,0.1,0.01,0.01,70910.82,1776080532000
1776080534.369,134.369,0.89,0.91,0.09,0.1,0.02,0.01,70911.88,1776080533000
1776080534.744,134.744,0.9,0.91,0.09,0.1,0.01,0.01,70911.88,1776080533000
1776080535.101,135.101,0.9,0.91,0.09,0.1,0.01,0.01,70911.88,1776080533000
1776080535.443,135.443,0.9,0.91,0.09,0.1,0.01,0.01,70911.86,1776080534000
1776080535.818,135.818,0.9,0.91,0.09,0.1,0.01,0.01,70911.86,1776080534000
1776080536.176,136.176,0.9,0.91,0.09,0.1,0.01,0.01,70912.03,1776080535000
1776080536.527,136.527,0.91,0.92,0.08,0.09,0.01,0.01,70912.03,1776080535000
1776080536.966,136.966,0.91,0.92,0.08,0.09,0.01,0.01,70912.03,1776080535000
1776080537.432,137.432,0.91,0.92,0.08,0.09,0.01,0.01,70912.03,1776080535000
1776080537.886,137.886,0.91,0.93,0.08,0.09,0.02,0.01,70912.35,1776080536000
1776080538.24,138.24,0.93,0.94,0.06,0.07,0.01,0.01,70912.35,1776080537000
1776080538.608,138.608,0.94,0.95,0.05,0.06,0.01,0.01,70912.35,1776080537000
1776080539.191,139.191,0.94,0.95,0.05,0.06,0.01,0.01,70913.32,1776080538000
1776080539.55,139.55,0.94,0.95,0.05,0.06,0.01,0.01,70913.32,1776080538000
1776080539.926,139.926,0.94,0.95,0.05,0.06,0.01,0.01,70913.32,1776080538000
1776080540.383,140.383,0.94,0.95,0.05,0.06,0.01,0.01,70930.64,1776080539000
1776080540.772,140.772,0.93,0.94,0.06,0.07,0.01,0.01,70930.64,1776080539000
1776080541.128,141.128,0.93,0.94,0.06,0.07,0.01,0.01,70931.0,1776080540000
1776080541.619,141.619,0.94,0.95,0.05,0.06,0.01,0.01,70931.0,1776080540000
1776080542.025,142.025,0.94,0.95,0.05,0.06,0.01,0.01,70931.3,1776080541000
1776080542.382,142.382,0.94,0.95,0.05,0.08,0.01,0.03,70931.3,1776080541000
1776080542.873,142.873,0.93,0.94,0.06,0.07,0.01,0.01,70931.3,1776080541000
1776080543.282,143.282,0.92,0.94,0.06,0.08,0.02,0.02,70931.46,1776080542000
1776080543.841,143.841,0.92,0.93,0.06,0.08,0.01,0.02,70931.46,1776080542000
1776080544.203,144.203,0.92,0.93,0.07,0.08,0.01,0.01,70931.46,1776080542000
1776080544.555,144.555,0.92,0.93,0.07,0.08,0.01,0.01,70933.87,1776080543000
1776080545.004,145.004,0.93,0.94,0.06,0.07,0.01,0.01,70933.87,1776080543000
1776080545.711,145.711,0.93,0.94,0.06,0.07,0.01,0.01,70933.85,1776080544000
1776080546.05,146.05,0.93,0.94,0.06,0.07,0.01,0.01,70933.85,1776080544000
1776080546.394,146.394,0.93,0.94,0.06,0.07,0.01,0.01,70932.01,1776080545000
1776080546.779,146.779,0.93,0.94,0.06,0.07,0.01,0.01,70932.01,1776080545000
1776080547.165,147.165,0.93,0.94,0.06,0.07,0.01,0.01,70932.02,1776080546000
1776080547.711,147.711,0.93,0.94,0.06,0.07,0.01,0.01,70932.02,1776080546000
1776080548.067,148.067,0.93,0.94,0.06,0.07,0.01,0.01,70932.02,1776080546000
1776080548.46,148.46,0.93,0.94,0.06,0.07,0.01,0.01,70932.02,1776080547000
1776080548.834,148.834,0.94,0.95,0.05,0.07,0.01,0.02,70932.02,1776080547000
1776080549.195,149.195,0.94,0.95,0.05,0.06,0.01,0.01,70931.53,1776080548000
1776080549.627,149.627,0.94,0.95,0.05,0.06,0.01,0.01,70931.53,1776080548000
1776080550.13,150.13,0.94,0.95,0.05,0.06,0.01,0.01,70931.53,1776080548000
1776080550.481,150.481,0.94,0.95,0.05,0.06,0.01,0.01,70931.37,1776080549000
1776080550.839,150.839,0.95,0.96,0.04,0.05,0.01,0.01,70931.37,1776080549000
1776080551.257,151.257,0.95,0.96,0.04,0.05,0.01,0.01,70931.37,1776080549000
1776080551.707,151.707,0.95,0.96,0.04,0.05,0.01,0.01,70931.26,1776080550000
1776080552.103,152.103,0.95,0.96,0.04,0.05,0.01,0.01,70931.26,1776080550000
1776080552.633,152.633,0.95,0.96,0.04,0.05,0.01,0.01,70931.26,1776080551000
1776080553.034,153.034,0.95,0.96,0.04,0.05,0.01,0.01,70931.26,1776080551000
1776080553.41,153.41,0.95,0.96,0.04,0.05,0.01,0.01,70931.19,1776080552000
1776080553.79,153.79,0.94,0.95,0.05,0.06,0.01,0.01,70931.19,1776080552000
1776080554.146,154.146,0.93,0.94,0.05,0.06,0.01,0.01,70931.19,1776080552000
1776080554.517,154.517,0.93,0.94,0.06,0.07,0.01,0.01,70928.68,1776080553000
1776080555.06,155.06,0.93,0.94,0.06,0.07,0.01,0.01,70928.68,1776080553000
1776080555.399,155.399,0.93,0.94,0.06,0.07,0.01,0.01,70928.68,1776080553000
1776080555.791,155.791,0.92,0.93,0.07,0.08,0.01,0.01,70928.68,1776080553000
1776080556.199,156.199,0.92,0.93,0.07,0.08,0.01,0.01,70928.86,1776080554000
1776080556.572,156.572,0.92,0.93,0.07,0.08,0.01,0.01,70927.77,1776080555000
1776080557.06,157.06,0.92,0.93,0.07,0.08,0.01,0.01,70920.56,1776080556000
1776080557.439,157.439,0.94,0.95,0.04,0.08,0.01,0.04,70920.56,1776080556000
1776080557.797,157.797,0.94,0.96,0.05,0.06,0.02,0.01,70920.56,1776080556000
1776080558.219,158.219,0.94,0.95,0.05,0.06,0.01,0.01,70919.43,1776080557000
1776080558.556,158.556,0.94,0.96,0.05,0.06,0.02,0.01,70919.43,1776080557000
1776080558.931,158.931,0.94,0.95,0.05,0.06,0.01,0.01,70919.43,1776080557000
1776080559.351,159.351,0.94,0.95,0.05,0.06,0.01,0.01,70917.93,1776080558000
1776080559.707,159.707,0.95,0.96,0.04,0.05,0.01,0.01,70917.93,1776080558000
1776080560.132,160.132,0.95,0.96,0.04,0.05,0.01,0.01,70917.93,1776080558000
1776080560.497,160.497,0.94,0.96,0.05,0.06,0.02,0.01,70917.6,1776080559000
1776080560.864,160.864,0.96,0.97,0.03,0.04,0.01,0.01,70917.6,1776080559000
1776080561.229,161.229,0.96,0.97,0.03,0.04,0.01,0.01,70917.6,1776080559000
1776080561.67,161.67,0.96,0.97,0.03,0.04,0.01,0.01,70916.25,1776080560000
1776080562.029,162.029,0.96,0.97,0.03,0.04,0.01,0.01,70916.3,1776080561000
1776080562.491,162.491,0.96,0.97,0.03,0.04,0.01,0.01,70916.3,1776080561000
1776080562.887,162.887,0.95,0.96,0.04,0.05,0.01,0.01,70916.3,1776080561000
1776080563.357,163.357,0.95,0.96,0.04,0.05,0.01,0.01,70916.54,1776080562000
1776080563.878,163.878,0.95,0.96,0.04,0.05,0.01,0.01,70916.54,1776080562000
1776080564.478,164.478,0.95,0.96,0.04,0.05,0.01,0.01,70916.5,1776080563000
1776080565.146,165.146,0.95,0.96,0.04,0.05,0.01,0.01,70915.66,1776080564000
1776080565.505,165.505,0.95,0.96,0.04,0.05,0.01,0.01,70915.66,1776080564000
1776080565.888,165.888,0.95,0.96,0.04,0.05,0.01,0.01,70915.66,1776080564000
1776080566.373,166.373,0.95,0.96,0.04,0.05,0.01,0.01,70915.82,1776080565000
1776080566.734,166.734,0.95,0.96,0.04,0.05,0.01,0.01,70915.82,1776080565000
1776080567.249,167.249,0.95,0.96,0.04,0.05,0.01,0.01,70918.23,1776080566000
1776080567.8,167.8,0.95,0.96,0.04,0.05,0.01,0.01,70918.23,1776080566000
1776080568.304,168.304,0.95,0.96,0.04,0.05,0.01,0.01,70920.68,1776080567000
1776080568.638,168.638,0.95,0.96,0.04,0.05,0.01,0.01,70920.68,1776080567000
1776080569.09,169.09,0.95,0.96,0.04,0.05,0.01,0.01,70920.68,1776080567000
1776080569.728,169.728,0.95,0.96,0.04,0.05,0.01,0.01,70919.55,1776080568000
1776080570.158,170.158,0.94,0.95,0.04,0.06,0.01,0.02,70919.55,1776080568000
1776080570.738,170.738,0.95,0.96,0.04,0.05,0.01,0.01,70917.19,1776080569000
1776080571.114,171.114,0.94,0.95,0.04,0.06,0.01,0.02,70917.19,1776080569000
1776080571.459,171.459,0.94,0.95,0.05,0.06,0.01,0.01,70916.25,1776080570000
1776080571.832,171.832,0.94,0.95,0.05,0.06,0.01,0.01,70916.25,1776080570000
1776080572.227,172.227,0.94,0.95,0.05,0.06,0.01,0.01,70915.27,1776080571000
1776080572.587,172.587,0.94,0.95,0.05,0.06,0.01,0.01,70915.27,1776080571000
1776080572.982,172.982,0.94,0.95,0.05,0.06,0.01,0.01,70915.27,1776080571000
1776080574.302,174.302,0.94,0.96,0.04,0.06,0.02,0.02,70915.48,1776080573000
1776080574.637,174.637,0.92,0.93,0.07,0.08,0.01,0.01,70915.48,1776080573000
1776080574.993,174.993,0.92,0.93,0.07,0.08,0.01,0.01,70915.48,1776080573000
1776080575.369,175.369,0.92,0.93,0.07,0.08,0.01,0.01,70915.41,1776080574000
1776080575.743,175.743,0.92,0.93,0.07,0.08,0.01,0.01,70915.41,1776080574000
1776080576.215,176.215,0.91,0.92,0.08,0.09,0.01,0.01,70915.41,1776080574000
1776080576.64,176.64,0.91,0.92,0.08,0.09,0.01,0.01,70907.99,1776080575000
1776080577.089,177.089,0.92,0.93,0.08,0.09,0.01,0.01,70907.99,1776080575000
1776080577.595,177.595,0.92,0.93,0.07,0.08,0.01,0.01,70904.85,1776080576000
1776080578.174,178.174,0.92,0.93,0.07,0.08,0.01,0.01,70904.3,1776080577000
1776080578.518,178.518,0.92,0.93,0.07,0.08,0.01,0.01,70904.3,1776080577000
1776080579.156,179.156,0.92,0.93,0.07,0.08,0.01,0.01,70903.81,1776080578000
1776080579.493,179.493,0.92,0.94,0.07,0.08,0.02,0.01,70903.81,1776080578000
1776080580.013,180.013,0.94,0.95,0.05,0.06,0.01,0.01,70903.81,1776080578000
1776080580.418,180.418,0.94,0.95,0.05,0.06,0.01,0.01,70904.22,1776080579000
1776080580.82,180.82,0.94,0.95,0.05,0.06,0.01,0.01,70904.22,1776080579000
1776080581.291,181.291,0.95,0.96,0.04,0.06,0.01,0.02,70905.06,1776080580000
1776080581.761,181.761,0.95,0.96,0.04,0.05,0.01,0.01,70905.06,1776080580000
1776080582.257,182.257,0.95,0.96,0.04,0.05,0.01,0.01,70907.44,1776080581000
1776080582.603,182.603,0.95,0.96,0.04,0.05,0.01,0.01,70907.44,1776080581000
1776080582.947,182.947,0.95,0.96,0.04,0.05,0.01,0.01,70907.44,1776080581000
1776080583.376,183.376,0.95,0.96,0.04,0.05,0.01,0.01,70908.35,1776080582000
1776080583.957,183.957,0.95,0.96,0.04,0.05,0.01,0.01,70908.35,1776080582000
1776080584.298,184.298,0.95,0.96,0.04,0.05,0.01,0.01,70909.02,1776080583000
1776080584.647,184.647,0.95,0.96,0.04,0.05,0.01,0.01,70909.02,1776080583000
1776080584.988,184.988,0.95,0.96,0.04,0.05,0.01,0.01,70909.02,1776080583000
1776080585.335,185.335,0.96,0.97,0.03,0.04,0.01,0.01,70913.5,1776080584000
1776080585.705,185.705,0.96,0.97,0.03,0.04,0.01,0.01,70913.5,1776080584000
1776080586.048,186.048,0.96,0.97,0.03,0.04,0.01,0.01,70915.86,1776080585000
1776080586.393,186.393,0.96,0.97,0.03,0.04,0.01,0.01,70915.86,1776080585000
1776080586.739,186.739,0.96,0.97,0.03,0.04,0.01,0.01,70915.86,1776080585000
1776080587.135,187.135,0.96,0.97,0.03,0.04,0.01,0.01,70915.85,1776080586000
1776080587.482,187.482,0.96,0.97,0.03,0.04,0.01,0.01,70915.85,1776080586000
1776080587.836,187.836,0.96,0.97,0.03,0.04,0.01,0.01,70915.85,1776080586000
1776080588.171,188.171,0.97,0.98,0.02,0.03,0.01,0.01,70917.35,1776080587000
1776080588.695,188.695,0.97,0.98,0.02,0.03,0.01,0.01,70917.35,1776080587000
1776080589.138,189.138,0.97,0.98,0.02,0.03,0.01,0.01,70918.52,1776080588000
1776080589.712,189.712,0.97,0.98,0.02,0.03,0.01,0.01,70918.52,1776080588000
1776080590.67,190.67,0.97,0.98,0.02,0.03,0.01,0.01,70918.77,1776080589000
1776080591.289,191.289,0.97,0.98,0.02,0.03,0.01,0.01,70918.77,1776080589000
1776080591.645,191.645,0.97,0.98,0.02,0.03,0.01,0.01,70920.47,1776080590000
1776080592.026,192.026,0.97,0.98,0.02,0.03,0.01,0.01,70920.47,1776080590000
1776080592.447,192.447,0.97,0.98,0.02,0.03,0.01,0.01,70920.47,1776080590000
1776080592.832,192.832,0.97,0.98,0.02,0.03,0.01,0.01,70925.67,1776080591000
1776080593.177,193.177,0.97,0.98,0.02,0.03,0.01,0.01,70923.13,1776080592000
1776080593.584,193.584,0.97,0.98,0.02,0.03,0.01,0.01,70923.13,1776080592000
1776080594.13,194.13,0.97,0.98,0.02,0.03,0.01,0.01,70923.13,1776080592000
1776080594.543,194.543,0.97,0.98,0.02,0.03,0.01,0.01,70923.51,1776080593000
1776080594.953,194.953,0.97,0.98,0.02,0.03,0.01,0.01,70923.51,1776080593000
1776080595.638,195.638,0.97,0.98,0.02,0.03,0.01,0.01,70925.41,1776080594000
1776080596.24,196.24,0.97,0.98,0.02,0.03,0.01,0.01,70925.41,1776080594000
1776080596.645,196.645,0.97,0.98,0.02,0.03,0.01,0.01,70927.02,1776080595000
1776080597.033,197.033,0.97,0.98,0.02,0.03,0.01,0.01,70927.02,1776080595000
1776080597.455,197.455,0.97,0.98,0.02,0.03,0.01,0.01,70927.03,1776080596000
1776080597.802,197.802,0.97,0.98,0.02,0.03,0.01,0.01,70927.03,1776080596000
1776080598.166,198.166,0.97,0.98,0.02,0.03,0.01,0.01,70927.03,1776080596000
1776080598.747,198.747,0.98,0.99,0.01,0.02,0.01,0.01,70927.28,1776080597000
1776080599.213,199.213,0.98,0.99,0.01,0.02,0.01,0.01,70927.28,1776080597000
1776080599.573,199.573,0.98,0.99,0.01,0.02,0.01,0.01,70928.53,1776080598000
1776080599.992,199.992,0.98,0.99,0.01,0.02,0.01,0.01,70928.53,1776080598000
1776080600.447,200.447,0.98,0.99,0.01,0.02,0.01,0.01,70931.73,1776080599000
1776080600.816,200.816,0.98,0.99,0.01,0.02,0.01,0.01,70931.73,1776080599000
1776080601.319,201.319,0.98,0.99,0.01,0.02,0.01,0.01,70931.73,1776080599000
1776080601.76,201.76,0.98,0.99,0.01,0.02,0.01,0.01,70931.73,1776080600000
1776080602.151,202.151,0.98,0.99,0.01,0.02,0.01,0.01,70931.73,1776080600000
1776080602.518,202.518,0.98,0.99,0.01,0.02,0.01,0.01,70931.92,1776080601000
1776080603.072,203.072,0.98,0.99,0.01,0.02,0.01,0.01,70931.92,1776080601000
1776080603.48,203.48,0.98,0.99,0.01,0.02,0.01,0.01,70931.92,1776080602000
1776080603.83,203.83,0.98,0.99,0.01,0.02,0.01,0.01,70931.92,1776080602000
1776080604.336,204.336,0.98,0.99,0.01,0.02,0.01,0.01,70937.75,1776080603000
1776080604.672,204.672,0.98,0.99,0.01,0.02,0.01,0.01,70937.75,1776080603000
1776080605.032,205.032,0.98,0.99,0.01,0.02,0.01,0.01,70938.77,1776080604000
1776080605.392,205.392,0.98,0.99,0.01,0.02,0.01,0.01,70938.77,1776080604000
1776080605.817,205.817,0.98,0.99,0.01,0.02,0.01,0.01,70938.77,1776080604000
1776080606.361,206.361,0.98,0.99,0.01,0.02,0.01,0.01,70939.57,1776080605000
1776080607.067,207.067,0.98,0.99,0.01,0.02,0.01,0.01,70939.57,1776080605000
1776080607.54,207.54,0.98,0.99,0.01,0.02,0.01,0.01,70939.85,1776080606000
1776080608.203,208.203,0.98,0.99,0.01,0.02,0.01,0.01,70939.85,1776080606000
1776080608.648,208.648,0.98,0.99,0.01,0.02,0.01,0.01,70940.88,1776080607000
1776080609.059,209.059,0.98,0.99,0.01,0.02,0.01,0.01,70940.88,1776080607000
1776080609.424,209.424,0.98,0.99,0.01,0.03,0.01,0.02,70940.88,1776080607000
1776080609.789,209.789,0.98,0.99,0.01,0.02,0.01,0.01,70940.45,1776080608000
1776080610.588,210.588,0.98,0.99,0.01,0.02,0.01,0.01,70939.78,1776080609000
1776080610.937,210.937,0.97,0.98,0.02,0.03,0.01,0.01,70939.78,1776080609000
1776080611.278,211.278,0.97,0.99,0.01,0.03,0.02,0.02,70939.76,1776080610000
1776080611.641,211.641,0.98,0.99,0.01,0.03,0.01,0.02,70939.76,1776080610000
1776080612.025,212.025,0.98,0.99,0.01,0.02,0.01,0.01,70939.76,1776080610000
1776080612.386,212.386,0.98,0.99,0.01,0.02,0.01,0.01,70941.85,1776080611000
1776080612.817,212.817,0.98,0.99,0.01,0.02,0.01,0.01,70941.85,1776080611000
1776080613.213,213.213,0.98,0.99,0.01,0.02,0.01,0.01,70941.85,1776080611000
1776080613.579,213.579,0.98,0.99,0.01,0.02,0.01,0.01,70941.51,1776080612000
1776080614.001,214.001,0.98,0.99,0.01,0.02,0.01,0.01,70941.51,1776080612000
1776080614.341,214.341,0.98,0.99,0.01,0.02,0.01,0.01,70941.51,1776080612000
1776080614.676,214.676,0.98,0.99,0.01,0.02,0.01,0.01,70941.19,1776080613000
1776080615.062,215.062,0.99,0.99,0.01,0.01,0.0,0.0,70939.51,1776080614000
1776080615.481,215.481,0.99,0.99,0.01,0.01,0.0,0.0,70939.51,1776080614000
1776080615.92,215.92,0.99,0.99,0.01,0.01,0.0,0.0,70939.51,1776080614000
1776080616.38,216.38,0.99,0.99,0.01,0.01,0.0,0.0,70953.4,1776080615000
1776080617.18,217.18,0.99,0.99,0.01,0.01,0.0,0.0,70953.4,1776080615000
1776080618.144,218.144,0.99,0.99,0.01,0.01,0.0,0.0,70954.92,1776080616000
1776080619.005,219.005,0.99,0.99,0.01,0.01,0.0,0.0,70953.51,1776080618000
1776080619.348,219.348,0.99,0.99,0.01,0.01,0.0,0.0,70953.51,1776080618000
1776080619.956,219.956,0.991,0.994,0.01,0.01,0.003,0.0,70953.51,1776080618000
1776080620.319,220.319,0.991,0.992,0.008,0.009,0.001,0.001,70952.89,1776080619000
1776080620.982,220.982,0.991,0.995,0.007,0.009,0.004,0.002,70952.89,1776080619000
1776080621.411,221.411,0.991,0.996,0.005,0.009,0.005,0.004,70952.89,1776080619000
1776080621.754,221.754,0.99,0.995,0.005,0.01,0.005,0.005,70952.89,1776080619000
1776080622.278,222.278,0.99,0.995,0.005,0.01,0.005,0.005,70949.99,1776080620000
1776080623.016,223.016,0.99,0.995,0.005,0.01,0.005,0.005,70950.07,1776080621000
1776080623.42,223.42,0.99,0.995,0.005,0.01,0.005,0.005,70951,1776080622000
1776080624.195,224.195,0.99,0.992,0.005,0.01,0.002,0.005,70951,1776080622000
1776080624.848,224.848,0.99,0.994,0.007,0.008,0.004,0.001,70950.96,1776080623000
1776080625.192,225.192,0.99,0.994,0.006,0.01,0.004,0.004,70950.96,1776080624000
1776080625.794,225.794,0.99,0.995,0.005,0.01,0.005,0.005,70950.96,1776080624000
1776080626.256,226.256,0.99,0.995,0.005,0.01,0.005,0.005,70951.44,1776080625000
1776080626.804,226.804,0.99,0.995,0.005,0.01,0.005,0.005,70951.44,1776080625000
1776080627.311,227.311,0.99,0.995,0.005,0.01,0.005,0.005,70951.44,1776080625000
1776080627.952,227.952,0.99,0.994,0.005,0.01,0.004,0.005,70952.14,1776080626000
1776080628.452,228.452,0.99,0.995,0.005,0.01,0.005,0.005,70952.14,1776080627000
1776080629.123,229.123,0.99,0.995,0.005,0.01,0.005,0.005,70952.14,1776080627000
1776080629.888,229.888,0.987,0.995,0.005,0.01,0.008,0.005,70951.53,1776080628000
1776080630.343,230.343,0.988,0.99,0.01,0.012,0.002,0.002,70950.4,1776080629000
1776080630.697,230.697,0.99,0.994,0.006,0.01,0.004,0.004,70950.4,1776080629000
1776080631.277,231.277,0.99,0.993,0.008,0.01,0.003,0.002,70950.4,1776080629000
1776080631.83,231.83,0.99,0.993,0.007,0.01,0.003,0.003,70947.75,1776080630000
1776080632.342,232.342,0.99,0.993,0.007,0.01,0.003,0.003,70946.53,1776080631000
1776080632.926,232.926,0.99,0.993,0.007,0.01,0.003,0.003,70946.53,1776080631000
1776080633.28,233.28,0.99,0.994,0.006,0.01,0.004,0.004,70942.75,1776080632000
1776080634.317,234.317,0.986,0.993,0.006,0.01,0.007,0.004,70942.75,1776080632000
1776080634.657,234.657,0.983,0.989,0.016,0.017,0.006,0.001,70942.78,1776080633000
1776080634.994,234.994,0.98,0.99,0.011,0.02,0.01,0.009,70942.78,1776080633000
1776080635.334,235.334,0.99,0.991,0.009,0.01,0.001,0.001,70942.25,1776080634000
1776080635.719,235.719,0.98,0.986,0.019,0.02,0.006,0.001,70942.25,1776080634000
1776080636.184,236.184,0.98,0.99,0.019,0.02,0.01,0.001,70942.25,1776080634000
1776080636.617,236.617,0.981,0.99,0.01,0.02,0.009,0.01,70942.26,1776080635000
1776080637.061,237.061,0.98,0.99,0.01,0.02,0.01,0.01,70942.26,1776080636000
1776080637.613,237.613,0.989,0.99,0.01,0.015,0.001,0.005,70942.26,1776080636000
1776080638.111,238.111,0.99,0.991,0.009,0.01,0.001,0.001,70941.84,1776080637000
1776080638.566,238.566,0.98,0.989,0.009,0.02,0.009,0.011,70941.84,1776080637000
1776080638.984,238.984,0.99,0.991,0.009,0.01,0.001,0.001,70941.84,1776080637000
1776080639.89,239.89,0.99,0.991,0.009,0.01,0.001,0.001,70941.84,1776080638000
1776080640.248,240.248,0.99,0.991,0.009,0.01,0.001,0.001,70941.82,1776080639000
1776080640.616,240.616,0.99,0.992,0.009,0.01,0.002,0.001,70941.82,1776080639000
1776080641.067,241.067,0.99,0.992,0.008,0.01,0.002,0.002,70941.82,1776080639000
1776080641.405,241.405,0.989,0.99,0.01,0.011,0.001,0.001,70941.85,1776080640000
1776080641.818,241.818,0.989,0.992,0.01,0.011,0.003,0.001,70941.85,1776080640000
1776080642.283,242.283,0.989,0.992,0.008,0.011,0.003,0.003,70941.88,1776080641000
1776080642.738,242.738,0.99,0.993,0.007,0.01,0.003,0.003,70941.88,1776080641000
1776080643.155,243.155,0.99,0.993,0.007,0.01,0.003,0.003,70941.88,1776080641000
1776080643.56,243.56,0.993,0.994,0.006,0.007,0.001,0.001,70941.88,1776080642000
1776080644.217,244.217,0.993,0.994,0.006,0.007,0.001,0.001,70941.88,1776080642000
1776080644.962,244.962,0.993,0.994,0.006,0.007,0.001,0.001,70942.15,1776080643000
1776080645.365,245.365,0.993,0.994,0.006,0.007,0.001,0.001,70942.17,1776080644000
1776080645.751,245.751,0.993,0.996,0.006,0.007,0.003,0.001,70942.17,1776080644000
1776080646.671,246.671,0.996,0.997,0.004,0.007,0.001,0.003,70942.17,1776080645000
1776080647.015,247.015,0.991,0.997,0.003,0.009,0.006,0.006,70942.79,1776080646000
1776080647.532,247.532,0.992,0.998,0.002,0.01,0.006,0.008,70942.79,1776080646000
1776080648.208,248.208,0.997,0.998,0.002,0.008,0.001,0.006,70942.79,1776080646000
1776080648.577,248.577,0.993,0.997,0.002,0.003,0.004,0.001,70942.87,1776080647000
1776080649.202,249.202,0.993,0.997,0.003,0.007,0.004,0.004,70945.37,1776080648000
1776080649.687,249.687,0.99,0.997,0.003,0.007,0.007,0.004,70945.37,1776080648000
1776080650.1,250.1,0.99,0.996,0.003,0.01,0.006,0.007,70945.37,1776080648000
1776080651.422,251.422,0.99,0.996,0.004,0.01,0.006,0.006,70942.67,1776080650000
1776080652.542,252.542,0.992,0.997,0.004,0.01,0.005,0.006,70942.67,1776080650000
1776080652.994,252.994,0.992,0.997,0.003,0.008,0.005,0.005,70942.44,1776080651000
1776080654.265,254.265,0.996,0.997,0.003,0.007,0.001,0.004,70942.44,1776080652000
1776080655.373,255.373,0.996,0.997,0.003,0.004,0.001,0.001,70943.47,1776080654000
1776080655.983,255.983,0.992,0.997,0.003,0.004,0.005,0.001,70943.47,1776080654000
1776080656.582,256.582,0.994,0.997,0.003,0.008,0.003,0.005,70943.44,1776080655000
1776080656.957,256.957,0.993,0.997,0.003,0.007,0.004,0.004,70943.44,1776080655000
1776080657.388,257.388,0.992,0.997,0.003,0.008,0.005,0.005,70943.43,1776080656000
1776080657.949,257.949,0.992,0.997,0.003,0.008,0.005,0.005,70943.44,1776080657000
1776080658.893,258.893,0.99,0.997,0.003,0.01,0.007,0.007,70943.44,1776080657000
1776080659.242,259.242,0.993,0.998,0.003,0.01,0.005,0.007,70943.44,1776080657000
1776080659.974,259.974,0.994,0.997,0.003,0.006,0.003,0.003,70944.04,1776080659000
1776080660.687,260.687,0.995,0.998,0.002,0.006,0.003,0.004,70944.04,1776080659000
1776080661.235,261.235,0.995,0.998,0.002,0.005,0.003,0.003,70944.08,1776080660000
1776080662.075,262.075,0.995,0.998,0.002,0.005,0.003,0.003,70944.08,1776080660000
1776080662.635,262.635,0.995,0.998,0.002,0.005,0.003,0.003,70944.37,1776080661000
1776080663.225,263.225,0.995,0.998,0.002,0.005,0.003,0.003,70944.28,1776080662000
1776080663.925,263.925,0.996,0.998,0.002,0.005,0.002,0.003,70944.28,1776080662000
1776080664.629,264.629,0.995,0.998,0.002,0.006,0.003,0.004,70944.28,1776080662000
1776080665.067,265.067,0.996,0.998,0.002,0.005,0.002,0.003,70946.39,1776080663000
1776080665.836,265.836,0.996,0.997,0.002,0.01,0.001,0.008,70948.0,1776080664000
1776080666.206,266.206,0.992,0.997,0.003,0.004,0.005,0.001,70950.08,1776080665000
1776080666.643,266.643,0.994,0.999,0.001,0.001,0.005,0.0,70950.08,1776080665000
1776080667.147,267.147,0.999,0.998,0.002,0.005,-0.001,0.003,70950.08,1776080665000
1776080667.726,267.726,0.999,0.998,0.002,0.001,-0.001,-0.001,70948.96,1776080666000
1776080668.328,268.328,0.999,0.998,0.002,0.001,-0.001,-0.001,70948.64,1776080667000
1776080669.257,269.257,0.999,0.998,0.002,0.001,-0.001,-0.001,70949.96,1776080668000
1776080669.943,269.943,0.996,0.998,0.002,0.001,0.002,-0.001,70949.96,1776080668000
1776080670.375,270.375,0.999,0.999,0.001,0.002,0.0,0.001,70951.03,1776080669000
1776080671.289,271.289,0.998,0.999,0.001,0.001,0.001,0.0,70951.03,1776080669000
1776080672.018,272.018,0.998,0.999,0.001,0.002,0.001,0.001,70950.08,1776080671000
1776080672.387,272.387,0.996,0.999,0.001,0.002,0.003,0.001,70950.08,1776080671000
1776080672.752,272.752,0.99,0.999,0.001,0.004,0.009,0.003,70950.08,1776080671000
1776080673.142,273.142,0.999,0.999,0.001,0.001,0.0,0.0,70948.67,1776080672000
1776080673.784,273.784,0.99,0.999,0.001,0.001,0.009,0.0,70948.67,1776080672000
1776080674.137,274.137,0.99,0.996,0.004,0.01,0.006,0.006,70948.67,1776080672000
1776080674.483,274.483,0.99,0.996,0.004,0.01,0.006,0.006,70947.81,1776080673000
1776080674.952,274.952,0.992,0.996,0.004,0.01,0.004,0.006,70947.81,1776080673000
1776080675.286,275.286,0.99,0.996,0.007,0.008,0.006,0.001,70947.81,1776080673000
1776080675.793,275.793,0.994,0.996,0.004,0.006,0.002,0.002,70944.9,1776080674000
1776080676.493,276.493,0.994,0.996,0.004,0.006,0.002,0.002,70944.4,1776080675000
1776080676.839,276.839,0.993,0.996,0.004,0.006,0.003,0.002,70944.4,1776080675000
1776080677.257,277.257,0.991,0.996,0.004,0.007,0.005,0.003,70943.78,1776080676000
1776080677.841,277.841,0.991,0.996,0.004,0.009,0.005,0.005,70943.78,1776080676000
1776080679.139,279.139,0.991,0.996,0.004,0.009,0.005,0.005,70939.15,1776080678000
1776080679.843,279.843,0.996,0.999,0.001,0.007,0.003,0.006,70939.15,1776080678000
1776080680.255,280.255,0.996,0.999,0.001,0.004,0.003,0.003,70938.25,1776080679000
1776080680.894,280.894,0.991,0.999,0.001,0.009,0.008,0.008,70938.25,1776080679000
1776080681.311,281.311,0.991,0.999,0.001,0.009,0.008,0.008,70938.25,1776080680000
1776080681.717,281.717,0.995,0.999,0.001,0.009,0.004,0.008,70938.25,1776080680000
1776080682.246,282.246,0.995,0.999,0.001,0.005,0.004,0.004,70936.97,1776080681000
1776080683.404,283.404,0.995,0.999,0.001,0.005,0.004,0.004,70936.96,1776080682000
1776080683.893,283.893,0.995,0.999,0.001,0.005,0.004,0.004,70937.91,1776080683000
1776080684.743,284.743,0.992,0.999,0.001,0.009,0.007,0.008,70937.91,1776080683000
1776080685.289,285.289,0.992,0.999,0.001,0.008,0.007,0.007,70939.04,1776080684000
1776080686.137,286.137,0.992,0.998,0.002,0.008,0.006,0.006,70938.3,1776080685000
1776080686.997,286.997,0.992,0.998,0.002,0.008,0.006,0.006,70938.3,1776080685000
1776080687.87,287.87,0.992,0.996,0.002,0.008,0.004,0.006,70937.62,1776080686000
1776080688.316,288.316,0.992,0.995,0.005,0.008,0.003,0.003,70938.24,1776080687000
1776080688.769,288.769,0.992,0.996,0.002,0.008,0.004,0.006,70938.24,1776080687000
1776080689.32,289.32,0.992,0.995,0.005,0.008,0.003,0.003,70938.36,1776080688000
1776080689.692,289.692,0.992,0.996,0.004,0.008,0.004,0.004,70938.36,1776080688000
1776080690.822,290.822,0.992,0.999,0.001,0.008,0.007,0.007,70938.74,1776080689000
1776080691.444,291.444,0.992,0.999,0.001,0.008,0.007,0.007,70938.57,1776080690000
1776080691.821,291.821,0.992,0.999,0.001,0.008,0.007,0.007,70938.57,1776080690000
1776080692.221,292.221,0.992,0.999,0.001,0.008,0.007,0.007,70938.57,1776080691000
1776080692.851,292.851,0.992,0.995,0.001,0.008,0.003,0.007,70938.57,1776080691000
1776080693.306,293.306,0.992,0.999,0.001,0.008,0.007,0.007,70940.07,1776080692000
1776080693.824,293.824,0.993,0.994,0.001,0.008,0.001,0.007,70940.07,1776080692000
1776080694.255,294.255,0.993,0.999,0.001,0.007,0.006,0.006,70943.87,1776080693000
1776080695.229,295.229,0.996,0.999,0.001,0.007,0.003,0.006,70943.87,1776080693000
1776080695.583,295.583,0.996,0.999,0.001,0.004,0.003,0.003,70943.37,1776080694000
1776080695.935,295.935,0.998,0.999,0.001,0.004,0.001,0.003,70943.37,1776080694000
1776080696.382,296.382,0.998,0.999,0.001,0.002,0.001,0.001,70943.37,1776080694000
1776080696.789,296.789,0.998,0.999,0.001,0.002,0.001,0.001,70943.73,1776080695000
1776080697.181,297.181,0.998,0.999,0.001,0.002,0.001,0.001,70943.16,1776080696000
1776080697.532,297.532,0.998,0.999,0.001,0.002,0.001,0.001,70943.16,1776080696000
1776080698.015,298.015,0.996,0.999,0.001,0.001,0.003,0.0,70943.16,1776080696000
1776080698.959,298.959,0.996,0.999,0.001,0.004,0.003,0.003,70943.07,1776080697000
1776080699.94,299.94,0.996,0.999,0.001,0.004,0.003,0.003,70942.96,1776080698000
1776080700.585,300.585,0.999,0.999,0.001,0.001,0.0,0.0,70943.01,1776080699000
1776080701.366,301.366,0.999,0.999,0.001,0.001,0.0,0.0,70943.01,1776080700000
1776080702.652,302.652,0.999,0.999,0.001,0.001,0.0,0.0,70943.42,1776080701000

# RESULT,winner=Up,slug=btc-updown-5m-1776080400,ticks=650
