timestamp,elapsed_sec,up_bid,up_ask,down_bid,down_ask,up_spread,down_spread,btc_price,btc_oracle_ts
1776784500.663,0.663,0.5,0.51,0.49,0.5,0.01,0.01,75786.24,1776784499000
1776784501.061,1.061,0.5,0.51,0.49,0.5,0.01,0.01,75786.24,1776784499000
1776784501.471,1.471,0.5,0.51,0.49,0.5,0.01,0.01,75786.56,1776784500000
1776784501.828,1.828,0.5,0.51,0.49,0.5,0.01,0.01,75786.56,1776784500000
1776784502.184,2.184,0.5,0.51,0.49,0.5,0.01,0.01,75786.56,1776784500000
1776784502.523,2.523,0.5,0.51,0.49,0.5,0.01,0.01,75786.56,1776784500000
1776784502.88,2.88,0.51,0.52,0.48,0.49,0.01,0.01,75784.65,1776784501000
1776784503.235,3.235,0.52,0.53,0.48,0.49,0.01,0.01,75784.65,1776784501000
1776784503.618,3.618,0.53,0.54,0.46,0.47,0.01,0.01,75786.02,1776784502000
1776784503.996,3.996,0.56,0.57,0.43,0.44,0.01,0.01,75786.02,1776784502000
1776784504.457,4.457,0.57,0.59,0.42,0.44,0.02,0.02,75786.02,1776784502000
1776784504.845,4.845,0.59,0.6,0.4,0.41,0.01,0.01,75794.98,1776784503000
1776784505.305,5.305,0.59,0.6,0.4,0.41,0.01,0.01,75794.98,1776784503000
1776784505.658,5.658,0.59,0.62,0.4,0.41,0.03,0.01,75804.05,1776784504000
1776784506.029,6.029,0.59,0.63,0.39,0.41,0.04,0.02,75804.05,1776784504000
1776784506.541,6.541,0.63,0.65,0.36,0.37,0.02,0.01,75804.05,1776784504000
1776784507.013,7.013,0.63,0.65,0.35,0.37,0.02,0.02,75810.7,1776784505000
1776784507.375,7.375,0.63,0.65,0.35,0.37,0.02,0.02,75810.7,1776784505000
1776784507.709,7.709,0.64,0.65,0.35,0.36,0.01,0.01,75820.84,1776784506000
1776784508.103,8.103,0.69,0.7,0.3,0.31,0.01,0.01,75820.84,1776784506000
1776784508.441,8.441,0.69,0.7,0.3,0.31,0.01,0.01,75837.95,1776784507000
1776784509.174,9.174,0.69,0.7,0.3,0.31,0.01,0.01,75837.95,1776784507000
1776784509.548,9.548,0.69,0.7,0.3,0.31,0.01,0.01,75842.93,1776784508000
1776784510.129,10.129,0.69,0.7,0.3,0.32,0.01,0.02,75842.93,1776784508000
1776784510.509,10.509,0.7,0.71,0.29,0.31,0.01,0.02,75842.55,1776784509000
1776784510.866,10.866,0.7,0.71,0.29,0.3,0.01,0.01,75842.55,1776784509000
1776784511.462,11.462,0.7,0.71,0.29,0.3,0.01,0.01,75842.55,1776784509000
1776784511.801,11.801,0.7,0.71,0.29,0.3,0.01,0.01,75842.55,1776784509000
1776784512.166,12.166,0.69,0.7,0.3,0.31,0.01,0.01,75841.62,1776784510000
1776784512.585,12.585,0.69,0.7,0.3,0.31,0.01,0.01,75843.94,1776784511000
1776784513.215,13.215,0.69,0.7,0.3,0.31,0.01,0.01,75843.94,1776784511000
1776784513.586,13.586,0.69,0.7,0.3,0.31,0.01,0.01,75843.91,1776784512000
1776784513.956,13.956,0.69,0.7,0.3,0.31,0.01,0.01,75845.26,1776784513000
1776784514.908,14.908,0.69,0.7,0.3,0.31,0.01,0.01,75845.26,1776784513000
1776784515.375,15.375,0.69,0.7,0.3,0.31,0.01,0.01,75845.33,1776784514000
1776784515.788,15.788,0.69,0.7,0.3,0.31,0.01,0.01,75845.33,1776784514000
1776784516.172,16.172,0.69,0.7,0.3,0.31,0.01,0.01,75844.98,1776784515000
1776784516.599,16.599,0.69,0.7,0.3,0.31,0.01,0.01,75844.98,1776784515000
1776784516.959,16.959,0.69,0.7,0.3,0.31,0.01,0.01,75844.98,1776784515000
1776784517.342,17.342,0.69,0.7,0.3,0.31,0.01,0.01,75846.02,1776784516000
1776784517.819,17.819,0.69,0.7,0.3,0.31,0.01,0.01,75846.02,1776784516000
1776784518.176,18.176,0.69,0.7,0.3,0.31,0.01,0.01,75846.02,1776784516000
1776784518.532,18.532,0.69,0.7,0.3,0.31,0.01,0.01,75846.02,1776784516000
1776784518.9,18.9,0.65,0.66,0.34,0.35,0.01,0.01,75849.34,1776784517000
1776784519.239,19.239,0.6,0.61,0.39,0.4,0.01,0.01,75847.41,1776784518000
1776784519.577,19.577,0.6,0.61,0.39,0.4,0.01,0.01,75847.41,1776784518000
1776784519.918,19.918,0.6,0.61,0.39,0.4,0.01,0.01,75847.41,1776784518000
1776784520.486,20.486,0.6,0.61,0.39,0.4,0.01,0.01,75842.17,1776784519000
1776784520.931,20.931,0.6,0.61,0.39,0.4,0.01,0.01,75842.17,1776784519000
1776784521.289,21.289,0.6,0.62,0.38,0.4,0.02,0.02,75823.24,1776784520000
1776784521.779,21.779,0.6,0.61,0.39,0.4,0.01,0.01,75823.24,1776784520000
1776784522.365,22.365,0.6,0.61,0.39,0.4,0.01,0.01,75826.85,1776784521000
1776784522.827,22.827,0.6,0.61,0.39,0.4,0.01,0.01,75826.85,1776784521000
1776784523.354,23.354,0.6,0.61,0.39,0.4,0.01,0.01,75829.91,1776784522000
1776784523.863,23.863,0.62,0.63,0.37,0.38,0.01,0.01,75829.91,1776784522000
1776784524.435,24.435,0.62,0.63,0.37,0.38,0.01,0.01,75840.37,1776784523000
1776784525.044,25.044,0.62,0.63,0.37,0.38,0.01,0.01,75841.15,1776784524000
1776784525.384,25.384,0.5,0.65,0.35,0.38,0.15,0.03,75841.15,1776784524000
1776784525.746,25.746,0.65,0.66,0.34,0.35,0.01,0.01,75841.15,1776784524000
1776784526.11,26.11,0.66,0.67,0.33,0.34,0.01,0.01,75841.0,1776784525000
1776784526.509,26.509,0.66,0.67,0.33,0.34,0.01,0.01,75841.0,1776784525000
1776784526.889,26.889,0.66,0.67,0.33,0.34,0.01,0.01,75841.0,1776784525000
1776784527.261,27.261,0.66,0.67,0.33,0.34,0.01,0.01,75839.91,1776784526000
1776784527.638,27.638,0.66,0.67,0.33,0.34,0.01,0.01,75839.91,1776784526000
1776784527.975,27.975,0.66,0.67,0.33,0.34,0.01,0.01,75839.91,1776784526000
1776784528.321,28.321,0.66,0.68,0.33,0.34,0.02,0.01,75839.91,1776784526000
1776784529.667,29.667,0.68,0.69,0.32,0.34,0.01,0.02,75838.9,1776784527000
1776784530.035,30.035,0.69,0.7,0.3,0.31,0.01,0.01,75838.88,1776784528000
1776784530.414,30.414,0.69,0.71,0.3,0.31,0.02,0.01,75846.88,1776784529000
1776784530.758,30.758,0.69,0.73,0.28,0.31,0.04,0.03,75846.88,1776784529000
1776784531.162,31.162,0.72,0.73,0.27,0.28,0.01,0.01,75846.88,1776784529000
1776784531.548,31.548,0.72,0.73,0.27,0.28,0.01,0.01,75846.88,1776784529000
1776784531.883,31.883,0.72,0.74,0.26,0.28,0.02,0.02,75846.88,1776784529000
1776784532.239,32.239,0.71,0.75,0.25,0.29,0.04,0.04,75864.33,1776784530000
1776784532.579,32.579,0.74,0.75,0.25,0.26,0.01,0.01,75864.33,1776784530000
1776784532.933,32.933,0.74,0.75,0.25,0.26,0.01,0.01,75867.84,1776784531000
1776784533.277,33.277,0.74,0.75,0.25,0.26,0.01,0.01,75867.84,1776784531000
1776784533.676,33.676,0.74,0.75,0.25,0.26,0.01,0.01,75868.82,1776784532000
1776784534.085,34.085,0.74,0.75,0.25,0.26,0.01,0.01,75868.82,1776784532000
1776784534.514,34.514,0.72,0.73,0.27,0.28,0.01,0.01,75868.79,1776784533000
1776784534.875,34.875,0.72,0.73,0.27,0.28,0.01,0.01,75868.79,1776784533000
1776784535.352,35.352,0.72,0.73,0.27,0.28,0.01,0.01,75868.79,1776784533000
1776784535.954,35.954,0.7,0.71,0.28,0.3,0.01,0.02,75868.81,1776784534000
1776784536.359,36.359,0.67,0.7,0.3,0.31,0.03,0.01,75866.32,1776784535000
1776784536.796,36.796,0.67,0.68,0.32,0.33,0.01,0.01,75866.32,1776784535000
1776784537.247,37.247,0.67,0.68,0.32,0.33,0.01,0.01,75866.32,1776784535000
1776784537.65,37.65,0.67,0.68,0.32,0.33,0.01,0.01,75866.32,1776784535000
1776784538.223,38.223,0.67,0.68,0.32,0.33,0.01,0.01,75853.95,1776784536000
1776784538.631,38.631,0.67,0.68,0.32,0.33,0.01,0.01,75853.95,1776784536000
1776784538.97,38.97,0.67,0.68,0.32,0.33,0.01,0.01,75849.2,1776784537000
1776784539.318,39.318,0.67,0.68,0.32,0.33,0.01,0.01,75849.2,1776784537000
1776784539.721,39.721,0.67,0.68,0.32,0.33,0.01,0.01,75846.82,1776784538000
1776784540.332,40.332,0.67,0.68,0.32,0.33,0.01,0.01,75846.26,1776784539000
1776784540.703,40.703,0.64,0.66,0.34,0.35,0.02,0.01,75846.26,1776784539000
1776784541.039,41.039,0.64,0.65,0.35,0.36,0.01,0.01,75846.26,1776784539000
1776784541.373,41.373,0.63,0.64,0.35,0.37,0.01,0.02,75846.26,1776784539000
1776784541.762,41.762,0.64,0.65,0.36,0.37,0.01,0.01,75846.26,1776784539000
1776784542.121,42.121,0.64,0.65,0.35,0.36,0.01,0.01,75844.51,1776784540000
1776784542.641,42.641,0.64,0.65,0.35,0.36,0.01,0.01,75839.08,1776784541000
1776784543.079,43.079,0.65,0.66,0.34,0.35,0.01,0.01,75839.08,1776784541000
1776784543.434,43.434,0.65,0.66,0.34,0.35,0.01,0.01,75837.26,1776784542000
1776784543.785,43.785,0.66,0.67,0.33,0.34,0.01,0.01,75837.26,1776784542000
1776784544.206,44.206,0.66,0.67,0.33,0.34,0.01,0.01,75837.26,1776784542000
1776784544.776,44.776,0.66,0.67,0.33,0.34,0.01,0.01,75835.03,1776784543000
1776784545.244,45.244,0.66,0.67,0.33,0.34,0.01,0.01,75835.03,1776784543000
1776784545.647,45.647,0.66,0.67,0.33,0.34,0.01,0.01,75834.94,1776784544000
1776784546.066,46.066,0.67,0.68,0.32,0.33,0.01,0.01,75834.94,1776784544000
1776784546.477,46.477,0.67,0.68,0.32,0.33,0.01,0.01,75835.7,1776784545000
1776784546.814,46.814,0.66,0.67,0.33,0.34,0.01,0.01,75835.7,1776784545000
1776784547.27,47.27,0.66,0.67,0.33,0.34,0.01,0.01,75835.7,1776784545000
1776784547.676,47.676,0.66,0.67,0.33,0.34,0.01,0.01,75835.7,1776784545000
1776784548.065,48.065,0.66,0.67,0.33,0.34,0.01,0.01,75835.7,1776784545000
1776784548.432,48.432,0.66,0.67,0.33,0.34,0.01,0.01,75835.7,1776784545000
1776784549.072,49.072,0.66,0.67,0.33,0.34,0.01,0.01,75834.4,1776784548000
1776784549.692,49.692,0.66,0.67,0.33,0.34,0.01,0.01,75834.4,1776784548000
1776784550.119,50.119,0.66,0.67,0.33,0.34,0.01,0.01,75834.97,1776784549000
1776784550.776,50.776,0.66,0.67,0.33,0.34,0.01,0.01,75834.97,1776784549000
1776784551.241,51.241,0.66,0.67,0.33,0.34,0.01,0.01,75835.59,1776784550000
1776784551.635,51.635,0.66,0.67,0.33,0.34,0.01,0.01,75835.59,1776784550000
1776784552.075,52.075,0.66,0.67,0.33,0.34,0.01,0.01,75835.59,1776784550000
1776784552.443,52.443,0.66,0.67,0.33,0.34,0.01,0.01,75835.71,1776784551000
1776784553.006,53.006,0.67,0.69,0.32,0.34,0.02,0.02,75835.71,1776784551000
1776784553.374,53.374,0.69,0.7,0.3,0.31,0.01,0.01,75835.97,1776784552000
1776784553.877,53.877,0.69,0.7,0.3,0.31,0.01,0.01,75835.97,1776784552000
1776784554.321,54.321,0.69,0.7,0.3,0.31,0.01,0.01,75837.0,1776784553000
1776784554.918,54.918,0.69,0.7,0.3,0.31,0.01,0.01,75837.0,1776784553000
1776784555.603,55.603,0.69,0.7,0.3,0.31,0.01,0.01,75844.04,1776784554000
1776784555.991,55.991,0.69,0.7,0.3,0.31,0.01,0.01,75845.03,1776784555000
1776784556.336,56.336,0.68,0.69,0.3,0.32,0.01,0.02,75845.03,1776784555000
1776784556.914,56.914,0.68,0.69,0.31,0.32,0.01,0.01,75845.03,1776784555000
1776784557.324,57.324,0.68,0.69,0.31,0.32,0.01,0.01,75845.22,1776784556000
1776784557.751,57.751,0.67,0.68,0.31,0.33,0.01,0.02,75845.22,1776784556000
1776784558.279,58.279,0.67,0.68,0.32,0.33,0.01,0.01,75842.28,1776784557000
1776784558.623,58.623,0.64,0.67,0.32,0.33,0.03,0.01,75842.28,1776784557000
1776784559.043,59.043,0.61,0.62,0.37,0.39,0.01,0.02,75842.28,1776784557000
1776784559.434,59.434,0.61,0.62,0.38,0.39,0.01,0.01,75840.01,1776784558000
1776784559.821,59.821,0.61,0.62,0.38,0.39,0.01,0.01,75840.01,1776784558000
1776784560.194,60.194,0.61,0.62,0.38,0.39,0.01,0.01,75840.01,1776784558000
1776784560.552,60.552,0.61,0.62,0.38,0.39,0.01,0.01,75826.96,1776784559000
1776784560.983,60.983,0.61,0.62,0.38,0.39,0.01,0.01,75826.62,1776784560000
1776784561.391,61.391,0.61,0.62,0.38,0.39,0.01,0.01,75826.62,1776784560000
1776784561.726,61.726,0.61,0.62,0.38,0.39,0.01,0.01,75826.62,1776784560000
1776784562.071,62.071,0.59,0.6,0.4,0.45,0.01,0.05,75824.1,1776784561000
1776784562.644,62.644,0.59,0.6,0.4,0.41,0.01,0.01,75824.1,1776784561000
1776784562.997,62.997,0.59,0.6,0.4,0.41,0.01,0.01,75824.1,1776784561000
1776784563.351,63.351,0.59,0.6,0.4,0.41,0.01,0.01,75823.24,1776784562000
1776784563.697,63.697,0.59,0.6,0.4,0.41,0.01,0.01,75823.24,1776784562000
1776784564.055,64.055,0.59,0.6,0.4,0.41,0.01,0.01,75815.43,1776784563000
1776784564.716,64.716,0.59,0.6,0.4,0.41,0.01,0.01,75815.43,1776784563000
1776784565.077,65.077,0.62,0.65,0.35,0.38,0.03,0.03,75815.43,1776784563000
1776784565.692,65.692,0.64,0.65,0.35,0.36,0.01,0.01,75814.86,1776784564000
1776784566.057,66.057,0.64,0.69,0.31,0.36,0.05,0.05,75814.86,1776784564000
1776784566.412,66.412,0.68,0.69,0.31,0.33,0.01,0.02,75814.86,1776784564000
1776784567.075,67.075,0.68,0.69,0.31,0.32,0.01,0.01,75817.09,1776784565000
1776784567.409,67.409,0.69,0.7,0.3,0.31,0.01,0.01,75829.91,1776784566000
1776784567.93,67.93,0.69,0.7,0.3,0.31,0.01,0.01,75829.91,1776784566000
1776784568.321,68.321,0.69,0.7,0.3,0.31,0.01,0.01,75829.91,1776784566000
1776784568.68,68.68,0.65,0.66,0.32,0.35,0.01,0.03,75841.6,1776784567000
1776784569.042,69.042,0.65,0.66,0.34,0.35,0.01,0.01,75841.6,1776784567000
1776784569.388,69.388,0.65,0.66,0.34,0.35,0.01,0.01,75841.6,1776784567000
1776784569.756,69.756,0.65,0.66,0.34,0.35,0.01,0.01,75840.97,1776784568000
1776784570.222,70.222,0.65,0.66,0.34,0.35,0.01,0.01,75839.21,1776784569000
1776784570.673,70.673,0.67,0.68,0.33,0.35,0.01,0.02,75839.21,1776784569000
1776784571.119,71.119,0.69,0.7,0.3,0.31,0.01,0.01,75833.05,1776784570000
1776784571.552,71.552,0.69,0.7,0.3,0.31,0.01,0.01,75833.05,1776784570000
1776784571.922,71.922,0.69,0.7,0.3,0.31,0.01,0.01,75833.05,1776784570000
1776784572.336,72.336,0.69,0.7,0.3,0.31,0.01,0.01,75833.05,1776784570000
1776784572.756,72.756,0.69,0.7,0.3,0.31,0.01,0.01,75836.53,1776784571000
1776784573.096,73.096,0.69,0.72,0.28,0.31,0.03,0.03,75836.53,1776784571000
1776784573.437,73.437,0.7,0.71,0.29,0.31,0.01,0.02,75836.53,1776784571000
1776784573.908,73.908,0.7,0.71,0.29,0.3,0.01,0.01,75839.41,1776784572000
1776784574.246,74.246,0.7,0.71,0.29,0.3,0.01,0.01,75840.89,1776784573000
1776784574.88,74.88,0.71,0.72,0.29,0.3,0.01,0.01,75840.89,1776784573000
1776784575.216,75.216,0.72,0.73,0.27,0.28,0.01,0.01,75840.89,1776784573000
1776784575.558,75.558,0.72,0.73,0.27,0.28,0.01,0.01,75844.85,1776784574000
1776784576.15,76.15,0.72,0.73,0.27,0.28,0.01,0.01,75844.72,1776784575000
1776784576.523,76.523,0.72,0.73,0.27,0.28,0.01,0.01,75844.72,1776784575000
1776784576.894,76.894,0.69,0.71,0.27,0.31,0.02,0.04,75844.72,1776784575000
1776784577.383,77.383,0.68,0.7,0.3,0.32,0.02,0.02,75845.73,1776784576000
1776784577.74,77.74,0.69,0.7,0.3,0.31,0.01,0.01,75845.73,1776784576000
1776784578.309,78.309,0.7,0.71,0.29,0.31,0.01,0.02,75839.77,1776784577000
1776784578.692,78.692,0.7,0.71,0.29,0.3,0.01,0.01,75839.77,1776784577000
1776784579.153,79.153,0.7,0.71,0.29,0.3,0.01,0.01,75839.08,1776784578000
1776784579.604,79.604,0.71,0.72,0.29,0.3,0.01,0.01,75839.08,1776784578000
1776784579.939,79.939,0.72,0.73,0.27,0.28,0.01,0.01,75839.08,1776784578000
1776784580.322,80.322,0.72,0.73,0.27,0.28,0.01,0.01,75840.96,1776784579000
1776784580.9,80.9,0.7,0.73,0.27,0.28,0.03,0.01,75840.96,1776784579000
1776784581.253,81.253,0.69,0.7,0.3,0.31,0.01,0.01,75842.08,1776784580000
1776784581.587,81.587,0.69,0.7,0.3,0.31,0.01,0.01,75842.08,1776784580000
1776784581.936,81.936,0.69,0.7,0.3,0.31,0.01,0.01,75844.74,1776784581000
1776784582.509,82.509,0.69,0.7,0.3,0.31,0.01,0.01,75844.74,1776784581000
1776784583.295,83.295,0.69,0.7,0.3,0.31,0.01,0.01,75837.71,1776784582000
1776784583.679,83.679,0.69,0.7,0.3,0.31,0.01,0.01,75837.71,1776784582000
1776784584.074,84.074,0.7,0.71,0.29,0.3,0.01,0.01,75837.71,1776784582000
1776784584.537,84.537,0.7,0.71,0.29,0.3,0.01,0.01,75837.99,1776784583000
1776784584.956,84.956,0.7,0.71,0.29,0.3,0.01,0.01,75837.99,1776784583000
1776784585.32,85.32,0.7,0.71,0.29,0.3,0.01,0.01,75842.33,1776784584000
1776784585.687,85.687,0.69,0.71,0.29,0.31,0.02,0.02,75842.33,1776784584000
1776784586.113,86.113,0.67,0.68,0.32,0.33,0.01,0.01,75842.33,1776784584000
1776784586.64,86.64,0.65,0.66,0.32,0.35,0.01,0.03,75844.97,1776784585000
1776784587.082,87.082,0.65,0.66,0.34,0.35,0.01,0.01,75844.97,1776784585000
1776784587.434,87.434,0.65,0.66,0.34,0.35,0.01,0.01,75839.36,1776784586000
1776784587.773,87.773,0.65,0.66,0.34,0.35,0.01,0.01,75839.36,1776784586000
1776784588.12,88.12,0.65,0.66,0.34,0.35,0.01,0.01,75839.36,1776784586000
1776784588.551,88.551,0.65,0.66,0.34,0.35,0.01,0.01,75839.36,1776784586000
1776784588.966,88.966,0.65,0.66,0.34,0.35,0.01,0.01,75839.36,1776784586000
1776784589.351,89.351,0.65,0.66,0.34,0.35,0.01,0.01,75829,1776784587000
1776784589.719,89.719,0.64,0.65,0.34,0.35,0.01,0.01,75827.57,1776784588000
1776784590.127,90.127,0.63,0.64,0.35,0.36,0.01,0.01,75827.57,1776784588000
1776784590.519,90.519,0.63,0.64,0.36,0.37,0.01,0.01,75826.31,1776784589000
1776784590.911,90.911,0.64,0.65,0.35,0.36,0.01,0.01,75821.96,1776784590000
1776784591.79,91.79,0.64,0.65,0.35,0.36,0.01,0.01,75821.96,1776784590000
1776784592.331,92.331,0.64,0.66,0.35,0.36,0.02,0.01,75822.09,1776784591000
1776784592.73,92.73,0.64,0.65,0.35,0.36,0.01,0.01,75822.09,1776784591000
1776784593.108,93.108,0.64,0.65,0.35,0.36,0.01,0.01,75824.94,1776784592000
1776784593.493,93.493,0.64,0.65,0.35,0.36,0.01,0.01,75824.94,1776784592000
1776784593.997,93.997,0.64,0.65,0.35,0.36,0.01,0.01,75823.17,1776784593000
1776784594.345,94.345,0.64,0.65,0.35,0.36,0.01,0.01,75823.17,1776784593000
1776784594.745,94.745,0.63,0.64,0.35,0.37,0.01,0.02,75823.17,1776784593000
1776784595.085,95.085,0.61,0.64,0.36,0.39,0.03,0.03,75823.17,1776784593000
1776784595.451,95.451,0.61,0.63,0.37,0.39,0.02,0.02,75820.4,1776784594000
1776784595.789,95.789,0.58,0.59,0.41,0.42,0.01,0.01,75820.4,1776784594000
1776784596.172,96.172,0.58,0.59,0.41,0.42,0.01,0.01,75817.92,1776784595000
1776784596.513,96.513,0.58,0.59,0.41,0.42,0.01,0.01,75817.92,1776784595000
1776784596.85,96.85,0.57,0.58,0.42,0.43,0.01,0.01,75817.92,1776784595000
1776784597.188,97.188,0.52,0.53,0.43,0.5,0.01,0.07,75804.21,1776784596000
1776784597.53,97.53,0.47,0.5,0.49,0.53,0.03,0.04,75804.21,1776784596000
1776784597.87,97.87,0.48,0.49,0.5,0.52,0.01,0.02,75804.21,1776784596000
1776784598.227,98.227,0.48,0.49,0.51,0.52,0.01,0.01,75802.73,1776784597000
1776784598.568,98.568,0.47,0.48,0.52,0.53,0.01,0.01,75802.73,1776784597000
1776784598.951,98.951,0.46,0.47,0.52,0.54,0.01,0.02,75802.73,1776784597000
1776784599.35,99.35,0.46,0.47,0.53,0.54,0.01,0.01,75786.53,1776784598000
1776784599.716,99.716,0.46,0.47,0.53,0.54,0.01,0.01,75786.53,1776784598000
1776784600.064,100.064,0.46,0.47,0.53,0.54,0.01,0.01,75786.53,1776784598000
1776784600.446,100.446,0.46,0.47,0.53,0.54,0.01,0.01,75779.95,1776784599000
1776784600.815,100.815,0.46,0.47,0.53,0.54,0.01,0.01,75779.95,1776784599000
1776784601.259,101.259,0.46,0.47,0.53,0.54,0.01,0.01,75779.95,1776784599000
1776784601.631,101.631,0.46,0.47,0.53,0.54,0.01,0.01,75778.97,1776784600000
1776784601.972,101.972,0.46,0.47,0.53,0.54,0.01,0.01,75778.97,1776784600000
1776784602.405,102.405,0.46,0.47,0.53,0.54,0.01,0.01,75778.86,1776784601000
1776784602.753,102.753,0.46,0.47,0.53,0.54,0.01,0.01,75778.86,1776784601000
1776784603.097,103.097,0.46,0.47,0.53,0.54,0.01,0.01,75778.86,1776784601000
1776784603.667,103.667,0.46,0.47,0.53,0.54,0.01,0.01,75778.5,1776784602000
1776784604.036,104.036,0.46,0.47,0.53,0.54,0.01,0.01,75778.5,1776784602000
1776784604.438,104.438,0.46,0.47,0.53,0.54,0.01,0.01,75778.18,1776784603000
1776784604.814,104.814,0.46,0.47,0.53,0.54,0.01,0.01,75778.18,1776784603000
1776784605.182,105.182,0.46,0.47,0.53,0.54,0.01,0.01,75776.47,1776784604000
1776784605.607,105.607,0.45,0.46,0.53,0.55,0.01,0.02,75776.47,1776784604000
1776784605.974,105.974,0.45,0.46,0.54,0.55,0.01,0.01,75776.47,1776784604000
1776784606.344,106.344,0.45,0.46,0.54,0.55,0.01,0.01,75780.1,1776784605000
1776784606.692,106.692,0.45,0.46,0.54,0.55,0.01,0.01,75780.1,1776784605000
1776784607.4,107.4,0.45,0.46,0.54,0.55,0.01,0.01,75776.94,1776784606000
1776784607.744,107.744,0.45,0.46,0.54,0.55,0.01,0.01,75776.94,1776784606000
1776784608.115,108.115,0.45,0.46,0.54,0.55,0.01,0.01,75776.37,1776784607000
1776784608.537,108.537,0.45,0.46,0.54,0.55,0.01,0.01,75776.37,1776784607000
1776784608.987,108.987,0.45,0.46,0.54,0.55,0.01,0.01,75776.37,1776784607000
1776784609.329,109.329,0.51,0.54,0.45,0.49,0.03,0.04,75775.26,1776784608000
1776784609.667,109.667,0.53,0.54,0.46,0.47,0.01,0.01,75775.26,1776784608000
1776784610.009,110.009,0.53,0.54,0.46,0.47,0.01,0.01,75775.26,1776784608000
1776784610.344,110.344,0.51,0.52,0.48,0.49,0.01,0.01,75777.43,1776784609000
1776784610.805,110.805,0.5,0.51,0.48,0.5,0.01,0.02,75777.43,1776784609000
1776784611.154,111.154,0.5,0.51,0.49,0.5,0.01,0.01,75788.83,1776784610000
1776784611.621,111.621,0.51,0.52,0.48,0.5,0.01,0.02,75788.83,1776784610000
1776784612.04,112.04,0.51,0.52,0.48,0.49,0.01,0.01,75788.61,1776784611000
1776784612.45,112.45,0.54,0.55,0.45,0.47,0.01,0.02,75788.61,1776784611000
1776784612.827,112.827,0.55,0.56,0.44,0.46,0.01,0.02,75788.61,1776784611000
1776784613.192,113.192,0.56,0.58,0.42,0.44,0.02,0.02,75790.21,1776784612000
1776784613.585,113.585,0.57,0.58,0.42,0.43,0.01,0.01,75790.21,1776784612000
1776784613.95,113.95,0.57,0.58,0.42,0.43,0.01,0.01,75790.21,1776784612000
1776784614.365,114.365,0.51,0.53,0.47,0.49,0.02,0.02,75795.31,1776784613000
1776784614.76,114.76,0.48,0.49,0.51,0.52,0.01,0.01,75795.31,1776784613000
1776784615.112,115.112,0.48,0.49,0.51,0.52,0.01,0.01,75800.57,1776784614000
1776784615.541,115.541,0.48,0.49,0.51,0.52,0.01,0.01,75800.57,1776784614000
1776784616.033,116.033,0.48,0.49,0.51,0.52,0.01,0.01,75800.57,1776784614000
1776784616.373,116.373,0.5,0.54,0.46,0.5,0.04,0.04,75800.57,1776784614000
1776784616.75,116.75,0.54,0.55,0.45,0.46,0.01,0.01,75800.57,1776784614000
1776784617.262,117.262,0.54,0.55,0.45,0.46,0.01,0.01,75796.59,1776784615000
1776784617.758,117.758,0.54,0.55,0.45,0.46,0.01,0.01,75788.95,1776784616000
1776784618.267,118.267,0.54,0.55,0.45,0.46,0.01,0.01,75788.95,1776784616000
1776784618.628,118.628,0.54,0.55,0.45,0.46,0.01,0.01,75797.19,1776784617000
1776784619.034,119.034,0.54,0.55,0.45,0.46,0.01,0.01,75797.19,1776784617000
1776784619.403,119.403,0.55,0.56,0.45,0.46,0.01,0.01,75795.89,1776784618000
1776784619.781,119.781,0.55,0.56,0.44,0.45,0.01,0.01,75795.89,1776784618000
1776784620.163,120.163,0.55,0.56,0.44,0.45,0.01,0.01,75795.89,1776784618000
1776784620.633,120.633,0.55,0.56,0.44,0.45,0.01,0.01,75795.89,1776784619000
1776784621.061,121.061,0.51,0.54,0.46,0.49,0.03,0.03,75798.43,1776784620000
1776784621.847,121.847,0.49,0.52,0.48,0.49,0.03,0.01,75798.43,1776784620000
1776784622.33,122.33,0.49,0.52,0.48,0.51,0.03,0.03,75797.46,1776784621000
1776784622.742,122.742,0.48,0.5,0.5,0.52,0.02,0.02,75797.46,1776784621000
1776784623.202,123.202,0.46,0.49,0.51,0.52,0.03,0.01,75797.46,1776784621000
1776784623.541,123.541,0.46,0.47,0.53,0.54,0.01,0.01,75797.46,1776784621000
1776784623.992,123.992,0.45,0.47,0.53,0.54,0.02,0.01,75789.88,1776784622000
1776784624.434,124.434,0.44,0.45,0.55,0.56,0.01,0.01,75789.88,1776784622000
1776784624.777,124.777,0.42,0.43,0.57,0.59,0.01,0.02,75783.55,1776784623000
1776784625.175,125.175,0.41,0.42,0.58,0.59,0.01,0.01,75783.55,1776784623000
1776784625.54,125.54,0.41,0.42,0.58,0.59,0.01,0.01,75779.9,1776784624000
1776784626.216,126.216,0.41,0.42,0.58,0.59,0.01,0.01,75775.07,1776784625000
1776784626.623,126.623,0.41,0.42,0.58,0.59,0.01,0.01,75775.07,1776784625000
1776784627.014,127.014,0.41,0.42,0.58,0.59,0.01,0.01,75775.07,1776784625000
1776784627.372,127.372,0.41,0.42,0.58,0.59,0.01,0.01,75774.41,1776784626000
1776784627.71,127.71,0.41,0.43,0.58,0.59,0.02,0.01,75774.41,1776784626000
1776784628.074,128.074,0.43,0.44,0.56,0.57,0.01,0.01,75774.41,1776784626000
1776784628.52,128.52,0.43,0.44,0.56,0.57,0.01,0.01,75774.41,1776784626000
1776784628.974,128.974,0.43,0.44,0.56,0.57,0.01,0.01,75773.73,1776784628000
1776784629.579,129.579,0.43,0.44,0.56,0.57,0.01,0.01,75773.73,1776784628000
1776784629.984,129.984,0.43,0.44,0.56,0.57,0.01,0.01,75773.73,1776784628000
1776784630.6,130.6,0.43,0.44,0.56,0.57,0.01,0.01,75773.73,1776784628000
1776784630.96,130.96,0.43,0.44,0.56,0.57,0.01,0.01,75775.55,1776784629000
1776784631.589,131.589,0.43,0.44,0.56,0.57,0.01,0.01,75775.75,1776784630000
1776784632.479,132.479,0.43,0.44,0.56,0.57,0.01,0.01,75774.16,1776784631000
1776784632.97,132.97,0.46,0.47,0.51,0.54,0.01,0.03,75774.16,1776784631000
1776784633.337,133.337,0.46,0.47,0.53,0.54,0.01,0.01,75774.17,1776784632000
1776784633.718,133.718,0.46,0.47,0.53,0.54,0.01,0.01,75774.17,1776784632000
1776784634.076,134.076,0.46,0.47,0.53,0.54,0.01,0.01,75774.17,1776784632000
1776784634.768,134.768,0.45,0.46,0.54,0.55,0.01,0.01,75774.17,1776784632000
1776784635.105,135.105,0.43,0.45,0.55,0.57,0.02,0.02,75780.7,1776784633000
1776784635.547,135.547,0.44,0.45,0.55,0.56,0.01,0.01,75780.7,1776784633000
1776784636.072,136.072,0.44,0.45,0.55,0.56,0.01,0.01,75779.48,1776784634000
1776784636.583,136.583,0.44,0.45,0.55,0.56,0.01,0.01,75777.9,1776784635000
1776784637.242,137.242,0.44,0.45,0.55,0.56,0.01,0.01,75777.65,1776784636000
1776784637.795,137.795,0.44,0.45,0.55,0.56,0.01,0.01,75777.65,1776784636000
1776784638.58,138.58,0.44,0.45,0.55,0.56,0.01,0.01,75777.65,1776784636000
1776784638.918,138.918,0.44,0.45,0.55,0.56,0.01,0.01,75775.89,1776784637000
1776784639.322,139.322,0.44,0.45,0.55,0.56,0.01,0.01,75775.89,1776784637000
1776784639.724,139.724,0.44,0.47,0.53,0.56,0.03,0.03,75780.59,1776784638000
1776784640.059,140.059,0.49,0.53,0.47,0.51,0.04,0.04,75780.59,1776784638000
1776784640.416,140.416,0.55,0.56,0.42,0.45,0.01,0.03,75780.59,1776784638000
1776784640.783,140.783,0.55,0.56,0.44,0.45,0.01,0.01,75780.59,1776784638000
1776784641.198,141.198,0.55,0.56,0.44,0.45,0.01,0.01,75783.54,1776784639000
1776784641.602,141.602,0.55,0.56,0.44,0.45,0.01,0.01,75783.54,1776784639000
1776784642.07,142.07,0.55,0.56,0.44,0.45,0.01,0.01,75784.91,1776784640000
1776784643.494,143.494,0.55,0.56,0.44,0.45,0.01,0.01,75799.79,1776784642000
1776784644.229,144.229,0.55,0.56,0.44,0.45,0.01,0.01,75802.32,1776784643000
1776784644.64,144.64,0.55,0.56,0.44,0.45,0.01,0.01,75802.32,1776784643000
1776784645.288,145.288,0.55,0.58,0.43,0.45,0.03,0.02,75802.32,1776784643000
1776784645.676,145.676,0.55,0.58,0.42,0.45,0.03,0.03,75802.32,1776784643000
1776784646.263,146.263,0.56,0.58,0.42,0.45,0.02,0.03,75806.52,1776784644000
1776784647.152,147.152,0.55,0.56,0.42,0.45,0.01,0.03,75804.71,1776784645000
1776784647.692,147.692,0.55,0.57,0.43,0.45,0.02,0.02,75800.92,1776784646000
1776784648.132,148.132,0.55,0.59,0.4,0.45,0.04,0.05,75800.92,1776784646000
1776784648.634,148.634,0.55,0.58,0.44,0.45,0.03,0.01,75800.92,1776784646000
1776784648.991,148.991,0.56,0.57,0.43,0.44,0.01,0.01,75798.21,1776784647000
1776784649.397,149.397,0.56,0.57,0.43,0.44,0.01,0.01,75798.21,1776784647000
1776784649.731,149.731,0.55,0.56,0.44,0.45,0.01,0.01,75795.49,1776784648000
1776784650.073,150.073,0.55,0.57,0.43,0.45,0.02,0.02,75795.49,1776784648000
1776784650.524,150.524,0.56,0.57,0.43,0.44,0.01,0.01,75794.83,1776784649000
1776784651.149,151.149,0.56,0.57,0.43,0.44,0.01,0.01,75794.83,1776784649000
1776784651.542,151.542,0.56,0.57,0.43,0.44,0.01,0.01,75798.24,1776784650000
1776784651.955,151.955,0.56,0.57,0.43,0.44,0.01,0.01,75798.24,1776784650000
1776784652.358,152.358,0.57,0.58,0.42,0.43,0.01,0.01,75798.24,1776784650000
1776784652.821,152.821,0.57,0.58,0.42,0.43,0.01,0.01,75800.35,1776784651000
1776784654.055,154.055,0.57,0.58,0.42,0.43,0.01,0.01,75803.25,1776784653000
1776784654.705,154.705,0.57,0.58,0.42,0.43,0.01,0.01,75803.25,1776784653000
1776784655.078,155.078,0.57,0.58,0.42,0.43,0.01,0.01,75805.69,1776784654000
1776784655.749,155.749,0.57,0.58,0.42,0.43,0.01,0.01,75805.69,1776784654000
1776784656.211,156.211,0.57,0.58,0.42,0.43,0.01,0.01,75804.41,1776784655000
1776784656.649,156.649,0.57,0.58,0.42,0.43,0.01,0.01,75804.41,1776784655000
1776784657.015,157.015,0.57,0.58,0.42,0.43,0.01,0.01,75804.41,1776784655000
1776784657.394,157.394,0.57,0.58,0.42,0.43,0.01,0.01,75803.86,1776784656000
1776784657.952,157.952,0.57,0.58,0.42,0.43,0.01,0.01,75803.86,1776784656000
1776784658.363,158.363,0.57,0.58,0.42,0.43,0.01,0.01,75804.49,1776784657000
1776784659.103,159.103,0.57,0.58,0.42,0.43,0.01,0.01,75804.49,1776784657000
1776784659.444,159.444,0.6,0.61,0.39,0.4,0.01,0.01,75804.49,1776784657000
1776784659.802,159.802,0.6,0.61,0.38,0.4,0.01,0.02,75803.89,1776784658000
1776784660.375,160.375,0.6,0.61,0.39,0.4,0.01,0.01,75804.02,1776784659000
1776784660.77,160.77,0.6,0.61,0.39,0.4,0.01,0.01,75804.02,1776784659000
1776784661.114,161.114,0.6,0.61,0.39,0.4,0.01,0.01,75804.48,1776784660000
1776784662.283,162.283,0.6,0.61,0.39,0.4,0.01,0.01,75807.77,1776784661000
1776784662.979,162.979,0.6,0.61,0.39,0.4,0.01,0.01,75807.77,1776784661000
1776784663.317,163.317,0.6,0.66,0.34,0.4,0.06,0.06,75807.77,1776784661000
1776784663.666,163.666,0.65,0.66,0.34,0.35,0.01,0.01,75807.77,1776784661000
1776784664.006,164.006,0.67,0.72,0.29,0.33,0.05,0.04,75832.49,1776784662000
1776784664.37,164.37,0.7,0.72,0.26,0.3,0.02,0.04,75832.49,1776784662000
1776784664.705,164.705,0.71,0.72,0.28,0.29,0.01,0.01,75841.8,1776784663000
1776784665.151,165.151,0.74,0.75,0.25,0.26,0.01,0.01,75853.41,1776784664000
1776784665.49,165.49,0.74,0.75,0.25,0.26,0.01,0.01,75853.41,1776784664000
1776784665.829,165.829,0.75,0.76,0.24,0.25,0.01,0.01,75853.41,1776784664000
1776784666.237,166.237,0.75,0.76,0.24,0.25,0.01,0.01,75853.41,1776784664000
1776784666.586,166.586,0.76,0.77,0.23,0.24,0.01,0.01,75855.54,1776784665000
1776784666.926,166.926,0.76,0.77,0.23,0.24,0.01,0.01,75855.54,1776784665000
1776784667.297,167.297,0.76,0.77,0.23,0.24,0.01,0.01,75855.54,1776784665000
1776784667.725,167.725,0.76,0.77,0.23,0.24,0.01,0.01,75850.27,1776784666000
1776784668.198,168.198,0.75,0.76,0.24,0.25,0.01,0.01,75850.68,1776784667000
1776784668.665,168.665,0.75,0.76,0.24,0.25,0.01,0.01,75850.68,1776784667000
1776784669.026,169.026,0.74,0.75,0.25,0.26,0.01,0.01,75850.68,1776784667000
1776784669.36,169.36,0.74,0.75,0.25,0.26,0.01,0.01,75849.66,1776784668000
1776784669.698,169.698,0.73,0.74,0.26,0.27,0.01,0.01,75849.66,1776784668000
1776784670.108,170.108,0.7,0.71,0.27,0.3,0.01,0.03,75849.66,1776784668000
1776784670.483,170.483,0.7,0.71,0.29,0.3,0.01,0.01,75849.66,1776784668000
1776784670.827,170.827,0.7,0.71,0.29,0.3,0.01,0.01,75838.42,1776784669000
1776784671.204,171.204,0.7,0.71,0.29,0.3,0.01,0.01,75838.42,1776784669000
1776784671.537,171.537,0.7,0.71,0.29,0.3,0.01,0.01,75835.54,1776784670000
1776784671.917,171.917,0.7,0.71,0.29,0.3,0.01,0.01,75835.54,1776784670000
1776784672.376,172.376,0.7,0.71,0.29,0.3,0.01,0.01,75835.54,1776784670000
1776784672.721,172.721,0.7,0.71,0.29,0.3,0.01,0.01,75833.47,1776784671000
1776784673.139,173.139,0.7,0.71,0.29,0.3,0.01,0.01,75833.47,1776784671000
1776784673.569,173.569,0.7,0.71,0.29,0.3,0.01,0.01,75833.47,1776784671000
1776784673.918,173.918,0.7,0.71,0.29,0.3,0.01,0.01,75832.6,1776784672000
1776784674.311,174.311,0.7,0.71,0.29,0.3,0.01,0.01,75832.09,1776784673000
1776784674.731,174.731,0.7,0.71,0.29,0.3,0.01,0.01,75832.09,1776784673000
1776784675.087,175.087,0.7,0.71,0.29,0.3,0.01,0.01,75832.09,1776784673000
1776784675.486,175.486,0.7,0.71,0.29,0.3,0.01,0.01,75827.19,1776784674000
1776784675.845,175.845,0.7,0.71,0.29,0.3,0.01,0.01,75827.19,1776784674000
1776784676.391,176.391,0.7,0.72,0.29,0.3,0.02,0.01,75825.08,1776784675000
1776784676.809,176.809,0.73,0.75,0.25,0.27,0.02,0.02,75825.08,1776784675000
1776784677.176,177.176,0.75,0.76,0.24,0.25,0.01,0.01,75827.74,1776784676000
1776784677.666,177.666,0.76,0.77,0.23,0.25,0.01,0.02,75827.74,1776784676000
1776784678.012,178.012,0.76,0.77,0.23,0.24,0.01,0.01,75827.74,1776784676000
1776784678.368,178.368,0.78,0.8,0.21,0.22,0.02,0.01,75831.17,1776784677000
1776784678.883,178.883,0.81,0.82,0.18,0.2,0.01,0.02,75831.17,1776784677000
1776784679.242,179.242,0.82,0.84,0.16,0.18,0.02,0.02,75831.17,1776784677000
1776784679.575,179.575,0.83,0.84,0.16,0.17,0.01,0.01,75831.17,1776784677000
1776784679.979,179.979,0.84,0.85,0.15,0.17,0.01,0.02,75840.08,1776784678000
1776784680.32,180.32,0.84,0.85,0.15,0.16,0.01,0.01,75852.22,1776784679000
1776784680.721,180.721,0.86,0.87,0.13,0.14,0.01,0.01,75852.22,1776784679000
1776784681.144,181.144,0.86,0.88,0.12,0.14,0.02,0.02,75852.22,1776784679000
1776784681.497,181.497,0.87,0.88,0.12,0.14,0.01,0.02,75865.2,1776784680000
1776784681.831,181.831,0.87,0.88,0.12,0.13,0.01,0.01,75865.2,1776784680000
1776784682.259,182.259,0.87,0.88,0.12,0.13,0.01,0.01,75865.2,1776784680000
1776784682.668,182.668,0.87,0.88,0.12,0.13,0.01,0.01,75876.6,1776784681000
1776784683.082,183.082,0.85,0.86,0.14,0.15,0.01,0.01,75879.43,1776784682000
1776784683.476,183.476,0.85,0.86,0.14,0.15,0.01,0.01,75879.43,1776784682000
1776784683.898,183.898,0.85,0.86,0.14,0.15,0.01,0.01,75879.43,1776784682000
1776784684.267,184.267,0.85,0.86,0.14,0.15,0.01,0.01,75876.69,1776784683000
1776784685.117,185.117,0.85,0.86,0.14,0.15,0.01,0.01,75876.69,1776784683000
1776784685.503,185.503,0.85,0.86,0.14,0.15,0.01,0.01,75871,1776784684000
1776784685.841,185.841,0.85,0.86,0.14,0.15,0.01,0.01,75871,1776784684000
1776784686.211,186.211,0.84,0.85,0.15,0.16,0.01,0.01,75870.87,1776784685000
1776784686.642,186.642,0.84,0.85,0.15,0.16,0.01,0.01,75870.87,1776784685000
1776784687.058,187.058,0.84,0.85,0.15,0.16,0.01,0.01,75870.87,1776784685000
1776784687.42,187.42,0.84,0.85,0.15,0.16,0.01,0.01,75866.6,1776784686000
1776784687.822,187.822,0.84,0.85,0.15,0.16,0.01,0.01,75866.6,1776784686000
1776784688.368,188.368,0.84,0.86,0.15,0.16,0.02,0.01,75866.6,1776784686000
1776784688.789,188.789,0.85,0.87,0.13,0.15,0.02,0.02,75865.82,1776784687000
1776784689.177,189.177,0.87,0.88,0.12,0.13,0.01,0.01,75865.7,1776784688000
1776784689.519,189.519,0.88,0.89,0.11,0.12,0.01,0.01,75865.7,1776784688000
1776784689.858,189.858,0.88,0.89,0.11,0.12,0.01,0.01,75865.7,1776784688000
1776784690.261,190.261,0.88,0.89,0.11,0.12,0.01,0.01,75869.33,1776784689000
1776784690.618,190.618,0.89,0.9,0.1,0.11,0.01,0.01,75869.33,1776784689000
1776784691.0,191.0,0.89,0.9,0.1,0.11,0.01,0.01,75869.33,1776784689000
1776784691.334,191.334,0.89,0.9,0.1,0.11,0.01,0.01,75876.08,1776784690000
1776784691.688,191.688,0.89,0.9,0.1,0.11,0.01,0.01,75876.08,1776784690000
1776784692.045,192.045,0.89,0.9,0.1,0.11,0.01,0.01,75876.08,1776784690000
1776784692.443,192.443,0.89,0.9,0.1,0.11,0.01,0.01,75877.97,1776784691000
1776784692.806,192.806,0.89,0.9,0.1,0.11,0.01,0.01,75877.97,1776784691000
1776784693.184,193.184,0.89,0.9,0.1,0.11,0.01,0.01,75877.97,1776784691000
1776784693.525,193.525,0.91,0.92,0.08,0.09,0.01,0.01,75877.97,1776784691000
1776784693.89,193.89,0.91,0.92,0.08,0.09,0.01,0.01,75877.97,1776784691000
1776784694.236,194.236,0.91,0.92,0.08,0.09,0.01,0.01,75881.25,1776784692000
1776784694.689,194.689,0.92,0.93,0.07,0.08,0.01,0.01,75881.25,1776784692000
1776784695.05,195.05,0.92,0.93,0.07,0.08,0.01,0.01,75881.25,1776784692000
1776784695.414,195.414,0.92,0.93,0.07,0.08,0.01,0.01,75881.36,1776784693000
1776784695.813,195.813,0.92,0.93,0.07,0.08,0.01,0.01,75881.36,1776784693000
1776784696.348,196.348,0.92,0.93,0.07,0.08,0.01,0.01,75887.93,1776784694000
1776784696.747,196.747,0.93,0.94,0.06,0.07,0.01,0.01,75890.38,1776784695000
1776784697.098,197.098,0.93,0.94,0.06,0.07,0.01,0.01,75890.38,1776784695000
1776784697.482,197.482,0.93,0.94,0.06,0.07,0.01,0.01,75891.44,1776784696000
1776784697.836,197.836,0.93,0.94,0.06,0.07,0.01,0.01,75891.44,1776784696000
1776784698.188,198.188,0.93,0.94,0.06,0.07,0.01,0.01,75892.25,1776784697000
1776784699.096,199.096,0.93,0.94,0.06,0.07,0.01,0.01,75892.25,1776784697000
1776784699.527,199.527,0.93,0.95,0.06,0.07,0.02,0.01,75892.25,1776784697000
1776784699.866,199.866,0.95,0.96,0.04,0.05,0.01,0.01,75895.4,1776784698000
1776784700.205,200.205,0.95,0.97,0.03,0.05,0.02,0.02,75895.4,1776784698000
1776784700.66,200.66,0.96,0.97,0.03,0.04,0.01,0.01,75896.04,1776784699000
1776784701.003,201.003,0.97,0.98,0.02,0.03,0.01,0.01,75896.04,1776784699000
1776784701.367,201.367,0.97,0.98,0.02,0.03,0.01,0.01,75916.59,1776784700000
1776784701.725,201.725,0.97,0.98,0.02,0.03,0.01,0.01,75916.59,1776784700000
1776784702.064,202.064,0.97,0.98,0.02,0.03,0.01,0.01,75916.59,1776784700000
1776784702.423,202.423,0.97,0.98,0.02,0.03,0.01,0.01,75916.59,1776784700000
1776784702.789,202.789,0.97,0.98,0.02,0.03,0.01,0.01,75916.59,1776784700000
1776784703.156,203.156,0.97,0.98,0.02,0.03,0.01,0.01,75928.92,1776784701000
1776784703.546,203.546,0.98,0.99,0.01,0.02,0.01,0.01,75928.92,1776784701000
1776784703.889,203.889,0.98,0.99,0.01,0.02,0.01,0.01,75929.04,1776784702000
1776784704.349,204.349,0.98,0.99,0.01,0.02,0.01,0.01,75929.04,1776784702000
1776784704.797,204.797,0.98,0.99,0.01,0.02,0.01,0.01,75926.81,1776784703000
1776784705.136,205.136,0.98,0.99,0.01,0.02,0.01,0.01,75926.81,1776784703000
1776784705.551,205.551,0.98,0.99,0.01,0.02,0.01,0.01,75922.75,1776784704000
1776784706.246,206.246,0.98,0.99,0.01,0.02,0.01,0.01,75922.75,1776784704000
1776784706.601,206.601,0.98,0.99,0.01,0.02,0.01,0.01,75922.75,1776784704000
1776784706.944,206.944,0.96,0.97,0.03,0.04,0.01,0.01,75922.75,1776784704000
1776784707.475,207.475,0.96,0.97,0.03,0.04,0.01,0.01,75921.33,1776784705000
1776784707.828,207.828,0.96,0.97,0.03,0.04,0.01,0.01,75919.37,1776784706000
1776784708.176,208.176,0.96,0.97,0.03,0.04,0.01,0.01,75919.37,1776784706000
1776784708.591,208.591,0.96,0.97,0.03,0.04,0.01,0.01,75920.52,1776784707000
1776784708.954,208.954,0.97,0.98,0.02,0.03,0.01,0.01,75920.52,1776784707000
1776784709.468,209.468,0.98,0.99,0.01,0.02,0.01,0.01,75919.2,1776784708000
1776784709.959,209.959,0.98,0.99,0.01,0.02,0.01,0.01,75919.2,1776784708000
1776784710.351,210.351,0.98,0.99,0.01,0.02,0.01,0.01,75919.2,1776784708000
1776784710.727,210.727,0.98,0.99,0.01,0.02,0.01,0.01,75919.2,1776784708000
1776784711.071,211.071,0.98,0.99,0.01,0.02,0.01,0.01,75928.73,1776784709000
1776784711.421,211.421,0.98,0.99,0.01,0.02,0.01,0.01,75928.73,1776784709000
1776784711.852,211.852,0.98,0.99,0.01,0.02,0.01,0.01,75934.36,1776784710000
1776784712.274,212.274,0.98,0.99,0.01,0.02,0.01,0.01,75934.36,1776784710000
1776784712.646,212.646,0.98,0.99,0.01,0.02,0.01,0.01,75934.36,1776784710000
1776784713.081,213.081,0.98,0.99,0.01,0.02,0.01,0.01,75936.54,1776784711000
1776784713.655,213.655,0.98,0.99,0.01,0.02,0.01,0.01,75937.48,1776784712000
1776784714.028,214.028,0.98,0.99,0.01,0.02,0.01,0.01,75936.15,1776784713000
1776784714.412,214.412,0.98,0.99,0.01,0.02,0.01,0.01,75936.15,1776784713000
1776784714.831,214.831,0.98,0.99,0.01,0.02,0.01,0.01,75936.15,1776784713000
1776784715.27,215.27,0.98,0.99,0.01,0.02,0.01,0.01,75925.58,1776784714000
1776784715.732,215.732,0.98,0.99,0.01,0.02,0.01,0.01,75925.58,1776784714000
1776784716.15,216.15,0.97,0.98,0.02,0.03,0.01,0.01,75925.58,1776784714000
1776784716.51,216.51,0.97,0.98,0.02,0.03,0.01,0.01,75916.41,1776784715000
1776784716.93,216.93,0.97,0.98,0.02,0.03,0.01,0.01,75914.07,1776784716000
1776784717.331,217.331,0.97,0.98,0.02,0.03,0.01,0.01,75914.07,1776784716000
1776784717.745,217.745,0.96,0.97,0.03,0.04,0.01,0.01,75914.07,1776784716000
1776784718.09,218.09,0.96,0.97,0.03,0.04,0.01,0.01,75914.07,1776784716000
1776784718.5,218.5,0.96,0.97,0.03,0.04,0.01,0.01,75911.61,1776784717000
1776784718.891,218.891,0.96,0.97,0.03,0.04,0.01,0.01,75911.61,1776784717000
1776784719.387,219.387,0.96,0.97,0.03,0.04,0.01,0.01,75905.33,1776784718000
1776784719.803,219.803,0.96,0.97,0.03,0.04,0.01,0.01,75905.33,1776784718000
1776784720.235,220.235,0.96,0.97,0.03,0.04,0.01,0.01,75901.63,1776784719000
1776784720.593,220.593,0.96,0.97,0.03,0.04,0.01,0.01,75901.63,1776784719000
1776784721.082,221.082,0.96,0.97,0.03,0.04,0.01,0.01,75901.63,1776784719000
1776784721.877,221.877,0.96,0.97,0.03,0.04,0.01,0.01,75901.67,1776784721000
1776784722.255,222.255,0.96,0.97,0.03,0.04,0.01,0.01,75901.67,1776784721000
1776784722.657,222.657,0.96,0.97,0.03,0.04,0.01,0.01,75901.67,1776784721000
1776784723.147,223.147,0.96,0.97,0.03,0.04,0.01,0.01,75899.23,1776784722000
1776784723.522,223.522,0.96,0.97,0.03,0.04,0.01,0.01,75899.23,1776784722000
1776784724.309,224.309,0.96,0.97,0.03,0.04,0.01,0.01,75898.11,1776784723000
1776784724.81,224.81,0.96,0.97,0.03,0.04,0.01,0.01,75898.11,1776784723000
1776784725.495,225.495,0.96,0.97,0.03,0.04,0.01,0.01,75899.83,1776784724000
1776784725.901,225.901,0.96,0.98,0.02,0.04,0.02,0.02,75899.83,1776784724000
1776784726.444,226.444,0.99,0.99,0.01,0.02,0.0,0.01,75898.22,1776784725000
1776784726.794,226.794,0.99,0.99,0.01,0.01,0.0,0.0,75898.22,1776784725000
1776784727.205,227.205,0.99,0.99,0.01,0.01,0.0,0.0,75898.22,1776784725000
1776784727.74,227.74,0.99,0.99,0.01,0.01,0.0,0.0,75898.22,1776784725000
1776784728.145,228.145,0.99,0.99,0.01,0.01,0.0,0.0,75918.49,1776784726000
1776784728.854,228.854,0.99,0.99,0.01,0.01,0.0,0.0,75923.81,1776784727000
1776784729.224,229.224,0.99,0.99,0.01,0.01,0.0,0.0,75923.81,1776784727000
1776784729.704,229.704,0.99,0.99,0.01,0.01,0.0,0.0,75924.99,1776784728000
1776784730.377,230.377,0.99,0.99,0.01,0.01,0.0,0.0,75928.07,1776784729000
1776784730.758,230.758,0.99,0.99,0.01,0.01,0.0,0.0,75928.07,1776784729000
1776784731.339,231.339,0.99,0.99,0.01,0.01,0.0,0.0,75928.07,1776784729000
1776784732.119,232.119,0.99,0.99,0.01,0.01,0.0,0.0,75968.08,1776784730000
1776784733.083,233.083,0.99,0.99,0.01,0.01,0.0,0.0,75966.26,1776784732000
1776784733.55,233.55,0.99,0.99,0.01,0.01,0.0,0.0,75966.26,1776784732000
1776784734.001,234.001,0.99,0.99,0.01,0.01,0.0,0.0,75966.26,1776784732000
1776784735.001,235.001,0.99,0.99,0.01,0.01,0.0,0.0,75966.26,1776784733000
1776784735.518,235.518,0.99,0.99,0.01,0.01,0.0,0.0,75965.27,1776784734000
1776784736.453,236.453,0.99,0.99,0.01,0.01,0.0,0.0,75965.27,1776784734000
1776784736.996,236.996,0.99,0.99,0.01,0.01,0.0,0.0,75968.52,1776784735000
1776784737.463,237.463,0.99,0.99,0.01,0.01,0.0,0.0,75968.52,1776784735000
1776784738.004,238.004,0.99,0.99,0.01,0.01,0.0,0.0,75969.32,1776784737000
1776784738.479,238.479,0.99,0.99,0.01,0.01,0.0,0.0,75969.32,1776784737000
1776784738.983,238.983,0.99,0.99,0.01,0.01,0.0,0.0,75969.32,1776784737000
1776784739.388,239.388,0.99,0.99,0.01,0.01,0.0,0.0,75967.82,1776784738000
1776784739.831,239.831,0.99,0.99,0.01,0.01,0.0,0.0,75967.82,1776784738000
1776784740.272,240.272,0.99,0.99,0.01,0.01,0.0,0.0,75968.4,1776784739000
1776784741.383,241.383,0.99,0.99,0.01,0.01,0.0,0.0,75968.99,1776784740000
1776784742.232,242.232,0.99,0.99,0.01,0.01,0.0,0.0,75968.99,1776784740000
1776784743.618,243.618,0.99,0.99,0.01,0.01,0.0,0.0,75966.05,1776784741000
1776784743.966,243.966,0.99,0.99,0.01,0.01,0.0,0.0,75965.92,1776784742000
1776784744.34,244.34,0.99,0.99,0.01,0.01,0.0,0.0,75965.92,1776784742000
1776784744.704,244.704,0.99,0.99,0.01,0.01,0.0,0.0,75965.92,1776784742000
1776784745.588,245.588,0.99,0.99,0.01,0.01,0.0,0.0,75970.64,1776784743000
1776784746.346,246.346,0.99,0.99,0.01,0.01,0.0,0.0,75976.91,1776784745000
1776784747.483,247.483,0.99,0.99,0.01,0.01,0.0,0.0,75976.91,1776784745000
1776784747.962,247.962,0.99,0.99,0.01,0.01,0.0,0.0,75977.57,1776784746000
1776784748.533,248.533,0.99,0.99,0.01,0.01,0.0,0.0,75977.69,1776784747000
1776784749.551,249.551,0.99,0.99,0.01,0.01,0.0,0.0,75975.67,1776784748000
1776784750.485,250.485,0.99,0.99,0.01,0.01,0.0,0.0,75975.67,1776784748000
1776784750.827,250.827,0.99,0.99,0.01,0.01,0.0,0.0,75957.71,1776784749000
1776784751.23,251.23,0.99,0.99,0.01,0.01,0.0,0.0,75957.71,1776784749000
1776784751.956,251.956,0.99,0.99,0.01,0.01,0.0,0.0,75956.39,1776784750000
1776784753.212,253.212,0.99,0.99,0.01,0.01,0.0,0.0,75956.65,1776784751000
1776784753.635,253.635,0.99,0.99,0.01,0.01,0.0,0.0,75957.62,1776784752000
1776784754.12,254.12,0.99,0.99,0.01,0.01,0.0,0.0,75957.62,1776784752000
1776784755.317,255.317,0.99,0.99,0.01,0.01,0.0,0.0,75957.71,1776784753000
1776784755.675,255.675,0.99,0.99,0.01,0.01,0.0,0.0,75946.88,1776784754000
1776784756.329,256.329,0.99,0.99,0.01,0.01,0.0,0.0,75944.8,1776784755000
1776784757.318,257.318,0.99,0.99,0.01,0.01,0.0,0.0,75943.88,1776784756000
1776784758.71,258.71,0.99,0.99,0.01,0.01,0.0,0.0,75943.85,1776784757000
1776784759.475,259.475,0.99,0.99,0.01,0.01,0.0,0.0,75946.24,1776784758000
1776784759.981,259.981,0.99,0.99,0.01,0.01,0.0,0.0,75946.24,1776784758000
1776784760.478,260.478,0.99,0.99,0.01,0.01,0.0,0.0,75954.85,1776784759000
1776784761.167,261.167,0.99,0.99,0.01,0.01,0.0,0.0,75954.85,1776784759000
1776784762.106,262.106,0.99,0.99,0.01,0.01,0.0,0.0,75970.8,1776784761000
1776784763.055,263.055,0.99,0.99,0.01,0.01,0.0,0.0,75970.8,1776784761000
1776784764.479,264.479,0.99,0.99,0.01,0.01,0.0,0.0,75969.53,1776784763000
1776784765.117,265.117,0.99,0.99,0.01,0.01,0.0,0.0,75963.41,1776784764000
1776784766.179,266.179,0.99,0.99,0.01,0.01,0.0,0.0,75965.72,1776784765000
1776784767.259,267.259,0.99,0.99,0.01,0.01,0.0,0.0,75969.39,1776784766000
1776784768.066,268.066,0.99,0.99,0.01,0.01,0.0,0.0,75969.39,1776784766000
1776784768.444,268.444,0.99,0.99,0.01,0.01,0.0,0.0,75972.81,1776784767000
1776784769.098,269.098,0.99,0.99,0.01,0.01,0.0,0.0,75972.81,1776784767000
1776784769.582,269.582,0.99,0.99,0.01,0.01,0.0,0.0,75973.36,1776784768000
1776784770.139,270.139,0.99,0.99,0.01,0.01,0.0,0.0,75975.38,1776784769000
1776784770.59,270.59,0.99,0.99,0.01,0.01,0.0,0.0,75975.38,1776784769000
1776784770.977,270.977,0.99,0.99,0.01,0.01,0.0,0.0,75975.38,1776784769000
1776784771.406,271.406,0.99,0.99,0.01,0.01,0.0,0.0,75976.59,1776784770000
1776784772.476,272.476,0.99,0.99,0.01,0.01,0.0,0.0,75975.5,1776784771000
1776784773.176,273.176,0.99,0.99,0.01,0.01,0.0,0.0,75974.36,1776784772000
1776784773.758,273.758,0.99,0.99,0.01,0.01,0.0,0.0,75974.36,1776784772000
1776784774.323,274.323,0.99,0.99,0.01,0.01,0.0,0.0,75978.33,1776784773000
1776784775.643,275.643,0.99,0.99,0.01,0.01,0.0,0.0,75995.56,1776784774000
1776784776.013,276.013,0.99,0.99,0.01,0.01,0.0,0.0,75997.01,1776784775000
1776784777.097,277.097,0.99,0.99,0.01,0.01,0.0,0.0,75993.3,1776784776000
1776784777.613,277.613,0.99,0.99,0.01,0.01,0.0,0.0,75993.3,1776784776000
1776784778.175,278.175,0.99,0.99,0.01,0.01,0.0,0.0,75971.31,1776784777000
1776784779.178,279.178,0.99,0.99,0.01,0.01,0.0,0.0,75973.44,1776784778000
1776784780.23,280.23,0.99,0.99,0.01,0.01,0.0,0.0,75989.02,1776784779000
1776784780.614,280.614,0.99,0.99,0.01,0.01,0.0,0.0,75989.02,1776784779000
1776784781.531,281.531,0.99,0.99,0.01,0.01,0.0,0.0,75990.19,1776784780000
1776784781.906,281.906,0.99,0.99,0.01,0.01,0.0,0.0,75990.52,1776784781000
1776784782.991,282.991,0.99,0.99,0.01,0.01,0.0,0.0,75988.96,1776784782000
1776784784.016,284.016,0.99,0.99,0.01,0.01,0.0,0.0,75987.57,1776784783000
1776784785.059,285.059,0.99,0.99,0.01,0.01,0.0,0.0,75981.17,1776784784000
1776784786.116,286.116,0.99,0.99,0.01,0.01,0.0,0.0,75981.17,1776784785000
1776784787.24,287.24,0.99,0.99,0.01,0.01,0.0,0.0,75979.79,1776784786000
1776784788.436,288.436,0.99,0.99,0.01,0.01,0.0,0.0,75984.43,1776784787000
1776784788.98,288.98,0.99,0.99,0.01,0.01,0.0,0.0,75984.98,1776784788000
1776784789.754,289.754,0.99,0.99,0.01,0.01,0.0,0.0,75984.98,1776784788000
1776784790.337,290.337,0.99,0.99,0.01,0.01,0.0,0.0,75984.65,1776784789000
1776784792.686,292.686,0.99,0.99,0.01,0.01,0.0,0.0,75984.65,1776784789000
1776784793.316,293.316,0.99,0.99,0.01,0.01,0.0,0.0,75984.65,1776784789000
1776784793.743,293.743,0.99,0.99,0.01,0.01,0.0,0.0,75984.65,1776784789000
1776784795.589,295.589,0.99,0.99,0.01,0.01,0.0,0.0,75984.65,1776784789000
1776784795.94,295.94,0.99,0.99,0.01,0.01,0.0,0.0,75984.65,1776784789000
1776784798.235,298.235,0.99,0.99,0.01,0.01,0.0,0.0,75983.75,1776784797000
1776784799.079,299.079,0.99,0.99,0.01,0.01,0.0,0.0,75983.5,1776784798000
1776784800.135,300.135,0.99,0.99,0.01,0.01,0.0,0.0,75987.86,1776784799000

# RESULT,winner=Up,slug=btc-updown-5m-1776784500,ticks=622
