timestamp,elapsed_sec,up_bid,up_ask,down_bid,down_ask,up_spread,down_spread,btc_price,btc_oracle_ts
1777074300.771,0.771,0.46,0.47,0.53,0.54,0.01,0.01,77450.56,1777074299000
1777074301.163,1.163,0.4,0.47,0.53,0.54,0.07,0.01,77450.56,1777074300000
1777074301.546,1.546,0.34,0.35,0.64,0.65,0.01,0.01,77450.56,1777074300000
1777074301.936,1.936,0.33,0.34,0.65,0.67,0.01,0.02,77450.56,1777074300000
1777074302.342,2.342,0.34,0.35,0.64,0.66,0.01,0.02,77458.73,1777074301000
1777074302.832,2.832,0.4,0.41,0.59,0.6,0.01,0.01,77458.73,1777074301000
1777074303.176,3.176,0.39,0.4,0.59,0.61,0.01,0.02,77452.48,1777074302000
1777074303.523,3.523,0.37,0.39,0.61,0.62,0.02,0.01,77452.48,1777074302000
1777074303.983,3.983,0.36,0.37,0.63,0.64,0.01,0.01,77452.48,1777074302000
1777074304.344,4.344,0.36,0.37,0.63,0.64,0.01,0.01,77451.68,1777074303000
1777074304.686,4.686,0.36,0.37,0.63,0.64,0.01,0.01,77451.68,1777074303000
1777074305.161,5.161,0.36,0.37,0.63,0.64,0.01,0.01,77451.68,1777074303000
1777074305.6,5.6,0.36,0.37,0.63,0.64,0.01,0.01,77447.78,1777074304000
1777074306.2,6.2,0.36,0.37,0.63,0.64,0.01,0.01,77445.29,1777074305000
1777074306.561,6.561,0.36,0.37,0.63,0.64,0.01,0.01,77445.29,1777074305000
1777074307.126,7.126,0.36,0.37,0.63,0.64,0.01,0.01,77445.29,1777074305000
1777074307.46,7.46,0.36,0.37,0.63,0.64,0.01,0.01,77445.3,1777074306000
1777074307.888,7.888,0.36,0.37,0.63,0.64,0.01,0.01,77446.45,1777074307000
1777074308.704,8.704,0.36,0.37,0.63,0.64,0.01,0.01,77446.45,1777074307000
1777074309.121,9.121,0.36,0.37,0.63,0.64,0.01,0.01,77447.08,1777074308000
1777074309.46,9.46,0.36,0.37,0.63,0.64,0.01,0.01,77447.08,1777074308000
1777074309.883,9.883,0.36,0.37,0.63,0.64,0.01,0.01,77447.08,1777074309000
1777074310.283,10.283,0.36,0.37,0.63,0.64,0.01,0.01,77447.08,1777074309000
1777074311.214,11.214,0.36,0.37,0.63,0.64,0.01,0.01,77447.09,1777074310000
1777074311.631,11.631,0.36,0.37,0.63,0.64,0.01,0.01,77447.09,1777074310000
1777074312.059,12.059,0.36,0.38,0.63,0.64,0.02,0.01,77447.09,1777074310000
1777074312.451,12.451,0.37,0.38,0.62,0.63,0.01,0.01,77440.85,1777074311000
1777074312.808,12.808,0.37,0.38,0.62,0.63,0.01,0.01,77440.85,1777074311000
1777074313.16,13.16,0.37,0.38,0.62,0.63,0.01,0.01,77440.85,1777074311000
1777074313.514,13.514,0.37,0.38,0.62,0.63,0.01,0.01,77440.81,1777074312000
1777074314.033,14.033,0.37,0.38,0.62,0.63,0.01,0.01,77440.81,1777074312000
1777074314.366,14.366,0.37,0.38,0.62,0.63,0.01,0.01,77447.1,1777074313000
1777074314.828,14.828,0.38,0.39,0.61,0.62,0.01,0.01,77447.1,1777074313000
1777074315.162,15.162,0.38,0.39,0.61,0.62,0.01,0.01,77447.1,1777074313000
1777074315.694,15.694,0.38,0.39,0.61,0.62,0.01,0.01,77447.1,1777074314000
1777074316.16,16.16,0.38,0.39,0.61,0.62,0.01,0.01,77447.1,1777074314000
1777074316.523,16.523,0.38,0.39,0.61,0.62,0.01,0.01,77440.67,1777074315000
1777074316.948,16.948,0.38,0.39,0.61,0.62,0.01,0.01,77440.67,1777074315000
1777074317.378,17.378,0.38,0.39,0.61,0.62,0.01,0.01,77440.67,1777074315000
1777074317.816,17.816,0.38,0.39,0.61,0.62,0.01,0.01,77434.33,1777074316000
1777074318.284,18.284,0.38,0.39,0.61,0.62,0.01,0.01,77434.33,1777074317000
1777074318.669,18.669,0.38,0.39,0.61,0.62,0.01,0.01,77434.33,1777074317000
1777074319.011,19.011,0.38,0.39,0.61,0.62,0.01,0.01,77447.12,1777074318000
1777074319.35,19.35,0.38,0.39,0.61,0.62,0.01,0.01,77447.12,1777074318000
1777074319.77,19.77,0.38,0.39,0.61,0.62,0.01,0.01,77447.12,1777074318000
1777074320.19,20.19,0.38,0.39,0.61,0.62,0.01,0.01,77447.12,1777074319000
1777074320.713,20.713,0.37,0.38,0.61,0.63,0.01,0.02,77447.12,1777074319000
1777074321.159,21.159,0.37,0.38,0.62,0.63,0.01,0.01,77447.12,1777074320000
1777074321.7,21.7,0.37,0.38,0.62,0.63,0.01,0.01,77447.12,1777074320000
1777074322.152,22.152,0.37,0.38,0.62,0.63,0.01,0.01,77447.11,1777074321000
1777074322.733,22.733,0.37,0.42,0.62,0.63,0.05,0.01,77447.11,1777074321000
1777074323.144,23.144,0.39,0.4,0.6,0.61,0.01,0.01,77447.11,1777074322000
1777074323.811,23.811,0.39,0.4,0.6,0.61,0.01,0.01,77447.11,1777074322000
1777074324.401,24.401,0.39,0.4,0.6,0.61,0.01,0.01,77447.11,1777074322000
1777074324.749,24.749,0.39,0.4,0.6,0.61,0.01,0.01,77434.4,1777074323000
1777074326.042,26.042,0.39,0.4,0.6,0.61,0.01,0.01,77434.4,1777074324000
1777074326.44,26.44,0.39,0.4,0.6,0.61,0.01,0.01,77434.36,1777074325000
1777074326.923,26.923,0.39,0.4,0.6,0.61,0.01,0.01,77434.36,1777074325000
1777074327.345,27.345,0.39,0.4,0.6,0.62,0.01,0.02,77434.34,1777074326000
1777074327.818,27.818,0.39,0.4,0.6,0.61,0.01,0.01,77434.34,1777074326000
1777074328.328,28.328,0.39,0.4,0.6,0.61,0.01,0.01,77434.34,1777074326000
1777074328.782,28.782,0.38,0.4,0.6,0.61,0.02,0.01,77434.35,1777074327000
1777074329.412,29.412,0.38,0.39,0.6,0.62,0.01,0.02,77434.35,1777074327000
1777074329.979,29.979,0.38,0.39,0.61,0.62,0.01,0.01,77440.75,1777074329000
1777074330.376,30.376,0.38,0.39,0.61,0.62,0.01,0.01,77440.75,1777074329000
1777074330.765,30.765,0.37,0.38,0.61,0.63,0.01,0.02,77440.75,1777074329000
1777074331.105,31.105,0.37,0.38,0.62,0.63,0.01,0.01,77434.12,1777074330000
1777074331.844,31.844,0.37,0.38,0.62,0.63,0.01,0.01,77434.12,1777074330000
1777074332.247,32.247,0.37,0.38,0.62,0.63,0.01,0.01,77434.1,1777074331000
1777074332.826,32.826,0.37,0.38,0.62,0.63,0.01,0.01,77434.1,1777074331000
1777074333.34,33.34,0.37,0.38,0.62,0.63,0.01,0.01,77447.01,1777074332000
1777074333.764,33.764,0.37,0.38,0.62,0.63,0.01,0.01,77447.01,1777074332000
1777074334.242,34.242,0.37,0.38,0.62,0.63,0.01,0.01,77447.01,1777074333000
1777074334.597,34.597,0.37,0.38,0.62,0.63,0.01,0.01,77447.01,1777074333000
1777074334.953,34.953,0.37,0.38,0.62,0.63,0.01,0.01,77447.01,1777074333000
1777074335.501,35.501,0.37,0.38,0.62,0.63,0.01,0.01,77446.92,1777074334000
1777074335.851,35.851,0.37,0.38,0.62,0.63,0.01,0.01,77446.92,1777074334000
1777074336.209,36.209,0.37,0.38,0.62,0.63,0.01,0.01,77447.02,1777074335000
1777074337.141,37.141,0.37,0.38,0.62,0.63,0.01,0.01,77447.02,1777074336000
1777074337.535,37.535,0.37,0.38,0.62,0.63,0.01,0.01,77447.02,1777074336000
1777074338.14,38.14,0.37,0.38,0.62,0.63,0.01,0.01,77447.02,1777074337000
1777074338.679,38.679,0.37,0.38,0.62,0.63,0.01,0.01,77447.02,1777074337000
1777074339.149,39.149,0.37,0.38,0.62,0.63,0.01,0.01,77447.02,1777074338000
1777074339.718,39.718,0.37,0.38,0.62,0.63,0.01,0.01,77447.02,1777074338000
1777074340.146,40.146,0.37,0.38,0.62,0.63,0.01,0.01,77447.02,1777074338000
1777074340.617,40.617,0.37,0.38,0.62,0.63,0.01,0.01,77447.03,1777074339000
1777074341.356,41.356,0.38,0.39,0.61,0.62,0.01,0.01,77447.03,1777074340000
1777074341.776,41.776,0.39,0.4,0.6,0.61,0.01,0.01,77447.03,1777074340000
1777074342.389,42.389,0.39,0.4,0.6,0.61,0.01,0.01,77447.02,1777074341000
1777074342.894,42.894,0.39,0.4,0.6,0.61,0.01,0.01,77447.02,1777074341000
1777074343.704,43.704,0.39,0.4,0.6,0.61,0.01,0.01,77433.26,1777074342000
1777074344.052,44.052,0.4,0.41,0.6,0.61,0.01,0.01,77433.27,1777074343000
1777074344.476,44.476,0.4,0.41,0.59,0.6,0.01,0.01,77433.27,1777074343000
1777074345.102,45.102,0.4,0.41,0.59,0.6,0.01,0.01,77439.86,1777074344000
1777074345.488,45.488,0.4,0.41,0.59,0.6,0.01,0.01,77439.86,1777074344000
1777074345.847,45.847,0.4,0.41,0.59,0.6,0.01,0.01,77439.86,1777074344000
1777074346.288,46.288,0.4,0.41,0.59,0.6,0.01,0.01,77433.25,1777074345000
1777074347.204,47.204,0.4,0.41,0.59,0.6,0.01,0.01,77447.0,1777074346000
1777074347.728,47.728,0.4,0.41,0.59,0.6,0.01,0.01,77447.0,1777074346000
1777074348.273,48.273,0.4,0.41,0.59,0.6,0.01,0.01,77446.76,1777074347000
1777074348.693,48.693,0.39,0.4,0.59,0.61,0.01,0.02,77446.76,1777074347000
1777074349.162,49.162,0.35,0.36,0.6,0.66,0.01,0.06,77446.76,1777074347000
1777074349.758,49.758,0.35,0.36,0.64,0.65,0.01,0.01,77446.75,1777074348000
1777074350.315,50.315,0.35,0.36,0.64,0.65,0.01,0.01,77446.75,1777074348000
1777074350.735,50.735,0.35,0.37,0.64,0.65,0.02,0.01,77446.76,1777074349000
1777074351.265,51.265,0.36,0.37,0.63,0.64,0.01,0.01,77446.76,1777074349000
1777074351.869,51.869,0.36,0.37,0.63,0.64,0.01,0.01,77446.91,1777074350000
1777074352.445,52.445,0.37,0.38,0.62,0.64,0.01,0.02,77446.91,1777074350000
1777074352.996,52.996,0.37,0.38,0.62,0.63,0.01,0.01,77446.99,1777074351000
1777074353.342,53.342,0.37,0.38,0.62,0.63,0.01,0.01,77446.99,1777074352000
1777074354.04,54.04,0.37,0.38,0.62,0.63,0.01,0.01,77446.99,1777074352000
1777074354.399,54.399,0.37,0.38,0.62,0.63,0.01,0.01,77446.99,1777074353000
1777074355.434,55.434,0.37,0.38,0.62,0.63,0.01,0.01,77446.99,1777074354000
1777074356.017,56.017,0.37,0.38,0.62,0.63,0.01,0.01,77446.99,1777074355000
1777074356.493,56.493,0.37,0.38,0.62,0.63,0.01,0.01,77446.99,1777074355000
1777074356.942,56.942,0.37,0.38,0.62,0.63,0.01,0.01,77446.99,1777074355000
1777074357.505,57.505,0.38,0.39,0.61,0.62,0.01,0.01,77446.99,1777074356000
1777074357.985,57.985,0.38,0.39,0.61,0.62,0.01,0.01,77446.99,1777074356000
1777074358.318,58.318,0.39,0.4,0.6,0.62,0.01,0.02,77446.99,1777074357000
1777074358.826,58.826,0.39,0.41,0.6,0.61,0.02,0.01,77446.99,1777074357000
1777074359.223,59.223,0.39,0.41,0.59,0.61,0.02,0.02,77447.0,1777074358000
1777074359.697,59.697,0.4,0.41,0.59,0.6,0.01,0.01,77447.0,1777074358000
1777074360.052,60.052,0.4,0.41,0.59,0.6,0.01,0.01,77447.0,1777074358000
1777074360.398,60.398,0.4,0.41,0.59,0.6,0.01,0.01,77447.0,1777074359000
1777074360.734,60.734,0.4,0.41,0.59,0.6,0.01,0.01,77447.0,1777074359000
1777074361.312,61.312,0.39,0.4,0.59,0.61,0.01,0.02,77447.0,1777074359000
1777074361.654,61.654,0.39,0.4,0.6,0.61,0.01,0.01,77447.01,1777074360000
1777074362.03,62.03,0.39,0.4,0.6,0.61,0.01,0.01,77440.29,1777074361000
1777074362.386,62.386,0.39,0.4,0.6,0.61,0.01,0.01,77440.29,1777074361000
1777074362.834,62.834,0.39,0.4,0.6,0.61,0.01,0.01,77440.29,1777074361000
1777074363.301,63.301,0.39,0.4,0.6,0.61,0.01,0.01,77447.01,1777074362000
1777074363.729,63.729,0.39,0.4,0.6,0.61,0.01,0.01,77447.01,1777074362000
1777074364.274,64.274,0.39,0.4,0.6,0.61,0.01,0.01,77447.01,1777074362000
1777074364.801,64.801,0.39,0.4,0.6,0.61,0.01,0.01,77447.01,1777074363000
1777074365.401,65.401,0.39,0.4,0.6,0.61,0.01,0.01,77447.01,1777074364000
1777074365.81,65.81,0.39,0.4,0.6,0.61,0.01,0.01,77447.01,1777074364000
1777074366.226,66.226,0.39,0.4,0.6,0.61,0.01,0.01,77447.01,1777074364000
1777074366.627,66.627,0.39,0.4,0.6,0.61,0.01,0.01,77434.13,1777074365000
1777074367.005,67.005,0.38,0.39,0.6,0.61,0.01,0.01,77434.13,1777074365000
1777074367.343,67.343,0.38,0.39,0.61,0.62,0.01,0.01,77434.45,1777074366000
1777074368.128,68.128,0.37,0.39,0.61,0.62,0.02,0.01,77434.45,1777074366000
1777074368.66,68.66,0.37,0.38,0.61,0.63,0.01,0.02,77447.02,1777074367000
1777074369.438,69.438,0.37,0.38,0.62,0.63,0.01,0.01,77447.02,1777074368000
1777074369.916,69.916,0.37,0.38,0.62,0.63,0.01,0.01,77447.02,1777074368000
1777074370.303,70.303,0.37,0.38,0.62,0.63,0.01,0.01,77441.92,1777074369000
1777074371.149,71.149,0.37,0.38,0.62,0.63,0.01,0.01,77440.04,1777074370000
1777074371.834,71.834,0.37,0.38,0.62,0.63,0.01,0.01,77440.04,1777074370000
1777074372.288,72.288,0.37,0.38,0.62,0.63,0.01,0.01,77439.03,1777074371000
1777074372.784,72.784,0.37,0.38,0.62,0.63,0.01,0.01,77439.03,1777074371000
1777074373.209,73.209,0.36,0.37,0.63,0.64,0.01,0.01,77444.99,1777074372000
1777074373.628,73.628,0.36,0.37,0.63,0.64,0.01,0.01,77444.99,1777074372000
1777074374.061,74.061,0.36,0.37,0.63,0.64,0.01,0.01,77444.99,1777074372000
1777074374.457,74.457,0.4,0.41,0.56,0.64,0.01,0.08,77447.03,1777074373000
1777074375.315,75.315,0.4,0.41,0.59,0.6,0.01,0.01,77445.05,1777074374000
1777074375.682,75.682,0.4,0.41,0.59,0.6,0.01,0.01,77445.05,1777074374000
1777074376.374,76.374,0.4,0.41,0.59,0.6,0.01,0.01,77445.05,1777074375000
1777074376.901,76.901,0.4,0.41,0.59,0.6,0.01,0.01,77445.62,1777074376000
1777074377.992,77.992,0.39,0.41,0.59,0.61,0.02,0.02,77445.24,1777074377000
1777074378.978,78.978,0.39,0.4,0.6,0.61,0.01,0.01,77445.61,1777074378000
1777074379.373,79.373,0.38,0.4,0.6,0.62,0.02,0.02,77445.61,1777074378000
1777074380.412,80.412,0.38,0.39,0.61,0.62,0.01,0.01,77445.61,1777074378000
1777074380.75,80.75,0.38,0.39,0.61,0.62,0.01,0.01,77445.61,1777074378000
1777074381.122,81.122,0.38,0.39,0.61,0.62,0.01,0.01,77445.27,1777074379000
1777074381.968,81.968,0.38,0.39,0.61,0.62,0.01,0.01,77445.26,1777074381000
1777074383.282,83.282,0.38,0.39,0.61,0.62,0.01,0.01,77445.38,1777074382000
1777074384.065,84.065,0.37,0.38,0.62,0.63,0.01,0.01,77445.38,1777074382000
1777074384.535,84.535,0.38,0.39,0.61,0.62,0.01,0.01,77445.24,1777074383000
1777074385.061,85.061,0.39,0.4,0.61,0.62,0.01,0.01,77445.24,1777074383000
1777074385.686,85.686,0.39,0.4,0.6,0.61,0.01,0.01,77445.24,1777074384000
1777074386.115,86.115,0.39,0.4,0.6,0.61,0.01,0.01,77445.24,1777074384000
1777074386.601,86.601,0.39,0.41,0.6,0.61,0.02,0.01,77445.25,1777074385000
1777074386.934,86.934,0.4,0.41,0.59,0.6,0.01,0.01,77445.25,1777074385000
1777074387.401,87.401,0.41,0.42,0.58,0.59,0.01,0.01,77445.25,1777074386000
1777074387.964,87.964,0.41,0.42,0.58,0.59,0.01,0.01,77445.25,1777074387000
1777074388.303,88.303,0.41,0.43,0.58,0.59,0.02,0.01,77445.25,1777074387000
1777074388.715,88.715,0.41,0.42,0.58,0.59,0.01,0.01,77445.25,1777074387000
1777074389.198,89.198,0.41,0.42,0.58,0.59,0.01,0.01,77449.86,1777074388000
1777074389.56,89.56,0.41,0.42,0.58,0.59,0.01,0.01,77449.86,1777074388000
1777074390.446,90.446,0.41,0.42,0.58,0.59,0.01,0.01,77449.88,1777074389000
1777074390.921,90.921,0.41,0.42,0.58,0.59,0.01,0.01,77449.88,1777074389000
1777074391.306,91.306,0.41,0.42,0.58,0.59,0.01,0.01,77449.88,1777074390000
1777074391.672,91.672,0.41,0.42,0.58,0.59,0.01,0.01,77449.88,1777074390000
1777074392.197,92.197,0.41,0.42,0.58,0.59,0.01,0.01,77451.79,1777074391000
1777074392.636,92.636,0.41,0.42,0.58,0.59,0.01,0.01,77451.79,1777074391000
1777074393.001,93.001,0.41,0.42,0.58,0.59,0.01,0.01,77451.79,1777074391000
1777074393.334,93.334,0.41,0.42,0.58,0.59,0.01,0.01,77451.77,1777074392000
1777074393.67,93.67,0.42,0.43,0.57,0.58,0.01,0.01,77451.77,1777074392000
1777074394.075,94.075,0.42,0.43,0.57,0.58,0.01,0.01,77451.77,1777074392000
1777074394.481,94.481,0.44,0.45,0.56,0.57,0.01,0.01,77451.78,1777074393000
1777074394.829,94.829,0.44,0.45,0.55,0.56,0.01,0.01,77451.78,1777074393000
1777074395.249,95.249,0.44,0.45,0.55,0.56,0.01,0.01,77451.78,1777074393000
1777074395.83,95.83,0.44,0.45,0.55,0.56,0.01,0.01,77443.15,1777074394000
1777074396.316,96.316,0.44,0.45,0.55,0.56,0.01,0.01,77443.15,1777074394000
1777074397.158,97.158,0.44,0.45,0.55,0.56,0.01,0.01,77451.42,1777074395000
1777074397.512,97.512,0.44,0.45,0.55,0.56,0.01,0.01,77451.42,1777074395000
1777074398.214,98.214,0.44,0.46,0.55,0.56,0.02,0.01,77451.42,1777074395000
1777074398.547,98.547,0.47,0.48,0.52,0.53,0.01,0.01,77451.42,1777074395000
1777074398.897,98.897,0.49,0.5,0.5,0.51,0.01,0.01,77451.42,1777074395000
1777074399.238,99.238,0.49,0.5,0.5,0.51,0.01,0.01,77451.42,1777074395000
1777074399.687,99.687,0.5,0.51,0.49,0.5,0.01,0.01,77451.42,1777074395000
1777074400.164,100.164,0.5,0.51,0.49,0.5,0.01,0.01,77451.42,1777074395000
1777074400.527,100.527,0.5,0.51,0.49,0.5,0.01,0.01,77451.42,1777074395000
1777074400.907,100.907,0.5,0.51,0.49,0.5,0.01,0.01,77451.42,1777074395000
1777074401.255,101.255,0.5,0.51,0.49,0.5,0.01,0.01,77451.42,1777074395000
1777074401.773,101.773,0.5,0.51,0.49,0.5,0.01,0.01,77451.42,1777074395000
1777074402.356,102.356,0.5,0.51,0.49,0.5,0.01,0.01,77451.42,1777074395000
1777074402.772,102.772,0.5,0.51,0.49,0.5,0.01,0.01,77451.42,1777074395000
1777074403.106,103.106,0.49,0.5,0.5,0.51,0.01,0.01,77451.42,1777074395000
1777074403.47,103.47,0.49,0.5,0.5,0.51,0.01,0.01,77451.42,1777074395000
1777074403.967,103.967,0.49,0.5,0.5,0.51,0.01,0.01,77451.42,1777074395000
1777074404.345,104.345,0.49,0.5,0.5,0.51,0.01,0.01,77451.42,1777074395000
1777074404.714,104.714,0.49,0.5,0.5,0.51,0.01,0.01,77451.71,1777074403000
1777074405.075,105.075,0.49,0.5,0.5,0.51,0.01,0.01,77451.71,1777074403000
1777074405.415,105.415,0.49,0.5,0.5,0.51,0.01,0.01,77451.7,1777074404000
1777074405.818,105.818,0.51,0.52,0.48,0.49,0.01,0.01,77451.7,1777074404000
1777074406.224,106.224,0.51,0.52,0.48,0.49,0.01,0.01,77451.7,1777074404000
1777074406.564,106.564,0.51,0.52,0.48,0.49,0.01,0.01,77451.81,1777074405000
1777074406.982,106.982,0.51,0.52,0.48,0.49,0.01,0.01,77451.81,1777074406000
1777074407.403,107.403,0.51,0.52,0.48,0.49,0.01,0.01,77451.81,1777074406000
1777074407.892,107.892,0.51,0.52,0.48,0.49,0.01,0.01,77451.81,1777074406000
1777074408.341,108.341,0.51,0.52,0.48,0.49,0.01,0.01,77451.68,1777074407000
1777074408.861,108.861,0.51,0.52,0.48,0.49,0.01,0.01,77451.68,1777074407000
1777074409.275,109.275,0.51,0.52,0.48,0.49,0.01,0.01,77451.68,1777074407000
1777074409.767,109.767,0.51,0.52,0.48,0.49,0.01,0.01,77451.69,1777074408000
1777074410.203,110.203,0.51,0.52,0.48,0.49,0.01,0.01,77451.45,1777074409000
1777074410.93,110.93,0.51,0.52,0.48,0.49,0.01,0.01,77451.45,1777074409000
1777074411.293,111.293,0.51,0.52,0.48,0.49,0.01,0.01,77451.45,1777074409000
1777074411.892,111.892,0.51,0.52,0.48,0.49,0.01,0.01,77451.46,1777074410000
1777074412.273,112.273,0.51,0.52,0.48,0.49,0.01,0.01,77451.46,1777074410000
1777074412.62,112.62,0.51,0.52,0.48,0.49,0.01,0.01,77451.83,1777074411000
1777074412.965,112.965,0.51,0.52,0.48,0.49,0.01,0.01,77451.83,1777074411000
1777074413.351,113.351,0.51,0.52,0.48,0.49,0.01,0.01,77451.82,1777074412000
1777074413.933,113.933,0.51,0.52,0.48,0.49,0.01,0.01,77451.82,1777074412000
1777074414.268,114.268,0.51,0.52,0.48,0.49,0.01,0.01,77452.07,1777074413000
1777074415.04,115.04,0.51,0.52,0.48,0.49,0.01,0.01,77452.07,1777074413000
1777074415.442,115.442,0.51,0.52,0.48,0.49,0.01,0.01,77453.93,1777074414000
1777074415.781,115.781,0.51,0.52,0.48,0.49,0.01,0.01,77453.93,1777074414000
1777074416.117,116.117,0.51,0.52,0.48,0.49,0.01,0.01,77453.94,1777074415000
1777074416.624,116.624,0.51,0.52,0.48,0.49,0.01,0.01,77453.94,1777074415000
1777074417.098,117.098,0.51,0.52,0.48,0.49,0.01,0.01,77453.79,1777074416000
1777074417.502,117.502,0.51,0.52,0.48,0.49,0.01,0.01,77453.79,1777074416000
1777074417.904,117.904,0.51,0.52,0.48,0.49,0.01,0.01,77453.79,1777074416000
1777074418.249,118.249,0.53,0.54,0.47,0.48,0.01,0.01,77453.79,1777074416000
1777074418.65,118.65,0.53,0.54,0.46,0.47,0.01,0.01,77451.76,1777074417000
1777074419.259,119.259,0.53,0.54,0.46,0.47,0.01,0.01,77451.76,1777074417000
1777074419.698,119.698,0.53,0.54,0.46,0.47,0.01,0.01,77453.97,1777074418000
1777074420.046,120.046,0.52,0.53,0.46,0.48,0.01,0.02,77453.95,1777074419000
1777074420.599,120.599,0.54,0.55,0.47,0.49,0.01,0.02,77453.95,1777074419000
1777074420.945,120.945,0.57,0.59,0.41,0.42,0.02,0.01,77453.95,1777074419000
1777074421.323,121.323,0.54,0.57,0.43,0.46,0.03,0.03,77453.81,1777074420000
1777074421.726,121.726,0.54,0.55,0.45,0.46,0.01,0.01,77453.81,1777074420000
1777074422.108,122.108,0.53,0.55,0.45,0.46,0.02,0.01,77453.93,1777074421000
1777074422.577,122.577,0.53,0.54,0.46,0.47,0.01,0.01,77453.93,1777074421000
1777074423.07,123.07,0.53,0.54,0.46,0.47,0.01,0.01,77453.93,1777074421000
1777074423.496,123.496,0.53,0.54,0.46,0.47,0.01,0.01,77455.04,1777074422000
1777074424.002,124.002,0.53,0.54,0.46,0.47,0.01,0.01,77455.04,1777074422000
1777074424.398,124.398,0.53,0.54,0.46,0.47,0.01,0.01,77455.12,1777074423000
1777074424.839,124.839,0.53,0.54,0.46,0.47,0.01,0.01,77455.12,1777074423000
1777074425.222,125.222,0.53,0.54,0.46,0.47,0.01,0.01,77455.12,1777074424000
1777074425.558,125.558,0.53,0.54,0.46,0.47,0.01,0.01,77455.12,1777074424000
1777074425.962,125.962,0.53,0.54,0.46,0.47,0.01,0.01,77455.12,1777074424000
1777074426.419,126.419,0.53,0.54,0.46,0.47,0.01,0.01,77455.61,1777074425000
1777074426.78,126.78,0.53,0.54,0.46,0.47,0.01,0.01,77455.61,1777074425000
1777074427.195,127.195,0.53,0.54,0.46,0.47,0.01,0.01,77455.61,1777074426000
1777074427.54,127.54,0.54,0.55,0.45,0.46,0.01,0.01,77455.61,1777074426000
1777074427.88,127.88,0.54,0.55,0.45,0.46,0.01,0.01,77455.61,1777074426000
1777074428.409,128.409,0.51,0.52,0.47,0.49,0.01,0.02,77455.61,1777074426000
1777074428.748,128.748,0.51,0.52,0.48,0.49,0.01,0.01,77455.61,1777074427000
1777074429.114,129.114,0.51,0.52,0.48,0.49,0.01,0.01,77455.61,1777074427000
1777074429.509,129.509,0.51,0.52,0.48,0.49,0.01,0.01,77455.61,1777074428000
1777074429.859,129.859,0.51,0.52,0.48,0.49,0.01,0.01,77455.61,1777074428000
1777074430.246,130.246,0.51,0.52,0.48,0.49,0.01,0.01,77455.61,1777074429000
1777074430.642,130.642,0.51,0.52,0.48,0.49,0.01,0.01,77455.61,1777074429000
1777074431.368,131.368,0.51,0.52,0.48,0.49,0.01,0.01,77455.61,1777074429000
1777074431.784,131.784,0.51,0.52,0.48,0.49,0.01,0.01,77455.59,1777074430000
1777074432.178,132.178,0.51,0.52,0.48,0.49,0.01,0.01,77455.59,1777074430000
1777074432.548,132.548,0.49,0.5,0.5,0.51,0.01,0.01,77455.59,1777074431000
1777074432.993,132.993,0.49,0.5,0.5,0.51,0.01,0.01,77455.59,1777074431000
1777074433.426,133.426,0.52,0.53,0.47,0.48,0.01,0.01,77455.59,1777074432000
1777074433.793,133.793,0.52,0.53,0.47,0.48,0.01,0.01,77455.59,1777074432000
1777074434.455,134.455,0.52,0.53,0.47,0.51,0.01,0.04,77455.59,1777074432000
1777074434.966,134.966,0.52,0.53,0.47,0.48,0.01,0.01,77455.58,1777074433000
1777074435.31,135.31,0.52,0.53,0.47,0.48,0.01,0.01,77455.58,1777074433000
1777074435.847,135.847,0.52,0.53,0.47,0.48,0.01,0.01,77455.06,1777074434000
1777074436.441,136.441,0.49,0.5,0.5,0.51,0.01,0.01,77455.06,1777074434000
1777074436.86,136.86,0.49,0.5,0.5,0.51,0.01,0.01,77455.03,1777074435000
1777074437.373,137.373,0.48,0.49,0.51,0.52,0.01,0.01,77455.03,1777074435000
1777074437.737,137.737,0.49,0.5,0.5,0.51,0.01,0.01,77455.06,1777074436000
1777074438.114,138.114,0.48,0.5,0.5,0.52,0.02,0.02,77455.01,1777074437000
1777074438.506,138.506,0.49,0.5,0.51,0.52,0.01,0.01,77455.01,1777074437000
1777074439.012,139.012,0.49,0.5,0.5,0.51,0.01,0.01,77455.01,1777074437000
1777074439.41,139.41,0.49,0.5,0.5,0.51,0.01,0.01,77455.01,1777074437000
1777074439.865,139.865,0.49,0.5,0.5,0.51,0.01,0.01,77455.0,1777074438000
1777074440.575,140.575,0.49,0.5,0.5,0.51,0.01,0.01,77455.0,1777074439000
1777074441.229,141.229,0.49,0.5,0.5,0.51,0.01,0.01,77455.0,1777074439000
1777074442.139,142.139,0.49,0.5,0.5,0.51,0.01,0.01,77455.26,1777074440000
1777074442.628,142.628,0.5,0.51,0.49,0.5,0.01,0.01,77455.26,1777074440000
1777074443.013,143.013,0.53,0.54,0.46,0.47,0.01,0.01,77455.75,1777074441000
1777074443.366,143.366,0.53,0.54,0.46,0.47,0.01,0.01,77455.75,1777074441000
1777074443.962,143.962,0.52,0.54,0.46,0.48,0.02,0.02,77455.77,1777074442000
1777074444.764,144.764,0.52,0.53,0.46,0.48,0.01,0.02,77455.77,1777074442000
1777074445.238,145.238,0.51,0.53,0.47,0.48,0.02,0.01,77455.77,1777074443000
1777074445.717,145.717,0.51,0.52,0.47,0.49,0.01,0.02,77455.77,1777074443000
1777074446.206,146.206,0.51,0.52,0.48,0.49,0.01,0.01,77455.41,1777074444000
1777074446.637,146.637,0.51,0.52,0.48,0.49,0.01,0.01,77455.41,1777074444000
1777074446.982,146.982,0.51,0.52,0.48,0.49,0.01,0.01,77455.41,1777074444000
1777074447.322,147.322,0.51,0.52,0.48,0.49,0.01,0.01,77455.15,1777074446000
1777074448.274,148.274,0.51,0.52,0.48,0.49,0.01,0.01,77455.07,1777074447000
1777074448.95,148.95,0.51,0.52,0.48,0.49,0.01,0.01,77455.07,1777074447000
1777074449.284,149.284,0.51,0.52,0.48,0.49,0.01,0.01,77452.64,1777074448000
1777074449.715,149.715,0.51,0.52,0.48,0.49,0.01,0.01,77452.64,1777074448000
1777074450.386,150.386,0.51,0.52,0.48,0.49,0.01,0.01,77452.65,1777074449000
1777074450.887,150.887,0.52,0.53,0.47,0.48,0.01,0.01,77452.65,1777074449000
1777074451.313,151.313,0.52,0.53,0.47,0.48,0.01,0.01,77452.65,1777074449000
1777074451.827,151.827,0.52,0.53,0.47,0.48,0.01,0.01,77452.64,1777074450000
1777074452.28,152.28,0.52,0.53,0.47,0.48,0.01,0.01,77452.64,1777074451000
1777074452.9,152.9,0.52,0.53,0.47,0.48,0.01,0.01,77453.05,1777074452000
1777074453.341,153.341,0.52,0.53,0.47,0.48,0.01,0.01,77453.05,1777074452000
1777074453.859,153.859,0.52,0.53,0.47,0.48,0.01,0.01,77453.05,1777074452000
1777074454.503,154.503,0.5,0.51,0.47,0.48,0.01,0.01,77457.55,1777074453000
1777074454.997,154.997,0.5,0.51,0.49,0.5,0.01,0.01,77457.55,1777074453000
1777074455.535,155.535,0.5,0.51,0.49,0.5,0.01,0.01,77457.55,1777074454000
1777074455.881,155.881,0.5,0.51,0.49,0.5,0.01,0.01,77457.55,1777074454000
1777074456.217,156.217,0.48,0.51,0.49,0.5,0.03,0.01,77457.54,1777074455000
1777074456.654,156.654,0.5,0.51,0.49,0.5,0.01,0.01,77457.54,1777074455000
1777074457.096,157.096,0.5,0.51,0.49,0.5,0.01,0.01,77457.53,1777074456000
1777074457.548,157.548,0.5,0.51,0.49,0.5,0.01,0.01,77457.53,1777074456000
1777074457.928,157.928,0.5,0.51,0.49,0.5,0.01,0.01,77457.53,1777074456000
1777074458.444,158.444,0.5,0.51,0.49,0.5,0.01,0.01,77457.53,1777074457000
1777074458.968,158.968,0.5,0.51,0.49,0.5,0.01,0.01,77457.53,1777074457000
1777074459.309,159.309,0.37,0.39,0.61,0.63,0.02,0.02,77457.53,1777074458000
1777074459.673,159.673,0.36,0.37,0.63,0.66,0.01,0.03,77457.53,1777074458000
1777074460.079,160.079,0.36,0.37,0.63,0.64,0.01,0.01,77457.53,1777074458000
1777074460.423,160.423,0.36,0.37,0.63,0.64,0.01,0.01,77457.53,1777074459000
1777074460.895,160.895,0.36,0.37,0.63,0.64,0.01,0.01,77457.53,1777074459000
1777074461.52,161.52,0.36,0.37,0.63,0.64,0.01,0.01,77454.79,1777074460000
1777074461.919,161.919,0.36,0.37,0.63,0.64,0.01,0.01,77454.79,1777074460000
1777074462.769,162.769,0.35,0.36,0.64,0.65,0.01,0.01,77454.5,1777074461000
1777074463.264,163.264,0.35,0.36,0.64,0.65,0.01,0.01,77454.5,1777074461000
1777074463.824,163.824,0.35,0.36,0.64,0.65,0.01,0.01,77447.86,1777074462000
1777074464.25,164.25,0.35,0.36,0.64,0.65,0.01,0.01,77447.86,1777074462000
1777074464.632,164.632,0.35,0.36,0.64,0.65,0.01,0.01,77454.65,1777074463000
1777074465.083,165.083,0.35,0.36,0.64,0.65,0.01,0.01,77451.16,1777074464000
1777074465.601,165.601,0.35,0.36,0.64,0.65,0.01,0.01,77451.16,1777074464000
1777074465.971,165.971,0.35,0.36,0.64,0.65,0.01,0.01,77451.16,1777074464000
1777074466.357,166.357,0.35,0.36,0.64,0.65,0.01,0.01,77451.16,1777074464000
1777074466.829,166.829,0.36,0.37,0.63,0.64,0.01,0.01,77451.14,1777074465000
1777074467.412,167.412,0.36,0.37,0.63,0.64,0.01,0.01,77451.16,1777074466000
1777074467.858,167.858,0.36,0.37,0.63,0.64,0.01,0.01,77451.16,1777074466000
1777074468.235,168.235,0.35,0.36,0.63,0.65,0.01,0.02,77450.96,1777074467000
1777074468.712,168.712,0.35,0.36,0.64,0.65,0.01,0.01,77450.96,1777074467000
1777074469.21,169.21,0.35,0.36,0.64,0.65,0.01,0.01,77450.96,1777074467000
1777074469.756,169.756,0.35,0.36,0.64,0.65,0.01,0.01,77454.31,1777074468000
1777074470.167,170.167,0.35,0.36,0.64,0.65,0.01,0.01,77454.31,1777074468000
1777074471.131,171.131,0.35,0.36,0.64,0.65,0.01,0.01,77454.55,1777074470000
1777074471.585,171.585,0.35,0.36,0.64,0.65,0.01,0.01,77454.55,1777074470000
1777074471.936,171.936,0.35,0.36,0.64,0.65,0.01,0.01,77454.55,1777074470000
1777074472.467,172.467,0.35,0.37,0.64,0.65,0.02,0.01,77454.55,1777074470000
1777074472.91,172.91,0.36,0.37,0.63,0.64,0.01,0.01,77454.53,1777074471000
1777074473.349,173.349,0.36,0.37,0.63,0.64,0.01,0.01,77445.66,1777074472000
1777074474.022,174.022,0.36,0.37,0.63,0.64,0.01,0.01,77445.66,1777074472000
1777074474.5,174.5,0.36,0.37,0.63,0.64,0.01,0.01,77445.68,1777074473000
1777074474.944,174.944,0.36,0.37,0.63,0.64,0.01,0.01,77445.68,1777074473000
1777074475.644,175.644,0.36,0.38,0.62,0.64,0.02,0.02,77445.46,1777074474000
1777074476.122,176.122,0.37,0.38,0.62,0.64,0.01,0.02,77445.46,1777074474000
1777074476.507,176.507,0.25,0.31,0.66,0.72,0.06,0.06,77452.56,1777074475000
1777074477.12,177.12,0.25,0.31,0.69,0.75,0.06,0.06,77452.59,1777074476000
1777074477.476,177.476,0.28,0.29,0.7,0.77,0.01,0.07,77452.59,1777074476000
1777074477.83,177.83,0.23,0.28,0.72,0.77,0.05,0.05,77452.59,1777074476000
1777074478.278,178.278,0.23,0.27,0.76,0.77,0.04,0.01,77452.59,1777074476000
1777074478.612,178.612,0.26,0.27,0.73,0.74,0.01,0.01,77452.59,1777074476000
1777074478.961,178.961,0.26,0.27,0.73,0.74,0.01,0.01,77445.3,1777074477000
1777074479.417,179.417,0.26,0.27,0.73,0.74,0.01,0.01,77445.3,1777074477000
1777074479.908,179.908,0.26,0.27,0.73,0.74,0.01,0.01,77447.77,1777074478000
1777074480.244,180.244,0.26,0.27,0.73,0.74,0.01,0.01,77446.56,1777074479000
1777074480.658,180.658,0.25,0.26,0.74,0.75,0.01,0.01,77446.56,1777074479000
1777074481.07,181.07,0.25,0.26,0.74,0.76,0.01,0.02,77446.56,1777074479000
1777074481.489,181.489,0.25,0.26,0.74,0.75,0.01,0.01,77446.5,1777074480000
1777074482.005,182.005,0.25,0.26,0.74,0.75,0.01,0.01,77446.5,1777074480000
1777074482.472,182.472,0.24,0.25,0.75,0.76,0.01,0.01,77446.17,1777074481000
1777074482.844,182.844,0.25,0.26,0.74,0.76,0.01,0.02,77446.17,1777074481000
1777074483.236,183.236,0.24,0.25,0.74,0.76,0.01,0.02,77446.17,1777074482000
1777074483.62,183.62,0.24,0.25,0.75,0.76,0.01,0.01,77446.17,1777074482000
1777074484.009,184.009,0.24,0.26,0.74,0.76,0.02,0.02,77446.17,1777074482000
1777074484.993,184.993,0.25,0.26,0.74,0.75,0.01,0.01,77446.46,1777074483000
1777074485.331,185.331,0.25,0.26,0.74,0.75,0.01,0.01,77446.46,1777074483000
1777074485.688,185.688,0.24,0.25,0.74,0.75,0.01,0.01,77441.29,1777074484000
1777074486.065,186.065,0.24,0.25,0.75,0.76,0.01,0.01,77446.09,1777074485000
1777074486.4,186.4,0.24,0.25,0.75,0.76,0.01,0.01,77446.09,1777074485000
1777074486.973,186.973,0.24,0.25,0.75,0.76,0.01,0.01,77446.09,1777074485000
1777074487.312,187.312,0.24,0.25,0.75,0.76,0.01,0.01,77446.09,1777074485000
1777074487.941,187.941,0.24,0.25,0.75,0.76,0.01,0.01,77446.03,1777074487000
1777074488.288,188.288,0.24,0.25,0.75,0.76,0.01,0.01,77446.03,1777074487000
1777074488.658,188.658,0.2,0.21,0.79,0.8,0.01,0.01,77446.03,1777074487000
1777074489.165,189.165,0.2,0.21,0.79,0.8,0.01,0.01,77446.04,1777074488000
1777074489.549,189.549,0.2,0.21,0.79,0.8,0.01,0.01,77446.04,1777074488000
1777074490.0,190.0,0.2,0.21,0.79,0.8,0.01,0.01,77446.04,1777074488000
1777074490.377,190.377,0.2,0.21,0.79,0.8,0.01,0.01,77445.84,1777074489000
1777074490.837,190.837,0.2,0.21,0.79,0.8,0.01,0.01,77445.84,1777074489000
1777074491.224,191.224,0.19,0.21,0.79,0.8,0.02,0.01,77445.84,1777074489000
1777074491.64,191.64,0.19,0.21,0.79,0.81,0.02,0.02,77441.05,1777074490000
1777074492.147,192.147,0.19,0.21,0.79,0.81,0.02,0.02,77444.92,1777074491000
1777074492.592,192.592,0.19,0.2,0.8,0.81,0.01,0.01,77444.92,1777074491000
1777074492.957,192.957,0.2,0.21,0.79,0.8,0.01,0.01,77444.92,1777074491000
1777074493.336,193.336,0.2,0.21,0.79,0.8,0.01,0.01,77444.9,1777074492000
1777074493.847,193.847,0.2,0.21,0.79,0.8,0.01,0.01,77444.9,1777074492000
1777074494.219,194.219,0.2,0.21,0.79,0.8,0.01,0.01,77444.9,1777074492000
1777074494.678,194.678,0.2,0.21,0.79,0.8,0.01,0.01,77444.92,1777074493000
1777074495.201,195.201,0.2,0.21,0.79,0.8,0.01,0.01,77444.92,1777074494000
1777074495.591,195.591,0.2,0.21,0.79,0.8,0.01,0.01,77444.92,1777074494000
1777074495.982,195.982,0.2,0.21,0.79,0.8,0.01,0.01,77445.58,1777074495000
1777074496.335,196.335,0.21,0.22,0.78,0.79,0.01,0.01,77445.58,1777074495000
1777074496.755,196.755,0.21,0.23,0.78,0.79,0.02,0.01,77445.58,1777074495000
1777074497.182,197.182,0.21,0.22,0.78,0.79,0.01,0.01,77445.58,1777074495000
1777074497.551,197.551,0.21,0.22,0.78,0.79,0.01,0.01,77445.58,1777074495000
1777074497.891,197.891,0.21,0.22,0.78,0.79,0.01,0.01,77445.54,1777074496000
1777074498.559,198.559,0.21,0.22,0.78,0.79,0.01,0.01,77445.54,1777074497000
1777074499.263,199.263,0.21,0.22,0.78,0.79,0.01,0.01,77445.57,1777074498000
1777074499.685,199.685,0.21,0.22,0.78,0.79,0.01,0.01,77445.57,1777074498000
1777074500.793,200.793,0.21,0.22,0.78,0.79,0.01,0.01,77445.45,1777074499000
1777074501.291,201.291,0.21,0.22,0.78,0.79,0.01,0.01,77445.45,1777074499000
1777074501.71,201.71,0.21,0.23,0.78,0.79,0.02,0.01,77445.45,1777074500000
1777074502.098,202.098,0.22,0.23,0.77,0.79,0.01,0.02,77445.45,1777074500000
1777074502.465,202.465,0.22,0.23,0.77,0.78,0.01,0.01,77445.43,1777074501000
1777074503.16,203.16,0.22,0.23,0.77,0.78,0.01,0.01,77445.43,1777074501000
1777074503.574,203.574,0.22,0.23,0.77,0.78,0.01,0.01,77445.44,1777074502000
1777074503.962,203.962,0.22,0.23,0.77,0.78,0.01,0.01,77445.44,1777074502000
1777074504.371,204.371,0.22,0.23,0.77,0.78,0.01,0.01,77445.44,1777074502000
1777074505.148,205.148,0.21,0.22,0.78,0.79,0.01,0.01,77445.44,1777074503000
1777074505.746,205.746,0.21,0.22,0.78,0.79,0.01,0.01,77446.79,1777074504000
1777074506.145,206.145,0.21,0.22,0.78,0.79,0.01,0.01,77446.79,1777074504000
1777074506.546,206.546,0.21,0.22,0.78,0.79,0.01,0.01,77446.79,1777074504000
1777074507.271,207.271,0.21,0.22,0.78,0.79,0.01,0.01,77441.05,1777074506000
1777074508.192,208.192,0.2,0.21,0.78,0.79,0.01,0.01,77441.05,1777074506000
1777074508.756,208.756,0.2,0.21,0.79,0.8,0.01,0.01,77441.05,1777074506000
1777074509.168,209.168,0.18,0.19,0.81,0.82,0.01,0.01,77446.62,1777074507000
1777074509.513,209.513,0.18,0.19,0.81,0.82,0.01,0.01,77446.62,1777074507000
1777074509.862,209.862,0.17,0.18,0.82,0.83,0.01,0.01,77445.51,1777074508000
1777074510.22,210.22,0.17,0.18,0.82,0.83,0.01,0.01,77445.28,1777074509000
1777074510.627,210.627,0.17,0.18,0.82,0.83,0.01,0.01,77445.28,1777074509000
1777074511.464,211.464,0.17,0.18,0.82,0.83,0.01,0.01,77445.28,1777074509000
1777074511.885,211.885,0.17,0.18,0.82,0.83,0.01,0.01,77444.51,1777074510000
1777074512.32,212.32,0.17,0.18,0.82,0.83,0.01,0.01,77444.46,1777074511000
1777074513.094,213.094,0.17,0.18,0.82,0.83,0.01,0.01,77441.05,1777074512000
1777074513.6,213.6,0.17,0.18,0.82,0.83,0.01,0.01,77441.05,1777074512000
1777074514.276,214.276,0.17,0.18,0.82,0.83,0.01,0.01,77441.05,1777074512000
1777074514.968,214.968,0.16,0.17,0.82,0.83,0.01,0.01,77444.84,1777074513000
1777074515.405,215.405,0.12,0.13,0.87,0.88,0.01,0.01,77444.84,1777074513000
1777074515.852,215.852,0.11,0.12,0.88,0.89,0.01,0.01,77444.22,1777074514000
1777074516.187,216.187,0.11,0.12,0.88,0.89,0.01,0.01,77441.71,1777074515000
1777074516.655,216.655,0.11,0.12,0.88,0.89,0.01,0.01,77441.71,1777074515000
1777074517.127,217.127,0.11,0.12,0.88,0.89,0.01,0.01,77441.71,1777074515000
1777074517.471,217.471,0.11,0.12,0.88,0.89,0.01,0.01,77441.05,1777074516000
1777074518.157,218.157,0.1,0.11,0.88,0.9,0.01,0.02,77441.05,1777074516000
1777074518.524,218.524,0.1,0.11,0.89,0.9,0.01,0.01,77441.05,1777074516000
1777074519.05,219.05,0.1,0.11,0.89,0.9,0.01,0.01,77440.68,1777074517000
1777074519.595,219.595,0.11,0.12,0.89,0.9,0.01,0.01,77440.68,1777074518000
1777074520.182,220.182,0.11,0.12,0.88,0.89,0.01,0.01,77441.11,1777074519000
1777074520.539,220.539,0.1,0.12,0.88,0.9,0.02,0.02,77441.11,1777074519000
1777074521.135,221.135,0.1,0.11,0.88,0.89,0.01,0.01,77441.11,1777074519000
1777074521.592,221.592,0.11,0.12,0.87,0.89,0.01,0.02,77434.89,1777074520000
1777074522.395,222.395,0.11,0.12,0.88,0.89,0.01,0.01,77434.4,1777074521000
1777074522.869,222.869,0.1,0.11,0.89,0.9,0.01,0.01,77434.4,1777074521000
1777074523.259,223.259,0.1,0.11,0.89,0.9,0.01,0.01,77434.4,1777074522000
1777074523.592,223.592,0.1,0.11,0.89,0.9,0.01,0.01,77434.4,1777074522000
1777074523.985,223.985,0.11,0.12,0.88,0.89,0.01,0.01,77434.4,1777074522000
1777074524.329,224.329,0.11,0.13,0.88,0.89,0.02,0.01,77433.21,1777074523000
1777074524.748,224.748,0.11,0.12,0.88,0.89,0.01,0.01,77433.21,1777074523000
1777074525.283,225.283,0.11,0.13,0.87,0.89,0.02,0.02,77434.47,1777074524000
1777074525.634,225.634,0.12,0.13,0.87,0.88,0.01,0.01,77434.47,1777074524000
1777074526.09,226.09,0.12,0.13,0.87,0.88,0.01,0.01,77434.47,1777074525000
1777074526.622,226.622,0.12,0.13,0.87,0.88,0.01,0.01,77434.47,1777074525000
1777074526.99,226.99,0.12,0.13,0.87,0.88,0.01,0.01,77434.47,1777074525000
1777074527.371,227.371,0.12,0.13,0.87,0.88,0.01,0.01,77439.07,1777074526000
1777074527.828,227.828,0.11,0.13,0.87,0.88,0.02,0.01,77439.07,1777074526000
1777074528.225,228.225,0.11,0.12,0.88,0.89,0.01,0.01,77438.38,1777074527000
1777074529.134,229.134,0.11,0.12,0.88,0.89,0.01,0.01,77438.42,1777074528000
1777074529.581,229.581,0.11,0.12,0.88,0.89,0.01,0.01,77438.42,1777074528000
1777074529.917,229.917,0.11,0.12,0.88,0.89,0.01,0.01,77438.42,1777074528000
1777074530.26,230.26,0.11,0.12,0.88,0.89,0.01,0.01,77438.6,1777074529000
1777074530.628,230.628,0.11,0.12,0.88,0.89,0.01,0.01,77438.6,1777074529000
1777074531.01,231.01,0.11,0.12,0.88,0.89,0.01,0.01,77438.6,1777074529000
1777074531.417,231.417,0.11,0.12,0.88,0.89,0.01,0.01,77438.83,1777074530000
1777074531.762,231.762,0.11,0.12,0.88,0.89,0.01,0.01,77438.83,1777074530000
1777074532.114,232.114,0.11,0.12,0.88,0.89,0.01,0.01,77438.83,1777074530000
1777074532.489,232.489,0.11,0.12,0.88,0.89,0.01,0.01,77433.75,1777074531000
1777074533.103,233.103,0.11,0.12,0.88,0.89,0.01,0.01,77433.75,1777074531000
1777074533.528,233.528,0.11,0.12,0.88,0.89,0.01,0.01,77433.88,1777074532000
1777074533.988,233.988,0.11,0.12,0.88,0.89,0.01,0.01,77433.88,1777074532000
1777074534.327,234.327,0.1,0.11,0.89,0.9,0.01,0.01,77433.88,1777074532000
1777074534.668,234.668,0.09,0.1,0.9,0.91,0.01,0.01,77433.88,1777074533000
1777074535.159,235.159,0.09,0.1,0.9,0.91,0.01,0.01,77438.69,1777074534000
1777074535.582,235.582,0.09,0.1,0.9,0.91,0.01,0.01,77438.69,1777074534000
1777074535.916,235.916,0.09,0.1,0.9,0.91,0.01,0.01,77438.69,1777074534000
1777074536.838,236.838,0.08,0.09,0.91,0.92,0.01,0.01,77438.53,1777074535000
1777074537.193,237.193,0.08,0.09,0.91,0.94,0.01,0.03,77433.86,1777074536000
1777074537.657,237.657,0.07,0.08,0.92,0.93,0.01,0.01,77433.86,1777074536000
1777074538.085,238.085,0.07,0.08,0.92,0.93,0.01,0.01,77437.96,1777074537000
1777074538.452,238.452,0.07,0.08,0.92,0.93,0.01,0.01,77437.96,1777074537000
1777074538.849,238.849,0.07,0.08,0.92,0.93,0.01,0.01,77437.96,1777074537000
1777074539.223,239.223,0.07,0.08,0.92,0.93,0.01,0.01,77437.95,1777074538000
1777074539.603,239.603,0.07,0.08,0.92,0.93,0.01,0.01,77437.95,1777074538000
1777074540.231,240.231,0.07,0.08,0.92,0.93,0.01,0.01,77437.95,1777074539000
1777074540.603,240.603,0.07,0.08,0.92,0.93,0.01,0.01,77437.95,1777074539000
1777074540.978,240.978,0.07,0.08,0.92,0.93,0.01,0.01,77437.95,1777074539000
1777074541.528,241.528,0.06,0.07,0.93,0.94,0.01,0.01,77437.91,1777074540000
1777074541.924,241.924,0.07,0.08,0.92,0.93,0.01,0.01,77438.05,1777074541000
1777074542.346,242.346,0.07,0.08,0.92,0.93,0.01,0.01,77438.05,1777074541000
1777074542.702,242.702,0.07,0.08,0.92,0.93,0.01,0.01,77438.05,1777074541000
1777074543.08,243.08,0.07,0.08,0.92,0.93,0.01,0.01,77438.05,1777074541000
1777074543.472,243.472,0.07,0.08,0.92,0.93,0.01,0.01,77438.11,1777074542000
1777074543.953,243.953,0.07,0.08,0.92,0.93,0.01,0.01,77438.11,1777074542000
1777074544.385,244.385,0.07,0.08,0.92,0.93,0.01,0.01,77438.02,1777074543000
1777074544.903,244.903,0.07,0.08,0.92,0.93,0.01,0.01,77433.65,1777074544000
1777074545.63,245.63,0.07,0.08,0.92,0.93,0.01,0.01,77433.65,1777074544000
1777074546.152,246.152,0.07,0.08,0.92,0.93,0.01,0.01,77433.79,1777074545000
1777074546.646,246.646,0.07,0.08,0.92,0.93,0.01,0.01,77433.79,1777074545000
1777074547.123,247.123,0.08,0.09,0.91,0.93,0.01,0.02,77433.79,1777074545000
1777074547.547,247.547,0.07,0.08,0.91,0.93,0.01,0.02,77433.81,1777074546000
1777074547.986,247.986,0.07,0.08,0.92,0.93,0.01,0.01,77433.81,1777074546000
1777074548.4,248.4,0.07,0.08,0.92,0.93,0.01,0.01,77438.24,1777074547000
1777074549.257,249.257,0.07,0.08,0.92,0.93,0.01,0.01,77438.24,1777074547000
1777074549.938,249.938,0.07,0.08,0.92,0.93,0.01,0.01,77438.25,1777074549000
1777074550.404,250.404,0.07,0.08,0.92,0.93,0.01,0.01,77438.25,1777074549000
1777074551.098,251.098,0.07,0.08,0.92,0.93,0.01,0.01,77433.76,1777074550000
1777074551.634,251.634,0.05,0.06,0.94,0.95,0.01,0.01,77433.76,1777074550000
1777074552.172,252.172,0.05,0.06,0.94,0.95,0.01,0.01,77433.63,1777074551000
1777074552.574,252.574,0.05,0.06,0.94,0.95,0.01,0.01,77433.63,1777074551000
1777074553.316,253.316,0.05,0.06,0.94,0.95,0.01,0.01,77431.56,1777074552000
1777074553.976,253.976,0.05,0.06,0.94,0.95,0.01,0.01,77431.56,1777074552000
1777074554.339,254.339,0.05,0.06,0.94,0.95,0.01,0.01,77431.56,1777074552000
1777074554.682,254.682,0.05,0.06,0.94,0.95,0.01,0.01,77437.94,1777074553000
1777074555.049,255.049,0.06,0.07,0.93,0.94,0.01,0.01,77437.94,1777074554000
1777074555.401,255.401,0.06,0.07,0.93,0.94,0.01,0.01,77437.94,1777074554000
1777074555.891,255.891,0.05,0.07,0.93,0.94,0.02,0.01,77437.94,1777074554000
1777074556.332,256.332,0.05,0.06,0.94,0.95,0.01,0.01,77438.76,1777074555000
1777074556.706,256.706,0.05,0.06,0.94,0.95,0.01,0.01,77438.76,1777074555000
1777074557.213,257.213,0.05,0.06,0.94,0.95,0.01,0.01,77438.76,1777074555000
1777074557.548,257.548,0.11,0.12,0.88,0.89,0.01,0.01,77438.76,1777074555000
1777074557.896,257.896,0.15,0.16,0.84,0.85,0.01,0.01,77438.76,1777074555000
1777074558.268,258.268,0.14,0.15,0.84,0.86,0.01,0.02,77438.76,1777074555000
1777074558.644,258.644,0.13,0.15,0.85,0.86,0.02,0.01,77438.97,1777074556000
1777074559.154,259.154,0.11,0.12,0.88,0.89,0.01,0.01,77438.73,1777074557000
1777074560.085,260.085,0.11,0.12,0.88,0.89,0.01,0.01,77435.23,1777074558000
1777074560.44,260.44,0.11,0.12,0.88,0.89,0.01,0.01,77435.23,1777074558000
1777074561.017,261.017,0.1,0.12,0.88,0.9,0.02,0.02,77442.87,1777074559000
1777074561.476,261.476,0.11,0.12,0.88,0.9,0.01,0.02,77442.87,1777074559000
1777074561.997,261.997,0.11,0.12,0.88,0.89,0.01,0.01,77442.87,1777074560000
1777074562.903,262.903,0.11,0.12,0.88,0.89,0.01,0.01,77439.81,1777074561000
1777074563.336,263.336,0.1,0.11,0.89,0.9,0.01,0.01,77439.81,1777074561000
1777074563.834,263.834,0.07,0.11,0.89,0.9,0.04,0.01,77439.82,1777074562000
1777074564.225,264.225,0.08,0.09,0.91,0.92,0.01,0.01,77439.82,1777074562000
1777074564.563,264.563,0.08,0.09,0.91,0.92,0.01,0.01,77439.97,1777074563000
1777074565.074,265.074,0.08,0.09,0.91,0.92,0.01,0.01,77439.86,1777074564000
1777074565.416,265.416,0.08,0.09,0.91,0.92,0.01,0.01,77439.86,1777074564000
1777074565.823,265.823,0.08,0.09,0.91,0.92,0.01,0.01,77439.86,1777074564000
1777074566.359,266.359,0.08,0.09,0.91,0.92,0.01,0.01,77440.03,1777074565000
1777074567.156,267.156,0.08,0.09,0.91,0.92,0.01,0.01,77439.89,1777074566000
1777074567.848,267.848,0.08,0.09,0.91,0.92,0.01,0.01,77439.89,1777074566000
1777074568.335,268.335,0.07,0.08,0.91,0.92,0.01,0.01,77439.89,1777074566000
1777074568.706,268.706,0.07,0.08,0.92,0.93,0.01,0.01,77440.03,1777074567000
1777074569.223,269.223,0.05,0.08,0.92,0.95,0.03,0.03,77440.03,1777074568000
1777074569.635,269.635,0.05,0.06,0.94,0.95,0.01,0.01,77440.03,1777074568000
1777074570.022,270.022,0.05,0.06,0.94,0.95,0.01,0.01,77440.03,1777074568000
1777074570.428,270.428,0.05,0.06,0.94,0.95,0.01,0.01,77440.03,1777074568000
1777074571.056,271.056,0.05,0.06,0.94,0.95,0.01,0.01,77442.88,1777074569000
1777074571.391,271.391,0.05,0.06,0.94,0.95,0.01,0.01,77442.88,1777074569000
1777074571.777,271.777,0.05,0.06,0.94,0.95,0.01,0.01,77442.88,1777074570000
1777074572.163,272.163,0.05,0.06,0.94,0.95,0.01,0.01,77442.88,1777074570000
1777074572.56,272.56,0.05,0.06,0.94,0.95,0.01,0.01,77442.88,1777074571000
1777074572.972,272.972,0.05,0.06,0.94,0.95,0.01,0.01,77442.88,1777074571000
1777074573.334,273.334,0.05,0.06,0.94,0.95,0.01,0.01,77442.88,1777074571000
1777074573.848,273.848,0.2,0.21,0.78,0.81,0.01,0.03,77439.88,1777074572000
1777074574.232,274.232,0.2,0.21,0.79,0.8,0.01,0.01,77439.79,1777074573000
1777074574.586,274.586,0.2,0.22,0.78,0.8,0.02,0.02,77439.79,1777074573000
1777074574.98,274.98,0.17,0.18,0.81,0.84,0.01,0.03,77439.79,1777074573000
1777074575.335,275.335,0.16,0.18,0.82,0.84,0.02,0.02,77439.93,1777074574000
1777074575.678,275.678,0.15,0.16,0.83,0.84,0.01,0.01,77439.93,1777074574000
1777074576.215,276.215,0.15,0.16,0.84,0.85,0.01,0.01,77439.93,1777074574000
1777074576.66,276.66,0.15,0.16,0.84,0.85,0.01,0.01,77439.93,1777074574000
1777074577.028,277.028,0.14,0.15,0.85,0.86,0.01,0.01,77444.65,1777074576000
1777074577.368,277.368,0.14,0.15,0.85,0.86,0.01,0.01,77444.65,1777074576000
1777074577.826,277.826,0.12,0.13,0.87,0.88,0.01,0.01,77444.65,1777074576000
1777074578.463,278.463,0.11,0.12,0.88,0.89,0.01,0.01,77444.72,1777074577000
1777074578.905,278.905,0.11,0.12,0.88,0.89,0.01,0.01,77444.63,1777074578000
1777074579.862,279.862,0.11,0.12,0.88,0.89,0.01,0.01,77444.63,1777074578000
1777074580.351,280.351,0.07,0.1,0.92,0.93,0.03,0.01,77444.74,1777074579000
1777074580.741,280.741,0.09,0.1,0.9,0.91,0.01,0.01,77444.74,1777074579000
1777074581.38,281.38,0.06,0.07,0.92,0.94,0.01,0.02,77444.71,1777074580000
1777074581.881,281.881,0.06,0.07,0.93,0.94,0.01,0.01,77444.71,1777074580000
1777074582.636,282.636,0.05,0.06,0.93,0.95,0.01,0.02,77444.69,1777074581000
1777074582.999,282.999,0.04,0.06,0.94,0.95,0.02,0.01,77444.69,1777074581000
1777074583.426,283.426,0.04,0.05,0.95,0.96,0.01,0.01,77441.43,1777074582000
1777074583.798,283.798,0.04,0.05,0.95,0.96,0.01,0.01,77441.43,1777074582000
1777074584.285,284.285,0.04,0.05,0.95,0.96,0.01,0.01,77441.04,1777074583000
1777074584.622,284.622,0.04,0.05,0.95,0.96,0.01,0.01,77441.04,1777074583000
1777074585.006,285.006,0.05,0.06,0.95,0.96,0.01,0.01,77441.04,1777074583000
1777074585.344,285.344,0.05,0.06,0.94,0.95,0.01,0.01,77436.67,1777074584000
1777074585.745,285.745,0.07,0.08,0.92,0.93,0.01,0.01,77436.67,1777074584000
1777074586.352,286.352,0.05,0.06,0.92,0.95,0.01,0.03,77436.81,1777074585000
1777074586.735,286.735,0.05,0.06,0.94,0.95,0.01,0.01,77436.81,1777074585000
1777074587.313,287.313,0.05,0.06,0.94,0.95,0.01,0.01,77440.96,1777074586000
1777074587.899,287.899,0.05,0.06,0.94,0.95,0.01,0.01,77440.96,1777074586000
1777074588.58,288.58,0.04,0.05,0.94,0.96,0.01,0.02,77440.96,1777074587000
1777074588.929,288.929,0.04,0.1,0.9,0.96,0.06,0.06,77441.09,1777074588000
1777074589.276,289.276,0.09,0.1,0.9,0.91,0.01,0.01,77441.09,1777074588000
1777074589.637,289.637,0.08,0.09,0.91,0.92,0.01,0.01,77441.09,1777074588000
1777074590.335,290.335,0.05,0.06,0.91,0.92,0.01,0.01,77441.09,1777074588000
1777074590.725,290.725,0.04,0.05,0.94,0.96,0.01,0.02,77441.09,1777074588000
1777074591.324,291.324,0.03,0.05,0.95,0.96,0.02,0.01,77441.09,1777074588000
1777074591.667,291.667,0.03,0.04,0.96,0.97,0.01,0.01,77441.23,1777074589000
1777074592.057,292.057,0.03,0.04,0.96,0.97,0.01,0.01,77441.23,1777074589000
1777074592.429,292.429,0.03,0.04,0.96,0.97,0.01,0.01,77444.68,1777074590000
1777074592.817,292.817,0.03,0.04,0.96,0.97,0.01,0.01,77444.71,1777074591000
1777074593.249,293.249,0.03,0.04,0.96,0.97,0.01,0.01,77444.71,1777074591000
1777074593.588,293.588,0.03,0.04,0.96,0.97,0.01,0.01,77444.72,1777074592000
1777074593.959,293.959,0.03,0.04,0.96,0.97,0.01,0.01,77444.72,1777074592000
1777074594.321,294.321,0.03,0.04,0.96,0.97,0.01,0.01,77444.26,1777074593000
1777074594.662,294.662,0.03,0.04,0.96,0.97,0.01,0.01,77444.26,1777074593000
1777074595.015,295.015,0.02,0.03,0.97,0.98,0.01,0.01,77444.26,1777074593000
1777074595.429,295.429,0.02,0.03,0.97,0.98,0.01,0.01,77444.26,1777074593000
1777074595.777,295.777,0.02,0.03,0.97,0.98,0.01,0.01,77444.26,1777074594000
1777074596.111,296.111,0.02,0.03,0.97,0.98,0.01,0.01,77444.26,1777074594000
1777074596.446,296.446,0.01,0.02,0.98,0.99,0.01,0.01,77444.26,1777074595000
1777074596.789,296.789,0.01,0.02,0.98,0.99,0.01,0.01,77444.26,1777074595000
1777074597.153,297.153,0.01,0.02,0.98,0.99,0.01,0.01,77444.26,1777074595000
1777074597.503,297.503,0.01,0.02,0.98,0.99,0.01,0.01,77444.29,1777074596000
1777074597.856,297.856,0.01,0.02,0.98,0.99,0.01,0.01,77444.29,1777074596000
1777074598.246,298.246,0.01,0.02,0.98,0.99,0.01,0.01,77444.29,1777074596000
1777074598.58,298.58,0.01,0.02,0.98,0.99,0.01,0.01,77444.14,1777074597000
1777074598.99,298.99,0.01,0.01,0.99,0.99,0.0,0.0,77444.14,1777074597000
1777074599.353,299.353,0.01,0.01,0.99,0.99,0.0,0.0,77444.05,1777074598000
1777074599.953,299.953,0.01,0.01,0.99,0.99,0.0,0.0,77444.05,1777074598000
1777074600.411,300.411,0.01,0.01,0.99,0.99,0.0,0.0,77444.05,1777074598000
1777074600.747,300.747,0.01,0.01,0.99,0.99,0.0,0.0,77444.05,1777074598000

# RESULT,winner=Down,slug=btc-updown-5m-1777074300,ticks=635
