timestamp,elapsed_sec,up_bid,up_ask,down_bid,down_ask,up_spread,down_spread,btc_price,btc_oracle_ts
1776316800.615,0.615,0.48,0.49,0.51,0.52,0.01,0.01,75011.25,1776316799000
1776316800.955,0.955,0.46,0.49,0.51,0.52,0.03,0.01,75011.09,1776316800000
1776316801.431,1.431,0.48,0.49,0.51,0.54,0.01,0.03,75011.09,1776316800000
1776316801.918,1.918,0.48,0.49,0.51,0.52,0.01,0.01,75011.09,1776316801000
1776316802.256,2.256,0.44,0.45,0.53,0.55,0.01,0.02,75011.09,1776316801000
1776316802.734,2.734,0.43,0.45,0.55,0.56,0.02,0.01,75011.09,1776316801000
1776316803.112,3.112,0.42,0.45,0.55,0.58,0.03,0.03,75011.05,1776316802000
1776316803.469,3.469,0.42,0.44,0.56,0.58,0.02,0.02,75011.05,1776316802000
1776316803.897,3.897,0.41,0.42,0.56,0.59,0.01,0.03,75011.05,1776316802000
1776316804.4,4.4,0.41,0.42,0.58,0.59,0.01,0.01,75004.97,1776316803000
1776316804.775,4.775,0.41,0.42,0.58,0.59,0.01,0.01,75004.97,1776316803000
1776316805.108,5.108,0.44,0.45,0.55,0.56,0.01,0.01,75004.97,1776316803000
1776316805.631,5.631,0.44,0.46,0.55,0.56,0.02,0.01,75003.32,1776316804000
1776316806.027,6.027,0.48,0.49,0.51,0.52,0.01,0.01,75003.32,1776316804000
1776316806.426,6.426,0.49,0.5,0.5,0.51,0.01,0.01,75003.0,1776316805000
1776316806.968,6.968,0.48,0.5,0.5,0.51,0.02,0.01,75003.0,1776316805000
1776316807.402,7.402,0.48,0.49,0.51,0.52,0.01,0.01,75003.62,1776316806000
1776316807.802,7.802,0.48,0.49,0.51,0.52,0.01,0.01,75003.62,1776316806000
1776316808.295,8.295,0.48,0.49,0.51,0.52,0.01,0.01,75003.62,1776316806000
1776316808.639,8.639,0.48,0.49,0.51,0.52,0.01,0.01,75006.38,1776316807000
1776316809.131,9.131,0.48,0.51,0.51,0.52,0.03,0.01,75007.1,1776316808000
1776316809.496,9.496,0.5,0.51,0.49,0.5,0.01,0.01,75007.1,1776316808000
1776316810.011,10.011,0.51,0.52,0.48,0.49,0.01,0.01,75007.13,1776316809000
1776316810.417,10.417,0.51,0.52,0.48,0.49,0.01,0.01,75007.13,1776316809000
1776316810.791,10.791,0.52,0.53,0.47,0.48,0.01,0.01,75007.13,1776316809000
1776316811.126,11.126,0.52,0.53,0.47,0.48,0.01,0.01,75007.36,1776316810000
1776316811.462,11.462,0.53,0.54,0.46,0.47,0.01,0.01,75007.36,1776316810000
1776316811.829,11.829,0.53,0.54,0.46,0.47,0.01,0.01,75007.36,1776316810000
1776316812.164,12.164,0.53,0.54,0.46,0.47,0.01,0.01,75010.22,1776316811000
1776316812.556,12.556,0.53,0.54,0.46,0.47,0.01,0.01,75010.22,1776316811000
1776316813.086,13.086,0.52,0.54,0.46,0.47,0.02,0.01,75010.22,1776316811000
1776316813.475,13.475,0.52,0.53,0.46,0.48,0.01,0.02,75010.49,1776316812000
1776316813.907,13.907,0.52,0.53,0.47,0.48,0.01,0.01,75010.49,1776316812000
1776316814.444,14.444,0.52,0.53,0.47,0.48,0.01,0.01,75010.49,1776316812000
1776316815.295,15.295,0.52,0.53,0.47,0.48,0.01,0.01,75010.58,1776316814000
1776316815.722,15.722,0.52,0.53,0.47,0.48,0.01,0.01,75010.58,1776316814000
1776316816.197,16.197,0.52,0.53,0.47,0.48,0.01,0.01,75010.58,1776316814000
1776316816.974,16.974,0.52,0.53,0.47,0.48,0.01,0.01,75008.25,1776316815000
1776316817.433,17.433,0.52,0.53,0.47,0.48,0.01,0.01,75008.25,1776316815000
1776316817.888,17.888,0.52,0.53,0.47,0.48,0.01,0.01,75010.45,1776316816000
1776316818.337,18.337,0.52,0.53,0.47,0.48,0.01,0.01,75010.45,1776316816000
1776316818.787,18.787,0.52,0.53,0.47,0.48,0.01,0.01,75010.45,1776316817000
1776316819.16,19.16,0.52,0.53,0.47,0.48,0.01,0.01,75010.45,1776316817000
1776316820.035,20.035,0.52,0.53,0.47,0.48,0.01,0.01,75010.45,1776316818000
1776316820.373,20.373,0.52,0.53,0.47,0.48,0.01,0.01,75010.45,1776316818000
1776316820.782,20.782,0.52,0.53,0.47,0.48,0.01,0.01,75010.46,1776316819000
1776316821.133,21.133,0.52,0.53,0.47,0.48,0.01,0.01,75010.46,1776316819000
1776316821.605,21.605,0.52,0.53,0.47,0.48,0.01,0.01,75010.46,1776316820000
1776316822.029,22.029,0.52,0.53,0.47,0.48,0.01,0.01,75010.46,1776316820000
1776316822.451,22.451,0.54,0.55,0.47,0.48,0.01,0.01,75010.46,1776316820000
1776316822.799,22.799,0.54,0.55,0.45,0.46,0.01,0.01,75010.67,1776316821000
1776316823.236,23.236,0.54,0.55,0.45,0.46,0.01,0.01,75010.67,1776316821000
1776316823.579,23.579,0.61,0.64,0.36,0.39,0.03,0.03,75010.67,1776316821000
1776316823.928,23.928,0.67,0.68,0.29,0.33,0.01,0.04,75010.98,1776316822000
1776316824.319,24.319,0.67,0.68,0.32,0.33,0.01,0.01,75010.98,1776316822000
1776316824.712,24.712,0.68,0.69,0.3,0.32,0.01,0.02,75010.99,1776316823000
1776316825.053,25.053,0.68,0.69,0.31,0.32,0.01,0.01,75010.99,1776316823000
1776316825.394,25.394,0.64,0.65,0.35,0.36,0.01,0.01,75014.23,1776316824000
1776316825.738,25.738,0.64,0.65,0.35,0.36,0.01,0.01,75014.23,1776316824000
1776316826.122,26.122,0.64,0.65,0.35,0.36,0.01,0.01,75014.23,1776316824000
1776316826.543,26.543,0.65,0.66,0.34,0.36,0.01,0.02,75014.23,1776316824000
1776316826.888,26.888,0.65,0.66,0.34,0.35,0.01,0.01,75030.97,1776316825000
1776316827.483,27.483,0.65,0.66,0.34,0.35,0.01,0.01,75031.68,1776316826000
1776316827.949,27.949,0.65,0.66,0.34,0.35,0.01,0.01,75031.68,1776316826000
1776316828.289,28.289,0.65,0.66,0.34,0.35,0.01,0.01,75031.48,1776316827000
1776316828.822,28.822,0.65,0.66,0.34,0.35,0.01,0.01,75031.48,1776316827000
1776316829.166,29.166,0.65,0.66,0.34,0.35,0.01,0.01,75031.48,1776316827000
1776316829.504,29.504,0.65,0.66,0.34,0.35,0.01,0.01,75031.48,1776316827000
1776316829.893,29.893,0.65,0.66,0.34,0.35,0.01,0.01,75031.54,1776316828000
1776316830.255,30.255,0.65,0.66,0.34,0.35,0.01,0.01,75031.54,1776316828000
1776316830.602,30.602,0.65,0.66,0.34,0.35,0.01,0.01,75031.54,1776316829000
1776316830.963,30.963,0.65,0.67,0.34,0.35,0.02,0.01,75031.54,1776316829000
1776316831.307,31.307,0.66,0.67,0.33,0.34,0.01,0.01,75030.97,1776316830000
1776316831.674,31.674,0.66,0.67,0.33,0.34,0.01,0.01,75030.97,1776316830000
1776316832.051,32.051,0.65,0.67,0.33,0.34,0.02,0.01,75030.97,1776316830000
1776316832.484,32.484,0.66,0.67,0.33,0.34,0.01,0.01,75031.59,1776316831000
1776316832.837,32.837,0.66,0.67,0.33,0.34,0.01,0.01,75031.59,1776316831000
1776316833.252,33.252,0.66,0.67,0.33,0.34,0.01,0.01,75031.59,1776316831000
1776316833.717,33.717,0.67,0.68,0.32,0.33,0.01,0.01,75031.59,1776316832000
1776316834.181,34.181,0.67,0.68,0.32,0.33,0.01,0.01,75031.59,1776316832000
1776316834.524,34.524,0.67,0.68,0.32,0.33,0.01,0.01,75031.63,1776316833000
1776316834.946,34.946,0.67,0.68,0.32,0.33,0.01,0.01,75031.63,1776316833000
1776316835.308,35.308,0.67,0.68,0.32,0.33,0.01,0.01,75031.98,1776316834000
1776316835.645,35.645,0.67,0.68,0.32,0.33,0.01,0.01,75031.98,1776316834000
1776316836.011,36.011,0.72,0.75,0.26,0.32,0.03,0.06,75031.98,1776316834000
1776316836.393,36.393,0.75,0.77,0.24,0.25,0.02,0.01,75032.3,1776316835000
1776316836.754,36.754,0.76,0.78,0.22,0.24,0.02,0.02,75032.3,1776316835000
1776316837.099,37.099,0.77,0.78,0.22,0.23,0.01,0.01,75032.3,1776316835000
1776316837.443,37.443,0.77,0.79,0.22,0.23,0.02,0.01,75032.44,1776316836000
1776316837.784,37.784,0.78,0.79,0.21,0.22,0.01,0.01,75032.44,1776316836000
1776316838.139,38.139,0.78,0.79,0.21,0.22,0.01,0.01,75039.23,1776316837000
1776316838.484,38.484,0.78,0.79,0.21,0.22,0.01,0.01,75039.23,1776316837000
1776316838.935,38.935,0.78,0.79,0.21,0.22,0.01,0.01,75039.23,1776316837000
1776316839.523,39.523,0.77,0.78,0.22,0.23,0.01,0.01,75045.61,1776316838000
1776316839.919,39.919,0.77,0.78,0.22,0.23,0.01,0.01,75045.61,1776316838000
1776316840.263,40.263,0.77,0.78,0.22,0.23,0.01,0.01,75050.06,1776316839000
1776316840.721,40.721,0.76,0.77,0.23,0.24,0.01,0.01,75050.06,1776316839000
1776316841.073,41.073,0.76,0.77,0.23,0.24,0.01,0.01,75050.06,1776316839000
1776316841.731,41.731,0.76,0.77,0.23,0.24,0.01,0.01,75050.56,1776316840000
1776316842.069,42.069,0.76,0.77,0.23,0.24,0.01,0.01,75049.36,1776316841000
1776316842.469,42.469,0.76,0.77,0.23,0.24,0.01,0.01,75049.36,1776316841000
1776316842.94,42.94,0.76,0.77,0.23,0.24,0.01,0.01,75049.36,1776316841000
1776316843.432,43.432,0.75,0.76,0.23,0.24,0.01,0.01,75048.72,1776316842000
1776316843.768,43.768,0.75,0.76,0.24,0.25,0.01,0.01,75048.72,1776316842000
1776316844.339,44.339,0.75,0.76,0.24,0.25,0.01,0.01,75048.67,1776316843000
1776316844.807,44.807,0.75,0.76,0.24,0.25,0.01,0.01,75048.67,1776316843000
1776316845.3,45.3,0.75,0.76,0.24,0.25,0.01,0.01,75048.7,1776316844000
1776316845.652,45.652,0.75,0.76,0.24,0.25,0.01,0.01,75048.7,1776316844000
1776316846.022,46.022,0.75,0.76,0.24,0.25,0.01,0.01,75048.69,1776316845000
1776316846.554,46.554,0.75,0.76,0.24,0.25,0.01,0.01,75048.69,1776316845000
1776316846.902,46.902,0.75,0.76,0.24,0.25,0.01,0.01,75048.69,1776316845000
1776316847.325,47.325,0.75,0.76,0.24,0.25,0.01,0.01,75048.69,1776316846000
1776316847.779,47.779,0.75,0.76,0.24,0.25,0.01,0.01,75048.69,1776316846000
1776316848.115,48.115,0.75,0.76,0.24,0.25,0.01,0.01,75048.7,1776316847000
1776316848.722,48.722,0.75,0.76,0.24,0.25,0.01,0.01,75048.7,1776316847000
1776316849.249,49.249,0.75,0.76,0.24,0.25,0.01,0.01,75048.71,1776316848000
1776316849.676,49.676,0.75,0.76,0.24,0.25,0.01,0.01,75048.71,1776316848000
1776316850.024,50.024,0.75,0.76,0.24,0.25,0.01,0.01,75048.68,1776316849000
1776316850.386,50.386,0.75,0.76,0.24,0.25,0.01,0.01,75048.68,1776316849000
1776316850.727,50.727,0.75,0.76,0.24,0.25,0.01,0.01,75048.68,1776316849000
1776316851.136,51.136,0.75,0.76,0.24,0.25,0.01,0.01,75050.04,1776316850000
1776316851.701,51.701,0.75,0.77,0.24,0.25,0.02,0.01,75050.04,1776316850000
1776316852.035,52.035,0.76,0.77,0.23,0.24,0.01,0.01,75048.67,1776316851000
1776316852.395,52.395,0.76,0.77,0.23,0.24,0.01,0.01,75048.67,1776316851000
1776316852.971,52.971,0.76,0.77,0.23,0.24,0.01,0.01,75048.67,1776316851000
1776316853.745,53.745,0.74,0.75,0.24,0.26,0.01,0.02,75048.67,1776316852000
1776316854.084,54.084,0.74,0.75,0.25,0.26,0.01,0.01,75048.67,1776316852000
1776316854.556,54.556,0.74,0.75,0.25,0.26,0.01,0.01,75049.4,1776316853000
1776316855.158,55.158,0.74,0.75,0.25,0.26,0.01,0.01,75049.4,1776316853000
1776316855.596,55.596,0.74,0.75,0.25,0.26,0.01,0.01,75049.1,1776316854000
1776316855.996,55.996,0.74,0.75,0.25,0.26,0.01,0.01,75049.1,1776316854000
1776316857.25,57.25,0.74,0.75,0.25,0.26,0.01,0.01,75048.97,1776316856000
1776316858.233,58.233,0.74,0.75,0.25,0.26,0.01,0.01,75048.97,1776316856000
1776316858.636,58.636,0.74,0.75,0.25,0.26,0.01,0.01,75048.98,1776316857000
1776316859.042,59.042,0.74,0.75,0.25,0.26,0.01,0.01,75048.98,1776316857000
1776316859.424,59.424,0.74,0.75,0.25,0.26,0.01,0.01,75049.05,1776316858000
1776316859.798,59.798,0.73,0.75,0.25,0.26,0.02,0.01,75049.05,1776316858000
1776316860.189,60.189,0.74,0.75,0.25,0.26,0.01,0.01,75049.06,1776316859000
1776316860.559,60.559,0.74,0.75,0.25,0.26,0.01,0.01,75049.06,1776316859000
1776316860.942,60.942,0.74,0.75,0.25,0.26,0.01,0.01,75049.06,1776316859000
1776316861.472,61.472,0.74,0.75,0.25,0.26,0.01,0.01,75049.06,1776316859000
1776316861.922,61.922,0.74,0.75,0.25,0.26,0.01,0.01,75049.07,1776316860000
1776316862.271,62.271,0.76,0.77,0.23,0.26,0.01,0.03,75049.06,1776316861000
1776316862.609,62.609,0.76,0.77,0.23,0.24,0.01,0.01,75049.06,1776316861000
1776316862.992,62.992,0.76,0.77,0.23,0.24,0.01,0.01,75049.06,1776316861000
1776316863.483,63.483,0.76,0.77,0.23,0.24,0.01,0.01,75048.0,1776316862000
1776316863.828,63.828,0.75,0.76,0.23,0.25,0.01,0.02,75048.0,1776316862000
1776316864.167,64.167,0.73,0.74,0.25,0.27,0.01,0.02,75048.0,1776316862000
1776316864.501,64.501,0.73,0.74,0.26,0.27,0.01,0.01,75048.03,1776316863000
1776316865.089,65.089,0.72,0.73,0.26,0.29,0.01,0.03,75048.03,1776316863000
1776316865.466,65.466,0.72,0.73,0.27,0.28,0.01,0.01,75048.03,1776316863000
1776316866.179,66.179,0.72,0.73,0.27,0.28,0.01,0.01,75048.55,1776316864000
1776316866.614,66.614,0.72,0.73,0.27,0.28,0.01,0.01,75048.07,1776316865000
1776316867.321,67.321,0.73,0.74,0.26,0.27,0.01,0.01,75045.68,1776316866000
1776316867.878,67.878,0.73,0.74,0.26,0.27,0.01,0.01,75045.68,1776316866000
1776316868.463,68.463,0.73,0.74,0.26,0.27,0.01,0.01,75045.81,1776316867000
1776316869.019,69.019,0.73,0.74,0.26,0.27,0.01,0.01,75046.16,1776316868000
1776316869.361,69.361,0.73,0.74,0.26,0.27,0.01,0.01,75046.16,1776316868000
1776316869.698,69.698,0.73,0.75,0.26,0.27,0.02,0.01,75046.16,1776316868000
1776316870.038,70.038,0.74,0.78,0.22,0.26,0.04,0.04,75046.16,1776316868000
1776316870.482,70.482,0.77,0.78,0.22,0.23,0.01,0.01,75046.15,1776316869000
1776316870.857,70.857,0.77,0.78,0.22,0.23,0.01,0.01,75046.16,1776316870000
1776316871.383,71.383,0.77,0.78,0.22,0.23,0.01,0.01,75046.16,1776316870000
1776316871.84,71.84,0.77,0.78,0.22,0.23,0.01,0.01,75046.16,1776316870000
1776316872.405,72.405,0.77,0.78,0.22,0.23,0.01,0.01,75051.12,1776316871000
1776316872.994,72.994,0.79,0.8,0.22,0.23,0.01,0.01,75051.12,1776316871000
1776316873.384,73.384,0.79,0.8,0.2,0.21,0.01,0.01,75051.3,1776316872000
1776316873.726,73.726,0.79,0.8,0.2,0.21,0.01,0.01,75051.3,1776316872000
1776316874.073,74.073,0.79,0.8,0.2,0.21,0.01,0.01,75051.3,1776316872000
1776316874.657,74.657,0.79,0.8,0.2,0.21,0.01,0.01,75056.28,1776316873000
1776316875.133,75.133,0.79,0.8,0.2,0.21,0.01,0.01,75056.28,1776316873000
1776316875.482,75.482,0.79,0.8,0.2,0.21,0.01,0.01,75056.28,1776316873000
1776316875.951,75.951,0.79,0.8,0.2,0.21,0.01,0.01,75061.76,1776316874000
1776316876.629,76.629,0.79,0.8,0.2,0.21,0.01,0.01,75062.73,1776316875000
1776316877.203,77.203,0.79,0.8,0.2,0.21,0.01,0.01,75062.73,1776316875000
1776316877.83,77.83,0.79,0.8,0.2,0.21,0.01,0.01,75062.73,1776316875000
1776316878.186,78.186,0.78,0.8,0.2,0.22,0.02,0.02,75062.8,1776316876000
1776316878.539,78.539,0.78,0.79,0.21,0.22,0.01,0.01,75062.8,1776316876000
1776316878.886,78.886,0.78,0.79,0.21,0.22,0.01,0.01,75062.32,1776316877000
1776316879.237,79.237,0.75,0.76,0.21,0.24,0.01,0.03,75062.32,1776316877000
1776316879.629,79.629,0.74,0.75,0.25,0.26,0.01,0.01,75062.32,1776316877000
1776316880.109,80.109,0.73,0.74,0.26,0.27,0.01,0.01,75061.64,1776316878000
1776316880.483,80.483,0.73,0.74,0.26,0.27,0.01,0.01,75059.21,1776316879000
1776316880.897,80.897,0.73,0.74,0.26,0.27,0.01,0.01,75059.21,1776316879000
1776316881.254,81.254,0.73,0.75,0.26,0.27,0.02,0.01,75059.21,1776316879000
1776316881.592,81.592,0.75,0.77,0.24,0.25,0.02,0.01,75051.45,1776316880000
1776316881.967,81.967,0.76,0.77,0.23,0.24,0.01,0.01,75051.45,1776316880000
1776316882.555,82.555,0.76,0.77,0.23,0.24,0.01,0.01,75049.78,1776316881000
1776316882.973,82.973,0.77,0.78,0.22,0.23,0.01,0.01,75049.78,1776316881000
1776316883.341,83.341,0.77,0.78,0.22,0.23,0.01,0.01,75051.63,1776316882000
1776316883.704,83.704,0.78,0.79,0.21,0.23,0.01,0.02,75051.63,1776316882000
1776316884.142,84.142,0.79,0.8,0.2,0.21,0.01,0.01,75051.63,1776316882000
1776316884.478,84.478,0.79,0.8,0.2,0.21,0.01,0.01,75051.63,1776316882000
1776316884.972,84.972,0.79,0.8,0.2,0.21,0.01,0.01,75052.14,1776316883000
1776316885.761,85.761,0.79,0.8,0.2,0.21,0.01,0.01,75052.22,1776316884000
1776316886.13,86.13,0.79,0.8,0.2,0.21,0.01,0.01,75052.22,1776316884000
1776316886.602,86.602,0.79,0.8,0.2,0.21,0.01,0.01,75053.35,1776316885000
1776316886.973,86.973,0.79,0.8,0.2,0.21,0.01,0.01,75053.35,1776316885000
1776316887.352,87.352,0.79,0.8,0.2,0.21,0.01,0.01,75054.37,1776316886000
1776316887.696,87.696,0.79,0.8,0.2,0.21,0.01,0.01,75054.37,1776316886000
1776316888.07,88.07,0.79,0.8,0.2,0.21,0.01,0.01,75054.37,1776316886000
1776316888.42,88.42,0.79,0.8,0.2,0.21,0.01,0.01,75054.37,1776316886000
1776316888.932,88.932,0.79,0.8,0.2,0.21,0.01,0.01,75054.37,1776316886000
1776316889.353,89.353,0.79,0.8,0.2,0.21,0.01,0.01,75056.71,1776316887000
1776316889.77,89.77,0.79,0.8,0.2,0.21,0.01,0.01,75059.0,1776316888000
1776316890.119,90.119,0.79,0.8,0.2,0.21,0.01,0.01,75059.0,1776316888000
1776316890.467,90.467,0.79,0.8,0.2,0.21,0.01,0.01,75059.69,1776316889000
1776316891.117,91.117,0.79,0.8,0.2,0.21,0.01,0.01,75059.69,1776316889000
1776316891.695,91.695,0.79,0.8,0.2,0.21,0.01,0.01,75060.8,1776316890000
1776316892.072,92.072,0.79,0.8,0.2,0.21,0.01,0.01,75060.8,1776316890000
1776316892.454,92.454,0.79,0.8,0.2,0.21,0.01,0.01,75061.34,1776316891000
1776316892.834,92.834,0.79,0.8,0.2,0.21,0.01,0.01,75061.34,1776316891000
1776316893.173,93.173,0.79,0.8,0.2,0.21,0.01,0.01,75061.34,1776316891000
1776316894.302,94.302,0.78,0.79,0.2,0.22,0.01,0.02,75061.67,1776316892000
1776316894.751,94.751,0.78,0.79,0.21,0.22,0.01,0.01,75061.67,1776316893000
1776316895.095,95.095,0.78,0.79,0.21,0.22,0.01,0.01,75060.06,1776316894000
1776316895.76,95.76,0.76,0.77,0.23,0.24,0.01,0.01,75060.06,1776316894000
1776316896.105,96.105,0.76,0.77,0.23,0.24,0.01,0.01,75059.09,1776316895000
1776316896.7,96.7,0.74,0.75,0.24,0.25,0.01,0.01,75059.09,1776316895000
1776316897.23,97.23,0.74,0.75,0.25,0.26,0.01,0.01,75054.53,1776316896000
1776316897.686,97.686,0.74,0.75,0.25,0.26,0.01,0.01,75054.53,1776316896000
1776316898.27,98.27,0.74,0.75,0.25,0.26,0.01,0.01,75053.78,1776316897000
1776316898.755,98.755,0.74,0.75,0.25,0.26,0.01,0.01,75053.78,1776316897000
1776316899.177,99.177,0.74,0.75,0.25,0.26,0.01,0.01,75053.78,1776316897000
1776316899.655,99.655,0.74,0.75,0.25,0.26,0.01,0.01,75052.79,1776316898000
1776316900.081,100.081,0.74,0.75,0.25,0.26,0.01,0.01,75052.79,1776316899000
1776316900.469,100.469,0.74,0.75,0.25,0.26,0.01,0.01,75052.79,1776316899000
1776316900.802,100.802,0.74,0.75,0.25,0.26,0.01,0.01,75052.79,1776316899000
1776316901.14,101.14,0.74,0.75,0.25,0.26,0.01,0.01,75052.79,1776316900000
1776316901.537,101.537,0.74,0.75,0.25,0.26,0.01,0.01,75052.79,1776316900000
1776316902.149,102.149,0.74,0.75,0.25,0.26,0.01,0.01,75052.85,1776316901000
1776316902.498,102.498,0.74,0.75,0.25,0.26,0.01,0.01,75052.85,1776316901000
1776316902.903,102.903,0.74,0.75,0.25,0.26,0.01,0.01,75052.85,1776316901000
1776316903.416,103.416,0.74,0.75,0.25,0.26,0.01,0.01,75053.04,1776316902000
1776316904.234,104.234,0.74,0.75,0.25,0.26,0.01,0.01,75054.71,1776316903000
1776316904.653,104.653,0.74,0.75,0.25,0.26,0.01,0.01,75054.71,1776316903000
1776316905.07,105.07,0.74,0.75,0.25,0.26,0.01,0.01,75054.71,1776316903000
1776316905.535,105.535,0.74,0.75,0.25,0.26,0.01,0.01,75053.81,1776316904000
1776316905.892,105.892,0.74,0.75,0.25,0.26,0.01,0.01,75053.68,1776316905000
1776316906.649,106.649,0.74,0.75,0.25,0.26,0.01,0.01,75053.68,1776316905000
1776316906.997,106.997,0.74,0.75,0.25,0.26,0.01,0.01,75053.54,1776316906000
1776316907.498,107.498,0.73,0.76,0.25,0.26,0.03,0.01,75053.54,1776316906000
1776316907.926,107.926,0.75,0.76,0.24,0.27,0.01,0.03,75053.54,1776316906000
1776316908.393,108.393,0.75,0.76,0.24,0.25,0.01,0.01,75053.54,1776316906000
1776316908.894,108.894,0.75,0.76,0.24,0.25,0.01,0.01,75054.81,1776316907000
1776316909.358,109.358,0.75,0.76,0.24,0.25,0.01,0.01,75054.77,1776316908000
1776316909.842,109.842,0.75,0.76,0.24,0.25,0.01,0.01,75054.77,1776316908000
1776316910.633,110.633,0.75,0.76,0.24,0.25,0.01,0.01,75054.77,1776316909000
1776316911.139,111.139,0.75,0.76,0.24,0.25,0.01,0.01,75054.86,1776316910000
1776316911.789,111.789,0.78,0.79,0.24,0.25,0.01,0.01,75054.86,1776316910000
1776316912.174,112.174,0.78,0.79,0.21,0.22,0.01,0.01,75054.86,1776316911000
1776316912.522,112.522,0.78,0.79,0.21,0.22,0.01,0.01,75054.86,1776316911000
1776316912.888,112.888,0.78,0.79,0.21,0.22,0.01,0.01,75054.86,1776316911000
1776316913.222,113.222,0.78,0.79,0.21,0.22,0.01,0.01,75054.9,1776316912000
1776316913.86,113.86,0.78,0.79,0.21,0.22,0.01,0.01,75054.9,1776316912000
1776316914.235,114.235,0.78,0.79,0.21,0.22,0.01,0.01,75056.44,1776316913000
1776316914.743,114.743,0.78,0.79,0.21,0.22,0.01,0.01,75056.44,1776316913000
1776316915.259,115.259,0.78,0.79,0.21,0.22,0.01,0.01,75056.44,1776316913000
1776316915.67,115.67,0.78,0.79,0.21,0.22,0.01,0.01,75058.02,1776316914000
1776316916.037,116.037,0.78,0.79,0.21,0.22,0.01,0.01,75058.02,1776316914000
1776316916.459,116.459,0.78,0.79,0.21,0.22,0.01,0.01,75058.06,1776316915000
1776316917.171,117.171,0.78,0.79,0.21,0.22,0.01,0.01,75058.06,1776316915000
1776316917.842,117.842,0.78,0.79,0.21,0.22,0.01,0.01,75058.07,1776316916000
1776316918.316,118.316,0.78,0.79,0.21,0.22,0.01,0.01,75057.6,1776316917000
1776316918.654,118.654,0.78,0.79,0.21,0.22,0.01,0.01,75057.6,1776316917000
1776316919.304,119.304,0.78,0.79,0.21,0.22,0.01,0.01,75057.6,1776316918000
1776316919.683,119.683,0.78,0.79,0.21,0.22,0.01,0.01,75057.6,1776316918000
1776316920.232,120.232,0.78,0.79,0.21,0.22,0.01,0.01,75057.6,1776316918000
1776316920.685,120.685,0.78,0.79,0.21,0.22,0.01,0.01,75057.75,1776316919000
1776316921.086,121.086,0.78,0.79,0.21,0.22,0.01,0.01,75057.75,1776316920000
1776316921.498,121.498,0.78,0.79,0.21,0.22,0.01,0.01,75057.75,1776316920000
1776316921.866,121.866,0.78,0.79,0.21,0.22,0.01,0.01,75057.75,1776316920000
1776316922.492,122.492,0.78,0.79,0.21,0.22,0.01,0.01,75057.75,1776316920000
1776316922.97,122.97,0.78,0.79,0.21,0.22,0.01,0.01,75057.43,1776316921000
1776316923.403,123.403,0.78,0.79,0.21,0.22,0.01,0.01,75057.43,1776316922000
1776316923.738,123.738,0.76,0.77,0.21,0.22,0.01,0.01,75057.43,1776316922000
1776316924.071,124.071,0.72,0.73,0.27,0.28,0.01,0.01,75057.43,1776316922000
1776316924.42,124.42,0.7,0.71,0.29,0.3,0.01,0.01,75058.0,1776316923000
1776316924.911,124.911,0.69,0.7,0.3,0.31,0.01,0.01,75058.0,1776316923000
1776316925.285,125.285,0.68,0.69,0.3,0.32,0.01,0.02,75058.0,1776316923000
1776316925.791,125.791,0.67,0.68,0.32,0.33,0.01,0.01,75049.78,1776316924000
1776316926.186,126.186,0.67,0.68,0.32,0.33,0.01,0.01,75049.78,1776316924000
1776316926.682,126.682,0.68,0.69,0.31,0.32,0.01,0.01,75044.5,1776316925000
1776316927.198,127.198,0.67,0.68,0.31,0.33,0.01,0.02,75042.33,1776316926000
1776316927.591,127.591,0.67,0.68,0.32,0.33,0.01,0.01,75042.33,1776316926000
1776316928.229,128.229,0.67,0.68,0.32,0.33,0.01,0.01,75042.33,1776316926000
1776316928.732,128.732,0.67,0.68,0.32,0.33,0.01,0.01,75040.92,1776316927000
1776316929.086,129.086,0.67,0.68,0.32,0.33,0.01,0.01,75040.92,1776316927000
1776316929.589,129.589,0.66,0.68,0.32,0.33,0.02,0.01,75040.52,1776316928000
1776316930.066,130.066,0.64,0.65,0.34,0.36,0.01,0.02,75040.52,1776316928000
1776316930.448,130.448,0.64,0.65,0.35,0.36,0.01,0.01,75040.52,1776316928000
1776316930.867,130.867,0.65,0.66,0.33,0.36,0.01,0.03,75039.79,1776316929000
1776316931.259,131.259,0.64,0.66,0.34,0.35,0.02,0.01,75039.79,1776316929000
1776316931.723,131.723,0.65,0.66,0.34,0.35,0.01,0.01,75038.68,1776316930000
1776316932.151,132.151,0.64,0.65,0.34,0.36,0.01,0.02,75038.68,1776316930000
1776316932.578,132.578,0.64,0.65,0.35,0.36,0.01,0.01,75038.68,1776316930000
1776316933.101,133.101,0.64,0.65,0.35,0.36,0.01,0.01,75035.04,1776316931000
1776316933.463,133.463,0.64,0.65,0.35,0.36,0.01,0.01,75035.04,1776316931000
1776316933.827,133.827,0.64,0.65,0.35,0.36,0.01,0.01,75033.83,1776316932000
1776316934.211,134.211,0.65,0.66,0.34,0.35,0.01,0.01,75033.93,1776316933000
1776316934.577,134.577,0.65,0.66,0.34,0.35,0.01,0.01,75033.93,1776316933000
1776316934.919,134.919,0.66,0.69,0.32,0.35,0.03,0.03,75033.93,1776316933000
1776316935.267,135.267,0.67,0.68,0.32,0.33,0.01,0.01,75033.93,1776316933000
1776316935.614,135.614,0.68,0.69,0.31,0.33,0.01,0.02,75034.13,1776316934000
1776316936.106,136.106,0.68,0.69,0.31,0.32,0.01,0.01,75034.13,1776316934000
1776316936.806,136.806,0.68,0.69,0.31,0.32,0.01,0.01,75035.22,1776316935000
1776316937.668,137.668,0.68,0.69,0.31,0.32,0.01,0.01,75035.22,1776316935000
1776316938.003,138.003,0.68,0.69,0.31,0.32,0.01,0.01,75038.4,1776316936000
1776316938.352,138.352,0.68,0.69,0.31,0.32,0.01,0.01,75038.4,1776316936000
1776316938.874,138.874,0.69,0.7,0.3,0.31,0.01,0.01,75038.76,1776316937000
1776316939.468,139.468,0.7,0.71,0.28,0.31,0.01,0.03,75038.75,1776316938000
1776316940.197,140.197,0.7,0.71,0.29,0.3,0.01,0.01,75038.75,1776316938000
1776316940.547,140.547,0.7,0.71,0.29,0.3,0.01,0.01,75038.75,1776316939000
1776316941.055,141.055,0.7,0.71,0.29,0.3,0.01,0.01,75038.75,1776316939000
1776316941.404,141.404,0.71,0.72,0.28,0.3,0.01,0.02,75038.75,1776316939000
1776316941.91,141.91,0.71,0.72,0.28,0.29,0.01,0.01,75038.86,1776316941000
1776316942.541,142.541,0.71,0.73,0.28,0.29,0.02,0.01,75038.86,1776316941000
1776316942.995,142.995,0.72,0.73,0.27,0.28,0.01,0.01,75038.86,1776316942000
1776316943.442,143.442,0.72,0.73,0.27,0.28,0.01,0.01,75038.86,1776316942000
1776316943.786,143.786,0.72,0.73,0.27,0.28,0.01,0.01,75038.86,1776316942000
1776316944.225,144.225,0.72,0.73,0.27,0.28,0.01,0.01,75038.89,1776316943000
1776316944.806,144.806,0.73,0.74,0.25,0.27,0.01,0.02,75038.89,1776316943000
1776316945.157,145.157,0.74,0.75,0.26,0.27,0.01,0.01,75038.95,1776316944000
1776316945.963,145.963,0.74,0.75,0.25,0.26,0.01,0.01,75038.95,1776316944000
1776316946.481,146.481,0.74,0.75,0.25,0.26,0.01,0.01,75038.95,1776316945000
1776316947.036,147.036,0.78,0.79,0.21,0.22,0.01,0.01,75038.95,1776316945000
1776316947.498,147.498,0.79,0.8,0.2,0.21,0.01,0.01,75038.96,1776316946000
1776316947.986,147.986,0.79,0.8,0.2,0.21,0.01,0.01,75038.96,1776316946000
1776316948.368,148.368,0.79,0.8,0.2,0.21,0.01,0.01,75038.96,1776316947000
1776316948.707,148.707,0.79,0.8,0.2,0.21,0.01,0.01,75038.96,1776316947000
1776316949.071,149.071,0.79,0.8,0.2,0.21,0.01,0.01,75038.96,1776316947000
1776316950.171,150.171,0.79,0.8,0.2,0.21,0.01,0.01,75044.62,1776316949000
1776316951.185,151.185,0.79,0.8,0.2,0.21,0.01,0.01,75046.83,1776316950000
1776316951.524,151.524,0.79,0.8,0.2,0.21,0.01,0.01,75046.83,1776316950000
1776316952.162,152.162,0.79,0.8,0.2,0.21,0.01,0.01,75046.83,1776316950000
1776316952.526,152.526,0.73,0.74,0.25,0.26,0.01,0.01,75046.34,1776316951000
1776316952.883,152.883,0.73,0.74,0.26,0.27,0.01,0.01,75046.34,1776316951000
1776316953.334,153.334,0.73,0.74,0.26,0.27,0.01,0.01,75046.34,1776316951000
1776316953.667,153.667,0.73,0.74,0.26,0.27,0.01,0.01,75046.34,1776316951000
1776316954.124,154.124,0.73,0.74,0.26,0.27,0.01,0.01,75046.34,1776316952000
1776316954.761,154.761,0.73,0.74,0.26,0.27,0.01,0.01,75043.2,1776316953000
1776316955.209,155.209,0.73,0.74,0.26,0.27,0.01,0.01,75043.2,1776316953000
1776316955.543,155.543,0.73,0.74,0.26,0.27,0.01,0.01,75040.25,1776316954000
1776316956.273,156.273,0.73,0.74,0.26,0.27,0.01,0.01,75039.64,1776316955000
1776316956.806,156.806,0.73,0.74,0.26,0.27,0.01,0.01,75039.64,1776316955000
1776316957.225,157.225,0.73,0.74,0.26,0.27,0.01,0.01,75040.25,1776316956000
1776316957.688,157.688,0.73,0.74,0.26,0.27,0.01,0.01,75040.25,1776316956000
1776316958.106,158.106,0.73,0.74,0.26,0.27,0.01,0.01,75040.25,1776316956000
1776316958.63,158.63,0.73,0.74,0.26,0.27,0.01,0.01,75039.16,1776316957000
1776316959.1,159.1,0.73,0.74,0.26,0.27,0.01,0.01,75039.16,1776316957000
1776316959.52,159.52,0.74,0.75,0.25,0.26,0.01,0.01,75039.16,1776316958000
1776316959.999,159.999,0.74,0.75,0.25,0.26,0.01,0.01,75039.16,1776316958000
1776316960.471,160.471,0.74,0.75,0.25,0.26,0.01,0.01,75039.72,1776316959000
1776316960.822,160.822,0.74,0.75,0.25,0.26,0.01,0.01,75039.72,1776316959000
1776316961.222,161.222,0.74,0.75,0.25,0.26,0.01,0.01,75039.74,1776316960000
1776316961.587,161.587,0.74,0.75,0.25,0.26,0.01,0.01,75039.74,1776316960000
1776316962.007,162.007,0.74,0.75,0.25,0.26,0.01,0.01,75039.74,1776316960000
1776316962.555,162.555,0.74,0.75,0.25,0.26,0.01,0.01,75040.36,1776316961000
1776316962.968,162.968,0.74,0.75,0.25,0.26,0.01,0.01,75040.36,1776316961000
1776316963.547,163.547,0.74,0.75,0.25,0.26,0.01,0.01,75040.36,1776316962000
1776316963.885,163.885,0.74,0.75,0.25,0.26,0.01,0.01,75040.36,1776316962000
1776316964.263,164.263,0.73,0.74,0.26,0.27,0.01,0.01,75040.04,1776316963000
1776316964.747,164.747,0.73,0.74,0.26,0.27,0.01,0.01,75040.04,1776316963000
1776316965.199,165.199,0.73,0.74,0.26,0.27,0.01,0.01,75039.67,1776316964000
1776316965.741,165.741,0.73,0.74,0.26,0.27,0.01,0.01,75039.67,1776316964000
1776316966.254,166.254,0.72,0.73,0.26,0.27,0.01,0.01,75039.67,1776316964000
1776316966.604,166.604,0.72,0.73,0.27,0.28,0.01,0.01,75038.68,1776316965000
1776316967.163,167.163,0.72,0.74,0.26,0.28,0.02,0.02,75038.14,1776316966000
1776316967.893,167.893,0.73,0.74,0.26,0.27,0.01,0.01,75038.14,1776316966000
1776316968.443,168.443,0.73,0.74,0.26,0.27,0.01,0.01,75038.67,1776316967000
1776316969.062,169.062,0.73,0.75,0.25,0.27,0.02,0.02,75038.82,1776316968000
1776316969.787,169.787,0.74,0.75,0.25,0.27,0.01,0.02,75038.82,1776316968000
1776316970.244,170.244,0.74,0.75,0.25,0.26,0.01,0.01,75039.13,1776316969000
1776316971.091,171.091,0.74,0.75,0.25,0.26,0.01,0.01,75039.52,1776316970000
1776316971.656,171.656,0.74,0.75,0.25,0.26,0.01,0.01,75039.52,1776316970000
1776316972.061,172.061,0.74,0.75,0.25,0.26,0.01,0.01,75038.64,1776316971000
1776316972.548,172.548,0.74,0.75,0.25,0.26,0.01,0.01,75038.64,1776316971000
1776316973.082,173.082,0.74,0.75,0.25,0.26,0.01,0.01,75038.72,1776316972000
1776316973.486,173.486,0.74,0.75,0.25,0.26,0.01,0.01,75038.72,1776316972000
1776316974.641,174.641,0.74,0.75,0.25,0.26,0.01,0.01,75038.41,1776316973000
1776316975.08,175.08,0.73,0.75,0.25,0.26,0.02,0.01,75038.41,1776316973000
1776316975.591,175.591,0.74,0.75,0.25,0.27,0.01,0.02,75037.84,1776316974000
1776316976.047,176.047,0.74,0.75,0.25,0.26,0.01,0.01,75037.84,1776316974000
1776316976.559,176.559,0.74,0.75,0.25,0.26,0.01,0.01,75037.76,1776316975000
1776316977.024,177.024,0.74,0.75,0.25,0.26,0.01,0.01,75037.76,1776316975000
1776316977.504,177.504,0.74,0.77,0.25,0.26,0.03,0.01,75036.93,1776316976000
1776316977.895,177.895,0.76,0.77,0.22,0.24,0.01,0.02,75036.93,1776316976000
1776316978.25,178.25,0.76,0.77,0.23,0.24,0.01,0.01,75036.93,1776316977000
1776316978.764,178.764,0.77,0.78,0.23,0.24,0.01,0.01,75036.93,1776316977000
1776316979.276,179.276,0.78,0.79,0.21,0.22,0.01,0.01,75037.7,1776316978000
1776316979.8,179.8,0.78,0.79,0.21,0.22,0.01,0.01,75037.7,1776316978000
1776316980.38,180.38,0.78,0.79,0.21,0.22,0.01,0.01,75039.66,1776316979000
1776316980.75,180.75,0.78,0.79,0.21,0.22,0.01,0.01,75039.66,1776316979000
1776316981.661,181.661,0.78,0.79,0.21,0.22,0.01,0.01,75039.66,1776316980000
1776316982.11,182.11,0.78,0.79,0.21,0.22,0.01,0.01,75039.66,1776316980000
1776316982.715,182.715,0.78,0.79,0.21,0.22,0.01,0.01,75039.63,1776316981000
1776316983.126,183.126,0.78,0.79,0.21,0.22,0.01,0.01,75039.63,1776316981000
1776316983.821,183.821,0.78,0.79,0.21,0.22,0.01,0.01,75039.63,1776316982000
1776316984.201,184.201,0.78,0.79,0.21,0.22,0.01,0.01,75039.62,1776316983000
1776316984.627,184.627,0.78,0.79,0.21,0.22,0.01,0.01,75039.62,1776316983000
1776316985.084,185.084,0.77,0.78,0.21,0.23,0.01,0.02,75039.62,1776316983000
1776316985.781,185.781,0.77,0.78,0.22,0.23,0.01,0.01,75038.72,1776316984000
1776316986.145,186.145,0.77,0.78,0.22,0.23,0.01,0.01,75038.83,1776316985000
1776316986.488,186.488,0.76,0.78,0.22,0.23,0.02,0.01,75038.83,1776316985000
1776316986.88,186.88,0.76,0.77,0.23,0.24,0.01,0.01,75038.83,1776316985000
1776316987.949,187.949,0.76,0.77,0.23,0.24,0.01,0.01,75037.87,1776316986000
1776316988.96,188.96,0.76,0.77,0.23,0.24,0.01,0.01,75037.84,1776316988000
1776316989.642,189.642,0.76,0.77,0.23,0.24,0.01,0.01,75037.84,1776316988000
1776316990.021,190.021,0.76,0.77,0.23,0.24,0.01,0.01,75037.84,1776316989000
1776316990.919,190.919,0.76,0.77,0.23,0.24,0.01,0.01,75037.75,1776316990000
1776316991.254,191.254,0.72,0.77,0.23,0.28,0.05,0.05,75037.75,1776316990000
1776316991.787,191.787,0.71,0.73,0.27,0.29,0.02,0.02,75037.75,1776316990000
1776316992.124,192.124,0.7,0.73,0.28,0.3,0.03,0.02,75034.16,1776316991000
1776316992.485,192.485,0.71,0.72,0.28,0.3,0.01,0.02,75034.16,1776316991000
1776316992.882,192.882,0.72,0.73,0.27,0.28,0.01,0.01,75034.16,1776316991000
1776316993.267,193.267,0.73,0.74,0.26,0.27,0.01,0.01,75034.16,1776316991000
1776316993.934,193.934,0.76,0.77,0.24,0.25,0.01,0.01,75031.97,1776316992000
1776316994.299,194.299,0.76,0.79,0.21,0.24,0.03,0.03,75033.81,1776316993000
1776316994.71,194.71,0.77,0.8,0.2,0.24,0.03,0.04,75033.81,1776316993000
1776316995.28,195.28,0.78,0.79,0.2,0.23,0.01,0.03,75033.81,1776316993000
1776316995.663,195.663,0.78,0.8,0.21,0.22,0.02,0.01,75036.18,1776316994000
1776316996.547,196.547,0.78,0.8,0.2,0.22,0.02,0.02,75038.17,1776316995000
1776316997.04,197.04,0.78,0.8,0.2,0.21,0.02,0.01,75040.01,1776316996000
1776316997.686,197.686,0.79,0.8,0.2,0.21,0.01,0.01,75040.01,1776316996000
1776316998.046,198.046,0.79,0.8,0.2,0.21,0.01,0.01,75040.01,1776316996000
1776316998.396,198.396,0.79,0.8,0.2,0.21,0.01,0.01,75042.45,1776316997000
1776316998.761,198.761,0.79,0.8,0.2,0.21,0.01,0.01,75042.45,1776316997000
1776316999.095,199.095,0.79,0.8,0.2,0.21,0.01,0.01,75049.71,1776316998000
1776316999.443,199.443,0.79,0.8,0.2,0.21,0.01,0.01,75049.71,1776316998000
1776316999.792,199.792,0.79,0.8,0.2,0.21,0.01,0.01,75049.71,1776316998000
1776317000.23,200.23,0.8,0.81,0.19,0.2,0.01,0.01,75049.71,1776316998000
1776317000.571,200.571,0.8,0.81,0.18,0.2,0.01,0.02,75049.4,1776316999000
1776317000.943,200.943,0.81,0.82,0.18,0.2,0.01,0.02,75049.4,1776316999000
1776317001.291,201.291,0.81,0.82,0.18,0.19,0.01,0.01,75049.97,1776317000000
1776317001.641,201.641,0.82,0.83,0.17,0.18,0.01,0.01,75049.97,1776317000000
1776317002.037,202.037,0.82,0.83,0.17,0.18,0.01,0.01,75049.97,1776317000000
1776317002.711,202.711,0.82,0.83,0.17,0.18,0.01,0.01,75050.13,1776317001000
1776317003.298,203.298,0.82,0.83,0.17,0.18,0.01,0.01,75050.23,1776317002000
1776317003.944,203.944,0.82,0.83,0.17,0.18,0.01,0.01,75050.23,1776317002000
1776317004.35,204.35,0.82,0.83,0.17,0.18,0.01,0.01,75050.23,1776317002000
1776317004.766,204.766,0.82,0.83,0.17,0.18,0.01,0.01,75050.23,1776317003000
1776317005.669,205.669,0.83,0.84,0.16,0.17,0.01,0.01,75052.07,1776317004000
1776317006.061,206.061,0.84,0.85,0.16,0.17,0.01,0.01,75052.16,1776317005000
1776317006.473,206.473,0.84,0.85,0.15,0.16,0.01,0.01,75052.16,1776317005000
1776317006.806,206.806,0.84,0.85,0.15,0.16,0.01,0.01,75052.16,1776317005000
1776317007.188,207.188,0.86,0.87,0.13,0.14,0.01,0.01,75052.16,1776317005000
1776317007.602,207.602,0.86,0.87,0.13,0.14,0.01,0.01,75053.72,1776317006000
1776317007.936,207.936,0.87,0.88,0.12,0.13,0.01,0.01,75053.72,1776317006000
1776317008.485,208.485,0.87,0.89,0.12,0.13,0.02,0.01,75055.89,1776317007000
1776317008.881,208.881,0.88,0.89,0.11,0.12,0.01,0.01,75055.89,1776317007000
1776317009.29,209.29,0.88,0.89,0.11,0.12,0.01,0.01,75057.47,1776317008000
1776317009.697,209.697,0.88,0.9,0.1,0.12,0.02,0.02,75057.47,1776317008000
1776317010.131,210.131,0.89,0.91,0.09,0.11,0.02,0.02,75060.05,1776317009000
1776317010.758,210.758,0.9,0.91,0.09,0.1,0.01,0.01,75060.05,1776317009000
1776317011.096,211.096,0.9,0.91,0.09,0.1,0.01,0.01,75060.2,1776317010000
1776317011.934,211.934,0.9,0.91,0.09,0.1,0.01,0.01,75060.2,1776317010000
1776317012.361,212.361,0.9,0.91,0.09,0.1,0.01,0.01,75060.57,1776317011000
1776317012.705,212.705,0.9,0.92,0.09,0.1,0.02,0.01,75060.57,1776317011000
1776317013.166,213.166,0.9,0.91,0.09,0.1,0.01,0.01,75060.49,1776317012000
1776317013.51,213.51,0.9,0.91,0.09,0.1,0.01,0.01,75060.49,1776317012000
1776317014.005,214.005,0.9,0.91,0.09,0.11,0.01,0.02,75060.49,1776317012000
1776317014.338,214.338,0.9,0.91,0.09,0.1,0.01,0.01,75061.28,1776317013000
1776317014.698,214.698,0.9,0.91,0.09,0.1,0.01,0.01,75061.28,1776317013000
1776317015.231,215.231,0.91,0.92,0.08,0.1,0.01,0.02,75059.12,1776317014000
1776317015.574,215.574,0.92,0.93,0.07,0.08,0.01,0.01,75059.12,1776317014000
1776317015.979,215.979,0.92,0.93,0.07,0.08,0.01,0.01,75059.12,1776317014000
1776317016.32,216.32,0.92,0.93,0.07,0.08,0.01,0.01,75059.2,1776317015000
1776317016.712,216.712,0.92,0.93,0.07,0.08,0.01,0.01,75059.2,1776317015000
1776317017.135,217.135,0.92,0.93,0.07,0.08,0.01,0.01,75059.2,1776317015000
1776317018.166,218.166,0.92,0.94,0.06,0.08,0.02,0.02,75059.88,1776317017000
1776317019.154,219.154,0.92,0.93,0.07,0.08,0.01,0.01,75059.88,1776317017000
1776317019.492,219.492,0.92,0.93,0.07,0.08,0.01,0.01,75061.3,1776317018000
1776317020.034,220.034,0.92,0.93,0.07,0.08,0.01,0.01,75059.8,1776317019000
1776317020.367,220.367,0.92,0.93,0.07,0.08,0.01,0.01,75059.8,1776317019000
1776317021.231,221.231,0.93,0.94,0.06,0.08,0.01,0.02,75059.8,1776317019000
1776317021.573,221.573,0.94,0.95,0.05,0.06,0.01,0.01,75059.8,1776317019000
1776317021.94,221.94,0.94,0.95,0.05,0.06,0.01,0.01,75059.72,1776317020000
1776317022.448,222.448,0.94,0.95,0.05,0.06,0.01,0.01,75059.72,1776317020000
1776317022.781,222.781,0.94,0.95,0.05,0.06,0.01,0.01,75059.17,1776317021000
1776317023.117,223.117,0.94,0.95,0.05,0.06,0.01,0.01,75059.17,1776317021000
1776317023.657,223.657,0.94,0.95,0.05,0.06,0.01,0.01,75059.1,1776317022000
1776317024.173,224.173,0.94,0.95,0.05,0.06,0.01,0.01,75059.1,1776317022000
1776317024.747,224.747,0.94,0.96,0.04,0.06,0.02,0.02,75059.15,1776317023000
1776317025.441,225.441,0.94,0.96,0.04,0.06,0.02,0.02,75059.18,1776317024000
1776317025.81,225.81,0.95,0.96,0.04,0.05,0.01,0.01,75059.18,1776317024000
1776317026.424,226.424,0.94,0.96,0.04,0.07,0.02,0.03,75059.16,1776317025000
1776317026.812,226.812,0.95,0.96,0.04,0.05,0.01,0.01,75059.16,1776317025000
1776317027.438,227.438,0.95,0.96,0.04,0.05,0.01,0.01,75058.92,1776317026000
1776317027.815,227.815,0.95,0.96,0.04,0.05,0.01,0.01,75058.92,1776317026000
1776317028.283,228.283,0.95,0.96,0.04,0.05,0.01,0.01,75058.92,1776317027000
1776317028.791,228.791,0.95,0.96,0.04,0.05,0.01,0.01,75058.92,1776317027000
1776317029.153,229.153,0.95,0.96,0.04,0.05,0.01,0.01,75058.92,1776317027000
1776317029.699,229.699,0.95,0.96,0.04,0.05,0.01,0.01,75059.0,1776317028000
1776317030.059,230.059,0.95,0.96,0.04,0.05,0.01,0.01,75059.0,1776317028000
1776317030.539,230.539,0.95,0.96,0.04,0.05,0.01,0.01,75059.11,1776317029000
1776317031.016,231.016,0.95,0.96,0.04,0.05,0.01,0.01,75059.11,1776317029000
1776317031.62,231.62,0.95,0.96,0.04,0.05,0.01,0.01,75059.11,1776317029000
1776317032.391,232.391,0.95,0.96,0.04,0.05,0.01,0.01,75059.11,1776317031000
1776317033.17,233.17,0.95,0.96,0.04,0.05,0.01,0.01,75059.44,1776317032000
1776317033.689,233.689,0.95,0.96,0.04,0.05,0.01,0.01,75059.44,1776317032000
1776317034.125,234.125,0.95,0.96,0.04,0.05,0.01,0.01,75059.44,1776317032000
1776317034.506,234.506,0.95,0.96,0.04,0.05,0.01,0.01,75060.09,1776317033000
1776317034.876,234.876,0.95,0.96,0.04,0.05,0.01,0.01,75060.09,1776317033000
1776317035.604,235.604,0.95,0.96,0.04,0.05,0.01,0.01,75059.7,1776317034000
1776317036.166,236.166,0.95,0.96,0.04,0.05,0.01,0.01,75059.7,1776317034000
1776317036.823,236.823,0.94,0.96,0.04,0.05,0.02,0.01,75059.71,1776317035000
1776317037.26,237.26,0.94,0.95,0.05,0.06,0.01,0.01,75059.71,1776317035000
1776317037.624,237.624,0.94,0.95,0.05,0.06,0.01,0.01,75060.97,1776317036000
1776317038.004,238.004,0.94,0.95,0.05,0.06,0.01,0.01,75060.97,1776317036000
1776317038.847,238.847,0.94,0.96,0.04,0.06,0.02,0.02,75063.84,1776317037000
1776317039.316,239.316,0.95,0.96,0.04,0.05,0.01,0.01,75063.84,1776317038000
1776317040.086,240.086,0.95,0.96,0.04,0.05,0.01,0.01,75063.84,1776317038000
1776317040.967,240.967,0.95,0.96,0.04,0.05,0.01,0.01,75063.83,1776317040000
1776317041.849,241.849,0.95,0.96,0.04,0.05,0.01,0.01,75063.83,1776317040000
1776317042.196,242.196,0.95,0.96,0.04,0.05,0.01,0.01,75063.84,1776317041000
1776317042.543,242.543,0.95,0.97,0.03,0.05,0.02,0.02,75063.84,1776317041000
1776317043.027,243.027,0.96,0.97,0.03,0.05,0.01,0.02,75063.84,1776317041000
1776317043.49,243.49,0.96,0.97,0.03,0.04,0.01,0.01,75063.79,1776317042000
1776317043.937,243.937,0.96,0.97,0.03,0.04,0.01,0.01,75063.79,1776317042000
1776317044.398,244.398,0.96,0.97,0.03,0.04,0.01,0.01,75063.79,1776317042000
1776317044.784,244.784,0.96,0.97,0.03,0.04,0.01,0.01,75063.76,1776317043000
1776317045.192,245.192,0.96,0.97,0.03,0.04,0.01,0.01,75063.8,1776317044000
1776317045.574,245.574,0.96,0.97,0.03,0.04,0.01,0.01,75063.8,1776317044000
1776317046.183,246.183,0.96,0.97,0.03,0.04,0.01,0.01,75063.8,1776317044000
1776317047.202,247.202,0.96,0.97,0.03,0.04,0.01,0.01,75063.8,1776317045000
1776317047.538,247.538,0.96,0.97,0.03,0.04,0.01,0.01,75063.86,1776317046000
1776317047.873,247.873,0.96,0.97,0.03,0.04,0.01,0.01,75063.86,1776317047000
1776317048.303,248.303,0.96,0.98,0.03,0.04,0.02,0.01,75063.86,1776317047000
1776317048.637,248.637,0.97,0.98,0.02,0.03,0.01,0.01,75063.86,1776317047000
1776317049.022,249.022,0.97,0.98,0.02,0.03,0.01,0.01,75064.1,1776317048000
1776317049.369,249.369,0.97,0.98,0.02,0.03,0.01,0.01,75064.1,1776317048000
1776317050.125,250.125,0.97,0.98,0.02,0.03,0.01,0.01,75064.1,1776317049000
1776317050.53,250.53,0.97,0.98,0.02,0.03,0.01,0.01,75064.1,1776317049000
1776317050.989,250.989,0.97,0.98,0.02,0.03,0.01,0.01,75064.1,1776317049000
1776317051.331,251.331,0.97,0.98,0.02,0.03,0.01,0.01,75064.41,1776317050000
1776317051.715,251.715,0.97,0.98,0.02,0.03,0.01,0.01,75064.41,1776317050000
1776317052.296,252.296,0.97,0.98,0.02,0.03,0.01,0.01,75064.41,1776317050000
1776317052.841,252.841,0.97,0.98,0.02,0.03,0.01,0.01,75064.43,1776317051000
1776317053.726,253.726,0.97,0.98,0.02,0.03,0.01,0.01,75064.4,1776317052000
1776317054.132,254.132,0.97,0.98,0.02,0.03,0.01,0.01,75064.4,1776317052000
1776317054.483,254.483,0.97,0.98,0.02,0.03,0.01,0.01,75064.4,1776317053000
1776317054.912,254.912,0.97,0.98,0.02,0.03,0.01,0.01,75064.4,1776317053000
1776317055.351,255.351,0.97,0.98,0.02,0.03,0.01,0.01,75064.4,1776317054000
1776317055.954,255.954,0.97,0.98,0.02,0.03,0.01,0.01,75064.4,1776317054000
1776317056.32,256.32,0.97,0.98,0.02,0.03,0.01,0.01,75064.4,1776317054000
1776317056.899,256.899,0.97,0.98,0.02,0.03,0.01,0.01,75064.4,1776317055000
1776317057.342,257.342,0.97,0.98,0.02,0.03,0.01,0.01,75064.4,1776317055000
1776317057.729,257.729,0.97,0.98,0.02,0.03,0.01,0.01,75064.43,1776317056000
1776317058.067,258.067,0.97,0.98,0.02,0.03,0.01,0.01,75064.43,1776317056000
1776317058.414,258.414,0.9,0.98,0.02,0.03,0.08,0.01,75064.39,1776317057000
1776317058.773,258.773,0.97,0.98,0.02,0.03,0.01,0.01,75064.39,1776317057000
1776317059.112,259.112,0.95,0.96,0.04,0.05,0.01,0.01,75064.39,1776317057000
1776317059.453,259.453,0.95,0.96,0.04,0.05,0.01,0.01,75064.39,1776317058000
1776317059.787,259.787,0.95,0.96,0.04,0.05,0.01,0.01,75064.39,1776317058000
1776317060.314,260.314,0.95,0.96,0.04,0.05,0.01,0.01,75064.39,1776317059000
1776317061.268,261.268,0.95,0.96,0.04,0.05,0.01,0.01,75064.39,1776317059000
1776317061.63,261.63,0.95,0.96,0.04,0.05,0.01,0.01,75064.41,1776317060000
1776317061.965,261.965,0.95,0.96,0.04,0.05,0.01,0.01,75064.41,1776317060000
1776317062.459,262.459,0.95,0.96,0.04,0.05,0.01,0.01,75064.41,1776317061000
1776317062.858,262.858,0.96,0.97,0.03,0.05,0.01,0.02,75064.41,1776317061000
1776317063.321,263.321,0.96,0.97,0.03,0.04,0.01,0.01,75064.4,1776317062000
1776317063.688,263.688,0.96,0.97,0.03,0.04,0.01,0.01,75064.4,1776317062000
1776317064.081,264.081,0.96,0.97,0.03,0.04,0.01,0.01,75064.4,1776317062000
1776317064.778,264.778,0.96,0.97,0.03,0.04,0.01,0.01,75064.4,1776317063000
1776317065.265,265.265,0.96,0.97,0.03,0.04,0.01,0.01,75064.35,1776317064000
1776317065.832,265.832,0.96,0.97,0.03,0.04,0.01,0.01,75064.35,1776317064000
1776317066.356,266.356,0.96,0.97,0.03,0.04,0.01,0.01,75064.35,1776317064000
1776317066.826,266.826,0.96,0.99,0.03,0.04,0.03,0.01,75064.4,1776317065000
1776317067.199,267.199,0.97,0.98,0.01,0.04,0.01,0.03,75064.4,1776317066000
1776317067.612,267.612,0.98,0.99,0.01,0.02,0.01,0.01,75064.4,1776317066000
1776317067.947,267.947,0.98,0.99,0.01,0.02,0.01,0.01,75064.4,1776317066000
1776317068.306,268.306,0.98,0.99,0.01,0.02,0.01,0.01,75062.88,1776317067000
1776317068.783,268.783,0.98,0.99,0.01,0.02,0.01,0.01,75062.88,1776317067000
1776317069.168,269.168,0.98,0.99,0.01,0.02,0.01,0.01,75062.88,1776317067000
1776317069.54,269.54,0.98,0.99,0.01,0.02,0.01,0.01,75064.39,1776317068000
1776317069.94,269.94,0.98,0.99,0.01,0.02,0.01,0.01,75064.39,1776317068000
1776317070.277,270.277,0.98,0.99,0.01,0.02,0.01,0.01,75062.53,1776317069000
1776317070.824,270.824,0.98,0.99,0.01,0.02,0.01,0.01,75062.53,1776317069000
1776317071.229,271.229,0.98,0.99,0.01,0.02,0.01,0.01,75062.53,1776317069000
1776317071.871,271.871,0.98,0.99,0.01,0.02,0.01,0.01,75059.04,1776317070000
1776317072.209,272.209,0.98,0.99,0.01,0.02,0.01,0.01,75059.04,1776317070000
1776317072.61,272.61,0.98,0.99,0.01,0.02,0.01,0.01,75059.17,1776317071000
1776317072.998,272.998,0.98,0.99,0.01,0.02,0.01,0.01,75059.17,1776317071000
1776317073.343,273.343,0.98,0.99,0.01,0.02,0.01,0.01,75059.12,1776317072000
1776317073.808,273.808,0.98,0.99,0.01,0.02,0.01,0.01,75059.12,1776317072000
1776317074.411,274.411,0.98,0.99,0.01,0.02,0.01,0.01,75059.12,1776317072000
1776317074.828,274.828,0.98,0.99,0.01,0.02,0.01,0.01,75058.39,1776317073000
1776317075.269,275.269,0.97,0.99,0.01,0.02,0.02,0.01,75058.39,1776317073000
1776317075.622,275.622,0.97,0.98,0.02,0.03,0.01,0.01,75058.62,1776317074000
1776317076.201,276.201,0.97,0.98,0.02,0.03,0.01,0.01,75058.62,1776317074000
1776317076.611,276.611,0.97,0.98,0.02,0.03,0.01,0.01,75058.62,1776317074000
1776317077.58,277.58,0.97,0.98,0.02,0.03,0.01,0.01,75056.91,1776317076000
1776317078.309,278.309,0.97,0.98,0.02,0.03,0.01,0.01,75056.7,1776317077000
1776317078.649,278.649,0.97,0.98,0.02,0.03,0.01,0.01,75056.7,1776317077000
1776317079.406,279.406,0.97,0.98,0.02,0.03,0.01,0.01,75056.7,1776317077000
1776317079.973,279.973,0.97,0.98,0.02,0.03,0.01,0.01,75056.7,1776317077000
1776317080.315,280.315,0.96,0.97,0.03,0.04,0.01,0.01,75056.83,1776317079000
1776317080.693,280.693,0.96,0.97,0.03,0.04,0.01,0.01,75056.83,1776317079000
1776317081.063,281.063,0.96,0.97,0.03,0.04,0.01,0.01,75056.83,1776317079000
1776317081.407,281.407,0.96,0.97,0.03,0.04,0.01,0.01,75056.83,1776317079000
1776317081.776,281.776,0.96,0.97,0.03,0.04,0.01,0.01,75058.11,1776317080000
1776317082.133,282.133,0.96,0.97,0.03,0.04,0.01,0.01,75058.11,1776317080000
1776317082.478,282.478,0.96,0.97,0.03,0.04,0.01,0.01,75058.11,1776317080000
1776317082.866,282.866,0.96,0.97,0.03,0.04,0.01,0.01,75058.39,1776317081000
1776317083.59,283.59,0.96,0.97,0.03,0.04,0.01,0.01,75058.39,1776317081000
1776317084.065,284.065,0.96,0.97,0.03,0.04,0.01,0.01,75058.54,1776317082000
1776317084.535,284.535,0.95,0.96,0.03,0.05,0.01,0.02,75058.54,1776317083000
1776317084.971,284.971,0.95,0.96,0.04,0.05,0.01,0.01,75058.54,1776317083000
1776317085.361,285.361,0.93,0.97,0.04,0.05,0.04,0.01,75058.55,1776317084000
1776317085.715,285.715,0.94,0.95,0.05,0.06,0.01,0.01,75058.55,1776317084000
1776317086.285,286.285,0.95,0.96,0.04,0.05,0.01,0.01,75058.55,1776317084000
1776317086.731,286.731,0.95,0.96,0.04,0.05,0.01,0.01,75058.52,1776317085000
1776317087.112,287.112,0.96,0.97,0.03,0.04,0.01,0.01,75058.52,1776317085000
1776317087.451,287.451,0.96,0.99,0.03,0.04,0.03,0.01,75058.52,1776317085000
1776317087.803,287.803,0.98,0.99,0.01,0.02,0.01,0.01,75058.52,1776317085000
1776317088.146,288.146,0.98,0.99,0.01,0.02,0.01,0.01,75058.52,1776317086000
1776317088.712,288.712,0.99,0.99,0.01,0.01,0.0,0.0,75058.52,1776317086000
1776317089.056,289.056,0.99,0.99,0.01,0.01,0.0,0.0,75058.52,1776317086000
1776317089.483,289.483,0.99,0.99,0.01,0.01,0.0,0.0,75058.52,1776317087000
1776317089.904,289.904,0.99,0.99,0.01,0.01,0.0,0.0,75061.02,1776317088000
1776317090.285,290.285,0.99,0.99,0.01,0.01,0.0,0.0,75061.02,1776317088000
1776317090.687,290.687,0.99,0.99,0.01,0.01,0.0,0.0,75062.29,1776317089000
1776317091.085,291.085,0.99,0.99,0.01,0.01,0.0,0.0,75062.29,1776317089000
1776317091.433,291.433,0.99,0.99,0.01,0.01,0.0,0.0,75062.38,1776317090000
1776317092.205,292.205,0.99,0.99,0.01,0.01,0.0,0.0,75062.38,1776317090000
1776317092.747,292.747,0.99,0.99,0.01,0.01,0.0,0.0,75062.44,1776317091000
1776317093.398,293.398,0.99,0.99,0.01,0.01,0.0,0.0,75062.44,1776317091000
1776317094.323,294.323,0.99,0.99,0.01,0.01,0.0,0.0,75062.66,1776317093000
1776317094.858,294.858,0.99,0.99,0.01,0.01,0.0,0.0,75062.66,1776317093000
1776317096.362,296.362,0.99,0.99,0.01,0.01,0.0,0.0,75062.8,1776317095000
1776317097.222,297.222,0.99,0.99,0.01,0.01,0.0,0.0,75062.74,1776317096000
1776317098.0,298.0,0.99,0.99,0.01,0.01,0.0,0.0,75062.74,1776317096000
1776317098.688,298.688,0.99,0.99,0.01,0.01,0.0,0.0,75062.74,1776317096000
1776317099.444,299.444,0.99,0.99,0.01,0.01,0.0,0.0,75063.63,1776317097000
1776317100.366,300.366,0.99,0.99,0.01,0.01,0.0,0.0,75063.7,1776317098000

# RESULT,winner=Up,slug=btc-updown-5m-1776316800,ticks=635
