timestamp,elapsed_sec,up_bid,up_ask,down_bid,down_ask,up_spread,down_spread,btc_price,btc_oracle_ts
1776948900.8,0.8,0.51,0.52,0.48,0.49,0.01,0.01,77711.05,1776948899000
1776948901.163,1.163,0.51,0.52,0.48,0.49,0.01,0.01,77711.05,1776948900000
1776948902.167,2.167,0.51,0.52,0.48,0.49,0.01,0.01,77711.06,1776948901000
1776948903.368,3.368,0.51,0.52,0.48,0.49,0.01,0.01,77713.01,1776948902000
1776948903.796,3.796,0.51,0.52,0.48,0.49,0.01,0.01,77713.01,1776948902000
1776948904.483,4.483,0.51,0.52,0.48,0.49,0.01,0.01,77713.13,1776948903000
1776948904.844,4.844,0.51,0.52,0.48,0.49,0.01,0.01,77713.13,1776948903000
1776948905.217,5.217,0.51,0.54,0.46,0.49,0.03,0.03,77717.02,1776948904000
1776948905.563,5.563,0.52,0.54,0.46,0.48,0.02,0.02,77717.02,1776948904000
1776948905.913,5.913,0.51,0.55,0.45,0.49,0.04,0.04,77717.02,1776948904000
1776948906.278,6.278,0.58,0.59,0.41,0.42,0.01,0.01,77724.44,1776948905000
1776948906.624,6.624,0.58,0.59,0.41,0.42,0.01,0.01,77724.44,1776948905000
1776948906.96,6.96,0.58,0.59,0.41,0.42,0.01,0.01,77724.44,1776948905000
1776948907.351,7.351,0.58,0.59,0.41,0.42,0.01,0.01,77727.94,1776948906000
1776948907.95,7.95,0.57,0.58,0.41,0.43,0.01,0.02,77727.94,1776948906000
1776948908.333,8.333,0.57,0.58,0.42,0.43,0.01,0.01,77727.44,1776948907000
1776948908.817,8.817,0.57,0.58,0.42,0.43,0.01,0.01,77727.44,1776948907000
1776948909.499,9.499,0.57,0.58,0.42,0.43,0.01,0.01,77727.44,1776948907000
1776948909.996,9.996,0.57,0.58,0.42,0.43,0.01,0.01,77726.74,1776948908000
1776948911.195,11.195,0.57,0.59,0.42,0.43,0.02,0.01,77727.08,1776948909000
1776948911.872,11.872,0.58,0.59,0.41,0.42,0.01,0.01,77724.1,1776948910000
1776948912.243,12.243,0.58,0.59,0.41,0.42,0.01,0.01,77724.1,1776948910000
1776948912.717,12.717,0.58,0.59,0.41,0.42,0.01,0.01,77726.9,1776948911000
1776948913.152,13.152,0.58,0.59,0.41,0.42,0.01,0.01,77727.13,1776948912000
1776948913.619,13.619,0.58,0.59,0.41,0.42,0.01,0.01,77727.13,1776948912000
1776948914.129,14.129,0.58,0.59,0.41,0.42,0.01,0.01,77727.13,1776948913000
1776948914.514,14.514,0.58,0.59,0.41,0.42,0.01,0.01,77727.13,1776948913000
1776948914.903,14.903,0.58,0.59,0.41,0.42,0.01,0.01,77727.13,1776948913000
1776948915.276,15.276,0.58,0.59,0.41,0.42,0.01,0.01,77727.35,1776948914000
1776948916.125,16.125,0.58,0.59,0.41,0.42,0.01,0.01,77727.35,1776948914000
1776948916.882,16.882,0.59,0.6,0.4,0.42,0.01,0.02,77727.1,1776948915000
1776948917.649,17.649,0.59,0.6,0.4,0.41,0.01,0.01,77727.1,1776948916000
1776948918.038,18.038,0.59,0.6,0.4,0.41,0.01,0.01,77727.1,1776948916000
1776948918.51,18.51,0.59,0.6,0.4,0.41,0.01,0.01,77727.16,1776948917000
1776948919.355,19.355,0.59,0.6,0.4,0.41,0.01,0.01,77727.15,1776948918000
1776948920.464,20.464,0.59,0.6,0.4,0.41,0.01,0.01,77727.13,1776948919000
1776948920.946,20.946,0.59,0.6,0.4,0.41,0.01,0.01,77727.13,1776948920000
1776948921.544,21.544,0.59,0.6,0.4,0.41,0.01,0.01,77727.13,1776948920000
1776948921.897,21.897,0.59,0.6,0.4,0.41,0.01,0.01,77727.13,1776948920000
1776948922.25,22.25,0.57,0.59,0.41,0.43,0.02,0.02,77726.39,1776948921000
1776948922.624,22.624,0.58,0.59,0.41,0.42,0.01,0.01,77726.39,1776948921000
1776948922.977,22.977,0.58,0.59,0.41,0.42,0.01,0.01,77726.39,1776948921000
1776948923.328,23.328,0.58,0.59,0.41,0.42,0.01,0.01,77725.38,1776948922000
1776948923.689,23.689,0.58,0.59,0.41,0.42,0.01,0.01,77725.38,1776948922000
1776948924.292,24.292,0.58,0.59,0.41,0.42,0.01,0.01,77725.38,1776948922000
1776948924.991,24.991,0.58,0.59,0.41,0.42,0.01,0.01,77725.38,1776948923000
1776948926.077,26.077,0.58,0.59,0.41,0.42,0.01,0.01,77725.63,1776948924000
1776948926.449,26.449,0.58,0.59,0.41,0.42,0.01,0.01,77726.3,1776948925000
1776948926.896,26.896,0.58,0.59,0.41,0.42,0.01,0.01,77726.3,1776948925000
1776948927.559,27.559,0.58,0.59,0.41,0.42,0.01,0.01,77726.2,1776948926000
1776948928.323,28.323,0.58,0.59,0.41,0.42,0.01,0.01,77726.2,1776948927000
1776948928.67,28.67,0.58,0.59,0.41,0.42,0.01,0.01,77726.2,1776948927000
1776948929.018,29.018,0.58,0.59,0.41,0.42,0.01,0.01,77726.2,1776948927000
1776948929.44,29.44,0.58,0.59,0.41,0.42,0.01,0.01,77726.15,1776948928000
1776948929.846,29.846,0.58,0.59,0.41,0.42,0.01,0.01,77726.15,1776948928000
1776948930.364,30.364,0.58,0.59,0.41,0.42,0.01,0.01,77726.1,1776948929000
1776948930.855,30.855,0.58,0.59,0.41,0.42,0.01,0.01,77726.1,1776948929000
1776948931.391,31.391,0.6,0.61,0.39,0.42,0.01,0.03,77726.1,1776948930000
1776948932.005,32.005,0.6,0.61,0.39,0.4,0.01,0.01,77726.23,1776948931000
1776948932.502,32.502,0.6,0.61,0.39,0.4,0.01,0.01,77726.23,1776948931000
1776948932.919,32.919,0.58,0.59,0.41,0.42,0.01,0.01,77726.23,1776948931000
1776948933.3,33.3,0.57,0.58,0.42,0.43,0.01,0.01,77730.99,1776948932000
1776948933.651,33.651,0.57,0.58,0.42,0.43,0.01,0.01,77730.99,1776948932000
1776948934.089,34.089,0.57,0.58,0.42,0.43,0.01,0.01,77730.99,1776948932000
1776948934.627,34.627,0.57,0.58,0.42,0.43,0.01,0.01,77728.89,1776948933000
1776948935.051,35.051,0.57,0.58,0.42,0.43,0.01,0.01,77728.89,1776948933000
1776948935.472,35.472,0.57,0.58,0.42,0.43,0.01,0.01,77726.99,1776948934000
1776948935.826,35.826,0.57,0.58,0.42,0.43,0.01,0.01,77726.99,1776948934000
1776948936.404,36.404,0.57,0.58,0.42,0.43,0.01,0.01,77726.99,1776948935000
1776948937.202,37.202,0.57,0.58,0.42,0.43,0.01,0.01,77726.35,1776948936000
1776948938.079,38.079,0.57,0.58,0.42,0.43,0.01,0.01,77726.35,1776948936000
1776948938.544,38.544,0.58,0.61,0.4,0.42,0.03,0.02,77725.35,1776948937000
1776948938.922,38.922,0.6,0.61,0.39,0.41,0.01,0.02,77725.35,1776948937000
1776948939.28,39.28,0.6,0.61,0.39,0.4,0.01,0.01,77725.35,1776948937000
1776948939.647,39.647,0.6,0.61,0.39,0.4,0.01,0.01,77725.35,1776948937000
1776948940.058,40.058,0.6,0.61,0.39,0.4,0.01,0.01,77729.06,1776948938000
1776948940.737,40.737,0.6,0.61,0.39,0.4,0.01,0.01,77729.06,1776948938000
1776948941.112,41.112,0.6,0.61,0.39,0.4,0.01,0.01,77730.21,1776948939000
1776948941.47,41.47,0.6,0.61,0.39,0.4,0.01,0.01,77730.21,1776948940000
1776948941.892,41.892,0.6,0.61,0.39,0.4,0.01,0.01,77730.21,1776948940000
1776948942.325,42.325,0.6,0.61,0.39,0.4,0.01,0.01,77730.21,1776948940000
1776948943.145,43.145,0.6,0.61,0.39,0.4,0.01,0.01,77730.37,1776948942000
1776948944.424,44.424,0.6,0.61,0.39,0.4,0.01,0.01,77730.37,1776948942000
1776948945.764,45.764,0.6,0.61,0.39,0.4,0.01,0.01,77730.41,1776948944000
1776948946.411,46.411,0.6,0.61,0.39,0.4,0.01,0.01,77730.11,1776948945000
1776948946.971,46.971,0.6,0.61,0.39,0.4,0.01,0.01,77730.05,1776948946000
1776948947.641,47.641,0.6,0.62,0.39,0.4,0.02,0.01,77730.05,1776948946000
1776948948.015,48.015,0.61,0.63,0.37,0.39,0.02,0.02,77730.05,1776948946000
1776948948.428,48.428,0.61,0.63,0.37,0.39,0.02,0.02,77731.81,1776948947000
1776948948.819,48.819,0.6,0.63,0.37,0.4,0.03,0.03,77731.81,1776948947000
1776948949.214,49.214,0.6,0.63,0.37,0.4,0.03,0.03,77731.81,1776948947000
1776948949.587,49.587,0.6,0.61,0.37,0.4,0.01,0.03,77734.48,1776948948000
1776948949.969,49.969,0.62,0.63,0.36,0.38,0.01,0.02,77734.48,1776948948000
1776948950.309,50.309,0.66,0.69,0.31,0.36,0.03,0.05,77738.9,1776948949000
1776948950.644,50.644,0.68,0.7,0.3,0.34,0.02,0.04,77738.9,1776948949000
1776948951.013,51.013,0.68,0.74,0.26,0.32,0.06,0.06,77738.9,1776948949000
1776948951.346,51.346,0.7,0.79,0.21,0.25,0.09,0.04,77772.72,1776948950000
1776948951.681,51.681,0.74,0.76,0.21,0.28,0.02,0.07,77772.72,1776948950000
1776948952.044,52.044,0.78,0.8,0.2,0.22,0.02,0.02,77772.72,1776948950000
1776948952.38,52.38,0.78,0.81,0.19,0.22,0.03,0.03,77791.28,1776948951000
1776948952.753,52.753,0.79,0.8,0.19,0.21,0.01,0.02,77791.28,1776948951000
1776948953.237,53.237,0.79,0.8,0.2,0.21,0.01,0.01,77791.28,1776948951000
1776948953.573,53.573,0.79,0.8,0.2,0.21,0.01,0.01,77791.28,1776948951000
1776948954.262,54.262,0.79,0.8,0.2,0.21,0.01,0.01,77794.26,1776948953000
1776948954.672,54.672,0.79,0.8,0.2,0.21,0.01,0.01,77794.26,1776948953000
1776948955.302,55.302,0.79,0.8,0.2,0.21,0.01,0.01,77794.26,1776948953000
1776948955.66,55.66,0.79,0.8,0.2,0.21,0.01,0.01,77794.26,1776948953000
1776948956.031,56.031,0.79,0.8,0.2,0.21,0.01,0.01,77794.71,1776948954000
1776948956.414,56.414,0.79,0.8,0.2,0.21,0.01,0.01,77794.71,1776948954000
1776948956.765,56.765,0.79,0.8,0.2,0.21,0.01,0.01,77794.71,1776948954000
1776948957.112,57.112,0.79,0.8,0.2,0.21,0.01,0.01,77794.71,1776948954000
1776948957.492,57.492,0.79,0.8,0.2,0.21,0.01,0.01,77794.87,1776948955000
1776948957.895,57.895,0.79,0.8,0.2,0.21,0.01,0.01,77793.82,1776948956000
1776948958.237,58.237,0.79,0.8,0.2,0.21,0.01,0.01,77793.82,1776948956000
1776948958.686,58.686,0.79,0.8,0.2,0.21,0.01,0.01,77793.34,1776948957000
1776948959.173,59.173,0.79,0.8,0.2,0.21,0.01,0.01,77791.8,1776948958000
1776948959.597,59.597,0.79,0.8,0.2,0.21,0.01,0.01,77791.8,1776948958000
1776948960.02,60.02,0.79,0.8,0.2,0.21,0.01,0.01,77791.78,1776948959000
1776948960.354,60.354,0.79,0.8,0.2,0.21,0.01,0.01,77791.78,1776948959000
1776948960.718,60.718,0.79,0.8,0.2,0.21,0.01,0.01,77791.78,1776948959000
1776948961.052,61.052,0.79,0.8,0.2,0.21,0.01,0.01,77789.84,1776948960000
1776948961.413,61.413,0.79,0.8,0.2,0.21,0.01,0.01,77789.84,1776948960000
1776948961.903,61.903,0.79,0.8,0.2,0.21,0.01,0.01,77789.84,1776948960000
1776948962.308,62.308,0.79,0.8,0.2,0.21,0.01,0.01,77789.76,1776948961000
1776948962.745,62.745,0.78,0.8,0.2,0.21,0.02,0.01,77789.76,1776948961000
1776948963.306,63.306,0.78,0.79,0.21,0.22,0.01,0.01,77788.44,1776948962000
1776948963.939,63.939,0.78,0.79,0.21,0.22,0.01,0.01,77788.44,1776948962000
1776948964.298,64.298,0.78,0.79,0.21,0.22,0.01,0.01,77788.44,1776948962000
1776948964.737,64.737,0.78,0.79,0.21,0.22,0.01,0.01,77784.58,1776948963000
1776948965.08,65.08,0.78,0.79,0.21,0.22,0.01,0.01,77784.58,1776948963000
1776948965.473,65.473,0.77,0.79,0.22,0.23,0.02,0.01,77780.64,1776948964000
1776948965.908,65.908,0.77,0.78,0.22,0.23,0.01,0.01,77780.64,1776948964000
1776948966.293,66.293,0.77,0.78,0.22,0.23,0.01,0.01,77780.64,1776948965000
1776948966.777,66.777,0.77,0.78,0.22,0.23,0.01,0.01,77780.64,1776948965000
1776948967.349,67.349,0.77,0.78,0.22,0.23,0.01,0.01,77778.89,1776948966000
1776948967.689,67.689,0.77,0.78,0.22,0.23,0.01,0.01,77778.89,1776948966000
1776948968.044,68.044,0.76,0.77,0.22,0.25,0.01,0.03,77778.89,1776948966000
1776948968.451,68.451,0.74,0.76,0.24,0.26,0.02,0.02,77778.85,1776948967000
1776948969.196,69.196,0.74,0.76,0.25,0.26,0.02,0.01,77778.85,1776948967000
1776948969.587,69.587,0.76,0.77,0.23,0.24,0.01,0.01,77776.57,1776948968000
1776948970.18,70.18,0.76,0.77,0.23,0.24,0.01,0.01,77776.57,1776948968000
1776948970.594,70.594,0.76,0.78,0.22,0.24,0.02,0.02,77776.57,1776948968000
1776948971.211,71.211,0.78,0.79,0.21,0.22,0.01,0.01,77772.08,1776948969000
1776948971.637,71.637,0.78,0.79,0.21,0.22,0.01,0.01,77774.2,1776948970000
1776948972.38,72.38,0.78,0.81,0.19,0.22,0.03,0.03,77775.81,1776948971000
1776948972.762,72.762,0.79,0.81,0.19,0.21,0.02,0.02,77775.81,1776948971000
1776948973.341,73.341,0.8,0.81,0.19,0.2,0.01,0.01,77777.14,1776948972000
1776948974.206,74.206,0.8,0.81,0.19,0.2,0.01,0.01,77777.14,1776948972000
1776948974.562,74.562,0.8,0.82,0.18,0.2,0.02,0.02,77780.21,1776948973000
1776948974.899,74.899,0.81,0.82,0.18,0.19,0.01,0.01,77781.82,1776948974000
1776948975.337,75.337,0.81,0.82,0.18,0.19,0.01,0.01,77781.82,1776948974000
1776948975.672,75.672,0.81,0.82,0.18,0.19,0.01,0.01,77781.82,1776948974000
1776948976.238,76.238,0.81,0.82,0.18,0.19,0.01,0.01,77783.15,1776948975000
1776948976.724,76.724,0.81,0.82,0.18,0.19,0.01,0.01,77783.15,1776948975000
1776948977.298,77.298,0.81,0.82,0.18,0.19,0.01,0.01,77783.36,1776948976000
1776948977.648,77.648,0.81,0.82,0.18,0.19,0.01,0.01,77783.36,1776948976000
1776948978.031,78.031,0.81,0.82,0.18,0.19,0.01,0.01,77784.06,1776948977000
1776948978.676,78.676,0.82,0.83,0.17,0.19,0.01,0.02,77784.06,1776948977000
1776948979.129,79.129,0.82,0.83,0.17,0.18,0.01,0.01,77783.95,1776948978000
1776948979.536,79.536,0.82,0.83,0.17,0.18,0.01,0.01,77783.95,1776948978000
1776948979.915,79.915,0.82,0.83,0.17,0.18,0.01,0.01,77783.95,1776948978000
1776948980.262,80.262,0.82,0.83,0.17,0.18,0.01,0.01,77783.98,1776948979000
1776948980.874,80.874,0.82,0.83,0.17,0.18,0.01,0.01,77783.98,1776948979000
1776948981.272,81.272,0.82,0.83,0.17,0.18,0.01,0.01,77784.22,1776948980000
1776948981.743,81.743,0.82,0.83,0.17,0.18,0.01,0.01,77784.22,1776948980000
1776948982.164,82.164,0.82,0.83,0.17,0.18,0.01,0.01,77784.86,1776948981000
1776948982.647,82.647,0.82,0.83,0.17,0.18,0.01,0.01,77784.86,1776948981000
1776948983.261,83.261,0.82,0.83,0.17,0.18,0.01,0.01,77784.93,1776948982000
1776948983.597,83.597,0.82,0.83,0.17,0.18,0.01,0.01,77784.93,1776948982000
1776948984.111,84.111,0.82,0.83,0.17,0.18,0.01,0.01,77784.93,1776948982000
1776948984.477,84.477,0.82,0.83,0.17,0.18,0.01,0.01,77785.17,1776948983000
1776948984.957,84.957,0.82,0.83,0.17,0.18,0.01,0.01,77785.17,1776948983000
1776948985.408,85.408,0.82,0.83,0.16,0.18,0.01,0.02,77785.18,1776948984000
1776948985.753,85.753,0.82,0.83,0.17,0.18,0.01,0.01,77785.18,1776948984000
1776948986.35,86.35,0.82,0.83,0.17,0.18,0.01,0.01,77785.18,1776948984000
1776948986.764,86.764,0.82,0.83,0.17,0.18,0.01,0.01,77785.19,1776948985000
1776948987.183,87.183,0.82,0.83,0.17,0.18,0.01,0.01,77785.18,1776948986000
1776948987.543,87.543,0.82,0.83,0.17,0.18,0.01,0.01,77785.18,1776948986000
1776948988.266,88.266,0.79,0.8,0.2,0.21,0.01,0.01,77785.18,1776948986000
1776948988.632,88.632,0.79,0.8,0.2,0.21,0.01,0.01,77784.96,1776948987000
1776948989.162,89.162,0.79,0.8,0.2,0.21,0.01,0.01,77784.12,1776948988000
1776948990.095,90.095,0.79,0.8,0.2,0.21,0.01,0.01,77784.12,1776948988000
1776948990.443,90.443,0.79,0.8,0.2,0.21,0.01,0.01,77777.53,1776948989000
1776948990.981,90.981,0.79,0.8,0.2,0.21,0.01,0.01,77777.53,1776948989000
1776948991.327,91.327,0.79,0.8,0.2,0.21,0.01,0.01,77777.05,1776948990000
1776948991.699,91.699,0.79,0.8,0.2,0.21,0.01,0.01,77777.05,1776948990000
1776948992.034,92.034,0.79,0.8,0.2,0.21,0.01,0.01,77777.05,1776948991000
1776948992.369,92.369,0.78,0.79,0.21,0.22,0.01,0.01,77777.05,1776948991000
1776948992.727,92.727,0.78,0.79,0.21,0.22,0.01,0.01,77777.05,1776948991000
1776948993.188,93.188,0.78,0.79,0.21,0.22,0.01,0.01,77776.23,1776948992000
1776948993.645,93.645,0.78,0.79,0.21,0.22,0.01,0.01,77776.23,1776948992000
1776948994.117,94.117,0.78,0.79,0.21,0.22,0.01,0.01,77776.23,1776948992000
1776948994.531,94.531,0.79,0.8,0.2,0.22,0.01,0.02,77776.23,1776948992000
1776948994.953,94.953,0.79,0.8,0.2,0.21,0.01,0.01,77774.7,1776948993000
1776948995.332,95.332,0.79,0.8,0.2,0.21,0.01,0.01,77774.7,1776948994000
1776948995.865,95.865,0.79,0.8,0.2,0.21,0.01,0.01,77774.7,1776948994000
1776948996.231,96.231,0.79,0.8,0.2,0.21,0.01,0.01,77774.7,1776948994000
1776948996.674,96.674,0.79,0.8,0.2,0.21,0.01,0.01,77775.24,1776948995000
1776948997.089,97.089,0.79,0.8,0.2,0.21,0.01,0.01,77775.24,1776948995000
1776948997.511,97.511,0.79,0.8,0.2,0.21,0.01,0.01,77777.91,1776948996000
1776948998.141,98.141,0.79,0.8,0.2,0.21,0.01,0.01,77777.91,1776948996000
1776948998.579,98.579,0.79,0.82,0.2,0.21,0.03,0.01,77777.91,1776948996000
1776948998.927,98.927,0.81,0.82,0.18,0.19,0.01,0.01,77779.16,1776948997000
1776948999.269,99.269,0.81,0.82,0.18,0.19,0.01,0.01,77778.02,1776948998000
1776948999.606,99.606,0.81,0.84,0.18,0.19,0.03,0.01,77778.02,1776948998000
1776949000.028,100.028,0.84,0.85,0.15,0.16,0.01,0.01,77778.02,1776948998000
1776949000.422,100.422,0.84,0.85,0.15,0.17,0.01,0.02,77778.02,1776948998000
1776949000.85,100.85,0.84,0.85,0.15,0.16,0.01,0.01,77779.78,1776948999000
1776949001.347,101.347,0.84,0.85,0.15,0.16,0.01,0.01,77779.78,1776948999000
1776949002.205,102.205,0.84,0.85,0.15,0.16,0.01,0.01,77783.84,1776949000000
1776949002.755,102.755,0.84,0.86,0.15,0.16,0.02,0.01,77787.69,1776949001000
1776949003.162,103.162,0.85,0.86,0.14,0.15,0.01,0.01,77788.9,1776949002000
1776949003.526,103.526,0.85,0.86,0.14,0.15,0.01,0.01,77788.9,1776949002000
1776949004.136,104.136,0.85,0.86,0.14,0.15,0.01,0.01,77790.52,1776949003000
1776949004.484,104.484,0.85,0.86,0.14,0.15,0.01,0.01,77790.52,1776949003000
1776949004.833,104.833,0.86,0.87,0.13,0.15,0.01,0.02,77790.52,1776949003000
1776949005.462,105.462,0.86,0.87,0.13,0.14,0.01,0.01,77792.47,1776949004000
1776949005.942,105.942,0.86,0.87,0.13,0.14,0.01,0.01,77792.47,1776949004000
1776949006.468,106.468,0.86,0.87,0.13,0.14,0.01,0.01,77792.47,1776949004000
1776949006.807,106.807,0.86,0.87,0.13,0.14,0.01,0.01,77795.04,1776949005000
1776949007.449,107.449,0.85,0.87,0.13,0.14,0.02,0.01,77794.45,1776949006000
1776949007.805,107.805,0.86,0.87,0.13,0.14,0.01,0.01,77794.45,1776949006000
1776949008.142,108.142,0.86,0.87,0.13,0.15,0.01,0.02,77795.61,1776949007000
1776949008.635,108.635,0.86,0.87,0.13,0.14,0.01,0.01,77795.61,1776949007000
1776949008.976,108.976,0.87,0.88,0.12,0.14,0.01,0.02,77795.61,1776949007000
1776949009.313,109.313,0.87,0.88,0.12,0.13,0.01,0.01,77796.6,1776949008000
1776949009.716,109.716,0.87,0.88,0.12,0.13,0.01,0.01,77796.6,1776949008000
1776949010.392,110.392,0.87,0.88,0.12,0.13,0.01,0.01,77797.03,1776949009000
1776949010.865,110.865,0.87,0.88,0.12,0.13,0.01,0.01,77797.03,1776949009000
1776949011.231,111.231,0.87,0.88,0.12,0.13,0.01,0.01,77797.66,1776949010000
1776949011.609,111.609,0.87,0.88,0.12,0.13,0.01,0.01,77797.66,1776949010000
1776949012.028,112.028,0.87,0.88,0.12,0.13,0.01,0.01,77797.66,1776949010000
1776949012.546,112.546,0.87,0.88,0.12,0.13,0.01,0.01,77801.57,1776949011000
1776949013.234,113.234,0.87,0.88,0.12,0.13,0.01,0.01,77801.57,1776949011000
1776949013.658,113.658,0.87,0.88,0.12,0.13,0.01,0.01,77801.35,1776949012000
1776949014.014,114.014,0.87,0.88,0.12,0.13,0.01,0.01,77800.09,1776949013000
1776949014.783,114.783,0.87,0.88,0.12,0.13,0.01,0.01,77800.09,1776949013000
1776949015.188,115.188,0.87,0.88,0.12,0.13,0.01,0.01,77798.74,1776949014000
1776949015.602,115.602,0.87,0.88,0.12,0.13,0.01,0.01,77798.74,1776949014000
1776949016.121,116.121,0.87,0.88,0.12,0.13,0.01,0.01,77798.81,1776949015000
1776949016.464,116.464,0.87,0.88,0.12,0.13,0.01,0.01,77798.81,1776949015000
1776949017.212,117.212,0.87,0.88,0.12,0.13,0.01,0.01,77798.81,1776949015000
1776949017.654,117.654,0.87,0.88,0.12,0.13,0.01,0.01,77798.81,1776949015000
1776949018.034,118.034,0.87,0.88,0.12,0.13,0.01,0.01,77798.81,1776949015000
1776949018.391,118.391,0.87,0.88,0.12,0.13,0.01,0.01,77799.11,1776949017000
1776949018.829,118.829,0.87,0.88,0.12,0.13,0.01,0.01,77799.11,1776949017000
1776949019.338,119.338,0.86,0.87,0.13,0.14,0.01,0.01,77799.11,1776949017000
1776949019.718,119.718,0.86,0.87,0.13,0.14,0.01,0.01,77799.11,1776949018000
1776949020.282,120.282,0.86,0.87,0.13,0.14,0.01,0.01,77799.11,1776949018000
1776949020.62,120.62,0.86,0.87,0.13,0.14,0.01,0.01,77799.16,1776949019000
1776949020.992,120.992,0.86,0.87,0.13,0.14,0.01,0.01,77799.16,1776949019000
1776949021.339,121.339,0.86,0.87,0.13,0.14,0.01,0.01,77799.19,1776949020000
1776949021.745,121.745,0.86,0.87,0.13,0.14,0.01,0.01,77799.19,1776949020000
1776949022.39,122.39,0.86,0.87,0.13,0.14,0.01,0.01,77799.19,1776949020000
1776949022.842,122.842,0.86,0.87,0.13,0.14,0.01,0.01,77799.19,1776949021000
1776949023.239,123.239,0.86,0.87,0.13,0.14,0.01,0.01,77799.19,1776949021000
1776949023.756,123.756,0.86,0.87,0.13,0.14,0.01,0.01,77799.12,1776949022000
1776949024.274,124.274,0.86,0.87,0.13,0.14,0.01,0.01,77799.12,1776949022000
1776949024.666,124.666,0.86,0.87,0.13,0.14,0.01,0.01,77799.16,1776949023000
1776949025.008,125.008,0.86,0.87,0.13,0.14,0.01,0.01,77799.16,1776949023000
1776949025.501,125.501,0.86,0.87,0.13,0.14,0.01,0.01,77799.16,1776949024000
1776949025.941,125.941,0.86,0.87,0.13,0.14,0.01,0.01,77799.16,1776949024000
1776949026.283,126.283,0.86,0.87,0.13,0.14,0.01,0.01,77799.16,1776949024000
1776949026.643,126.643,0.86,0.87,0.13,0.14,0.01,0.01,77799.16,1776949024000
1776949027.02,127.02,0.86,0.87,0.13,0.14,0.01,0.01,77797.79,1776949025000
1776949027.465,127.465,0.86,0.87,0.13,0.14,0.01,0.01,77797.79,1776949025000
1776949028.286,128.286,0.86,0.87,0.13,0.14,0.01,0.01,77799.48,1776949027000
1776949028.652,128.652,0.86,0.87,0.13,0.14,0.01,0.01,77799.48,1776949027000
1776949029.398,129.398,0.86,0.87,0.13,0.14,0.01,0.01,77799.48,1776949027000
1776949030.04,130.04,0.86,0.87,0.13,0.14,0.01,0.01,77799.56,1776949028000
1776949030.444,130.444,0.86,0.87,0.13,0.14,0.01,0.01,77799.53,1776949029000
1776949030.874,130.874,0.86,0.87,0.13,0.14,0.01,0.01,77799.53,1776949029000
1776949031.29,131.29,0.86,0.87,0.13,0.14,0.01,0.01,77799.53,1776949030000
1776949031.674,131.674,0.86,0.87,0.13,0.14,0.01,0.01,77799.53,1776949030000
1776949032.017,132.017,0.86,0.87,0.13,0.14,0.01,0.01,77799.53,1776949030000
1776949032.388,132.388,0.86,0.87,0.13,0.14,0.01,0.01,77799.47,1776949031000
1776949032.745,132.745,0.86,0.87,0.13,0.14,0.01,0.01,77799.47,1776949031000
1776949033.131,133.131,0.86,0.87,0.13,0.14,0.01,0.01,77799.4,1776949032000
1776949033.646,133.646,0.86,0.87,0.13,0.14,0.01,0.01,77799.4,1776949032000
1776949034.049,134.049,0.86,0.87,0.13,0.14,0.01,0.01,77799.4,1776949032000
1776949034.967,134.967,0.86,0.87,0.13,0.14,0.01,0.01,77798.3,1776949033000
1776949035.328,135.328,0.86,0.87,0.13,0.15,0.01,0.02,77798.3,1776949033000
1776949035.754,135.754,0.86,0.87,0.13,0.14,0.01,0.01,77798.3,1776949033000
1776949036.135,136.135,0.86,0.87,0.13,0.14,0.01,0.01,77797.73,1776949034000
1776949036.605,136.605,0.86,0.87,0.13,0.14,0.01,0.01,77796.26,1776949035000
1776949037.387,137.387,0.86,0.87,0.13,0.14,0.01,0.01,77796.26,1776949035000
1776949037.806,137.806,0.86,0.87,0.13,0.14,0.01,0.01,77796.19,1776949036000
1776949038.139,138.139,0.86,0.87,0.13,0.14,0.01,0.01,77796.11,1776949037000
1776949038.531,138.531,0.86,0.87,0.13,0.14,0.01,0.01,77796.11,1776949037000
1776949039.198,139.198,0.86,0.87,0.13,0.14,0.01,0.01,77796.11,1776949037000
1776949039.7,139.7,0.86,0.87,0.13,0.14,0.01,0.01,77796.03,1776949038000
1776949040.296,140.296,0.86,0.87,0.13,0.14,0.01,0.01,77796.03,1776949038000
1776949041.305,141.305,0.86,0.87,0.13,0.14,0.01,0.01,77796.03,1776949039000
1776949041.67,141.67,0.86,0.87,0.13,0.14,0.01,0.01,77796.03,1776949039000
1776949042.515,142.515,0.86,0.87,0.13,0.14,0.01,0.01,77795.93,1776949041000
1776949042.984,142.984,0.86,0.87,0.13,0.14,0.01,0.01,77795.93,1776949041000
1776949043.415,143.415,0.86,0.87,0.13,0.14,0.01,0.01,77795.71,1776949042000
1776949043.761,143.761,0.86,0.87,0.13,0.14,0.01,0.01,77795.71,1776949042000
1776949044.096,144.096,0.86,0.87,0.13,0.14,0.01,0.01,77795.71,1776949042000
1776949044.504,144.504,0.85,0.87,0.13,0.14,0.02,0.01,77795.71,1776949043000
1776949044.865,144.865,0.86,0.87,0.13,0.15,0.01,0.02,77795.71,1776949043000
1776949045.629,145.629,0.86,0.87,0.13,0.14,0.01,0.01,77795.71,1776949043000
1776949046.422,146.422,0.86,0.87,0.13,0.14,0.01,0.01,77795.84,1776949044000
1776949046.793,146.793,0.86,0.87,0.13,0.14,0.01,0.01,77796.06,1776949045000
1776949047.642,147.642,0.86,0.87,0.13,0.14,0.01,0.01,77796.24,1776949046000
1776949048.309,148.309,0.87,0.88,0.13,0.14,0.01,0.01,77796.24,1776949046000
1776949048.672,148.672,0.87,0.88,0.12,0.13,0.01,0.01,77796.24,1776949047000
1776949049.045,149.045,0.87,0.88,0.12,0.13,0.01,0.01,77796.24,1776949047000
1776949049.547,149.547,0.87,0.88,0.12,0.13,0.01,0.01,77796.22,1776949048000
1776949050.126,150.126,0.88,0.89,0.11,0.12,0.01,0.01,77796.22,1776949049000
1776949050.791,150.791,0.88,0.89,0.11,0.12,0.01,0.01,77796.22,1776949049000
1776949051.486,151.486,0.88,0.89,0.11,0.12,0.01,0.01,77796.22,1776949049000
1776949051.831,151.831,0.88,0.89,0.11,0.12,0.01,0.01,77800.77,1776949050000
1776949052.235,152.235,0.88,0.89,0.11,0.12,0.01,0.01,77800.77,1776949050000
1776949052.624,152.624,0.88,0.89,0.11,0.12,0.01,0.01,77800.77,1776949051000
1776949053.314,153.314,0.88,0.89,0.11,0.12,0.01,0.01,77800.77,1776949051000
1776949053.814,153.814,0.88,0.9,0.11,0.12,0.02,0.01,77801.29,1776949052000
1776949054.403,154.403,0.89,0.9,0.1,0.11,0.01,0.01,77801.29,1776949052000
1776949054.751,154.751,0.89,0.9,0.1,0.11,0.01,0.01,77801.31,1776949053000
1776949055.101,155.101,0.89,0.9,0.1,0.11,0.01,0.01,77801.31,1776949053000
1776949055.794,155.794,0.89,0.9,0.1,0.11,0.01,0.01,77801.31,1776949054000
1776949056.358,156.358,0.89,0.9,0.1,0.11,0.01,0.01,77801.14,1776949055000
1776949056.863,156.863,0.89,0.9,0.1,0.11,0.01,0.01,77801.13,1776949056000
1776949057.545,157.545,0.89,0.9,0.1,0.11,0.01,0.01,77801.13,1776949056000
1776949058.436,158.436,0.89,0.9,0.1,0.11,0.01,0.01,77801.01,1776949057000
1776949059.295,159.295,0.89,0.9,0.1,0.11,0.01,0.01,77799.15,1776949058000
1776949059.724,159.724,0.89,0.9,0.1,0.11,0.01,0.01,77799.15,1776949058000
1776949060.306,160.306,0.89,0.9,0.1,0.11,0.01,0.01,77797.43,1776949059000
1776949061.084,161.084,0.89,0.9,0.1,0.11,0.01,0.01,77797.43,1776949059000
1776949061.682,161.682,0.89,0.9,0.1,0.11,0.01,0.01,77795.83,1776949060000
1776949062.033,162.033,0.89,0.9,0.1,0.11,0.01,0.01,77795.83,1776949060000
1776949062.407,162.407,0.89,0.9,0.1,0.11,0.01,0.01,77795.99,1776949061000
1776949062.875,162.875,0.89,0.9,0.1,0.11,0.01,0.01,77795.99,1776949061000
1776949063.243,163.243,0.89,0.9,0.1,0.11,0.01,0.01,77795.99,1776949061000
1776949063.823,163.823,0.89,0.9,0.1,0.11,0.01,0.01,77796.03,1776949062000
1776949064.222,164.222,0.89,0.9,0.1,0.11,0.01,0.01,77796.03,1776949062000
1776949065.002,165.002,0.89,0.9,0.1,0.11,0.01,0.01,77797.22,1776949063000
1776949065.507,165.507,0.89,0.9,0.1,0.11,0.01,0.01,77797.43,1776949064000
1776949066.336,166.336,0.89,0.9,0.1,0.11,0.01,0.01,77797.35,1776949065000
1776949066.765,166.765,0.89,0.9,0.1,0.11,0.01,0.01,77797.35,1776949065000
1776949067.232,167.232,0.89,0.9,0.1,0.11,0.01,0.01,77797.35,1776949065000
1776949067.762,167.762,0.89,0.9,0.1,0.11,0.01,0.01,77797.35,1776949065000
1776949068.45,168.45,0.89,0.9,0.1,0.11,0.01,0.01,77797.3,1776949066000
1776949069.104,169.104,0.89,0.9,0.1,0.11,0.01,0.01,77797.49,1776949068000
1776949069.455,169.455,0.89,0.9,0.1,0.11,0.01,0.01,77797.49,1776949068000
1776949069.789,169.789,0.89,0.9,0.1,0.11,0.01,0.01,77797.49,1776949068000
1776949070.194,170.194,0.89,0.9,0.1,0.11,0.01,0.01,77797.38,1776949069000
1776949070.849,170.849,0.89,0.9,0.1,0.11,0.01,0.01,77797.38,1776949069000
1776949071.297,171.297,0.89,0.9,0.1,0.11,0.01,0.01,77797.38,1776949070000
1776949071.825,171.825,0.89,0.9,0.1,0.11,0.01,0.01,77797.38,1776949070000
1776949072.389,172.389,0.89,0.9,0.1,0.11,0.01,0.01,77797.33,1776949071000
1776949073.092,173.092,0.89,0.9,0.1,0.11,0.01,0.01,77795.78,1776949072000
1776949073.436,173.436,0.89,0.9,0.1,0.11,0.01,0.01,77795.78,1776949072000
1776949074.166,174.166,0.89,0.9,0.1,0.11,0.01,0.01,77797.35,1776949073000
1776949074.678,174.678,0.89,0.9,0.1,0.11,0.01,0.01,77797.35,1776949073000
1776949075.113,175.113,0.89,0.9,0.1,0.11,0.01,0.01,77797.41,1776949074000
1776949075.477,175.477,0.89,0.9,0.1,0.11,0.01,0.01,77797.41,1776949074000
1776949076.188,176.188,0.89,0.9,0.1,0.11,0.01,0.01,77797.41,1776949075000
1776949077.207,177.207,0.89,0.9,0.1,0.11,0.01,0.01,77797.67,1776949076000
1776949077.646,177.646,0.89,0.9,0.1,0.11,0.01,0.01,77797.67,1776949076000
1776949078.016,178.016,0.89,0.9,0.1,0.11,0.01,0.01,77797.67,1776949076000
1776949078.513,178.513,0.89,0.9,0.1,0.11,0.01,0.01,77797.62,1776949077000
1776949078.862,178.862,0.89,0.9,0.1,0.11,0.01,0.01,77797.62,1776949077000
1776949079.281,179.281,0.89,0.9,0.1,0.11,0.01,0.01,77797.38,1776949078000
1776949079.62,179.62,0.89,0.9,0.1,0.11,0.01,0.01,77797.38,1776949078000
1776949080.337,180.337,0.89,0.9,0.1,0.11,0.01,0.01,77797.3,1776949079000
1776949080.671,180.671,0.89,0.9,0.1,0.11,0.01,0.01,77797.3,1776949079000
1776949081.116,181.116,0.9,0.91,0.09,0.1,0.01,0.01,77797.13,1776949080000
1776949081.556,181.556,0.91,0.92,0.08,0.1,0.01,0.02,77797.13,1776949080000
1776949081.902,181.902,0.9,0.91,0.08,0.09,0.01,0.01,77797.13,1776949080000
1776949082.278,182.278,0.9,0.91,0.09,0.1,0.01,0.01,77797.34,1776949081000
1776949082.648,182.648,0.91,0.92,0.08,0.09,0.01,0.01,77797.34,1776949081000
1776949083.18,183.18,0.91,0.92,0.08,0.09,0.01,0.01,77797.34,1776949081000
1776949084.02,184.02,0.92,0.93,0.07,0.08,0.01,0.01,77797.76,1776949083000
1776949085.102,185.102,0.92,0.93,0.07,0.08,0.01,0.01,77799.61,1776949084000
1776949085.789,185.789,0.92,0.93,0.07,0.08,0.01,0.01,77799.61,1776949084000
1776949086.202,186.202,0.92,0.93,0.07,0.08,0.01,0.01,77809.45,1776949085000
1776949086.679,186.679,0.92,0.93,0.07,0.08,0.01,0.01,77809.45,1776949085000
1776949087.294,187.294,0.92,0.93,0.07,0.08,0.01,0.01,77813.71,1776949086000
1776949087.763,187.763,0.92,0.93,0.07,0.08,0.01,0.01,77813.71,1776949086000
1776949088.161,188.161,0.92,0.93,0.07,0.08,0.01,0.01,77813.71,1776949086000
1776949088.501,188.501,0.93,0.94,0.06,0.07,0.01,0.01,77816.57,1776949087000
1776949089.042,189.042,0.93,0.94,0.06,0.07,0.01,0.01,77816.57,1776949087000
1776949089.411,189.411,0.93,0.94,0.06,0.07,0.01,0.01,77816.57,1776949088000
1776949089.753,189.753,0.94,0.95,0.05,0.06,0.01,0.01,77816.57,1776949088000
1776949090.095,190.095,0.94,0.95,0.05,0.06,0.01,0.01,77816.57,1776949088000
1776949090.481,190.481,0.94,0.95,0.05,0.06,0.01,0.01,77817.16,1776949089000
1776949090.915,190.915,0.95,0.96,0.04,0.05,0.01,0.01,77817.16,1776949089000
1776949091.286,191.286,0.95,0.96,0.04,0.05,0.01,0.01,77819.52,1776949090000
1776949091.621,191.621,0.95,0.96,0.04,0.05,0.01,0.01,77819.52,1776949090000
1776949091.955,191.955,0.95,0.96,0.04,0.05,0.01,0.01,77819.52,1776949090000
1776949092.436,192.436,0.95,0.96,0.04,0.05,0.01,0.01,77822.7,1776949091000
1776949092.952,192.952,0.95,0.96,0.04,0.05,0.01,0.01,77825.1,1776949092000
1776949093.365,193.365,0.95,0.96,0.04,0.05,0.01,0.01,77825.1,1776949092000
1776949093.882,193.882,0.95,0.96,0.04,0.05,0.01,0.01,77825.1,1776949092000
1776949094.362,194.362,0.95,0.96,0.04,0.05,0.01,0.01,77822.69,1776949093000
1776949094.802,194.802,0.95,0.96,0.04,0.05,0.01,0.01,77822.69,1776949093000
1776949095.227,195.227,0.95,0.96,0.04,0.05,0.01,0.01,77822.69,1776949094000
1776949095.857,195.857,0.95,0.96,0.04,0.05,0.01,0.01,77822.69,1776949094000
1776949096.225,196.225,0.95,0.97,0.04,0.05,0.02,0.01,77822.69,1776949094000
1776949096.562,196.562,0.95,0.97,0.03,0.05,0.02,0.02,77822.69,1776949094000
1776949096.901,196.901,0.95,0.97,0.03,0.05,0.02,0.02,77823.55,1776949095000
1776949097.302,197.302,0.95,0.96,0.04,0.05,0.01,0.01,77823.55,1776949095000
1776949097.698,197.698,0.96,0.97,0.03,0.04,0.01,0.01,77823.64,1776949096000
1776949098.033,198.033,0.96,0.98,0.02,0.04,0.02,0.02,77823.64,1776949096000
1776949098.367,198.367,0.96,0.98,0.02,0.04,0.02,0.02,77823.64,1776949097000
1776949098.711,198.711,0.96,0.98,0.02,0.04,0.02,0.02,77823.64,1776949097000
1776949099.193,199.193,0.97,0.98,0.02,0.03,0.01,0.01,77823.64,1776949097000
1776949099.72,199.72,0.97,0.98,0.02,0.03,0.01,0.01,77823.47,1776949098000
1776949100.118,200.118,0.97,0.98,0.02,0.03,0.01,0.01,77823.47,1776949098000
1776949100.555,200.555,0.97,0.98,0.02,0.03,0.01,0.01,77823.55,1776949099000
1776949100.889,200.889,0.97,0.98,0.02,0.03,0.01,0.01,77823.55,1776949099000
1776949101.243,201.243,0.97,0.98,0.02,0.03,0.01,0.01,77823.55,1776949099000
1776949101.644,201.644,0.98,0.99,0.01,0.03,0.01,0.02,77826.92,1776949100000
1776949101.995,201.995,0.98,0.99,0.01,0.02,0.01,0.01,77830.1,1776949101000
1776949102.476,202.476,0.98,0.99,0.01,0.02,0.01,0.01,77830.1,1776949101000
1776949102.957,202.957,0.98,0.99,0.01,0.02,0.01,0.01,77830.1,1776949101000
1776949104.189,204.189,0.98,0.99,0.01,0.02,0.01,0.01,77830.66,1776949102000
1776949104.643,204.643,0.98,0.99,0.01,0.02,0.01,0.01,77831.4,1776949103000
1776949104.985,204.985,0.98,0.99,0.01,0.02,0.01,0.01,77831.4,1776949103000
1776949105.349,205.349,0.98,0.99,0.01,0.02,0.01,0.01,77831.47,1776949104000
1776949106.013,206.013,0.98,0.99,0.01,0.02,0.01,0.01,77831.47,1776949104000
1776949106.354,206.354,0.98,0.99,0.01,0.02,0.01,0.01,77833.19,1776949105000
1776949106.7,206.7,0.98,0.99,0.01,0.02,0.01,0.01,77833.19,1776949105000
1776949107.25,207.25,0.98,0.99,0.01,0.02,0.01,0.01,77833.19,1776949105000
1776949107.65,207.65,0.97,0.99,0.01,0.03,0.02,0.02,77835.4,1776949106000
1776949108.005,208.005,0.97,0.98,0.02,0.03,0.01,0.01,77835.4,1776949107000
1776949108.641,208.641,0.98,0.99,0.01,0.02,0.01,0.01,77835.4,1776949107000
1776949109.034,209.034,0.98,0.99,0.01,0.02,0.01,0.01,77835.4,1776949107000
1776949109.386,209.386,0.98,0.99,0.01,0.02,0.01,0.01,77835.7,1776949108000
1776949109.817,209.817,0.98,0.99,0.01,0.02,0.01,0.01,77835.7,1776949108000
1776949110.287,210.287,0.98,0.99,0.01,0.02,0.01,0.01,77835.7,1776949108000
1776949110.725,210.725,0.98,0.99,0.01,0.02,0.01,0.01,77835.8,1776949109000
1776949111.085,211.085,0.98,0.99,0.01,0.02,0.01,0.01,77835.8,1776949109000
1776949111.428,211.428,0.98,0.99,0.01,0.02,0.01,0.01,77834.47,1776949110000
1776949111.772,211.772,0.98,0.99,0.01,0.02,0.01,0.01,77834.47,1776949110000
1776949112.379,212.379,0.98,0.99,0.01,0.02,0.01,0.01,77834.47,1776949110000
1776949112.754,212.754,0.98,0.99,0.01,0.02,0.01,0.01,77834.47,1776949110000
1776949113.126,213.126,0.98,0.99,0.01,0.02,0.01,0.01,77836.55,1776949111000
1776949113.493,213.493,0.98,0.99,0.01,0.02,0.01,0.01,77844.84,1776949112000
1776949113.931,213.931,0.98,0.99,0.01,0.02,0.01,0.01,77844.84,1776949112000
1776949114.332,214.332,0.98,0.99,0.01,0.02,0.01,0.01,77850.23,1776949113000
1776949114.73,214.73,0.98,0.99,0.01,0.02,0.01,0.01,77850.23,1776949113000
1776949115.082,215.082,0.98,0.99,0.01,0.02,0.01,0.01,77850.23,1776949113000
1776949115.683,215.683,0.98,0.99,0.01,0.02,0.01,0.01,77850.23,1776949114000
1776949116.102,216.102,0.98,0.99,0.01,0.02,0.01,0.01,77850.23,1776949114000
1776949116.523,216.523,0.98,0.99,0.01,0.02,0.01,0.01,77850.21,1776949115000
1776949117.135,217.135,0.98,0.99,0.01,0.02,0.01,0.01,77850.24,1776949116000
1776949117.638,217.638,0.98,0.99,0.01,0.02,0.01,0.01,77850.24,1776949116000
1776949118.002,218.002,0.98,0.99,0.01,0.02,0.01,0.01,77850.24,1776949116000
1776949118.357,218.357,0.98,0.99,0.01,0.02,0.01,0.01,77854.23,1776949117000
1776949118.692,218.692,0.98,0.99,0.01,0.02,0.01,0.01,77854.23,1776949117000
1776949119.041,219.041,0.98,0.99,0.01,0.02,0.01,0.01,77854.23,1776949117000
1776949119.509,219.509,0.98,0.99,0.01,0.02,0.01,0.01,77855.69,1776949118000
1776949119.873,219.873,0.98,0.99,0.01,0.02,0.01,0.01,77855.69,1776949118000
1776949120.239,220.239,0.98,0.99,0.01,0.02,0.01,0.01,77855.69,1776949118000
1776949120.626,220.626,0.98,0.99,0.01,0.02,0.01,0.01,77863.53,1776949119000
1776949120.985,220.985,0.98,0.99,0.01,0.02,0.01,0.01,77863.53,1776949119000
1776949121.343,221.343,0.98,0.99,0.01,0.02,0.01,0.01,77863.21,1776949120000
1776949121.681,221.681,0.98,0.99,0.01,0.02,0.01,0.01,77863.21,1776949120000
1776949122.226,222.226,0.98,0.99,0.01,0.02,0.01,0.01,77862.11,1776949121000
1776949122.579,222.579,0.98,0.99,0.01,0.02,0.01,0.01,77862.11,1776949121000
1776949122.963,222.963,0.98,0.99,0.01,0.02,0.01,0.01,77862.11,1776949121000
1776949123.297,223.297,0.98,0.99,0.01,0.02,0.01,0.01,77859.16,1776949122000
1776949123.92,223.92,0.98,0.99,0.01,0.02,0.01,0.01,77859.16,1776949122000
1776949124.285,224.285,0.98,0.99,0.01,0.02,0.01,0.01,77854.05,1776949123000
1776949124.89,224.89,0.98,0.99,0.01,0.02,0.01,0.01,77854.05,1776949123000
1776949125.34,225.34,0.98,0.99,0.01,0.02,0.01,0.01,77852.39,1776949124000
1776949125.725,225.725,0.98,0.99,0.01,0.02,0.01,0.01,77852.39,1776949124000
1776949126.105,226.105,0.98,0.99,0.01,0.02,0.01,0.01,77852.39,1776949124000
1776949126.583,226.583,0.98,0.99,0.01,0.02,0.01,0.01,77852.39,1776949124000
1776949127.012,227.012,0.98,0.99,0.01,0.02,0.01,0.01,77848.48,1776949125000
1776949127.379,227.379,0.98,0.99,0.01,0.02,0.01,0.01,77848.48,1776949125000
1776949128.031,228.031,0.98,0.99,0.01,0.02,0.01,0.01,77846.0,1776949127000
1776949128.398,228.398,0.98,0.99,0.01,0.02,0.01,0.01,77846.0,1776949127000
1776949128.788,228.788,0.98,0.99,0.01,0.02,0.01,0.01,77846.0,1776949127000
1776949129.134,229.134,0.98,0.99,0.01,0.02,0.01,0.01,77846.0,1776949127000
1776949129.495,229.495,0.98,0.99,0.01,0.02,0.01,0.01,77844.9,1776949128000
1776949129.837,229.837,0.98,0.99,0.01,0.02,0.01,0.01,77844.9,1776949128000
1776949130.44,230.44,0.98,0.99,0.01,0.02,0.01,0.01,77844.89,1776949129000
1776949131.029,231.029,0.98,0.99,0.01,0.02,0.01,0.01,77844.89,1776949129000
1776949131.539,231.539,0.98,0.99,0.01,0.02,0.01,0.01,77844.67,1776949130000
1776949131.957,231.957,0.98,0.99,0.01,0.02,0.01,0.01,77844.67,1776949130000
1776949132.347,232.347,0.98,0.99,0.01,0.02,0.01,0.01,77844.76,1776949131000
1776949132.712,232.712,0.98,0.99,0.01,0.02,0.01,0.01,77844.76,1776949131000
1776949133.045,233.045,0.98,0.99,0.01,0.02,0.01,0.01,77844.76,1776949131000
1776949133.575,233.575,0.98,0.99,0.01,0.02,0.01,0.01,77844.76,1776949131000
1776949133.954,233.954,0.98,0.99,0.01,0.02,0.01,0.01,77844.72,1776949132000
1776949134.42,234.42,0.98,0.99,0.01,0.02,0.01,0.01,77845.47,1776949133000
1776949134.92,234.92,0.98,0.99,0.01,0.02,0.01,0.01,77845.47,1776949133000
1776949135.326,235.326,0.98,0.99,0.01,0.02,0.01,0.01,77845.26,1776949134000
1776949135.776,235.776,0.98,0.99,0.01,0.02,0.01,0.01,77845.26,1776949134000
1776949136.411,236.411,0.98,0.99,0.01,0.02,0.01,0.01,77845.26,1776949134000
1776949136.806,236.806,0.98,0.99,0.01,0.02,0.01,0.01,77843.76,1776949135000
1776949137.414,237.414,0.98,0.99,0.01,0.02,0.01,0.01,77843.19,1776949136000
1776949138.197,238.197,0.98,0.99,0.01,0.02,0.01,0.01,77841.97,1776949137000
1776949138.566,238.566,0.98,0.99,0.01,0.02,0.01,0.01,77841.97,1776949137000
1776949139.413,239.413,0.98,0.99,0.01,0.02,0.01,0.01,77841.97,1776949137000
1776949139.766,239.766,0.98,0.99,0.01,0.02,0.01,0.01,77841.81,1776949138000
1776949140.35,240.35,0.98,0.99,0.01,0.02,0.01,0.01,77841.81,1776949138000
1776949140.753,240.753,0.98,0.99,0.01,0.02,0.01,0.01,77842.91,1776949139000
1776949141.257,241.257,0.98,0.99,0.01,0.02,0.01,0.01,77843.0,1776949140000
1776949141.595,241.595,0.98,0.99,0.01,0.02,0.01,0.01,77843.0,1776949140000
1776949141.966,241.966,0.98,0.99,0.01,0.02,0.01,0.01,77843.0,1776949140000
1776949142.456,242.456,0.98,0.99,0.01,0.02,0.01,0.01,77843.0,1776949140000
1776949142.917,242.917,0.98,0.99,0.01,0.02,0.01,0.01,77844.07,1776949141000
1776949143.295,243.295,0.98,0.99,0.01,0.02,0.01,0.01,77844.04,1776949142000
1776949143.656,243.656,0.98,0.99,0.01,0.02,0.01,0.01,77844.04,1776949142000
1776949143.995,243.995,0.98,0.99,0.01,0.02,0.01,0.01,77844.04,1776949143000
1776949144.436,244.436,0.98,0.99,0.01,0.02,0.01,0.01,77844.04,1776949143000
1776949144.782,244.782,0.98,0.99,0.01,0.02,0.01,0.01,77844.04,1776949143000
1776949145.18,245.18,0.99,0.99,0.01,0.02,0.0,0.01,77844.08,1776949144000
1776949145.526,245.526,0.99,0.99,0.01,0.01,0.0,0.0,77844.08,1776949144000
1776949145.975,245.975,0.99,0.99,0.01,0.01,0.0,0.0,77844.12,1776949145000
1776949146.437,246.437,0.99,0.99,0.01,0.01,0.0,0.0,77844.12,1776949145000
1776949146.951,246.951,0.99,0.99,0.01,0.01,0.0,0.0,77844.12,1776949145000
1776949147.956,247.956,0.99,0.99,0.01,0.01,0.0,0.0,77850.09,1776949147000
1776949148.888,248.888,0.99,0.99,0.01,0.01,0.0,0.0,77850.09,1776949147000
1776949149.962,249.962,0.99,0.99,0.01,0.01,0.0,0.0,77860.49,1776949149000
1776949150.685,250.685,0.99,0.99,0.01,0.01,0.0,0.0,77860.49,1776949149000
1776949151.876,251.876,0.99,0.99,0.01,0.01,0.0,0.0,77861.49,1776949151000
1776949152.425,252.425,0.99,0.99,0.01,0.01,0.0,0.0,77861.49,1776949151000
1776949152.906,252.906,0.99,0.99,0.01,0.01,0.0,0.0,77861.49,1776949151000
1776949153.921,253.921,0.99,0.99,0.01,0.01,0.0,0.0,77860.68,1776949153000
1776949154.462,254.462,0.99,0.99,0.01,0.01,0.0,0.0,77860.68,1776949153000
1776949154.961,254.961,0.99,0.99,0.01,0.01,0.0,0.0,77859.36,1776949154000
1776949155.972,255.972,0.99,0.99,0.01,0.01,0.0,0.0,77859.16,1776949155000
1776949156.352,256.352,0.99,0.99,0.01,0.01,0.0,0.0,77859.16,1776949155000
1776949156.865,256.865,0.99,0.99,0.01,0.01,0.0,0.0,77859.17,1776949156000
1776949158.477,258.477,0.99,0.99,0.01,0.01,0.0,0.0,77858.98,1776949157000
1776949158.934,258.934,0.99,0.99,0.01,0.01,0.0,0.0,77858.64,1776949158000
1776949160.553,260.553,0.99,0.99,0.01,0.01,0.0,0.0,77859.32,1776949159000
1776949161.082,261.082,0.99,0.99,0.01,0.01,0.0,0.0,77859.45,1776949160000
1776949162.246,262.246,0.99,0.99,0.01,0.01,0.0,0.0,77859.1,1776949161000
1776949163.338,263.338,0.99,0.99,0.01,0.01,0.0,0.0,77858.61,1776949162000
1776949164.059,264.059,0.99,0.99,0.01,0.01,0.0,0.0,77858.55,1776949163000
1776949164.856,264.856,0.99,0.99,0.01,0.01,0.0,0.0,77858.55,1776949163000
1776949165.282,265.282,0.99,0.99,0.01,0.01,0.0,0.0,77858.54,1776949164000
1776949166.002,266.002,0.99,0.99,0.01,0.01,0.0,0.0,77858.54,1776949164000
1776949166.373,266.373,0.99,0.99,0.01,0.01,0.0,0.0,77858.54,1776949165000
1776949167.066,267.066,0.99,0.99,0.01,0.01,0.0,0.0,77858.55,1776949166000
1776949168.069,268.069,0.99,0.99,0.01,0.01,0.0,0.0,77858.55,1776949166000
1776949169.464,269.464,0.99,0.99,0.01,0.01,0.0,0.0,77858.32,1776949168000
1776949170.082,270.082,0.99,0.99,0.01,0.01,0.0,0.0,77858.32,1776949169000
1776949171.096,271.096,0.99,0.99,0.01,0.01,0.0,0.0,77858.17,1776949170000
1776949171.689,271.689,0.99,0.99,0.01,0.01,0.0,0.0,77858.17,1776949170000
1776949172.261,272.261,0.99,0.99,0.01,0.01,0.0,0.0,77857.84,1776949171000
1776949173.22,273.22,0.99,0.99,0.01,0.01,0.0,0.0,77857.38,1776949172000
1776949174.169,274.169,0.99,0.99,0.01,0.01,0.0,0.0,77852.48,1776949173000
1776949175.209,275.209,0.99,0.99,0.01,0.01,0.0,0.0,77847.81,1776949174000
1776949176.169,276.169,0.99,0.99,0.01,0.01,0.0,0.0,77847.03,1776949175000
1776949177.201,277.201,0.99,0.99,0.01,0.01,0.0,0.0,77847.14,1776949176000
1776949177.684,277.684,0.99,0.99,0.01,0.01,0.0,0.0,77847.14,1776949176000
1776949178.234,278.234,0.99,0.99,0.01,0.01,0.0,0.0,77847.14,1776949176000
1776949179.321,279.321,0.99,0.99,0.01,0.01,0.0,0.0,77851.21,1776949178000
1776949180.238,280.238,0.99,0.99,0.01,0.01,0.0,0.0,77856.94,1776949179000
1776949181.179,281.179,0.99,0.99,0.01,0.01,0.0,0.0,77859.29,1776949180000
1776949182.216,282.216,0.99,0.99,0.01,0.01,0.0,0.0,77859.69,1776949181000
1776949183.167,283.167,0.99,0.99,0.01,0.01,0.0,0.0,77859.91,1776949182000
1776949184.092,284.092,0.99,0.99,0.01,0.01,0.0,0.0,77861.33,1776949183000
1776949185.071,285.071,0.99,0.99,0.01,0.01,0.0,0.0,77861.52,1776949184000
1776949186.184,286.184,0.99,0.99,0.01,0.01,0.0,0.0,77867.68,1776949185000
1776949187.805,287.805,0.99,0.99,0.01,0.01,0.0,0.0,77872.24,1776949186000
1776949188.473,288.473,0.99,0.99,0.01,0.01,0.0,0.0,77872.07,1776949187000
1776949189.003,289.003,0.99,0.99,0.01,0.01,0.0,0.0,77872.07,1776949188000
1776949190.336,290.336,0.99,0.99,0.01,0.01,0.0,0.0,77874.24,1776949189000
1776949191.498,291.498,0.99,0.99,0.01,0.01,0.0,0.0,77878.75,1776949190000
1776949192.394,292.394,0.99,0.99,0.01,0.01,0.0,0.0,77878.82,1776949191000
1776949193.179,293.179,0.99,0.99,0.01,0.01,0.0,0.0,77882.8,1776949192000
1776949194.66,294.66,0.99,0.99,0.01,0.01,0.0,0.0,77883.97,1776949193000
1776949195.277,295.277,0.99,0.99,0.01,0.01,0.0,0.0,77883.97,1776949194000
1776949196.078,296.078,0.99,0.99,0.01,0.01,0.0,0.0,77884.59,1776949195000
1776949196.429,296.429,0.99,0.99,0.01,0.01,0.0,0.0,77884.59,1776949195000
1776949197.431,297.431,0.99,0.99,0.01,0.01,0.0,0.0,77884.65,1776949196000
1776949197.991,297.991,0.99,0.99,0.01,0.01,0.0,0.0,77884.65,1776949196000
1776949198.432,298.432,0.99,0.99,0.01,0.01,0.0,0.0,77885.43,1776949197000
1776949198.847,298.847,0.99,0.99,0.01,0.01,0.0,0.0,77885.43,1776949197000
1776949199.236,299.236,0.99,0.99,0.01,0.01,0.0,0.0,77885.43,1776949197000
1776949200.751,300.751,0.99,0.99,0.01,0.01,0.0,0.0,77892.71,1776949199000

# RESULT,winner=Up,slug=btc-updown-5m-1776948900,ticks=579
