timestamp,elapsed_sec,up_bid,up_ask,down_bid,down_ask,up_spread,down_spread,btc_price,btc_oracle_ts
1776353700.513,0.513,0.48,0.51,0.5,0.52,0.03,0.02,74215.42,1776353699000
1776353701.048,1.048,0.5,0.51,0.49,0.5,0.01,0.01,74215.76,1776353700000
1776353701.454,1.454,0.5,0.51,0.49,0.5,0.01,0.01,74215.76,1776353700000
1776353701.813,1.813,0.48,0.49,0.49,0.5,0.01,0.01,74215.76,1776353700000
1776353702.221,2.221,0.5,0.51,0.49,0.52,0.01,0.03,74215.76,1776353700000
1776353702.561,2.561,0.57,0.58,0.43,0.45,0.01,0.02,74223.35,1776353701000
1776353702.999,2.999,0.58,0.59,0.41,0.43,0.01,0.02,74223.35,1776353701000
1776353703.35,3.35,0.58,0.59,0.41,0.42,0.01,0.01,74223.35,1776353701000
1776353703.81,3.81,0.57,0.59,0.41,0.42,0.02,0.01,74227.56,1776353702000
1776353704.157,4.157,0.58,0.59,0.41,0.43,0.01,0.02,74227.56,1776353702000
1776353704.506,4.506,0.58,0.59,0.41,0.42,0.01,0.01,74234.52,1776353703000
1776353704.961,4.961,0.58,0.59,0.41,0.42,0.01,0.01,74234.52,1776353703000
1776353705.328,5.328,0.59,0.6,0.4,0.41,0.01,0.01,74241.05,1776353704000
1776353705.799,5.799,0.57,0.59,0.4,0.42,0.02,0.02,74241.05,1776353704000
1776353706.203,6.203,0.57,0.58,0.42,0.43,0.01,0.01,74241.05,1776353704000
1776353706.733,6.733,0.57,0.58,0.42,0.43,0.01,0.01,74241.56,1776353705000
1776353707.08,7.08,0.56,0.58,0.42,0.43,0.02,0.01,74241.56,1776353705000
1776353707.415,7.415,0.55,0.56,0.44,0.45,0.01,0.01,74241.56,1776353705000
1776353707.781,7.781,0.53,0.54,0.46,0.47,0.01,0.01,74241.44,1776353706000
1776353708.124,8.124,0.53,0.54,0.46,0.47,0.01,0.01,74241.44,1776353706000
1776353708.469,8.469,0.53,0.54,0.46,0.47,0.01,0.01,74240.4,1776353707000
1776353709.006,9.006,0.53,0.54,0.46,0.47,0.01,0.01,74237.74,1776353708000
1776353709.494,9.494,0.53,0.54,0.46,0.47,0.01,0.01,74237.74,1776353708000
1776353710.132,10.132,0.53,0.54,0.46,0.47,0.01,0.01,74229.88,1776353709000
1776353710.529,10.529,0.53,0.54,0.46,0.47,0.01,0.01,74229.88,1776353709000
1776353710.874,10.874,0.54,0.57,0.43,0.46,0.03,0.03,74229.88,1776353709000
1776353711.345,11.345,0.54,0.55,0.45,0.46,0.01,0.01,74231.9,1776353710000
1776353711.735,11.735,0.56,0.57,0.43,0.44,0.01,0.01,74231.9,1776353710000
1776353712.08,12.08,0.56,0.57,0.43,0.44,0.01,0.01,74231.9,1776353710000
1776353712.435,12.435,0.56,0.57,0.43,0.44,0.01,0.01,74236.56,1776353711000
1776353713.385,13.385,0.56,0.57,0.43,0.44,0.01,0.01,74236.56,1776353711000
1776353713.72,13.72,0.56,0.57,0.43,0.44,0.01,0.01,74239.8,1776353712000
1776353714.271,14.271,0.56,0.57,0.43,0.44,0.01,0.01,74240.86,1776353713000
1776353714.633,14.633,0.56,0.57,0.43,0.44,0.01,0.01,74240.86,1776353713000
1776353715.112,15.112,0.56,0.57,0.43,0.44,0.01,0.01,74240.86,1776353713000
1776353715.577,15.577,0.56,0.57,0.43,0.44,0.01,0.01,74241.29,1776353714000
1776353715.922,15.922,0.56,0.57,0.43,0.44,0.01,0.01,74241.29,1776353714000
1776353716.267,16.267,0.56,0.57,0.43,0.44,0.01,0.01,74242.57,1776353715000
1776353716.679,16.679,0.56,0.57,0.43,0.44,0.01,0.01,74242.57,1776353715000
1776353717.023,17.023,0.56,0.57,0.43,0.44,0.01,0.01,74242.57,1776353715000
1776353717.386,17.386,0.56,0.57,0.43,0.44,0.01,0.01,74244.04,1776353716000
1776353717.739,17.739,0.56,0.57,0.43,0.44,0.01,0.01,74244.04,1776353716000
1776353718.171,18.171,0.56,0.57,0.43,0.44,0.01,0.01,74244.37,1776353717000
1776353718.52,18.52,0.56,0.57,0.43,0.44,0.01,0.01,74244.37,1776353717000
1776353719.044,19.044,0.56,0.57,0.43,0.44,0.01,0.01,74244.37,1776353717000
1776353719.382,19.382,0.56,0.57,0.43,0.44,0.01,0.01,74244.64,1776353718000
1776353719.904,19.904,0.56,0.57,0.43,0.44,0.01,0.01,74244.64,1776353718000
1776353720.359,20.359,0.56,0.57,0.43,0.44,0.01,0.01,74244.73,1776353719000
1776353720.697,20.697,0.56,0.57,0.43,0.44,0.01,0.01,74244.73,1776353719000
1776353721.038,21.038,0.56,0.57,0.43,0.44,0.01,0.01,74244.73,1776353719000
1776353721.397,21.397,0.55,0.56,0.44,0.45,0.01,0.01,74244.73,1776353719000
1776353721.733,21.733,0.55,0.56,0.44,0.45,0.01,0.01,74241.62,1776353720000
1776353722.071,22.071,0.55,0.56,0.44,0.45,0.01,0.01,74241.62,1776353720000
1776353722.409,22.409,0.55,0.56,0.44,0.45,0.01,0.01,74241.21,1776353721000
1776353722.754,22.754,0.55,0.56,0.44,0.45,0.01,0.01,74241.21,1776353721000
1776353723.167,23.167,0.55,0.56,0.44,0.45,0.01,0.01,74241.21,1776353721000
1776353723.566,23.566,0.55,0.56,0.44,0.45,0.01,0.01,74229.93,1776353722000
1776353723.948,23.948,0.55,0.56,0.44,0.45,0.01,0.01,74228.71,1776353723000
1776353724.291,24.291,0.55,0.56,0.44,0.45,0.01,0.01,74228.71,1776353723000
1776353724.641,24.641,0.55,0.56,0.44,0.45,0.01,0.01,74228.71,1776353723000
1776353725.51,25.51,0.55,0.56,0.44,0.45,0.01,0.01,74222.74,1776353724000
1776353725.936,25.936,0.55,0.56,0.44,0.45,0.01,0.01,74222.74,1776353724000
1776353726.279,26.279,0.55,0.56,0.44,0.45,0.01,0.01,74221.38,1776353725000
1776353726.639,26.639,0.55,0.56,0.44,0.45,0.01,0.01,74221.38,1776353725000
1776353726.993,26.993,0.55,0.56,0.44,0.45,0.01,0.01,74221.38,1776353725000
1776353727.35,27.35,0.55,0.56,0.44,0.45,0.01,0.01,74220.27,1776353726000
1776353727.845,27.845,0.55,0.56,0.44,0.45,0.01,0.01,74220.27,1776353726000
1776353728.433,28.433,0.55,0.56,0.44,0.45,0.01,0.01,74221.36,1776353727000
1776353728.943,28.943,0.55,0.56,0.44,0.45,0.01,0.01,74221.36,1776353727000
1776353729.309,29.309,0.55,0.56,0.44,0.45,0.01,0.01,74222.03,1776353728000
1776353729.653,29.653,0.55,0.56,0.44,0.45,0.01,0.01,74222.03,1776353728000
1776353730.015,30.015,0.55,0.56,0.44,0.45,0.01,0.01,74221.69,1776353729000
1776353730.396,30.396,0.55,0.56,0.44,0.45,0.01,0.01,74221.69,1776353729000
1776353730.957,30.957,0.55,0.56,0.44,0.45,0.01,0.01,74221.69,1776353729000
1776353731.44,31.44,0.55,0.56,0.44,0.45,0.01,0.01,74221.42,1776353730000
1776353731.778,31.778,0.55,0.56,0.44,0.45,0.01,0.01,74221.42,1776353730000
1776353732.312,32.312,0.55,0.56,0.44,0.45,0.01,0.01,74221.11,1776353731000
1776353732.696,32.696,0.55,0.56,0.44,0.45,0.01,0.01,74221.11,1776353731000
1776353733.063,33.063,0.55,0.56,0.43,0.45,0.01,0.02,74221.11,1776353731000
1776353733.402,33.402,0.55,0.56,0.44,0.45,0.01,0.01,74220.47,1776353732000
1776353733.797,33.797,0.55,0.56,0.44,0.45,0.01,0.01,74220.47,1776353732000
1776353734.164,34.164,0.55,0.56,0.44,0.45,0.01,0.01,74220.47,1776353732000
1776353734.565,34.565,0.55,0.56,0.44,0.45,0.01,0.01,74220.08,1776353733000
1776353734.904,34.904,0.55,0.56,0.44,0.45,0.01,0.01,74220.08,1776353733000
1776353735.419,35.419,0.55,0.56,0.44,0.45,0.01,0.01,74220.08,1776353733000
1776353735.776,35.776,0.55,0.56,0.44,0.45,0.01,0.01,74220.08,1776353733000
1776353736.109,36.109,0.55,0.56,0.44,0.45,0.01,0.01,74230.86,1776353734000
1776353736.572,36.572,0.55,0.56,0.44,0.45,0.01,0.01,74230.86,1776353734000
1776353737.108,37.108,0.55,0.56,0.44,0.45,0.01,0.01,74232.02,1776353735000
1776353737.468,37.468,0.55,0.56,0.44,0.45,0.01,0.01,74232.02,1776353735000
1776353737.825,37.825,0.55,0.56,0.44,0.45,0.01,0.01,74232.98,1776353736000
1776353738.221,38.221,0.55,0.56,0.44,0.45,0.01,0.01,74235.5,1776353737000
1776353738.555,38.555,0.55,0.56,0.44,0.45,0.01,0.01,74235.5,1776353737000
1776353738.905,38.905,0.55,0.56,0.44,0.45,0.01,0.01,74235.5,1776353737000
1776353739.286,39.286,0.55,0.56,0.44,0.45,0.01,0.01,74236.88,1776353738000
1776353740.202,40.202,0.55,0.56,0.44,0.45,0.01,0.01,74236.88,1776353738000
1776353740.57,40.57,0.55,0.56,0.44,0.45,0.01,0.01,74241.16,1776353739000
1776353740.999,40.999,0.55,0.56,0.44,0.45,0.01,0.01,74241.48,1776353740000
1776353741.391,41.391,0.55,0.56,0.44,0.45,0.01,0.01,74241.48,1776353740000
1776353741.808,41.808,0.55,0.56,0.44,0.45,0.01,0.01,74241.48,1776353740000
1776353742.244,42.244,0.55,0.56,0.44,0.45,0.01,0.01,74241.65,1776353741000
1776353742.685,42.685,0.55,0.56,0.44,0.45,0.01,0.01,74241.65,1776353741000
1776353743.081,43.081,0.55,0.56,0.44,0.45,0.01,0.01,74241.65,1776353741000
1776353743.424,43.424,0.55,0.56,0.44,0.45,0.01,0.01,74241.55,1776353742000
1776353743.906,43.906,0.55,0.56,0.44,0.45,0.01,0.01,74241.55,1776353742000
1776353744.37,44.37,0.55,0.56,0.44,0.45,0.01,0.01,74241.55,1776353742000
1776353744.844,44.844,0.55,0.56,0.44,0.45,0.01,0.01,74242.12,1776353743000
1776353745.21,45.21,0.55,0.56,0.44,0.45,0.01,0.01,74241.62,1776353744000
1776353745.655,45.655,0.55,0.56,0.44,0.45,0.01,0.01,74241.62,1776353744000
1776353745.996,45.996,0.55,0.56,0.44,0.45,0.01,0.01,74241.62,1776353744000
1776353746.535,46.535,0.55,0.56,0.44,0.45,0.01,0.01,74242.0,1776353745000
1776353747.019,47.019,0.55,0.56,0.44,0.45,0.01,0.01,74242.0,1776353745000
1776353747.398,47.398,0.55,0.56,0.44,0.45,0.01,0.01,74242.74,1776353746000
1776353747.75,47.75,0.55,0.56,0.44,0.45,0.01,0.01,74242.74,1776353746000
1776353748.104,48.104,0.55,0.56,0.44,0.45,0.01,0.01,74242.75,1776353747000
1776353748.443,48.443,0.55,0.56,0.44,0.45,0.01,0.01,74242.75,1776353747000
1776353748.78,48.78,0.55,0.56,0.44,0.45,0.01,0.01,74242.75,1776353747000
1776353749.195,49.195,0.55,0.56,0.44,0.45,0.01,0.01,74242.66,1776353748000
1776353749.694,49.694,0.55,0.56,0.44,0.45,0.01,0.01,74242.66,1776353748000
1776353750.106,50.106,0.55,0.56,0.44,0.45,0.01,0.01,74242.66,1776353748000
1776353750.634,50.634,0.55,0.56,0.44,0.45,0.01,0.01,74242.04,1776353749000
1776353751.121,51.121,0.55,0.56,0.44,0.45,0.01,0.01,74242.04,1776353749000
1776353751.607,51.607,0.55,0.56,0.44,0.45,0.01,0.01,74242.04,1776353749000
1776353751.986,51.986,0.55,0.56,0.44,0.45,0.01,0.01,74238.38,1776353750000
1776353752.341,52.341,0.55,0.56,0.44,0.45,0.01,0.01,74238.38,1776353750000
1776353753.001,53.001,0.55,0.56,0.44,0.45,0.01,0.01,74236.42,1776353751000
1776353753.395,53.395,0.55,0.56,0.44,0.45,0.01,0.01,74235.66,1776353752000
1776353753.763,53.763,0.55,0.56,0.44,0.45,0.01,0.01,74235.66,1776353752000
1776353754.331,54.331,0.55,0.56,0.44,0.45,0.01,0.01,74235.67,1776353753000
1776353755.18,55.18,0.55,0.56,0.44,0.45,0.01,0.01,74235.71,1776353754000
1776353755.528,55.528,0.55,0.56,0.44,0.45,0.01,0.01,74235.71,1776353754000
1776353756.183,56.183,0.55,0.56,0.44,0.45,0.01,0.01,74235.71,1776353754000
1776353756.576,56.576,0.55,0.56,0.44,0.45,0.01,0.01,74234.66,1776353755000
1776353757.09,57.09,0.55,0.56,0.44,0.45,0.01,0.01,74234.66,1776353755000
1776353757.485,57.485,0.55,0.56,0.44,0.45,0.01,0.01,74234.59,1776353756000
1776353757.831,57.831,0.55,0.56,0.44,0.45,0.01,0.01,74234.59,1776353756000
1776353758.461,58.461,0.55,0.56,0.44,0.45,0.01,0.01,74234.52,1776353757000
1776353758.853,58.853,0.55,0.56,0.44,0.45,0.01,0.01,74234.52,1776353757000
1776353759.278,59.278,0.55,0.56,0.44,0.45,0.01,0.01,74235.4,1776353758000
1776353759.837,59.837,0.55,0.56,0.44,0.45,0.01,0.01,74235.4,1776353758000
1776353760.274,60.274,0.55,0.56,0.44,0.45,0.01,0.01,74235.4,1776353758000
1776353760.67,60.67,0.55,0.56,0.44,0.45,0.01,0.01,74234.46,1776353759000
1776353761.056,61.056,0.55,0.56,0.44,0.45,0.01,0.01,74234.46,1776353760000
1776353761.398,61.398,0.55,0.56,0.44,0.45,0.01,0.01,74234.46,1776353760000
1776353761.898,61.898,0.55,0.56,0.44,0.45,0.01,0.01,74234.46,1776353760000
1776353762.237,62.237,0.55,0.56,0.44,0.45,0.01,0.01,74234.46,1776353760000
1776353762.772,62.772,0.55,0.56,0.44,0.45,0.01,0.01,74234.07,1776353761000
1776353763.133,63.133,0.55,0.56,0.44,0.45,0.01,0.01,74232.37,1776353762000
1776353763.625,63.625,0.55,0.56,0.44,0.45,0.01,0.01,74232.37,1776353762000
1776353763.96,63.96,0.55,0.56,0.44,0.45,0.01,0.01,74232.37,1776353762000
1776353764.362,64.362,0.55,0.56,0.44,0.45,0.01,0.01,74233.48,1776353763000
1776353764.801,64.801,0.55,0.56,0.44,0.45,0.01,0.01,74233.48,1776353763000
1776353765.145,65.145,0.55,0.56,0.44,0.45,0.01,0.01,74233.48,1776353763000
1776353765.497,65.497,0.55,0.56,0.44,0.45,0.01,0.01,74230.08,1776353764000
1776353765.86,65.86,0.55,0.56,0.44,0.45,0.01,0.01,74230.08,1776353764000
1776353766.452,66.452,0.55,0.56,0.44,0.45,0.01,0.01,74230.08,1776353764000
1776353767.112,67.112,0.55,0.56,0.44,0.45,0.01,0.01,74227.64,1776353765000
1776353767.601,67.601,0.55,0.56,0.44,0.45,0.01,0.01,74228.14,1776353766000
1776353767.966,67.966,0.55,0.56,0.44,0.45,0.01,0.01,74228.14,1776353766000
1776353768.344,68.344,0.55,0.56,0.44,0.45,0.01,0.01,74228.14,1776353766000
1776353768.928,68.928,0.55,0.56,0.44,0.45,0.01,0.01,74229.5,1776353768000
1776353769.362,69.362,0.55,0.56,0.44,0.45,0.01,0.01,74229.5,1776353768000
1776353769.868,69.868,0.55,0.56,0.44,0.45,0.01,0.01,74229.5,1776353768000
1776353770.21,70.21,0.55,0.56,0.44,0.45,0.01,0.01,74235.33,1776353769000
1776353770.653,70.653,0.55,0.56,0.44,0.45,0.01,0.01,74235.33,1776353769000
1776353771.054,71.054,0.55,0.56,0.44,0.45,0.01,0.01,74235.33,1776353769000
1776353771.391,71.391,0.55,0.56,0.44,0.45,0.01,0.01,74235.72,1776353770000
1776353771.801,71.801,0.55,0.56,0.44,0.45,0.01,0.01,74235.72,1776353770000
1776353772.168,72.168,0.55,0.56,0.44,0.45,0.01,0.01,74235.72,1776353770000
1776353772.512,72.512,0.55,0.56,0.44,0.45,0.01,0.01,74244.44,1776353771000
1776353772.893,72.893,0.55,0.56,0.44,0.45,0.01,0.01,74244.44,1776353771000
1776353773.321,73.321,0.55,0.56,0.44,0.45,0.01,0.01,74250.43,1776353772000
1776353773.674,73.674,0.55,0.56,0.44,0.45,0.01,0.01,74250.43,1776353772000
1776353774.153,74.153,0.55,0.56,0.44,0.45,0.01,0.01,74250.43,1776353772000
1776353774.504,74.504,0.55,0.56,0.44,0.45,0.01,0.01,74250.43,1776353772000
1776353774.84,74.84,0.55,0.56,0.44,0.45,0.01,0.01,74251.06,1776353773000
1776353775.183,75.183,0.55,0.56,0.44,0.45,0.01,0.01,74250.77,1776353774000
1776353775.818,75.818,0.55,0.56,0.44,0.45,0.01,0.01,74250.77,1776353774000
1776353776.167,76.167,0.55,0.56,0.44,0.45,0.01,0.01,74245.16,1776353775000
1776353776.556,76.556,0.55,0.56,0.44,0.45,0.01,0.01,74245.16,1776353775000
1776353776.935,76.935,0.55,0.56,0.44,0.45,0.01,0.01,74245.16,1776353775000
1776353777.283,77.283,0.55,0.56,0.44,0.45,0.01,0.01,74240.24,1776353776000
1776353777.875,77.875,0.55,0.56,0.44,0.45,0.01,0.01,74240.24,1776353776000
1776353778.218,78.218,0.55,0.56,0.44,0.45,0.01,0.01,74240.24,1776353776000
1776353778.754,78.754,0.55,0.56,0.44,0.45,0.01,0.01,74234.47,1776353777000
1776353779.1,79.1,0.55,0.56,0.44,0.45,0.01,0.01,74232.26,1776353778000
1776353779.6,79.6,0.55,0.56,0.44,0.45,0.01,0.01,74232.26,1776353778000
1776353779.939,79.939,0.55,0.56,0.44,0.45,0.01,0.01,74232.26,1776353778000
1776353780.273,80.273,0.55,0.56,0.44,0.45,0.01,0.01,74234.0,1776353779000
1776353780.606,80.606,0.55,0.56,0.44,0.45,0.01,0.01,74234.0,1776353779000
1776353780.949,80.949,0.55,0.56,0.44,0.45,0.01,0.01,74234.0,1776353779000
1776353781.285,81.285,0.55,0.56,0.44,0.45,0.01,0.01,74231.55,1776353780000
1776353781.679,81.679,0.55,0.56,0.44,0.45,0.01,0.01,74231.55,1776353780000
1776353782.186,82.186,0.55,0.56,0.44,0.45,0.01,0.01,74222.75,1776353781000
1776353782.537,82.537,0.55,0.56,0.44,0.45,0.01,0.01,74222.75,1776353781000
1776353782.92,82.92,0.55,0.56,0.44,0.45,0.01,0.01,74222.75,1776353781000
1776353783.267,83.267,0.55,0.56,0.44,0.45,0.01,0.01,74222.78,1776353782000
1776353783.611,83.611,0.55,0.56,0.44,0.45,0.01,0.01,74222.78,1776353782000
1776353784.181,84.181,0.55,0.56,0.44,0.45,0.01,0.01,74222.78,1776353782000
1776353784.586,84.586,0.55,0.56,0.44,0.45,0.01,0.01,74222.62,1776353783000
1776353784.965,84.965,0.55,0.56,0.44,0.45,0.01,0.01,74222.62,1776353783000
1776353785.326,85.326,0.55,0.56,0.44,0.45,0.01,0.01,74222.62,1776353783000
1776353785.753,85.753,0.55,0.56,0.44,0.45,0.01,0.01,74220.85,1776353784000
1776353786.317,86.317,0.55,0.56,0.44,0.45,0.01,0.01,74220.24,1776353785000
1776353786.676,86.676,0.55,0.56,0.44,0.45,0.01,0.01,74220.24,1776353785000
1776353787.216,87.216,0.55,0.56,0.44,0.45,0.01,0.01,74220.24,1776353785000
1776353787.574,87.574,0.55,0.56,0.44,0.45,0.01,0.01,74219.43,1776353786000
1776353787.913,87.913,0.55,0.56,0.44,0.45,0.01,0.01,74219.43,1776353786000
1776353788.304,88.304,0.55,0.56,0.44,0.45,0.01,0.01,74219.43,1776353786000
1776353788.661,88.661,0.55,0.56,0.44,0.45,0.01,0.01,74210.61,1776353787000
1776353789.017,89.017,0.55,0.56,0.44,0.45,0.01,0.01,74210.61,1776353787000
1776353789.368,89.368,0.55,0.56,0.44,0.45,0.01,0.01,74208.2,1776353788000
1776353789.859,89.859,0.55,0.56,0.44,0.45,0.01,0.01,74208.2,1776353788000
1776353790.213,90.213,0.55,0.56,0.44,0.45,0.01,0.01,74208.2,1776353788000
1776353790.551,90.551,0.55,0.56,0.44,0.45,0.01,0.01,74207.71,1776353789000
1776353790.886,90.886,0.55,0.56,0.44,0.45,0.01,0.01,74207.71,1776353789000
1776353791.308,91.308,0.55,0.56,0.44,0.45,0.01,0.01,74203.57,1776353790000
1776353791.676,91.676,0.55,0.56,0.44,0.45,0.01,0.01,74203.57,1776353790000
1776353792.155,92.155,0.55,0.56,0.44,0.45,0.01,0.01,74203.57,1776353790000
1776353792.519,92.519,0.55,0.56,0.44,0.45,0.01,0.01,74202.46,1776353791000
1776353792.926,92.926,0.55,0.56,0.44,0.45,0.01,0.01,74202.46,1776353791000
1776353793.406,93.406,0.55,0.56,0.44,0.45,0.01,0.01,74202.47,1776353792000
1776353793.828,93.828,0.55,0.56,0.44,0.45,0.01,0.01,74202.47,1776353792000
1776353794.229,94.229,0.55,0.56,0.44,0.45,0.01,0.01,74202.47,1776353792000
1776353794.583,94.583,0.55,0.56,0.44,0.45,0.01,0.01,74200.41,1776353793000
1776353794.917,94.917,0.55,0.56,0.44,0.45,0.01,0.01,74200.41,1776353793000
1776353795.272,95.272,0.55,0.56,0.44,0.45,0.01,0.01,74200.41,1776353794000
1776353795.648,95.648,0.55,0.56,0.44,0.45,0.01,0.01,74200.41,1776353794000
1776353795.992,95.992,0.55,0.56,0.44,0.45,0.01,0.01,74200.41,1776353794000
1776353796.332,96.332,0.55,0.56,0.44,0.45,0.01,0.01,74202.06,1776353795000
1776353796.705,96.705,0.55,0.56,0.44,0.45,0.01,0.01,74202.06,1776353795000
1776353797.039,97.039,0.55,0.56,0.44,0.45,0.01,0.01,74202.06,1776353795000
1776353797.387,97.387,0.55,0.56,0.44,0.45,0.01,0.01,74202.06,1776353795000
1776353797.752,97.752,0.55,0.56,0.44,0.45,0.01,0.01,74207.99,1776353796000
1776353798.094,98.094,0.55,0.56,0.44,0.45,0.01,0.01,74207.99,1776353796000
1776353798.508,98.508,0.55,0.56,0.44,0.45,0.01,0.01,74210.01,1776353797000
1776353798.881,98.881,0.55,0.56,0.44,0.45,0.01,0.01,74210.01,1776353797000
1776353799.219,99.219,0.55,0.56,0.44,0.45,0.01,0.01,74210.01,1776353797000
1776353799.576,99.576,0.55,0.56,0.44,0.45,0.01,0.01,74215.68,1776353798000
1776353800.058,100.058,0.55,0.56,0.44,0.45,0.01,0.01,74214.69,1776353799000
1776353801.097,101.097,0.55,0.56,0.44,0.45,0.01,0.01,74214.69,1776353799000
1776353801.485,101.485,0.55,0.56,0.44,0.45,0.01,0.01,74211.07,1776353800000
1776353801.952,101.952,0.55,0.56,0.44,0.45,0.01,0.01,74211.07,1776353800000
1776353802.317,102.317,0.55,0.56,0.44,0.45,0.01,0.01,74211.07,1776353800000
1776353802.655,102.655,0.55,0.56,0.44,0.45,0.01,0.01,74208.73,1776353801000
1776353802.996,102.996,0.55,0.56,0.44,0.45,0.01,0.01,74208.73,1776353801000
1776353803.337,103.337,0.55,0.56,0.44,0.45,0.01,0.01,74208.38,1776353802000
1776353803.685,103.685,0.55,0.56,0.44,0.45,0.01,0.01,74208.38,1776353802000
1776353804.025,104.025,0.55,0.56,0.44,0.45,0.01,0.01,74208.38,1776353802000
1776353804.366,104.366,0.55,0.56,0.44,0.45,0.01,0.01,74208.38,1776353802000
1776353804.7,104.7,0.55,0.56,0.44,0.45,0.01,0.01,74202.94,1776353803000
1776353805.312,105.312,0.55,0.56,0.44,0.45,0.01,0.01,74214.41,1776353804000
1776353805.729,105.729,0.55,0.56,0.44,0.45,0.01,0.01,74214.41,1776353804000
1776353806.118,106.118,0.55,0.56,0.44,0.45,0.01,0.01,74214.41,1776353804000
1776353806.452,106.452,0.55,0.56,0.44,0.45,0.01,0.01,74235.98,1776353805000
1776353806.789,106.789,0.55,0.56,0.44,0.45,0.01,0.01,74235.98,1776353805000
1776353807.264,107.264,0.55,0.56,0.44,0.45,0.01,0.01,74235.98,1776353805000
1776353807.601,107.601,0.55,0.56,0.44,0.45,0.01,0.01,74272.77,1776353806000
1776353807.997,107.997,0.55,0.56,0.44,0.45,0.01,0.01,74302.66,1776353807000
1776353808.332,108.332,0.55,0.56,0.44,0.45,0.01,0.01,74302.66,1776353807000
1776353808.707,108.707,0.55,0.56,0.44,0.45,0.01,0.01,74302.66,1776353807000
1776353809.107,109.107,0.55,0.56,0.44,0.45,0.01,0.01,74302.66,1776353807000
1776353809.456,109.456,0.55,0.56,0.44,0.45,0.01,0.01,74348.6,1776353808000
1776353809.799,109.799,0.55,0.56,0.44,0.45,0.01,0.01,74348.6,1776353808000
1776353810.217,110.217,0.55,0.56,0.44,0.45,0.01,0.01,74348.6,1776353808000
1776353810.594,110.594,0.55,0.56,0.44,0.45,0.01,0.01,74335.67,1776353809000
1776353810.938,110.938,0.55,0.56,0.44,0.45,0.01,0.01,74335.67,1776353809000
1776353811.273,111.273,0.55,0.56,0.44,0.45,0.01,0.01,74324.96,1776353810000
1776353811.612,111.612,0.55,0.56,0.44,0.45,0.01,0.01,74324.96,1776353810000
1776353811.955,111.955,0.55,0.56,0.44,0.45,0.01,0.01,74324.96,1776353810000
1776353812.29,112.29,0.55,0.56,0.44,0.45,0.01,0.01,74323.67,1776353811000
1776353812.649,112.649,0.55,0.56,0.44,0.45,0.01,0.01,74323.67,1776353811000
1776353812.988,112.988,0.55,0.56,0.44,0.45,0.01,0.01,74323.67,1776353811000
1776353813.403,113.403,0.55,0.56,0.44,0.45,0.01,0.01,74316.68,1776353812000
1776353814.029,114.029,0.55,0.56,0.44,0.45,0.01,0.01,74321.2,1776353813000
1776353814.392,114.392,0.55,0.56,0.44,0.45,0.01,0.01,74321.2,1776353813000
1776353814.732,114.732,0.55,0.56,0.44,0.45,0.01,0.01,74321.2,1776353813000
1776353815.087,115.087,0.55,0.56,0.44,0.45,0.01,0.01,74321.2,1776353813000
1776353815.445,115.445,0.55,0.56,0.44,0.45,0.01,0.01,74383.7,1776353814000
1776353815.846,115.846,0.55,0.56,0.44,0.45,0.01,0.01,74383.7,1776353814000
1776353816.222,116.222,0.55,0.56,0.44,0.45,0.01,0.01,74383.7,1776353814000
1776353816.58,116.58,0.55,0.56,0.44,0.45,0.01,0.01,74418.14,1776353815000
1776353816.997,116.997,0.55,0.56,0.44,0.45,0.01,0.01,74418.14,1776353815000
1776353817.338,117.338,0.55,0.56,0.44,0.45,0.01,0.01,74464.48,1776353816000
1776353817.705,117.705,0.55,0.56,0.44,0.45,0.01,0.01,74464.48,1776353816000
1776353818.202,118.202,0.55,0.56,0.44,0.45,0.01,0.01,74464.48,1776353816000
1776353818.73,118.73,0.55,0.56,0.44,0.45,0.01,0.01,74497.86,1776353817000
1776353819.076,119.076,0.55,0.56,0.44,0.45,0.01,0.01,74497.86,1776353817000
1776353819.417,119.417,0.55,0.56,0.44,0.45,0.01,0.01,74497.86,1776353817000
1776353819.799,119.799,0.55,0.56,0.44,0.45,0.01,0.01,74501.91,1776353818000
1776353820.137,120.137,0.55,0.56,0.44,0.45,0.01,0.01,74480.08,1776353819000
1776353820.471,120.471,0.55,0.56,0.44,0.45,0.01,0.01,74480.08,1776353819000
1776353820.819,120.819,0.55,0.56,0.44,0.45,0.01,0.01,74480.08,1776353819000
1776353821.159,121.159,0.55,0.56,0.44,0.45,0.01,0.01,74496.0,1776353820000
1776353821.534,121.534,0.55,0.56,0.44,0.45,0.01,0.01,74496.0,1776353820000
1776353821.907,121.907,0.55,0.56,0.44,0.45,0.01,0.01,74496.0,1776353820000
1776353822.405,122.405,0.55,0.56,0.44,0.45,0.01,0.01,74496.0,1776353820000
1776353823.003,123.003,0.55,0.56,0.44,0.45,0.01,0.01,74517.73,1776353821000
1776353823.638,123.638,0.55,0.56,0.44,0.45,0.01,0.01,74528.47,1776353822000
1776353824.29,124.29,0.55,0.56,0.44,0.45,0.01,0.01,74528.47,1776353822000
1776353825.948,125.948,0.55,0.56,0.44,0.45,0.01,0.01,74556.09,1776353823000
1776353826.285,126.285,0.55,0.56,0.44,0.45,0.01,0.01,74572.57,1776353824000
1776353826.772,126.772,0.55,0.56,0.44,0.45,0.01,0.01,74570.32,1776353825000
1776353827.205,127.205,0.55,0.56,0.44,0.45,0.01,0.01,74568.58,1776353826000
1776353828.115,128.115,0.55,0.56,0.44,0.45,0.01,0.01,74568.58,1776353826000
1776353828.971,128.971,0.55,0.56,0.44,0.45,0.01,0.01,74560.14,1776353827000
1776353829.317,129.317,0.55,0.56,0.44,0.45,0.01,0.01,74583.54,1776353828000
1776353829.969,129.969,0.55,0.56,0.44,0.45,0.01,0.01,74583.54,1776353828000
1776353830.435,130.435,0.55,0.56,0.44,0.45,0.01,0.01,74583.54,1776353828000
1776353830.888,130.888,0.55,0.56,0.44,0.45,0.01,0.01,74559.22,1776353829000
1776353831.391,131.391,0.55,0.56,0.44,0.45,0.01,0.01,74543.1,1776353830000
1776353831.76,131.76,0.55,0.56,0.44,0.45,0.01,0.01,74543.1,1776353830000
1776353832.113,132.113,0.55,0.56,0.44,0.45,0.01,0.01,74543.1,1776353830000
1776353833.303,133.303,0.55,0.56,0.44,0.45,0.01,0.01,74551.85,1776353832000
1776353833.667,133.667,0.55,0.56,0.44,0.45,0.01,0.01,74551.85,1776353832000
1776353834.364,134.364,0.55,0.56,0.44,0.45,0.01,0.01,74551.85,1776353832000
1776353835.198,135.198,0.55,0.56,0.44,0.45,0.01,0.01,74599.34,1776353834000
1776353836.305,136.305,0.55,0.56,0.44,0.45,0.01,0.01,74587.64,1776353835000
1776353836.654,136.654,0.55,0.56,0.44,0.45,0.01,0.01,74587.64,1776353835000
1776353837.019,137.019,0.55,0.56,0.44,0.45,0.01,0.01,74587.64,1776353835000
1776353837.371,137.371,0.55,0.56,0.44,0.45,0.01,0.01,74587.64,1776353835000
1776353837.713,137.713,0.55,0.56,0.43,0.45,0.01,0.02,74585.86,1776353836000
1776353838.181,138.181,0.56,0.57,0.43,0.44,0.01,0.01,74593.88,1776353837000
1776353838.539,138.539,0.56,0.57,0.43,0.44,0.01,0.01,74593.88,1776353837000
1776353839.159,139.159,0.56,0.57,0.43,0.44,0.01,0.01,74612.4,1776353838000
1776353839.768,139.768,0.56,0.57,0.43,0.44,0.01,0.01,74612.4,1776353838000
1776353840.28,140.28,0.56,0.57,0.43,0.44,0.01,0.01,74612.4,1776353838000
1776353840.864,140.864,0.56,0.57,0.43,0.44,0.01,0.01,74612.4,1776353838000
1776353841.216,141.216,0.56,0.57,0.43,0.44,0.01,0.01,74647.2,1776353839000
1776353841.557,141.557,0.56,0.57,0.43,0.44,0.01,0.01,74647.2,1776353839000
1776353842.067,142.067,0.56,0.57,0.43,0.44,0.01,0.01,74647.2,1776353839000
1776353842.477,142.477,0.56,0.57,0.43,0.44,0.01,0.01,74667.57,1776353840000
1776353842.849,142.849,0.56,0.57,0.43,0.44,0.01,0.01,74667.57,1776353840000
1776353843.318,143.318,0.56,0.57,0.43,0.44,0.01,0.01,74672.83,1776353841000
1776353843.699,143.699,0.56,0.57,0.43,0.44,0.01,0.01,74687.8,1776353842000
1776353844.192,144.192,0.56,0.57,0.43,0.44,0.01,0.01,74685.04,1776353843000
1776353845.139,145.139,0.56,0.57,0.43,0.44,0.01,0.01,74685.04,1776353843000
1776353845.778,145.778,0.56,0.57,0.43,0.44,0.01,0.01,74685.04,1776353843000
1776353846.251,146.251,0.56,0.57,0.43,0.44,0.01,0.01,74702.51,1776353844000
1776353846.655,146.655,0.56,0.57,0.43,0.44,0.01,0.01,74757.45,1776353845000
1776353847.304,147.304,0.56,0.57,0.43,0.44,0.01,0.01,74757.45,1776353845000
1776353847.676,147.676,0.56,0.57,0.43,0.44,0.01,0.01,74771.78,1776353846000
1776353848.082,148.082,0.56,0.57,0.43,0.44,0.01,0.01,74771.78,1776353846000
1776353848.422,148.422,0.56,0.57,0.43,0.44,0.01,0.01,74761.29,1776353847000
1776353848.812,148.812,0.56,0.57,0.43,0.44,0.01,0.01,74761.29,1776353847000
1776353849.641,149.641,0.56,0.57,0.43,0.44,0.01,0.01,74761.29,1776353847000
1776353850.298,150.298,0.56,0.57,0.43,0.44,0.01,0.01,74795.94,1776353848000
1776353850.719,150.719,0.56,0.57,0.43,0.44,0.01,0.01,74800.81,1776353849000
1776353851.174,151.174,0.56,0.57,0.43,0.44,0.01,0.01,74807.4,1776353850000
1776353851.59,151.59,0.56,0.57,0.43,0.44,0.01,0.01,74807.4,1776353850000
1776353852.568,152.568,0.56,0.57,0.43,0.44,0.01,0.01,74807.4,1776353850000
1776353853.175,153.175,0.56,0.57,0.43,0.44,0.01,0.01,74833.4,1776353851000
1776353853.544,153.544,0.56,0.57,0.43,0.44,0.01,0.01,74836.26,1776353852000
1776353853.884,153.884,0.56,0.57,0.43,0.44,0.01,0.01,74836.26,1776353852000
1776353854.405,154.405,0.56,0.57,0.43,0.44,0.01,0.01,74856.08,1776353853000
1776353855.109,155.109,0.56,0.57,0.43,0.44,0.01,0.01,74856.27,1776353854000
1776353855.678,155.678,0.56,0.57,0.43,0.44,0.01,0.01,74856.27,1776353854000
1776353856.085,156.085,0.56,0.57,0.43,0.44,0.01,0.01,74856.27,1776353854000
1776353856.607,156.607,0.56,0.57,0.43,0.44,0.01,0.01,74856.27,1776353854000
1776353857.137,157.137,0.56,0.57,0.43,0.44,0.01,0.01,74857.95,1776353855000
1776353857.536,157.536,0.56,0.57,0.43,0.44,0.01,0.01,74859.07,1776353856000
1776353858.031,158.031,0.56,0.57,0.43,0.44,0.01,0.01,74866.47,1776353857000
1776353858.389,158.389,0.56,0.57,0.43,0.44,0.01,0.01,74866.47,1776353857000
1776353858.74,158.74,0.56,0.57,0.43,0.44,0.01,0.01,74866.47,1776353857000
1776353859.098,159.098,0.56,0.57,0.43,0.44,0.01,0.01,74866.47,1776353857000
1776353859.434,159.434,0.56,0.57,0.43,0.44,0.01,0.01,74866.47,1776353857000
1776353860.371,160.371,0.56,0.57,0.43,0.44,0.01,0.01,74837.21,1776353858000
1776353860.94,160.94,0.56,0.57,0.43,0.44,0.01,0.01,74849.85,1776353859000
1776353861.286,161.286,0.56,0.57,0.43,0.44,0.01,0.01,74850.97,1776353860000
1776353862.144,162.144,0.56,0.57,0.43,0.44,0.01,0.01,74828.73,1776353861000
1776353862.482,162.482,0.56,0.57,0.43,0.44,0.01,0.01,74828.73,1776353861000
1776353863.196,163.196,0.56,0.57,0.43,0.44,0.01,0.01,74806.52,1776353862000
1776353863.535,163.535,0.56,0.57,0.43,0.44,0.01,0.01,74806.52,1776353862000
1776353863.915,163.915,0.56,0.57,0.43,0.44,0.01,0.01,74806.52,1776353862000
1776353864.251,164.251,0.56,0.57,0.43,0.44,0.01,0.01,74834.01,1776353863000
1776353864.586,164.586,0.56,0.57,0.43,0.44,0.01,0.01,74834.01,1776353863000
1776353865.002,165.002,0.56,0.57,0.43,0.44,0.01,0.01,74834.01,1776353863000
1776353866.225,166.225,0.56,0.57,0.43,0.44,0.01,0.01,74873.74,1776353865000
1776353867.259,167.259,0.56,0.57,0.43,0.44,0.01,0.01,74874.97,1776353866000
1776353867.744,167.744,0.56,0.57,0.43,0.44,0.01,0.01,74874.97,1776353866000
1776353868.293,168.293,0.56,0.57,0.43,0.44,0.01,0.01,74870.52,1776353867000
1776353868.664,168.664,0.56,0.57,0.43,0.44,0.01,0.01,74870.52,1776353867000
1776353869.046,169.046,0.56,0.57,0.43,0.44,0.01,0.01,74870.52,1776353867000
1776353869.405,169.405,0.56,0.57,0.43,0.44,0.01,0.01,74870.52,1776353867000
1776353869.845,169.845,0.56,0.57,0.43,0.44,0.01,0.01,74860.67,1776353868000
1776353870.206,170.206,0.56,0.57,0.43,0.44,0.01,0.01,74864.95,1776353869000
1776353870.74,170.74,0.56,0.57,0.43,0.44,0.01,0.01,74864.95,1776353869000
1776353871.26,171.26,0.56,0.57,0.43,0.44,0.01,0.01,74860.27,1776353870000
1776353871.857,171.857,0.56,0.57,0.43,0.44,0.01,0.01,74860.27,1776353870000
1776353872.27,172.27,0.56,0.57,0.43,0.44,0.01,0.01,74864.89,1776353871000
1776353872.653,172.653,0.56,0.57,0.43,0.44,0.01,0.01,74864.89,1776353871000
1776353873.016,173.016,0.56,0.57,0.43,0.44,0.01,0.01,74864.89,1776353871000
1776353873.355,173.355,0.56,0.57,0.43,0.44,0.01,0.01,74885.21,1776353872000
1776353873.957,173.957,0.56,0.57,0.43,0.44,0.01,0.01,74885.21,1776353872000
1776353874.351,174.351,0.56,0.57,0.43,0.44,0.01,0.01,74882.25,1776353873000
1776353874.726,174.726,0.56,0.57,0.43,0.44,0.01,0.01,74882.25,1776353873000
1776353875.085,175.085,0.56,0.57,0.43,0.44,0.01,0.01,74882.25,1776353873000
1776353875.556,175.556,0.56,0.57,0.43,0.44,0.01,0.01,74882.25,1776353873000
1776353875.982,175.982,0.56,0.57,0.43,0.44,0.01,0.01,74882.25,1776353873000
1776353876.322,176.322,0.56,0.57,0.43,0.44,0.01,0.01,74861.72,1776353874000
1776353876.962,176.962,0.56,0.57,0.43,0.44,0.01,0.01,74866.09,1776353875000
1776353877.322,177.322,0.56,0.57,0.43,0.44,0.01,0.01,74866.09,1776353875000
1776353877.828,177.828,0.56,0.57,0.43,0.44,0.01,0.01,74866.09,1776353875000
1776353878.537,178.537,0.56,0.57,0.43,0.44,0.01,0.01,74870.62,1776353876000
1776353878.87,178.87,0.56,0.57,0.43,0.44,0.01,0.01,74870.53,1776353877000
1776353879.225,179.225,0.56,0.57,0.43,0.44,0.01,0.01,74870.53,1776353877000
1776353879.591,179.591,0.56,0.57,0.43,0.44,0.01,0.01,74867.97,1776353878000
1776353879.97,179.97,0.56,0.57,0.43,0.44,0.01,0.01,74867.97,1776353878000
1776353880.311,180.311,0.56,0.57,0.43,0.44,0.01,0.01,74867.97,1776353878000
1776353881.007,181.007,0.56,0.57,0.43,0.44,0.01,0.01,74868.13,1776353879000
1776353881.923,181.923,0.56,0.57,0.43,0.44,0.01,0.01,74863.9,1776353880000
1776353882.545,182.545,0.56,0.57,0.43,0.44,0.01,0.01,74863.9,1776353880000
1776353883.145,183.145,0.56,0.57,0.43,0.44,0.01,0.01,74874.17,1776353881000
1776353883.493,183.493,0.56,0.57,0.43,0.44,0.01,0.01,74876.08,1776353882000
1776353883.827,183.827,0.56,0.57,0.43,0.44,0.01,0.01,74876.08,1776353882000
1776353884.17,184.17,0.56,0.57,0.43,0.44,0.01,0.01,74869.51,1776353883000
1776353884.556,184.556,0.56,0.57,0.43,0.44,0.01,0.01,74869.51,1776353883000
1776353884.921,184.921,0.56,0.57,0.43,0.44,0.01,0.01,74869.51,1776353883000
1776353885.258,185.258,0.56,0.57,0.43,0.44,0.01,0.01,74869.51,1776353883000
1776353885.62,185.62,0.56,0.57,0.43,0.44,0.01,0.01,74856.57,1776353884000
1776353885.994,185.994,0.56,0.57,0.43,0.44,0.01,0.01,74853.09,1776353885000
1776353886.376,186.376,0.56,0.57,0.43,0.44,0.01,0.01,74853.09,1776353885000
1776353886.834,186.834,0.56,0.57,0.43,0.44,0.01,0.01,74853.09,1776353885000
1776353887.183,187.183,0.56,0.57,0.43,0.44,0.01,0.01,74853.09,1776353885000
1776353887.583,187.583,0.56,0.57,0.43,0.44,0.01,0.01,74846.61,1776353886000
1776353887.945,187.945,0.56,0.57,0.43,0.44,0.01,0.01,74846.61,1776353886000
1776353888.421,188.421,0.56,0.57,0.43,0.44,0.01,0.01,74846.61,1776353886000
1776353888.797,188.797,0.56,0.57,0.43,0.44,0.01,0.01,74869.93,1776353887000
1776353889.158,189.158,0.56,0.57,0.43,0.44,0.01,0.01,74869.93,1776353887000
1776353889.556,189.556,0.56,0.57,0.43,0.44,0.01,0.01,74864.84,1776353888000
1776353889.898,189.898,0.56,0.57,0.43,0.44,0.01,0.01,74864.84,1776353888000
1776353890.43,190.43,0.56,0.57,0.43,0.44,0.01,0.01,74864.84,1776353888000
1776353890.801,190.801,0.56,0.57,0.43,0.44,0.01,0.01,74828.39,1776353889000
1776353891.2,191.2,0.56,0.57,0.43,0.44,0.01,0.01,74828.39,1776353889000
1776353891.596,191.596,0.56,0.57,0.43,0.44,0.01,0.01,74824.25,1776353890000
1776353892.074,192.074,0.56,0.57,0.43,0.44,0.01,0.01,74824.25,1776353890000
1776353892.419,192.419,0.56,0.57,0.43,0.44,0.01,0.01,74820.99,1776353891000
1776353892.819,192.819,0.56,0.57,0.43,0.44,0.01,0.01,74820.99,1776353891000
1776353893.236,193.236,0.56,0.57,0.43,0.44,0.01,0.01,74851.45,1776353892000
1776353893.604,193.604,0.56,0.57,0.43,0.44,0.01,0.01,74851.45,1776353892000
1776353893.944,193.944,0.56,0.57,0.43,0.44,0.01,0.01,74851.45,1776353892000
1776353894.282,194.282,0.56,0.57,0.43,0.44,0.01,0.01,74836.97,1776353893000
1776353894.731,194.731,0.56,0.57,0.43,0.44,0.01,0.01,74836.97,1776353893000
1776353895.166,195.166,0.56,0.57,0.43,0.44,0.01,0.01,74817.84,1776353894000
1776353895.651,195.651,0.56,0.57,0.43,0.44,0.01,0.01,74817.84,1776353894000
1776353896.002,196.002,0.56,0.57,0.43,0.44,0.01,0.01,74799.84,1776353895000
1776353896.562,196.562,0.56,0.57,0.43,0.44,0.01,0.01,74799.84,1776353895000
1776353897.038,197.038,0.56,0.57,0.43,0.44,0.01,0.01,74798.72,1776353896000
1776353897.968,197.968,0.56,0.57,0.43,0.44,0.01,0.01,74798.72,1776353896000
1776353898.313,198.313,0.56,0.57,0.43,0.44,0.01,0.01,74782.38,1776353897000
1776353898.677,198.677,0.56,0.57,0.43,0.44,0.01,0.01,74782.38,1776353897000
1776353899.033,199.033,0.56,0.57,0.43,0.44,0.01,0.01,74782.38,1776353897000
1776353899.456,199.456,0.56,0.57,0.43,0.44,0.01,0.01,74762.49,1776353898000
1776353899.798,199.798,0.56,0.57,0.43,0.44,0.01,0.01,74762.49,1776353898000
1776353900.146,200.146,0.56,0.57,0.43,0.44,0.01,0.01,74748.17,1776353899000
1776353901.224,201.224,0.56,0.57,0.43,0.44,0.01,0.01,74726.92,1776353900000
1776353901.646,201.646,0.56,0.57,0.43,0.44,0.01,0.01,74726.92,1776353900000
1776353902.043,202.043,0.56,0.57,0.43,0.44,0.01,0.01,74726.92,1776353900000
1776353902.418,202.418,0.56,0.57,0.43,0.44,0.01,0.01,74717.64,1776353901000
1776353902.777,202.777,0.56,0.57,0.43,0.44,0.01,0.01,74717.64,1776353901000
1776353903.234,203.234,0.56,0.57,0.43,0.44,0.01,0.01,74712.1,1776353902000
1776353903.676,203.676,0.56,0.57,0.43,0.44,0.01,0.01,74712.1,1776353902000
1776353904.105,204.105,0.56,0.57,0.43,0.44,0.01,0.01,74712.1,1776353902000
1776353904.455,204.455,0.56,0.57,0.43,0.44,0.01,0.01,74694.62,1776353903000
1776353904.809,204.809,0.56,0.57,0.43,0.44,0.01,0.01,74694.62,1776353903000
1776353905.197,205.197,0.56,0.57,0.43,0.44,0.01,0.01,74688.97,1776353904000
1776353905.844,205.844,0.56,0.57,0.43,0.44,0.01,0.01,74688.97,1776353904000
1776353906.28,206.28,0.56,0.57,0.43,0.44,0.01,0.01,74694.37,1776353905000
1776353907.252,207.252,0.56,0.57,0.43,0.44,0.01,0.01,74694.37,1776353905000
1776353907.766,207.766,0.56,0.57,0.43,0.44,0.01,0.01,74693.46,1776353906000
1776353908.118,208.118,0.56,0.57,0.43,0.44,0.01,0.01,74694.67,1776353907000
1776353909.0,209.0,0.56,0.57,0.43,0.44,0.01,0.01,74694.67,1776353907000
1776353909.347,209.347,0.56,0.57,0.43,0.44,0.01,0.01,74705.85,1776353908000
1776353910.381,210.381,0.56,0.57,0.43,0.44,0.01,0.01,74693.81,1776353909000
1776353911.029,211.029,0.56,0.57,0.43,0.44,0.01,0.01,74697.18,1776353910000
1776353912.167,212.167,0.56,0.57,0.43,0.44,0.01,0.01,74695.94,1776353911000
1776353912.651,212.651,0.56,0.57,0.43,0.44,0.01,0.01,74695.94,1776353911000
1776353913.185,213.185,0.56,0.57,0.43,0.44,0.01,0.01,74695.94,1776353911000
1776353913.53,213.53,0.56,0.57,0.43,0.44,0.01,0.01,74699.46,1776353912000
1776353914.074,214.074,0.56,0.57,0.43,0.44,0.01,0.01,74699.46,1776353912000
1776353914.634,214.634,0.56,0.57,0.43,0.44,0.01,0.01,74705.09,1776353913000
1776353915.081,215.081,0.56,0.57,0.43,0.44,0.01,0.01,74706.76,1776353914000
1776353915.838,215.838,0.56,0.57,0.43,0.44,0.01,0.01,74706.76,1776353914000
1776353916.203,216.203,0.56,0.57,0.43,0.44,0.01,0.01,74707.55,1776353915000
1776353916.939,216.939,0.56,0.57,0.43,0.44,0.01,0.01,74707.55,1776353915000
1776353917.313,217.313,0.56,0.57,0.43,0.44,0.01,0.01,74707.55,1776353915000
1776353918.449,218.449,0.56,0.57,0.43,0.44,0.01,0.01,74754.54,1776353916000
1776353918.96,218.96,0.56,0.57,0.43,0.44,0.01,0.01,74757.91,1776353917000
1776353919.494,219.494,0.56,0.57,0.43,0.44,0.01,0.01,74766.49,1776353918000
1776353919.946,219.946,0.56,0.57,0.43,0.44,0.01,0.01,74766.49,1776353918000
1776353920.41,220.41,0.56,0.57,0.43,0.44,0.01,0.01,74761.36,1776353919000
1776353920.768,220.768,0.56,0.57,0.43,0.44,0.01,0.01,74761.36,1776353919000
1776353921.133,221.133,0.56,0.57,0.43,0.44,0.01,0.01,74764.13,1776353920000
1776353922.123,222.123,0.56,0.57,0.43,0.44,0.01,0.01,74764.13,1776353920000
1776353922.567,222.567,0.56,0.57,0.43,0.44,0.01,0.01,74763.8,1776353921000
1776353923.346,223.346,0.56,0.57,0.43,0.44,0.01,0.01,74770.68,1776353922000
1776353923.782,223.782,0.56,0.57,0.43,0.44,0.01,0.01,74770.68,1776353922000
1776353924.158,224.158,0.56,0.57,0.43,0.44,0.01,0.01,74770.68,1776353922000
1776353924.571,224.571,0.56,0.57,0.43,0.44,0.01,0.01,74768.46,1776353923000
1776353924.91,224.91,0.56,0.57,0.43,0.44,0.01,0.01,74768.46,1776353923000
1776353925.277,225.277,0.56,0.57,0.43,0.44,0.01,0.01,74766.21,1776353924000
1776353925.657,225.657,0.56,0.57,0.43,0.44,0.01,0.01,74766.21,1776353924000
1776353926.004,226.004,0.56,0.57,0.43,0.44,0.01,0.01,74766.21,1776353924000
1776353926.348,226.348,0.56,0.57,0.43,0.44,0.01,0.01,74747.29,1776353925000
1776353926.867,226.867,0.56,0.57,0.43,0.44,0.01,0.01,74747.29,1776353925000
1776353927.531,227.531,0.56,0.57,0.43,0.44,0.01,0.01,74747.29,1776353925000
1776353927.886,227.886,0.56,0.57,0.43,0.44,0.01,0.01,74744.57,1776353926000
1776353928.386,228.386,0.56,0.57,0.43,0.44,0.01,0.01,74740.59,1776353927000
1776353928.984,228.984,0.56,0.57,0.43,0.44,0.01,0.01,74742.71,1776353928000
1776353930.185,230.185,0.56,0.57,0.43,0.44,0.01,0.01,74742.71,1776353928000
1776353930.568,230.568,0.56,0.57,0.43,0.44,0.01,0.01,74744.06,1776353929000
1776353930.911,230.911,0.56,0.57,0.43,0.44,0.01,0.01,74744.06,1776353929000
1776353931.252,231.252,0.56,0.57,0.43,0.44,0.01,0.01,74744.06,1776353929000
1776353931.659,231.659,0.56,0.57,0.43,0.44,0.01,0.01,74739.8,1776353930000
1776353932.028,232.028,0.56,0.57,0.43,0.44,0.01,0.01,74739.21,1776353931000
1776353932.394,232.394,0.56,0.57,0.43,0.44,0.01,0.01,74739.21,1776353931000
1776353932.81,232.81,0.56,0.57,0.43,0.44,0.01,0.01,74739.21,1776353931000
1776353933.143,233.143,0.56,0.57,0.43,0.44,0.01,0.01,74737.98,1776353932000
1776353933.476,233.476,0.56,0.57,0.43,0.44,0.01,0.01,74737.98,1776353932000
1776353933.838,233.838,0.56,0.57,0.43,0.44,0.01,0.01,74737.98,1776353932000
1776353934.196,234.196,0.56,0.57,0.43,0.44,0.01,0.01,74737.91,1776353933000
1776353934.548,234.548,0.56,0.57,0.43,0.44,0.01,0.01,74737.91,1776353933000
1776353934.893,234.893,0.56,0.57,0.43,0.44,0.01,0.01,74736.66,1776353934000
1776353935.29,235.29,0.56,0.57,0.43,0.44,0.01,0.01,74736.66,1776353934000
1776353935.719,235.719,0.56,0.57,0.43,0.44,0.01,0.01,74736.66,1776353934000
1776353936.071,236.071,0.56,0.57,0.43,0.44,0.01,0.01,74736.66,1776353934000
1776353936.418,236.418,0.56,0.57,0.43,0.44,0.01,0.01,74736.66,1776353934000
1776353936.753,236.753,0.56,0.57,0.43,0.44,0.01,0.01,74730.91,1776353935000
1776353937.109,237.109,0.56,0.57,0.43,0.44,0.01,0.01,74730.91,1776353935000
1776353937.525,237.525,0.56,0.57,0.43,0.44,0.01,0.01,74730.91,1776353935000
1776353937.944,237.944,0.56,0.57,0.43,0.44,0.01,0.01,74730.43,1776353936000
1776353938.358,238.358,0.56,0.57,0.43,0.44,0.01,0.01,74728.45,1776353937000
1776353938.719,238.719,0.56,0.57,0.43,0.44,0.01,0.01,74728.45,1776353937000
1776353939.079,239.079,0.56,0.57,0.43,0.44,0.01,0.01,74728.45,1776353937000
1776353939.615,239.615,0.56,0.57,0.43,0.44,0.01,0.01,74725.32,1776353938000
1776353940.168,240.168,0.56,0.57,0.43,0.44,0.01,0.01,74725.32,1776353938000
1776353940.523,240.523,0.56,0.57,0.43,0.44,0.01,0.01,74726.29,1776353939000
1776353941.126,241.126,0.56,0.57,0.43,0.44,0.01,0.01,74730.18,1776353940000
1776353941.755,241.755,0.56,0.57,0.43,0.44,0.01,0.01,74730.18,1776353940000
1776353942.167,242.167,0.56,0.57,0.43,0.44,0.01,0.01,74730.18,1776353940000
1776353942.517,242.517,0.56,0.57,0.43,0.44,0.01,0.01,74730.18,1776353940000
1776353942.868,242.868,0.56,0.57,0.43,0.44,0.01,0.01,74737.51,1776353941000
1776353943.236,243.236,0.56,0.57,0.43,0.44,0.01,0.01,74737.97,1776353942000
1776353943.763,243.763,0.56,0.57,0.43,0.44,0.01,0.01,74737.97,1776353942000
1776353944.117,244.117,0.56,0.57,0.43,0.44,0.01,0.01,74737.97,1776353942000
1776353944.472,244.472,0.56,0.57,0.43,0.44,0.01,0.01,74737.97,1776353942000
1776353944.808,244.808,0.56,0.57,0.43,0.44,0.01,0.01,74738.52,1776353943000
1776353945.145,245.145,0.56,0.57,0.43,0.44,0.01,0.01,74738.52,1776353943000
1776353945.485,245.485,0.56,0.57,0.43,0.44,0.01,0.01,74733.51,1776353944000
1776353945.837,245.837,0.56,0.57,0.43,0.44,0.01,0.01,74733.51,1776353944000
1776353946.245,246.245,0.56,0.57,0.43,0.44,0.01,0.01,74733.51,1776353944000
1776353946.715,246.715,0.56,0.57,0.43,0.44,0.01,0.01,74716.68,1776353945000
1776353947.164,247.164,0.56,0.57,0.43,0.44,0.01,0.01,74716.68,1776353945000
1776353947.578,247.578,0.56,0.57,0.43,0.44,0.01,0.01,74711.2,1776353946000
1776353947.917,247.917,0.56,0.57,0.43,0.44,0.01,0.01,74711.2,1776353946000
1776353948.69,248.69,0.56,0.57,0.43,0.44,0.01,0.01,74734.08,1776353947000
1776353949.174,249.174,0.56,0.57,0.43,0.44,0.01,0.01,74734.08,1776353947000
1776353949.544,249.544,0.56,0.57,0.43,0.44,0.01,0.01,74734.08,1776353948000
1776353950.049,250.049,0.56,0.57,0.43,0.44,0.01,0.01,74732.31,1776353949000
1776353950.624,250.624,0.56,0.57,0.43,0.44,0.01,0.01,74732.31,1776353949000
1776353951.008,251.008,0.56,0.57,0.43,0.44,0.01,0.01,74732.31,1776353949000
1776353951.458,251.458,0.56,0.57,0.43,0.44,0.01,0.01,74728.57,1776353950000
1776353951.858,251.858,0.56,0.57,0.43,0.44,0.01,0.01,74728.57,1776353950000
1776353952.202,252.202,0.56,0.57,0.43,0.44,0.01,0.01,74726.27,1776353951000
1776353952.54,252.54,0.56,0.57,0.43,0.44,0.01,0.01,74726.27,1776353951000
1776353952.876,252.876,0.56,0.57,0.43,0.44,0.01,0.01,74726.27,1776353951000
1776353953.236,253.236,0.56,0.57,0.43,0.44,0.01,0.01,74726.27,1776353951000
1776353953.598,253.598,0.56,0.57,0.43,0.44,0.01,0.01,74726.27,1776353951000
1776353953.941,253.941,0.56,0.57,0.43,0.44,0.01,0.01,74726.27,1776353951000
1776353954.349,254.349,0.56,0.57,0.43,0.44,0.01,0.01,74728.62,1776353953000
1776353954.767,254.767,0.56,0.57,0.43,0.44,0.01,0.01,74728.62,1776353953000
1776353955.112,255.112,0.56,0.57,0.43,0.44,0.01,0.01,74728.62,1776353953000
1776353955.517,255.517,0.56,0.57,0.43,0.44,0.01,0.01,74728.62,1776353953000
1776353955.902,255.902,0.56,0.57,0.43,0.44,0.01,0.01,74684.18,1776353954000
1776353956.257,256.257,0.56,0.57,0.43,0.44,0.01,0.01,74684.18,1776353954000
1776353956.844,256.844,0.56,0.57,0.43,0.44,0.01,0.01,74678.29,1776353955000
1776353957.18,257.18,0.56,0.57,0.43,0.44,0.01,0.01,74678.29,1776353955000
1776353957.742,257.742,0.56,0.57,0.43,0.44,0.01,0.01,74676.65,1776353956000
1776353958.118,258.118,0.56,0.57,0.43,0.44,0.01,0.01,74676.65,1776353957000
1776353958.517,258.517,0.56,0.57,0.43,0.44,0.01,0.01,74676.65,1776353957000
1776353958.89,258.89,0.56,0.57,0.43,0.44,0.01,0.01,74676.65,1776353957000
1776353959.272,259.272,0.56,0.57,0.43,0.44,0.01,0.01,74680.66,1776353958000
1776353959.872,259.872,0.56,0.57,0.43,0.44,0.01,0.01,74680.66,1776353958000
1776353960.213,260.213,0.56,0.57,0.43,0.44,0.01,0.01,74680.66,1776353958000
1776353960.817,260.817,0.56,0.57,0.43,0.44,0.01,0.01,74686.9,1776353959000
1776353961.15,261.15,0.56,0.57,0.43,0.44,0.01,0.01,74689.21,1776353960000
1776353961.495,261.495,0.56,0.57,0.43,0.44,0.01,0.01,74689.21,1776353960000
1776353961.829,261.829,0.56,0.57,0.43,0.44,0.01,0.01,74689.21,1776353960000
1776353962.211,262.211,0.56,0.57,0.43,0.44,0.01,0.01,74692.26,1776353961000
1776353962.577,262.577,0.56,0.57,0.43,0.44,0.01,0.01,74692.26,1776353961000
1776353962.938,262.938,0.56,0.57,0.43,0.44,0.01,0.01,74692.26,1776353961000
1776353963.276,263.276,0.56,0.57,0.43,0.44,0.01,0.01,74708.01,1776353962000
1776353963.851,263.851,0.56,0.57,0.43,0.44,0.01,0.01,74708.01,1776353962000
1776353964.189,264.189,0.56,0.57,0.43,0.44,0.01,0.01,74708.01,1776353962000
1776353964.541,264.541,0.56,0.57,0.43,0.44,0.01,0.01,74708.01,1776353962000
1776353964.918,264.918,0.56,0.57,0.43,0.44,0.01,0.01,74704.02,1776353963000
1776353965.279,265.279,0.56,0.57,0.43,0.44,0.01,0.01,74698.66,1776353964000
1776353965.615,265.615,0.56,0.57,0.43,0.44,0.01,0.01,74698.66,1776353964000
1776353965.979,265.979,0.56,0.57,0.43,0.44,0.01,0.01,74698.66,1776353964000
1776353966.368,266.368,0.56,0.57,0.43,0.44,0.01,0.01,74696.12,1776353965000
1776353966.726,266.726,0.56,0.57,0.43,0.44,0.01,0.01,74696.12,1776353965000
1776353967.512,267.512,0.56,0.57,0.43,0.44,0.01,0.01,74674.26,1776353966000
1776353968.057,268.057,0.56,0.57,0.43,0.44,0.01,0.01,74664.94,1776353967000
1776353968.581,268.581,0.56,0.57,0.43,0.44,0.01,0.01,74664.94,1776353967000
1776353968.953,268.953,0.56,0.57,0.43,0.44,0.01,0.01,74664.94,1776353967000
1776353969.446,269.446,0.56,0.57,0.43,0.44,0.01,0.01,74664.94,1776353967000
1776353969.932,269.932,0.56,0.57,0.43,0.44,0.01,0.01,74666.29,1776353968000
1776353970.384,270.384,0.56,0.57,0.43,0.44,0.01,0.01,74667.47,1776353969000
1776353970.75,270.75,0.56,0.57,0.43,0.44,0.01,0.01,74667.47,1776353969000
1776353971.12,271.12,0.56,0.57,0.43,0.44,0.01,0.01,74667.47,1776353969000
1776353971.537,271.537,0.56,0.57,0.43,0.44,0.01,0.01,74670.74,1776353970000
1776353971.893,271.893,0.56,0.57,0.43,0.44,0.01,0.01,74670.74,1776353970000
1776353972.314,272.314,0.56,0.57,0.43,0.44,0.01,0.01,74672.39,1776353971000
1776353972.667,272.667,0.56,0.57,0.43,0.44,0.01,0.01,74672.39,1776353971000
1776353973.255,273.255,0.56,0.57,0.43,0.44,0.01,0.01,74670.97,1776353972000
1776353973.639,273.639,0.56,0.57,0.43,0.44,0.01,0.01,74670.97,1776353972000
1776353973.982,273.982,0.56,0.57,0.43,0.44,0.01,0.01,74670.97,1776353972000
1776353974.374,274.374,0.56,0.57,0.43,0.44,0.01,0.01,74670.76,1776353973000
1776353974.74,274.74,0.56,0.57,0.43,0.44,0.01,0.01,74670.76,1776353973000
1776353975.075,275.075,0.56,0.57,0.43,0.44,0.01,0.01,74670.76,1776353973000
1776353975.462,275.462,0.56,0.57,0.43,0.44,0.01,0.01,74671.25,1776353974000
1776353975.853,275.853,0.56,0.57,0.43,0.44,0.01,0.01,74671.25,1776353974000
1776353976.357,276.357,0.56,0.57,0.43,0.44,0.01,0.01,74665.89,1776353975000
1776353976.774,276.774,0.56,0.57,0.43,0.44,0.01,0.01,74665.89,1776353975000
1776353977.416,277.416,0.56,0.57,0.43,0.44,0.01,0.01,74665.89,1776353975000
1776353977.756,277.756,0.56,0.57,0.43,0.44,0.01,0.01,74667.1,1776353976000
1776353978.405,278.405,0.56,0.57,0.43,0.44,0.01,0.01,74670.47,1776353977000
1776353978.894,278.894,0.56,0.57,0.43,0.44,0.01,0.01,74677.17,1776353978000
1776353979.557,279.557,0.56,0.57,0.43,0.44,0.01,0.01,74677.17,1776353978000
1776353979.932,279.932,0.56,0.57,0.43,0.44,0.01,0.01,74677.17,1776353978000
1776353980.276,280.276,0.56,0.57,0.43,0.44,0.01,0.01,74682.49,1776353979000
1776353980.688,280.688,0.56,0.57,0.43,0.44,0.01,0.01,74682.49,1776353979000
1776353981.045,281.045,0.56,0.57,0.43,0.44,0.01,0.01,74685.92,1776353980000
1776353981.608,281.608,0.56,0.57,0.43,0.44,0.01,0.01,74685.92,1776353980000
1776353982.017,282.017,0.56,0.57,0.43,0.44,0.01,0.01,74685.92,1776353980000
1776353982.472,282.472,0.56,0.57,0.43,0.44,0.01,0.01,74686.16,1776353981000
1776353982.915,282.915,0.56,0.57,0.43,0.44,0.01,0.01,74686.16,1776353981000
1776353983.453,283.453,0.56,0.57,0.43,0.44,0.01,0.01,74692.9,1776353982000
1776353983.812,283.812,0.56,0.57,0.43,0.44,0.01,0.01,74692.9,1776353982000
1776353984.172,284.172,0.56,0.57,0.43,0.44,0.01,0.01,74696.75,1776353983000
1776353984.514,284.514,0.56,0.57,0.43,0.44,0.01,0.01,74696.75,1776353983000
1776353984.855,284.855,0.56,0.57,0.43,0.44,0.01,0.01,74696.75,1776353983000
1776353985.236,285.236,0.56,0.57,0.43,0.44,0.01,0.01,74696.75,1776353983000
1776353985.655,285.655,0.56,0.57,0.43,0.44,0.01,0.01,74693.12,1776353984000
1776353986.076,286.076,0.56,0.57,0.43,0.44,0.01,0.01,74693.12,1776353984000
1776353986.5,286.5,0.56,0.57,0.43,0.44,0.01,0.01,74693.09,1776353985000
1776353986.939,286.939,0.56,0.57,0.43,0.44,0.01,0.01,74693.09,1776353985000
1776353987.283,287.283,0.56,0.57,0.43,0.44,0.01,0.01,74688.57,1776353986000
1776353987.657,287.657,0.56,0.57,0.43,0.44,0.01,0.01,74688.57,1776353986000
1776353988.004,288.004,0.56,0.57,0.43,0.44,0.01,0.01,74688.57,1776353986000
1776353988.377,288.377,0.56,0.57,0.43,0.44,0.01,0.01,74689.46,1776353987000
1776353988.804,288.804,0.56,0.57,0.43,0.44,0.01,0.01,74689.46,1776353987000
1776353989.139,289.139,0.56,0.57,0.43,0.44,0.01,0.01,74689.46,1776353987000
1776353989.552,289.552,0.56,0.57,0.43,0.44,0.01,0.01,74691.73,1776353988000
1776353989.931,289.931,0.56,0.57,0.43,0.44,0.01,0.01,74691.73,1776353988000
1776353990.318,290.318,0.56,0.57,0.43,0.44,0.01,0.01,74690.72,1776353989000
1776353990.767,290.767,0.56,0.57,0.43,0.44,0.01,0.01,74690.72,1776353989000
1776353991.133,291.133,0.56,0.57,0.43,0.44,0.01,0.01,74690.72,1776353989000
1776353991.493,291.493,0.56,0.57,0.43,0.44,0.01,0.01,74683.58,1776353990000
1776353991.932,291.932,0.56,0.57,0.43,0.44,0.01,0.01,74683.58,1776353990000
1776353992.31,292.31,0.56,0.57,0.43,0.44,0.01,0.01,74683.58,1776353990000
1776353992.686,292.686,0.56,0.57,0.43,0.44,0.01,0.01,74680.61,1776353991000
1776353993.204,293.204,0.56,0.57,0.43,0.44,0.01,0.01,74671.46,1776353992000
1776353993.542,293.542,0.56,0.57,0.43,0.44,0.01,0.01,74671.46,1776353992000
1776353994.062,294.062,0.56,0.57,0.43,0.44,0.01,0.01,74663.32,1776353993000
1776353994.46,294.46,0.56,0.57,0.43,0.44,0.01,0.01,74663.32,1776353993000
1776353994.88,294.88,0.56,0.57,0.43,0.44,0.01,0.01,74663.32,1776353994000
1776353995.55,295.55,0.56,0.57,0.43,0.44,0.01,0.01,74663.32,1776353994000
1776353996.356,296.356,0.56,0.57,0.43,0.44,0.01,0.01,74663.32,1776353994000
1776353996.695,296.695,0.56,0.57,0.43,0.44,0.01,0.01,74662.54,1776353995000
1776353997.353,297.353,0.56,0.57,0.43,0.44,0.01,0.01,74662.54,1776353995000
1776353998.064,298.064,0.56,0.57,0.43,0.44,0.01,0.01,74662.85,1776353997000
1776353998.493,298.493,0.56,0.57,0.43,0.44,0.01,0.01,74662.85,1776353997000
1776353999.219,299.219,0.56,0.57,0.43,0.44,0.01,0.01,74667.59,1776353998000
1776353999.564,299.564,0.56,0.57,0.43,0.44,0.01,0.01,74667.59,1776353998000
1776353999.961,299.961,0.56,0.57,0.43,0.44,0.01,0.01,74667.43,1776353999000
1776354001.23,301.23,0.56,0.57,0.43,0.44,0.01,0.01,74666.39,1776354000000
1776354002.586,302.586,0.56,0.57,0.43,0.44,0.01,0.01,74665.34,1776354001000

# RESULT,winner=Up,slug=btc-updown-5m-1776353700,ticks=678
