timestamp,elapsed_sec,up_bid,up_ask,down_bid,down_ask,up_spread,down_spread,btc_price,btc_oracle_ts
1777347300.547,0.547,0.54,0.55,0.45,0.46,0.01,0.01,76816.95,1777347299000
1777347300.884,0.884,0.54,0.55,0.45,0.46,0.01,0.01,76816.95,1777347299000
1777347301.251,1.251,0.54,0.55,0.45,0.46,0.01,0.01,76816.73,1777347300000
1777347301.655,1.655,0.53,0.54,0.45,0.48,0.01,0.03,76816.73,1777347300000
1777347301.996,1.996,0.53,0.55,0.46,0.47,0.02,0.01,76816.73,1777347300000
1777347302.341,2.341,0.53,0.56,0.44,0.47,0.03,0.03,76817.23,1777347301000
1777347302.703,2.703,0.53,0.54,0.46,0.47,0.01,0.01,76817.23,1777347301000
1777347303.147,3.147,0.53,0.54,0.46,0.47,0.01,0.01,76817.23,1777347301000
1777347303.612,3.612,0.53,0.54,0.46,0.47,0.01,0.01,76818.32,1777347302000
1777347303.961,3.961,0.53,0.54,0.46,0.47,0.01,0.01,76819.26,1777347303000
1777347304.602,4.602,0.53,0.54,0.46,0.47,0.01,0.01,76819.26,1777347303000
1777347305.024,5.024,0.53,0.54,0.46,0.47,0.01,0.01,76819.26,1777347303000
1777347305.404,5.404,0.53,0.54,0.46,0.47,0.01,0.01,76819.43,1777347304000
1777347305.898,5.898,0.53,0.54,0.46,0.47,0.01,0.01,76819.43,1777347304000
1777347306.687,6.687,0.53,0.54,0.46,0.47,0.01,0.01,76819.34,1777347305000
1777347307.037,7.037,0.53,0.54,0.46,0.47,0.01,0.01,76819.34,1777347305000
1777347307.927,7.927,0.52,0.54,0.46,0.48,0.02,0.02,76818.95,1777347306000
1777347308.504,8.504,0.53,0.54,0.46,0.48,0.01,0.02,76818.98,1777347307000
1777347309.047,9.047,0.53,0.54,0.46,0.47,0.01,0.01,76818.98,1777347307000
1777347309.57,9.57,0.53,0.54,0.46,0.47,0.01,0.01,76819.29,1777347308000
1777347309.906,9.906,0.58,0.59,0.41,0.42,0.01,0.01,76819.29,1777347308000
1777347310.264,10.264,0.59,0.6,0.4,0.41,0.01,0.01,76819.29,1777347308000
1777347310.608,10.608,0.61,0.62,0.38,0.4,0.01,0.02,76819.29,1777347309000
1777347311.022,11.022,0.62,0.63,0.37,0.38,0.01,0.01,76819.29,1777347309000
1777347311.359,11.359,0.62,0.63,0.37,0.38,0.01,0.01,76821.47,1777347310000
1777347311.882,11.882,0.62,0.63,0.37,0.38,0.01,0.01,76821.47,1777347310000
1777347312.245,12.245,0.62,0.63,0.37,0.38,0.01,0.01,76821.47,1777347310000
1777347312.823,12.823,0.62,0.63,0.37,0.38,0.01,0.01,76828.72,1777347311000
1777347313.226,13.226,0.6,0.61,0.37,0.44,0.01,0.07,76828.75,1777347312000
1777347313.652,13.652,0.6,0.61,0.39,0.4,0.01,0.01,76828.75,1777347312000
1777347314.059,14.059,0.6,0.61,0.39,0.4,0.01,0.01,76828.75,1777347312000
1777347314.507,14.507,0.6,0.61,0.39,0.4,0.01,0.01,76829.9,1777347313000
1777347314.991,14.991,0.6,0.61,0.39,0.4,0.01,0.01,76829.9,1777347313000
1777347315.337,15.337,0.56,0.6,0.39,0.4,0.04,0.01,76829.9,1777347313000
1777347315.692,15.692,0.57,0.58,0.42,0.43,0.01,0.01,76830.1,1777347314000
1777347316.113,16.113,0.57,0.58,0.42,0.43,0.01,0.01,76830.1,1777347314000
1777347316.59,16.59,0.62,0.63,0.37,0.43,0.01,0.06,76830.05,1777347315000
1777347317.293,17.293,0.62,0.63,0.37,0.38,0.01,0.01,76830.13,1777347316000
1777347317.697,17.697,0.61,0.62,0.37,0.39,0.01,0.02,76830.13,1777347316000
1777347318.065,18.065,0.61,0.62,0.38,0.39,0.01,0.01,76829.62,1777347317000
1777347318.676,18.676,0.6,0.62,0.38,0.39,0.02,0.01,76829.62,1777347317000
1777347319.357,19.357,0.6,0.62,0.38,0.4,0.02,0.02,76829.78,1777347318000
1777347319.72,19.72,0.6,0.61,0.38,0.4,0.01,0.02,76829.78,1777347318000
1777347320.453,20.453,0.6,0.61,0.39,0.4,0.01,0.01,76829.49,1777347319000
1777347320.811,20.811,0.6,0.61,0.39,0.4,0.01,0.01,76829.49,1777347319000
1777347321.176,21.176,0.6,0.61,0.39,0.42,0.01,0.03,76829.95,1777347320000
1777347321.589,21.589,0.6,0.61,0.39,0.4,0.01,0.01,76829.95,1777347320000
1777347322.007,22.007,0.6,0.61,0.39,0.4,0.01,0.01,76829.95,1777347320000
1777347322.759,22.759,0.6,0.63,0.39,0.4,0.03,0.01,76829.45,1777347321000
1777347323.349,23.349,0.62,0.63,0.39,0.4,0.01,0.01,76829.45,1777347321000
1777347323.719,23.719,0.62,0.63,0.37,0.38,0.01,0.01,76829.5,1777347322000
1777347324.243,24.243,0.62,0.63,0.37,0.38,0.01,0.01,76829.46,1777347323000
1777347324.685,24.685,0.62,0.63,0.37,0.38,0.01,0.01,76829.46,1777347323000
1777347325.173,25.173,0.62,0.63,0.37,0.38,0.01,0.01,76829.97,1777347324000
1777347325.618,25.618,0.62,0.63,0.37,0.38,0.01,0.01,76829.97,1777347324000
1777347326.362,26.362,0.62,0.63,0.37,0.38,0.01,0.01,76829.43,1777347325000
1777347326.72,26.72,0.61,0.63,0.37,0.38,0.02,0.01,76829.43,1777347325000
1777347327.255,27.255,0.61,0.62,0.38,0.39,0.01,0.01,76829.43,1777347325000
1777347328.013,28.013,0.55,0.62,0.38,0.39,0.07,0.01,76829.6,1777347326000
1777347328.688,28.688,0.58,0.59,0.38,0.45,0.01,0.07,76829.97,1777347327000
1777347329.111,29.111,0.58,0.59,0.41,0.42,0.01,0.01,76831.36,1777347328000
1777347329.612,29.612,0.53,0.54,0.46,0.48,0.01,0.02,76831.36,1777347328000
1777347330.107,30.107,0.52,0.53,0.47,0.48,0.01,0.01,76829.46,1777347329000
1777347330.586,30.586,0.52,0.53,0.47,0.48,0.01,0.01,76829.46,1777347329000
1777347330.938,30.938,0.52,0.53,0.47,0.48,0.01,0.01,76829.46,1777347329000
1777347331.483,31.483,0.52,0.53,0.47,0.48,0.01,0.01,76828.45,1777347330000
1777347332.12,32.12,0.52,0.53,0.47,0.48,0.01,0.01,76823.05,1777347331000
1777347332.972,32.972,0.52,0.53,0.47,0.48,0.01,0.01,76823.05,1777347331000
1777347333.54,33.54,0.53,0.54,0.46,0.47,0.01,0.01,76823.05,1777347332000
1777347333.875,33.875,0.53,0.54,0.46,0.47,0.01,0.01,76823.05,1777347332000
1777347334.29,34.29,0.52,0.53,0.47,0.48,0.01,0.01,76822.98,1777347333000
1777347334.926,34.926,0.52,0.53,0.47,0.48,0.01,0.01,76822.98,1777347333000
1777347335.807,35.807,0.52,0.53,0.47,0.48,0.01,0.01,76822.97,1777347334000
1777347336.141,36.141,0.52,0.53,0.47,0.48,0.01,0.01,76822.79,1777347335000
1777347336.663,36.663,0.51,0.53,0.47,0.48,0.02,0.01,76822.79,1777347335000
1777347337.154,37.154,0.51,0.52,0.48,0.49,0.01,0.01,76821.95,1777347336000
1777347337.508,37.508,0.51,0.52,0.48,0.49,0.01,0.01,76821.95,1777347336000
1777347337.935,37.935,0.51,0.52,0.48,0.49,0.01,0.01,76821.95,1777347336000
1777347338.774,38.774,0.51,0.52,0.48,0.49,0.01,0.01,76821.66,1777347337000
1777347339.171,39.171,0.51,0.52,0.48,0.49,0.01,0.01,76821.66,1777347337000
1777347339.599,39.599,0.51,0.52,0.48,0.49,0.01,0.01,76821.76,1777347338000
1777347340.105,40.105,0.51,0.52,0.48,0.49,0.01,0.01,76821.76,1777347338000
1777347341.096,41.096,0.51,0.52,0.48,0.49,0.01,0.01,76821.94,1777347339000
1777347341.47,41.47,0.51,0.52,0.48,0.49,0.01,0.01,76821.85,1777347340000
1777347341.96,41.96,0.51,0.52,0.48,0.49,0.01,0.01,76821.85,1777347340000
1777347342.522,42.522,0.52,0.53,0.47,0.48,0.01,0.01,76821.61,1777347341000
1777347342.899,42.899,0.52,0.53,0.47,0.48,0.01,0.01,76821.61,1777347341000
1777347343.27,43.27,0.52,0.53,0.47,0.48,0.01,0.01,76821.6,1777347342000
1777347344.38,44.38,0.52,0.53,0.47,0.48,0.01,0.01,76821.63,1777347343000
1777347344.97,44.97,0.52,0.53,0.47,0.48,0.01,0.01,76821.63,1777347344000
1777347346.05,46.05,0.52,0.53,0.47,0.48,0.01,0.01,76822.05,1777347345000
1777347347.171,47.171,0.52,0.53,0.47,0.48,0.01,0.01,76822.05,1777347346000
1777347348.121,48.121,0.52,0.53,0.47,0.48,0.01,0.01,76821.7,1777347347000
1777347349.25,49.25,0.52,0.53,0.47,0.48,0.01,0.01,76821.7,1777347348000
1777347349.743,49.743,0.52,0.53,0.47,0.48,0.01,0.01,76821.7,1777347348000
1777347350.268,50.268,0.52,0.53,0.47,0.48,0.01,0.01,76821.62,1777347349000
1777347351.338,51.338,0.52,0.53,0.47,0.48,0.01,0.01,76821.59,1777347350000
1777347351.75,51.75,0.52,0.53,0.47,0.48,0.01,0.01,76821.59,1777347350000
1777347352.609,52.609,0.52,0.53,0.47,0.48,0.01,0.01,76821.7,1777347351000
1777347353.022,53.022,0.52,0.53,0.47,0.48,0.01,0.01,76822.14,1777347352000
1777347353.483,53.483,0.52,0.53,0.47,0.48,0.01,0.01,76822.14,1777347352000
1777347354.079,54.079,0.52,0.53,0.47,0.48,0.01,0.01,76821.94,1777347353000
1777347355.121,55.121,0.52,0.53,0.47,0.48,0.01,0.01,76821.63,1777347354000
1777347355.822,55.822,0.52,0.53,0.47,0.48,0.01,0.01,76821.63,1777347354000
1777347356.783,56.783,0.52,0.53,0.47,0.48,0.01,0.01,76821.62,1777347355000
1777347357.136,57.136,0.52,0.53,0.47,0.48,0.01,0.01,76821.62,1777347356000
1777347357.768,57.768,0.52,0.53,0.47,0.48,0.01,0.01,76821.62,1777347356000
1777347358.265,58.265,0.52,0.53,0.47,0.48,0.01,0.01,76821.62,1777347357000
1777347358.733,58.733,0.53,0.54,0.47,0.48,0.01,0.01,76821.62,1777347357000
1777347359.069,59.069,0.53,0.54,0.46,0.47,0.01,0.01,76821.62,1777347357000
1777347359.52,59.52,0.53,0.54,0.46,0.47,0.01,0.01,76821.82,1777347358000
1777347360.347,60.347,0.53,0.54,0.46,0.47,0.01,0.01,76822.14,1777347359000
1777347360.796,60.796,0.53,0.54,0.46,0.47,0.01,0.01,76822.14,1777347359000
1777347361.212,61.212,0.53,0.54,0.46,0.47,0.01,0.01,76822.14,1777347359000
1777347361.674,61.674,0.53,0.54,0.46,0.47,0.01,0.01,76822.14,1777347360000
1777347362.173,62.173,0.53,0.54,0.46,0.47,0.01,0.01,76822.14,1777347360000
1777347362.994,62.994,0.52,0.54,0.46,0.48,0.02,0.02,76821.6,1777347362000
1777347363.782,63.782,0.52,0.53,0.46,0.48,0.01,0.02,76821.6,1777347362000
1777347364.196,64.196,0.52,0.53,0.47,0.48,0.01,0.01,76821.87,1777347363000
1777347364.529,64.529,0.52,0.53,0.47,0.48,0.01,0.01,76821.87,1777347363000
1777347364.953,64.953,0.52,0.53,0.47,0.48,0.01,0.01,76821.87,1777347363000
1777347365.854,65.854,0.52,0.53,0.47,0.48,0.01,0.01,76822.26,1777347365000
1777347366.713,66.713,0.52,0.53,0.47,0.48,0.01,0.01,76822.26,1777347365000
1777347367.356,67.356,0.52,0.53,0.47,0.48,0.01,0.01,76821.35,1777347366000
1777347368.085,68.085,0.52,0.53,0.47,0.48,0.01,0.01,76821.07,1777347367000
1777347368.569,68.569,0.52,0.53,0.47,0.48,0.01,0.01,76821.07,1777347367000
1777347369.092,69.092,0.52,0.53,0.47,0.48,0.01,0.01,76820.94,1777347368000
1777347369.477,69.477,0.53,0.55,0.46,0.48,0.02,0.02,76820.94,1777347368000
1777347369.853,69.853,0.57,0.58,0.41,0.43,0.01,0.02,76820.94,1777347368000
1777347370.393,70.393,0.57,0.58,0.42,0.43,0.01,0.01,76820.94,1777347368000
1777347370.727,70.727,0.57,0.58,0.42,0.43,0.01,0.01,76820.94,1777347369000
1777347371.081,71.081,0.57,0.58,0.42,0.43,0.01,0.01,76820.94,1777347369000
1777347371.438,71.438,0.59,0.6,0.41,0.42,0.01,0.01,76820.94,1777347369000
1777347371.882,71.882,0.62,0.64,0.36,0.38,0.02,0.02,76821.41,1777347370000
1777347372.416,72.416,0.64,0.65,0.36,0.37,0.01,0.01,76821.41,1777347370000
1777347373.46,73.46,0.64,0.65,0.35,0.36,0.01,0.01,76824.89,1777347371000
1777347373.8,73.8,0.64,0.65,0.35,0.36,0.01,0.01,76824.89,1777347371000
1777347374.216,74.216,0.64,0.65,0.35,0.36,0.01,0.01,76826.85,1777347372000
1777347374.615,74.615,0.64,0.65,0.35,0.36,0.01,0.01,76826.85,1777347372000
1777347375.063,75.063,0.64,0.65,0.35,0.36,0.01,0.01,76828.39,1777347373000
1777347375.446,75.446,0.64,0.65,0.35,0.36,0.01,0.01,76828.32,1777347374000
1777347375.971,75.971,0.64,0.65,0.35,0.36,0.01,0.01,76828.32,1777347374000
1777347376.335,76.335,0.64,0.65,0.35,0.36,0.01,0.01,76828.32,1777347374000
1777347376.678,76.678,0.64,0.65,0.35,0.36,0.01,0.01,76828.32,1777347374000
1777347377.276,77.276,0.64,0.65,0.35,0.36,0.01,0.01,76828.32,1777347375000
1777347377.635,77.635,0.64,0.65,0.35,0.36,0.01,0.01,76828.32,1777347375000
1777347377.991,77.991,0.63,0.65,0.35,0.36,0.02,0.01,76828.32,1777347375000
1777347378.361,78.361,0.63,0.64,0.36,0.37,0.01,0.01,76828.72,1777347376000
1777347378.765,78.765,0.63,0.64,0.36,0.37,0.01,0.01,76828.72,1777347376000
1777347379.12,79.12,0.63,0.64,0.36,0.37,0.01,0.01,76828.43,1777347377000
1777347379.626,79.626,0.64,0.65,0.35,0.36,0.01,0.01,76828.43,1777347377000
1777347379.995,79.995,0.64,0.65,0.35,0.36,0.01,0.01,76828.72,1777347378000
1777347380.574,80.574,0.64,0.65,0.35,0.36,0.01,0.01,76828.72,1777347378000
1777347381.007,81.007,0.64,0.65,0.35,0.36,0.01,0.01,76828.72,1777347379000
1777347381.518,81.518,0.64,0.65,0.35,0.36,0.01,0.01,76829.07,1777347380000
1777347382.31,82.31,0.63,0.65,0.35,0.37,0.02,0.02,76828.34,1777347381000
1777347383.987,83.987,0.63,0.64,0.36,0.37,0.01,0.01,76828.34,1777347382000
1777347384.811,84.811,0.63,0.64,0.36,0.37,0.01,0.01,76827.91,1777347383000
1777347385.188,85.188,0.63,0.64,0.36,0.37,0.01,0.01,76827.91,1777347383000
1777347385.649,85.649,0.63,0.64,0.36,0.37,0.01,0.01,76827.71,1777347384000
1777347386.227,86.227,0.63,0.64,0.36,0.37,0.01,0.01,76828.71,1777347385000
1777347386.602,86.602,0.63,0.64,0.36,0.37,0.01,0.01,76828.71,1777347385000
1777347386.976,86.976,0.63,0.64,0.36,0.37,0.01,0.01,76828.71,1777347385000
1777347387.498,87.498,0.63,0.64,0.36,0.37,0.01,0.01,76828.71,1777347385000
1777347388.121,88.121,0.63,0.64,0.36,0.37,0.01,0.01,76827.74,1777347386000
1777347388.923,88.923,0.63,0.64,0.36,0.37,0.01,0.01,76828.56,1777347387000
1777347389.339,89.339,0.63,0.64,0.36,0.37,0.01,0.01,76828.56,1777347387000
1777347389.692,89.692,0.62,0.64,0.36,0.37,0.02,0.01,76829.61,1777347388000
1777347390.038,90.038,0.56,0.57,0.43,0.45,0.01,0.02,76829.61,1777347388000
1777347390.586,90.586,0.56,0.57,0.43,0.44,0.01,0.01,76829.27,1777347389000
1777347390.936,90.936,0.55,0.56,0.44,0.45,0.01,0.01,76829.27,1777347389000
1777347391.76,91.76,0.55,0.56,0.44,0.45,0.01,0.01,76828.91,1777347390000
1777347392.121,92.121,0.56,0.57,0.43,0.45,0.01,0.02,76828.91,1777347390000
1777347392.55,92.55,0.56,0.57,0.43,0.44,0.01,0.01,76827.35,1777347391000
1777347392.974,92.974,0.56,0.57,0.43,0.44,0.01,0.01,76827.35,1777347391000
1777347393.67,93.67,0.58,0.59,0.41,0.42,0.01,0.01,76826.94,1777347392000
1777347394.179,94.179,0.58,0.59,0.41,0.42,0.01,0.01,76828.54,1777347393000
1777347394.575,94.575,0.58,0.59,0.41,0.42,0.01,0.01,76828.54,1777347393000
1777347395.199,95.199,0.58,0.59,0.41,0.42,0.01,0.01,76827.89,1777347394000
1777347395.619,95.619,0.58,0.59,0.41,0.42,0.01,0.01,76827.89,1777347394000
1777347396.176,96.176,0.58,0.59,0.41,0.42,0.01,0.01,76828.89,1777347395000
1777347396.517,96.517,0.58,0.59,0.41,0.42,0.01,0.01,76828.89,1777347395000
1777347396.937,96.937,0.58,0.59,0.41,0.42,0.01,0.01,76828.89,1777347395000
1777347397.402,97.402,0.58,0.59,0.41,0.42,0.01,0.01,76828.33,1777347396000
1777347397.821,97.821,0.58,0.59,0.41,0.42,0.01,0.01,76828.33,1777347396000
1777347398.253,98.253,0.58,0.6,0.41,0.42,0.02,0.01,76828.33,1777347396000
1777347398.721,98.721,0.58,0.59,0.41,0.42,0.01,0.01,76828.57,1777347397000
1777347399.231,99.231,0.58,0.59,0.41,0.42,0.01,0.01,76828.57,1777347397000
1777347399.824,99.824,0.58,0.59,0.41,0.42,0.01,0.01,76828.42,1777347398000
1777347400.439,100.439,0.58,0.59,0.41,0.42,0.01,0.01,76828.42,1777347399000
1777347400.89,100.89,0.58,0.59,0.41,0.42,0.01,0.01,76828.39,1777347400000
1777347401.293,101.293,0.58,0.59,0.41,0.42,0.01,0.01,76828.39,1777347400000
1777347401.665,101.665,0.58,0.59,0.41,0.42,0.01,0.01,76828.39,1777347400000
1777347402.111,102.111,0.58,0.59,0.41,0.42,0.01,0.01,76828.36,1777347401000
1777347402.474,102.474,0.58,0.59,0.41,0.42,0.01,0.01,76828.36,1777347401000
1777347402.879,102.879,0.58,0.6,0.4,0.42,0.02,0.02,76827.92,1777347402000
1777347403.763,103.763,0.59,0.6,0.4,0.41,0.01,0.01,76827.92,1777347402000
1777347404.339,104.339,0.59,0.6,0.4,0.41,0.01,0.01,76828.31,1777347403000
1777347405.025,105.025,0.59,0.6,0.4,0.41,0.01,0.01,76828.31,1777347403000
1777347405.371,105.371,0.59,0.6,0.4,0.41,0.01,0.01,76828.31,1777347403000
1777347405.747,105.747,0.59,0.6,0.4,0.41,0.01,0.01,76827.93,1777347404000
1777347406.255,106.255,0.59,0.6,0.4,0.41,0.01,0.01,76827.93,1777347404000
1777347406.641,106.641,0.59,0.6,0.4,0.41,0.01,0.01,76827.19,1777347405000
1777347407.093,107.093,0.59,0.6,0.4,0.41,0.01,0.01,76827.19,1777347406000
1777347407.501,107.501,0.59,0.6,0.4,0.41,0.01,0.01,76827.19,1777347406000
1777347407.973,107.973,0.59,0.61,0.4,0.41,0.02,0.01,76827.19,1777347406000
1777347408.407,108.407,0.6,0.61,0.39,0.4,0.01,0.01,76826.97,1777347407000
1777347409.014,109.014,0.6,0.62,0.39,0.4,0.02,0.01,76826.97,1777347407000
1777347409.406,109.406,0.61,0.62,0.38,0.39,0.01,0.01,76826.97,1777347408000
1777347409.969,109.969,0.61,0.62,0.38,0.39,0.01,0.01,76826.97,1777347408000
1777347411.331,111.331,0.61,0.62,0.38,0.39,0.01,0.01,76827.07,1777347409000
1777347411.836,111.836,0.61,0.62,0.38,0.39,0.01,0.01,76827.18,1777347410000
1777347412.313,112.313,0.61,0.62,0.38,0.39,0.01,0.01,76827.18,1777347411000
1777347412.647,112.647,0.61,0.62,0.38,0.39,0.01,0.01,76827.18,1777347411000
1777347413.245,113.245,0.61,0.62,0.38,0.39,0.01,0.01,76827.18,1777347412000
1777347413.69,113.69,0.61,0.62,0.38,0.39,0.01,0.01,76827.18,1777347412000
1777347414.435,114.435,0.61,0.62,0.38,0.39,0.01,0.01,76827.18,1777347413000
1777347415.092,115.092,0.61,0.62,0.38,0.39,0.01,0.01,76827.38,1777347414000
1777347416.223,116.223,0.61,0.62,0.38,0.39,0.01,0.01,76827.38,1777347414000
1777347416.96,116.96,0.61,0.62,0.38,0.39,0.01,0.01,76827.38,1777347415000
1777347417.361,117.361,0.61,0.62,0.38,0.39,0.01,0.01,76827.19,1777347416000
1777347418.402,118.402,0.61,0.62,0.38,0.39,0.01,0.01,76827.19,1777347416000
1777347418.877,118.877,0.62,0.63,0.37,0.39,0.01,0.02,76827.19,1777347417000
1777347419.237,119.237,0.62,0.63,0.37,0.38,0.01,0.01,76826.97,1777347418000
1777347419.893,119.893,0.62,0.63,0.37,0.38,0.01,0.01,76826.97,1777347418000
1777347420.595,120.595,0.62,0.63,0.37,0.38,0.01,0.01,76827.19,1777347419000
1777347420.929,120.929,0.62,0.63,0.37,0.38,0.01,0.01,76827.19,1777347419000
1777347421.305,121.305,0.62,0.63,0.37,0.38,0.01,0.01,76827.19,1777347420000
1777347422.088,122.088,0.62,0.63,0.37,0.38,0.01,0.01,76827.19,1777347420000
1777347422.515,122.515,0.62,0.63,0.37,0.38,0.01,0.01,76827.19,1777347421000
1777347422.851,122.851,0.58,0.62,0.37,0.41,0.04,0.04,76827.19,1777347421000
1777347423.235,123.235,0.57,0.59,0.41,0.43,0.02,0.02,76827.24,1777347422000
1777347423.806,123.806,0.54,0.56,0.44,0.46,0.02,0.02,76827.24,1777347422000
1777347424.163,124.163,0.55,0.56,0.44,0.46,0.01,0.02,76826.72,1777347423000
1777347424.612,124.612,0.55,0.56,0.44,0.45,0.01,0.01,76826.72,1777347423000
1777347424.98,124.98,0.55,0.56,0.44,0.45,0.01,0.01,76826.72,1777347423000
1777347425.435,125.435,0.55,0.56,0.44,0.45,0.01,0.01,76823.95,1777347424000
1777347425.789,125.789,0.62,0.64,0.35,0.38,0.02,0.03,76823.95,1777347424000
1777347426.253,126.253,0.66,0.67,0.33,0.34,0.01,0.01,76822.72,1777347425000
1777347426.589,126.589,0.66,0.67,0.33,0.34,0.01,0.01,76822.72,1777347425000
1777347426.992,126.992,0.69,0.7,0.3,0.31,0.01,0.01,76822.72,1777347425000
1777347427.365,127.365,0.69,0.7,0.3,0.31,0.01,0.01,76823.99,1777347426000
1777347427.82,127.82,0.67,0.68,0.32,0.33,0.01,0.01,76823.99,1777347426000
1777347428.301,128.301,0.67,0.68,0.32,0.33,0.01,0.01,76826.59,1777347427000
1777347428.81,128.81,0.67,0.68,0.32,0.33,0.01,0.01,76826.59,1777347427000
1777347429.158,129.158,0.67,0.68,0.32,0.33,0.01,0.01,76826.59,1777347427000
1777347429.504,129.504,0.67,0.68,0.32,0.33,0.01,0.01,76829.64,1777347428000
1777347429.856,129.856,0.67,0.69,0.31,0.32,0.02,0.01,76829.64,1777347428000
1777347430.198,130.198,0.67,0.68,0.32,0.33,0.01,0.01,76829.64,1777347428000
1777347430.614,130.614,0.67,0.68,0.32,0.33,0.01,0.01,76829.79,1777347429000
1777347430.996,130.996,0.67,0.69,0.32,0.33,0.02,0.01,76829.79,1777347429000
1777347431.376,131.376,0.68,0.69,0.31,0.33,0.01,0.02,76829.79,1777347429000
1777347431.714,131.714,0.69,0.7,0.3,0.31,0.01,0.01,76829.48,1777347430000
1777347432.257,132.257,0.69,0.7,0.3,0.31,0.01,0.01,76830.29,1777347431000
1777347432.627,132.627,0.74,0.75,0.25,0.26,0.01,0.01,76830.29,1777347431000
1777347432.99,132.99,0.73,0.74,0.26,0.27,0.01,0.01,76830.29,1777347431000
1777347433.337,133.337,0.73,0.74,0.26,0.27,0.01,0.01,76831.48,1777347432000
1777347433.815,133.815,0.72,0.74,0.26,0.27,0.02,0.01,76831.48,1777347432000
1777347434.313,134.313,0.72,0.73,0.27,0.28,0.01,0.01,76831.48,1777347432000
1777347434.717,134.717,0.72,0.73,0.27,0.28,0.01,0.01,76841.9,1777347433000
1777347435.09,135.09,0.72,0.73,0.27,0.28,0.01,0.01,76841.88,1777347434000
1777347435.491,135.491,0.72,0.73,0.27,0.28,0.01,0.01,76841.88,1777347434000
1777347435.837,135.837,0.72,0.73,0.27,0.28,0.01,0.01,76841.88,1777347434000
1777347436.217,136.217,0.72,0.73,0.27,0.28,0.01,0.01,76841.71,1777347435000
1777347436.779,136.779,0.72,0.73,0.27,0.28,0.01,0.01,76841.71,1777347435000
1777347437.222,137.222,0.72,0.76,0.27,0.28,0.04,0.01,76841.71,1777347435000
1777347437.563,137.563,0.72,0.73,0.27,0.28,0.01,0.01,76841.95,1777347436000
1777347437.942,137.942,0.72,0.73,0.27,0.28,0.01,0.01,76841.95,1777347437000
1777347438.322,138.322,0.72,0.73,0.27,0.28,0.01,0.01,76841.95,1777347437000
1777347438.664,138.664,0.72,0.73,0.27,0.28,0.01,0.01,76841.95,1777347437000
1777347439.019,139.019,0.72,0.73,0.27,0.28,0.01,0.01,76841.95,1777347437000
1777347439.382,139.382,0.72,0.73,0.27,0.28,0.01,0.01,76839.55,1777347438000
1777347439.849,139.849,0.72,0.73,0.27,0.28,0.01,0.01,76839.55,1777347438000
1777347440.304,140.304,0.72,0.73,0.27,0.28,0.01,0.01,76839.53,1777347439000
1777347440.646,140.646,0.65,0.69,0.31,0.34,0.04,0.03,76839.53,1777347439000
1777347441.217,141.217,0.64,0.65,0.35,0.36,0.01,0.01,76839.53,1777347439000
1777347441.809,141.809,0.64,0.65,0.35,0.36,0.01,0.01,76838.97,1777347440000
1777347442.252,142.252,0.64,0.65,0.35,0.36,0.01,0.01,76838.37,1777347441000
1777347442.609,142.609,0.64,0.65,0.35,0.36,0.01,0.01,76838.37,1777347441000
1777347443.031,143.031,0.64,0.65,0.35,0.36,0.01,0.01,76838.37,1777347441000
1777347443.37,143.37,0.63,0.65,0.35,0.37,0.02,0.02,76834.25,1777347442000
1777347443.979,143.979,0.63,0.64,0.36,0.37,0.01,0.01,76834.25,1777347442000
1777347444.528,144.528,0.63,0.65,0.36,0.37,0.02,0.01,76834.14,1777347443000
1777347444.946,144.946,0.64,0.65,0.35,0.36,0.01,0.01,76834.14,1777347443000
1777347445.393,145.393,0.64,0.65,0.35,0.36,0.01,0.01,76834.14,1777347443000
1777347445.845,145.845,0.64,0.65,0.35,0.36,0.01,0.01,76833.83,1777347444000
1777347446.486,146.486,0.73,0.74,0.26,0.27,0.01,0.01,76833.83,1777347445000
1777347447.119,147.119,0.73,0.74,0.26,0.27,0.01,0.01,76833.75,1777347446000
1777347447.494,147.494,0.73,0.74,0.26,0.27,0.01,0.01,76833.75,1777347446000
1777347447.924,147.924,0.73,0.74,0.26,0.27,0.01,0.01,76833.75,1777347446000
1777347448.39,148.39,0.73,0.74,0.26,0.27,0.01,0.01,76833.94,1777347447000
1777347448.933,148.933,0.73,0.74,0.26,0.27,0.01,0.01,76833.66,1777347448000
1777347449.36,149.36,0.73,0.74,0.26,0.27,0.01,0.01,76833.66,1777347448000
1777347450.036,150.036,0.73,0.74,0.26,0.27,0.01,0.01,76833.23,1777347449000
1777347450.519,150.519,0.75,0.76,0.24,0.27,0.01,0.03,76833.23,1777347449000
1777347451.082,151.082,0.75,0.76,0.24,0.25,0.01,0.01,76833.23,1777347449000
1777347451.534,151.534,0.75,0.76,0.24,0.25,0.01,0.01,76834.67,1777347450000
1777347451.901,151.901,0.74,0.76,0.24,0.25,0.02,0.01,76834.67,1777347450000
1777347452.279,152.279,0.74,0.75,0.25,0.26,0.01,0.01,76834.89,1777347451000
1777347452.905,152.905,0.72,0.75,0.25,0.26,0.03,0.01,76834.89,1777347451000
1777347453.323,153.323,0.72,0.73,0.25,0.28,0.01,0.03,76834.89,1777347451000
1777347454.096,154.096,0.72,0.73,0.27,0.28,0.01,0.01,76834.82,1777347453000
1777347454.617,154.617,0.72,0.73,0.27,0.28,0.01,0.01,76834.82,1777347453000
1777347455.129,155.129,0.72,0.73,0.27,0.28,0.01,0.01,76834.28,1777347454000
1777347455.889,155.889,0.72,0.73,0.27,0.28,0.01,0.01,76834.28,1777347454000
1777347456.245,156.245,0.71,0.72,0.27,0.28,0.01,0.01,76834.28,1777347454000
1777347456.979,156.979,0.71,0.72,0.28,0.29,0.01,0.01,76834.61,1777347456000
1777347458.108,158.108,0.71,0.72,0.28,0.29,0.01,0.01,76834.09,1777347457000
1777347459.181,159.181,0.71,0.72,0.28,0.3,0.01,0.02,76834.09,1777347457000
1777347459.911,159.911,0.71,0.72,0.28,0.29,0.01,0.01,76834.38,1777347458000
1777347460.478,160.478,0.71,0.72,0.28,0.29,0.01,0.01,76834.37,1777347459000
1777347460.863,160.863,0.71,0.76,0.28,0.29,0.05,0.01,76834.37,1777347459000
1777347462.092,162.092,0.71,0.76,0.24,0.29,0.05,0.05,76833.96,1777347461000
1777347462.619,162.619,0.74,0.75,0.24,0.29,0.01,0.05,76833.96,1777347461000
1777347463.239,163.239,0.74,0.75,0.25,0.26,0.01,0.01,76834.29,1777347462000
1777347463.747,163.747,0.74,0.75,0.25,0.26,0.01,0.01,76834.29,1777347462000
1777347464.092,164.092,0.74,0.75,0.25,0.26,0.01,0.01,76834.11,1777347463000
1777347464.925,164.925,0.74,0.75,0.25,0.26,0.01,0.01,76834.12,1777347464000
1777347465.664,165.664,0.74,0.75,0.25,0.26,0.01,0.01,76834.12,1777347464000
1777347466.181,166.181,0.74,0.75,0.25,0.26,0.01,0.01,76834.05,1777347465000
1777347467.289,167.289,0.74,0.75,0.25,0.26,0.01,0.01,76834.05,1777347465000
1777347467.913,167.913,0.74,0.75,0.25,0.26,0.01,0.01,76834.14,1777347467000
1777347468.315,168.315,0.74,0.75,0.25,0.26,0.01,0.01,76834.14,1777347467000
1777347468.894,168.894,0.74,0.75,0.25,0.26,0.01,0.01,76834.14,1777347467000
1777347469.519,169.519,0.72,0.73,0.25,0.28,0.01,0.03,76834.11,1777347468000
1777347470.342,170.342,0.72,0.73,0.27,0.28,0.01,0.01,76834.07,1777347469000
1777347470.686,170.686,0.72,0.73,0.27,0.28,0.01,0.01,76834.07,1777347469000
1777347471.163,171.163,0.73,0.74,0.27,0.28,0.01,0.01,76834.07,1777347469000
1777347472.031,172.031,0.73,0.74,0.26,0.27,0.01,0.01,76834.12,1777347471000
1777347472.38,172.38,0.74,0.75,0.25,0.26,0.01,0.01,76834.12,1777347471000
1777347472.903,172.903,0.74,0.75,0.25,0.26,0.01,0.01,76834.12,1777347471000
1777347473.397,173.397,0.75,0.76,0.25,0.26,0.01,0.01,76834.15,1777347472000
1777347473.9,173.9,0.75,0.76,0.24,0.25,0.01,0.01,76834.15,1777347472000
1777347474.321,174.321,0.75,0.76,0.24,0.25,0.01,0.01,76834.38,1777347473000
1777347475.164,175.164,0.75,0.76,0.24,0.25,0.01,0.01,76834.38,1777347473000
1777347475.504,175.504,0.75,0.76,0.24,0.25,0.01,0.01,76834.46,1777347474000
1777347475.861,175.861,0.76,0.77,0.23,0.24,0.01,0.01,76834.46,1777347474000
1777347476.509,176.509,0.76,0.77,0.23,0.24,0.01,0.01,76834.46,1777347475000
1777347477.108,177.108,0.76,0.77,0.23,0.24,0.01,0.01,76834.41,1777347476000
1777347477.455,177.455,0.77,0.79,0.22,0.23,0.02,0.01,76834.41,1777347476000
1777347477.929,177.929,0.78,0.79,0.21,0.22,0.01,0.01,76834.41,1777347476000
1777347478.377,178.377,0.78,0.79,0.21,0.22,0.01,0.01,76835.61,1777347477000
1777347478.744,178.744,0.78,0.79,0.21,0.22,0.01,0.01,76835.61,1777347477000
1777347479.157,179.157,0.78,0.79,0.21,0.22,0.01,0.01,76835.61,1777347478000
1777347479.523,179.523,0.78,0.79,0.21,0.22,0.01,0.01,76835.61,1777347478000
1777347479.885,179.885,0.78,0.79,0.21,0.22,0.01,0.01,76835.61,1777347478000
1777347480.414,180.414,0.78,0.79,0.21,0.22,0.01,0.01,76840.05,1777347479000
1777347480.968,180.968,0.78,0.79,0.21,0.22,0.01,0.01,76840.05,1777347479000
1777347481.315,181.315,0.78,0.79,0.21,0.22,0.01,0.01,76840.22,1777347480000
1777347481.693,181.693,0.78,0.79,0.21,0.22,0.01,0.01,76840.22,1777347480000
1777347482.031,182.031,0.78,0.79,0.21,0.22,0.01,0.01,76840.22,1777347480000
1777347482.432,182.432,0.78,0.79,0.21,0.22,0.01,0.01,76840.02,1777347481000
1777347482.886,182.886,0.78,0.79,0.21,0.22,0.01,0.01,76840.02,1777347481000
1777347483.282,183.282,0.78,0.79,0.21,0.22,0.01,0.01,76839.09,1777347482000
1777347483.686,183.686,0.8,0.81,0.19,0.21,0.01,0.02,76839.09,1777347482000
1777347484.162,184.162,0.77,0.78,0.22,0.23,0.01,0.01,76839.09,1777347482000
1777347484.614,184.614,0.77,0.78,0.22,0.23,0.01,0.01,76839.14,1777347483000
1777347484.961,184.961,0.77,0.78,0.22,0.23,0.01,0.01,76839.14,1777347483000
1777347485.323,185.323,0.77,0.78,0.22,0.23,0.01,0.01,76837.57,1777347484000
1777347485.773,185.773,0.78,0.79,0.21,0.22,0.01,0.01,76837.57,1777347484000
1777347486.111,186.111,0.77,0.79,0.21,0.24,0.02,0.03,76837.57,1777347484000
1777347486.461,186.461,0.79,0.8,0.21,0.22,0.01,0.01,76837.57,1777347484000
1777347486.905,186.905,0.79,0.8,0.2,0.21,0.01,0.01,76837.27,1777347485000
1777347487.382,187.382,0.81,0.82,0.18,0.21,0.01,0.03,76837.27,1777347486000
1777347487.729,187.729,0.79,0.82,0.18,0.19,0.03,0.01,76837.27,1777347486000
1777347488.083,188.083,0.79,0.8,0.18,0.21,0.01,0.03,76837.27,1777347486000
1777347488.496,188.496,0.79,0.8,0.2,0.21,0.01,0.01,76837.27,1777347486000
1777347488.963,188.963,0.79,0.8,0.2,0.21,0.01,0.01,76837.3,1777347487000
1777347489.548,189.548,0.79,0.8,0.2,0.21,0.01,0.01,76837.27,1777347488000
1777347490.282,190.282,0.79,0.8,0.2,0.21,0.01,0.01,76837.46,1777347489000
1777347490.65,190.65,0.81,0.82,0.19,0.2,0.01,0.01,76837.46,1777347489000
1777347491.279,191.279,0.81,0.82,0.18,0.19,0.01,0.01,76837.46,1777347489000
1777347491.622,191.622,0.81,0.82,0.18,0.19,0.01,0.01,76837.65,1777347490000
1777347492.097,192.097,0.8,0.81,0.19,0.2,0.01,0.01,76837.65,1777347491000
1777347492.486,192.486,0.79,0.81,0.19,0.2,0.02,0.01,76837.65,1777347491000
1777347492.852,192.852,0.79,0.8,0.19,0.21,0.01,0.02,76837.65,1777347491000
1777347493.22,193.22,0.79,0.8,0.2,0.21,0.01,0.01,76837.65,1777347491000
1777347493.719,193.719,0.79,0.8,0.2,0.21,0.01,0.01,76837.65,1777347492000
1777347494.106,194.106,0.79,0.8,0.2,0.21,0.01,0.01,76837.65,1777347492000
1777347494.727,194.727,0.8,0.81,0.19,0.2,0.01,0.01,76837.65,1777347493000
1777347495.108,195.108,0.8,0.81,0.19,0.2,0.01,0.01,76837.27,1777347494000
1777347495.611,195.611,0.8,0.81,0.19,0.2,0.01,0.01,76837.27,1777347494000
1777347496.171,196.171,0.8,0.81,0.19,0.2,0.01,0.01,76837.27,1777347494000
1777347496.992,196.992,0.81,0.82,0.19,0.2,0.01,0.01,76837.27,1777347495000
1777347497.444,197.444,0.81,0.82,0.18,0.19,0.01,0.01,76837.27,1777347496000
1777347497.823,197.823,0.81,0.82,0.18,0.19,0.01,0.01,76837.27,1777347496000
1777347498.396,198.396,0.81,0.82,0.18,0.19,0.01,0.01,76837.62,1777347497000
1777347499.035,199.035,0.81,0.82,0.18,0.19,0.01,0.01,76837.9,1777347498000
1777347500.117,200.117,0.81,0.82,0.18,0.19,0.01,0.01,76837.9,1777347498000
1777347500.922,200.922,0.82,0.83,0.18,0.19,0.01,0.01,76837.89,1777347499000
1777347501.286,201.286,0.82,0.83,0.17,0.18,0.01,0.01,76837.85,1777347500000
1777347501.701,201.701,0.82,0.83,0.17,0.18,0.01,0.01,76837.85,1777347500000
1777347502.233,202.233,0.82,0.83,0.17,0.18,0.01,0.01,76837.27,1777347501000
1777347503.348,203.348,0.82,0.83,0.17,0.18,0.01,0.01,76837.27,1777347501000
1777347503.814,203.814,0.82,0.83,0.17,0.18,0.01,0.01,76837.27,1777347502000
1777347504.619,204.619,0.82,0.83,0.17,0.18,0.01,0.01,76837.27,1777347503000
1777347505.039,205.039,0.82,0.83,0.17,0.18,0.01,0.01,76837.27,1777347503000
1777347505.559,205.559,0.82,0.83,0.17,0.18,0.01,0.01,76837.27,1777347504000
1777347506.089,206.089,0.82,0.83,0.17,0.18,0.01,0.01,76837.27,1777347504000
1777347506.846,206.846,0.82,0.83,0.17,0.18,0.01,0.01,76837.27,1777347505000
1777347507.237,207.237,0.82,0.83,0.17,0.18,0.01,0.01,76837.49,1777347506000
1777347507.692,207.692,0.82,0.83,0.17,0.18,0.01,0.01,76837.49,1777347506000
1777347508.312,208.312,0.83,0.84,0.16,0.17,0.01,0.01,76837.49,1777347506000
1777347508.697,208.697,0.84,0.85,0.16,0.17,0.01,0.01,76837.49,1777347507000
1777347509.195,209.195,0.84,0.85,0.14,0.16,0.01,0.02,76838.24,1777347508000
1777347509.686,209.686,0.84,0.85,0.15,0.16,0.01,0.01,76838.24,1777347508000
1777347510.021,210.021,0.84,0.85,0.15,0.16,0.01,0.01,76838.24,1777347508000
1777347510.567,210.567,0.84,0.85,0.15,0.16,0.01,0.01,76838.1,1777347509000
1777347510.901,210.901,0.8,0.81,0.19,0.2,0.01,0.01,76838.1,1777347509000
1777347511.372,211.372,0.73,0.74,0.26,0.27,0.01,0.01,76838.1,1777347509000
1777347511.787,211.787,0.73,0.74,0.26,0.27,0.01,0.01,76838.92,1777347510000
1777347512.224,212.224,0.72,0.73,0.27,0.28,0.01,0.01,76838.72,1777347511000
1777347512.773,212.773,0.71,0.72,0.27,0.28,0.01,0.01,76838.72,1777347511000
1777347513.121,213.121,0.71,0.72,0.28,0.29,0.01,0.01,76835.27,1777347512000
1777347513.628,213.628,0.71,0.72,0.28,0.29,0.01,0.01,76835.27,1777347512000
1777347513.987,213.987,0.71,0.72,0.28,0.29,0.01,0.01,76835.27,1777347512000
1777347514.374,214.374,0.71,0.73,0.27,0.29,0.02,0.02,76834.11,1777347513000
1777347514.8,214.8,0.73,0.74,0.27,0.28,0.01,0.01,76834.11,1777347513000
1777347515.513,215.513,0.77,0.78,0.22,0.25,0.01,0.03,76834.25,1777347514000
1777347515.885,215.885,0.78,0.8,0.22,0.23,0.02,0.01,76834.25,1777347514000
1777347516.378,216.378,0.79,0.8,0.2,0.21,0.01,0.01,76834.25,1777347514000
1777347516.739,216.739,0.79,0.8,0.2,0.21,0.01,0.01,76834.2,1777347515000
1777347517.135,217.135,0.79,0.8,0.2,0.21,0.01,0.01,76834.29,1777347516000
1777347517.528,217.528,0.79,0.8,0.2,0.21,0.01,0.01,76834.29,1777347516000
1777347518.049,218.049,0.78,0.8,0.2,0.21,0.02,0.01,76834.29,1777347516000
1777347518.568,218.568,0.78,0.79,0.21,0.22,0.01,0.01,76834.29,1777347516000
1777347519.302,219.302,0.78,0.79,0.21,0.22,0.01,0.01,76834.12,1777347517000
1777347519.721,219.721,0.78,0.79,0.21,0.22,0.01,0.01,76834.08,1777347518000
1777347520.432,220.432,0.78,0.79,0.21,0.22,0.01,0.01,76834.12,1777347519000
1777347520.888,220.888,0.78,0.79,0.21,0.22,0.01,0.01,76834.12,1777347519000
1777347521.359,221.359,0.78,0.79,0.21,0.22,0.01,0.01,76833.66,1777347520000
1777347521.715,221.715,0.76,0.77,0.21,0.24,0.01,0.03,76833.66,1777347520000
1777347522.421,222.421,0.76,0.77,0.23,0.24,0.01,0.01,76833.61,1777347521000
1777347522.949,222.949,0.65,0.66,0.3,0.31,0.01,0.01,76833.61,1777347521000
1777347523.335,223.335,0.6,0.62,0.38,0.39,0.02,0.01,76833.61,1777347521000
1777347523.891,223.891,0.6,0.61,0.39,0.4,0.01,0.01,76833.79,1777347522000
1777347524.237,224.237,0.55,0.56,0.44,0.45,0.01,0.01,76833.79,1777347522000
1777347524.572,224.572,0.51,0.53,0.47,0.48,0.02,0.01,76833.46,1777347523000
1777347524.916,224.916,0.47,0.49,0.51,0.53,0.02,0.02,76833.46,1777347523000
1777347525.261,225.261,0.46,0.47,0.53,0.54,0.01,0.01,76833.46,1777347523000
1777347525.632,225.632,0.47,0.48,0.51,0.53,0.01,0.02,76829.34,1777347524000
1777347526.066,226.066,0.49,0.51,0.47,0.52,0.02,0.05,76829.34,1777347524000
1777347526.503,226.503,0.49,0.5,0.5,0.51,0.01,0.01,76821.97,1777347525000
1777347527.125,227.125,0.5,0.51,0.49,0.5,0.01,0.01,76821.97,1777347525000
1777347527.479,227.479,0.51,0.52,0.48,0.5,0.01,0.02,76819.67,1777347526000
1777347527.853,227.853,0.47,0.48,0.52,0.55,0.01,0.03,76819.67,1777347526000
1777347528.201,228.201,0.47,0.48,0.52,0.53,0.01,0.01,76819.67,1777347526000
1777347528.544,228.544,0.46,0.47,0.53,0.54,0.01,0.01,76819.67,1777347526000
1777347528.931,228.931,0.46,0.47,0.53,0.54,0.01,0.01,76819.68,1777347527000
1777347529.498,229.498,0.47,0.48,0.52,0.53,0.01,0.01,76819.68,1777347527000
1777347529.841,229.841,0.47,0.48,0.52,0.53,0.01,0.01,76819.76,1777347528000
1777347530.258,230.258,0.44,0.45,0.55,0.56,0.01,0.01,76819.76,1777347528000
1777347530.643,230.643,0.42,0.43,0.55,0.58,0.01,0.03,76819.76,1777347528000
1777347531.159,231.159,0.42,0.43,0.57,0.58,0.01,0.01,76818.94,1777347529000
1777347531.831,231.831,0.42,0.43,0.57,0.58,0.01,0.01,76818.94,1777347529000
1777347532.202,232.202,0.41,0.45,0.58,0.59,0.04,0.01,76818.73,1777347530000
1777347532.701,232.701,0.43,0.45,0.55,0.57,0.02,0.02,76818.26,1777347531000
1777347533.199,233.199,0.44,0.45,0.55,0.56,0.01,0.01,76818.26,1777347531000
1777347533.56,233.56,0.44,0.46,0.54,0.56,0.02,0.02,76816.63,1777347532000
1777347533.93,233.93,0.47,0.48,0.52,0.53,0.01,0.01,76816.63,1777347532000
1777347534.264,234.264,0.47,0.48,0.52,0.53,0.01,0.01,76816.63,1777347532000
1777347534.951,234.951,0.47,0.48,0.52,0.53,0.01,0.01,76816.63,1777347534000
1777347535.389,235.389,0.42,0.43,0.52,0.61,0.01,0.09,76816.63,1777347534000
1777347536.025,236.025,0.42,0.43,0.57,0.58,0.01,0.01,76816.43,1777347535000
1777347536.364,236.364,0.39,0.4,0.58,0.61,0.01,0.03,76816.43,1777347535000
1777347536.705,236.705,0.39,0.4,0.6,0.61,0.01,0.01,76816.43,1777347535000
1777347537.078,237.078,0.39,0.4,0.6,0.61,0.01,0.01,76816.41,1777347536000
1777347537.489,237.489,0.39,0.4,0.6,0.61,0.01,0.01,76816.41,1777347536000
1777347538.0,238.0,0.39,0.4,0.6,0.61,0.01,0.01,76816.41,1777347536000
1777347538.343,238.343,0.39,0.4,0.6,0.61,0.01,0.01,76816.02,1777347537000
1777347538.916,238.916,0.39,0.4,0.6,0.61,0.01,0.01,76816.02,1777347538000
1777347539.273,239.273,0.39,0.4,0.6,0.61,0.01,0.01,76816.02,1777347538000
1777347539.87,239.87,0.4,0.41,0.6,0.61,0.01,0.01,76816.02,1777347538000
1777347540.252,240.252,0.4,0.41,0.59,0.6,0.01,0.01,76815.83,1777347539000
1777347540.667,240.667,0.4,0.41,0.59,0.6,0.01,0.01,76815.83,1777347539000
1777347541.375,241.375,0.4,0.41,0.59,0.6,0.01,0.01,76815.83,1777347540000
1777347541.875,241.875,0.39,0.4,0.59,0.61,0.01,0.02,76815.83,1777347540000
1777347542.344,242.344,0.4,0.41,0.59,0.61,0.01,0.02,76816.18,1777347541000
1777347542.702,242.702,0.4,0.41,0.59,0.6,0.01,0.01,76816.18,1777347541000
1777347543.098,243.098,0.39,0.4,0.59,0.61,0.01,0.02,76816.13,1777347542000
1777347543.558,243.558,0.37,0.38,0.61,0.63,0.01,0.02,76816.13,1777347542000
1777347543.892,243.892,0.37,0.38,0.62,0.63,0.01,0.01,76816.13,1777347542000
1777347544.283,244.283,0.37,0.42,0.62,0.63,0.05,0.01,76816.13,1777347543000
1777347544.648,244.648,0.38,0.41,0.59,0.6,0.03,0.01,76816.13,1777347543000
1777347544.987,244.987,0.42,0.43,0.55,0.6,0.01,0.05,76816.13,1777347544000
1777347545.348,245.348,0.44,0.45,0.55,0.58,0.01,0.03,76816.13,1777347544000
1777347545.817,245.817,0.44,0.45,0.55,0.56,0.01,0.01,76816.13,1777347544000
1777347546.351,246.351,0.39,0.4,0.55,0.64,0.01,0.09,76816.13,1777347545000
1777347546.694,246.694,0.4,0.45,0.55,0.61,0.05,0.06,76816.13,1777347545000
1777347547.142,247.142,0.44,0.45,0.55,0.59,0.01,0.04,76816.13,1777347545000
1777347547.733,247.733,0.42,0.43,0.57,0.58,0.01,0.01,76816.13,1777347545000
1777347548.084,248.084,0.4,0.41,0.6,0.61,0.01,0.01,76816.13,1777347546000
1777347548.464,248.464,0.36,0.41,0.59,0.64,0.05,0.05,76816.13,1777347546000
1777347548.827,248.827,0.31,0.32,0.67,0.69,0.01,0.02,76816.13,1777347547000
1777347549.172,249.172,0.29,0.3,0.7,0.71,0.01,0.01,76816.13,1777347548000
1777347549.615,249.615,0.28,0.29,0.71,0.72,0.01,0.01,76816.13,1777347548000
1777347550.036,250.036,0.28,0.29,0.71,0.72,0.01,0.01,76816.13,1777347548000
1777347550.554,250.554,0.29,0.31,0.7,0.72,0.02,0.02,76814.36,1777347549000
1777347550.888,250.888,0.31,0.32,0.68,0.69,0.01,0.01,76814.36,1777347549000
1777347551.268,251.268,0.28,0.32,0.68,0.72,0.04,0.04,76811.03,1777347550000
1777347552.146,252.146,0.32,0.33,0.67,0.68,0.01,0.01,76811.03,1777347550000
1777347552.617,252.617,0.32,0.33,0.67,0.68,0.01,0.01,76810.16,1777347551000
1777347553.105,253.105,0.28,0.31,0.67,0.71,0.03,0.04,76810.16,1777347552000
1777347553.847,253.847,0.27,0.28,0.69,0.72,0.01,0.03,76810.16,1777347552000
1777347554.199,254.199,0.26,0.27,0.73,0.74,0.01,0.01,76810.14,1777347553000
1777347554.574,254.574,0.26,0.27,0.73,0.74,0.01,0.01,76810.14,1777347553000
1777347554.998,254.998,0.25,0.26,0.74,0.75,0.01,0.01,76810.14,1777347553000
1777347555.391,255.391,0.25,0.26,0.74,0.75,0.01,0.01,76809.7,1777347554000
1777347555.769,255.769,0.25,0.26,0.74,0.75,0.01,0.01,76809.7,1777347554000
1777347556.129,256.129,0.23,0.24,0.74,0.77,0.01,0.03,76809.7,1777347554000
1777347556.543,256.543,0.23,0.24,0.76,0.77,0.01,0.01,76808.79,1777347555000
1777347556.909,256.909,0.22,0.23,0.77,0.78,0.01,0.01,76808.79,1777347555000
1777347557.242,257.242,0.22,0.23,0.77,0.78,0.01,0.01,76808.79,1777347555000
1777347557.742,257.742,0.22,0.23,0.77,0.78,0.01,0.01,76806.8,1777347556000
1777347558.126,258.126,0.25,0.26,0.76,0.77,0.01,0.01,76807.47,1777347557000
1777347558.772,258.772,0.23,0.24,0.75,0.78,0.01,0.03,76807.47,1777347557000
1777347559.11,259.11,0.24,0.25,0.75,0.76,0.01,0.01,76807.47,1777347557000
1777347559.574,259.574,0.23,0.25,0.75,0.76,0.02,0.01,76807.45,1777347558000
1777347560.276,260.276,0.22,0.23,0.77,0.78,0.01,0.01,76807.2,1777347559000
1777347560.752,260.752,0.14,0.15,0.83,0.84,0.01,0.01,76807.2,1777347559000
1777347561.107,261.107,0.11,0.13,0.87,0.88,0.02,0.01,76807.2,1777347559000
1777347561.592,261.592,0.1,0.11,0.89,0.9,0.01,0.01,76807.23,1777347560000
1777347562.027,262.027,0.1,0.11,0.89,0.9,0.01,0.01,76807.23,1777347560000
1777347562.381,262.381,0.11,0.12,0.88,0.89,0.01,0.01,76804.21,1777347561000
1777347562.8,262.8,0.12,0.13,0.87,0.88,0.01,0.01,76804.21,1777347561000
1777347563.168,263.168,0.12,0.13,0.87,0.95,0.01,0.08,76804.21,1777347562000
1777347563.501,263.501,0.07,0.08,0.92,0.93,0.01,0.01,76804.21,1777347562000
1777347563.861,263.861,0.09,0.1,0.89,0.93,0.01,0.04,76804.21,1777347562000
1777347564.236,264.236,0.09,0.1,0.9,0.94,0.01,0.04,76802.6,1777347563000
1777347564.595,264.595,0.09,0.1,0.9,0.91,0.01,0.01,76802.6,1777347563000
1777347565.107,265.107,0.09,0.1,0.9,0.91,0.01,0.01,76802.6,1777347563000
1777347565.454,265.454,0.09,0.1,0.9,0.91,0.01,0.01,76802.53,1777347564000
1777347565.96,265.96,0.06,0.07,0.9,0.94,0.01,0.04,76802.53,1777347564000
1777347566.302,266.302,0.06,0.07,0.93,0.94,0.01,0.01,76802.02,1777347565000
1777347566.648,266.648,0.05,0.06,0.94,0.95,0.01,0.01,76802.02,1777347565000
1777347567.01,267.01,0.08,0.09,0.91,0.92,0.01,0.01,76802.02,1777347565000
1777347567.347,267.347,0.08,0.09,0.91,0.92,0.01,0.01,76802.02,1777347565000
1777347568.013,268.013,0.08,0.09,0.91,0.92,0.01,0.01,76802.12,1777347567000
1777347568.462,268.462,0.08,0.09,0.91,0.92,0.01,0.01,76802.12,1777347567000
1777347568.842,268.842,0.07,0.09,0.91,0.92,0.02,0.01,76802.12,1777347567000
1777347569.324,269.324,0.05,0.07,0.91,0.94,0.02,0.03,76802.12,1777347568000
1777347569.663,269.663,0.05,0.06,0.93,0.96,0.01,0.03,76802.12,1777347568000
1777347570.149,270.149,0.04,0.05,0.95,0.96,0.01,0.01,76802.12,1777347568000
1777347570.486,270.486,0.05,0.06,0.94,0.95,0.01,0.01,76802.13,1777347569000
1777347570.832,270.832,0.05,0.06,0.94,0.95,0.01,0.01,76802.13,1777347569000
1777347571.189,271.189,0.05,0.06,0.94,0.95,0.01,0.01,76802.13,1777347569000
1777347571.536,271.536,0.04,0.06,0.94,0.95,0.02,0.01,76803.41,1777347570000
1777347571.965,271.965,0.04,0.05,0.95,0.96,0.01,0.01,76803.41,1777347570000
1777347572.307,272.307,0.04,0.05,0.95,0.96,0.01,0.01,76804.08,1777347571000
1777347573.053,273.053,0.03,0.04,0.95,0.97,0.01,0.02,76804.08,1777347571000
1777347573.475,273.475,0.03,0.04,0.96,0.97,0.01,0.01,76798.6,1777347572000
1777347573.857,273.857,0.03,0.04,0.96,0.97,0.01,0.01,76798.6,1777347572000
1777347574.242,274.242,0.03,0.04,0.96,0.97,0.01,0.01,76798.6,1777347572000
1777347574.699,274.699,0.03,0.04,0.96,0.97,0.01,0.01,76798.6,1777347573000
1777347575.122,275.122,0.03,0.04,0.96,0.97,0.01,0.01,76798.6,1777347573000
1777347575.455,275.455,0.03,0.04,0.96,0.97,0.01,0.01,76798.6,1777347574000
1777347575.796,275.796,0.03,0.04,0.96,0.97,0.01,0.01,76798.6,1777347574000
1777347576.255,276.255,0.03,0.04,0.96,0.97,0.01,0.01,76798.6,1777347575000
1777347576.605,276.605,0.03,0.04,0.96,0.97,0.01,0.01,76798.6,1777347575000
1777347576.965,276.965,0.03,0.04,0.96,0.97,0.01,0.01,76798.9,1777347576000
1777347577.439,277.439,0.03,0.04,0.96,0.97,0.01,0.01,76798.9,1777347576000
1777347577.973,277.973,0.03,0.04,0.96,0.97,0.01,0.01,76798.9,1777347577000
1777347578.357,278.357,0.03,0.04,0.96,0.97,0.01,0.01,76798.9,1777347577000
1777347578.822,278.822,0.04,0.05,0.96,0.97,0.01,0.01,76798.9,1777347577000
1777347579.341,279.341,0.04,0.05,0.95,0.96,0.01,0.01,76798.9,1777347578000
1777347579.809,279.809,0.04,0.05,0.95,0.96,0.01,0.01,76798.9,1777347578000
1777347580.31,280.31,0.04,0.05,0.95,0.96,0.01,0.01,76798.79,1777347579000
1777347580.686,280.686,0.04,0.05,0.95,0.96,0.01,0.01,76798.79,1777347579000
1777347581.036,281.036,0.08,0.09,0.91,0.92,0.01,0.01,76798.79,1777347579000
1777347581.382,281.382,0.08,0.09,0.91,0.92,0.01,0.01,76798.79,1777347580000
1777347581.805,281.805,0.08,0.09,0.91,0.92,0.01,0.01,76798.79,1777347580000
1777347582.231,282.231,0.08,0.09,0.91,0.92,0.01,0.01,76798.8,1777347581000
1777347582.595,282.595,0.1,0.11,0.89,0.9,0.01,0.01,76798.8,1777347581000
1777347582.947,282.947,0.1,0.11,0.89,0.9,0.01,0.01,76798.8,1777347581000
1777347583.301,283.301,0.1,0.11,0.89,0.9,0.01,0.01,76800.68,1777347582000
1777347584.032,284.032,0.1,0.11,0.89,0.9,0.01,0.01,76802.09,1777347583000
1777347584.699,284.699,0.04,0.05,0.89,0.96,0.01,0.07,76802.09,1777347583000
1777347585.2,285.2,0.03,0.05,0.95,0.96,0.02,0.01,76802.09,1777347584000
1777347585.603,285.603,0.04,0.05,0.95,0.96,0.01,0.01,76802.09,1777347584000
1777347585.972,285.972,0.18,0.24,0.81,0.83,0.06,0.02,76802.09,1777347584000
1777347586.309,286.309,0.21,0.35,0.65,0.66,0.14,0.01,76802.72,1777347585000
1777347586.661,286.661,0.21,0.29,0.73,0.79,0.08,0.06,76802.72,1777347585000
1777347586.995,286.995,0.28,0.3,0.7,0.71,0.02,0.01,76803.35,1777347586000
1777347587.352,287.352,0.41,0.42,0.58,0.59,0.01,0.01,76803.35,1777347586000
1777347587.734,287.734,0.41,0.42,0.58,0.59,0.01,0.01,76803.35,1777347586000
1777347588.076,288.076,0.38,0.39,0.61,0.62,0.01,0.01,76804.94,1777347587000
1777347588.482,288.482,0.32,0.33,0.67,0.68,0.01,0.01,76804.94,1777347587000
1777347588.866,288.866,0.31,0.33,0.67,0.68,0.02,0.01,76804.94,1777347587000
1777347589.417,289.417,0.1,0.24,0.71,0.78,0.14,0.07,76811.43,1777347588000
1777347589.772,289.772,0.17,0.18,0.82,0.84,0.01,0.02,76811.43,1777347588000
1777347590.28,290.28,0.11,0.18,0.82,0.89,0.07,0.07,76811.43,1777347589000
1777347590.693,290.693,0.14,0.19,0.77,0.86,0.05,0.09,76811.43,1777347589000
1777347591.114,291.114,0.14,0.16,0.84,0.86,0.02,0.02,76811.2,1777347590000
1777347591.718,291.718,0.09,0.12,0.85,0.87,0.03,0.02,76811.2,1777347590000
1777347592.058,292.058,0.08,0.16,0.91,0.92,0.08,0.01,76811.2,1777347590000
1777347592.466,292.466,0.04,0.14,0.86,0.87,0.1,0.01,76810.94,1777347591000
1777347592.932,292.932,0.07,0.13,0.89,0.97,0.06,0.08,76810.94,1777347591000
1777347593.27,293.27,0.07,0.13,0.87,0.93,0.06,0.06,76810.97,1777347592000
1777347593.712,293.712,0.02,0.11,0.88,0.98,0.09,0.1,76810.97,1777347592000
1777347594.109,294.109,0.02,0.09,0.93,0.98,0.07,0.05,76810.97,1777347592000
1777347594.446,294.446,0.03,0.1,0.9,0.97,0.07,0.07,76810.96,1777347593000
1777347594.798,294.798,0.03,0.06,0.92,0.97,0.03,0.05,76810.96,1777347593000
1777347595.207,295.207,0.05,0.07,0.93,0.95,0.02,0.02,76810.96,1777347593000
1777347595.576,295.576,0.02,0.06,0.94,0.98,0.04,0.04,76810.91,1777347594000
1777347595.972,295.972,0.02,0.05,0.95,0.98,0.03,0.03,76811.69,1777347595000
1777347596.473,296.473,0.02,0.03,0.95,0.98,0.01,0.03,76811.69,1777347595000
1777347596.817,296.817,0.02,0.03,0.95,0.98,0.01,0.03,76811.69,1777347595000
1777347597.159,297.159,0.02,0.03,0.97,0.98,0.01,0.01,76810.99,1777347596000
1777347597.521,297.521,0.02,0.03,0.97,0.98,0.01,0.01,76810.99,1777347596000
1777347597.856,297.856,0.02,0.03,0.97,0.98,0.01,0.01,76810.99,1777347596000
1777347598.201,298.201,0.01,0.02,0.98,0.99,0.01,0.01,76811.25,1777347597000
1777347598.534,298.534,0.01,0.02,0.98,0.99,0.01,0.01,76811.25,1777347597000
1777347598.868,298.868,0.01,0.02,0.98,0.99,0.01,0.01,76811.25,1777347597000
1777347599.924,299.924,0.01,0.01,0.99,0.99,0.0,0.0,76808.77,1777347598000
1777347600.364,300.364,0.01,0.01,0.99,0.99,0.0,0.0,76805.91,1777347599000
1777347601.176,301.176,0.01,0.01,0.99,0.99,0.0,0.0,76805.82,1777347600000
1777347602.276,302.276,0.01,0.01,0.99,0.99,0.0,0.0,76805.45,1777347601000
