timestamp,elapsed_sec,up_bid,up_ask,down_bid,down_ask,up_spread,down_spread,btc_price
1775863200.513,0.513,0.5,0.51,0.49,0.5,0.01,0.01,72839.27
1775863200.914,0.914,0.5,0.51,0.49,0.5,0.01,0.01,72839.26
1775863201.255,1.255,0.5,0.51,0.49,0.5,0.01,0.01,72839.26
1775863201.614,1.614,0.5,0.51,0.49,0.5,0.01,0.01,72839.26
1775863202.356,2.356,0.5,0.51,0.49,0.5,0.01,0.01,72839.26
1775863202.714,2.714,0.61,0.65,0.31,0.39,0.04,0.08,72839.25
1775863203.071,3.071,0.67,0.69,0.31,0.33,0.02,0.02,72839.25
1775863204.073,4.073,0.68,0.69,0.31,0.32,0.01,0.01,72841.18
1775863204.471,4.471,0.68,0.69,0.31,0.32,0.01,0.01,72841.18
1775863204.807,4.807,0.68,0.7,0.3,0.32,0.02,0.02,72841.18
1775863205.269,5.269,0.68,0.7,0.3,0.32,0.02,0.02,72883.24
1775863205.634,5.634,0.68,0.7,0.3,0.32,0.02,0.02,72883.24
1775863206.05,6.05,0.68,0.69,0.3,0.32,0.01,0.02,72883.24
1775863206.405,6.405,0.71,0.73,0.28,0.29,0.02,0.01,72883.24
1775863206.74,6.74,0.74,0.75,0.25,0.26,0.01,0.01,72883.24
1775863207.084,7.084,0.74,0.75,0.25,0.26,0.01,0.01,72908.43
1775863207.434,7.434,0.74,0.75,0.25,0.27,0.01,0.02,72911.94
1775863207.788,7.788,0.74,0.75,0.25,0.26,0.01,0.01,72911.94
1775863208.121,8.121,0.74,0.75,0.25,0.26,0.01,0.01,72911.94
1775863208.538,8.538,0.74,0.75,0.25,0.26,0.01,0.01,72911.94
1775863208.918,8.918,0.74,0.75,0.25,0.26,0.01,0.01,72912.96
1775863209.281,9.281,0.74,0.75,0.25,0.26,0.01,0.01,72912.96
1775863209.631,9.631,0.76,0.78,0.23,0.25,0.02,0.02,72912.96
1775863210.02,10.02,0.77,0.79,0.21,0.23,0.02,0.02,72912.96
1775863210.357,10.357,0.78,0.79,0.21,0.22,0.01,0.01,72912.96
1775863210.739,10.739,0.8,0.81,0.19,0.2,0.01,0.01,72915.19
1775863211.087,11.087,0.82,0.83,0.17,0.18,0.01,0.01,72915.19
1775863211.439,11.439,0.86,0.89,0.11,0.14,0.03,0.03,72915.19
1775863211.778,11.778,0.87,0.89,0.11,0.13,0.02,0.02,72915.27
1775863212.183,12.183,0.87,0.88,0.12,0.13,0.01,0.01,72915.27
1775863212.518,12.518,0.87,0.88,0.12,0.13,0.01,0.01,72915.27
1775863212.853,12.853,0.87,0.88,0.12,0.13,0.01,0.01,72915.27
1775863213.307,13.307,0.87,0.88,0.12,0.13,0.01,0.01,72925.72
1775863213.82,13.82,0.86,0.88,0.12,0.13,0.02,0.01,72925.72
1775863214.157,14.157,0.86,0.88,0.12,0.14,0.02,0.02,72925.72
1775863214.49,14.49,0.83,0.86,0.14,0.17,0.03,0.03,72948.35
1775863214.825,14.825,0.85,0.87,0.13,0.14,0.02,0.01,72948.35
1775863215.173,15.173,0.85,0.87,0.13,0.15,0.02,0.02,72948.35
1775863215.507,15.507,0.85,0.86,0.14,0.15,0.01,0.01,72947.73
1775863216.121,16.121,0.85,0.86,0.14,0.15,0.01,0.01,72947.73
1775863216.55,16.55,0.85,0.86,0.14,0.15,0.01,0.01,72941.72
1775863216.884,16.884,0.85,0.86,0.14,0.15,0.01,0.01,72941.72
1775863217.218,17.218,0.86,0.87,0.13,0.14,0.01,0.01,72941.72
1775863217.555,17.555,0.86,0.87,0.13,0.14,0.01,0.01,72941.72
1775863217.988,17.988,0.86,0.88,0.13,0.14,0.02,0.01,72941.72
1775863218.38,18.38,0.88,0.89,0.11,0.12,0.01,0.01,72941.72
1775863218.732,18.732,0.88,0.89,0.11,0.12,0.01,0.01,72943.9
1775863219.183,19.183,0.88,0.89,0.11,0.12,0.01,0.01,72943.9
1775863219.554,19.554,0.88,0.89,0.11,0.12,0.01,0.01,72943.9
1775863219.891,19.891,0.86,0.87,0.11,0.14,0.01,0.03,72942.18
1775863220.34,20.34,0.86,0.87,0.13,0.14,0.01,0.01,72942.18
1775863220.778,20.778,0.86,0.87,0.13,0.14,0.01,0.01,72942.18
1775863221.121,21.121,0.86,0.87,0.13,0.14,0.01,0.01,72942.18
1775863221.46,21.46,0.86,0.87,0.13,0.14,0.01,0.01,72944.64
1775863221.932,21.932,0.84,0.87,0.13,0.14,0.03,0.01,72944.64
1775863222.346,22.346,0.86,0.87,0.13,0.15,0.01,0.02,72948.57
1775863222.721,22.721,0.86,0.87,0.13,0.14,0.01,0.01,72948.57
1775863223.17,23.17,0.86,0.87,0.13,0.14,0.01,0.01,72949.56
1775863223.604,23.604,0.86,0.87,0.13,0.14,0.01,0.01,72949.56
1775863223.997,23.997,0.86,0.87,0.13,0.14,0.01,0.01,72949.56
1775863224.407,24.407,0.86,0.87,0.13,0.14,0.01,0.01,72947.21
1775863224.868,24.868,0.86,0.87,0.13,0.14,0.01,0.01,72941.43
1775863225.256,25.256,0.86,0.87,0.13,0.14,0.01,0.01,72937.22
1775863225.609,25.609,0.86,0.87,0.13,0.14,0.01,0.01,72939.21
1775863226.171,26.171,0.86,0.87,0.13,0.14,0.01,0.01,72939.21
1775863226.53,26.53,0.88,0.89,0.11,0.12,0.01,0.01,72940.27
1775863226.994,26.994,0.88,0.89,0.11,0.12,0.01,0.01,72940.27
1775863227.48,27.48,0.88,0.89,0.11,0.12,0.01,0.01,72940.62
1775863227.885,27.885,0.88,0.89,0.11,0.12,0.01,0.01,72940.62
1775863228.218,28.218,0.89,0.91,0.09,0.11,0.02,0.02,72948.87
1775863228.577,28.577,0.9,0.91,0.1,0.11,0.01,0.01,72948.87
1775863228.91,28.91,0.9,0.91,0.09,0.1,0.01,0.01,72948.87
1775863229.245,29.245,0.9,0.91,0.09,0.1,0.01,0.01,72949.83
1775863229.581,29.581,0.9,0.91,0.09,0.1,0.01,0.01,72949.83
1775863229.942,29.942,0.89,0.9,0.1,0.11,0.01,0.01,72949.83
1775863230.289,30.289,0.89,0.9,0.1,0.11,0.01,0.01,72952.93
1775863230.636,30.636,0.89,0.9,0.1,0.11,0.01,0.01,72952.93
1775863231.118,31.118,0.88,0.89,0.1,0.12,0.01,0.02,72952.93
1775863231.475,31.475,0.88,0.89,0.11,0.12,0.01,0.01,72952.93
1775863231.849,31.849,0.89,0.9,0.1,0.11,0.01,0.01,72959.46
1775863232.444,32.444,0.89,0.9,0.1,0.11,0.01,0.01,72963.06
1775863232.877,32.877,0.89,0.9,0.1,0.11,0.01,0.01,72963.06
1775863233.396,33.396,0.89,0.9,0.1,0.11,0.01,0.01,72963.06
1775863234.045,34.045,0.89,0.9,0.1,0.11,0.01,0.01,72963.9
1775863234.379,34.379,0.89,0.9,0.1,0.11,0.01,0.01,72963.9
1775863234.77,34.77,0.89,0.9,0.1,0.11,0.01,0.01,72964.26
1775863235.439,35.439,0.89,0.9,0.1,0.11,0.01,0.01,72964.26
1775863235.785,35.785,0.89,0.9,0.1,0.11,0.01,0.01,72964.26
1775863236.142,36.142,0.88,0.89,0.1,0.12,0.01,0.02,72965.03
1775863236.672,36.672,0.88,0.89,0.11,0.12,0.01,0.01,72964.53
1775863237.148,37.148,0.87,0.88,0.11,0.13,0.01,0.02,72964.13
1775863237.546,37.546,0.87,0.88,0.12,0.13,0.01,0.01,72964.13
1775863237.921,37.921,0.87,0.88,0.12,0.13,0.01,0.01,72964.05
1775863238.254,38.254,0.87,0.88,0.12,0.13,0.01,0.01,72964.05
1775863239.62,39.62,0.87,0.88,0.12,0.13,0.01,0.01,72964.06
1775863240.036,40.036,0.87,0.88,0.12,0.13,0.01,0.01,72964.06
1775863240.985,40.985,0.87,0.88,0.12,0.13,0.01,0.01,72964.0
1775863241.321,41.321,0.87,0.88,0.12,0.13,0.01,0.01,72963.64
1775863241.791,41.791,0.87,0.88,0.12,0.13,0.01,0.01,72963.64
1775863242.244,42.244,0.86,0.88,0.12,0.13,0.02,0.01,72963.64
1775863242.789,42.789,0.87,0.88,0.12,0.13,0.01,0.01,72963.79
1775863243.146,43.146,0.87,0.88,0.12,0.13,0.01,0.01,72963.99
1775863243.51,43.51,0.87,0.88,0.12,0.13,0.01,0.01,72963.99
1775863243.908,43.908,0.87,0.88,0.11,0.13,0.01,0.02,72963.99
1775863244.296,44.296,0.87,0.88,0.12,0.13,0.01,0.01,72963.99
1775863244.687,44.687,0.87,0.88,0.12,0.13,0.01,0.01,72963.99
1775863245.035,45.035,0.86,0.87,0.13,0.14,0.01,0.01,72963.99
1775863245.42,45.42,0.85,0.86,0.14,0.15,0.01,0.01,72963.93
1775863245.942,45.942,0.85,0.86,0.14,0.15,0.01,0.01,72963.93
1775863246.513,46.513,0.85,0.86,0.14,0.15,0.01,0.01,72963.6
1775863246.974,46.974,0.85,0.86,0.14,0.15,0.01,0.01,72963.6
1775863247.345,47.345,0.85,0.86,0.14,0.15,0.01,0.01,72960.56
1775863248.106,48.106,0.85,0.86,0.14,0.15,0.01,0.01,72960.56
1775863248.496,48.496,0.85,0.86,0.14,0.15,0.01,0.01,72960.56
1775863249.006,49.006,0.85,0.86,0.14,0.15,0.01,0.01,72952.74
1775863249.409,49.409,0.85,0.86,0.14,0.15,0.01,0.01,72952.56
1775863250.176,50.176,0.85,0.86,0.14,0.15,0.01,0.01,72952.03
1775863250.534,50.534,0.85,0.86,0.14,0.15,0.01,0.01,72952.03
1775863250.913,50.913,0.84,0.86,0.14,0.15,0.02,0.01,72952.03
1775863251.4,51.4,0.84,0.85,0.14,0.16,0.01,0.02,72951.97
1775863251.837,51.837,0.84,0.85,0.15,0.16,0.01,0.01,72951.97
1775863252.363,52.363,0.86,0.87,0.12,0.16,0.01,0.04,72951.97
1775863252.806,52.806,0.86,0.87,0.13,0.14,0.01,0.01,72950.31
1775863253.22,53.22,0.86,0.87,0.13,0.14,0.01,0.01,72949.01
1775863253.629,53.629,0.87,0.88,0.12,0.14,0.01,0.02,72949.01
1775863253.976,53.976,0.86,0.87,0.12,0.15,0.01,0.03,72949.01
1775863254.367,54.367,0.86,0.87,0.13,0.14,0.01,0.01,72948.75
1775863254.871,54.871,0.86,0.87,0.13,0.14,0.01,0.01,72948.75
1775863255.358,55.358,0.86,0.87,0.13,0.14,0.01,0.01,72948.75
1775863255.705,55.705,0.86,0.87,0.13,0.14,0.01,0.01,72948.75
1775863256.416,56.416,0.86,0.87,0.13,0.14,0.01,0.01,72948.75
1775863256.851,56.851,0.86,0.87,0.13,0.14,0.01,0.01,72948.75
1775863257.465,57.465,0.84,0.85,0.15,0.16,0.01,0.01,72945.71
1775863257.97,57.97,0.84,0.85,0.15,0.16,0.01,0.01,72945.71
1775863258.422,58.422,0.84,0.85,0.15,0.16,0.01,0.01,72943.19
1775863258.962,58.962,0.84,0.85,0.15,0.16,0.01,0.01,72943.19
1775863259.334,59.334,0.84,0.85,0.15,0.16,0.01,0.01,72933.81
1775863259.68,59.68,0.84,0.85,0.15,0.16,0.01,0.01,72933.81
1775863260.014,60.014,0.84,0.85,0.14,0.16,0.01,0.02,72933.81
1775863260.362,60.362,0.84,0.85,0.15,0.16,0.01,0.01,72933.81
1775863260.817,60.817,0.84,0.85,0.15,0.16,0.01,0.01,72931.65
1775863261.194,61.194,0.83,0.84,0.16,0.17,0.01,0.01,72931.65
1775863261.551,61.551,0.83,0.84,0.16,0.17,0.01,0.01,72931.27
1775863262.099,62.099,0.83,0.84,0.16,0.17,0.01,0.01,72930.93
1775863262.5,62.5,0.82,0.83,0.17,0.18,0.01,0.01,72930.93
1775863262.89,62.89,0.82,0.83,0.17,0.18,0.01,0.01,72930.93
1775863263.306,63.306,0.82,0.83,0.17,0.18,0.01,0.01,72930.93
1775863263.642,63.642,0.82,0.83,0.17,0.18,0.01,0.01,72928.1
1775863264.133,64.133,0.82,0.83,0.17,0.18,0.01,0.01,72919.58
1775863264.636,64.636,0.82,0.83,0.17,0.18,0.01,0.01,72919.58
1775863265.118,65.118,0.82,0.83,0.17,0.18,0.01,0.01,72919.58
1775863265.494,65.494,0.82,0.83,0.17,0.18,0.01,0.01,72919.58
1775863266.133,66.133,0.82,0.83,0.17,0.18,0.01,0.01,72917.48
1775863266.607,66.607,0.82,0.83,0.17,0.18,0.01,0.01,72915.72
1775863267.067,67.067,0.82,0.83,0.17,0.18,0.01,0.01,72915.72
1775863267.662,67.662,0.81,0.83,0.16,0.18,0.02,0.02,72915.83
1775863267.996,67.996,0.82,0.83,0.17,0.18,0.01,0.01,72915.83
1775863268.33,68.33,0.81,0.82,0.17,0.19,0.01,0.02,72915.83
1775863269.012,69.012,0.82,0.83,0.17,0.18,0.01,0.01,72915.8
1775863269.474,69.474,0.82,0.83,0.17,0.18,0.01,0.01,72915.93
1775863269.888,69.888,0.82,0.83,0.17,0.18,0.01,0.01,72915.93
1775863270.718,70.718,0.82,0.83,0.17,0.18,0.01,0.01,72916.1
1775863271.089,71.089,0.82,0.84,0.17,0.18,0.02,0.01,72916.1
1775863271.427,71.427,0.82,0.83,0.16,0.18,0.01,0.02,72916.1
1775863271.798,71.798,0.82,0.83,0.17,0.18,0.01,0.01,72916.1
1775863272.18,72.18,0.82,0.83,0.17,0.18,0.01,0.01,72913.81
1775863272.762,72.762,0.83,0.84,0.16,0.17,0.01,0.01,72913.81
1775863273.118,73.118,0.83,0.84,0.16,0.17,0.01,0.01,72913.81
1775863273.498,73.498,0.83,0.84,0.16,0.17,0.01,0.01,72912.9
1775863273.859,73.859,0.82,0.83,0.16,0.18,0.01,0.02,72912.9
1775863274.25,74.25,0.83,0.84,0.16,0.17,0.01,0.01,72912.9
1775863274.789,74.789,0.83,0.84,0.16,0.17,0.01,0.01,72912.79
1775863275.275,75.275,0.83,0.84,0.16,0.17,0.01,0.01,72912.79
1775863276.108,76.108,0.83,0.84,0.16,0.17,0.01,0.01,72912.35
1775863276.769,76.769,0.83,0.84,0.16,0.17,0.01,0.01,72912.35
1775863277.324,77.324,0.83,0.84,0.16,0.17,0.01,0.01,72912.22
1775863278.062,78.062,0.83,0.84,0.16,0.17,0.01,0.01,72912.22
1775863278.455,78.455,0.83,0.84,0.16,0.17,0.01,0.01,72912.21
1775863278.928,78.928,0.83,0.84,0.16,0.17,0.01,0.01,72912.21
1775863279.449,79.449,0.83,0.84,0.16,0.17,0.01,0.01,72911.97
1775863280.105,80.105,0.83,0.84,0.16,0.17,0.01,0.01,72911.97
1775863280.768,80.768,0.83,0.84,0.16,0.17,0.01,0.01,72911.97
1775863281.243,81.243,0.83,0.85,0.16,0.17,0.02,0.01,72912.09
1775863281.581,81.581,0.84,0.85,0.15,0.16,0.01,0.01,72912.09
1775863282.102,82.102,0.83,0.84,0.15,0.17,0.01,0.02,72912.09
1775863282.728,82.728,0.84,0.85,0.16,0.17,0.01,0.01,72911.85
1775863283.458,83.458,0.84,0.85,0.15,0.16,0.01,0.01,72911.85
1775863284.087,84.087,0.84,0.85,0.15,0.16,0.01,0.01,72911.85
1775863284.781,84.781,0.84,0.85,0.15,0.16,0.01,0.01,72911.88
1775863285.239,85.239,0.84,0.85,0.15,0.16,0.01,0.01,72911.88
1775863286.008,86.008,0.84,0.85,0.15,0.16,0.01,0.01,72911.88
1775863286.606,86.606,0.84,0.85,0.15,0.16,0.01,0.01,72912.21
1775863287.28,87.28,0.84,0.85,0.15,0.16,0.01,0.01,72912.21
1775863288.012,88.012,0.84,0.85,0.15,0.16,0.01,0.01,72912.21
1775863288.649,88.649,0.84,0.85,0.15,0.16,0.01,0.01,72912.21
1775863289.018,89.018,0.84,0.85,0.15,0.16,0.01,0.01,72912.21
1775863289.578,89.578,0.83,0.84,0.15,0.17,0.01,0.02,72912.16
1775863289.948,89.948,0.83,0.84,0.16,0.17,0.01,0.01,72912.16
1775863290.473,90.473,0.83,0.84,0.16,0.17,0.01,0.01,72912.61
1775863290.936,90.936,0.83,0.84,0.16,0.17,0.01,0.01,72912.61
1775863291.349,91.349,0.83,0.84,0.16,0.17,0.01,0.01,72912.65
1775863291.684,91.684,0.83,0.84,0.16,0.17,0.01,0.01,72912.65
1775863292.158,92.158,0.84,0.85,0.15,0.17,0.01,0.02,72912.65
1775863292.623,92.623,0.84,0.85,0.15,0.16,0.01,0.01,72912.66
1775863293.562,93.562,0.84,0.85,0.15,0.16,0.01,0.01,72912.69
1775863294.185,94.185,0.84,0.85,0.15,0.16,0.01,0.01,72912.69
1775863294.69,94.69,0.84,0.85,0.15,0.16,0.01,0.01,72912.69
1775863295.05,95.05,0.84,0.85,0.15,0.16,0.01,0.01,72912.69
1775863295.466,95.466,0.84,0.85,0.15,0.16,0.01,0.01,72912.49
1775863296.212,96.212,0.84,0.85,0.15,0.16,0.01,0.01,72912.49
1775863296.619,96.619,0.85,0.86,0.14,0.15,0.01,0.01,72912.48
1775863296.963,96.963,0.86,0.87,0.13,0.15,0.01,0.02,72912.48
1775863297.369,97.369,0.86,0.87,0.13,0.14,0.01,0.01,72912.68
1775863297.732,97.732,0.86,0.87,0.13,0.14,0.01,0.01,72912.68
1775863298.156,98.156,0.86,0.87,0.13,0.14,0.01,0.01,72912.68
1775863299.05,99.05,0.86,0.87,0.13,0.14,0.01,0.01,72914.52
1775863299.439,99.439,0.85,0.87,0.13,0.14,0.02,0.01,72918.56
1775863299.8,99.8,0.85,0.86,0.14,0.15,0.01,0.01,72918.56
1775863300.19,100.19,0.85,0.86,0.14,0.15,0.01,0.01,72918.56
1775863300.808,100.808,0.85,0.86,0.14,0.15,0.01,0.01,72919.9
1775863301.212,101.212,0.85,0.87,0.14,0.15,0.02,0.01,72919.9
1775863301.614,101.614,0.86,0.87,0.13,0.14,0.01,0.01,72920.19
1775863302.019,102.019,0.85,0.86,0.14,0.15,0.01,0.01,72920.19
1775863302.982,102.982,0.85,0.86,0.14,0.15,0.01,0.01,72917.26
1775863303.32,103.32,0.85,0.86,0.14,0.15,0.01,0.01,72917
1775863303.658,103.658,0.85,0.86,0.14,0.15,0.01,0.01,72917
1775863304.178,104.178,0.85,0.86,0.14,0.15,0.01,0.01,72917
1775863304.653,104.653,0.86,0.87,0.13,0.14,0.01,0.01,72917
1775863304.993,104.993,0.86,0.87,0.13,0.14,0.01,0.01,72916.55
1775863305.596,105.596,0.87,0.88,0.12,0.14,0.01,0.02,72915.72
1775863306.091,106.091,0.87,0.88,0.12,0.13,0.01,0.01,72915.72
1775863306.573,106.573,0.87,0.88,0.12,0.13,0.01,0.01,72915.73
1775863306.94,106.94,0.87,0.88,0.12,0.13,0.01,0.01,72915.73
1775863307.322,107.322,0.87,0.88,0.12,0.14,0.01,0.02,72915.73
1775863307.77,107.77,0.86,0.87,0.12,0.15,0.01,0.03,72915.73
1775863308.444,108.444,0.86,0.87,0.13,0.14,0.01,0.01,72915.87
1775863309.449,109.449,0.86,0.87,0.13,0.14,0.01,0.01,72915.54
1775863309.794,109.794,0.86,0.87,0.13,0.14,0.01,0.01,72915.54
1775863310.297,110.297,0.86,0.87,0.13,0.14,0.01,0.01,72915.54
1775863310.848,110.848,0.86,0.87,0.13,0.14,0.01,0.01,72915.75
1775863311.339,111.339,0.86,0.87,0.13,0.14,0.01,0.01,72915.75
1775863312.183,112.183,0.86,0.87,0.13,0.14,0.01,0.01,72915.82
1775863312.69,112.69,0.87,0.88,0.12,0.13,0.01,0.01,72915.87
1775863313.129,113.129,0.87,0.88,0.12,0.13,0.01,0.01,72915.78
1775863313.805,113.805,0.86,0.87,0.12,0.14,0.01,0.02,72915.78
1775863314.394,114.394,0.86,0.87,0.13,0.14,0.01,0.01,72915.26
1775863314.812,114.812,0.86,0.87,0.13,0.14,0.01,0.01,72915.26
1775863315.363,115.363,0.86,0.87,0.13,0.14,0.01,0.01,72915.54
1775863315.853,115.853,0.86,0.87,0.13,0.14,0.01,0.01,72915.54
1775863316.202,116.202,0.86,0.87,0.13,0.14,0.01,0.01,72915.66
1775863316.582,116.582,0.86,0.87,0.13,0.14,0.01,0.01,72915.66
1775863317.08,117.08,0.86,0.87,0.13,0.14,0.01,0.01,72915.75
1775863317.497,117.497,0.86,0.87,0.13,0.14,0.01,0.01,72915.75
1775863318.158,118.158,0.86,0.87,0.13,0.14,0.01,0.01,72915.81
1775863318.994,118.994,0.87,0.88,0.12,0.14,0.01,0.02,72915.81
1775863319.539,119.539,0.87,0.88,0.12,0.13,0.01,0.01,72915.81
1775863320.368,120.368,0.87,0.88,0.12,0.13,0.01,0.01,72915.37
1775863320.734,120.734,0.87,0.88,0.12,0.13,0.01,0.01,72915.37
1775863321.157,121.157,0.88,0.89,0.11,0.13,0.01,0.02,72915.37
1775863321.646,121.646,0.88,0.89,0.11,0.12,0.01,0.01,72915.37
1775863322.036,122.036,0.89,0.9,0.1,0.11,0.01,0.01,72915.37
1775863322.376,122.376,0.89,0.9,0.1,0.11,0.01,0.01,72915.54
1775863322.747,122.747,0.89,0.9,0.1,0.11,0.01,0.01,72915.54
1775863323.183,123.183,0.89,0.9,0.1,0.11,0.01,0.01,72915.54
1775863323.555,123.555,0.89,0.9,0.1,0.11,0.01,0.01,72915.54
1775863324.078,124.078,0.87,0.88,0.11,0.13,0.01,0.02,72919.04
1775863324.653,124.653,0.87,0.88,0.12,0.13,0.01,0.01,72919.32
1775863325.014,125.014,0.87,0.88,0.12,0.13,0.01,0.01,72920.64
1775863325.499,125.499,0.87,0.88,0.12,0.13,0.01,0.01,72920.64
1775863325.988,125.988,0.87,0.88,0.12,0.13,0.01,0.01,72920.64
1775863326.783,126.783,0.87,0.88,0.12,0.13,0.01,0.01,72917.79
1775863327.227,127.227,0.87,0.88,0.12,0.13,0.01,0.01,72914.99
1775863328.077,128.077,0.87,0.88,0.12,0.13,0.01,0.01,72914.99
1775863328.447,128.447,0.88,0.89,0.11,0.12,0.01,0.01,72914.98
1775863328.826,128.826,0.88,0.89,0.11,0.12,0.01,0.01,72914.98
1775863329.16,129.16,0.88,0.89,0.11,0.12,0.01,0.01,72914.98
1775863329.738,129.738,0.88,0.89,0.11,0.13,0.01,0.02,72914.98
1775863330.312,130.312,0.88,0.89,0.11,0.12,0.01,0.01,72914.98
1775863330.777,130.777,0.88,0.89,0.11,0.12,0.01,0.01,72914.98
1775863331.212,131.212,0.88,0.89,0.11,0.12,0.01,0.01,72914.98
1775863331.562,131.562,0.88,0.89,0.11,0.12,0.01,0.01,72914.98
1775863331.991,131.991,0.88,0.89,0.11,0.12,0.01,0.01,72914.98
1775863332.445,132.445,0.88,0.89,0.11,0.12,0.01,0.01,72914.98
1775863332.886,132.886,0.88,0.89,0.11,0.12,0.01,0.01,72914.69
1775863333.418,133.418,0.88,0.89,0.11,0.12,0.01,0.01,72914.69
1775863333.913,133.913,0.88,0.89,0.11,0.12,0.01,0.01,72915.58
1775863334.365,134.365,0.89,0.9,0.11,0.12,0.01,0.01,72915.58
1775863334.748,134.748,0.89,0.9,0.1,0.11,0.01,0.01,72915.58
1775863335.647,135.647,0.89,0.9,0.1,0.11,0.01,0.01,72914.67
1775863336.363,136.363,0.89,0.9,0.1,0.11,0.01,0.01,72916.9
1775863336.78,136.78,0.89,0.9,0.1,0.11,0.01,0.01,72916.9
1775863337.178,137.178,0.89,0.9,0.1,0.12,0.01,0.02,72916.9
1775863337.513,137.513,0.89,0.9,0.1,0.11,0.01,0.01,72917.13
1775863337.853,137.853,0.89,0.9,0.1,0.11,0.01,0.01,72917.13
1775863338.422,138.422,0.89,0.9,0.1,0.11,0.01,0.01,72917.13
1775863338.911,138.911,0.89,0.9,0.1,0.11,0.01,0.01,72917.2
1775863339.396,139.396,0.88,0.9,0.1,0.11,0.02,0.01,72917.2
1775863339.862,139.862,0.89,0.9,0.1,0.11,0.01,0.01,72917.2
1775863340.223,140.223,0.89,0.9,0.1,0.11,0.01,0.01,72917.2
1775863340.598,140.598,0.89,0.9,0.1,0.11,0.01,0.01,72917.01
1775863341.414,141.414,0.89,0.9,0.1,0.11,0.01,0.01,72917.01
1775863341.751,141.751,0.89,0.9,0.1,0.11,0.01,0.01,72917.01
1775863342.174,142.174,0.89,0.9,0.1,0.11,0.01,0.01,72917.01
1775863342.739,142.739,0.89,0.9,0.1,0.11,0.01,0.01,72917.26
1775863343.218,143.218,0.89,0.9,0.1,0.11,0.01,0.01,72917.26
1775863343.773,143.773,0.89,0.9,0.1,0.11,0.01,0.01,72917.8
1775863344.112,144.112,0.89,0.9,0.1,0.11,0.01,0.01,72917.8
1775863344.776,144.776,0.89,0.9,0.1,0.11,0.01,0.01,72917.8
1775863345.169,145.169,0.9,0.91,0.1,0.11,0.01,0.01,72917.8
1775863345.522,145.522,0.9,0.91,0.09,0.1,0.01,0.01,72919.54
1775863346.219,146.219,0.9,0.91,0.09,0.1,0.01,0.01,72919.54
1775863347.17,147.17,0.9,0.91,0.09,0.1,0.01,0.01,72919.37
1775863347.53,147.53,0.9,0.91,0.09,0.1,0.01,0.01,72919.37
1775863347.98,147.98,0.9,0.91,0.09,0.1,0.01,0.01,72919.37
1775863349.428,149.428,0.91,0.92,0.09,0.1,0.01,0.01,72919.32
1775863350.31,150.31,0.91,0.92,0.08,0.09,0.01,0.01,72919.4
1775863350.786,150.786,0.91,0.92,0.08,0.09,0.01,0.01,72919.4
1775863351.228,151.228,0.91,0.92,0.08,0.09,0.01,0.01,72919.4
1775863351.639,151.639,0.91,0.92,0.08,0.09,0.01,0.01,72919.61
1775863352.2,152.2,0.91,0.92,0.08,0.09,0.01,0.01,72919.61
1775863352.857,152.857,0.91,0.92,0.08,0.09,0.01,0.01,72919.95
1775863353.651,153.651,0.91,0.92,0.08,0.09,0.01,0.01,72919.98
1775863354.373,154.373,0.91,0.92,0.08,0.09,0.01,0.01,72919.96
1775863354.707,154.707,0.91,0.92,0.08,0.09,0.01,0.01,72919.96
1775863355.158,155.158,0.91,0.92,0.08,0.09,0.01,0.01,72919.96
1775863355.539,155.539,0.91,0.92,0.08,0.09,0.01,0.01,72919.91
1775863355.9,155.9,0.92,0.93,0.07,0.08,0.01,0.01,72919.91
1775863356.3,156.3,0.93,0.94,0.06,0.08,0.01,0.02,72919.87
1775863356.764,156.764,0.93,0.94,0.06,0.07,0.01,0.01,72919.87
1775863357.298,157.298,0.93,0.94,0.06,0.07,0.01,0.01,72919.88
1775863357.801,157.801,0.93,0.94,0.06,0.07,0.01,0.01,72919.88
1775863358.17,158.17,0.93,0.94,0.06,0.07,0.01,0.01,72919.99
1775863358.528,158.528,0.93,0.94,0.06,0.07,0.01,0.01,72919.99
1775863358.906,158.906,0.93,0.94,0.06,0.08,0.01,0.02,72919.99
1775863359.638,159.638,0.93,0.94,0.06,0.07,0.01,0.01,72921.03
1775863360.125,160.125,0.93,0.94,0.06,0.07,0.01,0.01,72921.03
1775863360.746,160.746,0.92,0.94,0.06,0.08,0.02,0.02,72921.03
1775863361.433,161.433,0.93,0.94,0.06,0.08,0.01,0.02,72920.88
1775863362.579,162.579,0.93,0.94,0.06,0.07,0.01,0.01,72920.89
1775863363.117,163.117,0.93,0.94,0.06,0.07,0.01,0.01,72920.95
1775863363.692,163.692,0.93,0.94,0.06,0.07,0.01,0.01,72920.95
1775863364.083,164.083,0.92,0.94,0.06,0.07,0.02,0.01,72920.95
1775863364.744,164.744,0.93,0.94,0.06,0.07,0.01,0.01,72920.95
1775863365.107,165.107,0.93,0.94,0.06,0.07,0.01,0.01,72920.95
1775863365.803,165.803,0.93,0.94,0.06,0.07,0.01,0.01,72920.95
1775863366.165,166.165,0.93,0.94,0.06,0.07,0.01,0.01,72920.8
1775863366.747,166.747,0.92,0.94,0.06,0.07,0.02,0.01,72920.8
1775863367.113,167.113,0.92,0.93,0.06,0.08,0.01,0.02,72920.79
1775863367.536,167.536,0.92,0.93,0.07,0.08,0.01,0.01,72920.79
1775863368.302,168.302,0.92,0.93,0.07,0.08,0.01,0.01,72920.79
1775863368.767,168.767,0.92,0.93,0.07,0.08,0.01,0.01,72920.59
1775863369.329,169.329,0.92,0.93,0.07,0.08,0.01,0.01,72920.56
1775863369.732,169.732,0.92,0.93,0.07,0.08,0.01,0.01,72920.56
1775863370.114,170.114,0.92,0.93,0.07,0.09,0.01,0.02,72920.56
1775863370.598,170.598,0.92,0.93,0.07,0.08,0.01,0.01,72920.55
1775863371.152,171.152,0.9,0.93,0.07,0.08,0.03,0.01,72920.55
1775863371.724,171.724,0.91,0.92,0.08,0.09,0.01,0.01,72920.55
1775863372.109,172.109,0.91,0.92,0.08,0.09,0.01,0.01,72920.55
1775863372.699,172.699,0.91,0.92,0.08,0.09,0.01,0.01,72920.63
1775863373.43,173.43,0.91,0.92,0.08,0.09,0.01,0.01,72920.63
1775863374.426,174.426,0.91,0.92,0.08,0.09,0.01,0.01,72920.79
1775863375.232,175.232,0.91,0.92,0.08,0.09,0.01,0.01,72920.79
1775863375.875,175.875,0.91,0.92,0.08,0.09,0.01,0.01,72920.79
1775863376.909,176.909,0.91,0.92,0.08,0.09,0.01,0.01,72920.66
1775863377.578,177.578,0.91,0.92,0.08,0.09,0.01,0.01,72920.66
1775863378.015,178.015,0.91,0.93,0.08,0.09,0.02,0.01,72920.66
1775863378.557,178.557,0.92,0.93,0.07,0.09,0.01,0.02,72920.66
1775863378.943,178.943,0.92,0.93,0.07,0.08,0.01,0.01,72920.66
1775863379.779,179.779,0.92,0.93,0.07,0.08,0.01,0.01,72920.8
1775863380.356,180.356,0.92,0.93,0.07,0.08,0.01,0.01,72920.8
1775863380.707,180.707,0.92,0.93,0.07,0.08,0.01,0.01,72920.8
1775863381.093,181.093,0.92,0.93,0.07,0.08,0.01,0.01,72920.8
1775863381.465,181.465,0.92,0.93,0.07,0.08,0.01,0.01,72920.87
1775863381.875,181.875,0.93,0.94,0.06,0.07,0.01,0.01,72920.87
1775863382.53,182.53,0.93,0.94,0.06,0.07,0.01,0.01,72920.89
1775863382.96,182.96,0.93,0.94,0.06,0.07,0.01,0.01,72920.89
1775863383.608,183.608,0.94,0.95,0.05,0.07,0.01,0.02,72920.89
1775863383.948,183.948,0.94,0.95,0.05,0.06,0.01,0.01,72920.89
1775863384.481,184.481,0.94,0.95,0.05,0.06,0.01,0.01,72935.66
1775863384.825,184.825,0.94,0.95,0.05,0.06,0.01,0.01,72935.66
1775863385.31,185.31,0.94,0.95,0.05,0.06,0.01,0.01,72935.66
1775863385.66,185.66,0.94,0.95,0.05,0.06,0.01,0.01,72937.0
1775863386.117,186.117,0.94,0.95,0.05,0.06,0.01,0.01,72937.0
1775863386.494,186.494,0.94,0.95,0.05,0.06,0.01,0.01,72937.08
1775863387.092,187.092,0.94,0.95,0.05,0.06,0.01,0.01,72937.08
1775863387.429,187.429,0.94,0.95,0.05,0.06,0.01,0.01,72936.92
1775863387.924,187.924,0.94,0.95,0.05,0.06,0.01,0.01,72936.92
1775863388.326,188.326,0.94,0.95,0.05,0.06,0.01,0.01,72936.92
1775863388.72,188.72,0.94,0.95,0.05,0.06,0.01,0.01,72936.92
1775863389.106,189.106,0.94,0.95,0.05,0.06,0.01,0.01,72936.92
1775863389.685,189.685,0.94,0.95,0.05,0.06,0.01,0.01,72936.98
1775863390.136,190.136,0.94,0.95,0.05,0.06,0.01,0.01,72936.99
1775863390.566,190.566,0.94,0.95,0.05,0.06,0.01,0.01,72936.99
1775863390.967,190.967,0.94,0.95,0.05,0.06,0.01,0.01,72937.19
1775863391.362,191.362,0.93,0.95,0.06,0.07,0.02,0.01,72937.19
1775863391.839,191.839,0.93,0.94,0.06,0.07,0.01,0.01,72937.19
1775863392.206,192.206,0.93,0.94,0.06,0.07,0.01,0.01,72933.31
1775863392.766,192.766,0.92,0.93,0.07,0.08,0.01,0.01,72933.31
1775863393.337,193.337,0.92,0.93,0.07,0.08,0.01,0.01,72928.37
1775863393.721,193.721,0.92,0.93,0.06,0.08,0.01,0.02,72928.37
1775863394.31,194.31,0.92,0.93,0.07,0.08,0.01,0.01,72928.37
1775863394.684,194.684,0.92,0.94,0.07,0.08,0.02,0.01,72928.37
1775863395.206,195.206,0.93,0.94,0.06,0.08,0.01,0.02,72925.69
1775863395.541,195.541,0.93,0.95,0.05,0.07,0.02,0.02,72921.83
1775863395.905,195.905,0.94,0.95,0.05,0.07,0.01,0.02,72921.83
1775863396.256,196.256,0.94,0.95,0.04,0.06,0.01,0.02,72921.77
1775863396.686,196.686,0.95,0.96,0.04,0.05,0.01,0.01,72921.77
1775863397.478,197.478,0.95,0.96,0.04,0.05,0.01,0.01,72921.77
1775863397.844,197.844,0.95,0.96,0.04,0.05,0.01,0.01,72921.79
1775863398.203,198.203,0.95,0.96,0.04,0.05,0.01,0.01,72921.79
1775863398.835,198.835,0.95,0.96,0.04,0.05,0.01,0.01,72921.79
1775863399.341,199.341,0.95,0.96,0.04,0.05,0.01,0.01,72921.77
1775863400.046,200.046,0.95,0.96,0.04,0.05,0.01,0.01,72921.77
1775863400.682,200.682,0.95,0.96,0.04,0.05,0.01,0.01,72921.31
1775863401.166,201.166,0.94,0.95,0.04,0.07,0.01,0.03,72921.31
1775863401.6,201.6,0.94,0.95,0.05,0.06,0.01,0.01,72921.3
1775863402.176,202.176,0.94,0.95,0.05,0.06,0.01,0.01,72921.3
1775863402.591,202.591,0.94,0.95,0.05,0.06,0.01,0.01,72921.3
1775863403.062,203.062,0.94,0.95,0.05,0.06,0.01,0.01,72921.1
1775863403.639,203.639,0.94,0.95,0.05,0.06,0.01,0.01,72920.82
1775863404.219,204.219,0.94,0.95,0.05,0.06,0.01,0.01,72920.82
1775863404.553,204.553,0.94,0.95,0.05,0.06,0.01,0.01,72920.27
1775863405.591,205.591,0.94,0.95,0.04,0.06,0.01,0.02,72920.27
1775863405.964,205.964,0.94,0.95,0.05,0.06,0.01,0.01,72920.4
1775863406.354,206.354,0.94,0.95,0.05,0.06,0.01,0.01,72920.4
1775863407.164,207.164,0.95,0.96,0.05,0.06,0.01,0.01,72921.91
1775863407.587,207.587,0.95,0.96,0.04,0.05,0.01,0.01,72921.91
1775863407.928,207.928,0.95,0.96,0.04,0.05,0.01,0.01,72921.91
1775863408.372,208.372,0.95,0.96,0.04,0.05,0.01,0.01,72921.51
1775863408.751,208.751,0.95,0.96,0.04,0.05,0.01,0.01,72921.51
1775863409.418,209.418,0.95,0.96,0.04,0.05,0.01,0.01,72921.43
1775863410.12,210.12,0.95,0.96,0.04,0.05,0.01,0.01,72921.43
1775863410.547,210.547,0.95,0.96,0.04,0.05,0.01,0.01,72921.34
1775863411.222,211.222,0.95,0.96,0.04,0.06,0.01,0.02,72921.34
1775863412.207,212.207,0.95,0.96,0.04,0.05,0.01,0.01,72921.33
1775863412.586,212.586,0.95,0.96,0.04,0.05,0.01,0.01,72921.08
1775863413.079,213.079,0.95,0.96,0.04,0.05,0.01,0.01,72921.08
1775863413.584,213.584,0.95,0.96,0.04,0.05,0.01,0.01,72921.26
1775863414.566,214.566,0.95,0.96,0.04,0.05,0.01,0.01,72920.87
1775863415.368,215.368,0.95,0.96,0.04,0.05,0.01,0.01,72920.87
1775863415.895,215.895,0.95,0.96,0.04,0.05,0.01,0.01,72920.19
1775863416.254,216.254,0.95,0.96,0.04,0.05,0.01,0.01,72919.92
1775863416.62,216.62,0.95,0.96,0.04,0.05,0.01,0.01,72919.92
1775863417.036,217.036,0.95,0.96,0.04,0.05,0.01,0.01,72919.92
1775863417.45,217.45,0.95,0.96,0.04,0.05,0.01,0.01,72919.92
1775863417.927,217.927,0.94,0.95,0.04,0.05,0.01,0.01,72919.85
1775863418.27,218.27,0.93,0.94,0.06,0.07,0.01,0.01,72919.69
1775863418.824,218.824,0.92,0.93,0.07,0.08,0.01,0.01,72919.69
1775863419.357,219.357,0.92,0.93,0.07,0.08,0.01,0.01,72919.69
1775863419.852,219.852,0.92,0.93,0.07,0.08,0.01,0.01,72917.84
1775863420.281,220.281,0.9,0.91,0.09,0.1,0.01,0.01,72913.76
1775863420.742,220.742,0.9,0.91,0.09,0.1,0.01,0.01,72913.76
1775863421.178,221.178,0.9,0.91,0.09,0.1,0.01,0.01,72913.76
1775863421.52,221.52,0.9,0.91,0.09,0.1,0.01,0.01,72897.46
1775863421.94,221.94,0.9,0.91,0.09,0.1,0.01,0.01,72897.46
1775863422.37,222.37,0.9,0.91,0.09,0.1,0.01,0.01,72896.32
1775863422.805,222.805,0.9,0.91,0.08,0.09,0.01,0.01,72896.32
1775863423.223,223.223,0.9,0.91,0.08,0.1,0.01,0.02,72896.32
1775863423.666,223.666,0.9,0.92,0.08,0.1,0.02,0.02,72894.81
1775863424.098,224.098,0.91,0.92,0.08,0.1,0.01,0.02,72894.81
1775863424.915,224.915,0.9,0.91,0.08,0.1,0.01,0.02,72892.87
1775863425.566,225.566,0.9,0.91,0.09,0.1,0.01,0.01,72894.79
1775863426.039,226.039,0.9,0.92,0.09,0.1,0.02,0.01,72894.79
1775863426.374,226.374,0.91,0.92,0.08,0.1,0.01,0.02,72894.79
1775863426.756,226.756,0.9,0.92,0.08,0.09,0.02,0.01,72894.79
1775863427.229,227.229,0.9,0.91,0.08,0.1,0.01,0.02,72892.97
1775863427.742,227.742,0.91,0.92,0.09,0.1,0.01,0.01,72892.97
1775863428.116,228.116,0.91,0.92,0.08,0.09,0.01,0.01,72892.97
1775863428.969,228.969,0.9,0.91,0.08,0.1,0.01,0.02,72894.72
1775863429.393,229.393,0.9,0.91,0.08,0.1,0.01,0.02,72892.88
1775863429.733,229.733,0.9,0.92,0.08,0.1,0.02,0.02,72892.88
1775863430.07,230.07,0.91,0.92,0.08,0.1,0.01,0.02,72892.88
1775863430.603,230.603,0.9,0.91,0.09,0.1,0.01,0.01,72892.86
1775863431.298,231.298,0.89,0.91,0.09,0.1,0.02,0.01,72892.11
1775863431.856,231.856,0.89,0.9,0.09,0.11,0.01,0.02,72892.11
1775863432.3,232.3,0.89,0.9,0.1,0.11,0.01,0.01,72892.11
1775863432.729,232.729,0.89,0.9,0.1,0.11,0.01,0.01,72892.11
1775863433.155,233.155,0.89,0.9,0.1,0.11,0.01,0.01,72892.11
1775863433.629,233.629,0.89,0.9,0.1,0.11,0.01,0.01,72891.86
1775863434.102,234.102,0.89,0.9,0.1,0.11,0.01,0.01,72891.86
1775863434.584,234.584,0.89,0.9,0.1,0.11,0.01,0.01,72891.89
1775863435.154,235.154,0.89,0.9,0.1,0.11,0.01,0.01,72892.24
1775863435.659,235.659,0.9,0.91,0.1,0.11,0.01,0.01,72892.24
1775863436.086,236.086,0.89,0.9,0.09,0.11,0.01,0.02,72892.24
1775863436.463,236.463,0.89,0.9,0.1,0.11,0.01,0.01,72892.42
1775863437.41,237.41,0.89,0.9,0.1,0.11,0.01,0.01,72892.25
1775863437.93,237.93,0.89,0.9,0.1,0.11,0.01,0.01,72892.25
1775863438.275,238.275,0.89,0.91,0.1,0.11,0.02,0.01,72892.45
1775863438.765,238.765,0.9,0.91,0.09,0.1,0.01,0.01,72892.45
1775863439.187,239.187,0.9,0.92,0.09,0.1,0.02,0.01,72892.45
1775863439.737,239.737,0.9,0.91,0.08,0.1,0.01,0.02,72892.45
1775863440.494,240.494,0.91,0.92,0.08,0.1,0.01,0.02,72891.57
1775863440.894,240.894,0.91,0.92,0.08,0.09,0.01,0.01,72891.57
1775863441.269,241.269,0.91,0.93,0.08,0.09,0.02,0.01,72891.57
1775863441.623,241.623,0.92,0.93,0.07,0.08,0.01,0.01,72891.57
1775863442.056,242.056,0.92,0.93,0.07,0.08,0.01,0.01,72891.88
1775863442.692,242.692,0.92,0.93,0.07,0.08,0.01,0.01,72891.88
1775863443.081,243.081,0.92,0.93,0.07,0.08,0.01,0.01,72891.88
1775863443.452,243.452,0.92,0.93,0.07,0.08,0.01,0.01,72890.81
1775863443.95,243.95,0.92,0.93,0.06,0.08,0.01,0.02,72890.81
1775863444.297,244.297,0.9,0.91,0.09,0.1,0.01,0.01,72890.81
1775863444.694,244.694,0.9,0.92,0.09,0.1,0.02,0.01,72890.22
1775863445.312,245.312,0.9,0.91,0.08,0.1,0.01,0.02,72889.44
1775863445.647,245.647,0.9,0.91,0.09,0.1,0.01,0.01,72889.44
1775863446.247,246.247,0.91,0.92,0.08,0.1,0.01,0.02,72887.71
1775863446.602,246.602,0.91,0.92,0.08,0.09,0.01,0.01,72887.71
1775863447.207,247.207,0.9,0.92,0.08,0.09,0.02,0.01,72887.71
1775863447.627,247.627,0.9,0.96,0.08,0.1,0.06,0.02,72888.57
1775863447.97,247.97,0.92,0.93,0.04,0.1,0.01,0.06,72888.57
1775863448.375,248.375,0.92,0.93,0.07,0.08,0.01,0.01,72887.28
1775863449.063,249.063,0.91,0.92,0.07,0.08,0.01,0.01,72887.28
1775863449.526,249.526,0.91,0.93,0.08,0.09,0.02,0.01,72888.25
1775863450.036,250.036,0.91,0.93,0.07,0.09,0.02,0.02,72888.25
1775863450.948,250.948,0.92,0.93,0.07,0.09,0.01,0.02,72886.09
1775863451.332,251.332,0.92,0.93,0.07,0.08,0.01,0.01,72886.09
1775863451.734,251.734,0.91,0.92,0.08,0.09,0.01,0.01,72886.09
1775863452.477,252.477,0.93,0.94,0.07,0.08,0.01,0.01,72886.07
1775863452.844,252.844,0.94,0.95,0.05,0.06,0.01,0.01,72886.07
1775863453.177,253.177,0.95,0.96,0.04,0.05,0.01,0.01,72886.07
1775863453.617,253.617,0.95,0.96,0.04,0.05,0.01,0.01,72886.01
1775863453.966,253.966,0.95,0.96,0.04,0.05,0.01,0.01,72886.01
1775863454.309,254.309,0.94,0.95,0.04,0.05,0.01,0.01,72886.01
1775863454.938,254.938,0.94,0.95,0.05,0.06,0.01,0.01,72892.38
1775863455.281,255.281,0.95,0.96,0.03,0.06,0.01,0.03,72892.38
1775863455.653,255.653,0.96,0.97,0.03,0.04,0.01,0.01,72896.05
1775863456.13,256.13,0.96,0.97,0.03,0.04,0.01,0.01,72899.07
1775863456.49,256.49,0.96,0.97,0.03,0.04,0.01,0.01,72899.07
1775863456.828,256.828,0.96,0.97,0.03,0.04,0.01,0.01,72899.07
1775863457.281,257.281,0.96,0.97,0.03,0.04,0.01,0.01,72899.34
1775863457.672,257.672,0.96,0.97,0.03,0.05,0.01,0.02,72899.34
1775863458.012,258.012,0.96,0.97,0.03,0.04,0.01,0.01,72899.34
1775863458.362,258.362,0.96,0.97,0.03,0.04,0.01,0.01,72904.05
1775863458.717,258.717,0.96,0.97,0.03,0.04,0.01,0.01,72904.05
1775863459.267,259.267,0.96,0.97,0.02,0.04,0.01,0.02,72904.05
1775863459.625,259.625,0.97,0.98,0.02,0.03,0.01,0.01,72904.32
1775863460.092,260.092,0.97,0.98,0.02,0.03,0.01,0.01,72904.29
1775863460.582,260.582,0.97,0.98,0.02,0.03,0.01,0.01,72904.29
1775863460.917,260.917,0.97,0.98,0.02,0.03,0.01,0.01,72904.29
1775863461.258,261.258,0.97,0.98,0.02,0.03,0.01,0.01,72904.3
1775863461.673,261.673,0.97,0.98,0.02,0.03,0.01,0.01,72904.3
1775863462.014,262.014,0.97,0.98,0.02,0.03,0.01,0.01,72904.3
1775863462.36,262.36,0.97,0.98,0.02,0.03,0.01,0.01,72904.4
1775863462.903,262.903,0.97,0.98,0.02,0.03,0.01,0.01,72904.4
1775863463.413,263.413,0.97,0.98,0.02,0.03,0.01,0.01,72904.4
1775863463.826,263.826,0.97,0.98,0.02,0.03,0.01,0.01,72904.4
1775863464.165,264.165,0.98,0.99,0.01,0.02,0.01,0.01,72904.4
1775863464.552,264.552,0.98,0.99,0.01,0.02,0.01,0.01,72904.4
1775863464.895,264.895,0.98,0.99,0.01,0.02,0.01,0.01,72904.4
1775863465.252,265.252,0.98,0.99,0.01,0.02,0.01,0.01,72904.53
1775863465.67,265.67,0.98,0.99,0.01,0.02,0.01,0.01,72904.53
1775863466.073,266.073,0.98,0.99,0.01,0.02,0.01,0.01,72904.53
1775863466.642,266.642,0.98,0.99,0.01,0.02,0.01,0.01,72904.36
1775863467.201,267.201,0.98,0.99,0.01,0.02,0.01,0.01,72904.36
1775863467.76,267.76,0.98,0.99,0.01,0.02,0.01,0.01,72903.85
1775863468.093,268.093,0.98,0.99,0.01,0.02,0.01,0.01,72900.05
1775863469.102,269.102,0.98,0.99,0.01,0.02,0.01,0.01,72900.05
1775863469.513,269.513,0.98,0.99,0.01,0.02,0.01,0.01,72900.05
1775863470.228,270.228,0.98,0.99,0.01,0.02,0.01,0.01,72897.93
1775863470.689,270.689,0.97,0.98,0.02,0.03,0.01,0.01,72897.93
1775863471.065,271.065,0.97,0.98,0.02,0.03,0.01,0.01,72897.93
1775863471.42,271.42,0.97,0.98,0.02,0.03,0.01,0.01,72897.93
1775863471.776,271.776,0.97,0.98,0.02,0.03,0.01,0.01,72897.93
1775863472.127,272.127,0.97,0.98,0.01,0.02,0.01,0.01,72898.06
1775863472.596,272.596,0.98,0.99,0.01,0.03,0.01,0.02,72898.06
1775863474.226,274.226,0.98,0.99,0.01,0.02,0.01,0.01,72899.01
1775863474.56,274.56,0.98,0.99,0.01,0.02,0.01,0.01,72899.96
1775863475.207,275.207,0.98,0.99,0.01,0.02,0.01,0.01,72899.96
1775863475.55,275.55,0.98,0.99,0.01,0.02,0.01,0.01,72899.96
1775863475.887,275.887,0.98,0.99,0.01,0.02,0.01,0.01,72899.96
1775863476.35,276.35,0.98,0.99,0.01,0.02,0.01,0.01,72899.97
1775863476.815,276.815,0.98,0.99,0.01,0.02,0.01,0.01,72899.97
1775863477.201,277.201,0.98,0.99,0.01,0.02,0.01,0.01,72899.97
1775863477.607,277.607,0.98,0.99,0.01,0.02,0.01,0.01,72899.97
1775863478.009,278.009,0.98,0.99,0.01,0.02,0.01,0.01,72899.97
1775863478.352,278.352,0.98,0.99,0.01,0.02,0.01,0.01,72899.97
1775863478.799,278.799,0.98,0.99,0.01,0.02,0.01,0.01,72899.97
1775863479.166,279.166,0.98,0.99,0.01,0.02,0.01,0.01,72899.98
1775863479.53,279.53,0.98,0.99,0.01,0.02,0.01,0.01,72899.98
1775863479.936,279.936,0.98,0.99,0.01,0.02,0.01,0.01,72899.98
1775863480.346,280.346,0.98,0.99,0.01,0.02,0.01,0.01,72899.98
1775863480.691,280.691,0.98,0.99,0.01,0.02,0.01,0.01,72899.98
1775863481.163,281.163,0.99,0.99,0.01,0.01,0.0,0.0,72899.99
1775863481.497,281.497,0.99,0.99,0.01,0.01,0.0,0.0,72899.99
1775863481.881,281.881,0.99,0.99,0.01,0.01,0.0,0.0,72899.99
1775863482.335,282.335,0.99,0.99,0.01,0.01,0.0,0.0,72899.87
1775863482.883,282.883,0.99,0.99,0.01,0.01,0.0,0.0,72899.87
1775863483.457,283.457,0.99,0.99,0.01,0.01,0.0,0.0,72898.65
1775863483.851,283.851,0.99,0.99,0.01,0.01,0.0,0.0,72898.65
1775863484.342,284.342,0.99,0.99,0.01,0.01,0.0,0.0,72898.39
1775863484.694,284.694,0.99,0.99,0.01,0.01,0.0,0.0,72898.39
1775863485.071,285.071,0.99,0.99,0.01,0.01,0.0,0.0,72898.25
1775863486.152,286.152,0.99,0.99,0.01,0.01,0.0,0.0,72897.79
1775863486.67,286.67,0.99,0.99,0.01,0.01,0.0,0.0,72897.79
1775863487.203,287.203,0.99,0.99,0.01,0.01,0.0,0.0,72897.07
1775863487.733,287.733,0.99,0.99,0.01,0.01,0.0,0.0,72897.07
1775863488.315,288.315,0.99,0.99,0.01,0.01,0.0,0.0,72897.76
1775863489.097,289.097,0.99,0.99,0.01,0.01,0.0,0.0,72897.99
1775863489.682,289.682,0.99,0.99,0.01,0.01,0.0,0.0,72897.99
1775863490.223,290.223,0.99,0.99,0.01,0.01,0.0,0.0,72899.57
1775863490.77,290.77,0.99,0.99,0.01,0.01,0.0,0.0,72899.57
1775863491.521,291.521,0.99,0.99,0.01,0.01,0.0,0.0,72899.57
1775863491.88,291.88,0.99,0.99,0.01,0.01,0.0,0.0,72899.57
1775863492.384,292.384,0.99,0.99,0.01,0.01,0.0,0.0,72899.62
1775863492.748,292.748,0.99,0.99,0.01,0.01,0.0,0.0,72899.62
1775863493.259,293.259,0.99,0.99,0.01,0.01,0.0,0.0,72899.67
1775863493.603,293.603,0.99,0.99,0.01,0.01,0.0,0.0,72899.67
1775863494.216,294.216,0.99,0.99,0.01,0.01,0.0,0.0,72899.67
1775863494.832,294.832,0.99,0.99,0.01,0.01,0.0,0.0,72899.93
1775863495.433,295.433,0.99,0.99,0.01,0.01,0.0,0.0,72899.94
1775863495.871,295.871,0.99,0.99,0.01,0.01,0.0,0.0,72899.94
1775863496.337,296.337,0.99,0.99,0.01,0.01,0.0,0.0,72899.99
1775863497.785,297.785,0.99,0.99,0.01,0.01,0.0,0.0,72900.13
1775863498.505,298.505,0.99,0.99,0.01,0.01,0.0,0.0,72900.13
1775863499.124,299.124,0.99,0.99,0.01,0.01,0.0,0.0,72900.13
1775863500.479,300.479,0.99,0.99,0.01,0.01,0.0,0.0,72900.0

# RESULT,winner=Up,slug=btc-updown-5m-1775863200,ticks=615
