timestamp,elapsed_sec,up_bid,up_ask,down_bid,down_ask,up_spread,down_spread,btc_price,btc_oracle_ts
1777093800.552,0.552,0.54,0.55,0.45,0.46,0.01,0.01,77555.13,1777093799000
1777093800.902,0.902,0.54,0.55,0.45,0.46,0.01,0.01,77555.13,1777093799000
1777093801.242,1.242,0.54,0.63,0.37,0.46,0.09,0.09,77555.2,1777093800000
1777093801.607,1.607,0.6,0.63,0.37,0.38,0.03,0.01,77555.2,1777093800000
1777093802.171,2.171,0.6,0.61,0.39,0.4,0.01,0.01,77555.2,1777093800000
1777093802.525,2.525,0.6,0.61,0.39,0.4,0.01,0.01,77555.2,1777093800000
1777093803.025,3.025,0.6,0.61,0.39,0.4,0.01,0.01,77555.19,1777093801000
1777093803.393,3.393,0.6,0.61,0.39,0.4,0.01,0.01,77555.19,1777093801000
1777093803.754,3.754,0.6,0.61,0.39,0.4,0.01,0.01,77555.22,1777093802000
1777093804.108,4.108,0.6,0.61,0.39,0.4,0.01,0.01,77555.22,1777093802000
1777093804.551,4.551,0.6,0.61,0.39,0.4,0.01,0.01,77555.22,1777093802000
1777093805.026,5.026,0.6,0.61,0.39,0.4,0.01,0.01,77555.74,1777093803000
1777093805.422,5.422,0.6,0.61,0.39,0.4,0.01,0.01,77555.74,1777093803000
1777093806.275,6.275,0.6,0.61,0.39,0.4,0.01,0.01,77553.9,1777093804000
1777093806.802,6.802,0.6,0.61,0.39,0.4,0.01,0.01,77553.9,1777093805000
1777093807.145,7.145,0.6,0.61,0.39,0.4,0.01,0.01,77553.9,1777093805000
1777093807.485,7.485,0.54,0.56,0.44,0.46,0.02,0.02,77553.9,1777093805000
1777093807.831,7.831,0.54,0.55,0.45,0.46,0.01,0.01,77553.9,1777093806000
1777093808.218,8.218,0.53,0.54,0.45,0.47,0.01,0.02,77553.9,1777093807000
1777093808.639,8.639,0.53,0.54,0.46,0.47,0.01,0.01,77553.9,1777093807000
1777093809.016,9.016,0.53,0.54,0.46,0.47,0.01,0.01,77553.9,1777093807000
1777093809.406,9.406,0.53,0.54,0.46,0.47,0.01,0.01,77552.83,1777093808000
1777093809.805,9.805,0.53,0.54,0.46,0.47,0.01,0.01,77552.83,1777093808000
1777093810.333,10.333,0.53,0.54,0.46,0.47,0.01,0.01,77552.83,1777093808000
1777093810.747,10.747,0.52,0.54,0.46,0.47,0.02,0.01,77551.35,1777093809000
1777093811.086,11.086,0.52,0.53,0.47,0.48,0.01,0.01,77551.35,1777093810000
1777093811.466,11.466,0.52,0.53,0.47,0.48,0.01,0.01,77551.35,1777093810000
1777093811.908,11.908,0.51,0.52,0.48,0.49,0.01,0.01,77551.35,1777093810000
1777093812.269,12.269,0.51,0.52,0.48,0.49,0.01,0.01,77551.5,1777093811000
1777093812.675,12.675,0.51,0.52,0.48,0.49,0.01,0.01,77551.5,1777093811000
1777093813.009,13.009,0.51,0.52,0.48,0.49,0.01,0.01,77551.5,1777093811000
1777093813.911,13.911,0.51,0.52,0.48,0.49,0.01,0.01,77551.65,1777093812000
1777093814.32,14.32,0.51,0.52,0.48,0.49,0.01,0.01,77551.65,1777093812000
1777093814.709,14.709,0.51,0.52,0.48,0.49,0.01,0.01,77551.65,1777093813000
1777093815.051,15.051,0.51,0.52,0.48,0.49,0.01,0.01,77551.56,1777093814000
1777093815.529,15.529,0.51,0.52,0.48,0.49,0.01,0.01,77551.56,1777093814000
1777093816.029,16.029,0.51,0.52,0.48,0.49,0.01,0.01,77551.56,1777093814000
1777093816.647,16.647,0.51,0.52,0.48,0.49,0.01,0.01,77550.53,1777093815000
1777093817.128,17.128,0.51,0.52,0.48,0.49,0.01,0.01,77550.53,1777093815000
1777093818.112,18.112,0.51,0.52,0.48,0.49,0.01,0.01,77550.53,1777093816000
1777093818.555,18.555,0.51,0.52,0.48,0.49,0.01,0.01,77550.69,1777093817000
1777093819.197,19.197,0.51,0.52,0.48,0.49,0.01,0.01,77550.69,1777093817000
1777093819.862,19.862,0.51,0.52,0.48,0.49,0.01,0.01,77550.77,1777093818000
1777093820.582,20.582,0.51,0.52,0.48,0.49,0.01,0.01,77549.29,1777093819000
1777093820.975,20.975,0.51,0.52,0.48,0.49,0.01,0.01,77549.29,1777093819000
1777093821.607,21.607,0.51,0.52,0.48,0.49,0.01,0.01,77550.25,1777093820000
1777093821.977,21.977,0.51,0.52,0.48,0.49,0.01,0.01,77550.25,1777093820000
1777093822.355,22.355,0.51,0.52,0.48,0.49,0.01,0.01,77550.24,1777093821000
1777093822.746,22.746,0.5,0.51,0.48,0.5,0.01,0.02,77550.24,1777093821000
1777093823.174,23.174,0.5,0.51,0.49,0.5,0.01,0.01,77550.24,1777093822000
1777093823.527,23.527,0.5,0.51,0.49,0.5,0.01,0.01,77550.24,1777093822000
1777093824.085,24.085,0.5,0.51,0.49,0.5,0.01,0.01,77550.28,1777093823000
1777093824.665,24.665,0.5,0.51,0.49,0.5,0.01,0.01,77550.28,1777093823000
1777093825.168,25.168,0.5,0.51,0.49,0.5,0.01,0.01,77550.26,1777093824000
1777093825.544,25.544,0.5,0.51,0.49,0.5,0.01,0.01,77550.26,1777093824000
1777093826.185,26.185,0.5,0.51,0.49,0.5,0.01,0.01,77550.22,1777093825000
1777093826.537,26.537,0.5,0.51,0.49,0.5,0.01,0.01,77550.22,1777093825000
1777093827.21,27.21,0.5,0.51,0.49,0.5,0.01,0.01,77550.22,1777093825000
1777093827.722,27.722,0.5,0.51,0.49,0.5,0.01,0.01,77550.16,1777093826000
1777093828.228,28.228,0.5,0.51,0.49,0.5,0.01,0.01,77550.16,1777093826000
1777093828.699,28.699,0.4,0.41,0.59,0.6,0.01,0.01,77550.15,1777093827000
1777093829.034,29.034,0.4,0.41,0.59,0.6,0.01,0.01,77550.15,1777093827000
1777093829.368,29.368,0.4,0.41,0.59,0.6,0.01,0.01,77550.15,1777093827000
1777093829.787,29.787,0.4,0.41,0.59,0.6,0.01,0.01,77549.53,1777093828000
1777093830.141,30.141,0.4,0.41,0.59,0.6,0.01,0.01,77546.09,1777093829000
1777093830.481,30.481,0.4,0.41,0.59,0.6,0.01,0.01,77546.09,1777093829000
1777093830.919,30.919,0.4,0.41,0.59,0.6,0.01,0.01,77546.09,1777093829000
1777093831.633,31.633,0.4,0.41,0.59,0.6,0.01,0.01,77543.97,1777093830000
1777093832.037,32.037,0.4,0.41,0.59,0.6,0.01,0.01,77543.97,1777093830000
1777093832.393,32.393,0.39,0.4,0.6,0.61,0.01,0.01,77543.36,1777093831000
1777093832.735,32.735,0.38,0.39,0.61,0.62,0.01,0.01,77543.36,1777093831000
1777093833.103,33.103,0.36,0.38,0.62,0.64,0.02,0.02,77543.36,1777093832000
1777093833.697,33.697,0.34,0.38,0.62,0.64,0.04,0.02,77543.36,1777093832000
1777093834.186,34.186,0.28,0.32,0.68,0.72,0.04,0.04,77543.29,1777093833000
1777093835.082,35.082,0.31,0.32,0.68,0.72,0.01,0.04,77543.29,1777093833000
1777093835.417,35.417,0.3,0.31,0.69,0.73,0.01,0.04,77543.29,1777093833000
1777093835.753,35.753,0.28,0.29,0.71,0.73,0.01,0.02,77543.29,1777093833000
1777093836.29,36.29,0.26,0.27,0.72,0.73,0.01,0.01,77536.24,1777093835000
1777093836.624,36.624,0.26,0.27,0.73,0.74,0.01,0.01,77536.24,1777093835000
1777093837.016,37.016,0.26,0.27,0.73,0.74,0.01,0.01,77536.24,1777093835000
1777093837.426,37.426,0.26,0.27,0.73,0.74,0.01,0.01,77535.1,1777093836000
1777093837.857,37.857,0.26,0.27,0.73,0.74,0.01,0.01,77535.1,1777093836000
1777093838.274,38.274,0.26,0.27,0.73,0.74,0.01,0.01,77533.98,1777093837000
1777093838.694,38.694,0.26,0.27,0.73,0.74,0.01,0.01,77533.98,1777093837000
1777093839.154,39.154,0.26,0.27,0.73,0.74,0.01,0.01,77533.98,1777093837000
1777093839.491,39.491,0.26,0.27,0.73,0.74,0.01,0.01,77533.98,1777093838000
1777093840.177,40.177,0.26,0.27,0.73,0.74,0.01,0.01,77533.98,1777093838000
1777093840.84,40.84,0.26,0.27,0.73,0.74,0.01,0.01,77534.76,1777093839000
1777093841.264,41.264,0.26,0.27,0.73,0.74,0.01,0.01,77534.76,1777093839000
1777093842.095,42.095,0.26,0.27,0.73,0.74,0.01,0.01,77534.71,1777093840000
1777093842.51,42.51,0.26,0.27,0.73,0.75,0.01,0.02,77534.71,1777093841000
1777093842.853,42.853,0.26,0.27,0.73,0.75,0.01,0.02,77534.71,1777093841000
1777093843.203,43.203,0.25,0.26,0.74,0.75,0.01,0.01,77534.71,1777093841000
1777093843.891,43.891,0.25,0.26,0.74,0.75,0.01,0.01,77534.99,1777093842000
1777093845.031,45.031,0.25,0.26,0.74,0.75,0.01,0.01,77534.99,1777093843000
1777093845.371,45.371,0.26,0.27,0.73,0.74,0.01,0.01,77534.99,1777093843000
1777093846.035,46.035,0.25,0.26,0.73,0.75,0.01,0.02,77535.06,1777093844000
1777093846.455,46.455,0.25,0.26,0.74,0.75,0.01,0.01,77535.14,1777093845000
1777093846.831,46.831,0.25,0.27,0.74,0.75,0.02,0.01,77535.14,1777093845000
1777093847.238,47.238,0.25,0.26,0.74,0.75,0.01,0.01,77535.14,1777093845000
1777093847.699,47.699,0.25,0.26,0.74,0.75,0.01,0.01,77535.09,1777093846000
1777093848.161,48.161,0.25,0.28,0.72,0.75,0.03,0.03,77535.06,1777093847000
1777093848.616,48.616,0.27,0.28,0.72,0.73,0.01,0.01,77535.06,1777093847000
1777093849.482,49.482,0.27,0.28,0.72,0.73,0.01,0.01,77534.75,1777093848000
1777093849.938,49.938,0.27,0.28,0.72,0.73,0.01,0.01,77534.75,1777093848000
1777093850.351,50.351,0.26,0.28,0.72,0.73,0.02,0.01,77534.75,1777093849000
1777093850.832,50.832,0.26,0.27,0.73,0.74,0.01,0.01,77534.75,1777093849000
1777093851.845,51.845,0.27,0.28,0.72,0.73,0.01,0.01,77534.9,1777093850000
1777093852.323,52.323,0.27,0.28,0.72,0.73,0.01,0.01,77534.79,1777093851000
1777093852.739,52.739,0.27,0.28,0.72,0.73,0.01,0.01,77534.79,1777093851000
1777093853.188,53.188,0.26,0.27,0.72,0.74,0.01,0.02,77534.79,1777093851000
1777093853.669,53.669,0.26,0.27,0.73,0.74,0.01,0.01,77534.63,1777093852000
1777093854.06,54.06,0.26,0.27,0.73,0.74,0.01,0.01,77533.77,1777093853000
1777093854.597,54.597,0.26,0.27,0.73,0.74,0.01,0.01,77533.77,1777093853000
1777093855.174,55.174,0.26,0.27,0.73,0.74,0.01,0.01,77533.47,1777093854000
1777093855.98,55.98,0.25,0.26,0.73,0.75,0.01,0.02,77533.47,1777093854000
1777093856.374,56.374,0.25,0.26,0.74,0.75,0.01,0.01,77533.47,1777093855000
1777093857.353,57.353,0.25,0.26,0.74,0.75,0.01,0.01,77533.47,1777093855000
1777093858.165,58.165,0.25,0.26,0.74,0.75,0.01,0.01,77533.47,1777093856000
1777093858.543,58.543,0.25,0.28,0.72,0.75,0.03,0.03,77533.47,1777093857000
1777093858.923,58.923,0.25,0.26,0.73,0.75,0.01,0.02,77533.47,1777093857000
1777093859.264,59.264,0.25,0.26,0.74,0.75,0.01,0.01,77533.47,1777093858000
1777093859.73,59.73,0.25,0.26,0.74,0.75,0.01,0.01,77533.47,1777093858000
1777093860.093,60.093,0.25,0.26,0.74,0.75,0.01,0.01,77533.47,1777093859000
1777093860.495,60.495,0.25,0.26,0.74,0.75,0.01,0.01,77533.47,1777093859000
1777093860.933,60.933,0.25,0.26,0.74,0.75,0.01,0.01,77533.47,1777093859000
1777093861.323,61.323,0.25,0.26,0.74,0.75,0.01,0.01,77533.47,1777093860000
1777093861.692,61.692,0.24,0.25,0.74,0.76,0.01,0.02,77533.47,1777093860000
1777093862.291,62.291,0.24,0.25,0.75,0.76,0.01,0.01,77533.47,1777093861000
1777093862.898,62.898,0.24,0.25,0.75,0.76,0.01,0.01,77533.47,1777093861000
1777093863.232,63.232,0.24,0.25,0.75,0.76,0.01,0.01,77533.47,1777093861000
1777093863.855,63.855,0.24,0.25,0.75,0.76,0.01,0.01,77533.47,1777093862000
1777093864.715,64.715,0.23,0.24,0.75,0.77,0.01,0.02,77533.47,1777093863000
1777093865.197,65.197,0.23,0.24,0.76,0.77,0.01,0.01,77533.47,1777093863000
1777093865.73,65.73,0.23,0.24,0.76,0.77,0.01,0.01,77533.45,1777093864000
1777093866.264,66.264,0.23,0.24,0.76,0.77,0.01,0.01,77533.45,1777093864000
1777093867.366,67.366,0.23,0.24,0.76,0.77,0.01,0.01,77533.45,1777093865000
1777093867.89,67.89,0.23,0.24,0.76,0.77,0.01,0.01,77533.44,1777093866000
1777093868.243,68.243,0.23,0.24,0.76,0.77,0.01,0.01,77533.44,1777093867000
1777093868.802,68.802,0.23,0.24,0.76,0.77,0.01,0.01,77533.44,1777093867000
1777093869.143,69.143,0.23,0.24,0.76,0.77,0.01,0.01,77533.44,1777093868000
1777093870.019,70.019,0.23,0.24,0.76,0.77,0.01,0.01,77533.44,1777093868000
1777093870.753,70.753,0.23,0.24,0.76,0.77,0.01,0.01,77533.44,1777093869000
1777093871.217,71.217,0.23,0.24,0.76,0.77,0.01,0.01,77533.44,1777093869000
1777093871.561,71.561,0.23,0.24,0.76,0.77,0.01,0.01,77533.43,1777093870000
1777093871.978,71.978,0.23,0.24,0.76,0.77,0.01,0.01,77533.43,1777093871000
1777093872.42,72.42,0.23,0.24,0.76,0.77,0.01,0.01,77533.43,1777093871000
1777093872.922,72.922,0.23,0.24,0.76,0.77,0.01,0.01,77533.43,1777093871000
1777093873.315,73.315,0.22,0.23,0.77,0.78,0.01,0.01,77533.43,1777093872000
1777093873.689,73.689,0.22,0.23,0.77,0.78,0.01,0.01,77533.43,1777093872000
1777093874.03,74.03,0.22,0.23,0.77,0.78,0.01,0.01,77532.03,1777093873000
1777093874.451,74.451,0.22,0.23,0.77,0.78,0.01,0.01,77532.03,1777093873000
1777093874.842,74.842,0.22,0.23,0.77,0.78,0.01,0.01,77532.03,1777093873000
1777093875.198,75.198,0.22,0.23,0.77,0.78,0.01,0.01,77531.89,1777093874000
1777093875.604,75.604,0.22,0.23,0.77,0.78,0.01,0.01,77531.89,1777093874000
1777093876.066,76.066,0.22,0.23,0.77,0.78,0.01,0.01,77531.89,1777093875000
1777093876.498,76.498,0.22,0.23,0.77,0.78,0.01,0.01,77531.89,1777093875000
1777093876.871,76.871,0.22,0.23,0.77,0.78,0.01,0.01,77531.89,1777093875000
1777093877.268,77.268,0.22,0.23,0.77,0.78,0.01,0.01,77531.84,1777093876000
1777093877.637,77.637,0.22,0.23,0.77,0.78,0.01,0.01,77531.84,1777093876000
1777093878.035,78.035,0.22,0.23,0.77,0.78,0.01,0.01,77531.84,1777093876000
1777093878.39,78.39,0.22,0.23,0.77,0.78,0.01,0.01,77532,1777093877000
1777093879.116,79.116,0.21,0.22,0.77,0.79,0.01,0.02,77532,1777093877000
1777093879.55,79.55,0.21,0.22,0.78,0.79,0.01,0.01,77531.99,1777093878000
1777093880.283,80.283,0.21,0.23,0.78,0.79,0.02,0.01,77531.99,1777093878000
1777093880.654,80.654,0.27,0.28,0.72,0.73,0.01,0.01,77531.35,1777093879000
1777093881.01,81.01,0.27,0.28,0.72,0.73,0.01,0.01,77531.35,1777093879000
1777093881.407,81.407,0.27,0.28,0.72,0.73,0.01,0.01,77531.35,1777093879000
1777093881.924,81.924,0.27,0.28,0.72,0.73,0.01,0.01,77531.35,1777093880000
1777093882.427,82.427,0.27,0.28,0.72,0.73,0.01,0.01,77533.68,1777093881000
1777093882.952,82.952,0.27,0.28,0.72,0.73,0.01,0.01,77533.68,1777093881000
1777093883.457,83.457,0.26,0.28,0.72,0.74,0.02,0.02,77537.82,1777093882000
1777093884.132,84.132,0.26,0.27,0.73,0.74,0.01,0.01,77537.84,1777093883000
1777093885.046,85.046,0.26,0.27,0.73,0.74,0.01,0.01,77538.12,1777093884000
1777093885.429,85.429,0.26,0.27,0.73,0.74,0.01,0.01,77538.12,1777093884000
1777093885.848,85.848,0.26,0.27,0.73,0.74,0.01,0.01,77538.12,1777093884000
1777093886.682,86.682,0.26,0.27,0.73,0.74,0.01,0.01,77538.4,1777093885000
1777093887.066,87.066,0.26,0.27,0.73,0.74,0.01,0.01,77538.4,1777093885000
1777093887.459,87.459,0.26,0.27,0.73,0.74,0.01,0.01,77538.51,1777093886000
1777093887.817,87.817,0.27,0.28,0.72,0.73,0.01,0.01,77538.51,1777093886000
1777093888.598,88.598,0.27,0.28,0.72,0.73,0.01,0.01,77538.51,1777093887000
1777093889.076,89.076,0.27,0.28,0.72,0.73,0.01,0.01,77538.01,1777093888000
1777093889.489,89.489,0.27,0.28,0.72,0.73,0.01,0.01,77538.01,1777093888000
1777093890.082,90.082,0.27,0.28,0.72,0.73,0.01,0.01,77538.01,1777093888000
1777093890.66,90.66,0.27,0.28,0.72,0.73,0.01,0.01,77538.77,1777093889000
1777093891.267,91.267,0.27,0.28,0.72,0.73,0.01,0.01,77538.41,1777093890000
1777093891.922,91.922,0.27,0.28,0.72,0.73,0.01,0.01,77538.41,1777093890000
1777093892.408,92.408,0.27,0.28,0.72,0.73,0.01,0.01,77538.39,1777093891000
1777093892.908,92.908,0.27,0.28,0.72,0.73,0.01,0.01,77538.39,1777093891000
1777093893.328,93.328,0.27,0.28,0.72,0.73,0.01,0.01,77538.39,1777093892000
1777093894.039,94.039,0.27,0.28,0.72,0.73,0.01,0.01,77538.39,1777093892000
1777093895.341,95.341,0.27,0.28,0.72,0.73,0.01,0.01,77538.42,1777093893000
1777093895.683,95.683,0.27,0.28,0.72,0.73,0.01,0.01,77538.43,1777093894000
1777093897.131,97.131,0.27,0.28,0.72,0.73,0.01,0.01,77538.33,1777093895000
1777093897.539,97.539,0.27,0.28,0.72,0.73,0.01,0.01,77538.38,1777093896000
1777093898.086,98.086,0.25,0.26,0.74,0.75,0.01,0.01,77538.38,1777093896000
1777093898.639,98.639,0.24,0.26,0.74,0.76,0.02,0.02,77538.46,1777093897000
1777093899.225,99.225,0.24,0.26,0.74,0.76,0.02,0.02,77537.63,1777093898000
1777093899.626,99.626,0.24,0.25,0.75,0.76,0.01,0.01,77537.63,1777093898000
1777093899.964,99.964,0.23,0.25,0.75,0.76,0.02,0.01,77537.63,1777093898000
1777093900.404,100.404,0.24,0.25,0.75,0.76,0.01,0.01,77537.23,1777093899000
1777093900.767,100.767,0.24,0.25,0.75,0.76,0.01,0.01,77537.23,1777093899000
1777093901.41,101.41,0.24,0.25,0.75,0.76,0.01,0.01,77537.09,1777093900000
1777093901.776,101.776,0.23,0.24,0.76,0.77,0.01,0.01,77537.09,1777093900000
1777093902.124,102.124,0.23,0.24,0.76,0.77,0.01,0.01,77537.09,1777093901000
1777093902.516,102.516,0.22,0.24,0.76,0.77,0.02,0.01,77537.09,1777093901000
1777093902.856,102.856,0.22,0.23,0.76,0.78,0.01,0.02,77537.09,1777093901000
1777093903.282,103.282,0.22,0.23,0.77,0.78,0.01,0.01,77536.97,1777093902000
1777093904.394,104.394,0.22,0.23,0.77,0.78,0.01,0.01,77536.27,1777093903000
1777093904.739,104.739,0.22,0.23,0.77,0.78,0.01,0.01,77536.27,1777093903000
1777093905.22,105.22,0.22,0.23,0.77,0.78,0.01,0.01,77533.64,1777093904000
1777093905.978,105.978,0.22,0.23,0.77,0.78,0.01,0.01,77533.64,1777093904000
1777093906.439,106.439,0.22,0.23,0.77,0.78,0.01,0.01,77533.41,1777093905000
1777093906.852,106.852,0.22,0.23,0.77,0.78,0.01,0.01,77533.41,1777093905000
1777093907.342,107.342,0.22,0.23,0.77,0.78,0.01,0.01,77533.41,1777093906000
1777093907.744,107.744,0.22,0.23,0.77,0.78,0.01,0.01,77533.41,1777093906000
1777093908.094,108.094,0.19,0.2,0.8,0.81,0.01,0.01,77533.41,1777093906000
1777093908.459,108.459,0.19,0.2,0.8,0.81,0.01,0.01,77533.41,1777093907000
1777093908.823,108.823,0.19,0.2,0.8,0.81,0.01,0.01,77533.41,1777093907000
1777093909.449,109.449,0.18,0.19,0.8,0.81,0.01,0.01,77533.41,1777093907000
1777093909.9,109.9,0.18,0.19,0.81,0.82,0.01,0.01,77529.9,1777093908000
1777093910.277,110.277,0.18,0.19,0.81,0.82,0.01,0.01,77529.9,1777093909000
1777093910.636,110.636,0.18,0.19,0.81,0.82,0.01,0.01,77529.9,1777093909000
1777093911.04,111.04,0.18,0.19,0.81,0.82,0.01,0.01,77529.9,1777093909000
1777093911.919,111.919,0.18,0.19,0.81,0.82,0.01,0.01,77527.59,1777093910000
1777093912.307,112.307,0.17,0.19,0.81,0.83,0.02,0.02,77527.59,1777093910000
1777093912.843,112.843,0.17,0.18,0.82,0.83,0.01,0.01,77528.6,1777093911000
1777093913.441,113.441,0.17,0.18,0.82,0.83,0.01,0.01,77528.6,1777093911000
1777093913.841,113.841,0.17,0.18,0.82,0.83,0.01,0.01,77528.6,1777093911000
1777093914.243,114.243,0.17,0.18,0.82,0.83,0.01,0.01,77528.37,1777093913000
1777093914.677,114.677,0.16,0.18,0.82,0.84,0.02,0.02,77528.37,1777093913000
1777093915.119,115.119,0.16,0.17,0.83,0.84,0.01,0.01,77529.59,1777093914000
1777093916.331,116.331,0.16,0.17,0.83,0.84,0.01,0.01,77529.59,1777093915000
1777093917.394,117.394,0.16,0.17,0.83,0.84,0.01,0.01,77529.59,1777093915000
1777093917.995,117.995,0.16,0.17,0.83,0.84,0.01,0.01,77527.88,1777093917000
1777093918.395,118.395,0.16,0.17,0.83,0.84,0.01,0.01,77527.88,1777093917000
1777093918.755,118.755,0.16,0.17,0.83,0.84,0.01,0.01,77527.88,1777093917000
1777093919.114,119.114,0.17,0.18,0.82,0.83,0.01,0.01,77527.8,1777093918000
1777093919.534,119.534,0.16,0.18,0.82,0.84,0.02,0.02,77527.8,1777093918000
1777093919.887,119.887,0.16,0.17,0.83,0.84,0.01,0.01,77527.8,1777093918000
1777093920.232,120.232,0.16,0.17,0.83,0.84,0.01,0.01,77527.7,1777093919000
1777093920.594,120.594,0.15,0.16,0.84,0.85,0.01,0.01,77527.7,1777093919000
1777093920.999,120.999,0.15,0.16,0.84,0.85,0.01,0.01,77527.7,1777093919000
1777093921.654,121.654,0.15,0.16,0.84,0.85,0.01,0.01,77527.7,1777093919000
1777093922.127,122.127,0.15,0.16,0.84,0.85,0.01,0.01,77527.63,1777093920000
1777093922.499,122.499,0.15,0.16,0.84,0.85,0.01,0.01,77527.71,1777093921000
1777093922.834,122.834,0.15,0.16,0.84,0.85,0.01,0.01,77527.71,1777093921000
1777093923.605,123.605,0.15,0.16,0.84,0.86,0.01,0.02,77529.64,1777093922000
1777093923.97,123.97,0.14,0.16,0.84,0.86,0.02,0.02,77529.64,1777093922000
1777093924.454,124.454,0.14,0.15,0.85,0.86,0.01,0.01,77529.64,1777093923000
1777093924.911,124.911,0.14,0.15,0.85,0.86,0.01,0.01,77529.64,1777093923000
1777093925.354,125.354,0.14,0.15,0.85,0.86,0.01,0.01,77529.64,1777093923000
1777093925.875,125.875,0.14,0.15,0.85,0.86,0.01,0.01,77527.94,1777093924000
1777093926.217,126.217,0.14,0.15,0.85,0.86,0.01,0.01,77527.94,1777093925000
1777093926.693,126.693,0.14,0.15,0.85,0.86,0.01,0.01,77527.94,1777093925000
1777093927.106,127.106,0.14,0.15,0.85,0.86,0.01,0.01,77527.94,1777093925000
1777093927.519,127.519,0.14,0.15,0.85,0.86,0.01,0.01,77527.94,1777093925000
1777093927.877,127.877,0.14,0.15,0.85,0.86,0.01,0.01,77527.94,1777093925000
1777093928.364,128.364,0.14,0.15,0.85,0.86,0.01,0.01,77527.94,1777093925000
1777093928.708,128.708,0.14,0.15,0.85,0.86,0.01,0.01,77529.04,1777093927000
1777093929.121,129.121,0.14,0.15,0.85,0.86,0.01,0.01,77529.04,1777093927000
1777093929.477,129.477,0.14,0.15,0.85,0.86,0.01,0.01,77529.04,1777093927000
1777093929.861,129.861,0.12,0.13,0.87,0.88,0.01,0.01,77529.04,1777093928000
1777093930.278,130.278,0.11,0.13,0.87,0.89,0.02,0.02,77529.04,1777093928000
1777093930.676,130.676,0.11,0.12,0.88,0.89,0.01,0.01,77526.1,1777093929000
1777093931.03,131.03,0.11,0.12,0.88,0.89,0.01,0.01,77526.1,1777093929000
1777093931.716,131.716,0.11,0.12,0.88,0.89,0.01,0.01,77526.22,1777093930000
1777093932.153,132.153,0.11,0.12,0.88,0.89,0.01,0.01,77526.22,1777093930000
1777093932.525,132.525,0.11,0.12,0.88,0.89,0.01,0.01,77526.02,1777093931000
1777093933.071,133.071,0.11,0.12,0.88,0.89,0.01,0.01,77526.02,1777093931000
1777093934.131,134.131,0.11,0.12,0.88,0.89,0.01,0.01,77526.46,1777093932000
1777093934.687,134.687,0.11,0.12,0.88,0.89,0.01,0.01,77526.58,1777093933000
1777093935.334,135.334,0.11,0.12,0.88,0.89,0.01,0.01,77526.58,1777093933000
1777093935.735,135.735,0.11,0.12,0.88,0.89,0.01,0.01,77526.71,1777093934000
1777093936.263,136.263,0.11,0.12,0.88,0.89,0.01,0.01,77526.92,1777093935000
1777093936.656,136.656,0.11,0.12,0.88,0.89,0.01,0.01,77526.92,1777093935000
1777093937.171,137.171,0.11,0.12,0.88,0.89,0.01,0.01,77526.92,1777093935000
1777093937.605,137.605,0.11,0.12,0.88,0.89,0.01,0.01,77526.85,1777093936000
1777093937.99,137.99,0.11,0.12,0.88,0.89,0.01,0.01,77526.85,1777093936000
1777093939.726,139.726,0.11,0.12,0.88,0.89,0.01,0.01,77527.01,1777093938000
1777093940.319,140.319,0.11,0.12,0.88,0.89,0.01,0.01,77527.01,1777093939000
1777093941.912,141.912,0.11,0.12,0.88,0.89,0.01,0.01,77528.04,1777093940000
1777093942.251,142.251,0.11,0.12,0.88,0.89,0.01,0.01,77528.04,1777093940000
1777093943.378,143.378,0.11,0.12,0.88,0.89,0.01,0.01,77527.98,1777093942000
1777093944.648,144.648,0.11,0.12,0.88,0.89,0.01,0.01,77527.86,1777093943000
1777093945.307,145.307,0.11,0.12,0.88,0.89,0.01,0.01,77527.86,1777093943000
1777093945.87,145.87,0.11,0.12,0.88,0.89,0.01,0.01,77527.86,1777093944000
1777093946.304,146.304,0.11,0.12,0.88,0.89,0.01,0.01,77527.52,1777093945000
1777093947.109,147.109,0.11,0.12,0.88,0.89,0.01,0.01,77527.52,1777093945000
1777093947.493,147.493,0.11,0.12,0.88,0.89,0.01,0.01,77527.45,1777093946000
1777093947.888,147.888,0.11,0.12,0.88,0.89,0.01,0.01,77527.45,1777093946000
1777093949.129,149.129,0.11,0.12,0.88,0.89,0.01,0.01,77527.81,1777093948000
1777093949.465,149.465,0.1,0.11,0.89,0.9,0.01,0.01,77527.81,1777093948000
1777093949.888,149.888,0.1,0.11,0.89,0.9,0.01,0.01,77527.81,1777093948000
1777093950.264,150.264,0.1,0.11,0.89,0.9,0.01,0.01,77527.73,1777093949000
1777093950.631,150.631,0.1,0.11,0.89,0.9,0.01,0.01,77527.73,1777093949000
1777093951.241,151.241,0.1,0.11,0.89,0.9,0.01,0.01,77527.56,1777093950000
1777093952.222,152.222,0.1,0.11,0.89,0.9,0.01,0.01,77527.56,1777093951000
1777093952.571,152.571,0.1,0.11,0.89,0.9,0.01,0.01,77527.56,1777093951000
1777093952.938,152.938,0.09,0.1,0.9,0.91,0.01,0.01,77527.56,1777093951000
1777093953.273,153.273,0.08,0.09,0.91,0.92,0.01,0.01,77527.56,1777093951000
1777093953.693,153.693,0.07,0.08,0.92,0.93,0.01,0.01,77527.69,1777093952000
1777093954.572,154.572,0.07,0.08,0.92,0.93,0.01,0.01,77527.49,1777093953000
1777093954.93,154.93,0.07,0.08,0.92,0.93,0.01,0.01,77527.49,1777093953000
1777093955.421,155.421,0.07,0.08,0.92,0.93,0.01,0.01,77525.97,1777093954000
1777093956.145,156.145,0.07,0.08,0.92,0.93,0.01,0.01,77525.97,1777093954000
1777093956.576,156.576,0.07,0.08,0.92,0.93,0.01,0.01,77523.05,1777093955000
1777093957.047,157.047,0.07,0.08,0.92,0.93,0.01,0.01,77523.05,1777093955000
1777093957.899,157.899,0.07,0.08,0.92,0.93,0.01,0.01,77522.05,1777093957000
1777093958.337,158.337,0.07,0.08,0.92,0.93,0.01,0.01,77522.05,1777093957000
1777093959.116,159.116,0.06,0.08,0.92,0.94,0.02,0.02,77522.25,1777093958000
1777093959.51,159.51,0.06,0.07,0.93,0.94,0.01,0.01,77522.25,1777093958000
1777093960.19,160.19,0.06,0.07,0.93,0.94,0.01,0.01,77522.4,1777093959000
1777093961.391,161.391,0.06,0.07,0.93,0.94,0.01,0.01,77522.33,1777093960000
1777093961.747,161.747,0.06,0.07,0.93,0.94,0.01,0.01,77522.33,1777093960000
1777093962.345,162.345,0.06,0.07,0.93,0.94,0.01,0.01,77522.33,1777093960000
1777093962.686,162.686,0.06,0.07,0.93,0.95,0.01,0.02,77520.88,1777093961000
1777093963.487,163.487,0.05,0.07,0.93,0.95,0.02,0.02,77522.44,1777093962000
1777093963.879,163.879,0.05,0.06,0.94,0.95,0.01,0.01,77522.44,1777093962000
1777093964.272,164.272,0.05,0.06,0.94,0.95,0.01,0.01,77522.44,1777093963000
1777093964.69,164.69,0.05,0.06,0.94,0.95,0.01,0.01,77522.44,1777093963000
1777093965.279,165.279,0.05,0.06,0.94,0.95,0.01,0.01,77518.72,1777093964000
1777093965.765,165.765,0.05,0.06,0.94,0.95,0.01,0.01,77518.72,1777093964000
1777093966.18,166.18,0.05,0.06,0.94,0.95,0.01,0.01,77518.72,1777093964000
1777093966.561,166.561,0.05,0.06,0.94,0.95,0.01,0.01,77513.52,1777093965000
1777093967.169,167.169,0.05,0.06,0.94,0.95,0.01,0.01,77513.52,1777093966000
1777093967.681,167.681,0.05,0.06,0.94,0.95,0.01,0.01,77513.52,1777093966000
1777093968.274,168.274,0.05,0.06,0.94,0.95,0.01,0.01,77513.52,1777093967000
1777093968.739,168.739,0.05,0.06,0.94,0.95,0.01,0.01,77513.52,1777093967000
1777093969.157,169.157,0.05,0.06,0.94,0.95,0.01,0.01,77513.52,1777093967000
1777093969.563,169.563,0.05,0.06,0.94,0.95,0.01,0.01,77513.52,1777093968000
1777093970.262,170.262,0.05,0.06,0.94,0.95,0.01,0.01,77513.52,1777093969000
1777093970.682,170.682,0.05,0.06,0.94,0.95,0.01,0.01,77513.52,1777093969000
1777093971.022,171.022,0.05,0.06,0.94,0.95,0.01,0.01,77513.51,1777093970000
1777093971.631,171.631,0.04,0.05,0.94,0.96,0.01,0.02,77513.51,1777093970000
1777093972.145,172.145,0.04,0.05,0.95,0.96,0.01,0.01,77513.5,1777093971000
1777093972.481,172.481,0.04,0.05,0.95,0.96,0.01,0.01,77513.5,1777093971000
1777093973.24,173.24,0.04,0.05,0.95,0.96,0.01,0.01,77513.51,1777093972000
1777093973.577,173.577,0.04,0.05,0.95,0.96,0.01,0.01,77513.51,1777093972000
1777093974.359,174.359,0.04,0.05,0.95,0.96,0.01,0.01,77513.51,1777093973000
1777093974.915,174.915,0.04,0.05,0.95,0.96,0.01,0.01,77513.51,1777093974000
1777093975.316,175.316,0.04,0.05,0.95,0.96,0.01,0.01,77513.51,1777093974000
1777093975.659,175.659,0.04,0.05,0.95,0.96,0.01,0.01,77513.51,1777093974000
1777093976.011,176.011,0.04,0.05,0.95,0.96,0.01,0.01,77513.51,1777093974000
1777093976.656,176.656,0.04,0.05,0.95,0.96,0.01,0.01,77513.51,1777093974000
1777093977.245,177.245,0.04,0.05,0.95,0.96,0.01,0.01,77513.51,1777093975000
1777093977.616,177.616,0.04,0.05,0.95,0.96,0.01,0.01,77513.51,1777093976000
1777093978.415,178.415,0.04,0.05,0.95,0.96,0.01,0.01,77513.5,1777093977000
1777093978.749,178.749,0.04,0.06,0.94,0.96,0.02,0.02,77513.5,1777093977000
1777093979.223,179.223,0.04,0.05,0.94,0.96,0.01,0.02,77514.67,1777093978000
1777093979.571,179.571,0.05,0.06,0.94,0.95,0.01,0.01,77514.67,1777093978000
1777093979.923,179.923,0.05,0.06,0.94,0.95,0.01,0.01,77514.67,1777093978000
1777093980.271,180.271,0.05,0.06,0.94,0.95,0.01,0.01,77519.31,1777093979000
1777093980.606,180.606,0.05,0.06,0.94,0.95,0.01,0.01,77519.31,1777093979000
1777093980.955,180.955,0.05,0.06,0.94,0.95,0.01,0.01,77519.31,1777093979000
1777093981.288,181.288,0.06,0.07,0.93,0.94,0.01,0.01,77523.16,1777093980000
1777093981.625,181.625,0.06,0.07,0.93,0.94,0.01,0.01,77523.16,1777093980000
1777093982.016,182.016,0.06,0.07,0.93,0.94,0.01,0.01,77523.16,1777093980000
1777093982.405,182.405,0.06,0.07,0.93,0.94,0.01,0.01,77523.16,1777093981000
1777093982.926,182.926,0.06,0.07,0.93,0.94,0.01,0.01,77523.16,1777093981000
1777093983.27,183.27,0.06,0.07,0.93,0.94,0.01,0.01,77523.16,1777093981000
1777093983.615,183.615,0.06,0.07,0.93,0.94,0.01,0.01,77523.3,1777093982000
1777093984.307,184.307,0.06,0.07,0.93,0.94,0.01,0.01,77523.3,1777093982000
1777093984.645,184.645,0.06,0.07,0.93,0.94,0.01,0.01,77525.13,1777093983000
1777093985.009,185.009,0.06,0.07,0.93,0.94,0.01,0.01,77525.13,1777093984000
1777093985.425,185.425,0.06,0.07,0.93,0.94,0.01,0.01,77525.13,1777093984000
1777093986.151,186.151,0.06,0.07,0.93,0.94,0.01,0.01,77525.16,1777093985000
1777093986.536,186.536,0.06,0.07,0.93,0.94,0.01,0.01,77525.16,1777093985000
1777093986.889,186.889,0.06,0.07,0.93,0.94,0.01,0.01,77525.16,1777093985000
1777093987.286,187.286,0.06,0.07,0.93,0.94,0.01,0.01,77525.16,1777093986000
1777093987.738,187.738,0.06,0.07,0.93,0.94,0.01,0.01,77525.16,1777093986000
1777093988.416,188.416,0.05,0.06,0.94,0.95,0.01,0.01,77525.47,1777093987000
1777093988.797,188.797,0.06,0.07,0.93,0.94,0.01,0.01,77525.47,1777093987000
1777093990.039,190.039,0.06,0.07,0.93,0.94,0.01,0.01,77525.14,1777093989000
1777093990.757,190.757,0.06,0.07,0.93,0.94,0.01,0.01,77525.14,1777093989000
1777093991.158,191.158,0.06,0.07,0.93,0.94,0.01,0.01,77525.14,1777093990000
1777093991.655,191.655,0.06,0.07,0.93,0.94,0.01,0.01,77525.14,1777093990000
1777093992.366,192.366,0.06,0.07,0.93,0.94,0.01,0.01,77525.14,1777093990000
1777093992.806,192.806,0.06,0.07,0.93,0.94,0.01,0.01,77525.45,1777093991000
1777093993.176,193.176,0.05,0.07,0.93,0.95,0.02,0.02,77525.45,1777093991000
1777093994.407,194.407,0.05,0.06,0.94,0.95,0.01,0.01,77525.46,1777093992000
1777093995.442,195.442,0.05,0.06,0.94,0.95,0.01,0.01,77525.45,1777093994000
1777093995.943,195.943,0.05,0.07,0.94,0.95,0.02,0.01,77525.45,1777093994000
1777093996.302,196.302,0.08,0.09,0.91,0.92,0.01,0.01,77525.45,1777093995000
1777093996.677,196.677,0.08,0.09,0.91,0.92,0.01,0.01,77525.45,1777093995000
1777093997.051,197.051,0.08,0.09,0.91,0.92,0.01,0.01,77525.45,1777093995000
1777093997.444,197.444,0.08,0.09,0.91,0.92,0.01,0.01,77525.45,1777093995000
1777093997.824,197.824,0.08,0.09,0.91,0.92,0.01,0.01,77525.08,1777093996000
1777093998.223,198.223,0.08,0.09,0.91,0.92,0.01,0.01,77525.08,1777093996000
1777093998.583,198.583,0.08,0.09,0.91,0.92,0.01,0.01,77525.08,1777093997000
1777093998.957,198.957,0.08,0.09,0.91,0.92,0.01,0.01,77525.08,1777093997000
1777093999.564,199.564,0.08,0.09,0.91,0.92,0.01,0.01,77528.54,1777093998000
1777093999.961,199.961,0.08,0.09,0.91,0.92,0.01,0.01,77528.54,1777093998000
1777094000.315,200.315,0.08,0.09,0.91,0.92,0.01,0.01,77528.54,1777093998000
1777094000.802,200.802,0.08,0.09,0.91,0.92,0.01,0.01,77528.65,1777093999000
1777094001.137,201.137,0.07,0.08,0.92,0.93,0.01,0.01,77528.65,1777094000000
1777094001.499,201.499,0.08,0.1,0.9,0.93,0.02,0.03,77528.65,1777094000000
1777094002.325,202.325,0.07,0.09,0.92,0.93,0.02,0.01,77528.65,1777094000000
1777094002.671,202.671,0.07,0.09,0.91,0.93,0.02,0.02,77528.65,1777094001000
1777094003.263,203.263,0.07,0.09,0.92,0.93,0.02,0.01,77528.65,1777094001000
1777094003.983,203.983,0.08,0.09,0.91,0.93,0.01,0.02,77528.65,1777094002000
1777094004.66,204.66,0.07,0.09,0.91,0.93,0.02,0.02,77528.66,1777094003000
1777094005.168,205.168,0.07,0.08,0.92,0.93,0.01,0.01,77528.66,1777094003000
1777094005.932,205.932,0.07,0.08,0.92,0.93,0.01,0.01,77528.66,1777094004000
1777094006.32,206.32,0.07,0.08,0.92,0.93,0.01,0.01,77528.65,1777094005000
1777094006.971,206.971,0.07,0.08,0.92,0.93,0.01,0.01,77528.65,1777094005000
1777094007.655,207.655,0.07,0.08,0.92,0.93,0.01,0.01,77528.65,1777094006000
1777094008.125,208.125,0.07,0.08,0.92,0.93,0.01,0.01,77528.65,1777094006000
1777094008.867,208.867,0.07,0.08,0.92,0.93,0.01,0.01,77528.65,1777094007000
1777094009.237,209.237,0.07,0.08,0.92,0.93,0.01,0.01,77528.65,1777094007000
1777094009.578,209.578,0.07,0.08,0.92,0.93,0.01,0.01,77528.65,1777094008000
1777094010.009,210.009,0.07,0.08,0.92,0.93,0.01,0.01,77528.65,1777094009000
1777094010.348,210.348,0.07,0.08,0.92,0.93,0.01,0.01,77528.65,1777094009000
1777094010.681,210.681,0.07,0.08,0.92,0.93,0.01,0.01,77528.65,1777094009000
1777094011.163,211.163,0.07,0.08,0.92,0.93,0.01,0.01,77528.65,1777094010000
1777094011.811,211.811,0.06,0.07,0.92,0.94,0.01,0.02,77528.65,1777094010000
1777094012.277,212.277,0.06,0.07,0.93,0.94,0.01,0.01,77528.66,1777094011000
1777094012.685,212.685,0.06,0.07,0.93,0.94,0.01,0.01,77528.66,1777094011000
1777094013.257,213.257,0.06,0.08,0.92,0.94,0.02,0.02,77528.66,1777094011000
1777094013.65,213.65,0.06,0.07,0.93,0.94,0.01,0.01,77528.66,1777094012000
1777094013.998,213.998,0.06,0.07,0.93,0.94,0.01,0.01,77528.61,1777094013000
1777094015.184,215.184,0.06,0.07,0.93,0.94,0.01,0.01,77528.66,1777094014000
1777094015.596,215.596,0.06,0.07,0.93,0.94,0.01,0.01,77528.66,1777094014000
1777094016.249,216.249,0.06,0.07,0.93,0.94,0.01,0.01,77528.66,1777094015000
1777094017.101,217.101,0.06,0.07,0.93,0.94,0.01,0.01,77528.66,1777094015000
1777094017.575,217.575,0.06,0.07,0.93,0.94,0.01,0.01,77528.66,1777094016000
1777094018.058,218.058,0.06,0.07,0.93,0.94,0.01,0.01,77528.66,1777094017000
1777094018.392,218.392,0.06,0.07,0.92,0.94,0.01,0.02,77528.66,1777094017000
1777094019.19,219.19,0.06,0.07,0.93,0.94,0.01,0.01,77528.66,1777094018000
1777094019.725,219.725,0.05,0.07,0.93,0.94,0.02,0.01,77528.66,1777094018000
1777094020.362,220.362,0.05,0.07,0.93,0.95,0.02,0.02,77528.66,1777094019000
1777094020.99,220.99,0.06,0.07,0.93,0.94,0.01,0.01,77528.66,1777094019000
1777094021.451,221.451,0.06,0.07,0.93,0.94,0.01,0.01,77528.66,1777094019000
1777094021.854,221.854,0.05,0.07,0.93,0.94,0.02,0.01,77528.65,1777094020000
1777094022.314,222.314,0.05,0.07,0.93,0.95,0.02,0.02,77528.65,1777094021000
1777094023.154,223.154,0.05,0.06,0.93,0.95,0.01,0.02,77528.65,1777094021000
1777094023.521,223.521,0.05,0.06,0.94,0.95,0.01,0.01,77528.65,1777094022000
1777094024.048,224.048,0.05,0.06,0.94,0.95,0.01,0.01,77528.65,1777094022000
1777094024.462,224.462,0.05,0.06,0.94,0.95,0.01,0.01,77528.65,1777094023000
1777094024.952,224.952,0.05,0.06,0.94,0.95,0.01,0.01,77528.65,1777094023000
1777094025.378,225.378,0.05,0.06,0.94,0.95,0.01,0.01,77528.65,1777094023000
1777094025.725,225.725,0.05,0.06,0.94,0.95,0.01,0.01,77528.65,1777094024000
1777094026.101,226.101,0.05,0.06,0.94,0.95,0.01,0.01,77528.65,1777094025000
1777094027.066,227.066,0.04,0.05,0.94,0.96,0.01,0.02,77528.65,1777094025000
1777094027.651,227.651,0.04,0.06,0.95,0.96,0.02,0.01,77528.65,1777094026000
1777094028.216,228.216,0.04,0.05,0.95,0.96,0.01,0.01,77528.65,1777094026000
1777094028.558,228.558,0.04,0.06,0.95,0.96,0.02,0.01,77528.65,1777094027000
1777094029.017,229.017,0.04,0.06,0.94,0.96,0.02,0.02,77528.65,1777094028000
1777094029.411,229.411,0.04,0.06,0.94,0.96,0.02,0.02,77528.65,1777094028000
1777094029.766,229.766,0.04,0.06,0.94,0.96,0.02,0.02,77528.65,1777094028000
1777094030.187,230.187,0.04,0.05,0.95,0.96,0.01,0.01,77528.65,1777094029000
1777094030.561,230.561,0.04,0.05,0.95,0.96,0.01,0.01,77528.65,1777094029000
1777094031.347,231.347,0.04,0.05,0.95,0.96,0.01,0.01,77528.65,1777094030000
1777094032.591,232.591,0.04,0.05,0.95,0.96,0.01,0.01,77528.65,1777094031000
1777094033.029,233.029,0.04,0.05,0.95,0.96,0.01,0.01,77528.65,1777094031000
1777094034.283,234.283,0.04,0.05,0.95,0.96,0.01,0.01,77528.65,1777094033000
1777094035.034,235.034,0.04,0.05,0.95,0.96,0.01,0.01,77528.65,1777094033000
1777094035.526,235.526,0.04,0.05,0.95,0.96,0.01,0.01,77528.65,1777094034000
1777094036.059,236.059,0.04,0.05,0.95,0.96,0.01,0.01,77528.65,1777094034000
1777094036.483,236.483,0.04,0.05,0.95,0.96,0.01,0.01,77528.65,1777094035000
1777094036.998,236.998,0.04,0.05,0.95,0.96,0.01,0.01,77528.65,1777094035000
1777094037.335,237.335,0.03,0.04,0.96,0.97,0.01,0.01,77528.65,1777094035000
1777094037.675,237.675,0.03,0.04,0.96,0.97,0.01,0.01,77524.5,1777094036000
1777094038.012,238.012,0.03,0.04,0.96,0.97,0.01,0.01,77524.5,1777094037000
1777094038.467,238.467,0.03,0.04,0.96,0.97,0.01,0.01,77524.5,1777094037000
1777094039.005,239.005,0.03,0.04,0.96,0.97,0.01,0.01,77524.5,1777094037000
1777094039.425,239.425,0.03,0.04,0.96,0.97,0.01,0.01,77519.78,1777094038000
1777094039.957,239.957,0.03,0.04,0.96,0.97,0.01,0.01,77519.78,1777094038000
1777094040.479,240.479,0.03,0.04,0.96,0.97,0.01,0.01,77519.78,1777094039000
1777094041.069,241.069,0.03,0.04,0.96,0.97,0.01,0.01,77519.78,1777094040000
1777094041.621,241.621,0.03,0.04,0.96,0.97,0.01,0.01,77519.78,1777094040000
1777094041.99,241.99,0.03,0.04,0.96,0.97,0.01,0.01,77519.78,1777094040000
1777094042.534,242.534,0.03,0.04,0.96,0.97,0.01,0.01,77519.78,1777094041000
1777094043.055,243.055,0.03,0.04,0.96,0.97,0.01,0.01,77519.79,1777094042000
1777094043.458,243.458,0.03,0.04,0.96,0.97,0.01,0.01,77519.79,1777094042000
1777094043.986,243.986,0.03,0.04,0.96,0.97,0.01,0.01,77519.79,1777094042000
1777094044.341,244.341,0.03,0.04,0.96,0.97,0.01,0.01,77519.79,1777094043000
1777094044.744,244.744,0.03,0.04,0.96,0.97,0.01,0.01,77519.79,1777094043000
1777094045.136,245.136,0.03,0.04,0.96,0.97,0.01,0.01,77519.79,1777094044000
1777094045.514,245.514,0.03,0.04,0.96,0.97,0.01,0.01,77519.79,1777094044000
1777094046.107,246.107,0.03,0.04,0.96,0.97,0.01,0.01,77519.79,1777094044000
1777094046.58,246.58,0.03,0.04,0.96,0.97,0.01,0.01,77519.79,1777094045000
1777094047.141,247.141,0.03,0.04,0.96,0.97,0.01,0.01,77519.79,1777094045000
1777094047.607,247.607,0.03,0.04,0.96,0.97,0.01,0.01,77519.79,1777094046000
1777094047.941,247.941,0.03,0.04,0.96,0.97,0.01,0.01,77519.79,1777094046000
1777094048.592,248.592,0.03,0.04,0.96,0.97,0.01,0.01,77519.79,1777094047000
1777094049.043,249.043,0.03,0.04,0.96,0.97,0.01,0.01,77519.79,1777094047000
1777094049.417,249.417,0.03,0.04,0.96,0.97,0.01,0.01,77519.79,1777094048000
1777094049.785,249.785,0.03,0.04,0.96,0.97,0.01,0.01,77519.79,1777094048000
1777094050.128,250.128,0.03,0.04,0.96,0.97,0.01,0.01,77519.79,1777094048000
1777094050.667,250.667,0.03,0.04,0.96,0.97,0.01,0.01,77519.79,1777094049000
1777094051.121,251.121,0.03,0.04,0.96,0.97,0.01,0.01,77519.79,1777094049000
1777094051.486,251.486,0.03,0.04,0.96,0.97,0.01,0.01,77519.79,1777094050000
1777094051.991,251.991,0.03,0.04,0.96,0.97,0.01,0.01,77519.79,1777094050000
1777094052.34,252.34,0.03,0.04,0.96,0.97,0.01,0.01,77519.79,1777094050000
1777094053.281,253.281,0.03,0.04,0.96,0.97,0.01,0.01,77519.78,1777094052000
1777094054.336,254.336,0.03,0.04,0.96,0.97,0.01,0.01,77519.78,1777094053000
1777094054.729,254.729,0.03,0.04,0.96,0.97,0.01,0.01,77519.78,1777094053000
1777094055.269,255.269,0.03,0.04,0.96,0.97,0.01,0.01,77519.79,1777094054000
1777094055.605,255.605,0.03,0.04,0.96,0.97,0.01,0.01,77519.79,1777094054000
1777094056.045,256.045,0.03,0.04,0.96,0.97,0.01,0.01,77519.79,1777094054000
1777094056.397,256.397,0.03,0.04,0.96,0.97,0.01,0.01,77519.79,1777094055000
1777094056.757,256.757,0.03,0.04,0.96,0.97,0.01,0.01,77519.79,1777094055000
1777094057.16,257.16,0.03,0.04,0.96,0.97,0.01,0.01,77519.79,1777094056000
1777094057.885,257.885,0.03,0.04,0.96,0.97,0.01,0.01,77519.79,1777094056000
1777094058.273,258.273,0.02,0.03,0.97,0.98,0.01,0.01,77519.79,1777094057000
1777094058.717,258.717,0.02,0.03,0.97,0.98,0.01,0.01,77519.79,1777094057000
1777094059.203,259.203,0.02,0.03,0.97,0.98,0.01,0.01,77519.79,1777094057000
1777094059.561,259.561,0.03,0.04,0.95,0.97,0.01,0.02,77519.79,1777094058000
1777094059.915,259.915,0.04,0.05,0.95,0.96,0.01,0.01,77519.79,1777094058000
1777094060.294,260.294,0.04,0.05,0.95,0.96,0.01,0.01,77519.79,1777094058000
1777094061.088,261.088,0.04,0.05,0.96,0.97,0.01,0.01,77521.36,1777094059000
1777094061.539,261.539,0.05,0.06,0.94,0.95,0.01,0.01,77521.36,1777094059000
1777094061.9,261.9,0.05,0.06,0.94,0.95,0.01,0.01,77521.36,1777094059000
1777094062.447,262.447,0.05,0.06,0.95,0.96,0.01,0.01,77524.7,1777094060000
1777094062.897,262.897,0.05,0.06,0.94,0.95,0.01,0.01,77524.75,1777094061000
1777094063.244,263.244,0.04,0.05,0.94,0.95,0.01,0.01,77525.85,1777094062000
1777094063.596,263.596,0.03,0.05,0.95,0.96,0.02,0.01,77525.85,1777094062000
1777094064.303,264.303,0.03,0.05,0.95,0.97,0.02,0.02,77529.31,1777094063000
1777094065.229,265.229,0.03,0.04,0.96,0.97,0.01,0.01,77529.31,1777094063000
1777094065.569,265.569,0.03,0.06,0.96,0.97,0.03,0.01,77529.32,1777094064000
1777094066.012,266.012,0.04,0.06,0.94,0.95,0.02,0.01,77529.32,1777094064000
1777094066.559,266.559,0.03,0.05,0.95,0.97,0.02,0.02,77529.32,1777094065000
1777094067.154,267.154,0.04,0.05,0.95,0.96,0.01,0.01,77529.32,1777094066000
1777094068.169,268.169,0.02,0.04,0.95,0.96,0.02,0.01,77529.32,1777094066000
1777094068.59,268.59,0.02,0.03,0.97,0.98,0.01,0.01,77529.32,1777094067000
1777094069.314,269.314,0.02,0.04,0.96,0.97,0.02,0.01,77529.32,1777094067000
1777094069.939,269.939,0.02,0.04,0.96,0.98,0.02,0.02,77529.32,1777094068000
1777094070.404,270.404,0.02,0.05,0.97,0.98,0.03,0.01,77529.32,1777094068000
1777094070.865,270.865,0.02,0.03,0.97,0.98,0.01,0.01,77529.32,1777094069000
1777094071.204,271.204,0.02,0.03,0.97,0.98,0.01,0.01,77529.32,1777094069000
1777094071.641,271.641,0.02,0.03,0.94,0.98,0.01,0.04,77529.32,1777094070000
1777094071.989,271.989,0.02,0.03,0.97,0.98,0.01,0.01,77529.32,1777094070000
1777094072.529,272.529,0.02,0.04,0.97,0.98,0.02,0.01,77529.32,1777094070000
1777094072.982,272.982,0.02,0.04,0.96,0.98,0.02,0.02,77529.32,1777094071000
1777094073.391,273.391,0.02,0.04,0.96,0.98,0.02,0.02,77529.32,1777094072000
1777094073.889,273.889,0.02,0.03,0.96,0.98,0.01,0.02,77529.32,1777094072000
1777094074.361,274.361,0.02,0.03,0.97,0.98,0.01,0.01,77529.32,1777094073000
1777094075.176,275.176,0.02,0.03,0.97,0.98,0.01,0.01,77529.32,1777094073000
1777094075.538,275.538,0.02,0.03,0.97,0.98,0.01,0.01,77529.31,1777094074000
1777094075.914,275.914,0.02,0.03,0.97,0.98,0.01,0.01,77529.31,1777094074000
1777094076.278,276.278,0.02,0.03,0.97,0.98,0.01,0.01,77529.31,1777094074000
1777094076.713,276.713,0.02,0.03,0.97,0.98,0.01,0.01,77529.32,1777094075000
1777094077.245,277.245,0.02,0.03,0.97,0.98,0.01,0.01,77529.32,1777094075000
1777094077.849,277.849,0.02,0.03,0.97,0.98,0.01,0.01,77529.01,1777094076000
1777094078.281,278.281,0.01,0.02,0.97,0.98,0.01,0.01,77529.01,1777094077000
1777094078.886,278.886,0.01,0.02,0.98,0.99,0.01,0.01,77529.01,1777094077000
1777094079.509,279.509,0.01,0.02,0.98,0.99,0.01,0.01,77529.01,1777094077000
1777094080.198,280.198,0.01,0.02,0.98,0.99,0.01,0.01,77529.05,1777094078000
1777094080.604,280.604,0.01,0.02,0.98,0.99,0.01,0.01,77529.32,1777094079000
1777094081.12,281.12,0.01,0.02,0.98,0.99,0.01,0.01,77529.32,1777094079000
1777094081.536,281.536,0.01,0.02,0.98,0.99,0.01,0.01,77529.32,1777094080000
1777094081.874,281.874,0.01,0.02,0.98,0.99,0.01,0.01,77529.32,1777094080000
1777094082.281,282.281,0.01,0.02,0.98,0.99,0.01,0.01,77529.03,1777094081000
1777094082.77,282.77,0.01,0.02,0.98,0.99,0.01,0.01,77529.03,1777094081000
1777094083.339,283.339,0.01,0.02,0.98,0.99,0.01,0.01,77529.03,1777094081000
1777094083.791,283.791,0.01,0.02,0.98,0.99,0.01,0.01,77528.98,1777094082000
1777094084.141,284.141,0.01,0.02,0.98,0.99,0.01,0.01,77528.98,1777094082000
1777094084.539,284.539,0.01,0.02,0.98,0.99,0.01,0.01,77528.78,1777094083000
1777094084.903,284.903,0.01,0.02,0.98,0.99,0.01,0.01,77528.78,1777094083000
1777094085.501,285.501,0.01,0.02,0.98,0.99,0.01,0.01,77528.78,1777094084000
1777094085.997,285.997,0.01,0.02,0.98,0.99,0.01,0.01,77526.95,1777094085000
1777094086.345,286.345,0.01,0.02,0.98,0.99,0.01,0.01,77526.95,1777094085000
1777094086.83,286.83,0.01,0.02,0.98,0.99,0.01,0.01,77526.95,1777094085000
1777094087.17,287.17,0.01,0.02,0.98,0.99,0.01,0.01,77526.42,1777094086000
1777094087.537,287.537,0.01,0.02,0.98,0.99,0.01,0.01,77526.42,1777094086000
1777094087.969,287.969,0.01,0.02,0.98,0.99,0.01,0.01,77526.65,1777094087000
1777094088.486,288.486,0.01,0.02,0.98,0.99,0.01,0.01,77526.65,1777094087000
1777094088.846,288.846,0.01,0.02,0.98,0.99,0.01,0.01,77527.6,1777094088000
1777094089.24,289.24,0.01,0.02,0.98,0.99,0.01,0.01,77527.6,1777094088000
1777094089.725,289.725,0.01,0.02,0.98,0.99,0.01,0.01,77527.6,1777094088000
1777094090.33,290.33,0.01,0.02,0.98,0.99,0.01,0.01,77526.86,1777094089000
1777094090.751,290.751,0.01,0.02,0.98,0.99,0.01,0.01,77526.86,1777094089000
1777094091.126,291.126,0.01,0.02,0.98,0.99,0.01,0.01,77526.86,1777094089000
1777094091.515,291.515,0.01,0.02,0.98,0.99,0.01,0.01,77528.49,1777094090000
1777094092.436,292.436,0.01,0.02,0.98,0.99,0.01,0.01,77528.35,1777094091000
1777094092.832,292.832,0.01,0.02,0.98,0.99,0.01,0.01,77528.35,1777094091000
1777094093.339,293.339,0.01,0.02,0.98,0.99,0.01,0.01,77528.35,1777094092000
1777094093.675,293.675,0.01,0.02,0.98,0.99,0.01,0.01,77528.35,1777094092000
1777094094.038,294.038,0.01,0.02,0.98,0.99,0.01,0.01,77528.54,1777094093000
1777094094.554,294.554,0.01,0.02,0.98,0.99,0.01,0.01,77528.54,1777094093000
1777094094.963,294.963,0.01,0.02,0.98,0.99,0.01,0.01,77528.17,1777094094000
1777094095.317,295.317,0.01,0.02,0.98,0.99,0.01,0.01,77528.17,1777094094000
1777094095.72,295.72,0.01,0.02,0.98,0.99,0.01,0.01,77528.17,1777094094000
1777094096.056,296.056,0.01,0.02,0.98,0.99,0.01,0.01,77527.71,1777094095000
1777094096.394,296.394,0.01,0.02,0.98,0.99,0.01,0.01,77527.71,1777094095000
1777094096.741,296.741,0.01,0.02,0.98,0.99,0.01,0.01,77527.71,1777094095000
1777094097.078,297.078,0.01,0.02,0.98,0.99,0.01,0.01,77527.71,1777094095000
1777094097.414,297.414,0.01,0.02,0.98,0.99,0.01,0.01,77527.71,1777094095000
1777094097.993,297.993,0.01,0.01,0.98,0.99,0.0,0.01,77527.87,1777094096000
1777094099.106,299.106,0.01,0.01,0.99,0.99,0.0,0.0,77527.41,1777094098000
1777094099.812,299.812,0.01,0.01,0.99,0.99,0.0,0.0,77527.41,1777094098000
1777094100.251,300.251,0.01,0.01,0.99,0.99,0.0,0.0,77527.92,1777094099000
1777094100.735,300.735,0.01,0.01,0.99,0.99,0.0,0.0,77527.92,1777094099000
1777094101.093,301.093,0.01,0.01,0.99,0.99,0.0,0.0,77527.26,1777094100000
1777094102.113,302.113,0.01,0.01,0.99,0.99,0.0,0.0,77529.18,1777094101000

# RESULT,winner=Down,slug=btc-updown-5m-1777093800,ticks=596
