timestamp,elapsed_sec,up_bid,up_ask,down_bid,down_ask,up_spread,down_spread,btc_price,btc_oracle_ts
1776543300.503,0.503,0.49,0.5,0.5,0.51,0.01,0.01,75721.08,1776543299000
1776543300.863,0.863,0.49,0.5,0.5,0.51,0.01,0.01,75721.08,1776543299000
1776543301.379,1.379,0.49,0.5,0.5,0.51,0.01,0.01,75721.08,1776543299000
1776543301.742,1.742,0.49,0.5,0.5,0.51,0.01,0.01,75720.96,1776543300000
1776543302.334,2.334,0.49,0.5,0.5,0.51,0.01,0.01,75720.96,1776543300000
1776543302.694,2.694,0.49,0.5,0.5,0.51,0.01,0.01,75720.99,1776543301000
1776543303.279,3.279,0.49,0.5,0.5,0.51,0.01,0.01,75720.99,1776543301000
1776543303.659,3.659,0.49,0.5,0.5,0.51,0.01,0.01,75720.99,1776543301000
1776543304.111,4.111,0.49,0.5,0.5,0.51,0.01,0.01,75720.99,1776543302000
1776543304.47,4.47,0.49,0.5,0.5,0.52,0.01,0.02,75720.99,1776543302000
1776543305.052,5.052,0.49,0.5,0.5,0.51,0.01,0.01,75720.99,1776543303000
1776543305.539,5.539,0.49,0.5,0.5,0.51,0.01,0.01,75720.99,1776543303000
1776543305.898,5.898,0.49,0.5,0.5,0.51,0.01,0.01,75721.02,1776543304000
1776543306.629,6.629,0.49,0.5,0.5,0.51,0.01,0.01,75721.41,1776543305000
1776543307.498,7.498,0.5,0.51,0.49,0.51,0.01,0.02,75721.41,1776543305000
1776543307.871,7.871,0.5,0.51,0.49,0.5,0.01,0.01,75720.98,1776543306000
1776543308.701,8.701,0.5,0.51,0.49,0.5,0.01,0.01,75721.03,1776543307000
1776543309.048,9.048,0.5,0.51,0.49,0.5,0.01,0.01,75721.03,1776543307000
1776543310.291,10.291,0.5,0.51,0.49,0.5,0.01,0.01,75721.07,1776543309000
1776543310.821,10.821,0.5,0.51,0.49,0.5,0.01,0.01,75721.07,1776543309000
1776543311.399,11.399,0.5,0.51,0.49,0.5,0.01,0.01,75721.07,1776543309000
1776543311.789,11.789,0.5,0.51,0.49,0.5,0.01,0.01,75721.07,1776543309000
1776543312.313,12.313,0.5,0.51,0.49,0.5,0.01,0.01,75721.07,1776543310000
1776543312.649,12.649,0.56,0.6,0.4,0.44,0.04,0.04,75721.07,1776543311000
1776543313.031,13.031,0.59,0.62,0.38,0.41,0.03,0.03,75721.08,1776543312000
1776543313.369,13.369,0.65,0.7,0.3,0.35,0.05,0.05,75721.08,1776543312000
1776543313.745,13.745,0.65,0.69,0.29,0.35,0.04,0.06,75721.08,1776543312000
1776543314.275,14.275,0.65,0.69,0.31,0.35,0.04,0.04,75721.08,1776543312000
1776543314.646,14.646,0.65,0.7,0.31,0.35,0.05,0.04,75732.25,1776543313000
1776543315.277,15.277,0.65,0.7,0.3,0.35,0.05,0.05,75732.25,1776543313000
1776543315.66,15.66,0.65,0.7,0.3,0.35,0.05,0.05,75744.56,1776543314000
1776543316.134,16.134,0.65,0.66,0.34,0.35,0.01,0.01,75744.56,1776543314000
1776543316.471,16.471,0.66,0.73,0.27,0.3,0.07,0.03,75744.56,1776543314000
1776543316.821,16.821,0.71,0.72,0.27,0.29,0.01,0.02,75746.36,1776543315000
1776543317.198,17.198,0.7,0.72,0.28,0.3,0.02,0.02,75749.35,1776543316000
1776543317.768,17.768,0.71,0.72,0.28,0.3,0.01,0.02,75749.35,1776543316000
1776543318.164,18.164,0.71,0.72,0.28,0.29,0.01,0.01,75749.35,1776543316000
1776543318.598,18.598,0.71,0.72,0.28,0.3,0.01,0.02,75749.36,1776543317000
1776543318.957,18.957,0.7,0.72,0.28,0.3,0.02,0.02,75750.74,1776543318000
1776543319.317,19.317,0.71,0.72,0.28,0.29,0.01,0.01,75750.74,1776543318000
1776543319.674,19.674,0.71,0.72,0.28,0.3,0.01,0.02,75750.74,1776543318000
1776543320.082,20.082,0.71,0.72,0.28,0.3,0.01,0.02,75750.74,1776543319000
1776543320.696,20.696,0.71,0.72,0.28,0.29,0.01,0.01,75750.74,1776543319000
1776543321.049,21.049,0.71,0.72,0.28,0.29,0.01,0.01,75750.79,1776543320000
1776543321.438,21.438,0.71,0.72,0.28,0.29,0.01,0.01,75750.79,1776543320000
1776543322.151,22.151,0.71,0.72,0.28,0.29,0.01,0.01,75750.79,1776543320000
1776543322.516,22.516,0.71,0.72,0.28,0.29,0.01,0.01,75750.61,1776543321000
1776543322.913,22.913,0.71,0.72,0.28,0.29,0.01,0.01,75750.61,1776543321000
1776543323.255,23.255,0.72,0.73,0.27,0.28,0.01,0.01,75749.76,1776543322000
1776543323.766,23.766,0.72,0.73,0.27,0.28,0.01,0.01,75749.76,1776543322000
1776543324.402,24.402,0.72,0.73,0.27,0.28,0.01,0.01,75749.76,1776543323000
1776543324.781,24.781,0.71,0.72,0.27,0.29,0.01,0.02,75749.76,1776543323000
1776543325.177,25.177,0.71,0.72,0.28,0.29,0.01,0.01,75749.76,1776543324000
1776543325.537,25.537,0.71,0.72,0.28,0.29,0.01,0.01,75749.76,1776543324000
1776543325.911,25.911,0.71,0.72,0.28,0.29,0.01,0.01,75749.76,1776543324000
1776543326.302,26.302,0.71,0.72,0.28,0.29,0.01,0.01,75749.78,1776543325000
1776543326.735,26.735,0.71,0.72,0.28,0.29,0.01,0.01,75749.78,1776543325000
1776543327.11,27.11,0.71,0.72,0.28,0.29,0.01,0.01,75749.81,1776543326000
1776543327.593,27.593,0.71,0.72,0.28,0.29,0.01,0.01,75749.81,1776543326000
1776543327.938,27.938,0.7,0.71,0.29,0.3,0.01,0.01,75749.81,1776543326000
1776543328.336,28.336,0.7,0.71,0.29,0.3,0.01,0.01,75749.81,1776543327000
1776543328.734,28.734,0.7,0.71,0.29,0.3,0.01,0.01,75749.81,1776543327000
1776543329.12,29.12,0.7,0.71,0.29,0.3,0.01,0.01,75749.81,1776543327000
1776543329.748,29.748,0.7,0.71,0.29,0.3,0.01,0.01,75749.81,1776543327000
1776543330.713,30.713,0.7,0.71,0.29,0.3,0.01,0.01,75749.31,1776543328000
1776543331.333,31.333,0.7,0.71,0.29,0.3,0.01,0.01,75749.13,1776543329000
1776543331.717,31.717,0.7,0.71,0.29,0.3,0.01,0.01,75749.13,1776543329000
1776543332.06,32.06,0.7,0.71,0.29,0.3,0.01,0.01,75749.14,1776543330000
1776543332.453,32.453,0.7,0.71,0.29,0.3,0.01,0.01,75749.14,1776543330000
1776543333.219,33.219,0.7,0.71,0.29,0.3,0.01,0.01,75749.14,1776543331000
1776543334.348,34.348,0.7,0.71,0.29,0.3,0.01,0.01,75749.28,1776543332000
1776543334.687,34.687,0.63,0.66,0.34,0.36,0.03,0.02,75749.28,1776543332000
1776543335.02,35.02,0.62,0.63,0.37,0.38,0.01,0.01,75749.29,1776543333000
1776543335.369,35.369,0.57,0.59,0.4,0.43,0.02,0.03,75749.29,1776543333000
1776543335.724,35.724,0.58,0.59,0.41,0.43,0.01,0.02,75749.29,1776543333000
1776543336.062,36.062,0.57,0.58,0.42,0.44,0.01,0.02,75746.9,1776543334000
1776543336.433,36.433,0.57,0.58,0.42,0.43,0.01,0.01,75746.9,1776543334000
1776543336.838,36.838,0.57,0.58,0.42,0.43,0.01,0.01,75734.7,1776543335000
1776543337.253,37.253,0.56,0.58,0.42,0.44,0.02,0.02,75734.08,1776543336000
1776543337.607,37.607,0.56,0.57,0.43,0.44,0.01,0.01,75734.08,1776543336000
1776543338.263,38.263,0.56,0.57,0.43,0.44,0.01,0.01,75734.08,1776543336000
1776543338.654,38.654,0.56,0.57,0.43,0.44,0.01,0.01,75734.08,1776543336000
1776543339.148,39.148,0.56,0.57,0.43,0.44,0.01,0.01,75733.62,1776543337000
1776543339.533,39.533,0.56,0.57,0.43,0.44,0.01,0.01,75733.62,1776543337000
1776543340.068,40.068,0.56,0.57,0.43,0.44,0.01,0.01,75734.11,1776543338000
1776543340.546,40.546,0.56,0.57,0.43,0.44,0.01,0.01,75734.11,1776543338000
1776543341.005,41.005,0.56,0.57,0.43,0.44,0.01,0.01,75734.07,1776543339000
1776543341.476,41.476,0.55,0.56,0.43,0.45,0.01,0.02,75734.07,1776543340000
1776543341.859,41.859,0.55,0.56,0.44,0.45,0.01,0.01,75734.07,1776543340000
1776543342.195,42.195,0.55,0.56,0.44,0.45,0.01,0.01,75734.07,1776543340000
1776543342.545,42.545,0.55,0.56,0.44,0.45,0.01,0.01,75734.08,1776543341000
1776543342.97,42.97,0.55,0.56,0.44,0.45,0.01,0.01,75734.08,1776543341000
1776543343.321,43.321,0.55,0.56,0.44,0.45,0.01,0.01,75734.08,1776543341000
1776543343.706,43.706,0.55,0.56,0.44,0.45,0.01,0.01,75734.07,1776543342000
1776543344.258,44.258,0.55,0.56,0.44,0.45,0.01,0.01,75734.08,1776543343000
1776543344.875,44.875,0.55,0.56,0.44,0.45,0.01,0.01,75734.08,1776543343000
1776543345.227,45.227,0.55,0.56,0.44,0.45,0.01,0.01,75734.08,1776543343000
1776543345.611,45.611,0.55,0.56,0.44,0.45,0.01,0.01,75734.08,1776543343000
1776543345.952,45.952,0.55,0.56,0.44,0.45,0.01,0.01,75734.06,1776543344000
1776543346.456,46.456,0.55,0.56,0.44,0.45,0.01,0.01,75734.06,1776543345000
1776543346.937,46.937,0.55,0.57,0.44,0.45,0.02,0.01,75734.06,1776543345000
1776543347.274,47.274,0.55,0.56,0.44,0.45,0.01,0.01,75734.06,1776543345000
1776543347.619,47.619,0.55,0.56,0.44,0.45,0.01,0.01,75734.06,1776543345000
1776543348.225,48.225,0.55,0.56,0.44,0.45,0.01,0.01,75732.85,1776543346000
1776543348.935,48.935,0.55,0.56,0.44,0.45,0.01,0.01,75732.85,1776543347000
1776543349.428,49.428,0.55,0.56,0.44,0.45,0.01,0.01,75732.85,1776543347000
1776543349.903,49.903,0.55,0.57,0.44,0.45,0.02,0.01,75732.86,1776543348000
1776543350.294,50.294,0.55,0.57,0.43,0.45,0.02,0.02,75732.86,1776543349000
1776543350.85,50.85,0.56,0.57,0.43,0.45,0.01,0.02,75732.86,1776543349000
1776543351.36,51.36,0.56,0.57,0.43,0.44,0.01,0.01,75732.86,1776543349000
1776543351.784,51.784,0.56,0.57,0.43,0.44,0.01,0.01,75732.87,1776543350000
1776543352.162,52.162,0.56,0.57,0.43,0.44,0.01,0.01,75732.87,1776543351000
1776543352.662,52.662,0.56,0.57,0.43,0.44,0.01,0.01,75732.87,1776543351000
1776543353.154,53.154,0.56,0.57,0.43,0.44,0.01,0.01,75732.87,1776543351000
1776543353.872,53.872,0.56,0.57,0.43,0.44,0.01,0.01,75732.82,1776543352000
1776543354.838,54.838,0.56,0.57,0.43,0.44,0.01,0.01,75732.82,1776543353000
1776543355.201,55.201,0.55,0.57,0.43,0.44,0.02,0.01,75732.82,1776543353000
1776543355.544,55.544,0.55,0.56,0.44,0.45,0.01,0.01,75732.82,1776543354000
1776543356.74,56.74,0.54,0.55,0.45,0.47,0.01,0.02,75732.82,1776543354000
1776543357.16,57.16,0.54,0.55,0.45,0.47,0.01,0.02,75732.6,1776543355000
1776543358.376,58.376,0.54,0.55,0.45,0.46,0.01,0.01,75731.5,1776543356000
1776543358.783,58.783,0.53,0.55,0.45,0.46,0.02,0.01,75731.37,1776543357000
1776543359.221,59.221,0.54,0.55,0.45,0.46,0.01,0.01,75731.37,1776543357000
1776543359.759,59.759,0.54,0.55,0.45,0.46,0.01,0.01,75731.43,1776543358000
1776543360.143,60.143,0.54,0.55,0.45,0.46,0.01,0.01,75731.43,1776543358000
1776543360.503,60.503,0.54,0.55,0.45,0.46,0.01,0.01,75731.43,1776543358000
1776543360.898,60.898,0.54,0.55,0.45,0.46,0.01,0.01,75731.48,1776543359000
1776543361.303,61.303,0.54,0.55,0.45,0.46,0.01,0.01,75731.48,1776543359000
1776543362.029,62.029,0.54,0.55,0.45,0.46,0.01,0.01,75731.48,1776543360000
1776543362.512,62.512,0.54,0.55,0.45,0.46,0.01,0.01,75731.49,1776543361000
1776543362.909,62.909,0.54,0.55,0.45,0.46,0.01,0.01,75731.49,1776543361000
1776543363.325,63.325,0.54,0.55,0.45,0.46,0.01,0.01,75731.49,1776543362000
1776543363.679,63.679,0.54,0.55,0.45,0.46,0.01,0.01,75731.49,1776543362000
1776543364.423,64.423,0.54,0.55,0.45,0.46,0.01,0.01,75731.49,1776543362000
1776543365.236,65.236,0.54,0.55,0.45,0.46,0.01,0.01,75731.01,1776543363000
1776543365.58,65.58,0.54,0.55,0.45,0.46,0.01,0.01,75731.01,1776543364000
1776543366.511,66.511,0.54,0.55,0.45,0.46,0.01,0.01,75731.01,1776543365000
1776543366.874,66.874,0.54,0.55,0.45,0.46,0.01,0.01,75731.01,1776543365000
1776543367.228,67.228,0.56,0.62,0.38,0.44,0.06,0.06,75731.01,1776543365000
1776543367.64,67.64,0.57,0.59,0.39,0.43,0.02,0.04,75731.01,1776543366000
1776543368.021,68.021,0.6,0.61,0.39,0.4,0.01,0.01,75731.01,1776543366000
1776543368.354,68.354,0.6,0.61,0.39,0.4,0.01,0.01,75731.41,1776543367000
1776543368.69,68.69,0.6,0.61,0.38,0.4,0.01,0.02,75731.41,1776543367000
1776543369.073,69.073,0.6,0.61,0.38,0.4,0.01,0.02,75733.91,1776543368000
1776543369.657,69.657,0.6,0.61,0.39,0.4,0.01,0.01,75733.91,1776543368000
1776543370.323,70.323,0.61,0.64,0.36,0.39,0.03,0.03,75734.19,1776543369000
1776543370.657,70.657,0.64,0.65,0.35,0.36,0.01,0.01,75734.19,1776543369000
1776543370.992,70.992,0.64,0.65,0.35,0.36,0.01,0.01,75734.19,1776543369000
1776543371.349,71.349,0.64,0.65,0.35,0.36,0.01,0.01,75734.19,1776543370000
1776543371.731,71.731,0.64,0.65,0.35,0.36,0.01,0.01,75734.19,1776543370000
1776543372.203,72.203,0.64,0.66,0.34,0.36,0.02,0.02,75734.19,1776543370000
1776543372.777,72.777,0.68,0.69,0.31,0.33,0.01,0.02,75736.14,1776543371000
1776543373.123,73.123,0.68,0.69,0.31,0.32,0.01,0.01,75736.14,1776543372000
1776543373.467,73.467,0.68,0.69,0.31,0.32,0.01,0.01,75736.14,1776543372000
1776543373.816,73.816,0.68,0.69,0.31,0.32,0.01,0.01,75736.14,1776543372000
1776543374.206,74.206,0.68,0.69,0.31,0.32,0.01,0.01,75736.14,1776543372000
1776543374.61,74.61,0.68,0.69,0.31,0.32,0.01,0.01,75736.47,1776543373000
1776543374.997,74.997,0.68,0.69,0.31,0.32,0.01,0.01,75738.68,1776543374000
1776543375.684,75.684,0.69,0.7,0.3,0.32,0.01,0.02,75738.68,1776543374000
1776543376.057,76.057,0.7,0.71,0.29,0.3,0.01,0.01,75738.68,1776543374000
1776543376.468,76.468,0.71,0.72,0.28,0.3,0.01,0.02,75738.68,1776543374000
1776543377.098,77.098,0.71,0.73,0.28,0.29,0.02,0.01,75738.86,1776543375000
1776543377.513,77.513,0.73,0.75,0.26,0.29,0.02,0.03,75738.86,1776543375000
1776543377.917,77.917,0.74,0.75,0.25,0.27,0.01,0.02,75738.87,1776543376000
1776543378.265,78.265,0.74,0.75,0.25,0.26,0.01,0.01,75739.09,1776543377000
1776543378.627,78.627,0.75,0.76,0.24,0.26,0.01,0.02,75739.09,1776543377000
1776543379.016,79.016,0.75,0.76,0.24,0.25,0.01,0.01,75739.09,1776543377000
1776543379.472,79.472,0.75,0.76,0.24,0.25,0.01,0.01,75743.94,1776543378000
1776543379.819,79.819,0.75,0.76,0.24,0.25,0.01,0.01,75743.94,1776543378000
1776543380.224,80.224,0.75,0.76,0.24,0.25,0.01,0.01,75743.94,1776543378000
1776543380.572,80.572,0.75,0.76,0.24,0.25,0.01,0.01,75743.94,1776543378000
1776543381.136,81.136,0.75,0.76,0.24,0.25,0.01,0.01,75748.42,1776543380000
1776543381.538,81.538,0.75,0.76,0.24,0.25,0.01,0.01,75748.42,1776543380000
1776543382.101,82.101,0.75,0.77,0.24,0.25,0.02,0.01,75748.42,1776543380000
1776543383.063,83.063,0.75,0.76,0.23,0.25,0.01,0.02,75749.06,1776543381000
1776543383.659,83.659,0.75,0.76,0.23,0.25,0.01,0.02,75749.06,1776543381000
1776543383.993,83.993,0.75,0.76,0.24,0.25,0.01,0.01,75749.22,1776543382000
1776543384.339,84.339,0.75,0.76,0.24,0.25,0.01,0.01,75749.22,1776543382000
1776543384.865,84.865,0.76,0.77,0.23,0.24,0.01,0.01,75749.34,1776543383000
1776543385.359,85.359,0.76,0.77,0.23,0.24,0.01,0.01,75749.29,1776543384000
1776543385.99,85.99,0.76,0.77,0.23,0.24,0.01,0.01,75749.29,1776543384000
1776543386.443,86.443,0.76,0.77,0.23,0.24,0.01,0.01,75749.29,1776543384000
1776543386.823,86.823,0.76,0.77,0.23,0.24,0.01,0.01,75749.29,1776543385000
1776543387.31,87.31,0.76,0.77,0.23,0.24,0.01,0.01,75749.29,1776543385000
1776543388.051,88.051,0.76,0.77,0.23,0.24,0.01,0.01,75749.39,1776543386000
1776543388.387,88.387,0.76,0.77,0.23,0.24,0.01,0.01,75749.95,1776543387000
1776543388.794,88.794,0.76,0.77,0.23,0.24,0.01,0.01,75749.95,1776543387000
1776543389.261,89.261,0.76,0.77,0.23,0.24,0.01,0.01,75749.95,1776543387000
1776543389.697,89.697,0.76,0.77,0.23,0.24,0.01,0.01,75749.95,1776543387000
1776543390.373,90.373,0.76,0.77,0.23,0.24,0.01,0.01,75750.11,1776543388000
1776543390.856,90.856,0.76,0.77,0.23,0.24,0.01,0.01,75751.06,1776543389000
1776543391.428,91.428,0.76,0.77,0.23,0.24,0.01,0.01,75750.09,1776543390000
1776543391.809,91.809,0.76,0.77,0.23,0.24,0.01,0.01,75750.09,1776543390000
1776543392.793,92.793,0.76,0.77,0.23,0.24,0.01,0.01,75750.09,1776543391000
1776543393.325,93.325,0.77,0.78,0.22,0.23,0.01,0.01,75750.14,1776543392000
1776543393.925,93.925,0.77,0.78,0.22,0.23,0.01,0.01,75750.14,1776543392000
1776543394.371,94.371,0.77,0.78,0.22,0.23,0.01,0.01,75750.65,1776543393000
1776543394.706,94.706,0.8,0.81,0.19,0.2,0.01,0.01,75750.65,1776543393000
1776543395.15,95.15,0.8,0.81,0.19,0.2,0.01,0.01,75750.65,1776543393000
1776543395.569,95.569,0.8,0.81,0.19,0.2,0.01,0.01,75750.65,1776543394000
1776543396.115,96.115,0.8,0.82,0.18,0.2,0.02,0.02,75754.43,1776543395000
1776543396.513,96.513,0.81,0.82,0.18,0.19,0.01,0.01,75754.43,1776543395000
1776543396.91,96.91,0.81,0.82,0.18,0.19,0.01,0.01,75754.43,1776543395000
1776543397.35,97.35,0.79,0.8,0.2,0.21,0.01,0.01,75752.82,1776543396000
1776543397.69,97.69,0.79,0.8,0.2,0.21,0.01,0.01,75752.82,1776543396000
1776543398.269,98.269,0.78,0.8,0.2,0.21,0.02,0.01,75752.82,1776543396000
1776543398.64,98.64,0.79,0.8,0.2,0.21,0.01,0.01,75753.42,1776543397000
1776543399.296,99.296,0.79,0.8,0.2,0.21,0.01,0.01,75753.42,1776543398000
1776543399.665,99.665,0.79,0.8,0.2,0.21,0.01,0.01,75753.42,1776543398000
1776543400.039,100.039,0.79,0.8,0.2,0.23,0.01,0.03,75753.42,1776543398000
1776543400.764,100.764,0.78,0.8,0.2,0.21,0.02,0.01,75753.42,1776543398000
1776543401.194,101.194,0.77,0.78,0.22,0.23,0.01,0.01,75753.42,1776543398000
1776543401.969,101.969,0.74,0.78,0.22,0.26,0.04,0.04,75753.42,1776543398000
1776543402.397,102.397,0.75,0.77,0.23,0.25,0.02,0.02,75753.95,1776543401000
1776543402.774,102.774,0.75,0.76,0.24,0.25,0.01,0.01,75753.95,1776543401000
1776543403.122,103.122,0.76,0.77,0.23,0.25,0.01,0.02,75753.95,1776543401000
1776543403.465,103.465,0.76,0.77,0.23,0.24,0.01,0.01,75753.95,1776543401000
1776543403.862,103.862,0.77,0.78,0.22,0.24,0.01,0.02,75751.5,1776543402000
1776543404.229,104.229,0.77,0.78,0.22,0.23,0.01,0.01,75751.5,1776543402000
1776543404.809,104.809,0.77,0.78,0.22,0.23,0.01,0.01,75751.77,1776543403000
1776543405.321,105.321,0.77,0.78,0.22,0.23,0.01,0.01,75753.22,1776543404000
1776543405.736,105.736,0.77,0.78,0.22,0.23,0.01,0.01,75753.22,1776543404000
1776543406.192,106.192,0.77,0.78,0.22,0.23,0.01,0.01,75753.22,1776543404000
1776543406.666,106.666,0.77,0.78,0.22,0.23,0.01,0.01,75753.39,1776543405000
1776543407.046,107.046,0.75,0.78,0.22,0.24,0.03,0.02,75753.39,1776543405000
1776543408.691,108.691,0.75,0.76,0.24,0.25,0.01,0.01,75753.39,1776543406000
1776543409.045,109.045,0.75,0.76,0.24,0.25,0.01,0.01,75753.44,1776543407000
1776543409.378,109.378,0.75,0.76,0.24,0.25,0.01,0.01,75753.44,1776543407000
1776543409.975,109.975,0.75,0.76,0.24,0.25,0.01,0.01,75751.87,1776543408000
1776543410.318,110.318,0.75,0.76,0.24,0.25,0.01,0.01,75751.87,1776543408000
1776543410.73,110.73,0.76,0.77,0.23,0.25,0.01,0.02,75751.87,1776543408000
1776543411.072,111.072,0.76,0.77,0.23,0.24,0.01,0.01,75753.34,1776543409000
1776543411.524,111.524,0.76,0.77,0.23,0.24,0.01,0.01,75753.34,1776543409000
1776543411.911,111.911,0.76,0.78,0.22,0.24,0.02,0.02,75753.59,1776543410000
1776543412.558,112.558,0.77,0.78,0.22,0.24,0.01,0.02,75753.59,1776543410000
1776543413.065,113.065,0.77,0.78,0.22,0.23,0.01,0.01,75753.59,1776543410000
1776543413.499,113.499,0.77,0.78,0.22,0.23,0.01,0.01,75753.64,1776543411000
1776543414.062,114.062,0.77,0.78,0.22,0.23,0.01,0.01,75753.74,1776543412000
1776543414.655,114.655,0.77,0.78,0.22,0.23,0.01,0.01,75753.74,1776543412000
1776543415.191,115.191,0.77,0.78,0.22,0.23,0.01,0.01,75753.69,1776543413000
1776543415.614,115.614,0.77,0.78,0.22,0.23,0.01,0.01,75753.69,1776543413000
1776543416.026,116.026,0.77,0.78,0.22,0.23,0.01,0.01,75753.78,1776543414000
1776543416.496,116.496,0.77,0.78,0.22,0.23,0.01,0.01,75753.78,1776543415000
1776543416.954,116.954,0.77,0.78,0.22,0.23,0.01,0.01,75753.78,1776543415000
1776543417.375,117.375,0.77,0.79,0.21,0.23,0.02,0.02,75753.7,1776543416000
1776543417.71,117.71,0.77,0.78,0.22,0.23,0.01,0.01,75753.7,1776543416000
1776543418.356,118.356,0.77,0.78,0.22,0.23,0.01,0.01,75753.7,1776543416000
1776543418.874,118.874,0.77,0.78,0.22,0.23,0.01,0.01,75753.7,1776543417000
1776543419.374,119.374,0.76,0.78,0.22,0.24,0.02,0.02,75753.8,1776543418000
1776543419.774,119.774,0.76,0.77,0.23,0.24,0.01,0.01,75753.8,1776543418000
1776543420.202,120.202,0.76,0.77,0.23,0.24,0.01,0.01,75753.8,1776543418000
1776543420.754,120.754,0.79,0.8,0.2,0.21,0.01,0.01,75753.8,1776543418000
1776543421.116,121.116,0.79,0.8,0.2,0.21,0.01,0.01,75753.83,1776543419000
1776543421.46,121.46,0.79,0.8,0.2,0.21,0.01,0.01,75753.83,1776543419000
1776543421.967,121.967,0.79,0.8,0.2,0.21,0.01,0.01,75753.83,1776543420000
1776543422.305,122.305,0.79,0.8,0.2,0.21,0.01,0.01,75753.83,1776543420000
1776543422.778,122.778,0.79,0.8,0.2,0.21,0.01,0.01,75754.1,1776543421000
1776543423.168,123.168,0.79,0.8,0.2,0.21,0.01,0.01,75754.1,1776543421000
1776543423.705,123.705,0.79,0.8,0.2,0.21,0.01,0.01,75754.74,1776543422000
1776543424.062,124.062,0.79,0.8,0.2,0.21,0.01,0.01,75754.74,1776543422000
1776543425.034,125.034,0.79,0.8,0.2,0.21,0.01,0.01,75755.07,1776543423000
1776543425.387,125.387,0.79,0.8,0.2,0.21,0.01,0.01,75755.25,1776543424000
1776543425.764,125.764,0.79,0.8,0.2,0.21,0.01,0.01,75755.25,1776543424000
1776543426.13,126.13,0.79,0.8,0.2,0.21,0.01,0.01,75755.29,1776543425000
1776543426.496,126.496,0.79,0.8,0.2,0.21,0.01,0.01,75755.29,1776543425000
1776543426.87,126.87,0.79,0.8,0.2,0.21,0.01,0.01,75755.29,1776543425000
1776543427.276,127.276,0.79,0.8,0.2,0.22,0.01,0.02,75757.53,1776543426000
1776543427.673,127.673,0.79,0.8,0.2,0.21,0.01,0.01,75757.53,1776543426000
1776543428.079,128.079,0.78,0.8,0.2,0.21,0.02,0.01,75757.53,1776543426000
1776543428.44,128.44,0.76,0.79,0.22,0.24,0.03,0.02,75757.99,1776543427000
1776543428.775,128.775,0.76,0.77,0.23,0.24,0.01,0.01,75757.99,1776543427000
1776543429.125,129.125,0.76,0.77,0.23,0.24,0.01,0.01,75757.99,1776543427000
1776543429.543,129.543,0.75,0.77,0.23,0.24,0.02,0.01,75757.95,1776543428000
1776543429.933,129.933,0.75,0.76,0.24,0.25,0.01,0.01,75757.95,1776543428000
1776543430.437,130.437,0.75,0.76,0.24,0.25,0.01,0.01,75755.03,1776543429000
1776543430.913,130.913,0.75,0.76,0.24,0.25,0.01,0.01,75755.03,1776543429000
1776543431.466,131.466,0.75,0.76,0.24,0.25,0.01,0.01,75755.03,1776543430000
1776543431.804,131.804,0.75,0.76,0.24,0.25,0.01,0.01,75755.03,1776543430000
1776543432.47,132.47,0.75,0.76,0.24,0.25,0.01,0.01,75755.03,1776543430000
1776543432.912,132.912,0.75,0.76,0.24,0.25,0.01,0.01,75755.02,1776543431000
1776543433.317,133.317,0.75,0.76,0.24,0.25,0.01,0.01,75755.02,1776543431000
1776543433.785,133.785,0.75,0.76,0.24,0.25,0.01,0.01,75755.04,1776543432000
1776543434.741,134.741,0.75,0.76,0.24,0.25,0.01,0.01,75755.04,1776543432000
1776543435.131,135.131,0.75,0.76,0.24,0.25,0.01,0.01,75755.04,1776543433000
1776543435.487,135.487,0.75,0.76,0.24,0.25,0.01,0.01,75755.04,1776543434000
1776543435.968,135.968,0.75,0.76,0.24,0.25,0.01,0.01,75755.04,1776543434000
1776543436.439,136.439,0.75,0.76,0.24,0.25,0.01,0.01,75755.04,1776543434000
1776543436.996,136.996,0.75,0.76,0.24,0.25,0.01,0.01,75755.0,1776543435000
1776543437.358,137.358,0.73,0.74,0.25,0.27,0.01,0.02,75755.0,1776543435000
1776543437.699,137.699,0.72,0.74,0.26,0.27,0.02,0.01,75755.0,1776543435000
1776543438.047,138.047,0.72,0.73,0.27,0.28,0.01,0.01,75755.0,1776543436000
1776543438.386,138.386,0.7,0.72,0.27,0.29,0.02,0.02,75755.0,1776543436000
1776543438.728,138.728,0.7,0.71,0.28,0.3,0.01,0.02,75755.0,1776543436000
1776543439.316,139.316,0.7,0.71,0.29,0.3,0.01,0.01,75749.76,1776543438000
1776543439.97,139.97,0.7,0.71,0.29,0.3,0.01,0.01,75749.76,1776543438000
1776543440.865,140.865,0.69,0.71,0.29,0.3,0.02,0.01,75747.54,1776543439000
1776543441.415,141.415,0.68,0.69,0.29,0.31,0.01,0.02,75747.54,1776543439000
1776543441.956,141.956,0.68,0.7,0.31,0.32,0.02,0.01,75743.71,1776543440000
1776543442.359,142.359,0.64,0.68,0.32,0.33,0.04,0.01,75741.85,1776543441000
1776543442.936,142.936,0.66,0.68,0.32,0.33,0.02,0.01,75741.85,1776543441000
1776543443.272,143.272,0.65,0.66,0.34,0.35,0.01,0.01,75741.35,1776543442000
1776543443.637,143.637,0.63,0.66,0.34,0.36,0.03,0.02,75741.35,1776543442000
1776543443.973,143.973,0.64,0.65,0.35,0.36,0.01,0.01,75741.35,1776543442000
1776543444.327,144.327,0.63,0.64,0.36,0.37,0.01,0.01,75741.3,1776543443000
1776543444.756,144.756,0.62,0.63,0.37,0.38,0.01,0.01,75741.3,1776543443000
1776543445.092,145.092,0.61,0.63,0.37,0.39,0.02,0.02,75741.3,1776543443000
1776543445.526,145.526,0.6,0.61,0.39,0.4,0.01,0.01,75738.99,1776543444000
1776543445.92,145.92,0.6,0.61,0.39,0.4,0.01,0.01,75738.99,1776543444000
1776543446.312,146.312,0.6,0.61,0.39,0.4,0.01,0.01,75739.0,1776543445000
1776543446.645,146.645,0.6,0.61,0.39,0.4,0.01,0.01,75739.0,1776543445000
1776543446.988,146.988,0.59,0.6,0.4,0.41,0.01,0.01,75739.0,1776543445000
1776543447.422,147.422,0.59,0.6,0.4,0.41,0.01,0.01,75737.27,1776543446000
1776543447.962,147.962,0.59,0.6,0.4,0.41,0.01,0.01,75737.27,1776543446000
1776543448.299,148.299,0.59,0.6,0.4,0.41,0.01,0.01,75737.16,1776543447000
1776543448.879,148.879,0.59,0.6,0.4,0.41,0.01,0.01,75737.16,1776543447000
1776543449.36,149.36,0.59,0.6,0.4,0.41,0.01,0.01,75737.16,1776543448000
1776543449.911,149.911,0.59,0.6,0.4,0.41,0.01,0.01,75737.16,1776543448000
1776543450.323,150.323,0.59,0.6,0.4,0.41,0.01,0.01,75737.16,1776543448000
1776543450.712,150.712,0.59,0.6,0.4,0.41,0.01,0.01,75737.16,1776543449000
1776543451.05,151.05,0.59,0.6,0.4,0.41,0.01,0.01,75737.16,1776543449000
1776543451.431,151.431,0.59,0.6,0.4,0.41,0.01,0.01,75737.16,1776543449000
1776543452.023,152.023,0.59,0.6,0.4,0.41,0.01,0.01,75737.14,1776543450000
1776543452.484,152.484,0.59,0.65,0.36,0.41,0.06,0.05,75737.14,1776543450000
1776543452.874,152.874,0.64,0.65,0.35,0.36,0.01,0.01,75737.15,1776543451000
1776543453.285,153.285,0.64,0.65,0.34,0.36,0.01,0.02,75736.92,1776543452000
1776543453.632,153.632,0.64,0.65,0.35,0.36,0.01,0.01,75736.92,1776543452000
1776543454.01,154.01,0.64,0.65,0.35,0.36,0.01,0.01,75736.92,1776543452000
1776543454.4,154.4,0.64,0.65,0.35,0.36,0.01,0.01,75738.28,1776543453000
1776543454.984,154.984,0.65,0.66,0.34,0.36,0.01,0.02,75738.28,1776543453000
1776543455.44,155.44,0.65,0.66,0.34,0.35,0.01,0.01,75741.74,1776543454000
1776543455.783,155.783,0.65,0.66,0.34,0.35,0.01,0.01,75741.74,1776543454000
1776543457.143,157.143,0.65,0.66,0.34,0.35,0.01,0.01,75741.74,1776543455000
1776543457.809,157.809,0.65,0.66,0.34,0.35,0.01,0.01,75741.78,1776543456000
1776543458.158,158.158,0.65,0.66,0.33,0.35,0.01,0.02,75741.78,1776543456000
1776543458.529,158.529,0.65,0.67,0.34,0.35,0.02,0.01,75741.75,1776543457000
1776543459.038,159.038,0.65,0.66,0.34,0.35,0.01,0.01,75741.75,1776543457000
1776543459.406,159.406,0.66,0.67,0.33,0.34,0.01,0.01,75741.75,1776543457000
1776543459.761,159.761,0.66,0.67,0.33,0.34,0.01,0.01,75741.76,1776543458000
1776543460.251,160.251,0.66,0.67,0.33,0.34,0.01,0.01,75741.76,1776543458000
1776543461.192,161.192,0.66,0.67,0.33,0.34,0.01,0.01,75741.78,1776543459000
1776543461.611,161.611,0.67,0.68,0.33,0.34,0.01,0.01,75741.78,1776543459000
1776543462.067,162.067,0.67,0.68,0.32,0.33,0.01,0.01,75741.78,1776543460000
1776543462.408,162.408,0.67,0.68,0.32,0.33,0.01,0.01,75741.78,1776543461000
1776543463.012,163.012,0.68,0.69,0.31,0.32,0.01,0.01,75741.78,1776543461000
1776543463.537,163.537,0.68,0.69,0.31,0.32,0.01,0.01,75741.78,1776543462000
1776543464.782,164.782,0.68,0.7,0.3,0.32,0.02,0.02,75741.79,1776543463000
1776543465.268,165.268,0.7,0.71,0.3,0.32,0.01,0.02,75741.79,1776543463000
1776543465.614,165.614,0.7,0.71,0.29,0.3,0.01,0.01,75741.79,1776543464000
1776543466.097,166.097,0.7,0.71,0.29,0.3,0.01,0.01,75741.79,1776543464000
1776543466.457,166.457,0.7,0.71,0.29,0.3,0.01,0.01,75741.79,1776543464000
1776543466.886,166.886,0.7,0.71,0.29,0.3,0.01,0.01,75741.84,1776543465000
1776543467.341,167.341,0.7,0.71,0.29,0.3,0.01,0.01,75741.84,1776543466000
1776543468.189,168.189,0.7,0.71,0.29,0.3,0.01,0.01,75741.84,1776543466000
1776543468.655,168.655,0.7,0.71,0.29,0.3,0.01,0.01,75741.84,1776543467000
1776543469.116,169.116,0.7,0.71,0.29,0.3,0.01,0.01,75741.84,1776543468000
1776543469.761,169.761,0.7,0.71,0.29,0.3,0.01,0.01,75741.84,1776543468000
1776543470.179,170.179,0.7,0.71,0.29,0.3,0.01,0.01,75741.84,1776543468000
1776543470.512,170.512,0.7,0.71,0.29,0.3,0.01,0.01,75741.84,1776543469000
1776543471.107,171.107,0.7,0.71,0.29,0.3,0.01,0.01,75741.84,1776543469000
1776543471.778,171.778,0.71,0.72,0.29,0.3,0.01,0.01,75741.84,1776543470000
1776543472.368,172.368,0.72,0.73,0.27,0.29,0.01,0.02,75741.84,1776543470000
1776543472.708,172.708,0.72,0.73,0.27,0.28,0.01,0.01,75741.79,1776543471000
1776543473.066,173.066,0.72,0.73,0.27,0.28,0.01,0.01,75741.9,1776543472000
1776543473.411,173.411,0.72,0.73,0.27,0.28,0.01,0.01,75741.9,1776543472000
1776543473.863,173.863,0.72,0.73,0.27,0.28,0.01,0.01,75741.9,1776543472000
1776543474.258,174.258,0.72,0.74,0.27,0.28,0.02,0.01,75741.9,1776543472000
1776543474.621,174.621,0.73,0.74,0.26,0.27,0.01,0.01,75742.48,1776543473000
1776543475.252,175.252,0.73,0.74,0.26,0.27,0.01,0.01,75742.48,1776543473000
1776543475.654,175.654,0.73,0.74,0.26,0.27,0.01,0.01,75742.46,1776543474000
1776543476.15,176.15,0.73,0.74,0.26,0.27,0.01,0.01,75742.46,1776543474000
1776543476.486,176.486,0.78,0.79,0.21,0.22,0.01,0.01,75742.46,1776543474000
1776543476.825,176.825,0.78,0.8,0.21,0.22,0.02,0.01,75742.46,1776543474000
1776543477.192,177.192,0.78,0.8,0.2,0.22,0.02,0.02,75742.46,1776543474000
1776543477.589,177.589,0.79,0.8,0.2,0.21,0.01,0.01,75742.46,1776543474000
1776543477.926,177.926,0.79,0.8,0.19,0.21,0.01,0.02,75742.46,1776543474000
1776543478.265,178.265,0.79,0.8,0.19,0.21,0.01,0.02,75742.46,1776543474000
1776543478.627,178.627,0.79,0.81,0.2,0.21,0.02,0.01,75742.46,1776543474000
1776543479.015,179.015,0.79,0.82,0.18,0.21,0.03,0.03,75742.46,1776543474000
1776543479.689,179.689,0.79,0.81,0.19,0.21,0.02,0.02,75742.46,1776543474000
1776543480.202,180.202,0.8,0.81,0.18,0.2,0.01,0.02,75742.46,1776543474000
1776543480.648,180.648,0.81,0.82,0.19,0.2,0.01,0.01,75742.46,1776543474000
1776543482.45,182.45,0.8,0.82,0.18,0.2,0.02,0.02,75742.46,1776543474000
1776543483.034,183.034,0.81,0.82,0.18,0.19,0.01,0.01,75742.46,1776543474000
1776543483.41,183.41,0.81,0.82,0.18,0.19,0.01,0.01,75742.46,1776543474000
1776543484.353,184.353,0.81,0.82,0.18,0.19,0.01,0.01,75742.46,1776543474000
1776543485.853,185.853,0.81,0.82,0.18,0.19,0.01,0.01,75742.46,1776543474000
1776543486.187,186.187,0.79,0.8,0.2,0.21,0.01,0.01,75742.46,1776543474000
1776543486.531,186.531,0.79,0.8,0.2,0.21,0.01,0.01,75742.46,1776543474000
1776543486.901,186.901,0.79,0.8,0.2,0.21,0.01,0.01,75742.46,1776543474000
1776543487.242,187.242,0.79,0.8,0.2,0.21,0.01,0.01,75743.89,1776543475000
1776543487.738,187.738,0.79,0.8,0.2,0.21,0.01,0.01,75743.89,1776543475000
1776543488.179,188.179,0.79,0.8,0.2,0.21,0.01,0.01,75743.89,1776543475000
1776543489.782,189.782,0.79,0.8,0.2,0.21,0.01,0.01,75743.89,1776543475000
1776543490.129,190.129,0.78,0.79,0.21,0.22,0.01,0.01,75743.89,1776543475000
1776543490.735,190.735,0.76,0.77,0.23,0.24,0.01,0.01,75743.89,1776543475000
1776543491.142,191.142,0.76,0.77,0.23,0.24,0.01,0.01,75743.89,1776543475000
1776543491.606,191.606,0.76,0.77,0.23,0.24,0.01,0.01,75743.89,1776543475000
1776543492.038,192.038,0.76,0.77,0.23,0.24,0.01,0.01,75743.89,1776543475000
1776543492.582,192.582,0.76,0.77,0.23,0.24,0.01,0.01,75743.89,1776543475000
1776543493.004,193.004,0.76,0.77,0.23,0.24,0.01,0.01,75743.89,1776543475000
1776543493.424,193.424,0.76,0.77,0.23,0.24,0.01,0.01,75752.65,1776543489000
1776543493.91,193.91,0.76,0.77,0.23,0.24,0.01,0.01,75752.65,1776543489000
1776543494.342,194.342,0.76,0.77,0.23,0.24,0.01,0.01,75749.68,1776543490000
1776543494.833,194.833,0.76,0.77,0.23,0.24,0.01,0.01,75749.68,1776543490000
1776543495.517,195.517,0.76,0.77,0.23,0.24,0.01,0.01,75749.68,1776543490000
1776543495.968,195.968,0.78,0.79,0.21,0.22,0.01,0.01,75749.6,1776543491000
1776543496.489,196.489,0.78,0.79,0.21,0.22,0.01,0.01,75749.6,1776543492000
1776543496.828,196.828,0.78,0.79,0.21,0.22,0.01,0.01,75749.6,1776543492000
1776543497.185,197.185,0.78,0.79,0.21,0.22,0.01,0.01,75749.59,1776543493000
1776543497.575,197.575,0.78,0.79,0.21,0.22,0.01,0.01,75749.59,1776543493000
1776543498.187,198.187,0.79,0.8,0.21,0.22,0.01,0.01,75749.59,1776543493000
1776543498.539,198.539,0.8,0.82,0.2,0.21,0.02,0.01,75749.59,1776543493000
1776543499.242,199.242,0.81,0.82,0.18,0.2,0.01,0.02,75749.63,1776543494000
1776543499.589,199.589,0.81,0.82,0.18,0.19,0.01,0.01,75749.72,1776543495000
1776543500.012,200.012,0.81,0.82,0.18,0.19,0.01,0.01,75749.72,1776543495000
1776543500.713,200.713,0.81,0.82,0.18,0.19,0.01,0.01,75749.94,1776543497000
1776543501.137,201.137,0.81,0.82,0.18,0.19,0.01,0.01,75749.94,1776543497000
1776543501.486,201.486,0.81,0.82,0.18,0.19,0.01,0.01,75749.94,1776543497000
1776543501.822,201.822,0.81,0.82,0.18,0.19,0.01,0.01,75751.61,1776543498000
1776543502.531,202.531,0.81,0.82,0.18,0.19,0.01,0.01,75751.61,1776543498000
1776543502.866,202.866,0.81,0.82,0.18,0.19,0.01,0.01,75751.65,1776543499000
1776543503.202,203.202,0.81,0.82,0.18,0.19,0.01,0.01,75751.65,1776543499000
1776543503.548,203.548,0.81,0.83,0.18,0.19,0.02,0.01,75751.65,1776543499000
1776543503.882,203.882,0.82,0.83,0.17,0.18,0.01,0.01,75751.86,1776543500000
1776543504.245,204.245,0.82,0.83,0.17,0.18,0.01,0.01,75751.86,1776543500000
1776543504.663,204.663,0.83,0.84,0.16,0.18,0.01,0.02,75751.86,1776543500000
1776543505.07,205.07,0.84,0.85,0.15,0.17,0.01,0.02,75752.15,1776543501000
1776543505.482,205.482,0.84,0.85,0.15,0.16,0.01,0.01,75752.15,1776543501000
1776543505.823,205.823,0.84,0.85,0.15,0.16,0.01,0.01,75752.15,1776543501000
1776543506.404,206.404,0.84,0.85,0.15,0.16,0.01,0.01,75752.17,1776543502000
1776543506.838,206.838,0.84,0.85,0.15,0.16,0.01,0.01,75752.17,1776543502000
1776543507.527,207.527,0.84,0.85,0.15,0.16,0.01,0.01,75761.43,1776543503000
1776543507.89,207.89,0.84,0.85,0.15,0.16,0.01,0.01,75763.78,1776543504000
1776543508.23,208.23,0.84,0.85,0.15,0.16,0.01,0.01,75763.78,1776543504000
1776543508.597,208.597,0.84,0.85,0.15,0.16,0.01,0.01,75763.78,1776543504000
1776543509.006,209.006,0.84,0.85,0.15,0.16,0.01,0.01,75763.79,1776543505000
1776543509.446,209.446,0.84,0.85,0.15,0.16,0.01,0.01,75763.79,1776543505000
1776543509.865,209.865,0.84,0.85,0.15,0.16,0.01,0.01,75763.79,1776543505000
1776543510.229,210.229,0.84,0.85,0.15,0.16,0.01,0.01,75763.8,1776543506000
1776543510.589,210.589,0.84,0.85,0.15,0.16,0.01,0.01,75763.8,1776543506000
1776543510.936,210.936,0.84,0.85,0.15,0.16,0.01,0.01,75763.8,1776543506000
1776543511.385,211.385,0.84,0.85,0.15,0.16,0.01,0.01,75764.7,1776543507000
1776543511.843,211.843,0.84,0.85,0.15,0.16,0.01,0.01,75764.7,1776543507000
1776543512.216,212.216,0.84,0.85,0.15,0.16,0.01,0.01,75764.71,1776543508000
1776543512.575,212.575,0.84,0.85,0.15,0.16,0.01,0.01,75764.71,1776543508000
1776543512.954,212.954,0.84,0.85,0.15,0.16,0.01,0.01,75764.71,1776543508000
1776543513.291,213.291,0.84,0.85,0.15,0.16,0.01,0.01,75764.78,1776543509000
1776543513.628,213.628,0.84,0.85,0.15,0.16,0.01,0.01,75764.78,1776543509000
1776543513.983,213.983,0.84,0.85,0.15,0.16,0.01,0.01,75764.77,1776543511000
1776543514.34,214.34,0.84,0.85,0.15,0.16,0.01,0.01,75764.77,1776543511000
1776543514.74,214.74,0.84,0.85,0.15,0.16,0.01,0.01,75764.77,1776543511000
1776543515.159,215.159,0.84,0.85,0.15,0.16,0.01,0.01,75764.77,1776543512000
1776543515.551,215.551,0.84,0.85,0.15,0.16,0.01,0.01,75764.77,1776543512000
1776543515.891,215.891,0.84,0.85,0.15,0.16,0.01,0.01,75764.84,1776543513000
1776543516.426,216.426,0.84,0.85,0.15,0.16,0.01,0.01,75764.84,1776543513000
1776543516.821,216.821,0.84,0.85,0.15,0.16,0.01,0.01,75764.84,1776543513000
1776543517.318,217.318,0.84,0.85,0.15,0.16,0.01,0.01,75764.77,1776543514000
1776543517.768,217.768,0.84,0.85,0.15,0.16,0.01,0.01,75764.77,1776543514000
1776543518.19,218.19,0.84,0.85,0.15,0.16,0.01,0.01,75764.77,1776543515000
1776543518.749,218.749,0.84,0.85,0.15,0.16,0.01,0.01,75764.77,1776543515000
1776543519.318,219.318,0.84,0.85,0.15,0.16,0.01,0.01,75764.73,1776543516000
1776543519.746,219.746,0.84,0.85,0.15,0.16,0.01,0.01,75764.73,1776543516000
1776543520.109,220.109,0.84,0.85,0.15,0.16,0.01,0.01,75764.73,1776543516000
1776543520.706,220.706,0.84,0.85,0.15,0.16,0.01,0.01,75764.73,1776543517000
1776543521.047,221.047,0.84,0.85,0.15,0.16,0.01,0.01,75764.77,1776543518000
1776543521.381,221.381,0.84,0.85,0.15,0.16,0.01,0.01,75764.77,1776543518000
1776543521.754,221.754,0.84,0.85,0.15,0.16,0.01,0.01,75764.77,1776543519000
1776543522.267,222.267,0.84,0.85,0.15,0.16,0.01,0.01,75764.77,1776543519000
1776543522.934,222.934,0.84,0.85,0.15,0.16,0.01,0.01,75764.77,1776543519000
1776543523.628,223.628,0.84,0.85,0.15,0.16,0.01,0.01,75764.86,1776543520000
1776543524.145,224.145,0.84,0.85,0.15,0.16,0.01,0.01,75764.91,1776543521000
1776543524.498,224.498,0.84,0.85,0.15,0.16,0.01,0.01,75764.91,1776543521000
1776543525.023,225.023,0.84,0.85,0.15,0.16,0.01,0.01,75764.91,1776543521000
1776543525.554,225.554,0.84,0.85,0.15,0.16,0.01,0.01,75765.01,1776543522000
1776543525.905,225.905,0.84,0.85,0.15,0.16,0.01,0.01,75765.03,1776543523000
1776543526.698,226.698,0.84,0.85,0.15,0.16,0.01,0.01,75765.03,1776543523000
1776543527.13,227.13,0.84,0.85,0.15,0.16,0.01,0.01,75765.02,1776543524000
1776543527.693,227.693,0.84,0.85,0.15,0.16,0.01,0.01,75765.02,1776543524000
1776543528.143,228.143,0.84,0.85,0.15,0.16,0.01,0.01,75765.02,1776543524000
1776543528.517,228.517,0.84,0.85,0.15,0.16,0.01,0.01,75765.02,1776543525000
1776543529.023,229.023,0.84,0.85,0.15,0.16,0.01,0.01,75765.02,1776543525000
1776543529.367,229.367,0.84,0.85,0.15,0.16,0.01,0.01,75765.02,1776543525000
1776543530.008,230.008,0.84,0.85,0.15,0.16,0.01,0.01,75764.98,1776543527000
1776543530.388,230.388,0.84,0.85,0.15,0.16,0.01,0.01,75764.98,1776543527000
1776543530.721,230.721,0.84,0.85,0.15,0.16,0.01,0.01,75764.98,1776543527000
1776543531.126,231.126,0.84,0.85,0.15,0.16,0.01,0.01,75765.05,1776543528000
1776543531.497,231.497,0.84,0.85,0.15,0.16,0.01,0.01,75765.05,1776543528000
1776543532.163,232.163,0.83,0.84,0.16,0.17,0.01,0.01,75765.05,1776543529000
1776543532.573,232.573,0.81,0.82,0.16,0.2,0.01,0.04,75765.05,1776543529000
1776543532.974,232.974,0.81,0.82,0.18,0.19,0.01,0.01,75765.33,1776543530000
1776543533.307,233.307,0.81,0.82,0.18,0.19,0.01,0.01,75765.05,1776543531000
1776543533.652,233.652,0.8,0.81,0.19,0.2,0.01,0.01,75765.05,1776543531000
1776543534.002,234.002,0.8,0.81,0.19,0.2,0.01,0.01,75765.05,1776543531000
1776543534.379,234.379,0.8,0.81,0.19,0.2,0.01,0.01,75765.05,1776543531000
1776543534.88,234.88,0.8,0.81,0.19,0.2,0.01,0.01,75760.5,1776543532000
1776543535.263,235.263,0.8,0.81,0.19,0.2,0.01,0.01,75760.5,1776543532000
1776543535.698,235.698,0.79,0.8,0.2,0.21,0.01,0.01,75760.51,1776543533000
1776543536.179,236.179,0.78,0.79,0.2,0.22,0.01,0.02,75760.51,1776543533000
1776543536.604,236.604,0.78,0.79,0.21,0.22,0.01,0.01,75760.51,1776543533000
1776543536.993,236.993,0.78,0.79,0.21,0.22,0.01,0.01,75760.51,1776543534000
1776543537.333,237.333,0.78,0.79,0.21,0.22,0.01,0.01,75760.51,1776543534000
1776543537.842,237.842,0.78,0.79,0.21,0.22,0.01,0.01,75759.41,1776543535000
1776543538.26,238.26,0.78,0.79,0.2,0.22,0.01,0.02,75759.41,1776543535000
1776543538.812,238.812,0.78,0.79,0.21,0.22,0.01,0.01,75759.41,1776543536000
1776543539.165,239.165,0.78,0.79,0.21,0.22,0.01,0.01,75759.41,1776543536000
1776543539.502,239.502,0.78,0.79,0.21,0.22,0.01,0.01,75757.29,1776543537000
1776543540.194,240.194,0.78,0.79,0.21,0.22,0.01,0.01,75757.29,1776543537000
1776543540.541,240.541,0.77,0.78,0.22,0.23,0.01,0.01,75757.29,1776543537000
1776543541.001,241.001,0.78,0.79,0.22,0.23,0.01,0.01,75757.29,1776543537000
1776543541.366,241.366,0.79,0.83,0.2,0.21,0.04,0.01,75756.97,1776543538000
1776543541.7,241.7,0.82,0.83,0.17,0.18,0.01,0.01,75756.97,1776543538000
1776543542.109,242.109,0.82,0.83,0.17,0.18,0.01,0.01,75756.97,1776543539000
1776543542.721,242.721,0.82,0.83,0.17,0.18,0.01,0.01,75756.92,1776543540000
1776543543.158,243.158,0.82,0.83,0.17,0.18,0.01,0.01,75756.92,1776543540000
1776543543.502,243.502,0.82,0.84,0.17,0.18,0.02,0.01,75756.92,1776543541000
1776543543.837,243.837,0.83,0.84,0.16,0.17,0.01,0.01,75756.92,1776543541000
1776543544.334,244.334,0.83,0.84,0.16,0.17,0.01,0.01,75756.92,1776543541000
1776543544.708,244.708,0.84,0.85,0.15,0.16,0.01,0.01,75756.92,1776543541000
1776543545.107,245.107,0.84,0.85,0.15,0.16,0.01,0.01,75756.93,1776543542000
1776543545.7,245.7,0.84,0.85,0.15,0.17,0.01,0.02,75756.93,1776543542000
1776543546.059,246.059,0.84,0.85,0.15,0.16,0.01,0.01,75759.52,1776543543000
1776543546.497,246.497,0.84,0.85,0.15,0.16,0.01,0.01,75759.52,1776543543000
1776543546.833,246.833,0.84,0.85,0.15,0.16,0.01,0.01,75759.52,1776543543000
1776543547.208,247.208,0.83,0.84,0.16,0.17,0.01,0.01,75760.2,1776543544000
1776543547.826,247.826,0.83,0.84,0.16,0.17,0.01,0.01,75760.2,1776543544000
1776543548.165,248.165,0.83,0.84,0.16,0.17,0.01,0.01,75761.58,1776543545000
1776543548.536,248.536,0.82,0.83,0.17,0.18,0.01,0.01,75761.58,1776543545000
1776543549.019,249.019,0.82,0.83,0.17,0.18,0.01,0.01,75761.58,1776543545000
1776543549.365,249.365,0.82,0.83,0.17,0.18,0.01,0.01,75763.04,1776543546000
1776543549.802,249.802,0.82,0.83,0.17,0.18,0.01,0.01,75763.04,1776543546000
1776543550.32,250.32,0.82,0.83,0.17,0.18,0.01,0.01,75763.04,1776543546000
1776543550.742,250.742,0.83,0.85,0.16,0.18,0.02,0.02,75764.49,1776543547000
1776543551.139,251.139,0.84,0.85,0.15,0.16,0.01,0.01,75764.49,1776543547000
1776543551.744,251.744,0.84,0.85,0.15,0.16,0.01,0.01,75763.65,1776543548000
1776543552.195,252.195,0.84,0.85,0.15,0.16,0.01,0.01,75763.65,1776543548000
1776543552.588,252.588,0.84,0.85,0.15,0.16,0.01,0.01,75763.72,1776543549000
1776543553.274,253.274,0.84,0.85,0.15,0.16,0.01,0.01,75763.72,1776543549000
1776543553.61,253.61,0.84,0.85,0.15,0.16,0.01,0.01,75763.72,1776543549000
1776543554.075,254.075,0.86,0.87,0.13,0.16,0.01,0.03,75763.84,1776543550000
1776543554.41,254.41,0.86,0.87,0.13,0.14,0.01,0.01,75763.84,1776543550000
1776543554.777,254.777,0.86,0.87,0.13,0.14,0.01,0.01,75763.84,1776543550000
1776543555.17,255.17,0.87,0.88,0.12,0.13,0.01,0.01,75764.24,1776543551000
1776543555.505,255.505,0.88,0.89,0.11,0.12,0.01,0.01,75764.24,1776543551000
1776543555.847,255.847,0.89,0.9,0.1,0.11,0.01,0.01,75764.24,1776543551000
1776543556.219,256.219,0.89,0.9,0.1,0.11,0.01,0.01,75764.24,1776543552000
1776543556.552,256.552,0.89,0.9,0.1,0.11,0.01,0.01,75764.24,1776543552000
1776543556.896,256.896,0.89,0.9,0.1,0.11,0.01,0.01,75764.24,1776543552000
1776543557.243,257.243,0.89,0.9,0.1,0.11,0.01,0.01,75764.24,1776543553000
1776543557.614,257.614,0.89,0.9,0.1,0.11,0.01,0.01,75764.24,1776543553000
1776543557.95,257.95,0.89,0.9,0.1,0.11,0.01,0.01,75764.55,1776543554000
1776543558.297,258.297,0.89,0.9,0.1,0.11,0.01,0.01,75764.55,1776543554000
1776543558.719,258.719,0.89,0.9,0.1,0.11,0.01,0.01,75764.55,1776543554000
1776543559.31,259.31,0.89,0.9,0.1,0.11,0.01,0.01,75766.2,1776543555000
1776543559.644,259.644,0.89,0.9,0.1,0.11,0.01,0.01,75766.2,1776543555000
1776543560.072,260.072,0.89,0.9,0.1,0.11,0.01,0.01,75769.28,1776543556000
1776543560.407,260.407,0.89,0.9,0.1,0.11,0.01,0.01,75769.28,1776543556000
1776543560.751,260.751,0.89,0.9,0.1,0.11,0.01,0.01,75774.05,1776543557000
1776543561.094,261.094,0.89,0.9,0.1,0.11,0.01,0.01,75774.05,1776543557000
1776543561.504,261.504,0.89,0.9,0.1,0.11,0.01,0.01,75774.05,1776543557000
1776543561.852,261.852,0.89,0.9,0.09,0.11,0.01,0.02,75774.05,1776543557000
1776543562.243,262.243,0.89,0.9,0.09,0.11,0.01,0.02,75773.73,1776543558000
1776543562.61,262.61,0.95,0.96,0.03,0.05,0.01,0.02,75773.93,1776543559000
1776543562.956,262.956,0.95,0.96,0.04,0.05,0.01,0.01,75773.93,1776543559000
1776543563.292,263.292,0.96,0.97,0.03,0.04,0.01,0.01,75773.93,1776543559000
1776543563.659,263.659,0.96,0.97,0.03,0.04,0.01,0.01,75773.93,1776543559000
1776543564.021,264.021,0.97,0.98,0.02,0.04,0.01,0.02,75773.93,1776543559000
1776543564.355,264.355,0.97,0.98,0.02,0.03,0.01,0.01,75773.94,1776543560000
1776543564.703,264.703,0.97,0.98,0.02,0.03,0.01,0.01,75773.94,1776543560000
1776543565.078,265.078,0.97,0.98,0.02,0.03,0.01,0.01,75773.94,1776543560000
1776543565.529,265.529,0.97,0.98,0.02,0.03,0.01,0.01,75773.94,1776543561000
1776543565.919,265.919,0.97,0.98,0.02,0.03,0.01,0.01,75773.94,1776543561000
1776543566.269,266.269,0.97,0.98,0.02,0.03,0.01,0.01,75773.94,1776543561000
1776543566.656,266.656,0.97,0.98,0.02,0.03,0.01,0.01,75773.59,1776543562000
1776543567.044,267.044,0.97,0.98,0.02,0.03,0.01,0.01,75773.59,1776543562000
1776543567.412,267.412,0.98,0.99,0.02,0.03,0.01,0.01,75787.93,1776543563000
1776543567.752,267.752,0.98,0.99,0.01,0.02,0.01,0.01,75787.93,1776543563000
1776543568.114,268.114,0.98,0.99,0.01,0.02,0.01,0.01,75787.93,1776543563000
1776543568.505,268.505,0.98,0.99,0.01,0.02,0.01,0.01,75787.93,1776543563000
1776543568.962,268.962,0.98,0.99,0.01,0.02,0.01,0.01,75794.47,1776543564000
1776543569.379,269.379,0.98,0.99,0.01,0.02,0.01,0.01,75794.47,1776543564000
1776543569.768,269.768,0.98,0.99,0.01,0.02,0.01,0.01,75794.47,1776543564000
1776543570.17,270.17,0.98,0.99,0.01,0.02,0.01,0.01,75795.72,1776543565000
1776543570.582,270.582,0.98,0.99,0.01,0.02,0.01,0.01,75795.72,1776543565000
1776543570.922,270.922,0.98,0.99,0.01,0.02,0.01,0.01,75795.72,1776543565000
1776543571.267,271.267,0.98,0.99,0.01,0.02,0.01,0.01,75795.83,1776543566000
1776543571.612,271.612,0.98,0.99,0.01,0.02,0.01,0.01,75795.83,1776543566000
1776543572.013,272.013,0.98,0.99,0.01,0.02,0.01,0.01,75795.83,1776543566000
1776543572.503,272.503,0.98,0.99,0.01,0.02,0.01,0.01,75795.82,1776543567000
1776543572.988,272.988,0.98,0.99,0.01,0.02,0.01,0.01,75795.82,1776543567000
1776543573.338,273.338,0.98,0.99,0.01,0.02,0.01,0.01,75795.82,1776543567000
1776543573.679,273.679,0.98,0.99,0.01,0.02,0.01,0.01,75795.83,1776543568000
1776543574.049,274.049,0.98,0.99,0.01,0.02,0.01,0.01,75795.94,1776543569000
1776543574.462,274.462,0.98,0.99,0.01,0.02,0.01,0.01,75795.94,1776543569000
1776543574.914,274.914,0.98,0.99,0.01,0.02,0.01,0.01,75795.94,1776543569000
1776543575.332,275.332,0.98,0.99,0.01,0.02,0.01,0.01,75795.94,1776543569000
1776543575.682,275.682,0.98,0.99,0.01,0.02,0.01,0.01,75795.94,1776543569000
1776543576.109,276.109,0.98,0.99,0.01,0.02,0.01,0.01,75797.38,1776543570000
1776543576.51,276.51,0.98,0.99,0.01,0.02,0.01,0.01,75797.38,1776543570000
1776543576.961,276.961,0.98,0.99,0.01,0.02,0.01,0.01,75797.39,1776543571000
1776543577.41,277.41,0.98,0.99,0.01,0.02,0.01,0.01,75797.39,1776543571000
1776543577.888,277.888,0.99,0.99,0.01,0.01,0.0,0.0,75797.39,1776543571000
1776543578.466,278.466,0.99,0.99,0.01,0.01,0.0,0.0,75795.94,1776543572000
1776543578.856,278.856,0.99,0.99,0.01,0.01,0.0,0.0,75795.94,1776543573000
1776543579.38,279.38,0.99,0.99,0.01,0.01,0.0,0.0,75795.94,1776543573000
1776543579.856,279.856,0.99,0.99,0.01,0.01,0.0,0.0,75795.94,1776543573000
1776543580.254,280.254,0.99,0.99,0.01,0.01,0.0,0.0,75793.71,1776543574000
1776543580.61,280.61,0.98,0.99,0.01,0.02,0.01,0.01,75793.71,1776543574000
1776543581.122,281.122,0.98,0.99,0.01,0.02,0.01,0.01,75793.43,1776543575000
1776543581.457,281.457,0.98,0.99,0.01,0.02,0.01,0.01,75793.43,1776543575000
1776543581.813,281.813,0.98,0.99,0.01,0.02,0.01,0.01,75793.43,1776543575000
1776543582.167,282.167,0.98,0.99,0.01,0.02,0.01,0.01,75793.43,1776543575000
1776543582.502,282.502,0.98,0.99,0.01,0.02,0.01,0.01,75791.62,1776543576000
1776543582.854,282.854,0.98,0.99,0.01,0.02,0.01,0.01,75791.62,1776543576000
1776543583.188,283.188,0.98,0.99,0.01,0.02,0.01,0.01,75791.62,1776543576000
1776543583.627,283.627,0.98,0.99,0.01,0.02,0.01,0.01,75793.14,1776543577000
1776543584.017,284.017,0.98,0.99,0.01,0.02,0.01,0.01,75793.14,1776543577000
1776543584.581,284.581,0.98,0.99,0.01,0.02,0.01,0.01,75793.14,1776543578000
1776543584.916,284.916,0.98,0.99,0.01,0.02,0.01,0.01,75793.14,1776543578000
1776543585.253,285.253,0.98,0.99,0.01,0.02,0.01,0.01,75793.14,1776543578000
1776543585.613,285.613,0.98,0.99,0.01,0.02,0.01,0.01,75793.14,1776543578000
1776543586.026,286.026,0.98,0.99,0.01,0.02,0.01,0.01,75791.74,1776543579000
1776543586.364,286.364,0.95,0.96,0.04,0.05,0.01,0.01,75791.74,1776543580000
1776543586.703,286.703,0.93,0.95,0.05,0.09,0.02,0.04,75791.74,1776543580000
1776543587.103,287.103,0.86,0.91,0.09,0.14,0.05,0.05,75791.74,1776543580000
1776543587.545,287.545,0.89,0.9,0.1,0.11,0.01,0.01,75791.74,1776543580000
1776543588.057,288.057,0.9,0.91,0.09,0.1,0.01,0.01,75792.48,1776543581000
1776543588.395,288.395,0.67,0.69,0.3,0.33,0.02,0.03,75792.48,1776543581000
1776543588.737,288.737,0.59,0.7,0.3,0.41,0.11,0.11,75791.98,1776543582000
1776543589.072,289.072,0.65,0.67,0.33,0.35,0.02,0.02,75791.98,1776543582000
1776543589.413,289.413,0.65,0.66,0.34,0.35,0.01,0.01,75791.98,1776543582000
1776543589.892,289.892,0.65,0.66,0.34,0.35,0.01,0.01,75791.96,1776543583000
1776543590.225,290.225,0.46,0.55,0.45,0.54,0.09,0.09,75791.96,1776543584000
1776543590.563,290.563,0.45,0.5,0.5,0.53,0.05,0.03,75791.96,1776543584000
1776543590.92,290.92,0.33,0.38,0.62,0.67,0.05,0.05,75791.96,1776543584000
1776543591.253,291.253,0.33,0.34,0.66,0.68,0.01,0.02,75791.96,1776543584000
1776543591.59,291.59,0.27,0.31,0.72,0.74,0.04,0.02,75791.97,1776543585000
1776543591.967,291.967,0.26,0.27,0.73,0.74,0.01,0.01,75791.97,1776543585000
1776543592.305,292.305,0.26,0.27,0.73,0.74,0.01,0.01,75791.97,1776543585000
1776543592.684,292.684,0.24,0.25,0.74,0.8,0.01,0.06,75791.97,1776543585000
1776543593.11,293.11,0.2,0.21,0.78,0.79,0.01,0.01,75789.43,1776543586000
1776543593.443,293.443,0.17,0.18,0.82,0.83,0.01,0.01,75789.43,1776543586000
1776543593.779,293.779,0.12,0.14,0.85,0.89,0.02,0.04,75771.17,1776543587000
1776543594.121,294.121,0.18,0.19,0.81,0.82,0.01,0.01,75771.17,1776543587000
1776543594.496,294.496,0.18,0.19,0.81,0.82,0.01,0.01,75771.17,1776543587000
1776543594.978,294.978,0.18,0.19,0.81,0.82,0.01,0.01,75754.17,1776543588000
1776543595.354,295.354,0.18,0.19,0.81,0.82,0.01,0.01,75754.17,1776543588000
1776543595.691,295.691,0.05,0.18,0.82,0.95,0.13,0.13,75754.17,1776543588000
1776543596.046,296.046,0.04,0.07,0.93,0.96,0.03,0.03,75748.53,1776543589000
1776543596.512,296.512,0.04,0.05,0.95,0.96,0.01,0.01,75748.53,1776543589000
1776543596.846,296.846,0.03,0.04,0.96,0.97,0.01,0.01,75748.53,1776543590000
1776543597.193,297.193,0.02,0.03,0.97,0.98,0.01,0.01,75748.53,1776543590000
1776543597.528,297.528,0.02,0.03,0.97,0.98,0.01,0.01,75748.53,1776543590000
1776543597.864,297.864,0.02,0.03,0.97,0.98,0.01,0.01,75748.53,1776543590000
1776543598.197,298.197,0.01,0.03,0.98,0.99,0.02,0.01,75737.1,1776543591000
1776543598.545,298.545,0.01,0.01,0.99,0.99,0.0,0.0,75737.1,1776543591000
1776543599.018,299.018,0.01,0.01,0.99,0.99,0.0,0.0,75737.1,1776543591000
1776543599.367,299.367,0.01,0.01,0.99,0.99,0.0,0.0,75731.14,1776543592000
1776543599.7,299.7,0.01,0.01,0.99,0.99,0.0,0.0,75731.14,1776543592000
1776543600.037,300.037,0.01,0.01,0.99,0.99,0.0,0.0,75731.14,1776543592000
1776543600.407,300.407,0.01,0.01,0.99,0.99,0.0,0.0,75730.29,1776543593000
1776543600.784,300.784,0.01,0.01,0.99,0.99,0.0,0.0,75730.29,1776543593000

# RESULT,winner=Up,slug=btc-updown-5m-1776543300,ticks=661
