timestamp,elapsed_sec,up_bid,up_ask,down_bid,down_ask,up_spread,down_spread,btc_price,btc_oracle_ts
1777257000.567,0.567,0.5,0.52,0.48,0.5,0.02,0.02,79134.91,1777256999000
1777257001.09,1.09,0.51,0.52,0.48,0.49,0.01,0.01,79135.2,1777257000000
1777257001.43,1.43,0.53,0.57,0.44,0.47,0.04,0.03,79135.2,1777257000000
1777257001.812,1.812,0.56,0.57,0.43,0.44,0.01,0.01,79135.2,1777257000000
1777257002.329,2.329,0.56,0.57,0.43,0.44,0.01,0.01,79135.78,1777257001000
1777257002.674,2.674,0.56,0.57,0.43,0.44,0.01,0.01,79135.78,1777257001000
1777257003.019,3.019,0.56,0.57,0.4,0.44,0.01,0.04,79135.78,1777257001000
1777257003.381,3.381,0.57,0.58,0.42,0.43,0.01,0.01,79141.36,1777257002000
1777257003.733,3.733,0.57,0.58,0.42,0.43,0.01,0.01,79141.36,1777257002000
1777257004.27,4.27,0.57,0.58,0.42,0.43,0.01,0.01,79141.36,1777257002000
1777257004.639,4.639,0.56,0.57,0.42,0.44,0.01,0.02,79146.3,1777257003000
1777257005.007,5.007,0.55,0.57,0.43,0.44,0.02,0.01,79146.3,1777257003000
1777257005.349,5.349,0.5,0.51,0.49,0.5,0.01,0.01,79146.3,1777257003000
1777257005.828,5.828,0.5,0.51,0.49,0.5,0.01,0.01,79148.92,1777257004000
1777257006.177,6.177,0.5,0.51,0.49,0.5,0.01,0.01,79149.42,1777257005000
1777257006.522,6.522,0.46,0.51,0.49,0.52,0.05,0.03,79149.42,1777257005000
1777257006.956,6.956,0.46,0.47,0.53,0.54,0.01,0.01,79149.42,1777257005000
1777257007.352,7.352,0.46,0.47,0.53,0.54,0.01,0.01,79146.86,1777257006000
1777257007.939,7.939,0.46,0.47,0.53,0.54,0.01,0.01,79146.86,1777257006000
1777257008.445,8.445,0.46,0.47,0.53,0.54,0.01,0.01,79143.01,1777257007000
1777257008.939,8.939,0.46,0.47,0.53,0.54,0.01,0.01,79143.01,1777257007000
1777257009.38,9.38,0.45,0.46,0.54,0.55,0.01,0.01,79143.01,1777257007000
1777257009.754,9.754,0.45,0.46,0.54,0.55,0.01,0.01,79139.09,1777257008000
1777257010.11,10.11,0.45,0.46,0.54,0.55,0.01,0.01,79139.09,1777257008000
1777257010.535,10.535,0.45,0.46,0.54,0.55,0.01,0.01,79138.98,1777257009000
1777257010.967,10.967,0.45,0.46,0.54,0.55,0.01,0.01,79138.98,1777257009000
1777257011.32,11.32,0.45,0.46,0.54,0.55,0.01,0.01,79138.68,1777257010000
1777257012.067,12.067,0.45,0.46,0.54,0.55,0.01,0.01,79138.68,1777257010000
1777257012.418,12.418,0.45,0.46,0.54,0.55,0.01,0.01,79139.06,1777257011000
1777257013.096,13.096,0.45,0.46,0.54,0.55,0.01,0.01,79139.06,1777257011000
1777257013.46,13.46,0.44,0.46,0.54,0.55,0.02,0.01,79139.06,1777257011000
1777257013.843,13.843,0.44,0.45,0.54,0.56,0.01,0.02,79136.66,1777257012000
1777257014.423,14.423,0.44,0.45,0.55,0.56,0.01,0.01,79136.65,1777257013000
1777257014.854,14.854,0.44,0.45,0.55,0.56,0.01,0.01,79136.65,1777257013000
1777257015.33,15.33,0.44,0.45,0.55,0.56,0.01,0.01,79136.65,1777257013000
1777257015.686,15.686,0.44,0.45,0.55,0.56,0.01,0.01,79134.4,1777257014000
1777257016.42,16.42,0.44,0.45,0.55,0.56,0.01,0.01,79134.4,1777257015000
1777257017.259,17.259,0.44,0.45,0.55,0.56,0.01,0.01,79134.4,1777257015000
1777257017.783,17.783,0.44,0.45,0.55,0.56,0.01,0.01,79132.88,1777257016000
1777257018.407,18.407,0.44,0.45,0.55,0.56,0.01,0.01,79132.91,1777257017000
1777257018.936,18.936,0.44,0.45,0.55,0.56,0.01,0.01,79132.84,1777257018000
1777257020.125,20.125,0.44,0.47,0.55,0.56,0.03,0.01,79132.84,1777257018000
1777257020.557,20.557,0.46,0.47,0.53,0.54,0.01,0.01,79134.02,1777257019000
1777257021.43,21.43,0.46,0.47,0.53,0.54,0.01,0.01,79134.08,1777257020000
1777257021.964,21.964,0.46,0.47,0.53,0.54,0.01,0.01,79134.08,1777257021000
1777257022.43,22.43,0.47,0.48,0.53,0.54,0.01,0.01,79134.08,1777257021000
1777257023.119,23.119,0.47,0.48,0.52,0.53,0.01,0.01,79135.18,1777257022000
1777257023.936,23.936,0.47,0.48,0.52,0.53,0.01,0.01,79135.18,1777257022000
1777257024.332,24.332,0.47,0.48,0.52,0.53,0.01,0.01,79134.39,1777257023000
1777257024.78,24.78,0.47,0.5,0.52,0.53,0.03,0.01,79134.39,1777257023000
1777257025.149,25.149,0.53,0.55,0.46,0.47,0.02,0.01,79134.39,1777257023000
1777257025.498,25.498,0.56,0.57,0.43,0.44,0.01,0.01,79131.53,1777257024000
1777257025.914,25.914,0.56,0.57,0.43,0.44,0.01,0.01,79131.53,1777257024000
1777257026.387,26.387,0.56,0.58,0.43,0.44,0.02,0.01,79131.53,1777257024000
1777257026.724,26.724,0.61,0.62,0.38,0.39,0.01,0.01,79131.53,1777257024000
1777257027.09,27.09,0.61,0.62,0.38,0.39,0.01,0.01,79131.53,1777257024000
1777257027.664,27.664,0.61,0.62,0.38,0.39,0.01,0.01,79142.98,1777257026000
1777257028.23,28.23,0.61,0.62,0.38,0.39,0.01,0.01,79142.98,1777257026000
1777257028.586,28.586,0.61,0.62,0.38,0.39,0.01,0.01,79142.98,1777257026000
1777257029.013,29.013,0.59,0.6,0.38,0.41,0.01,0.03,79145.07,1777257027000
1777257029.757,29.757,0.59,0.6,0.4,0.41,0.01,0.01,79147.88,1777257028000
1777257030.109,30.109,0.59,0.6,0.4,0.41,0.01,0.01,79148.6,1777257029000
1777257030.647,30.647,0.59,0.6,0.4,0.41,0.01,0.01,79148.6,1777257029000
1777257031.295,31.295,0.58,0.59,0.41,0.42,0.01,0.01,79148.6,1777257029000
1777257032.115,32.115,0.58,0.59,0.41,0.42,0.01,0.01,79148.62,1777257030000
1777257032.461,32.461,0.55,0.56,0.41,0.45,0.01,0.04,79148.62,1777257030000
1777257032.899,32.899,0.55,0.56,0.44,0.45,0.01,0.01,79149.16,1777257031000
1777257033.45,33.45,0.55,0.56,0.44,0.45,0.01,0.01,79149.16,1777257031000
1777257033.848,33.848,0.55,0.56,0.44,0.45,0.01,0.01,79149.29,1777257032000
1777257034.253,34.253,0.55,0.59,0.41,0.45,0.04,0.04,79149.05,1777257033000
1777257034.63,34.63,0.6,0.61,0.38,0.42,0.01,0.04,79149.05,1777257033000
1777257035.169,35.169,0.6,0.61,0.39,0.4,0.01,0.01,79149.05,1777257033000
1777257035.625,35.625,0.6,0.61,0.39,0.4,0.01,0.01,79148.71,1777257034000
1777257036.025,36.025,0.6,0.61,0.39,0.4,0.01,0.01,79148.71,1777257034000
1777257036.458,36.458,0.6,0.61,0.39,0.4,0.01,0.01,79148.88,1777257035000
1777257036.832,36.832,0.6,0.61,0.39,0.4,0.01,0.01,79148.88,1777257035000
1777257037.241,37.241,0.6,0.61,0.39,0.4,0.01,0.01,79148.88,1777257035000
1777257037.636,37.636,0.6,0.61,0.39,0.4,0.01,0.01,79149.09,1777257036000
1777257038.166,38.166,0.61,0.62,0.38,0.4,0.01,0.02,79149.09,1777257036000
1777257038.756,38.756,0.62,0.63,0.37,0.39,0.01,0.02,79149.09,1777257036000
1777257039.244,39.244,0.62,0.63,0.37,0.38,0.01,0.01,79148.44,1777257037000
1777257039.591,39.591,0.62,0.63,0.37,0.38,0.01,0.01,79148.44,1777257037000
1777257040.147,40.147,0.62,0.63,0.37,0.38,0.01,0.01,79150.22,1777257038000
1777257040.631,40.631,0.62,0.63,0.37,0.38,0.01,0.01,79150.29,1777257039000
1777257041.068,41.068,0.62,0.63,0.37,0.38,0.01,0.01,79150.29,1777257039000
1777257041.565,41.565,0.63,0.64,0.37,0.38,0.01,0.01,79150.85,1777257040000
1777257042.019,42.019,0.63,0.64,0.36,0.37,0.01,0.01,79150.85,1777257040000
1777257042.447,42.447,0.63,0.64,0.36,0.37,0.01,0.01,79150.85,1777257040000
1777257042.793,42.793,0.59,0.62,0.38,0.39,0.03,0.01,79150.85,1777257041000
1777257043.612,43.612,0.59,0.64,0.38,0.41,0.05,0.03,79150.85,1777257041000
1777257043.956,43.956,0.7,0.72,0.29,0.3,0.02,0.01,79151.07,1777257042000
1777257044.305,44.305,0.67,0.72,0.26,0.29,0.05,0.03,79151.07,1777257042000
1777257044.714,44.714,0.73,0.74,0.26,0.27,0.01,0.01,79151.1,1777257043000
1777257045.054,45.054,0.73,0.74,0.26,0.27,0.01,0.01,79151.1,1777257043000
1777257045.441,45.441,0.73,0.74,0.25,0.27,0.01,0.02,79157.14,1777257044000
1777257045.781,45.781,0.74,0.75,0.25,0.26,0.01,0.01,79157.14,1777257044000
1777257046.12,46.12,0.74,0.75,0.25,0.26,0.01,0.01,79157.14,1777257044000
1777257046.589,46.589,0.72,0.74,0.26,0.28,0.02,0.02,79175.02,1777257045000
1777257046.954,46.954,0.72,0.73,0.27,0.28,0.01,0.01,79175.02,1777257045000
1777257047.333,47.333,0.72,0.73,0.27,0.28,0.01,0.01,79177.6,1777257046000
1777257047.677,47.677,0.72,0.73,0.27,0.28,0.01,0.01,79177.6,1777257046000
1777257048.067,48.067,0.72,0.73,0.27,0.28,0.01,0.01,79177.6,1777257046000
1777257048.446,48.446,0.72,0.73,0.27,0.28,0.01,0.01,79176.61,1777257047000
1777257048.842,48.842,0.72,0.73,0.27,0.28,0.01,0.01,79176.61,1777257047000
1777257049.243,49.243,0.71,0.73,0.27,0.29,0.02,0.02,79176.01,1777257048000
1777257050.176,50.176,0.71,0.72,0.28,0.29,0.01,0.01,79176.01,1777257048000
1777257050.595,50.595,0.71,0.72,0.28,0.29,0.01,0.01,79175.82,1777257049000
1777257051.003,51.003,0.71,0.72,0.28,0.29,0.01,0.01,79175.82,1777257049000
1777257051.375,51.375,0.72,0.73,0.28,0.29,0.01,0.01,79176.5,1777257050000
1777257051.837,51.837,0.72,0.73,0.27,0.28,0.01,0.01,79176.5,1777257050000
1777257052.172,52.172,0.72,0.73,0.27,0.28,0.01,0.01,79176.5,1777257050000
1777257052.519,52.519,0.72,0.73,0.27,0.28,0.01,0.01,79176.74,1777257051000
1777257052.944,52.944,0.72,0.73,0.27,0.28,0.01,0.01,79176.74,1777257051000
1777257053.287,53.287,0.7,0.71,0.27,0.3,0.01,0.03,79176.74,1777257051000
1777257053.633,53.633,0.7,0.71,0.29,0.3,0.01,0.01,79176.15,1777257052000
1777257054.036,54.036,0.7,0.71,0.29,0.3,0.01,0.01,79176.15,1777257052000
1777257054.452,54.452,0.73,0.74,0.25,0.27,0.01,0.02,79176.15,1777257052000
1777257054.874,54.874,0.73,0.74,0.26,0.27,0.01,0.01,79176.15,1777257052000
1777257055.227,55.227,0.73,0.74,0.26,0.27,0.01,0.01,79176.15,1777257052000
1777257055.598,55.598,0.74,0.75,0.26,0.27,0.01,0.01,79176.15,1777257052000
1777257055.973,55.973,0.74,0.75,0.25,0.26,0.01,0.01,79176.15,1777257052000
1777257056.375,56.375,0.76,0.77,0.23,0.26,0.01,0.03,79176.15,1777257052000
1777257056.717,56.717,0.76,0.77,0.23,0.24,0.01,0.01,79176.15,1777257052000
1777257057.11,57.11,0.76,0.77,0.23,0.24,0.01,0.01,79176.65,1777257055000
1777257057.515,57.515,0.76,0.77,0.23,0.24,0.01,0.01,79177.0,1777257056000
1777257057.85,57.85,0.77,0.78,0.22,0.24,0.01,0.02,79177.0,1777257056000
1777257058.272,58.272,0.77,0.78,0.22,0.23,0.01,0.01,79178.2,1777257057000
1777257058.635,58.635,0.77,0.78,0.22,0.23,0.01,0.01,79178.2,1777257057000
1777257058.989,58.989,0.78,0.79,0.21,0.22,0.01,0.01,79178.2,1777257057000
1777257059.355,59.355,0.78,0.79,0.21,0.22,0.01,0.01,79178.2,1777257057000
1777257059.759,59.759,0.78,0.79,0.21,0.22,0.01,0.01,79181.99,1777257058000
1777257060.094,60.094,0.78,0.79,0.21,0.22,0.01,0.01,79183.25,1777257059000
1777257060.469,60.469,0.78,0.79,0.21,0.22,0.01,0.01,79183.25,1777257059000
1777257060.831,60.831,0.79,0.8,0.2,0.21,0.01,0.01,79183.25,1777257059000
1777257061.211,61.211,0.79,0.8,0.2,0.21,0.01,0.01,79187.15,1777257060000
1777257061.625,61.625,0.82,0.83,0.17,0.18,0.01,0.01,79187.15,1777257060000
1777257061.99,61.99,0.83,0.84,0.16,0.17,0.01,0.01,79187.15,1777257060000
1777257062.353,62.353,0.83,0.84,0.16,0.17,0.01,0.01,79192.33,1777257061000
1777257062.75,62.75,0.83,0.84,0.16,0.17,0.01,0.01,79192.33,1777257061000
1777257063.101,63.101,0.83,0.84,0.16,0.17,0.01,0.01,79192.33,1777257061000
1777257063.656,63.656,0.83,0.84,0.16,0.17,0.01,0.01,79196.59,1777257062000
1777257063.998,63.998,0.86,0.87,0.13,0.15,0.01,0.02,79196.59,1777257062000
1777257064.335,64.335,0.86,0.87,0.13,0.14,0.01,0.01,79200.98,1777257063000
1777257064.732,64.732,0.86,0.87,0.13,0.14,0.01,0.01,79200.98,1777257063000
1777257065.114,65.114,0.86,0.87,0.13,0.14,0.01,0.01,79200.98,1777257063000
1777257065.553,65.553,0.87,0.88,0.12,0.14,0.01,0.02,79207.01,1777257064000
1777257065.995,65.995,0.87,0.88,0.12,0.13,0.01,0.01,79207.01,1777257064000
1777257066.329,66.329,0.88,0.89,0.11,0.13,0.01,0.02,79210.11,1777257065000
1777257066.669,66.669,0.88,0.89,0.11,0.12,0.01,0.01,79210.11,1777257065000
1777257067.006,67.006,0.88,0.89,0.11,0.12,0.01,0.01,79214.81,1777257066000
1777257067.397,67.397,0.89,0.9,0.1,0.12,0.01,0.02,79214.81,1777257066000
1777257067.761,67.761,0.9,0.91,0.09,0.1,0.01,0.01,79214.81,1777257066000
1777257068.098,68.098,0.9,0.91,0.09,0.1,0.01,0.01,79221.5,1777257067000
1777257068.531,68.531,0.9,0.91,0.09,0.1,0.01,0.01,79221.5,1777257067000
1777257068.924,68.924,0.9,0.91,0.09,0.1,0.01,0.01,79221.5,1777257067000
1777257069.352,69.352,0.91,0.92,0.08,0.09,0.01,0.01,79232.56,1777257068000
1777257070.162,70.162,0.91,0.92,0.08,0.09,0.01,0.01,79232.56,1777257068000
1777257070.528,70.528,0.88,0.91,0.08,0.1,0.03,0.02,79232.56,1777257068000
1777257070.988,70.988,0.89,0.9,0.1,0.11,0.01,0.01,79237.4,1777257069000
1777257071.337,71.337,0.89,0.9,0.1,0.11,0.01,0.01,79237.4,1777257069000
1777257071.743,71.743,0.88,0.9,0.1,0.12,0.02,0.02,79239.54,1777257070000
1777257072.149,72.149,0.88,0.89,0.11,0.12,0.01,0.01,79239.54,1777257070000
1777257072.511,72.511,0.88,0.89,0.11,0.12,0.01,0.01,79238.45,1777257071000
1777257072.883,72.883,0.88,0.89,0.11,0.12,0.01,0.01,79238.45,1777257071000
1777257073.259,73.259,0.88,0.89,0.11,0.12,0.01,0.01,79238.45,1777257071000
1777257073.596,73.596,0.88,0.89,0.11,0.12,0.01,0.01,79233.59,1777257072000
1777257073.945,73.945,0.88,0.89,0.11,0.12,0.01,0.01,79233.59,1777257072000
1777257074.426,74.426,0.88,0.89,0.11,0.12,0.01,0.01,79232.44,1777257073000
1777257074.854,74.854,0.87,0.89,0.11,0.12,0.02,0.01,79232.44,1777257073000
1777257075.322,75.322,0.88,0.89,0.11,0.12,0.01,0.01,79232.44,1777257073000
1777257075.671,75.671,0.87,0.88,0.12,0.13,0.01,0.01,79232.44,1777257073000
1777257076.113,76.113,0.87,0.88,0.12,0.13,0.01,0.01,79230.24,1777257075000
1777257076.449,76.449,0.87,0.88,0.12,0.13,0.01,0.01,79230.24,1777257075000
1777257076.799,76.799,0.89,0.91,0.09,0.11,0.02,0.02,79230.24,1777257075000
1777257077.354,77.354,0.9,0.91,0.09,0.1,0.01,0.01,79228.72,1777257076000
1777257077.697,77.697,0.9,0.91,0.09,0.1,0.01,0.01,79228.72,1777257076000
1777257078.71,78.71,0.9,0.91,0.09,0.1,0.01,0.01,79237.29,1777257077000
1777257079.105,79.105,0.9,0.91,0.09,0.1,0.01,0.01,79237.29,1777257077000
1777257079.519,79.519,0.9,0.91,0.09,0.11,0.01,0.02,79241.57,1777257078000
1777257079.887,79.887,0.89,0.91,0.09,0.11,0.02,0.02,79241.57,1777257078000
1777257080.292,80.292,0.89,0.9,0.1,0.11,0.01,0.01,79241.57,1777257078000
1777257080.777,80.777,0.9,0.92,0.1,0.11,0.02,0.01,79241.53,1777257079000
1777257081.173,81.173,0.91,0.92,0.08,0.09,0.01,0.01,79241.53,1777257079000
1777257081.521,81.521,0.91,0.92,0.08,0.09,0.01,0.01,79241.53,1777257079000
1777257081.928,81.928,0.89,0.9,0.08,0.11,0.01,0.03,79240.14,1777257080000
1777257082.449,82.449,0.89,0.9,0.1,0.11,0.01,0.01,79239.98,1777257081000
1777257082.926,82.926,0.88,0.89,0.1,0.12,0.01,0.02,79239.98,1777257081000
1777257083.319,83.319,0.89,0.9,0.1,0.11,0.01,0.01,79239.98,1777257081000
1777257083.712,83.712,0.89,0.9,0.1,0.11,0.01,0.01,79239.65,1777257082000
1777257084.127,84.127,0.91,0.93,0.08,0.09,0.02,0.01,79239.56,1777257083000
1777257084.473,84.473,0.92,0.93,0.07,0.08,0.01,0.01,79239.56,1777257083000
1777257084.879,84.879,0.92,0.93,0.07,0.08,0.01,0.01,79239.56,1777257083000
1777257085.22,85.22,0.92,0.93,0.07,0.08,0.01,0.01,79240.1,1777257084000
1777257085.721,85.721,0.92,0.93,0.07,0.08,0.01,0.01,79240.1,1777257084000
1777257086.186,86.186,0.92,0.93,0.07,0.08,0.01,0.01,79240.1,1777257084000
1777257086.712,86.712,0.92,0.93,0.07,0.08,0.01,0.01,79240.1,1777257084000
1777257087.09,87.09,0.92,0.93,0.07,0.08,0.01,0.01,79246.61,1777257085000
1777257087.545,87.545,0.92,0.93,0.07,0.08,0.01,0.01,79250.26,1777257086000
1777257087.979,87.979,0.92,0.93,0.07,0.08,0.01,0.01,79250.26,1777257086000
1777257088.373,88.373,0.92,0.93,0.07,0.08,0.01,0.01,79251.61,1777257087000
1777257088.768,88.768,0.92,0.93,0.07,0.08,0.01,0.01,79251.61,1777257087000
1777257089.135,89.135,0.92,0.93,0.07,0.08,0.01,0.01,79252.72,1777257088000
1777257089.815,89.815,0.92,0.93,0.07,0.08,0.01,0.01,79252.72,1777257088000
1777257090.161,90.161,0.92,0.93,0.07,0.08,0.01,0.01,79254.7,1777257089000
1777257090.508,90.508,0.92,0.93,0.07,0.08,0.01,0.01,79254.7,1777257089000
1777257090.841,90.841,0.92,0.93,0.07,0.08,0.01,0.01,79254.7,1777257089000
1777257091.299,91.299,0.92,0.93,0.07,0.08,0.01,0.01,79259.01,1777257090000
1777257091.635,91.635,0.93,0.94,0.06,0.07,0.01,0.01,79259.01,1777257090000
1777257091.969,91.969,0.93,0.94,0.06,0.07,0.01,0.01,79259.01,1777257090000
1777257092.796,92.796,0.93,0.94,0.06,0.07,0.01,0.01,79260.64,1777257091000
1777257093.501,93.501,0.93,0.94,0.06,0.07,0.01,0.01,79260.64,1777257092000
1777257093.932,93.932,0.93,0.94,0.06,0.07,0.01,0.01,79260.64,1777257092000
1777257094.373,94.373,0.93,0.94,0.06,0.07,0.01,0.01,79257.42,1777257093000
1777257094.809,94.809,0.92,0.94,0.06,0.07,0.02,0.01,79257.42,1777257093000
1777257095.181,95.181,0.92,0.93,0.07,0.08,0.01,0.01,79256.55,1777257094000
1777257095.531,95.531,0.92,0.93,0.07,0.08,0.01,0.01,79256.55,1777257094000
1777257095.926,95.926,0.93,0.94,0.06,0.07,0.01,0.01,79256.55,1777257094000
1777257096.548,96.548,0.93,0.95,0.05,0.07,0.02,0.02,79255.31,1777257095000
1777257096.911,96.911,0.93,0.95,0.06,0.07,0.02,0.01,79255.31,1777257095000
1777257097.265,97.265,0.93,0.94,0.06,0.07,0.01,0.01,79251.09,1777257096000
1777257097.606,97.606,0.93,0.94,0.06,0.07,0.01,0.01,79251.09,1777257096000
1777257097.997,97.997,0.93,0.94,0.06,0.07,0.01,0.01,79251.09,1777257096000
1777257098.834,98.834,0.93,0.94,0.06,0.07,0.01,0.01,79255.92,1777257097000
1777257099.22,99.22,0.93,0.94,0.06,0.07,0.01,0.01,79257.77,1777257098000
1777257099.569,99.569,0.91,0.92,0.08,0.09,0.01,0.01,79257.77,1777257098000
1777257100.033,100.033,0.91,0.92,0.08,0.09,0.01,0.01,79257.77,1777257098000
1777257100.527,100.527,0.9,0.91,0.09,0.1,0.01,0.01,79257.34,1777257099000
1777257100.872,100.872,0.88,0.89,0.1,0.12,0.01,0.02,79257.34,1777257099000
1777257101.295,101.295,0.88,0.89,0.11,0.12,0.01,0.01,79257.34,1777257099000
1777257101.652,101.652,0.87,0.88,0.12,0.13,0.01,0.01,79256.05,1777257100000
1777257102.002,102.002,0.87,0.88,0.12,0.13,0.01,0.01,79256.05,1777257100000
1777257102.342,102.342,0.88,0.89,0.11,0.13,0.01,0.02,79254.79,1777257101000
1777257102.696,102.696,0.88,0.89,0.11,0.12,0.01,0.01,79254.79,1777257101000
1777257103.122,103.122,0.88,0.89,0.11,0.12,0.01,0.01,79254.79,1777257101000
1777257103.459,103.459,0.88,0.89,0.11,0.12,0.01,0.01,79254.79,1777257101000
1777257103.84,103.84,0.87,0.88,0.11,0.12,0.01,0.01,79248.78,1777257102000
1777257104.179,104.179,0.87,0.88,0.12,0.13,0.01,0.01,79248.47,1777257103000
1777257104.582,104.582,0.87,0.88,0.12,0.13,0.01,0.01,79248.47,1777257103000
1777257104.928,104.928,0.88,0.89,0.11,0.13,0.01,0.02,79248.47,1777257103000
1777257105.402,105.402,0.88,0.89,0.11,0.12,0.01,0.01,79249.06,1777257104000
1777257106.601,106.601,0.88,0.92,0.08,0.12,0.04,0.04,79247.09,1777257105000
1777257106.958,106.958,0.89,0.9,0.1,0.11,0.01,0.01,79247.09,1777257105000
1777257107.317,107.317,0.9,0.91,0.09,0.1,0.01,0.01,79247.09,1777257106000
1777257107.811,107.811,0.9,0.91,0.09,0.1,0.01,0.01,79247.09,1777257106000
1777257108.245,108.245,0.89,0.9,0.1,0.11,0.01,0.01,79247.09,1777257106000
1777257108.74,108.74,0.89,0.9,0.1,0.11,0.01,0.01,79248.57,1777257107000
1777257109.101,109.101,0.89,0.9,0.1,0.11,0.01,0.01,79248.38,1777257108000
1777257109.532,109.532,0.89,0.92,0.08,0.11,0.03,0.03,79248.38,1777257108000
1777257109.88,109.88,0.91,0.92,0.08,0.09,0.01,0.01,79248.38,1777257108000
1777257110.225,110.225,0.93,0.94,0.06,0.07,0.01,0.01,79248.38,1777257108000
1777257110.677,110.677,0.94,0.95,0.05,0.06,0.01,0.01,79248.16,1777257109000
1777257111.204,111.204,0.94,0.95,0.05,0.06,0.01,0.01,79248.16,1777257109000
1777257111.539,111.539,0.93,0.95,0.05,0.06,0.02,0.01,79248.16,1777257109000
1777257111.916,111.916,0.93,0.95,0.05,0.07,0.02,0.02,79260.82,1777257110000
1777257112.547,112.547,0.93,0.94,0.06,0.07,0.01,0.01,79267.69,1777257111000
1777257112.999,112.999,0.93,0.94,0.06,0.07,0.01,0.01,79267.69,1777257111000
1777257113.639,113.639,0.92,0.94,0.06,0.07,0.02,0.01,79267.69,1777257111000
1777257114.159,114.159,0.92,0.93,0.07,0.08,0.01,0.01,79269.36,1777257112000
1777257114.695,114.695,0.92,0.93,0.07,0.08,0.01,0.01,79267.62,1777257113000
1777257115.278,115.278,0.92,0.93,0.07,0.08,0.01,0.01,79267.62,1777257113000
1777257115.996,115.996,0.93,0.94,0.06,0.07,0.01,0.01,79263.25,1777257114000
1777257116.688,116.688,0.93,0.94,0.06,0.07,0.01,0.01,79261.22,1777257115000
1777257117.191,117.191,0.93,0.94,0.06,0.07,0.01,0.01,79261.22,1777257115000
1777257117.925,117.925,0.93,0.94,0.06,0.07,0.01,0.01,79261.22,1777257116000
1777257118.32,118.32,0.93,0.94,0.06,0.07,0.01,0.01,79261.22,1777257116000
1777257118.831,118.831,0.93,0.94,0.06,0.07,0.01,0.01,79261.22,1777257116000
1777257119.175,119.175,0.94,0.95,0.05,0.06,0.01,0.01,79258.65,1777257118000
1777257119.549,119.549,0.94,0.95,0.05,0.06,0.01,0.01,79258.65,1777257118000
1777257120.036,120.036,0.94,0.95,0.05,0.06,0.01,0.01,79258.65,1777257118000
1777257120.434,120.434,0.94,0.95,0.05,0.06,0.01,0.01,79259.92,1777257119000
1777257121.032,121.032,0.94,0.95,0.05,0.06,0.01,0.01,79259.92,1777257119000
1777257121.407,121.407,0.94,0.95,0.05,0.06,0.01,0.01,79259.92,1777257119000
1777257121.752,121.752,0.94,0.95,0.05,0.06,0.01,0.01,79261.56,1777257120000
1777257122.112,122.112,0.94,0.95,0.05,0.06,0.01,0.01,79259.92,1777257121000
1777257122.558,122.558,0.95,0.96,0.04,0.05,0.01,0.01,79259.92,1777257121000
1777257122.933,122.933,0.95,0.96,0.04,0.05,0.01,0.01,79259.92,1777257121000
1777257123.328,123.328,0.95,0.96,0.04,0.05,0.01,0.01,79261.92,1777257122000
1777257123.664,123.664,0.95,0.96,0.04,0.05,0.01,0.01,79261.92,1777257122000
1777257124.077,124.077,0.95,0.96,0.04,0.05,0.01,0.01,79265.06,1777257123000
1777257124.481,124.481,0.95,0.96,0.04,0.05,0.01,0.01,79265.06,1777257123000
1777257125.024,125.024,0.96,0.97,0.03,0.04,0.01,0.01,79265.06,1777257123000
1777257125.36,125.36,0.96,0.97,0.03,0.04,0.01,0.01,79266.91,1777257124000
1777257125.762,125.762,0.96,0.97,0.03,0.04,0.01,0.01,79266.91,1777257124000
1777257126.986,126.986,0.96,0.97,0.03,0.04,0.01,0.01,79267.43,1777257125000
1777257127.39,127.39,0.96,0.97,0.03,0.04,0.01,0.01,79267.43,1777257125000
1777257127.745,127.745,0.96,0.97,0.03,0.04,0.01,0.01,79267.43,1777257125000
1777257128.151,128.151,0.96,0.97,0.03,0.04,0.01,0.01,79269.12,1777257126000
1777257128.577,128.577,0.96,0.97,0.03,0.04,0.01,0.01,79269.12,1777257127000
1777257129.082,129.082,0.96,0.97,0.03,0.04,0.01,0.01,79269.05,1777257128000
1777257129.781,129.781,0.95,0.97,0.03,0.04,0.02,0.01,79269.05,1777257128000
1777257130.126,130.126,0.95,0.96,0.03,0.05,0.01,0.02,79269.05,1777257128000
1777257130.538,130.538,0.95,0.96,0.04,0.05,0.01,0.01,79269.01,1777257129000
1777257130.927,130.927,0.95,0.96,0.04,0.05,0.01,0.01,79269.01,1777257129000
1777257131.317,131.317,0.95,0.97,0.04,0.05,0.02,0.01,79269.01,1777257129000
1777257131.746,131.746,0.96,0.97,0.04,0.05,0.01,0.01,79269.48,1777257130000
1777257132.082,132.082,0.96,0.97,0.03,0.04,0.01,0.01,79269.63,1777257131000
1777257132.446,132.446,0.96,0.97,0.03,0.04,0.01,0.01,79269.63,1777257131000
1777257133.09,133.09,0.96,0.97,0.03,0.04,0.01,0.01,79269.28,1777257132000
1777257133.731,133.731,0.96,0.97,0.03,0.04,0.01,0.01,79269.28,1777257132000
1777257134.115,134.115,0.96,0.97,0.03,0.04,0.01,0.01,79269.28,1777257132000
1777257134.456,134.456,0.96,0.97,0.03,0.04,0.01,0.01,79267.69,1777257133000
1777257134.93,134.93,0.96,0.97,0.03,0.04,0.01,0.01,79267.07,1777257134000
1777257135.506,135.506,0.96,0.97,0.03,0.04,0.01,0.01,79267.07,1777257134000
1777257135.918,135.918,0.96,0.97,0.03,0.04,0.01,0.01,79267.07,1777257134000
1777257136.442,136.442,0.96,0.97,0.03,0.04,0.01,0.01,79266.21,1777257135000
1777257136.927,136.927,0.96,0.97,0.03,0.04,0.01,0.01,79266.21,1777257135000
1777257137.668,137.668,0.96,0.97,0.03,0.04,0.01,0.01,79265.42,1777257136000
1777257138.235,138.235,0.96,0.97,0.03,0.04,0.01,0.01,79263.77,1777257137000
1777257139.178,139.178,0.96,0.97,0.03,0.04,0.01,0.01,79260.74,1777257138000
1777257140.154,140.154,0.96,0.97,0.03,0.04,0.01,0.01,79260.74,1777257138000
1777257141.094,141.094,0.96,0.97,0.03,0.04,0.01,0.01,79259.69,1777257139000
1777257141.479,141.479,0.96,0.97,0.03,0.04,0.01,0.01,79258.45,1777257140000
1777257141.832,141.832,0.96,0.97,0.03,0.04,0.01,0.01,79258.45,1777257140000
1777257142.226,142.226,0.96,0.97,0.03,0.04,0.01,0.01,79259.2,1777257141000
1777257142.994,142.994,0.94,0.96,0.03,0.05,0.02,0.02,79259.2,1777257141000
1777257143.417,143.417,0.95,0.96,0.04,0.05,0.01,0.01,79266.88,1777257142000
1777257143.783,143.783,0.95,0.96,0.04,0.05,0.01,0.01,79266.88,1777257142000
1777257145.012,145.012,0.95,0.96,0.04,0.05,0.01,0.01,79267.58,1777257143000
1777257145.563,145.563,0.95,0.96,0.04,0.05,0.01,0.01,79269.13,1777257144000
1777257145.897,145.897,0.95,0.96,0.04,0.05,0.01,0.01,79269.13,1777257144000
1777257146.285,146.285,0.95,0.96,0.04,0.05,0.01,0.01,79269.13,1777257144000
1777257146.711,146.711,0.95,0.96,0.04,0.05,0.01,0.01,79269.13,1777257144000
1777257147.217,147.217,0.95,0.96,0.04,0.05,0.01,0.01,79268.55,1777257145000
1777257147.553,147.553,0.95,0.96,0.04,0.05,0.01,0.01,79268.72,1777257146000
1777257147.898,147.898,0.95,0.96,0.04,0.05,0.01,0.01,79268.72,1777257146000
1777257148.318,148.318,0.95,0.96,0.04,0.05,0.01,0.01,79268.78,1777257147000
1777257148.764,148.764,0.95,0.96,0.04,0.05,0.01,0.01,79268.78,1777257147000
1777257149.369,149.369,0.94,0.97,0.04,0.05,0.03,0.01,79268.78,1777257147000
1777257149.829,149.829,0.94,0.95,0.04,0.06,0.01,0.02,79267.74,1777257148000
1777257150.187,150.187,0.94,0.95,0.05,0.06,0.01,0.01,79267.74,1777257148000
1777257150.598,150.598,0.95,0.97,0.05,0.06,0.02,0.01,79267.36,1777257149000
1777257151.219,151.219,0.94,0.95,0.05,0.06,0.01,0.01,79267.34,1777257150000
1777257151.656,151.656,0.94,0.95,0.05,0.06,0.01,0.01,79267.34,1777257150000
1777257152.105,152.105,0.96,0.97,0.03,0.06,0.01,0.03,79267.34,1777257150000
1777257152.58,152.58,0.96,0.97,0.03,0.04,0.01,0.01,79263.42,1777257151000
1777257152.928,152.928,0.96,0.97,0.03,0.04,0.01,0.01,79263.42,1777257151000
1777257153.949,153.949,0.95,0.96,0.04,0.05,0.01,0.01,79263.72,1777257152000
1777257154.367,154.367,0.94,0.95,0.04,0.06,0.01,0.02,79263.72,1777257152000
1777257154.746,154.746,0.94,0.95,0.05,0.06,0.01,0.01,79264.48,1777257153000
1777257155.128,155.128,0.94,0.95,0.05,0.06,0.01,0.01,79264.48,1777257153000
1777257155.598,155.598,0.94,0.95,0.05,0.06,0.01,0.01,79264.48,1777257154000
1777257156.165,156.165,0.94,0.95,0.05,0.06,0.01,0.01,79264.48,1777257154000
1777257157.056,157.056,0.94,0.95,0.05,0.06,0.01,0.01,79259.98,1777257156000
1777257157.496,157.496,0.94,0.95,0.05,0.06,0.01,0.01,79259.98,1777257156000
1777257158.472,158.472,0.94,0.95,0.05,0.06,0.01,0.01,79257.19,1777257157000
1777257158.982,158.982,0.94,0.96,0.04,0.06,0.02,0.02,79257.19,1777257158000
1777257159.93,159.93,0.94,0.95,0.05,0.06,0.01,0.01,79257.19,1777257158000
1777257160.284,160.284,0.94,0.95,0.05,0.06,0.01,0.01,79257.02,1777257159000
1777257160.654,160.654,0.94,0.95,0.05,0.06,0.01,0.01,79257.02,1777257159000
1777257161.574,161.574,0.94,0.95,0.05,0.06,0.01,0.01,79257.02,1777257160000
1777257162.022,162.022,0.94,0.95,0.05,0.06,0.01,0.01,79257.02,1777257160000
1777257162.506,162.506,0.93,0.94,0.06,0.07,0.01,0.01,79255.76,1777257161000
1777257162.884,162.884,0.93,0.94,0.06,0.07,0.01,0.01,79255.76,1777257161000
1777257163.423,163.423,0.93,0.94,0.06,0.07,0.01,0.01,79254.44,1777257162000
1777257164.045,164.045,0.93,0.94,0.06,0.07,0.01,0.01,79253.97,1777257163000
1777257164.766,164.766,0.93,0.94,0.06,0.07,0.01,0.01,79253.97,1777257163000
1777257165.323,165.323,0.93,0.94,0.06,0.07,0.01,0.01,79243.54,1777257164000
1777257165.684,165.684,0.93,0.94,0.06,0.07,0.01,0.01,79243.54,1777257164000
1777257166.068,166.068,0.93,0.94,0.06,0.07,0.01,0.01,79243.54,1777257164000
1777257166.578,166.578,0.93,0.94,0.06,0.07,0.01,0.01,79241.67,1777257165000
1777257167.006,167.006,0.93,0.94,0.06,0.07,0.01,0.01,79241.67,1777257165000
1777257167.825,167.825,0.92,0.93,0.06,0.08,0.01,0.02,79240.02,1777257166000
1777257168.163,168.163,0.92,0.93,0.07,0.08,0.01,0.01,79240.02,1777257166000
1777257168.508,168.508,0.92,0.93,0.07,0.08,0.01,0.01,79240.19,1777257167000
1777257168.891,168.891,0.92,0.93,0.07,0.08,0.01,0.01,79240.19,1777257167000
1777257169.26,169.26,0.9,0.91,0.09,0.1,0.01,0.01,79233.23,1777257168000
1777257169.634,169.634,0.88,0.91,0.09,0.1,0.03,0.01,79233.23,1777257168000
1777257170.152,170.152,0.88,0.89,0.11,0.12,0.01,0.01,79233.23,1777257168000
1777257170.486,170.486,0.88,0.89,0.11,0.12,0.01,0.01,79230.54,1777257169000
1777257170.846,170.846,0.88,0.89,0.11,0.12,0.01,0.01,79230.54,1777257169000
1777257171.218,171.218,0.84,0.85,0.15,0.16,0.01,0.01,79230.54,1777257169000
1777257171.555,171.555,0.84,0.85,0.14,0.16,0.01,0.02,79230.54,1777257169000
1777257171.911,171.911,0.84,0.85,0.15,0.16,0.01,0.01,79223.4,1777257170000
1777257172.319,172.319,0.84,0.85,0.15,0.16,0.01,0.01,79223.4,1777257170000
1777257172.827,172.827,0.85,0.86,0.14,0.15,0.01,0.01,79222.71,1777257171000
1777257173.281,173.281,0.86,0.87,0.13,0.14,0.01,0.01,79222.71,1777257171000
1777257173.713,173.713,0.86,0.87,0.13,0.14,0.01,0.01,79222.71,1777257171000
1777257174.053,174.053,0.86,0.87,0.13,0.17,0.01,0.04,79215.51,1777257172000
1777257174.429,174.429,0.83,0.84,0.16,0.17,0.01,0.01,79215.48,1777257173000
1777257174.806,174.806,0.84,0.85,0.15,0.16,0.01,0.01,79215.48,1777257173000
1777257175.169,175.169,0.84,0.85,0.15,0.16,0.01,0.01,79215.48,1777257173000
1777257175.56,175.56,0.84,0.85,0.15,0.16,0.01,0.01,79215.02,1777257174000
1777257175.964,175.964,0.81,0.83,0.17,0.18,0.02,0.01,79215.02,1777257174000
1777257176.309,176.309,0.81,0.82,0.18,0.19,0.01,0.01,79209.05,1777257175000
1777257176.814,176.814,0.81,0.82,0.18,0.19,0.01,0.01,79209.05,1777257175000
1777257177.25,177.25,0.82,0.83,0.17,0.18,0.01,0.01,79209.05,1777257175000
1777257177.662,177.662,0.82,0.83,0.17,0.18,0.01,0.01,79204.84,1777257176000
1777257178.11,178.11,0.82,0.83,0.17,0.18,0.01,0.01,79203.34,1777257177000
1777257178.519,178.519,0.84,0.85,0.13,0.18,0.01,0.05,79203.34,1777257177000
1777257179.08,179.08,0.84,0.87,0.15,0.16,0.03,0.01,79203.34,1777257177000
1777257179.42,179.42,0.86,0.88,0.14,0.15,0.02,0.01,79203.34,1777257177000
1777257179.766,179.766,0.87,0.88,0.12,0.13,0.01,0.01,79203.07,1777257178000
1777257180.206,180.206,0.87,0.88,0.12,0.13,0.01,0.01,79203.07,1777257178000
1777257181.026,181.026,0.87,0.88,0.12,0.13,0.01,0.01,79201.06,1777257179000
1777257181.558,181.558,0.87,0.88,0.12,0.13,0.01,0.01,79200.96,1777257180000
1777257182.025,182.025,0.78,0.82,0.18,0.21,0.04,0.03,79200.96,1777257180000
1777257182.635,182.635,0.78,0.79,0.12,0.22,0.01,0.1,79200.87,1777257181000
1777257183.072,183.072,0.78,0.88,0.21,0.22,0.1,0.01,79200.87,1777257181000
1777257183.422,183.422,0.79,0.84,0.16,0.17,0.05,0.01,79200.87,1777257181000
1777257183.858,183.858,0.75,0.85,0.15,0.17,0.1,0.02,79188.38,1777257182000
1777257184.214,184.214,0.79,0.8,0.2,0.22,0.01,0.02,79188.38,1777257182000
1777257184.563,184.563,0.78,0.79,0.21,0.22,0.01,0.01,79187.98,1777257183000
1777257184.957,184.957,0.77,0.78,0.22,0.23,0.01,0.01,79187.98,1777257183000
1777257185.365,185.365,0.75,0.76,0.22,0.25,0.01,0.03,79187.98,1777257183000
1777257185.754,185.754,0.75,0.76,0.24,0.25,0.01,0.01,79187.98,1777257183000
1777257186.119,186.119,0.74,0.75,0.24,0.25,0.01,0.01,79181.83,1777257184000
1777257186.505,186.505,0.74,0.75,0.25,0.26,0.01,0.01,79181.83,1777257184000
1777257186.921,186.921,0.73,0.75,0.25,0.26,0.02,0.01,79180.94,1777257185000
1777257187.295,187.295,0.76,0.77,0.23,0.25,0.01,0.02,79180.94,1777257185000
1777257187.716,187.716,0.79,0.8,0.2,0.23,0.01,0.03,79179.59,1777257186000
1777257188.093,188.093,0.79,0.85,0.15,0.21,0.06,0.06,79179.59,1777257186000
1777257188.521,188.521,0.79,0.8,0.16,0.17,0.01,0.01,79179.47,1777257187000
1777257188.896,188.896,0.79,0.8,0.2,0.21,0.01,0.01,79179.47,1777257187000
1777257189.467,189.467,0.76,0.77,0.21,0.26,0.01,0.05,79179.47,1777257187000
1777257189.926,189.926,0.76,0.77,0.23,0.24,0.01,0.01,79179.17,1777257188000
1777257190.259,190.259,0.76,0.78,0.22,0.24,0.02,0.02,79182.07,1777257189000
1777257190.61,190.61,0.75,0.77,0.23,0.25,0.02,0.02,79182.07,1777257189000
1777257190.964,190.964,0.75,0.76,0.24,0.25,0.01,0.01,79182.07,1777257189000
1777257191.343,191.343,0.75,0.76,0.24,0.25,0.01,0.01,79182.07,1777257189000
1777257191.695,191.695,0.75,0.76,0.24,0.25,0.01,0.01,79182.25,1777257190000
1777257192.049,192.049,0.75,0.76,0.24,0.25,0.01,0.01,79182.25,1777257190000
1777257192.425,192.425,0.75,0.77,0.23,0.25,0.02,0.02,79182.25,1777257190000
1777257192.834,192.834,0.77,0.78,0.23,0.24,0.01,0.01,79180.37,1777257191000
1777257193.17,193.17,0.72,0.78,0.22,0.28,0.06,0.06,79180.37,1777257191000
1777257193.505,193.505,0.66,0.67,0.33,0.34,0.01,0.01,79180.37,1777257191000
1777257193.845,193.845,0.62,0.64,0.36,0.39,0.02,0.03,79178.08,1777257192000
1777257194.188,194.188,0.62,0.63,0.37,0.38,0.01,0.01,79178.08,1777257192000
1777257194.591,194.591,0.62,0.63,0.37,0.38,0.01,0.01,79177.69,1777257193000
1777257194.935,194.935,0.61,0.63,0.37,0.39,0.02,0.02,79173.59,1777257194000
1777257195.286,195.286,0.61,0.62,0.38,0.39,0.01,0.01,79173.59,1777257194000
1777257195.727,195.727,0.61,0.62,0.38,0.39,0.01,0.01,79173.59,1777257194000
1777257196.077,196.077,0.6,0.61,0.38,0.39,0.01,0.01,79173.59,1777257194000
1777257196.416,196.416,0.6,0.61,0.39,0.4,0.01,0.01,79173.59,1777257194000
1777257196.759,196.759,0.61,0.62,0.38,0.39,0.01,0.01,79163.67,1777257195000
1777257197.191,197.191,0.61,0.62,0.38,0.4,0.01,0.02,79163.67,1777257195000
1777257197.548,197.548,0.62,0.63,0.37,0.38,0.01,0.01,79163.67,1777257195000
1777257197.923,197.923,0.64,0.65,0.35,0.36,0.01,0.01,79161.47,1777257196000
1777257198.478,198.478,0.64,0.65,0.35,0.36,0.01,0.01,79161.47,1777257196000
1777257198.9,198.9,0.68,0.7,0.3,0.32,0.02,0.02,79161.47,1777257197000
1777257199.681,199.681,0.69,0.7,0.3,0.32,0.01,0.02,79161.47,1777257197000
1777257200.024,200.024,0.61,0.66,0.32,0.35,0.05,0.03,79159.76,1777257198000
1777257200.36,200.36,0.63,0.64,0.36,0.38,0.01,0.02,79159.76,1777257198000
1777257200.881,200.881,0.62,0.63,0.37,0.38,0.01,0.01,79160.91,1777257199000
1777257201.237,201.237,0.62,0.63,0.37,0.38,0.01,0.01,79161.41,1777257200000
1777257201.575,201.575,0.62,0.63,0.37,0.38,0.01,0.01,79161.41,1777257200000
1777257201.912,201.912,0.61,0.63,0.37,0.38,0.02,0.01,79161.41,1777257200000
1777257202.421,202.421,0.6,0.61,0.39,0.4,0.01,0.01,79162.66,1777257201000
1777257202.784,202.784,0.6,0.67,0.39,0.4,0.07,0.01,79162.66,1777257201000
1777257203.309,203.309,0.63,0.64,0.38,0.39,0.01,0.01,79161.74,1777257202000
1777257204.132,204.132,0.61,0.67,0.3,0.37,0.06,0.07,79161.74,1777257202000
1777257204.563,204.563,0.58,0.59,0.41,0.42,0.01,0.01,79159.32,1777257203000
1777257205.53,205.53,0.58,0.59,0.41,0.42,0.01,0.01,79159.32,1777257203000
1777257205.898,205.898,0.58,0.59,0.41,0.42,0.01,0.01,79156.91,1777257204000
1777257206.304,206.304,0.58,0.59,0.41,0.42,0.01,0.01,79156.91,1777257204000
1777257206.695,206.695,0.58,0.59,0.41,0.42,0.01,0.01,79154.56,1777257205000
1777257207.126,207.126,0.47,0.48,0.52,0.53,0.01,0.01,79154.56,1777257205000
1777257207.459,207.459,0.5,0.51,0.49,0.5,0.01,0.01,79153.74,1777257206000
1777257207.796,207.796,0.5,0.51,0.49,0.5,0.01,0.01,79153.74,1777257206000
1777257208.149,208.149,0.41,0.42,0.58,0.59,0.01,0.01,79153.74,1777257206000
1777257208.489,208.489,0.46,0.47,0.53,0.54,0.01,0.01,79153.74,1777257206000
1777257208.849,208.849,0.46,0.47,0.53,0.54,0.01,0.01,79143.8,1777257207000
1777257209.205,209.205,0.46,0.48,0.53,0.54,0.02,0.01,79143.8,1777257207000
1777257209.692,209.692,0.48,0.49,0.5,0.52,0.01,0.02,79142.95,1777257208000
1777257210.09,210.09,0.49,0.5,0.5,0.51,0.01,0.01,79142.95,1777257208000
1777257210.427,210.427,0.51,0.52,0.48,0.49,0.01,0.01,79139.91,1777257209000
1777257210.831,210.831,0.51,0.52,0.48,0.49,0.01,0.01,79139.91,1777257209000
1777257211.184,211.184,0.52,0.53,0.47,0.48,0.01,0.01,79136.89,1777257210000
1777257211.607,211.607,0.52,0.58,0.4,0.48,0.06,0.08,79136.89,1777257210000
1777257212.006,212.006,0.61,0.64,0.36,0.37,0.03,0.01,79136.89,1777257210000
1777257212.688,212.688,0.6,0.61,0.39,0.4,0.01,0.01,79136.89,1777257210000
1777257213.048,213.048,0.6,0.61,0.39,0.4,0.01,0.01,79134.82,1777257211000
1777257213.475,213.475,0.6,0.61,0.39,0.4,0.01,0.01,79134.82,1777257211000
1777257213.811,213.811,0.6,0.61,0.39,0.4,0.01,0.01,79140.75,1777257212000
1777257214.158,214.158,0.6,0.61,0.39,0.4,0.01,0.01,79140.75,1777257212000
1777257214.515,214.515,0.6,0.61,0.39,0.4,0.01,0.01,79140.75,1777257212000
1777257214.968,214.968,0.6,0.61,0.39,0.4,0.01,0.01,79144.78,1777257213000
1777257215.406,215.406,0.6,0.61,0.39,0.4,0.01,0.01,79144.78,1777257213000
1777257216.093,216.093,0.6,0.61,0.39,0.41,0.01,0.02,79144.78,1777257213000
1777257216.455,216.455,0.61,0.62,0.38,0.4,0.01,0.02,79145.99,1777257215000
1777257216.934,216.934,0.61,0.63,0.38,0.39,0.02,0.01,79145.99,1777257215000
1777257217.441,217.441,0.62,0.63,0.37,0.38,0.01,0.01,79145.99,1777257215000
1777257218.033,218.033,0.62,0.63,0.37,0.38,0.01,0.01,79145.89,1777257216000
1777257218.66,218.66,0.61,0.62,0.38,0.39,0.01,0.01,79145.89,1777257216000
1777257219.041,219.041,0.61,0.62,0.38,0.39,0.01,0.01,79145.81,1777257217000
1777257219.377,219.377,0.55,0.56,0.41,0.45,0.01,0.04,79145.81,1777257217000
1777257219.783,219.783,0.48,0.5,0.47,0.53,0.02,0.06,79145.81,1777257218000
1777257220.123,220.123,0.49,0.5,0.5,0.51,0.01,0.01,79145.94,1777257219000
1777257220.486,220.486,0.49,0.5,0.5,0.51,0.01,0.01,79145.94,1777257219000
1777257220.827,220.827,0.49,0.5,0.5,0.51,0.01,0.01,79145.94,1777257219000
1777257221.38,221.38,0.49,0.5,0.5,0.51,0.01,0.01,79143.86,1777257220000
1777257221.716,221.716,0.5,0.52,0.48,0.51,0.02,0.03,79143.86,1777257220000
1777257222.062,222.062,0.51,0.52,0.48,0.49,0.01,0.01,79143.86,1777257220000
1777257222.472,222.472,0.53,0.55,0.46,0.47,0.02,0.01,79140.42,1777257221000
1777257222.829,222.829,0.54,0.56,0.44,0.46,0.02,0.02,79140.42,1777257221000
1777257223.242,223.242,0.53,0.54,0.48,0.49,0.01,0.01,79140.42,1777257221000
1777257223.746,223.746,0.53,0.56,0.44,0.47,0.03,0.03,79140.45,1777257222000
1777257224.088,224.088,0.48,0.5,0.49,0.52,0.02,0.03,79140.45,1777257222000
1777257224.431,224.431,0.47,0.48,0.5,0.52,0.01,0.02,79140.45,1777257223000
1777257224.907,224.907,0.47,0.48,0.52,0.53,0.01,0.01,79140.45,1777257223000
1777257225.29,225.29,0.47,0.48,0.52,0.53,0.01,0.01,79140.34,1777257224000
1777257225.672,225.672,0.47,0.48,0.52,0.53,0.01,0.01,79140.34,1777257224000
1777257226.258,226.258,0.47,0.48,0.52,0.53,0.01,0.01,79140.34,1777257224000
1777257226.634,226.634,0.47,0.48,0.52,0.53,0.01,0.01,79140.34,1777257224000
1777257227.01,227.01,0.48,0.49,0.5,0.51,0.01,0.01,79138.08,1777257225000
1777257227.398,227.398,0.48,0.49,0.51,0.52,0.01,0.01,79138.08,1777257225000
1777257227.813,227.813,0.48,0.49,0.51,0.52,0.01,0.01,79136.7,1777257226000
1777257228.235,228.235,0.48,0.49,0.51,0.52,0.01,0.01,79136.49,1777257227000
1777257228.662,228.662,0.48,0.51,0.51,0.52,0.03,0.01,79136.49,1777257227000
1777257229.266,229.266,0.49,0.5,0.49,0.52,0.01,0.03,79136.49,1777257227000
1777257229.789,229.789,0.5,0.51,0.49,0.5,0.01,0.01,79137.2,1777257228000
1777257230.295,230.295,0.52,0.53,0.47,0.48,0.01,0.01,79137.9,1777257229000
1777257230.632,230.632,0.52,0.53,0.47,0.48,0.01,0.01,79137.9,1777257229000
1777257230.996,230.996,0.54,0.55,0.45,0.46,0.01,0.01,79137.9,1777257229000
1777257231.424,231.424,0.62,0.64,0.35,0.38,0.02,0.03,79138.27,1777257230000
1777257232.153,232.153,0.62,0.63,0.37,0.38,0.01,0.01,79138.27,1777257230000
1777257232.619,232.619,0.62,0.64,0.37,0.38,0.02,0.01,79138.27,1777257230000
1777257233.135,233.135,0.63,0.64,0.36,0.37,0.01,0.01,79140.73,1777257231000
1777257233.684,233.684,0.63,0.64,0.36,0.37,0.01,0.01,79145.08,1777257232000
1777257234.02,234.02,0.64,0.67,0.33,0.36,0.03,0.03,79145.08,1777257232000
1777257234.391,234.391,0.66,0.67,0.33,0.34,0.01,0.01,79146.13,1777257233000
1777257234.74,234.74,0.66,0.67,0.33,0.34,0.01,0.01,79146.13,1777257233000
1777257235.399,235.399,0.66,0.68,0.33,0.34,0.02,0.01,79144.03,1777257234000
1777257235.733,235.733,0.67,0.7,0.3,0.33,0.03,0.03,79144.03,1777257234000
1777257236.082,236.082,0.69,0.7,0.3,0.31,0.01,0.01,79144.03,1777257234000
1777257236.418,236.418,0.69,0.7,0.3,0.31,0.01,0.01,79153.85,1777257235000
1777257236.761,236.761,0.69,0.7,0.3,0.31,0.01,0.01,79153.85,1777257235000
1777257237.156,237.156,0.69,0.7,0.3,0.31,0.01,0.01,79155.55,1777257236000
1777257237.495,237.495,0.69,0.7,0.3,0.31,0.01,0.01,79155.55,1777257236000
1777257237.996,237.996,0.69,0.7,0.3,0.31,0.01,0.01,79155.55,1777257236000
1777257238.333,238.333,0.73,0.75,0.25,0.27,0.02,0.02,79155.55,1777257236000
1777257238.691,238.691,0.74,0.75,0.25,0.26,0.01,0.01,79156.98,1777257237000
1777257239.087,239.087,0.74,0.75,0.25,0.26,0.01,0.01,79156.98,1777257237000
1777257239.525,239.525,0.74,0.75,0.25,0.26,0.01,0.01,79156.98,1777257237000
1777257239.875,239.875,0.74,0.75,0.25,0.26,0.01,0.01,79158.45,1777257238000
1777257240.214,240.214,0.75,0.77,0.23,0.26,0.02,0.03,79161.46,1777257239000
1777257240.59,240.59,0.77,0.78,0.22,0.25,0.01,0.03,79161.46,1777257239000
1777257240.975,240.975,0.75,0.77,0.24,0.25,0.02,0.01,79161.46,1777257239000
1777257241.338,241.338,0.76,0.79,0.21,0.24,0.03,0.03,79165.84,1777257240000
1777257241.785,241.785,0.78,0.79,0.21,0.22,0.01,0.01,79165.84,1777257240000
1777257242.182,242.182,0.78,0.79,0.21,0.22,0.01,0.01,79166.64,1777257241000
1777257243.316,243.316,0.78,0.79,0.21,0.22,0.01,0.01,79166.64,1777257241000
1777257243.783,243.783,0.78,0.79,0.21,0.22,0.01,0.01,79167.17,1777257242000
1777257244.201,244.201,0.63,0.71,0.29,0.37,0.08,0.08,79167.17,1777257242000
1777257244.539,244.539,0.63,0.75,0.29,0.37,0.12,0.08,79163.98,1777257243000
1777257244.876,244.876,0.64,0.65,0.35,0.36,0.01,0.01,79163.98,1777257243000
1777257245.285,245.285,0.6,0.63,0.37,0.4,0.03,0.03,79156.41,1777257244000
1777257245.744,245.744,0.59,0.6,0.4,0.41,0.01,0.01,79156.41,1777257244000
1777257246.151,246.151,0.58,0.59,0.41,0.42,0.01,0.01,79156.41,1777257244000
1777257246.676,246.676,0.59,0.61,0.39,0.4,0.02,0.01,79156.07,1777257245000
1777257247.034,247.034,0.59,0.6,0.4,0.41,0.01,0.01,79156.07,1777257245000
1777257247.53,247.53,0.57,0.58,0.41,0.43,0.01,0.02,79156.07,1777257245000
1777257247.867,247.867,0.57,0.58,0.42,0.43,0.01,0.01,79156.07,1777257246000
1777257248.287,248.287,0.56,0.57,0.43,0.44,0.01,0.01,79156.07,1777257246000
1777257248.717,248.717,0.56,0.57,0.43,0.44,0.01,0.01,79155.95,1777257247000
1777257249.154,249.154,0.56,0.57,0.43,0.44,0.01,0.01,79155.95,1777257247000
1777257249.534,249.534,0.56,0.57,0.43,0.44,0.01,0.01,79152.78,1777257248000
1777257249.889,249.889,0.59,0.61,0.39,0.41,0.02,0.02,79152.78,1777257248000
1777257250.222,250.222,0.57,0.6,0.38,0.39,0.03,0.01,79153.34,1777257249000
1777257250.628,250.628,0.49,0.5,0.5,0.51,0.01,0.01,79153.34,1777257249000
1777257250.972,250.972,0.48,0.5,0.5,0.51,0.02,0.01,79153.34,1777257249000
1777257251.34,251.34,0.48,0.49,0.51,0.52,0.01,0.01,79153.34,1777257249000
1777257251.727,251.727,0.46,0.47,0.53,0.54,0.01,0.01,79152.8,1777257250000
1777257252.068,252.068,0.46,0.47,0.53,0.54,0.01,0.01,79152.8,1777257250000
1777257252.561,252.561,0.46,0.47,0.53,0.54,0.01,0.01,79152.77,1777257251000
1777257252.978,252.978,0.46,0.47,0.53,0.54,0.01,0.01,79152.77,1777257251000
1777257253.332,253.332,0.46,0.48,0.52,0.54,0.02,0.02,79147.11,1777257252000
1777257253.669,253.669,0.54,0.55,0.45,0.47,0.01,0.02,79147.11,1777257252000
1777257254.077,254.077,0.56,0.59,0.44,0.45,0.03,0.01,79147.11,1777257252000
1777257254.418,254.418,0.55,0.56,0.4,0.41,0.01,0.01,79146.72,1777257253000
1777257254.756,254.756,0.56,0.59,0.4,0.45,0.03,0.05,79146.72,1777257253000
1777257255.386,255.386,0.54,0.55,0.45,0.47,0.01,0.02,79146.72,1777257253000
1777257255.83,255.83,0.59,0.6,0.42,0.43,0.01,0.01,79146.72,1777257254000
1777257256.267,256.267,0.6,0.61,0.39,0.4,0.01,0.01,79146.72,1777257255000
1777257256.787,256.787,0.6,0.62,0.39,0.4,0.02,0.01,79146.72,1777257255000
1777257257.313,257.313,0.61,0.62,0.38,0.39,0.01,0.01,79146.72,1777257255000
1777257257.961,257.961,0.61,0.62,0.38,0.39,0.01,0.01,79146.73,1777257256000
1777257258.468,258.468,0.62,0.63,0.37,0.39,0.01,0.02,79147.48,1777257257000
1777257258.864,258.864,0.62,0.63,0.37,0.38,0.01,0.01,79147.48,1777257257000
1777257259.272,259.272,0.54,0.55,0.37,0.38,0.01,0.01,79147.48,1777257257000
1777257259.605,259.605,0.53,0.54,0.46,0.47,0.01,0.01,79147.48,1777257257000
1777257259.979,259.979,0.52,0.54,0.46,0.49,0.02,0.03,79148.1,1777257258000
1777257260.359,260.359,0.43,0.51,0.51,0.57,0.08,0.06,79148.1,1777257259000
1777257260.693,260.693,0.44,0.45,0.55,0.56,0.01,0.01,79148.1,1777257259000
1777257261.161,261.161,0.44,0.45,0.55,0.56,0.01,0.01,79148.1,1777257259000
1777257261.495,261.495,0.4,0.41,0.59,0.6,0.01,0.01,79146.07,1777257260000
1777257261.832,261.832,0.4,0.41,0.59,0.6,0.01,0.01,79146.07,1777257260000
1777257262.206,262.206,0.31,0.36,0.63,0.66,0.05,0.03,79144.83,1777257261000
1777257262.566,262.566,0.31,0.32,0.68,0.69,0.01,0.01,79144.83,1777257261000
1777257262.906,262.906,0.31,0.32,0.68,0.69,0.01,0.01,79144.83,1777257261000
1777257263.298,263.298,0.31,0.32,0.68,0.69,0.01,0.01,79144.83,1777257261000
1777257263.635,263.635,0.31,0.32,0.68,0.69,0.01,0.01,79137.18,1777257262000
1777257263.98,263.98,0.3,0.31,0.69,0.7,0.01,0.01,79137.18,1777257262000
1777257264.333,264.333,0.24,0.25,0.74,0.76,0.01,0.02,79137.18,1777257262000
1777257264.706,264.706,0.23,0.24,0.75,0.76,0.01,0.01,79137.18,1777257262000
1777257265.066,265.066,0.23,0.24,0.76,0.77,0.01,0.01,79130.56,1777257263000
1777257265.411,265.411,0.21,0.22,0.78,0.79,0.01,0.01,79130.56,1777257263000
1777257265.757,265.757,0.13,0.2,0.8,0.85,0.07,0.05,79129.22,1777257264000
1777257266.171,266.171,0.16,0.17,0.83,0.84,0.01,0.01,79129.22,1777257264000
1777257266.596,266.596,0.13,0.14,0.83,0.84,0.01,0.01,79125.19,1777257265000
1777257267.002,267.002,0.12,0.13,0.87,0.88,0.01,0.01,79125.19,1777257265000
1777257267.361,267.361,0.12,0.13,0.87,0.88,0.01,0.01,79125.19,1777257265000
1777257267.714,267.714,0.11,0.12,0.88,0.89,0.01,0.01,79119.97,1777257266000
1777257268.049,268.049,0.11,0.12,0.88,0.89,0.01,0.01,79119.97,1777257266000
1777257268.408,268.408,0.11,0.12,0.88,0.89,0.01,0.01,79118.15,1777257267000
1777257268.767,268.767,0.11,0.12,0.88,0.89,0.01,0.01,79118.15,1777257267000
1777257269.114,269.114,0.11,0.12,0.88,0.89,0.01,0.01,79118.15,1777257267000
1777257269.508,269.508,0.2,0.21,0.79,0.8,0.01,0.01,79116.09,1777257268000
1777257269.941,269.941,0.19,0.2,0.79,0.8,0.01,0.01,79116.09,1777257268000
1777257270.298,270.298,0.15,0.16,0.83,0.85,0.01,0.02,79116.09,1777257268000
1777257270.632,270.632,0.14,0.15,0.85,0.86,0.01,0.01,79107.9,1777257269000
1777257270.98,270.98,0.09,0.1,0.89,0.91,0.01,0.02,79107.9,1777257269000
1777257271.316,271.316,0.09,0.1,0.9,0.91,0.01,0.01,79107.29,1777257270000
1777257271.695,271.695,0.08,0.09,0.91,0.92,0.01,0.01,79107.29,1777257270000
1777257272.052,272.052,0.06,0.07,0.93,0.94,0.01,0.01,79107.29,1777257270000
1777257272.468,272.468,0.06,0.07,0.93,0.94,0.01,0.01,79108.99,1777257271000
1777257272.807,272.807,0.06,0.07,0.93,0.94,0.01,0.01,79108.99,1777257271000
1777257273.144,273.144,0.05,0.07,0.93,0.95,0.02,0.02,79108.99,1777257271000
1777257273.491,273.491,0.07,0.08,0.92,0.93,0.01,0.01,79108.99,1777257271000
1777257273.88,273.88,0.06,0.07,0.93,0.95,0.01,0.02,79101.97,1777257272000
1777257274.221,274.221,0.05,0.06,0.94,0.95,0.01,0.01,79101.97,1777257272000
1777257274.564,274.564,0.04,0.05,0.95,0.97,0.01,0.02,79097.16,1777257273000
1777257274.92,274.92,0.03,0.04,0.96,0.97,0.01,0.01,79097.16,1777257273000
1777257275.273,275.273,0.04,0.05,0.95,0.97,0.01,0.02,79097.16,1777257273000
1777257275.611,275.611,0.03,0.04,0.96,0.97,0.01,0.01,79089.84,1777257274000
1777257276.209,276.209,0.02,0.03,0.96,0.97,0.01,0.01,79089.84,1777257274000
1777257276.544,276.544,0.02,0.03,0.97,0.98,0.01,0.01,79085.19,1777257275000
1777257276.9,276.9,0.02,0.03,0.97,0.98,0.01,0.01,79085.19,1777257275000
1777257277.234,277.234,0.02,0.03,0.97,0.98,0.01,0.01,79082.87,1777257276000
1777257277.592,277.592,0.02,0.03,0.97,0.98,0.01,0.01,79082.87,1777257276000
1777257277.985,277.985,0.01,0.02,0.98,0.99,0.01,0.01,79082.87,1777257276000
1777257278.351,278.351,0.01,0.02,0.98,0.99,0.01,0.01,79078.14,1777257277000
1777257278.697,278.697,0.01,0.02,0.98,0.99,0.01,0.01,79078.14,1777257277000
1777257279.096,279.096,0.01,0.02,0.98,0.99,0.01,0.01,79078.14,1777257277000
1777257279.453,279.453,0.01,0.02,0.98,0.99,0.01,0.01,79078.14,1777257277000
1777257279.79,279.79,0.01,0.02,0.98,0.99,0.01,0.01,79068.77,1777257278000
1777257280.178,280.178,0.01,0.02,0.98,0.99,0.01,0.01,79068.77,1777257278000
1777257280.535,280.535,0.01,0.02,0.98,0.99,0.01,0.01,79068.77,1777257278000
1777257280.87,280.87,0.02,0.03,0.97,0.99,0.01,0.02,79068.77,1777257278000
1777257281.281,281.281,0.01,0.02,0.98,0.99,0.01,0.01,79068.77,1777257278000
1777257281.703,281.703,0.01,0.02,0.98,0.99,0.01,0.01,79068.77,1777257278000
1777257282.082,282.082,0.01,0.02,0.98,0.99,0.01,0.01,79062.89,1777257280000
1777257282.44,282.44,0.01,0.03,0.97,0.99,0.02,0.02,79062.89,1777257280000
1777257282.813,282.813,0.01,0.02,0.98,0.99,0.01,0.01,79061.21,1777257281000
1777257283.158,283.158,0.01,0.02,0.98,0.99,0.01,0.01,79062.76,1777257282000
1777257283.5,283.5,0.09,0.1,0.96,0.98,0.01,0.02,79062.76,1777257282000
1777257283.851,283.851,0.1,0.11,0.89,0.9,0.01,0.01,79062.76,1777257282000
1777257284.194,284.194,0.09,0.12,0.88,0.89,0.03,0.01,79062.76,1777257282000
1777257284.541,284.541,0.1,0.11,0.89,0.9,0.01,0.01,79064.83,1777257283000
1777257284.875,284.875,0.12,0.14,0.86,0.88,0.02,0.02,79064.83,1777257283000
1777257285.256,285.256,0.06,0.07,0.93,0.94,0.01,0.01,79064.83,1777257283000
1777257285.591,285.591,0.06,0.07,0.93,0.94,0.01,0.01,79064.77,1777257284000
1777257285.955,285.955,0.06,0.07,0.93,0.94,0.01,0.01,79064.77,1777257284000
1777257286.289,286.289,0.06,0.07,0.93,0.94,0.01,0.01,79064.41,1777257285000
1777257286.638,286.638,0.06,0.07,0.93,0.94,0.01,0.01,79064.41,1777257285000
1777257286.972,286.972,0.06,0.08,0.92,0.94,0.02,0.02,79064.41,1777257285000
1777257287.307,287.307,0.04,0.05,0.95,0.96,0.01,0.01,79063.4,1777257286000
1777257287.649,287.649,0.03,0.05,0.95,0.97,0.02,0.02,79063.4,1777257286000
1777257288.088,288.088,0.03,0.04,0.94,0.97,0.01,0.03,79063.4,1777257286000
1777257288.445,288.445,0.03,0.04,0.96,0.97,0.01,0.01,79063.39,1777257287000
1777257288.917,288.917,0.03,0.04,0.96,0.97,0.01,0.01,79063.39,1777257287000
1777257289.292,289.292,0.03,0.04,0.96,0.97,0.01,0.01,79062.4,1777257288000
1777257289.787,289.787,0.03,0.04,0.96,0.97,0.01,0.01,79062.4,1777257288000
1777257290.206,290.206,0.02,0.03,0.97,0.99,0.01,0.02,79062.4,1777257288000
1777257290.7,290.7,0.01,0.02,0.98,0.99,0.01,0.01,79062.4,1777257289000
1777257291.07,291.07,0.01,0.01,0.99,0.99,0.0,0.0,79062.4,1777257289000
1777257291.452,291.452,0.01,0.01,0.99,0.99,0.0,0.0,79062.38,1777257290000
1777257291.966,291.966,0.01,0.01,0.99,0.99,0.0,0.0,79061.55,1777257291000
1777257293.031,293.031,0.01,0.01,0.99,0.99,0.0,0.0,79061.55,1777257291000
1777257294.065,294.065,0.01,0.01,0.99,0.99,0.0,0.0,79062.21,1777257292000
1777257294.436,294.436,0.01,0.01,0.99,0.99,0.0,0.0,79062.22,1777257293000
1777257294.873,294.873,0.01,0.01,0.99,0.99,0.0,0.0,79062.22,1777257293000
1777257295.244,295.244,0.01,0.01,0.99,0.99,0.0,0.0,79062.22,1777257293000
1777257295.686,295.686,0.01,0.01,0.99,0.99,0.0,0.0,79062.55,1777257294000
1777257296.136,296.136,0.01,0.01,0.99,0.99,0.0,0.0,79065.19,1777257295000
1777257296.53,296.53,0.01,0.01,0.99,0.99,0.0,0.0,79065.19,1777257295000
1777257297.094,297.094,0.01,0.01,0.99,0.99,0.0,0.0,79065.19,1777257295000
1777257297.49,297.49,0.01,0.01,0.99,0.99,0.0,0.0,79071.04,1777257296000
1777257298.345,298.345,0.01,0.01,0.99,0.99,0.0,0.0,79071.04,1777257296000
1777257298.722,298.722,0.01,0.01,0.99,0.99,0.0,0.0,79081.71,1777257297000
1777257299.197,299.197,0.01,0.01,0.99,0.99,0.0,0.0,79083.86,1777257298000
1777257299.634,299.634,0.01,0.01,0.99,0.99,0.0,0.0,79083.86,1777257298000
1777257300.133,300.133,0.01,0.01,0.99,0.99,0.0,0.0,79088.37,1777257299000
1777257300.666,300.666,0.01,0.01,0.99,0.99,0.0,0.0,79088.37,1777257299000
1777257301.218,301.218,0.01,0.01,0.99,0.99,0.0,0.0,79090.25,1777257300000
1777257302.467,302.467,0.01,0.01,0.99,0.99,0.0,0.0,79092.68,1777257301000

# RESULT,winner=Down,slug=btc-updown-5m-1777257000,ticks=685
