timestamp,elapsed_sec,up_bid,up_ask,down_bid,down_ask,up_spread,down_spread,btc_price,btc_oracle_ts
1776324900.589,0.589,0.5,0.51,0.49,0.5,0.01,0.01,74896.35,1776324899000
1776324900.977,0.977,0.5,0.51,0.49,0.5,0.01,0.01,74896.35,1776324899000
1776324901.413,1.413,0.51,0.52,0.48,0.49,0.01,0.01,74896.29,1776324900000
1776324901.752,1.752,0.51,0.52,0.48,0.49,0.01,0.01,74896.29,1776324900000
1776324902.152,2.152,0.51,0.52,0.48,0.49,0.01,0.01,74896.31,1776324901000
1776324902.65,2.65,0.51,0.52,0.48,0.49,0.01,0.01,74896.31,1776324901000
1776324903.106,3.106,0.52,0.53,0.47,0.48,0.01,0.01,74896.31,1776324901000
1776324903.439,3.439,0.52,0.53,0.47,0.48,0.01,0.01,74896.28,1776324902000
1776324903.815,3.815,0.52,0.53,0.47,0.48,0.01,0.01,74896.28,1776324902000
1776324904.188,4.188,0.52,0.53,0.47,0.48,0.01,0.01,74896.28,1776324902000
1776324904.677,4.677,0.52,0.53,0.47,0.48,0.01,0.01,74896.28,1776324902000
1776324905.107,5.107,0.52,0.53,0.47,0.48,0.01,0.01,74896.28,1776324902000
1776324905.461,5.461,0.52,0.53,0.47,0.48,0.01,0.01,74896.28,1776324902000
1776324905.822,5.822,0.52,0.53,0.47,0.48,0.01,0.01,74897.86,1776324904000
1776324906.213,6.213,0.52,0.53,0.47,0.48,0.01,0.01,74897.86,1776324904000
1776324907.054,7.054,0.52,0.53,0.47,0.48,0.01,0.01,74897.89,1776324905000
1776324907.426,7.426,0.52,0.53,0.47,0.48,0.01,0.01,74897.89,1776324905000
1776324907.835,7.835,0.55,0.56,0.44,0.45,0.01,0.01,74897.98,1776324906000
1776324908.436,8.436,0.55,0.56,0.44,0.45,0.01,0.01,74897.98,1776324906000
1776324908.844,8.844,0.53,0.55,0.45,0.46,0.02,0.01,74897.99,1776324907000
1776324909.178,9.178,0.52,0.53,0.47,0.48,0.01,0.01,74897.99,1776324907000
1776324909.536,9.536,0.5,0.51,0.49,0.5,0.01,0.01,74898.2,1776324908000
1776324909.918,9.918,0.5,0.51,0.49,0.5,0.01,0.01,74898.2,1776324908000
1776324910.329,10.329,0.5,0.51,0.49,0.5,0.01,0.01,74899.86,1776324909000
1776324910.712,10.712,0.48,0.5,0.5,0.51,0.02,0.01,74899.86,1776324909000
1776324911.123,11.123,0.48,0.49,0.51,0.52,0.01,0.01,74899.86,1776324909000
1776324911.555,11.555,0.48,0.49,0.51,0.52,0.01,0.01,74895.87,1776324910000
1776324911.991,11.991,0.48,0.49,0.51,0.52,0.01,0.01,74895.87,1776324910000
1776324912.333,12.333,0.48,0.49,0.51,0.52,0.01,0.01,74895.73,1776324911000
1776324912.697,12.697,0.48,0.49,0.51,0.52,0.01,0.01,74895.73,1776324911000
1776324913.06,13.06,0.48,0.49,0.51,0.52,0.01,0.01,74895.73,1776324911000
1776324913.479,13.479,0.48,0.49,0.51,0.52,0.01,0.01,74895.73,1776324911000
1776324914.094,14.094,0.48,0.49,0.51,0.52,0.01,0.01,74891.96,1776324912000
1776324914.478,14.478,0.48,0.49,0.51,0.52,0.01,0.01,74891.96,1776324913000
1776324914.901,14.901,0.46,0.47,0.53,0.54,0.01,0.01,74891.96,1776324913000
1776324915.525,15.525,0.45,0.46,0.54,0.55,0.01,0.01,74892.02,1776324914000
1776324916.123,16.123,0.45,0.46,0.54,0.55,0.01,0.01,74892.02,1776324914000
1776324916.473,16.473,0.45,0.46,0.54,0.55,0.01,0.01,74892.11,1776324915000
1776324916.858,16.858,0.45,0.46,0.54,0.55,0.01,0.01,74892.11,1776324915000
1776324917.548,17.548,0.45,0.46,0.54,0.55,0.01,0.01,74891.92,1776324916000
1776324917.937,17.937,0.45,0.46,0.54,0.55,0.01,0.01,74891.92,1776324916000
1776324918.321,18.321,0.45,0.46,0.54,0.55,0.01,0.01,74891.92,1776324916000
1776324918.665,18.665,0.45,0.46,0.54,0.55,0.01,0.01,74891.92,1776324916000
1776324919.222,19.222,0.45,0.47,0.54,0.55,0.02,0.01,74891.37,1776324917000
1776324919.557,19.557,0.46,0.47,0.53,0.54,0.01,0.01,74891.47,1776324918000
1776324920.046,20.046,0.46,0.47,0.53,0.54,0.01,0.01,74891.47,1776324918000
1776324920.386,20.386,0.46,0.47,0.53,0.54,0.01,0.01,74891.47,1776324919000
1776324920.731,20.731,0.45,0.46,0.53,0.55,0.01,0.02,74891.47,1776324919000
1776324921.18,21.18,0.45,0.46,0.54,0.55,0.01,0.01,74891.47,1776324919000
1776324921.648,21.648,0.45,0.46,0.54,0.55,0.01,0.01,74891.69,1776324920000
1776324922.011,22.011,0.45,0.46,0.54,0.55,0.01,0.01,74891.69,1776324920000
1776324922.385,22.385,0.45,0.46,0.54,0.55,0.01,0.01,74891.69,1776324920000
1776324922.744,22.744,0.44,0.45,0.55,0.56,0.01,0.01,74891.62,1776324921000
1776324923.184,23.184,0.44,0.45,0.55,0.56,0.01,0.01,74891.62,1776324921000
1776324923.53,23.53,0.44,0.45,0.55,0.56,0.01,0.01,74891.62,1776324922000
1776324923.902,23.902,0.44,0.45,0.55,0.56,0.01,0.01,74891.62,1776324922000
1776324924.255,24.255,0.44,0.45,0.55,0.56,0.01,0.01,74891.62,1776324922000
1776324924.833,24.833,0.44,0.45,0.55,0.56,0.01,0.01,74891.51,1776324923000
1776324925.185,25.185,0.44,0.45,0.55,0.56,0.01,0.01,74891.51,1776324923000
1776324925.569,25.569,0.44,0.45,0.55,0.56,0.01,0.01,74891.3,1776324924000
1776324926.118,26.118,0.44,0.45,0.55,0.56,0.01,0.01,74891.3,1776324924000
1776324926.461,26.461,0.44,0.45,0.55,0.56,0.01,0.01,74891.04,1776324925000
1776324927.158,27.158,0.45,0.46,0.54,0.56,0.01,0.02,74891.04,1776324925000
1776324927.645,27.645,0.45,0.46,0.54,0.55,0.01,0.01,74890.97,1776324926000
1776324928.007,28.007,0.45,0.46,0.54,0.55,0.01,0.01,74890.97,1776324926000
1776324928.361,28.361,0.45,0.46,0.54,0.55,0.01,0.01,74890.93,1776324927000
1776324929.05,29.05,0.44,0.46,0.54,0.55,0.02,0.01,74890.93,1776324927000
1776324929.416,29.416,0.44,0.45,0.55,0.56,0.01,0.01,74890.93,1776324928000
1776324929.847,29.847,0.44,0.45,0.55,0.56,0.01,0.01,74890.93,1776324928000
1776324930.255,30.255,0.44,0.45,0.55,0.56,0.01,0.01,74890.94,1776324929000
1776324930.891,30.891,0.42,0.44,0.56,0.57,0.02,0.01,74890.94,1776324929000
1776324931.268,31.268,0.39,0.41,0.57,0.61,0.02,0.04,74890.67,1776324930000
1776324931.719,31.719,0.38,0.39,0.61,0.63,0.01,0.02,74890.67,1776324930000
1776324932.15,32.15,0.37,0.38,0.62,0.63,0.01,0.01,74889.41,1776324931000
1776324932.485,32.485,0.36,0.38,0.62,0.64,0.02,0.02,74889.41,1776324931000
1776324932.822,32.822,0.33,0.36,0.64,0.65,0.03,0.01,74889.41,1776324931000
1776324933.232,33.232,0.33,0.34,0.66,0.67,0.01,0.01,74884.68,1776324932000
1776324933.751,33.751,0.32,0.34,0.66,0.67,0.02,0.01,74884.68,1776324932000
1776324934.106,34.106,0.32,0.33,0.67,0.68,0.01,0.01,74881.27,1776324933000
1776324934.588,34.588,0.32,0.33,0.67,0.68,0.01,0.01,74881.27,1776324933000
1776324934.975,34.975,0.31,0.32,0.68,0.69,0.01,0.01,74881.27,1776324933000
1776324935.33,35.33,0.3,0.31,0.69,0.7,0.01,0.01,74881.27,1776324933000
1776324935.684,35.684,0.3,0.31,0.69,0.7,0.01,0.01,74877.71,1776324934000
1776324936.037,36.037,0.3,0.31,0.69,0.7,0.01,0.01,74877.67,1776324935000
1776324936.411,36.411,0.3,0.31,0.69,0.7,0.01,0.01,74877.67,1776324935000
1776324936.775,36.775,0.3,0.31,0.69,0.7,0.01,0.01,74877.67,1776324935000
1776324937.114,37.114,0.31,0.32,0.68,0.69,0.01,0.01,74876.6,1776324936000
1776324937.46,37.46,0.31,0.32,0.68,0.69,0.01,0.01,74876.6,1776324936000
1776324937.971,37.971,0.31,0.32,0.68,0.69,0.01,0.01,74875.48,1776324937000
1776324938.702,38.702,0.31,0.32,0.68,0.69,0.01,0.01,74875.48,1776324937000
1776324939.12,39.12,0.31,0.32,0.68,0.69,0.01,0.01,74875.46,1776324938000
1776324939.608,39.608,0.31,0.32,0.68,0.69,0.01,0.01,74875.46,1776324938000
1776324939.956,39.956,0.31,0.32,0.68,0.69,0.01,0.01,74875.46,1776324938000
1776324940.297,40.297,0.31,0.32,0.68,0.69,0.01,0.01,74875.53,1776324939000
1776324940.852,40.852,0.31,0.32,0.68,0.69,0.01,0.01,74875.53,1776324939000
1776324941.195,41.195,0.31,0.32,0.68,0.69,0.01,0.01,74875.54,1776324940000
1776324941.553,41.553,0.31,0.32,0.68,0.69,0.01,0.01,74875.54,1776324940000
1776324941.923,41.923,0.31,0.32,0.68,0.69,0.01,0.01,74875.54,1776324940000
1776324942.296,42.296,0.31,0.32,0.68,0.69,0.01,0.01,74875.54,1776324941000
1776324942.849,42.849,0.31,0.32,0.68,0.69,0.01,0.01,74875.54,1776324941000
1776324943.395,43.395,0.31,0.32,0.68,0.69,0.01,0.01,74875.45,1776324942000
1776324943.885,43.885,0.31,0.32,0.68,0.69,0.01,0.01,74875.51,1776324943000
1776324944.347,44.347,0.31,0.32,0.68,0.69,0.01,0.01,74875.51,1776324943000
1776324944.86,44.86,0.31,0.32,0.68,0.69,0.01,0.01,74875.51,1776324943000
1776324945.382,45.382,0.31,0.32,0.68,0.69,0.01,0.01,74875.4,1776324944000
1776324945.82,45.82,0.3,0.31,0.68,0.7,0.01,0.02,74875.4,1776324944000
1776324946.219,46.219,0.3,0.31,0.69,0.7,0.01,0.01,74875.0,1776324945000
1776324946.778,46.778,0.3,0.31,0.69,0.7,0.01,0.01,74875.0,1776324945000
1776324947.121,47.121,0.3,0.31,0.69,0.7,0.01,0.01,74877.49,1776324946000
1776324947.5,47.5,0.3,0.31,0.69,0.7,0.01,0.01,74877.49,1776324946000
1776324948.214,48.214,0.3,0.31,0.69,0.7,0.01,0.01,74877.49,1776324946000
1776324948.754,48.754,0.3,0.31,0.69,0.7,0.01,0.01,74875.42,1776324947000
1776324949.234,49.234,0.35,0.36,0.64,0.65,0.01,0.01,74875.42,1776324947000
1776324949.604,49.604,0.35,0.36,0.64,0.65,0.01,0.01,74875.41,1776324948000
1776324949.975,49.975,0.4,0.41,0.59,0.61,0.01,0.02,74875.41,1776324948000
1776324950.368,50.368,0.4,0.41,0.59,0.6,0.01,0.01,74875.41,1776324949000
1776324950.733,50.733,0.42,0.43,0.57,0.58,0.01,0.01,74875.41,1776324949000
1776324951.104,51.104,0.43,0.44,0.56,0.57,0.01,0.01,74875.41,1776324949000
1776324951.447,51.447,0.43,0.44,0.56,0.57,0.01,0.01,74879.29,1776324950000
1776324951.9,51.9,0.43,0.44,0.56,0.57,0.01,0.01,74879.29,1776324950000
1776324952.247,52.247,0.44,0.45,0.55,0.56,0.01,0.01,74883.71,1776324951000
1776324952.664,52.664,0.45,0.47,0.54,0.55,0.02,0.01,74883.71,1776324951000
1776324953.061,53.061,0.46,0.47,0.53,0.54,0.01,0.01,74883.71,1776324951000
1776324953.677,53.677,0.48,0.49,0.52,0.54,0.01,0.02,74884.81,1776324952000
1776324954.018,54.018,0.49,0.5,0.5,0.51,0.01,0.01,74884.81,1776324952000
1776324954.402,54.402,0.49,0.5,0.5,0.51,0.01,0.01,74885.3,1776324953000
1776324954.903,54.903,0.49,0.5,0.5,0.51,0.01,0.01,74885.3,1776324953000
1776324955.332,55.332,0.49,0.5,0.5,0.51,0.01,0.01,74887.0,1776324954000
1776324955.7,55.7,0.49,0.5,0.5,0.51,0.01,0.01,74887.0,1776324954000
1776324956.091,56.091,0.49,0.5,0.5,0.51,0.01,0.01,74887.0,1776324954000
1776324956.714,56.714,0.48,0.5,0.5,0.51,0.02,0.01,74888.95,1776324955000
1776324957.185,57.185,0.48,0.49,0.5,0.52,0.01,0.02,74888.95,1776324955000
1776324957.542,57.542,0.48,0.49,0.51,0.52,0.01,0.01,74888.96,1776324956000
1776324957.895,57.895,0.48,0.49,0.51,0.52,0.01,0.01,74888.96,1776324956000
1776324958.251,58.251,0.46,0.47,0.53,0.54,0.01,0.01,74888.95,1776324957000
1776324958.654,58.654,0.46,0.47,0.53,0.54,0.01,0.01,74888.95,1776324957000
1776324959.159,59.159,0.46,0.47,0.53,0.54,0.01,0.01,74889.92,1776324958000
1776324959.607,59.607,0.46,0.47,0.53,0.54,0.01,0.01,74889.92,1776324958000
1776324960.101,60.101,0.46,0.47,0.53,0.54,0.01,0.01,74889.92,1776324958000
1776324960.509,60.509,0.46,0.47,0.53,0.54,0.01,0.01,74889.25,1776324959000
1776324960.93,60.93,0.46,0.47,0.53,0.54,0.01,0.01,74889.25,1776324959000
1776324961.331,61.331,0.46,0.47,0.53,0.54,0.01,0.01,74889.25,1776324960000
1776324961.781,61.781,0.46,0.47,0.53,0.54,0.01,0.01,74889.25,1776324960000
1776324962.12,62.12,0.46,0.47,0.53,0.54,0.01,0.01,74889.25,1776324960000
1776324962.47,62.47,0.46,0.47,0.53,0.54,0.01,0.01,74889.23,1776324961000
1776324962.912,62.912,0.46,0.47,0.53,0.54,0.01,0.01,74889.23,1776324961000
1776324963.352,63.352,0.46,0.47,0.53,0.54,0.01,0.01,74889.23,1776324962000
1776324964.042,64.042,0.46,0.47,0.53,0.54,0.01,0.01,74889.03,1776324963000
1776324964.44,64.44,0.44,0.45,0.55,0.56,0.01,0.01,74889.03,1776324963000
1776324965.04,65.04,0.44,0.45,0.55,0.56,0.01,0.01,74889.03,1776324963000
1776324965.473,65.473,0.44,0.45,0.55,0.56,0.01,0.01,74889.36,1776324964000
1776324965.811,65.811,0.43,0.44,0.55,0.57,0.01,0.02,74889.36,1776324964000
1776324966.255,66.255,0.43,0.44,0.56,0.57,0.01,0.01,74889.36,1776324964000
1776324966.82,66.82,0.42,0.44,0.56,0.57,0.02,0.01,74889.39,1776324965000
1776324967.619,67.619,0.42,0.43,0.57,0.58,0.01,0.01,74889.39,1776324966000
1776324967.97,67.97,0.42,0.43,0.57,0.58,0.01,0.01,74889.39,1776324966000
1776324968.348,68.348,0.42,0.43,0.57,0.58,0.01,0.01,74889.39,1776324967000
1776324968.848,68.848,0.42,0.43,0.57,0.58,0.01,0.01,74889.39,1776324967000
1776324969.28,69.28,0.42,0.43,0.57,0.58,0.01,0.01,74889.53,1776324968000
1776324969.658,69.658,0.42,0.43,0.57,0.58,0.01,0.01,74889.53,1776324968000
1776324970.056,70.056,0.42,0.43,0.57,0.58,0.01,0.01,74888.93,1776324969000
1776324970.413,70.413,0.42,0.43,0.57,0.58,0.01,0.01,74888.93,1776324969000
1776324971.052,71.052,0.42,0.43,0.57,0.58,0.01,0.01,74888.93,1776324969000
1776324971.411,71.411,0.42,0.43,0.57,0.58,0.01,0.01,74888.93,1776324970000
1776324971.757,71.757,0.42,0.43,0.57,0.58,0.01,0.01,74888.93,1776324970000
1776324972.195,72.195,0.42,0.43,0.57,0.58,0.01,0.01,74889.52,1776324971000
1776324973.042,73.042,0.42,0.43,0.57,0.58,0.01,0.01,74888.9,1776324972000
1776324973.409,73.409,0.42,0.43,0.57,0.58,0.01,0.01,74888.9,1776324972000
1776324973.782,73.782,0.42,0.43,0.57,0.58,0.01,0.01,74888.9,1776324972000
1776324974.332,74.332,0.42,0.43,0.57,0.58,0.01,0.01,74888.9,1776324972000
1776324974.839,74.839,0.42,0.43,0.57,0.58,0.01,0.01,74888.9,1776324972000
1776324975.237,75.237,0.42,0.43,0.57,0.58,0.01,0.01,74888.91,1776324974000
1776324975.573,75.573,0.42,0.43,0.57,0.58,0.01,0.01,74888.91,1776324974000
1776324975.971,75.971,0.42,0.43,0.57,0.58,0.01,0.01,74888.91,1776324974000
1776324976.756,76.756,0.42,0.43,0.57,0.58,0.01,0.01,74888.91,1776324974000
1776324977.297,77.297,0.42,0.43,0.57,0.58,0.01,0.01,74888.9,1776324976000
1776324977.797,77.797,0.42,0.43,0.57,0.58,0.01,0.01,74888.9,1776324976000
1776324978.132,78.132,0.38,0.39,0.61,0.62,0.01,0.01,74888.9,1776324976000
1776324978.523,78.523,0.36,0.37,0.63,0.64,0.01,0.01,74888.9,1776324976000
1776324978.881,78.881,0.35,0.36,0.63,0.65,0.01,0.02,74888.16,1776324977000
1776324979.271,79.271,0.35,0.36,0.64,0.65,0.01,0.01,74888.16,1776324977000
1776324979.704,79.704,0.33,0.34,0.65,0.68,0.01,0.03,74888.14,1776324978000
1776324980.175,80.175,0.32,0.33,0.66,0.67,0.01,0.01,74888.14,1776324978000
1776324980.709,80.709,0.31,0.32,0.68,0.69,0.01,0.01,74882.97,1776324979000
1776324981.116,81.116,0.31,0.32,0.68,0.69,0.01,0.01,74881.65,1776324980000
1776324981.458,81.458,0.31,0.32,0.68,0.69,0.01,0.01,74881.65,1776324980000
1776324981.87,81.87,0.31,0.32,0.68,0.69,0.01,0.01,74881.65,1776324980000
1776324982.401,82.401,0.31,0.32,0.68,0.69,0.01,0.01,74881.65,1776324980000
1776324982.917,82.917,0.31,0.32,0.68,0.69,0.01,0.01,74876.7,1776324981000
1776324983.422,83.422,0.31,0.32,0.68,0.69,0.01,0.01,74876.69,1776324982000
1776324984.081,84.081,0.31,0.32,0.68,0.69,0.01,0.01,74876.69,1776324982000
1776324984.501,84.501,0.31,0.32,0.68,0.69,0.01,0.01,74876.69,1776324982000
1776324984.875,84.875,0.31,0.32,0.68,0.69,0.01,0.01,74876.84,1776324983000
1776324985.299,85.299,0.3,0.31,0.69,0.7,0.01,0.01,74876.77,1776324984000
1776324985.93,85.93,0.3,0.31,0.69,0.7,0.01,0.01,74876.77,1776324984000
1776324986.441,86.441,0.3,0.31,0.69,0.7,0.01,0.01,74876.8,1776324985000
1776324986.861,86.861,0.3,0.31,0.69,0.7,0.01,0.01,74876.8,1776324985000
1776324987.359,87.359,0.3,0.31,0.69,0.7,0.01,0.01,74876.82,1776324986000
1776324987.971,87.971,0.3,0.31,0.69,0.7,0.01,0.01,74876.82,1776324986000
1776324989.043,89.043,0.3,0.31,0.69,0.7,0.01,0.01,74876.82,1776324987000
1776324989.422,89.422,0.3,0.31,0.69,0.7,0.01,0.01,74876.84,1776324988000
1776324990.077,90.077,0.3,0.31,0.69,0.7,0.01,0.01,74876.82,1776324989000
1776324990.42,90.42,0.3,0.31,0.69,0.7,0.01,0.01,74876.82,1776324989000
1776324990.821,90.821,0.3,0.31,0.69,0.7,0.01,0.01,74876.82,1776324989000
1776324991.461,91.461,0.3,0.31,0.69,0.7,0.01,0.01,74876.73,1776324990000
1776324991.892,91.892,0.3,0.31,0.69,0.7,0.01,0.01,74876.73,1776324990000
1776324992.295,92.295,0.3,0.31,0.69,0.7,0.01,0.01,74876.78,1776324991000
1776324992.904,92.904,0.3,0.31,0.69,0.7,0.01,0.01,74876.78,1776324991000
1776324993.253,93.253,0.3,0.32,0.69,0.7,0.02,0.01,74876.78,1776324991000
1776324993.756,93.756,0.31,0.32,0.68,0.69,0.01,0.01,74876.76,1776324992000
1776324994.115,94.115,0.31,0.32,0.68,0.69,0.01,0.01,74876.76,1776324993000
1776324994.499,94.499,0.31,0.32,0.68,0.69,0.01,0.01,74876.76,1776324993000
1776324994.836,94.836,0.31,0.32,0.68,0.69,0.01,0.01,74876.76,1776324993000
1776324995.206,95.206,0.31,0.32,0.68,0.69,0.01,0.01,74876.76,1776324994000
1776324995.937,95.937,0.31,0.32,0.68,0.69,0.01,0.01,74876.76,1776324994000
1776324996.315,96.315,0.31,0.32,0.68,0.69,0.01,0.01,74876.79,1776324995000
1776324996.813,96.813,0.3,0.31,0.69,0.7,0.01,0.01,74876.79,1776324995000
1776324997.237,97.237,0.3,0.31,0.69,0.7,0.01,0.01,74876.58,1776324996000
1776324997.876,97.876,0.3,0.31,0.69,0.7,0.01,0.01,74876.58,1776324996000
1776324998.257,98.257,0.3,0.31,0.69,0.7,0.01,0.01,74876.58,1776324996000
1776324998.605,98.605,0.3,0.31,0.69,0.7,0.01,0.01,74876.6,1776324997000
1776324999.004,99.004,0.3,0.31,0.69,0.7,0.01,0.01,74875.77,1776324998000
1776324999.596,99.596,0.3,0.31,0.69,0.7,0.01,0.01,74875.77,1776324998000
1776325000.114,100.114,0.3,0.31,0.69,0.7,0.01,0.01,74875.77,1776324998000
1776325000.452,100.452,0.3,0.31,0.69,0.7,0.01,0.01,74875.33,1776324999000
1776325000.788,100.788,0.3,0.31,0.69,0.7,0.01,0.01,74875.33,1776324999000
1776325001.206,101.206,0.3,0.31,0.69,0.7,0.01,0.01,74875.33,1776324999000
1776325001.701,101.701,0.3,0.31,0.69,0.7,0.01,0.01,74875.33,1776324999000
1776325002.137,102.137,0.3,0.31,0.69,0.7,0.01,0.01,74875.33,1776324999000
1776325002.601,102.601,0.3,0.31,0.69,0.7,0.01,0.01,74875.33,1776324999000
1776325003.075,103.075,0.3,0.31,0.69,0.7,0.01,0.01,74875.33,1776325001000
1776325003.478,103.478,0.3,0.31,0.69,0.7,0.01,0.01,74875.33,1776325002000
1776325004.224,104.224,0.3,0.31,0.69,0.7,0.01,0.01,74875.33,1776325002000
1776325004.575,104.575,0.3,0.31,0.69,0.7,0.01,0.01,74875.33,1776325002000
1776325005.027,105.027,0.3,0.31,0.69,0.7,0.01,0.01,74875.33,1776325002000
1776325005.45,105.45,0.3,0.31,0.69,0.7,0.01,0.01,74875.33,1776325004000
1776325006.027,106.027,0.3,0.31,0.69,0.7,0.01,0.01,74875.33,1776325004000
1776325006.476,106.476,0.3,0.31,0.69,0.7,0.01,0.01,74875.38,1776325005000
1776325007.019,107.019,0.3,0.31,0.69,0.7,0.01,0.01,74875.48,1776325006000
1776325007.366,107.366,0.3,0.31,0.69,0.7,0.01,0.01,74875.48,1776325006000
1776325008.152,108.152,0.3,0.31,0.69,0.7,0.01,0.01,74875.48,1776325006000
1776325008.643,108.643,0.3,0.31,0.69,0.7,0.01,0.01,74875.43,1776325007000
1776325009.004,109.004,0.3,0.31,0.69,0.7,0.01,0.01,74875.43,1776325007000
1776325009.554,109.554,0.3,0.31,0.69,0.7,0.01,0.01,74875.43,1776325008000
1776325010.006,110.006,0.3,0.31,0.69,0.7,0.01,0.01,74875.43,1776325008000
1776325010.481,110.481,0.3,0.31,0.69,0.7,0.01,0.01,74875.43,1776325008000
1776325010.823,110.823,0.3,0.31,0.69,0.7,0.01,0.01,74875.43,1776325009000
1776325011.266,111.266,0.3,0.31,0.69,0.7,0.01,0.01,74876.82,1776325010000
1776325011.857,111.857,0.3,0.31,0.69,0.7,0.01,0.01,74876.82,1776325010000
1776325012.607,112.607,0.29,0.3,0.69,0.7,0.01,0.01,74875.43,1776325011000
1776325012.987,112.987,0.29,0.3,0.7,0.71,0.01,0.01,74875.43,1776325011000
1776325013.329,113.329,0.29,0.3,0.7,0.71,0.01,0.01,74875.3,1776325012000
1776325013.797,113.797,0.29,0.3,0.7,0.71,0.01,0.01,74875.3,1776325012000
1776325014.304,114.304,0.29,0.3,0.7,0.71,0.01,0.01,74875.37,1776325013000
1776325014.767,114.767,0.29,0.3,0.7,0.71,0.01,0.01,74875.37,1776325013000
1776325015.22,115.22,0.29,0.3,0.7,0.71,0.01,0.01,74875.37,1776325014000
1776325015.569,115.569,0.29,0.3,0.7,0.71,0.01,0.01,74875.37,1776325014000
1776325015.904,115.904,0.29,0.3,0.7,0.71,0.01,0.01,74875.37,1776325014000
1776325016.324,116.324,0.29,0.3,0.7,0.71,0.01,0.01,74875.25,1776325015000
1776325017.176,117.176,0.29,0.3,0.7,0.71,0.01,0.01,74875.25,1776325015000
1776325017.651,117.651,0.29,0.3,0.7,0.71,0.01,0.01,74877.32,1776325016000
1776325018.169,118.169,0.3,0.31,0.69,0.7,0.01,0.01,74875.25,1776325017000
1776325018.705,118.705,0.3,0.31,0.69,0.7,0.01,0.01,74875.25,1776325017000
1776325019.063,119.063,0.3,0.33,0.69,0.7,0.03,0.01,74875.25,1776325017000
1776325019.437,119.437,0.35,0.36,0.64,0.65,0.01,0.01,74875.4,1776325018000
1776325020.136,120.136,0.35,0.36,0.64,0.65,0.01,0.01,74875.57,1776325019000
1776325020.568,120.568,0.35,0.36,0.64,0.65,0.01,0.01,74875.57,1776325019000
1776325020.956,120.956,0.37,0.38,0.62,0.64,0.01,0.02,74875.57,1776325019000
1776325021.402,121.402,0.37,0.38,0.62,0.63,0.01,0.01,74876.65,1776325020000
1776325021.828,121.828,0.37,0.38,0.62,0.63,0.01,0.01,74876.65,1776325020000
1776325022.191,122.191,0.37,0.38,0.62,0.63,0.01,0.01,74876.65,1776325020000
1776325022.543,122.543,0.37,0.38,0.62,0.63,0.01,0.01,74877.74,1776325021000
1776325022.897,122.897,0.41,0.43,0.57,0.58,0.02,0.01,74877.74,1776325021000
1776325023.268,123.268,0.42,0.43,0.57,0.58,0.01,0.01,74879.54,1776325022000
1776325023.616,123.616,0.39,0.42,0.58,0.61,0.03,0.03,74879.54,1776325022000
1776325023.965,123.965,0.36,0.37,0.63,0.64,0.01,0.01,74879.54,1776325022000
1776325024.305,124.305,0.33,0.35,0.64,0.66,0.02,0.02,74882.57,1776325023000
1776325024.707,124.707,0.33,0.34,0.66,0.67,0.01,0.01,74882.57,1776325023000
1776325025.316,125.316,0.33,0.34,0.66,0.67,0.01,0.01,74883.43,1776325024000
1776325025.659,125.659,0.33,0.34,0.66,0.67,0.01,0.01,74883.43,1776325024000
1776325026.068,126.068,0.33,0.34,0.66,0.67,0.01,0.01,74883.43,1776325024000
1776325026.434,126.434,0.33,0.34,0.66,0.67,0.01,0.01,74883.43,1776325024000
1776325026.982,126.982,0.34,0.35,0.65,0.66,0.01,0.01,74882.21,1776325025000
1776325027.349,127.349,0.36,0.38,0.63,0.64,0.02,0.01,74882.21,1776325025000
1776325027.821,127.821,0.37,0.38,0.62,0.63,0.01,0.01,74881.05,1776325026000
1776325028.175,128.175,0.37,0.38,0.62,0.63,0.01,0.01,74881.05,1776325026000
1776325029.259,129.259,0.38,0.4,0.62,0.63,0.02,0.01,74879.73,1776325027000
1776325029.656,129.656,0.41,0.42,0.58,0.59,0.01,0.01,74879.73,1776325027000
1776325030.035,130.035,0.42,0.43,0.57,0.58,0.01,0.01,74879.84,1776325028000
1776325030.385,130.385,0.44,0.46,0.54,0.56,0.02,0.02,74879.84,1776325028000
1776325030.725,130.725,0.46,0.47,0.53,0.54,0.01,0.01,74879.93,1776325029000
1776325031.112,131.112,0.46,0.47,0.53,0.54,0.01,0.01,74882.2,1776325030000
1776325031.478,131.478,0.46,0.47,0.53,0.54,0.01,0.01,74882.2,1776325030000
1776325031.814,131.814,0.46,0.47,0.53,0.54,0.01,0.01,74882.2,1776325030000
1776325032.324,132.324,0.46,0.47,0.53,0.54,0.01,0.01,74882.2,1776325030000
1776325032.685,132.685,0.46,0.47,0.53,0.54,0.01,0.01,74886.69,1776325031000
1776325033.214,133.214,0.46,0.47,0.53,0.54,0.01,0.01,74886.69,1776325031000
1776325033.553,133.553,0.46,0.47,0.53,0.54,0.01,0.01,74886.7,1776325032000
1776325033.943,133.943,0.49,0.5,0.5,0.52,0.01,0.02,74886.7,1776325032000
1776325034.431,134.431,0.49,0.5,0.5,0.51,0.01,0.01,74886.7,1776325032000
1776325034.805,134.805,0.49,0.5,0.5,0.51,0.01,0.01,74887.0,1776325033000
1776325035.158,135.158,0.49,0.5,0.5,0.51,0.01,0.01,74887.0,1776325033000
1776325035.803,135.803,0.49,0.5,0.5,0.51,0.01,0.01,74887.02,1776325034000
1776325036.247,136.247,0.49,0.5,0.5,0.51,0.01,0.01,74887.85,1776325035000
1776325036.628,136.628,0.49,0.5,0.5,0.51,0.01,0.01,74887.85,1776325035000
1776325037.306,137.306,0.48,0.49,0.51,0.52,0.01,0.01,74887.85,1776325035000
1776325037.692,137.692,0.48,0.49,0.51,0.52,0.01,0.01,74888.21,1776325036000
1776325038.046,138.046,0.48,0.49,0.51,0.52,0.01,0.01,74888.21,1776325036000
1776325038.762,138.762,0.48,0.49,0.51,0.52,0.01,0.01,74888.76,1776325037000
1776325039.123,139.123,0.48,0.49,0.51,0.52,0.01,0.01,74888.76,1776325037000
1776325039.576,139.576,0.48,0.49,0.51,0.52,0.01,0.01,74888.76,1776325037000
1776325040.452,140.452,0.48,0.49,0.51,0.52,0.01,0.01,74888.75,1776325039000
1776325040.821,140.821,0.48,0.49,0.51,0.52,0.01,0.01,74888.75,1776325039000
1776325041.259,141.259,0.48,0.49,0.51,0.52,0.01,0.01,74888.73,1776325040000
1776325041.836,141.836,0.48,0.49,0.51,0.52,0.01,0.01,74888.73,1776325040000
1776325042.297,142.297,0.44,0.45,0.54,0.56,0.01,0.02,74888.73,1776325040000
1776325042.64,142.64,0.4,0.41,0.58,0.61,0.01,0.03,74888.73,1776325040000
1776325043.041,143.041,0.39,0.41,0.59,0.6,0.02,0.01,74888.73,1776325041000
1776325043.411,143.411,0.37,0.38,0.62,0.63,0.01,0.01,74888.72,1776325042000
1776325043.891,143.891,0.35,0.36,0.64,0.65,0.01,0.01,74888.72,1776325042000
1776325044.293,144.293,0.35,0.36,0.64,0.65,0.01,0.01,74888.72,1776325042000
1776325044.636,144.636,0.35,0.36,0.64,0.65,0.01,0.01,74888.72,1776325042000
1776325045.235,145.235,0.35,0.36,0.64,0.65,0.01,0.01,74886.53,1776325044000
1776325045.84,145.84,0.35,0.36,0.64,0.65,0.01,0.01,74886.53,1776325044000
1776325046.279,146.279,0.35,0.36,0.64,0.65,0.01,0.01,74886.53,1776325044000
1776325046.684,146.684,0.35,0.36,0.64,0.65,0.01,0.01,74884.77,1776325045000
1776325047.325,147.325,0.35,0.36,0.64,0.65,0.01,0.01,74884.54,1776325046000
1776325047.671,147.671,0.35,0.36,0.64,0.65,0.01,0.01,74884.54,1776325046000
1776325048.242,148.242,0.35,0.36,0.64,0.65,0.01,0.01,74884.64,1776325047000
1776325048.805,148.805,0.35,0.36,0.64,0.65,0.01,0.01,74884.64,1776325047000
1776325049.216,149.216,0.33,0.34,0.64,0.66,0.01,0.02,74884.64,1776325048000
1776325049.601,149.601,0.33,0.34,0.66,0.67,0.01,0.01,74884.64,1776325048000
1776325050.232,150.232,0.33,0.34,0.66,0.67,0.01,0.01,74884.55,1776325049000
1776325050.699,150.699,0.33,0.34,0.66,0.67,0.01,0.01,74884.55,1776325049000
1776325051.074,151.074,0.33,0.34,0.66,0.67,0.01,0.01,74884.55,1776325049000
1776325051.506,151.506,0.33,0.34,0.66,0.67,0.01,0.01,74883.12,1776325050000
1776325051.879,151.879,0.33,0.34,0.66,0.67,0.01,0.01,74882.82,1776325051000
1776325052.27,152.27,0.33,0.34,0.66,0.67,0.01,0.01,74882.82,1776325051000
1776325052.739,152.739,0.33,0.34,0.66,0.67,0.01,0.01,74882.82,1776325051000
1776325053.079,153.079,0.33,0.34,0.66,0.67,0.01,0.01,74882.69,1776325052000
1776325053.523,153.523,0.33,0.34,0.66,0.67,0.01,0.01,74882.69,1776325052000
1776325053.896,153.896,0.34,0.36,0.65,0.66,0.02,0.01,74882.69,1776325052000
1776325054.44,154.44,0.36,0.37,0.64,0.65,0.01,0.01,74882.68,1776325053000
1776325054.945,154.945,0.34,0.36,0.63,0.65,0.02,0.02,74882.68,1776325053000
1776325055.293,155.293,0.34,0.35,0.65,0.66,0.01,0.01,74882.83,1776325054000
1776325055.929,155.929,0.34,0.35,0.65,0.66,0.01,0.01,74882.85,1776325055000
1776325056.288,156.288,0.34,0.35,0.65,0.66,0.01,0.01,74882.85,1776325055000
1776325056.652,156.652,0.34,0.35,0.65,0.66,0.01,0.01,74882.85,1776325055000
1776325057.073,157.073,0.34,0.35,0.65,0.66,0.01,0.01,74882.81,1776325056000
1776325057.709,157.709,0.34,0.35,0.65,0.66,0.01,0.01,74882.81,1776325056000
1776325058.376,158.376,0.34,0.35,0.65,0.66,0.01,0.01,74882.81,1776325056000
1776325058.874,158.874,0.34,0.35,0.65,0.66,0.01,0.01,74883.01,1776325057000
1776325059.346,159.346,0.34,0.35,0.65,0.66,0.01,0.01,74883.01,1776325057000
1776325059.884,159.884,0.34,0.35,0.65,0.66,0.01,0.01,74883.1,1776325059000
1776325060.311,160.311,0.32,0.34,0.65,0.66,0.02,0.01,74883.1,1776325059000
1776325060.664,160.664,0.31,0.32,0.68,0.69,0.01,0.01,74883.1,1776325059000
1776325061.147,161.147,0.3,0.31,0.69,0.7,0.01,0.01,74883.1,1776325059000
1776325061.615,161.615,0.29,0.3,0.69,0.7,0.01,0.01,74883.12,1776325060000
1776325062.045,162.045,0.29,0.3,0.7,0.71,0.01,0.01,74883.12,1776325060000
1776325062.438,162.438,0.28,0.29,0.7,0.72,0.01,0.02,74883.06,1776325061000
1776325062.868,162.868,0.28,0.29,0.71,0.72,0.01,0.01,74883.06,1776325061000
1776325063.277,163.277,0.28,0.29,0.71,0.72,0.01,0.01,74883.06,1776325061000
1776325064.236,164.236,0.28,0.29,0.71,0.72,0.01,0.01,74880.18,1776325062000
1776325064.797,164.797,0.28,0.29,0.71,0.72,0.01,0.01,74879.81,1776325063000
1776325065.172,165.172,0.28,0.29,0.71,0.72,0.01,0.01,74879.81,1776325064000
1776325065.542,165.542,0.28,0.29,0.71,0.72,0.01,0.01,74879.81,1776325064000
1776325065.943,165.943,0.28,0.29,0.71,0.72,0.01,0.01,74879.81,1776325064000
1776325066.285,166.285,0.28,0.29,0.71,0.72,0.01,0.01,74879.81,1776325064000
1776325066.882,166.882,0.28,0.29,0.71,0.72,0.01,0.01,74879.79,1776325065000
1776325067.424,167.424,0.28,0.29,0.71,0.72,0.01,0.01,74879.79,1776325066000
1776325068.06,168.06,0.28,0.29,0.71,0.72,0.01,0.01,74879.79,1776325066000
1776325068.768,168.768,0.28,0.29,0.71,0.72,0.01,0.01,74879.72,1776325067000
1776325069.207,169.207,0.28,0.29,0.71,0.72,0.01,0.01,74879.72,1776325067000
1776325069.57,169.57,0.28,0.29,0.71,0.72,0.01,0.01,74879.73,1776325068000
1776325070.096,170.096,0.28,0.3,0.71,0.72,0.02,0.01,74879.73,1776325068000
1776325070.577,170.577,0.32,0.33,0.67,0.69,0.01,0.02,74879.79,1776325069000
1776325071.083,171.083,0.32,0.33,0.67,0.68,0.01,0.01,74879.79,1776325069000
1776325071.487,171.487,0.32,0.33,0.67,0.68,0.01,0.01,74879.78,1776325070000
1776325071.922,171.922,0.32,0.33,0.67,0.68,0.01,0.01,74879.78,1776325070000
1776325072.576,172.576,0.32,0.33,0.67,0.68,0.01,0.01,74880.12,1776325071000
1776325072.98,172.98,0.32,0.33,0.67,0.68,0.01,0.01,74880.17,1776325072000
1776325073.473,173.473,0.32,0.33,0.67,0.68,0.01,0.01,74880.17,1776325072000
1776325074.167,174.167,0.3,0.33,0.67,0.7,0.03,0.03,74880.09,1776325073000
1776325074.561,174.561,0.29,0.3,0.69,0.71,0.01,0.02,74880.09,1776325073000
1776325075.021,175.021,0.29,0.3,0.7,0.71,0.01,0.01,74880.09,1776325073000
1776325075.425,175.425,0.28,0.29,0.71,0.72,0.01,0.01,74880.09,1776325074000
1776325076.163,176.163,0.28,0.29,0.71,0.72,0.01,0.01,74879.95,1776325075000
1776325076.648,176.648,0.28,0.29,0.71,0.72,0.01,0.01,74879.95,1776325075000
1776325077.137,177.137,0.28,0.29,0.71,0.72,0.01,0.01,74879.95,1776325075000
1776325077.783,177.783,0.28,0.29,0.71,0.72,0.01,0.01,74880.03,1776325076000
1776325078.12,178.12,0.28,0.29,0.71,0.72,0.01,0.01,74880.03,1776325076000
1776325078.507,178.507,0.28,0.29,0.71,0.72,0.01,0.01,74880.03,1776325077000
1776325078.864,178.864,0.28,0.29,0.71,0.72,0.01,0.01,74880.03,1776325077000
1776325079.291,179.291,0.28,0.29,0.71,0.72,0.01,0.01,74880.03,1776325078000
1776325079.712,179.712,0.28,0.29,0.71,0.72,0.01,0.01,74880.03,1776325078000
1776325080.085,180.085,0.28,0.29,0.71,0.72,0.01,0.01,74880.03,1776325078000
1776325080.432,180.432,0.28,0.29,0.71,0.72,0.01,0.01,74880.06,1776325079000
1776325080.784,180.784,0.28,0.29,0.71,0.72,0.01,0.01,74880.06,1776325079000
1776325081.286,181.286,0.25,0.26,0.74,0.75,0.01,0.01,74880.06,1776325079000
1776325081.622,181.622,0.25,0.26,0.74,0.75,0.01,0.01,74879.95,1776325080000
1776325081.995,181.995,0.22,0.25,0.75,0.77,0.03,0.02,74879.95,1776325080000
1776325082.351,182.351,0.22,0.23,0.77,0.78,0.01,0.01,74878.48,1776325081000
1776325082.739,182.739,0.22,0.23,0.77,0.78,0.01,0.01,74878.48,1776325081000
1776325083.094,183.094,0.22,0.23,0.77,0.78,0.01,0.01,74878.48,1776325081000
1776325083.445,183.445,0.22,0.23,0.77,0.78,0.01,0.01,74874.14,1776325082000
1776325083.81,183.81,0.22,0.23,0.77,0.78,0.01,0.01,74874.14,1776325082000
1776325084.144,184.144,0.22,0.23,0.77,0.78,0.01,0.01,74874.14,1776325082000
1776325084.493,184.493,0.22,0.23,0.77,0.78,0.01,0.01,74869.08,1776325083000
1776325084.839,184.839,0.22,0.23,0.77,0.78,0.01,0.01,74869.08,1776325083000
1776325085.174,185.174,0.22,0.23,0.77,0.78,0.01,0.01,74869.01,1776325084000
1776325085.556,185.556,0.22,0.23,0.77,0.78,0.01,0.01,74869.01,1776325084000
1776325085.906,185.906,0.22,0.23,0.77,0.78,0.01,0.01,74869.01,1776325084000
1776325086.249,186.249,0.22,0.23,0.77,0.78,0.01,0.01,74869.18,1776325085000
1776325086.634,186.634,0.22,0.23,0.77,0.78,0.01,0.01,74869.18,1776325085000
1776325086.988,186.988,0.22,0.23,0.77,0.78,0.01,0.01,74869.18,1776325085000
1776325087.333,187.333,0.22,0.23,0.77,0.78,0.01,0.01,74869.19,1776325086000
1776325087.666,187.666,0.22,0.23,0.77,0.78,0.01,0.01,74869.19,1776325086000
1776325088.005,188.005,0.22,0.23,0.77,0.78,0.01,0.01,74869.19,1776325086000
1776325088.347,188.347,0.22,0.23,0.77,0.78,0.01,0.01,74869.19,1776325086000
1776325088.685,188.685,0.22,0.23,0.77,0.78,0.01,0.01,74869.2,1776325087000
1776325089.14,189.14,0.22,0.23,0.77,0.78,0.01,0.01,74869.2,1776325087000
1776325089.558,189.558,0.22,0.23,0.77,0.78,0.01,0.01,74869.1,1776325088000
1776325090.038,190.038,0.22,0.23,0.77,0.78,0.01,0.01,74869.1,1776325088000
1776325090.44,190.44,0.21,0.22,0.78,0.79,0.01,0.01,74869.42,1776325089000
1776325090.794,190.794,0.21,0.22,0.78,0.79,0.01,0.01,74869.42,1776325089000
1776325091.179,191.179,0.21,0.22,0.78,0.79,0.01,0.01,74871.24,1776325090000
1776325091.538,191.538,0.2,0.21,0.79,0.8,0.01,0.01,74871.24,1776325090000
1776325091.876,191.876,0.2,0.21,0.79,0.8,0.01,0.01,74871.24,1776325090000
1776325092.217,192.217,0.2,0.21,0.79,0.8,0.01,0.01,74871.24,1776325090000
1776325092.56,192.56,0.2,0.21,0.79,0.8,0.01,0.01,74869.67,1776325091000
1776325092.943,192.943,0.2,0.21,0.79,0.8,0.01,0.01,74869.67,1776325091000
1776325093.279,193.279,0.2,0.21,0.79,0.8,0.01,0.01,74869.68,1776325092000
1776325094.009,194.009,0.2,0.21,0.79,0.8,0.01,0.01,74869.68,1776325092000
1776325094.427,194.427,0.2,0.21,0.79,0.8,0.01,0.01,74869.67,1776325093000
1776325094.953,194.953,0.2,0.21,0.79,0.8,0.01,0.01,74869.67,1776325093000
1776325095.295,195.295,0.22,0.23,0.77,0.78,0.01,0.01,74869.67,1776325093000
1776325095.653,195.653,0.22,0.23,0.77,0.78,0.01,0.01,74869.61,1776325094000
1776325095.987,195.987,0.22,0.23,0.77,0.78,0.01,0.01,74869.62,1776325095000
1776325096.69,196.69,0.22,0.23,0.77,0.78,0.01,0.01,74869.62,1776325095000
1776325097.044,197.044,0.17,0.19,0.81,0.82,0.02,0.01,74869.62,1776325095000
1776325097.435,197.435,0.18,0.19,0.81,0.85,0.01,0.04,74869.81,1776325096000
1776325097.786,197.786,0.16,0.17,0.83,0.84,0.01,0.01,74869.81,1776325096000
1776325098.133,198.133,0.15,0.16,0.83,0.85,0.01,0.02,74869.81,1776325096000
1776325098.484,198.484,0.15,0.16,0.84,0.85,0.01,0.01,74867.82,1776325097000
1776325098.82,198.82,0.15,0.16,0.84,0.85,0.01,0.01,74867.82,1776325097000
1776325099.274,199.274,0.13,0.15,0.85,0.86,0.02,0.01,74863.24,1776325098000
1776325099.755,199.755,0.13,0.14,0.86,0.87,0.01,0.01,74863.24,1776325098000
1776325100.103,200.103,0.13,0.14,0.86,0.87,0.01,0.01,74861.04,1776325099000
1776325100.769,200.769,0.13,0.14,0.86,0.87,0.01,0.01,74861.04,1776325099000
1776325101.105,201.105,0.13,0.14,0.86,0.87,0.01,0.01,74861.04,1776325099000
1776325101.49,201.49,0.13,0.15,0.86,0.87,0.02,0.01,74861.07,1776325100000
1776325101.944,201.944,0.14,0.15,0.85,0.86,0.01,0.01,74861.07,1776325100000
1776325102.284,202.284,0.14,0.15,0.85,0.86,0.01,0.01,74861.07,1776325100000
1776325102.835,202.835,0.14,0.15,0.85,0.86,0.01,0.01,74861.06,1776325101000
1776325103.183,203.183,0.14,0.15,0.85,0.86,0.01,0.01,74861.06,1776325102000
1776325103.792,203.792,0.14,0.15,0.85,0.86,0.01,0.01,74861.06,1776325102000
1776325104.338,204.338,0.14,0.15,0.85,0.86,0.01,0.01,74861.06,1776325102000
1776325104.761,204.761,0.14,0.15,0.85,0.86,0.01,0.01,74861.06,1776325103000
1776325105.222,205.222,0.13,0.14,0.85,0.87,0.01,0.02,74861.06,1776325104000
1776325105.612,205.612,0.12,0.13,0.86,0.87,0.01,0.01,74861.06,1776325104000
1776325105.985,205.985,0.12,0.13,0.87,0.88,0.01,0.01,74861.06,1776325104000
1776325106.337,206.337,0.12,0.13,0.87,0.88,0.01,0.01,74861.06,1776325105000
1776325106.876,206.876,0.12,0.13,0.87,0.88,0.01,0.01,74861.06,1776325105000
1776325107.25,207.25,0.12,0.13,0.87,0.88,0.01,0.01,74860.17,1776325106000
1776325107.664,207.664,0.12,0.13,0.87,0.88,0.01,0.01,74860.17,1776325106000
1776325108.003,208.003,0.12,0.13,0.87,0.88,0.01,0.01,74860.17,1776325106000
1776325108.353,208.353,0.12,0.13,0.87,0.88,0.01,0.01,74860.04,1776325107000
1776325108.753,208.753,0.12,0.13,0.87,0.88,0.01,0.01,74860.04,1776325107000
1776325109.218,209.218,0.12,0.13,0.87,0.88,0.01,0.01,74860.04,1776325107000
1776325109.584,209.584,0.12,0.13,0.87,0.88,0.01,0.01,74859.72,1776325108000
1776325109.922,209.922,0.12,0.13,0.87,0.88,0.01,0.01,74859.72,1776325109000
1776325110.266,210.266,0.11,0.12,0.88,0.89,0.01,0.01,74859.72,1776325109000
1776325110.604,210.604,0.11,0.12,0.88,0.89,0.01,0.01,74859.72,1776325109000
1776325110.983,210.983,0.1,0.11,0.88,0.9,0.01,0.02,74859.72,1776325109000
1776325111.367,211.367,0.11,0.12,0.88,0.9,0.01,0.02,74859.72,1776325110000
1776325111.744,211.744,0.11,0.12,0.88,0.89,0.01,0.01,74859.72,1776325110000
1776325112.16,212.16,0.1,0.11,0.89,0.9,0.01,0.01,74859.67,1776325111000
1776325112.843,212.843,0.1,0.11,0.89,0.9,0.01,0.01,74859.67,1776325111000
1776325113.299,213.299,0.1,0.11,0.89,0.9,0.01,0.01,74859.49,1776325112000
1776325113.816,213.816,0.09,0.1,0.89,0.91,0.01,0.02,74859.49,1776325112000
1776325114.152,214.152,0.09,0.1,0.9,0.91,0.01,0.01,74859.49,1776325112000
1776325114.516,214.516,0.09,0.1,0.9,0.91,0.01,0.01,74859.49,1776325113000
1776325114.923,214.923,0.09,0.1,0.9,0.91,0.01,0.01,74859.49,1776325113000
1776325115.362,215.362,0.09,0.1,0.9,0.91,0.01,0.01,74857.82,1776325114000
1776325115.857,215.857,0.09,0.1,0.9,0.91,0.01,0.01,74857.82,1776325114000
1776325116.346,216.346,0.09,0.1,0.9,0.91,0.01,0.01,74856.66,1776325115000
1776325116.687,216.687,0.09,0.1,0.9,0.91,0.01,0.01,74856.66,1776325115000
1776325117.029,217.029,0.09,0.1,0.9,0.91,0.01,0.01,74855.56,1776325116000
1776325117.571,217.571,0.09,0.1,0.9,0.91,0.01,0.01,74855.56,1776325116000
1776325117.936,217.936,0.09,0.1,0.9,0.91,0.01,0.01,74855.56,1776325116000
1776325118.371,218.371,0.09,0.1,0.9,0.91,0.01,0.01,74855.56,1776325117000
1776325118.846,218.846,0.09,0.1,0.9,0.91,0.01,0.01,74855.56,1776325117000
1776325119.382,219.382,0.1,0.11,0.89,0.91,0.01,0.02,74855.59,1776325118000
1776325119.741,219.741,0.1,0.11,0.89,0.9,0.01,0.01,74855.59,1776325118000
1776325120.198,220.198,0.1,0.11,0.89,0.9,0.01,0.01,74855.77,1776325119000
1776325120.587,220.587,0.1,0.11,0.89,0.9,0.01,0.01,74855.77,1776325119000
1776325121.077,221.077,0.1,0.11,0.89,0.9,0.01,0.01,74855.77,1776325119000
1776325121.441,221.441,0.1,0.11,0.89,0.9,0.01,0.01,74855.76,1776325120000
1776325121.83,221.83,0.1,0.11,0.89,0.9,0.01,0.01,74855.76,1776325120000
1776325122.269,222.269,0.1,0.11,0.89,0.9,0.01,0.01,74855.68,1776325121000
1776325122.902,222.902,0.1,0.11,0.89,0.9,0.01,0.01,74855.68,1776325121000
1776325123.39,223.39,0.1,0.11,0.89,0.9,0.01,0.01,74855.68,1776325122000
1776325123.742,223.742,0.1,0.11,0.89,0.9,0.01,0.01,74855.68,1776325122000
1776325124.227,224.227,0.1,0.11,0.89,0.9,0.01,0.01,74855.68,1776325123000
1776325124.828,224.828,0.09,0.1,0.89,0.91,0.01,0.02,74855.68,1776325123000
1776325125.223,225.223,0.09,0.1,0.9,0.91,0.01,0.01,74855.68,1776325124000
1776325125.644,225.644,0.09,0.1,0.9,0.91,0.01,0.01,74855.68,1776325124000
1776325125.977,225.977,0.09,0.1,0.9,0.91,0.01,0.01,74855.68,1776325124000
1776325126.436,226.436,0.09,0.1,0.9,0.91,0.01,0.01,74856.2,1776325125000
1776325126.838,226.838,0.09,0.1,0.9,0.91,0.01,0.01,74856.2,1776325125000
1776325127.332,227.332,0.09,0.1,0.89,0.91,0.01,0.02,74856.27,1776325126000
1776325127.753,227.753,0.1,0.11,0.89,0.9,0.01,0.01,74856.27,1776325126000
1776325128.244,228.244,0.09,0.1,0.89,0.91,0.01,0.02,74856.27,1776325126000
1776325128.586,228.586,0.09,0.1,0.9,0.91,0.01,0.01,74856.25,1776325127000
1776325129.034,229.034,0.1,0.11,0.89,0.91,0.01,0.02,74856.25,1776325128000
1776325129.415,229.415,0.1,0.11,0.89,0.9,0.01,0.01,74856.25,1776325128000
1776325129.835,229.835,0.09,0.1,0.89,0.9,0.01,0.01,74856.25,1776325128000
1776325130.226,230.226,0.09,0.1,0.9,0.91,0.01,0.01,74855.76,1776325129000
1776325130.727,230.727,0.09,0.1,0.9,0.91,0.01,0.01,74855.76,1776325129000
1776325131.068,231.068,0.09,0.1,0.9,0.91,0.01,0.01,74855.76,1776325129000
1776325131.501,231.501,0.09,0.1,0.9,0.91,0.01,0.01,74855.76,1776325130000
1776325131.866,231.866,0.09,0.1,0.9,0.91,0.01,0.01,74855.76,1776325130000
1776325132.253,232.253,0.08,0.09,0.9,0.92,0.01,0.02,74855.76,1776325131000
1776325132.676,232.676,0.08,0.09,0.91,0.92,0.01,0.01,74855.76,1776325131000
1776325133.018,233.018,0.08,0.09,0.91,0.92,0.01,0.01,74854.01,1776325132000
1776325133.614,233.614,0.08,0.09,0.91,0.92,0.01,0.01,74854.01,1776325132000
1776325134.05,234.05,0.08,0.09,0.91,0.92,0.01,0.01,74851.46,1776325133000
1776325134.633,234.633,0.08,0.09,0.91,0.92,0.01,0.01,74851.46,1776325133000
1776325135.008,235.008,0.08,0.09,0.91,0.92,0.01,0.01,74851.23,1776325134000
1776325135.391,235.391,0.08,0.09,0.91,0.92,0.01,0.01,74851.23,1776325134000
1776325135.843,235.843,0.08,0.09,0.91,0.92,0.01,0.01,74851.2,1776325135000
1776325136.27,236.27,0.05,0.09,0.91,0.92,0.04,0.01,74851.2,1776325135000
1776325136.678,236.678,0.06,0.07,0.93,0.94,0.01,0.01,74851.2,1776325135000
1776325137.038,237.038,0.06,0.07,0.93,0.94,0.01,0.01,74851.2,1776325135000
1776325137.435,237.435,0.03,0.05,0.95,0.96,0.02,0.01,74851.28,1776325136000
1776325137.783,237.783,0.03,0.04,0.96,0.97,0.01,0.01,74851.28,1776325136000
1776325138.145,238.145,0.03,0.04,0.96,0.97,0.01,0.01,74851.28,1776325136000
1776325138.526,238.526,0.03,0.04,0.96,0.97,0.01,0.01,74851.41,1776325137000
1776325138.873,238.873,0.03,0.04,0.96,0.97,0.01,0.01,74851.41,1776325137000
1776325139.209,239.209,0.03,0.04,0.96,0.97,0.01,0.01,74851.41,1776325137000
1776325139.544,239.544,0.03,0.04,0.96,0.97,0.01,0.01,74851.95,1776325138000
1776325139.913,239.913,0.03,0.04,0.96,0.97,0.01,0.01,74851.95,1776325138000
1776325140.258,240.258,0.03,0.04,0.96,0.97,0.01,0.01,74851.95,1776325139000
1776325140.631,240.631,0.03,0.04,0.96,0.97,0.01,0.01,74851.95,1776325139000
1776325140.981,240.981,0.03,0.04,0.96,0.97,0.01,0.01,74851.95,1776325139000
1776325141.386,241.386,0.03,0.04,0.96,0.97,0.01,0.01,74851.95,1776325140000
1776325141.743,241.743,0.03,0.04,0.96,0.97,0.01,0.01,74851.95,1776325140000
1776325142.122,242.122,0.03,0.04,0.96,0.97,0.01,0.01,74851.95,1776325140000
1776325142.456,242.456,0.03,0.04,0.96,0.97,0.01,0.01,74851.95,1776325141000
1776325142.815,242.815,0.03,0.04,0.96,0.97,0.01,0.01,74851.95,1776325141000
1776325143.171,243.171,0.03,0.04,0.96,0.97,0.01,0.01,74851.98,1776325142000
1776325143.745,243.745,0.03,0.04,0.96,0.97,0.01,0.01,74851.98,1776325142000
1776325144.172,244.172,0.03,0.04,0.96,0.97,0.01,0.01,74851.98,1776325143000
1776325144.555,244.555,0.03,0.04,0.96,0.97,0.01,0.01,74851.98,1776325143000
1776325145.022,245.022,0.03,0.05,0.96,0.97,0.02,0.01,74851.98,1776325143000
1776325145.589,245.589,0.03,0.04,0.95,0.97,0.01,0.02,74851.98,1776325144000
1776325145.949,245.949,0.03,0.04,0.96,0.97,0.01,0.01,74851.98,1776325144000
1776325146.369,246.369,0.03,0.04,0.96,0.97,0.01,0.01,74851.97,1776325145000
1776325146.756,246.756,0.03,0.04,0.96,0.97,0.01,0.01,74851.97,1776325145000
1776325147.237,247.237,0.03,0.04,0.96,0.97,0.01,0.01,74851.98,1776325146000
1776325147.614,247.614,0.02,0.06,0.96,0.98,0.04,0.02,74851.98,1776325146000
1776325147.976,247.976,0.02,0.03,0.97,0.98,0.01,0.01,74851.98,1776325146000
1776325148.438,248.438,0.04,0.05,0.95,0.98,0.01,0.03,74851.92,1776325147000
1776325148.855,248.855,0.04,0.05,0.95,0.96,0.01,0.01,74851.92,1776325147000
1776325149.242,249.242,0.04,0.05,0.95,0.96,0.01,0.01,74851.92,1776325148000
1776325149.964,249.964,0.04,0.05,0.95,0.96,0.01,0.01,74851.92,1776325148000
1776325150.926,250.926,0.04,0.05,0.95,0.96,0.01,0.01,74851.92,1776325149000
1776325151.32,251.32,0.04,0.05,0.95,0.96,0.01,0.01,74851.91,1776325150000
1776325151.725,251.725,0.02,0.03,0.97,0.98,0.01,0.01,74851.91,1776325150000
1776325152.06,252.06,0.03,0.04,0.96,0.97,0.01,0.01,74851.45,1776325151000
1776325152.575,252.575,0.03,0.04,0.96,0.97,0.01,0.01,74851.45,1776325151000
1776325152.953,252.953,0.03,0.04,0.96,0.97,0.01,0.01,74851.88,1776325152000
1776325153.294,253.294,0.03,0.04,0.96,0.98,0.01,0.02,74851.88,1776325152000
1776325153.938,253.938,0.03,0.04,0.96,0.97,0.01,0.01,74851.88,1776325152000
1776325154.351,254.351,0.02,0.04,0.96,0.97,0.02,0.01,74851.87,1776325153000
1776325154.716,254.716,0.02,0.03,0.96,0.98,0.01,0.02,74851.87,1776325153000
1776325155.112,255.112,0.02,0.03,0.97,0.98,0.01,0.01,74851.87,1776325154000
1776325155.453,255.453,0.02,0.03,0.97,0.98,0.01,0.01,74851.87,1776325154000
1776325156.078,256.078,0.02,0.03,0.97,0.98,0.01,0.01,74851.49,1776325155000
1776325156.426,256.426,0.02,0.03,0.97,0.98,0.01,0.01,74851.49,1776325155000
1776325156.829,256.829,0.02,0.03,0.97,0.98,0.01,0.01,74851.49,1776325155000
1776325157.476,257.476,0.02,0.03,0.97,0.98,0.01,0.01,74851.45,1776325156000
1776325158.002,258.002,0.02,0.03,0.97,0.98,0.01,0.01,74851.45,1776325156000
1776325158.378,258.378,0.02,0.03,0.97,0.98,0.01,0.01,74851.45,1776325157000
1776325158.74,258.74,0.02,0.03,0.97,0.98,0.01,0.01,74851.45,1776325157000
1776325159.166,259.166,0.02,0.03,0.97,0.98,0.01,0.01,74851.46,1776325158000
1776325159.503,259.503,0.02,0.03,0.97,0.98,0.01,0.01,74851.46,1776325158000
1776325160.103,260.103,0.02,0.03,0.97,0.98,0.01,0.01,74851.46,1776325158000
1776325160.484,260.484,0.02,0.03,0.97,0.98,0.01,0.01,74852.26,1776325159000
1776325160.905,260.905,0.02,0.03,0.97,0.98,0.01,0.01,74852.26,1776325159000
1776325161.283,261.283,0.02,0.03,0.97,0.98,0.01,0.01,74852.26,1776325159000
1776325161.621,261.621,0.02,0.03,0.97,0.98,0.01,0.01,74852.4,1776325160000
1776325162.026,262.026,0.02,0.03,0.97,0.98,0.01,0.01,74852.4,1776325160000
1776325162.36,262.36,0.02,0.03,0.97,0.98,0.01,0.01,74852.43,1776325161000
1776325162.813,262.813,0.02,0.03,0.97,0.98,0.01,0.01,74852.43,1776325161000
1776325163.334,263.334,0.02,0.03,0.97,0.98,0.01,0.01,74852.43,1776325161000
1776325163.911,263.911,0.02,0.03,0.97,0.98,0.01,0.01,74852.28,1776325162000
1776325164.276,264.276,0.02,0.03,0.97,0.98,0.01,0.01,74852.28,1776325162000
1776325164.615,264.615,0.02,0.03,0.97,0.98,0.01,0.01,74852.29,1776325163000
1776325165.173,265.173,0.02,0.03,0.97,0.98,0.01,0.01,74852.29,1776325163000
1776325165.552,265.552,0.02,0.03,0.97,0.98,0.01,0.01,74852.52,1776325164000
1776325165.913,265.913,0.02,0.03,0.97,0.98,0.01,0.01,74853.15,1776325165000
1776325166.259,266.259,0.02,0.03,0.97,0.98,0.01,0.01,74853.15,1776325165000
1776325166.618,266.618,0.02,0.03,0.97,0.98,0.01,0.01,74853.15,1776325165000
1776325167.026,267.026,0.02,0.03,0.97,0.98,0.01,0.01,74852.96,1776325166000
1776325168.086,268.086,0.02,0.03,0.97,0.98,0.01,0.01,74852.96,1776325166000
1776325168.677,268.677,0.02,0.03,0.97,0.98,0.01,0.01,74852.97,1776325167000
1776325169.027,269.027,0.02,0.03,0.97,0.98,0.01,0.01,74853.01,1776325168000
1776325169.374,269.374,0.02,0.03,0.97,0.98,0.01,0.01,74853.01,1776325168000
1776325169.873,269.873,0.02,0.03,0.97,0.98,0.01,0.01,74853.01,1776325168000
1776325170.644,270.644,0.02,0.03,0.97,0.98,0.01,0.01,74853.01,1776325168000
1776325171.343,271.343,0.02,0.03,0.97,0.98,0.01,0.01,74853.1,1776325170000
1776325172.293,272.293,0.02,0.03,0.97,0.98,0.01,0.01,74853.1,1776325170000
1776325172.744,272.744,0.02,0.03,0.97,0.98,0.01,0.01,74853.1,1776325171000
1776325173.107,273.107,0.02,0.03,0.97,0.98,0.01,0.01,74853.1,1776325171000
1776325173.53,273.53,0.02,0.03,0.97,0.98,0.01,0.01,74853.09,1776325172000
1776325174.005,274.005,0.03,0.04,0.96,0.97,0.01,0.01,74853.09,1776325172000
1776325174.596,274.596,0.03,0.04,0.96,0.97,0.01,0.01,74854.32,1776325173000
1776325174.978,274.978,0.03,0.04,0.96,0.97,0.01,0.01,74854.32,1776325173000
1776325175.338,275.338,0.03,0.04,0.96,0.97,0.01,0.01,74854.32,1776325173000
1776325175.747,275.747,0.02,0.04,0.96,0.97,0.02,0.01,74859.35,1776325174000
1776325176.097,276.097,0.02,0.03,0.97,0.98,0.01,0.01,74859.35,1776325174000
1776325176.637,276.637,0.02,0.03,0.97,0.98,0.01,0.01,74862.33,1776325175000
1776325176.992,276.992,0.01,0.02,0.97,0.98,0.01,0.01,74862.33,1776325175000
1776325177.389,277.389,0.01,0.02,0.98,0.99,0.01,0.01,74862.33,1776325175000
1776325177.797,277.797,0.01,0.02,0.98,0.99,0.01,0.01,74861.8,1776325176000
1776325178.386,278.386,0.02,0.03,0.97,0.98,0.01,0.01,74861.8,1776325177000
1776325178.751,278.751,0.02,0.03,0.97,0.98,0.01,0.01,74861.8,1776325177000
1776325179.087,279.087,0.02,0.03,0.97,0.98,0.01,0.01,74862.06,1776325178000
1776325179.565,279.565,0.02,0.03,0.97,0.98,0.01,0.01,74862.06,1776325178000
1776325179.994,279.994,0.02,0.03,0.97,0.98,0.01,0.01,74862.06,1776325178000
1776325180.455,280.455,0.02,0.03,0.97,0.98,0.01,0.01,74862.06,1776325178000
1776325180.817,280.817,0.01,0.02,0.98,0.99,0.01,0.01,74862.28,1776325179000
1776325181.467,281.467,0.02,0.03,0.97,0.98,0.01,0.01,74862.25,1776325180000
1776325181.826,281.826,0.02,0.03,0.97,0.98,0.01,0.01,74862.25,1776325180000
1776325182.174,282.174,0.02,0.03,0.97,0.98,0.01,0.01,74860.94,1776325181000
1776325182.663,282.663,0.02,0.03,0.97,0.98,0.01,0.01,74860.94,1776325181000
1776325183.556,283.556,0.02,0.03,0.97,0.98,0.01,0.01,74860.94,1776325181000
1776325183.894,283.894,0.02,0.03,0.97,0.98,0.01,0.01,74862.15,1776325182000
1776325184.4,284.4,0.02,0.03,0.97,0.98,0.01,0.01,74862.15,1776325182000
1776325184.926,284.926,0.02,0.03,0.97,0.98,0.01,0.01,74862.76,1776325183000
1776325185.363,285.363,0.02,0.04,0.97,0.98,0.02,0.01,74862.76,1776325183000
1776325185.907,285.907,0.02,0.03,0.97,0.98,0.01,0.01,74862.77,1776325184000
1776325186.642,286.642,0.02,0.03,0.97,0.98,0.01,0.01,74862.77,1776325184000
1776325186.997,286.997,0.02,0.03,0.97,0.98,0.01,0.01,74862.79,1776325185000
1776325187.408,287.408,0.03,0.04,0.96,0.97,0.01,0.01,74862.79,1776325185000
1776325188.008,288.008,0.02,0.04,0.96,0.99,0.02,0.03,74862.85,1776325186000
1776325188.402,288.402,0.02,0.04,0.96,0.97,0.02,0.01,74862.85,1776325186000
1776325188.807,288.807,0.02,0.04,0.96,0.98,0.02,0.02,74863.05,1776325187000
1776325189.153,289.153,0.02,0.03,0.97,0.98,0.01,0.01,74863.05,1776325187000
1776325189.534,289.534,0.02,0.03,0.96,0.98,0.01,0.02,74863.06,1776325188000
1776325189.869,289.869,0.02,0.03,0.96,0.98,0.01,0.02,74863.06,1776325188000
1776325190.332,290.332,0.02,0.04,0.97,0.98,0.02,0.01,74863.06,1776325188000
1776325190.834,290.834,0.02,0.03,0.97,0.98,0.01,0.01,74864.49,1776325189000
1776325191.208,291.208,0.02,0.03,0.97,0.98,0.01,0.01,74864.49,1776325189000
1776325191.805,291.805,0.02,0.03,0.97,0.98,0.01,0.01,74865.36,1776325190000
1776325192.143,292.143,0.02,0.03,0.97,0.98,0.01,0.01,74865.36,1776325190000
1776325192.477,292.477,0.02,0.03,0.97,0.98,0.01,0.01,74865.65,1776325191000
1776325192.876,292.876,0.02,0.03,0.97,0.98,0.01,0.01,74865.65,1776325191000
1776325193.216,293.216,0.02,0.03,0.97,0.98,0.01,0.01,74865.65,1776325191000
1776325193.597,293.597,0.01,0.02,0.97,0.99,0.01,0.02,74865.8,1776325192000
1776325193.93,293.93,0.01,0.03,0.98,0.99,0.02,0.01,74865.8,1776325192000
1776325194.266,294.266,0.02,0.04,0.96,0.98,0.02,0.02,74865.79,1776325193000
1776325194.795,294.795,0.01,0.02,0.97,0.99,0.01,0.02,74865.79,1776325193000
1776325195.15,295.15,0.01,0.02,0.98,0.99,0.01,0.01,74865.79,1776325193000
1776325195.62,295.62,0.01,0.02,0.98,0.99,0.01,0.01,74865.79,1776325193000
1776325196.019,296.019,0.01,0.02,0.98,0.99,0.01,0.01,74865.75,1776325194000
1776325196.362,296.362,0.01,0.03,0.97,0.99,0.02,0.02,74865.75,1776325194000
1776325196.72,296.72,0.01,0.03,0.98,0.99,0.02,0.01,74868.07,1776325195000
1776325197.078,297.078,0.01,0.02,0.98,0.99,0.01,0.01,74868.07,1776325195000
1776325197.644,297.644,0.01,0.01,0.99,0.99,0.0,0.0,74868.21,1776325196000
1776325198.33,298.33,0.01,0.01,0.99,0.99,0.0,0.0,74868.21,1776325196000
1776325199.088,299.088,0.01,0.01,0.99,0.99,0.0,0.0,74874.74,1776325197000
1776325199.841,299.841,0.01,0.01,0.99,0.99,0.0,0.0,74875.09,1776325198000
1776325200.34,300.34,0.01,0.01,0.99,0.99,0.0,0.0,74875.09,1776325198000
1776325200.744,300.744,0.01,0.01,0.99,0.99,0.0,0.0,74875.54,1776325199000

# RESULT,winner=Down,slug=btc-updown-5m-1776324900,ticks=676
