timestamp,elapsed_sec,up_bid,up_ask,down_bid,down_ask,up_spread,down_spread,btc_price,btc_oracle_ts
1776799500.544,0.544,0.48,0.5,0.5,0.52,0.02,0.02,75847.93,1776799499000
1776799500.951,0.951,0.49,0.5,0.5,0.51,0.01,0.01,75847.93,1776799499000
1776799501.358,1.358,0.49,0.5,0.5,0.51,0.01,0.01,75847.93,1776799499000
1776799501.807,1.807,0.49,0.5,0.5,0.51,0.01,0.01,75849.09,1776799500000
1776799502.328,2.328,0.49,0.5,0.5,0.51,0.01,0.01,75849.09,1776799500000
1776799502.665,2.665,0.49,0.5,0.5,0.51,0.01,0.01,75849.14,1776799501000
1776799503.032,3.032,0.52,0.53,0.47,0.48,0.01,0.01,75849.14,1776799501000
1776799503.375,3.375,0.52,0.53,0.47,0.48,0.01,0.01,75850.42,1776799502000
1776799503.75,3.75,0.52,0.53,0.47,0.48,0.01,0.01,75850.42,1776799502000
1776799504.155,4.155,0.53,0.54,0.46,0.47,0.01,0.01,75850.42,1776799502000
1776799504.55,4.55,0.53,0.54,0.46,0.47,0.01,0.01,75850.42,1776799502000
1776799504.883,4.883,0.53,0.54,0.46,0.47,0.01,0.01,75853.72,1776799503000
1776799505.236,5.236,0.52,0.53,0.47,0.48,0.01,0.01,75853.72,1776799503000
1776799505.581,5.581,0.51,0.52,0.48,0.49,0.01,0.01,75859.18,1776799504000
1776799506.097,6.097,0.5,0.51,0.48,0.5,0.01,0.02,75859.18,1776799504000
1776799506.51,6.51,0.5,0.51,0.49,0.5,0.01,0.01,75859.18,1776799504000
1776799506.876,6.876,0.49,0.5,0.5,0.51,0.01,0.01,75861.62,1776799505000
1776799507.267,7.267,0.49,0.5,0.5,0.51,0.01,0.01,75855.74,1776799506000
1776799507.71,7.71,0.49,0.5,0.5,0.51,0.01,0.01,75855.74,1776799506000
1776799508.203,8.203,0.46,0.48,0.52,0.54,0.02,0.02,75855.74,1776799506000
1776799508.583,8.583,0.46,0.48,0.52,0.54,0.02,0.02,75855.74,1776799506000
1776799508.956,8.956,0.46,0.48,0.52,0.54,0.02,0.02,75846.39,1776799508000
1776799509.404,9.404,0.46,0.47,0.52,0.54,0.01,0.02,75846.39,1776799508000
1776799509.783,9.783,0.46,0.47,0.53,0.54,0.01,0.01,75846.39,1776799508000
1776799510.29,10.29,0.46,0.47,0.53,0.54,0.01,0.01,75846.39,1776799508000
1776799510.644,10.644,0.46,0.47,0.53,0.54,0.01,0.01,75839.38,1776799509000
1776799511.035,11.035,0.46,0.47,0.53,0.54,0.01,0.01,75839.38,1776799509000
1776799511.428,11.428,0.46,0.47,0.53,0.54,0.01,0.01,75839.38,1776799509000
1776799511.842,11.842,0.46,0.47,0.53,0.54,0.01,0.01,75839.08,1776799510000
1776799512.192,12.192,0.46,0.47,0.53,0.54,0.01,0.01,75839.08,1776799511000
1776799512.617,12.617,0.46,0.48,0.53,0.54,0.02,0.01,75839.08,1776799511000
1776799512.967,12.967,0.47,0.5,0.5,0.53,0.03,0.03,75839.08,1776799511000
1776799513.316,13.316,0.49,0.5,0.5,0.51,0.01,0.01,75836.9,1776799512000
1776799513.66,13.66,0.49,0.5,0.5,0.51,0.01,0.01,75836.9,1776799512000
1776799514.015,14.015,0.49,0.5,0.5,0.51,0.01,0.01,75836.9,1776799512000
1776799514.41,14.41,0.49,0.5,0.5,0.51,0.01,0.01,75839.76,1776799513000
1776799514.808,14.808,0.49,0.5,0.5,0.51,0.01,0.01,75839.76,1776799513000
1776799515.496,15.496,0.49,0.5,0.5,0.51,0.01,0.01,75842.69,1776799514000
1776799515.908,15.908,0.49,0.5,0.5,0.51,0.01,0.01,75842.69,1776799514000
1776799516.328,16.328,0.49,0.5,0.5,0.51,0.01,0.01,75842.69,1776799514000
1776799516.758,16.758,0.49,0.5,0.5,0.51,0.01,0.01,75845.28,1776799515000
1776799517.225,17.225,0.49,0.5,0.5,0.51,0.01,0.01,75845.28,1776799515000
1776799517.864,17.864,0.49,0.5,0.49,0.51,0.01,0.02,75847.89,1776799516000
1776799518.339,18.339,0.49,0.5,0.5,0.51,0.01,0.01,75847.23,1776799517000
1776799518.708,18.708,0.5,0.51,0.49,0.5,0.01,0.01,75847.23,1776799517000
1776799519.183,19.183,0.5,0.51,0.49,0.5,0.01,0.01,75847.23,1776799517000
1776799519.56,19.56,0.5,0.51,0.49,0.5,0.01,0.01,75848.61,1776799518000
1776799520.068,20.068,0.5,0.51,0.49,0.5,0.01,0.01,75848.61,1776799518000
1776799520.594,20.594,0.5,0.51,0.49,0.5,0.01,0.01,75847.65,1776799519000
1776799521.091,21.091,0.5,0.51,0.49,0.5,0.01,0.01,75846.97,1776799520000
1776799521.558,21.558,0.5,0.51,0.49,0.5,0.01,0.01,75846.97,1776799520000
1776799521.943,21.943,0.49,0.5,0.49,0.5,0.01,0.01,75846.97,1776799520000
1776799522.411,22.411,0.49,0.51,0.5,0.51,0.02,0.01,75846.21,1776799521000
1776799522.755,22.755,0.5,0.51,0.49,0.5,0.01,0.01,75846.21,1776799521000
1776799523.202,23.202,0.54,0.55,0.45,0.46,0.01,0.01,75848.41,1776799522000
1776799523.947,23.947,0.56,0.58,0.41,0.44,0.02,0.03,75848.41,1776799522000
1776799524.293,24.293,0.57,0.59,0.42,0.43,0.02,0.01,75848.41,1776799522000
1776799524.628,24.628,0.57,0.58,0.42,0.43,0.01,0.01,75851.27,1776799523000
1776799525.362,25.362,0.57,0.59,0.42,0.43,0.02,0.01,75851.27,1776799523000
1776799525.75,25.75,0.57,0.59,0.41,0.43,0.02,0.02,75861.57,1776799524000
1776799526.543,26.543,0.57,0.59,0.41,0.43,0.02,0.02,75863.71,1776799525000
1776799527.085,27.085,0.57,0.59,0.41,0.43,0.02,0.02,75863.71,1776799525000
1776799527.437,27.437,0.58,0.59,0.41,0.42,0.01,0.01,75871.58,1776799526000
1776799527.794,27.794,0.58,0.6,0.4,0.42,0.02,0.02,75871.58,1776799526000
1776799528.149,28.149,0.58,0.6,0.4,0.42,0.02,0.02,75871.58,1776799526000
1776799528.489,28.489,0.58,0.59,0.41,0.42,0.01,0.01,75878.61,1776799527000
1776799528.826,28.826,0.58,0.59,0.41,0.42,0.01,0.01,75878.61,1776799527000
1776799529.177,29.177,0.58,0.59,0.41,0.42,0.01,0.01,75879.04,1776799528000
1776799529.525,29.525,0.58,0.59,0.41,0.42,0.01,0.01,75879.04,1776799528000
1776799529.859,29.859,0.6,0.61,0.39,0.4,0.01,0.01,75879.04,1776799528000
1776799530.261,30.261,0.6,0.61,0.39,0.4,0.01,0.01,75879.04,1776799528000
1776799530.696,30.696,0.61,0.62,0.38,0.39,0.01,0.01,75874.95,1776799529000
1776799531.138,31.138,0.61,0.62,0.38,0.39,0.01,0.01,75875.05,1776799530000
1776799531.52,31.52,0.61,0.62,0.38,0.39,0.01,0.01,75875.05,1776799530000
1776799531.87,31.87,0.61,0.62,0.38,0.39,0.01,0.01,75875.05,1776799530000
1776799532.242,32.242,0.61,0.62,0.38,0.39,0.01,0.01,75875.22,1776799531000
1776799532.959,32.959,0.61,0.62,0.38,0.39,0.01,0.01,75875.22,1776799531000
1776799533.53,33.53,0.61,0.62,0.38,0.39,0.01,0.01,75876.63,1776799532000
1776799534.382,34.382,0.61,0.62,0.38,0.39,0.01,0.01,75877.47,1776799533000
1776799534.842,34.842,0.61,0.62,0.38,0.39,0.01,0.01,75877.47,1776799533000
1776799535.204,35.204,0.61,0.63,0.37,0.39,0.02,0.02,75878.15,1776799534000
1776799535.69,35.69,0.61,0.63,0.37,0.39,0.02,0.02,75878.15,1776799534000
1776799536.056,36.056,0.61,0.62,0.38,0.39,0.01,0.01,75878.15,1776799534000
1776799536.393,36.393,0.61,0.62,0.38,0.39,0.01,0.01,75882.22,1776799535000
1776799536.829,36.829,0.61,0.62,0.38,0.39,0.01,0.01,75882.22,1776799535000
1776799537.197,37.197,0.61,0.62,0.38,0.39,0.01,0.01,75882.22,1776799535000
1776799537.538,37.538,0.61,0.62,0.38,0.39,0.01,0.01,75882.22,1776799535000
1776799538.156,38.156,0.61,0.62,0.38,0.39,0.01,0.01,75882.93,1776799536000
1776799539.346,39.346,0.61,0.62,0.38,0.39,0.01,0.01,75880.17,1776799538000
1776799540.226,40.226,0.61,0.62,0.38,0.39,0.01,0.01,75880.17,1776799538000
1776799540.628,40.628,0.69,0.7,0.3,0.31,0.01,0.01,75880.17,1776799538000
1776799541.105,41.105,0.71,0.72,0.28,0.3,0.01,0.02,75884.83,1776799539000
1776799541.505,41.505,0.71,0.72,0.28,0.29,0.01,0.01,75898.03,1776799540000
1776799541.932,41.932,0.71,0.72,0.28,0.29,0.01,0.01,75898.03,1776799540000
1776799542.368,42.368,0.71,0.72,0.28,0.29,0.01,0.01,75898.03,1776799540000
1776799542.746,42.746,0.71,0.72,0.28,0.29,0.01,0.01,75904.24,1776799541000
1776799543.093,43.093,0.69,0.71,0.29,0.31,0.02,0.02,75901.37,1776799542000
1776799543.443,43.443,0.71,0.72,0.28,0.32,0.01,0.04,75901.37,1776799542000
1776799543.778,43.778,0.66,0.69,0.3,0.34,0.03,0.04,75901.37,1776799542000
1776799544.138,44.138,0.66,0.67,0.31,0.34,0.01,0.03,75901.37,1776799542000
1776799544.48,44.48,0.67,0.68,0.32,0.33,0.01,0.01,75899.13,1776799543000
1776799544.844,44.844,0.66,0.67,0.33,0.34,0.01,0.01,75899.13,1776799543000
1776799545.201,45.201,0.66,0.67,0.33,0.34,0.01,0.01,75899.13,1776799543000
1776799545.548,45.548,0.66,0.67,0.33,0.34,0.01,0.01,75891.93,1776799544000
1776799545.903,45.903,0.66,0.67,0.33,0.34,0.01,0.01,75891.93,1776799544000
1776799546.251,46.251,0.66,0.67,0.33,0.34,0.01,0.01,75891.93,1776799544000
1776799546.612,46.612,0.66,0.67,0.33,0.34,0.01,0.01,75891.48,1776799545000
1776799546.956,46.956,0.66,0.67,0.33,0.34,0.01,0.01,75891.48,1776799545000
1776799547.379,47.379,0.66,0.67,0.33,0.34,0.01,0.01,75891.5,1776799546000
1776799547.73,47.73,0.68,0.69,0.31,0.33,0.01,0.02,75891.5,1776799546000
1776799548.158,48.158,0.68,0.69,0.31,0.32,0.01,0.01,75891.5,1776799546000
1776799548.51,48.51,0.68,0.69,0.31,0.32,0.01,0.01,75891.66,1776799547000
1776799548.851,48.851,0.69,0.7,0.3,0.32,0.01,0.02,75891.66,1776799547000
1776799549.322,49.322,0.69,0.7,0.3,0.31,0.01,0.01,75892.37,1776799548000
1776799549.852,49.852,0.69,0.7,0.3,0.31,0.01,0.01,75892.37,1776799548000
1776799550.24,50.24,0.69,0.71,0.3,0.31,0.02,0.01,75898.29,1776799549000
1776799550.585,50.585,0.69,0.71,0.29,0.31,0.02,0.02,75898.29,1776799549000
1776799550.979,50.979,0.7,0.71,0.29,0.3,0.01,0.01,75898.29,1776799549000
1776799551.416,51.416,0.7,0.71,0.29,0.3,0.01,0.01,75900.73,1776799550000
1776799551.984,51.984,0.7,0.71,0.29,0.3,0.01,0.01,75900.73,1776799550000
1776799552.445,52.445,0.7,0.71,0.29,0.3,0.01,0.01,75901.45,1776799551000
1776799552.874,52.874,0.7,0.71,0.29,0.3,0.01,0.01,75901.45,1776799551000
1776799553.229,53.229,0.7,0.71,0.29,0.3,0.01,0.01,75901.45,1776799551000
1776799553.641,53.641,0.69,0.7,0.3,0.31,0.01,0.01,75901.45,1776799551000
1776799553.978,53.978,0.69,0.7,0.3,0.31,0.01,0.01,75903.22,1776799552000
1776799554.343,54.343,0.69,0.7,0.3,0.31,0.01,0.01,75903.22,1776799552000
1776799555.063,55.063,0.69,0.7,0.3,0.31,0.01,0.01,75903.23,1776799553000
1776799555.534,55.534,0.69,0.7,0.3,0.31,0.01,0.01,75903.21,1776799554000
1776799555.87,55.87,0.71,0.72,0.28,0.3,0.01,0.02,75903.21,1776799554000
1776799556.215,56.215,0.71,0.72,0.28,0.29,0.01,0.01,75900.62,1776799555000
1776799556.595,56.595,0.71,0.72,0.28,0.29,0.01,0.01,75900.62,1776799555000
1776799556.935,56.935,0.7,0.72,0.28,0.29,0.02,0.01,75900.62,1776799555000
1776799557.273,57.273,0.7,0.71,0.29,0.3,0.01,0.01,75900.62,1776799555000
1776799557.857,57.857,0.7,0.71,0.29,0.3,0.01,0.01,75902.84,1776799556000
1776799558.33,58.33,0.7,0.71,0.29,0.3,0.01,0.01,75906.92,1776799557000
1776799558.73,58.73,0.7,0.71,0.29,0.3,0.01,0.01,75906.92,1776799557000
1776799559.325,59.325,0.7,0.71,0.29,0.3,0.01,0.01,75906.92,1776799557000
1776799559.758,59.758,0.7,0.71,0.29,0.3,0.01,0.01,75903.72,1776799558000
1776799560.216,60.216,0.67,0.71,0.29,0.33,0.04,0.04,75903.72,1776799558000
1776799560.587,60.587,0.7,0.71,0.29,0.3,0.01,0.01,75901.11,1776799559000
1776799560.993,60.993,0.69,0.7,0.3,0.31,0.01,0.01,75901.11,1776799559000
1776799561.352,61.352,0.69,0.7,0.3,0.31,0.01,0.01,75900.78,1776799560000
1776799561.715,61.715,0.69,0.7,0.3,0.31,0.01,0.01,75900.78,1776799560000
1776799562.06,62.06,0.69,0.7,0.3,0.31,0.01,0.01,75900.78,1776799560000
1776799562.712,62.712,0.69,0.7,0.3,0.31,0.01,0.01,75902.34,1776799561000
1776799563.098,63.098,0.64,0.68,0.32,0.34,0.04,0.02,75900.17,1776799562000
1776799563.446,63.446,0.64,0.67,0.33,0.36,0.03,0.03,75900.17,1776799562000
1776799563.843,63.843,0.65,0.66,0.34,0.35,0.01,0.01,75900.17,1776799562000
1776799564.328,64.328,0.65,0.66,0.34,0.35,0.01,0.01,75900.17,1776799562000
1776799564.882,64.882,0.65,0.66,0.34,0.35,0.01,0.01,75898.74,1776799563000
1776799565.42,65.42,0.65,0.66,0.33,0.35,0.01,0.02,75898.74,1776799563000
1776799566.116,66.116,0.67,0.7,0.3,0.33,0.03,0.03,75894.21,1776799565000
1776799566.691,66.691,0.67,0.69,0.31,0.33,0.02,0.02,75894.21,1776799565000
1776799567.053,67.053,0.67,0.69,0.31,0.33,0.02,0.02,75894.21,1776799565000
1776799567.416,67.416,0.67,0.7,0.3,0.33,0.03,0.03,75902.3,1776799566000
1776799567.811,67.811,0.69,0.7,0.3,0.32,0.01,0.02,75902.3,1776799566000
1776799568.241,68.241,0.69,0.7,0.31,0.32,0.01,0.01,75902.3,1776799566000
1776799568.64,68.64,0.69,0.72,0.28,0.31,0.03,0.03,75896.27,1776799567000
1776799568.973,68.973,0.76,0.79,0.21,0.24,0.03,0.03,75896.27,1776799567000
1776799569.314,69.314,0.76,0.8,0.23,0.24,0.04,0.01,75896.27,1776799567000
1776799569.683,69.683,0.77,0.78,0.22,0.23,0.01,0.01,75896.27,1776799567000
1776799570.024,70.024,0.76,0.78,0.22,0.24,0.02,0.02,75899.57,1776799568000
1776799570.372,70.372,0.75,0.78,0.22,0.25,0.03,0.03,75899.57,1776799568000
1776799570.73,70.73,0.75,0.76,0.24,0.25,0.01,0.01,75922.94,1776799569000
1776799571.079,71.079,0.75,0.76,0.24,0.25,0.01,0.01,75924.19,1776799570000
1776799571.415,71.415,0.72,0.73,0.26,0.27,0.01,0.01,75924.19,1776799570000
1776799571.799,71.799,0.72,0.73,0.27,0.28,0.01,0.01,75924.19,1776799570000
1776799572.139,72.139,0.69,0.71,0.29,0.3,0.02,0.01,75924.19,1776799570000
1776799572.629,72.629,0.69,0.71,0.29,0.31,0.02,0.02,75924.19,1776799570000
1776799573.384,73.384,0.69,0.7,0.3,0.31,0.01,0.01,75910.65,1776799571000
1776799573.85,73.85,0.69,0.7,0.3,0.31,0.01,0.01,75904.6,1776799572000
1776799575.351,75.351,0.68,0.7,0.3,0.31,0.02,0.01,75904.6,1776799572000
1776799575.773,75.773,0.68,0.71,0.3,0.32,0.03,0.02,75896.77,1776799573000
1776799576.213,76.213,0.69,0.7,0.3,0.31,0.01,0.01,75896.77,1776799573000
1776799576.571,76.571,0.68,0.7,0.3,0.31,0.02,0.01,75896.77,1776799573000
1776799577.157,77.157,0.68,0.69,0.3,0.32,0.01,0.02,75894.92,1776799574000
1776799577.492,77.492,0.67,0.69,0.31,0.33,0.02,0.02,75893.16,1776799575000
1776799577.827,77.827,0.63,0.64,0.36,0.37,0.01,0.01,75893.16,1776799575000
1776799578.169,78.169,0.63,0.64,0.36,0.37,0.01,0.01,75893.16,1776799575000
1776799578.511,78.511,0.63,0.64,0.36,0.37,0.01,0.01,75892.9,1776799576000
1776799578.854,78.854,0.63,0.64,0.36,0.37,0.01,0.01,75889.89,1776799577000
1776799579.194,79.194,0.63,0.64,0.36,0.37,0.01,0.01,75886.46,1776799578000
1776799579.539,79.539,0.63,0.64,0.36,0.37,0.01,0.01,75886.46,1776799578000
1776799579.888,79.888,0.63,0.64,0.36,0.37,0.01,0.01,75886.46,1776799578000
1776799580.234,80.234,0.63,0.64,0.36,0.37,0.01,0.01,75886.46,1776799578000
1776799580.584,80.584,0.63,0.64,0.36,0.37,0.01,0.01,75886.46,1776799578000
1776799580.933,80.933,0.63,0.64,0.36,0.37,0.01,0.01,75881.17,1776799579000
1776799581.281,81.281,0.62,0.63,0.37,0.38,0.01,0.01,75878.89,1776799580000
1776799581.627,81.627,0.62,0.63,0.37,0.38,0.01,0.01,75878.89,1776799580000
1776799581.979,81.979,0.62,0.63,0.37,0.38,0.01,0.01,75878.89,1776799580000
1776799582.446,82.446,0.62,0.63,0.37,0.38,0.01,0.01,75880.3,1776799581000
1776799582.915,82.915,0.62,0.63,0.37,0.38,0.01,0.01,75880.3,1776799581000
1776799583.285,83.285,0.62,0.63,0.37,0.38,0.01,0.01,75879.66,1776799582000
1776799583.664,83.664,0.62,0.63,0.37,0.38,0.01,0.01,75879.66,1776799582000
1776799584.236,84.236,0.62,0.63,0.37,0.38,0.01,0.01,75879.66,1776799582000
1776799584.615,84.615,0.6,0.63,0.37,0.4,0.03,0.03,75878.91,1776799583000
1776799584.948,84.948,0.56,0.59,0.41,0.44,0.03,0.03,75878.91,1776799583000
1776799585.77,85.77,0.56,0.59,0.4,0.44,0.03,0.04,75874.81,1776799584000
1776799586.108,86.108,0.55,0.59,0.41,0.45,0.04,0.04,75874.81,1776799584000
1776799586.524,86.524,0.55,0.59,0.41,0.45,0.04,0.04,75874.81,1776799584000
1776799586.912,86.912,0.55,0.58,0.42,0.45,0.03,0.03,75864.19,1776799585000
1776799587.264,87.264,0.56,0.57,0.43,0.44,0.01,0.01,75864.19,1776799585000
1776799587.606,87.606,0.56,0.57,0.43,0.44,0.01,0.01,75864.19,1776799585000
1776799587.939,87.939,0.56,0.57,0.43,0.44,0.01,0.01,75864.19,1776799585000
1776799588.295,88.295,0.55,0.57,0.43,0.45,0.02,0.02,75860.47,1776799586000
1776799588.657,88.657,0.55,0.56,0.44,0.45,0.01,0.01,75860.5,1776799587000
1776799588.992,88.992,0.55,0.56,0.44,0.45,0.01,0.01,75860.5,1776799587000
1776799589.375,89.375,0.55,0.56,0.44,0.45,0.01,0.01,75860.04,1776799588000
1776799589.708,89.708,0.55,0.56,0.44,0.45,0.01,0.01,75860.04,1776799588000
1776799590.203,90.203,0.55,0.56,0.44,0.45,0.01,0.01,75860.04,1776799588000
1776799590.57,90.57,0.55,0.56,0.44,0.45,0.01,0.01,75859.37,1776799589000
1776799591.301,91.301,0.55,0.56,0.44,0.45,0.01,0.01,75859.37,1776799589000
1776799591.694,91.694,0.55,0.56,0.44,0.45,0.01,0.01,75859.41,1776799590000
1776799592.139,92.139,0.55,0.56,0.44,0.45,0.01,0.01,75859.41,1776799590000
1776799592.479,92.479,0.55,0.56,0.44,0.45,0.01,0.01,75862.18,1776799591000
1776799592.837,92.837,0.55,0.56,0.44,0.45,0.01,0.01,75862.18,1776799591000
1776799593.501,93.501,0.55,0.56,0.44,0.45,0.01,0.01,75862.22,1776799592000
1776799594.009,94.009,0.54,0.56,0.44,0.46,0.02,0.02,75861.84,1776799593000
1776799594.364,94.364,0.55,0.56,0.44,0.45,0.01,0.01,75861.84,1776799593000
1776799594.78,94.78,0.53,0.54,0.46,0.47,0.01,0.01,75861.84,1776799593000
1776799595.149,95.149,0.53,0.54,0.46,0.47,0.01,0.01,75861.84,1776799593000
1776799595.49,95.49,0.53,0.54,0.46,0.47,0.01,0.01,75861.84,1776799593000
1776799595.85,95.85,0.53,0.54,0.46,0.47,0.01,0.01,75858.46,1776799594000
1776799596.186,96.186,0.55,0.56,0.44,0.47,0.01,0.03,75858.73,1776799595000
1776799596.527,96.527,0.55,0.56,0.44,0.45,0.01,0.01,75858.73,1776799595000
1776799596.941,96.941,0.55,0.56,0.44,0.45,0.01,0.01,75858.73,1776799595000
1776799597.28,97.28,0.56,0.57,0.43,0.44,0.01,0.01,75858.73,1776799595000
1776799597.758,97.758,0.56,0.57,0.43,0.44,0.01,0.01,75859.2,1776799596000
1776799598.092,98.092,0.56,0.57,0.43,0.44,0.01,0.01,75859.2,1776799596000
1776799598.589,98.589,0.56,0.57,0.43,0.44,0.01,0.01,75861.54,1776799597000
1776799598.933,98.933,0.56,0.57,0.43,0.44,0.01,0.01,75861.54,1776799597000
1776799599.359,99.359,0.56,0.57,0.43,0.44,0.01,0.01,75862.5,1776799598000
1776799600.018,100.018,0.56,0.57,0.43,0.44,0.01,0.01,75865.58,1776799599000
1776799600.469,100.469,0.56,0.57,0.43,0.44,0.01,0.01,75865.58,1776799599000
1776799600.88,100.88,0.56,0.57,0.43,0.44,0.01,0.01,75864.67,1776799600000
1776799601.215,101.215,0.6,0.62,0.38,0.4,0.02,0.02,75864.67,1776799600000
1776799601.561,101.561,0.6,0.61,0.37,0.4,0.01,0.03,75864.67,1776799600000
1776799601.914,101.914,0.6,0.61,0.37,0.4,0.01,0.03,75864.67,1776799600000
1776799602.436,102.436,0.62,0.63,0.37,0.38,0.01,0.01,75866.85,1776799601000
1776799602.825,102.825,0.63,0.64,0.36,0.38,0.01,0.02,75866.85,1776799601000
1776799603.18,103.18,0.66,0.71,0.29,0.33,0.05,0.04,75866.85,1776799601000
1776799603.588,103.588,0.68,0.69,0.31,0.32,0.01,0.01,75876.81,1776799602000
1776799603.934,103.934,0.7,0.71,0.29,0.3,0.01,0.01,75876.81,1776799602000
1776799604.418,104.418,0.7,0.71,0.29,0.3,0.01,0.01,75879.05,1776799603000
1776799604.78,104.78,0.7,0.71,0.29,0.3,0.01,0.01,75879.05,1776799603000
1776799605.208,105.208,0.68,0.7,0.29,0.31,0.02,0.02,75879.05,1776799603000
1776799605.547,105.547,0.64,0.68,0.32,0.36,0.04,0.04,75890.76,1776799604000
1776799605.905,105.905,0.64,0.65,0.35,0.36,0.01,0.01,75890.76,1776799604000
1776799606.244,106.244,0.61,0.62,0.38,0.39,0.01,0.01,75890.76,1776799604000
1776799606.676,106.676,0.61,0.62,0.38,0.39,0.01,0.01,75889.8,1776799605000
1776799607.017,107.017,0.61,0.62,0.38,0.39,0.01,0.01,75889.8,1776799605000
1776799607.351,107.351,0.61,0.62,0.38,0.39,0.01,0.01,75887.2,1776799606000
1776799607.693,107.693,0.61,0.62,0.38,0.39,0.01,0.01,75887.2,1776799606000
1776799608.042,108.042,0.61,0.62,0.38,0.39,0.01,0.01,75887.2,1776799606000
1776799608.421,108.421,0.61,0.62,0.38,0.39,0.01,0.01,75878.27,1776799607000
1776799608.838,108.838,0.63,0.64,0.36,0.37,0.01,0.01,75878.27,1776799607000
1776799609.19,109.19,0.64,0.65,0.35,0.36,0.01,0.01,75878.27,1776799607000
1776799609.614,109.614,0.64,0.65,0.35,0.36,0.01,0.01,75877.1,1776799608000
1776799609.982,109.982,0.64,0.65,0.35,0.36,0.01,0.01,75877.1,1776799608000
1776799610.344,110.344,0.65,0.67,0.33,0.35,0.02,0.02,75877.1,1776799608000
1776799610.679,110.679,0.65,0.66,0.34,0.35,0.01,0.01,75877.66,1776799609000
1776799611.023,111.023,0.64,0.65,0.35,0.36,0.01,0.01,75877.66,1776799609000
1776799611.425,111.425,0.64,0.65,0.35,0.36,0.01,0.01,75878.45,1776799610000
1776799611.762,111.762,0.64,0.65,0.35,0.36,0.01,0.01,75878.45,1776799610000
1776799612.096,112.096,0.64,0.65,0.35,0.36,0.01,0.01,75878.45,1776799610000
1776799612.448,112.448,0.64,0.65,0.35,0.36,0.01,0.01,75882.33,1776799611000
1776799612.865,112.865,0.64,0.65,0.35,0.36,0.01,0.01,75882.33,1776799611000
1776799613.2,113.2,0.64,0.65,0.35,0.36,0.01,0.01,75880.12,1776799612000
1776799613.544,113.544,0.65,0.66,0.34,0.35,0.01,0.01,75880.12,1776799612000
1776799613.939,113.939,0.65,0.66,0.34,0.35,0.01,0.01,75880.12,1776799612000
1776799614.277,114.277,0.65,0.66,0.34,0.35,0.01,0.01,75880.12,1776799612000
1776799614.681,114.681,0.65,0.66,0.34,0.35,0.01,0.01,75879.07,1776799613000
1776799615.121,115.121,0.65,0.66,0.34,0.35,0.01,0.01,75879.07,1776799614000
1776799615.458,115.458,0.65,0.66,0.34,0.35,0.01,0.01,75879.07,1776799614000
1776799615.996,115.996,0.65,0.66,0.34,0.35,0.01,0.01,75879.07,1776799614000
1776799616.385,116.385,0.65,0.66,0.34,0.35,0.01,0.01,75879.72,1776799615000
1776799616.725,116.725,0.65,0.66,0.34,0.35,0.01,0.01,75879.72,1776799615000
1776799617.066,117.066,0.64,0.65,0.34,0.35,0.01,0.01,75879.72,1776799615000
1776799617.436,117.436,0.64,0.65,0.35,0.36,0.01,0.01,75879.72,1776799615000
1776799617.91,117.91,0.63,0.64,0.36,0.37,0.01,0.01,75879.72,1776799615000
1776799618.31,118.31,0.63,0.64,0.36,0.37,0.01,0.01,75879.02,1776799616000
1776799618.643,118.643,0.63,0.64,0.36,0.37,0.01,0.01,75879.02,1776799616000
1776799619.07,119.07,0.63,0.64,0.36,0.37,0.01,0.01,75878.14,1776799617000
1776799619.409,119.409,0.63,0.64,0.36,0.37,0.01,0.01,75877.54,1776799618000
1776799619.748,119.748,0.63,0.64,0.36,0.37,0.01,0.01,75877.54,1776799618000
1776799620.111,120.111,0.63,0.64,0.36,0.37,0.01,0.01,75877.54,1776799618000
1776799620.463,120.463,0.62,0.63,0.36,0.38,0.01,0.02,75877.57,1776799619000
1776799620.851,120.851,0.61,0.62,0.38,0.39,0.01,0.01,75877.57,1776799619000
1776799621.255,121.255,0.61,0.62,0.38,0.39,0.01,0.01,75877.76,1776799620000
1776799621.735,121.735,0.6,0.62,0.38,0.4,0.02,0.02,75877.76,1776799620000
1776799622.449,122.449,0.6,0.61,0.39,0.4,0.01,0.01,75876.87,1776799621000
1776799623.071,123.071,0.6,0.61,0.39,0.4,0.01,0.01,75876.87,1776799621000
1776799623.511,123.511,0.6,0.61,0.39,0.4,0.01,0.01,75875.79,1776799622000
1776799624.238,124.238,0.6,0.61,0.39,0.4,0.01,0.01,75874.45,1776799623000
1776799624.663,124.663,0.6,0.61,0.39,0.4,0.01,0.01,75874.45,1776799623000
1776799625.032,125.032,0.58,0.59,0.41,0.42,0.01,0.01,75874.45,1776799623000
1776799625.367,125.367,0.58,0.59,0.41,0.42,0.01,0.01,75872.09,1776799624000
1776799625.759,125.759,0.58,0.59,0.41,0.42,0.01,0.01,75872.09,1776799624000
1776799626.218,126.218,0.58,0.59,0.41,0.42,0.01,0.01,75869.22,1776799625000
1776799626.612,126.612,0.58,0.59,0.41,0.42,0.01,0.01,75869.22,1776799625000
1776799627.175,127.175,0.58,0.59,0.41,0.42,0.01,0.01,75868.92,1776799626000
1776799627.662,127.662,0.58,0.59,0.41,0.42,0.01,0.01,75868.92,1776799626000
1776799628.004,128.004,0.58,0.59,0.41,0.42,0.01,0.01,75868.92,1776799626000
1776799628.36,128.36,0.58,0.6,0.4,0.42,0.02,0.02,75868.92,1776799626000
1776799628.803,128.803,0.66,0.67,0.33,0.34,0.01,0.01,75869.31,1776799627000
1776799629.283,129.283,0.62,0.64,0.36,0.38,0.02,0.02,75869.31,1776799627000
1776799629.879,129.879,0.62,0.63,0.37,0.38,0.01,0.01,75869.22,1776799628000
1776799630.283,130.283,0.6,0.61,0.37,0.38,0.01,0.01,75869.22,1776799628000
1776799630.653,130.653,0.55,0.57,0.41,0.45,0.02,0.04,75873.51,1776799629000
1776799631.04,131.04,0.53,0.54,0.46,0.47,0.01,0.01,75873.51,1776799629000
1776799631.593,131.593,0.52,0.54,0.46,0.48,0.02,0.02,75873.19,1776799630000
1776799631.957,131.957,0.51,0.54,0.46,0.48,0.03,0.02,75873.19,1776799630000
1776799632.41,132.41,0.51,0.54,0.46,0.49,0.03,0.03,75857.72,1776799631000
1776799632.763,132.763,0.51,0.54,0.46,0.49,0.03,0.03,75857.72,1776799631000
1776799633.204,133.204,0.51,0.54,0.46,0.49,0.03,0.03,75857.72,1776799631000
1776799633.688,133.688,0.51,0.54,0.46,0.49,0.03,0.03,75854.11,1776799632000
1776799634.183,134.183,0.51,0.54,0.46,0.49,0.03,0.03,75854.11,1776799632000
1776799634.609,134.609,0.53,0.54,0.46,0.49,0.01,0.03,75854.11,1776799632000
1776799635.053,135.053,0.51,0.54,0.46,0.49,0.03,0.03,75851.15,1776799633000
1776799635.42,135.42,0.5,0.52,0.48,0.5,0.02,0.02,75851.15,1776799633000
1776799635.762,135.762,0.51,0.53,0.47,0.49,0.02,0.02,75851.15,1776799634000
1776799636.109,136.109,0.52,0.53,0.47,0.48,0.01,0.01,75851.15,1776799634000
1776799636.444,136.444,0.53,0.55,0.45,0.47,0.02,0.02,75852.07,1776799635000
1776799636.778,136.778,0.53,0.54,0.45,0.47,0.01,0.02,75852.07,1776799635000
1776799637.229,137.229,0.53,0.54,0.46,0.47,0.01,0.01,75852.07,1776799635000
1776799637.602,137.602,0.53,0.54,0.46,0.47,0.01,0.01,75853.03,1776799636000
1776799637.938,137.938,0.53,0.54,0.46,0.47,0.01,0.01,75853.03,1776799636000
1776799638.362,138.362,0.55,0.56,0.44,0.46,0.01,0.02,75853.03,1776799636000
1776799638.733,138.733,0.55,0.56,0.44,0.45,0.01,0.01,75860.09,1776799637000
1776799639.067,139.067,0.55,0.56,0.44,0.45,0.01,0.01,75860.09,1776799637000
1776799639.432,139.432,0.55,0.56,0.44,0.45,0.01,0.01,75860.09,1776799637000
1776799639.782,139.782,0.57,0.58,0.42,0.43,0.01,0.01,75862.75,1776799638000
1776799640.135,140.135,0.57,0.58,0.42,0.43,0.01,0.01,75862.75,1776799638000
1776799640.516,140.516,0.57,0.58,0.42,0.43,0.01,0.01,75863.51,1776799639000
1776799640.895,140.895,0.57,0.58,0.42,0.43,0.01,0.01,75863.51,1776799639000
1776799641.439,141.439,0.57,0.58,0.42,0.43,0.01,0.01,75866.07,1776799640000
1776799641.802,141.802,0.57,0.58,0.42,0.43,0.01,0.01,75866.07,1776799640000
1776799642.155,142.155,0.57,0.58,0.42,0.43,0.01,0.01,75869.9,1776799641000
1776799642.603,142.603,0.57,0.58,0.42,0.43,0.01,0.01,75869.9,1776799641000
1776799643.011,143.011,0.57,0.58,0.42,0.43,0.01,0.01,75869.9,1776799641000
1776799643.359,143.359,0.57,0.58,0.42,0.43,0.01,0.01,75868.92,1776799642000
1776799643.713,143.713,0.57,0.58,0.42,0.43,0.01,0.01,75868.92,1776799642000
1776799644.062,144.062,0.57,0.58,0.42,0.43,0.01,0.01,75868.92,1776799642000
1776799644.398,144.398,0.57,0.58,0.42,0.43,0.01,0.01,75868.92,1776799642000
1776799644.852,144.852,0.57,0.58,0.42,0.43,0.01,0.01,75868.97,1776799643000
1776799645.334,145.334,0.57,0.58,0.42,0.43,0.01,0.01,75867.04,1776799644000
1776799645.84,145.84,0.57,0.58,0.42,0.43,0.01,0.01,75867.04,1776799644000
1776799646.195,146.195,0.52,0.54,0.46,0.48,0.02,0.02,75867.04,1776799644000
1776799646.535,146.535,0.52,0.53,0.47,0.48,0.01,0.01,75867.04,1776799644000
1776799646.872,146.872,0.5,0.53,0.47,0.5,0.03,0.03,75866.03,1776799645000
1776799647.296,147.296,0.5,0.53,0.47,0.5,0.03,0.03,75865.77,1776799646000
1776799647.63,147.63,0.5,0.51,0.49,0.5,0.01,0.01,75865.77,1776799646000
1776799648.121,148.121,0.5,0.51,0.49,0.5,0.01,0.01,75865.77,1776799646000
1776799648.465,148.465,0.5,0.51,0.49,0.5,0.01,0.01,75856.88,1776799647000
1776799648.799,148.799,0.5,0.51,0.49,0.5,0.01,0.01,75856.88,1776799647000
1776799649.178,149.178,0.5,0.51,0.49,0.5,0.01,0.01,75854.28,1776799648000
1776799650.37,150.37,0.5,0.51,0.49,0.5,0.01,0.01,75851.51,1776799649000
1776799650.752,150.752,0.5,0.51,0.49,0.5,0.01,0.01,75851.51,1776799649000
1776799651.663,151.663,0.5,0.51,0.49,0.5,0.01,0.01,75851.33,1776799650000
1776799651.998,151.998,0.45,0.48,0.52,0.55,0.03,0.03,75851.33,1776799650000
1776799652.338,152.338,0.45,0.48,0.52,0.55,0.03,0.03,75851.33,1776799650000
1776799652.724,152.724,0.45,0.46,0.54,0.55,0.01,0.01,75849.29,1776799651000
1776799653.263,153.263,0.45,0.46,0.54,0.55,0.01,0.01,75842.46,1776799652000
1776799653.597,153.597,0.44,0.46,0.54,0.56,0.02,0.02,75842.46,1776799652000
1776799653.978,153.978,0.43,0.44,0.56,0.57,0.01,0.01,75842.46,1776799652000
1776799654.355,154.355,0.42,0.43,0.57,0.58,0.01,0.01,75842.46,1776799652000
1776799654.772,154.772,0.41,0.42,0.58,0.59,0.01,0.01,75837.47,1776799653000
1776799655.159,155.159,0.41,0.42,0.58,0.59,0.01,0.01,75836.57,1776799654000
1776799655.569,155.569,0.41,0.42,0.58,0.59,0.01,0.01,75836.57,1776799654000
1776799655.906,155.906,0.41,0.42,0.58,0.59,0.01,0.01,75836.57,1776799654000
1776799656.254,156.254,0.41,0.42,0.58,0.59,0.01,0.01,75832.97,1776799655000
1776799656.71,156.71,0.41,0.42,0.58,0.59,0.01,0.01,75832.97,1776799655000
1776799657.105,157.105,0.41,0.42,0.58,0.59,0.01,0.01,75832.97,1776799655000
1776799657.473,157.473,0.41,0.42,0.58,0.59,0.01,0.01,75832.97,1776799655000
1776799657.865,157.865,0.41,0.42,0.58,0.59,0.01,0.01,75834.26,1776799656000
1776799658.305,158.305,0.41,0.42,0.58,0.59,0.01,0.01,75835.29,1776799657000
1776799658.956,158.956,0.41,0.42,0.58,0.59,0.01,0.01,75835.29,1776799657000
1776799659.306,159.306,0.41,0.42,0.58,0.59,0.01,0.01,75835.29,1776799657000
1776799659.689,159.689,0.41,0.42,0.58,0.59,0.01,0.01,75836.11,1776799658000
1776799660.047,160.047,0.41,0.42,0.58,0.59,0.01,0.01,75835.35,1776799659000
1776799660.458,160.458,0.41,0.42,0.58,0.59,0.01,0.01,75835.35,1776799659000
1776799660.952,160.952,0.42,0.43,0.57,0.58,0.01,0.01,75835.35,1776799659000
1776799661.287,161.287,0.42,0.43,0.57,0.58,0.01,0.01,75836.14,1776799660000
1776799661.704,161.704,0.4,0.42,0.58,0.59,0.02,0.01,75836.14,1776799660000
1776799662.066,162.066,0.4,0.41,0.59,0.6,0.01,0.01,75836.14,1776799660000
1776799662.461,162.461,0.4,0.41,0.59,0.6,0.01,0.01,75836.14,1776799660000
1776799662.8,162.8,0.41,0.42,0.58,0.59,0.01,0.01,75836.14,1776799660000
1776799663.148,163.148,0.41,0.42,0.58,0.59,0.01,0.01,75836.76,1776799661000
1776799663.625,163.625,0.41,0.42,0.58,0.59,0.01,0.01,75836.76,1776799661000
1776799663.997,163.997,0.4,0.41,0.58,0.59,0.01,0.01,75835.84,1776799662000
1776799664.36,164.36,0.4,0.41,0.59,0.6,0.01,0.01,75835.84,1776799662000
1776799664.832,164.832,0.4,0.41,0.59,0.6,0.01,0.01,75835.55,1776799663000
1776799665.236,165.236,0.4,0.41,0.59,0.6,0.01,0.01,75835.09,1776799664000
1776799665.578,165.578,0.4,0.41,0.59,0.6,0.01,0.01,75835.09,1776799664000
1776799665.971,165.971,0.4,0.41,0.59,0.6,0.01,0.01,75835.09,1776799664000
1776799666.503,166.503,0.4,0.41,0.59,0.6,0.01,0.01,75834.31,1776799665000
1776799666.841,166.841,0.4,0.41,0.59,0.6,0.01,0.01,75834.31,1776799665000
1776799667.404,167.404,0.4,0.41,0.59,0.6,0.01,0.01,75833.43,1776799666000
1776799667.882,167.882,0.37,0.41,0.59,0.62,0.04,0.03,75833.43,1776799666000
1776799668.252,168.252,0.36,0.4,0.6,0.64,0.04,0.04,75833.43,1776799666000
1776799668.676,168.676,0.38,0.39,0.61,0.63,0.01,0.02,75830.19,1776799667000
1776799669.261,169.261,0.38,0.39,0.61,0.62,0.01,0.01,75826.18,1776799668000
1776799669.606,169.606,0.38,0.39,0.61,0.62,0.01,0.01,75826.18,1776799668000
1776799669.945,169.945,0.38,0.39,0.61,0.62,0.01,0.01,75826.18,1776799668000
1776799670.305,170.305,0.38,0.39,0.61,0.62,0.01,0.01,75825.12,1776799669000
1776799670.866,170.866,0.38,0.39,0.61,0.62,0.01,0.01,75825.12,1776799669000
1776799671.26,171.26,0.39,0.4,0.6,0.62,0.01,0.02,75825.12,1776799669000
1776799671.786,171.786,0.39,0.4,0.6,0.61,0.01,0.01,75829.49,1776799670000
1776799672.14,172.14,0.39,0.4,0.6,0.61,0.01,0.01,75829.49,1776799670000
1776799672.489,172.489,0.4,0.41,0.59,0.6,0.01,0.01,75829.49,1776799670000
1776799672.856,172.856,0.4,0.41,0.59,0.6,0.01,0.01,75832.08,1776799671000
1776799673.262,173.262,0.4,0.41,0.59,0.6,0.01,0.01,75833.79,1776799672000
1776799673.605,173.605,0.4,0.41,0.59,0.6,0.01,0.01,75833.79,1776799672000
1776799673.998,173.998,0.4,0.41,0.59,0.6,0.01,0.01,75833.79,1776799672000
1776799674.34,174.34,0.39,0.4,0.6,0.61,0.01,0.01,75832.27,1776799673000
1776799675.081,175.081,0.39,0.4,0.6,0.61,0.01,0.01,75832.27,1776799673000
1776799675.492,175.492,0.39,0.4,0.6,0.61,0.01,0.01,75833.03,1776799674000
1776799675.834,175.834,0.37,0.4,0.6,0.63,0.03,0.03,75833.03,1776799674000
1776799676.253,176.253,0.37,0.4,0.6,0.63,0.03,0.03,75832.29,1776799675000
1776799677.17,177.17,0.37,0.38,0.6,0.63,0.01,0.03,75832.29,1776799675000
1776799677.528,177.528,0.36,0.38,0.62,0.64,0.02,0.02,75827.86,1776799676000
1776799677.932,177.932,0.33,0.38,0.62,0.67,0.05,0.05,75827.86,1776799676000
1776799678.472,178.472,0.33,0.34,0.64,0.67,0.01,0.03,75827.86,1776799676000
1776799678.838,178.838,0.33,0.34,0.66,0.67,0.01,0.01,75824.47,1776799677000
1776799679.237,179.237,0.33,0.34,0.66,0.67,0.01,0.01,75824.02,1776799678000
1776799679.684,179.684,0.33,0.34,0.66,0.67,0.01,0.01,75824.02,1776799678000
1776799680.073,180.073,0.33,0.34,0.66,0.67,0.01,0.01,75823.45,1776799679000
1776799680.41,180.41,0.33,0.34,0.66,0.67,0.01,0.01,75823.45,1776799679000
1776799680.805,180.805,0.33,0.34,0.66,0.67,0.01,0.01,75823.45,1776799679000
1776799681.202,181.202,0.3,0.31,0.66,0.7,0.01,0.04,75823.45,1776799679000
1776799681.54,181.54,0.3,0.31,0.69,0.7,0.01,0.01,75822.37,1776799680000
1776799681.875,181.875,0.3,0.31,0.69,0.7,0.01,0.01,75822.37,1776799680000
1776799682.304,182.304,0.3,0.31,0.69,0.7,0.01,0.01,75822.37,1776799680000
1776799682.64,182.64,0.3,0.31,0.69,0.7,0.01,0.01,75822.37,1776799680000
1776799683.062,183.062,0.3,0.31,0.69,0.7,0.01,0.01,75822.11,1776799681000
1776799683.481,183.481,0.3,0.31,0.69,0.7,0.01,0.01,75819.9,1776799682000
1776799683.819,183.819,0.3,0.31,0.69,0.7,0.01,0.01,75819.9,1776799682000
1776799684.427,184.427,0.3,0.31,0.69,0.7,0.01,0.01,75819.27,1776799683000
1776799684.893,184.893,0.3,0.31,0.69,0.7,0.01,0.01,75819.27,1776799683000
1776799685.251,185.251,0.3,0.31,0.69,0.7,0.01,0.01,75819.27,1776799683000
1776799685.587,185.587,0.3,0.31,0.69,0.7,0.01,0.01,75819.27,1776799683000
1776799685.992,185.992,0.3,0.31,0.69,0.7,0.01,0.01,75820.06,1776799684000
1776799686.354,186.354,0.3,0.35,0.65,0.7,0.05,0.05,75820.06,1776799684000
1776799686.705,186.705,0.3,0.31,0.69,0.7,0.01,0.01,75820.7,1776799685000
1776799687.075,187.075,0.3,0.31,0.69,0.7,0.01,0.01,75820.21,1776799686000
1776799687.472,187.472,0.3,0.31,0.69,0.7,0.01,0.01,75820.21,1776799686000
1776799687.884,187.884,0.31,0.34,0.64,0.69,0.03,0.05,75820.21,1776799686000
1776799688.235,188.235,0.34,0.41,0.59,0.66,0.07,0.07,75820.21,1776799686000
1776799688.678,188.678,0.39,0.4,0.6,0.61,0.01,0.01,75820.66,1776799687000
1776799689.037,189.037,0.4,0.41,0.59,0.61,0.01,0.02,75822.28,1776799688000
1776799690.024,190.024,0.4,0.41,0.59,0.6,0.01,0.01,75822.28,1776799688000
1776799690.592,190.592,0.4,0.41,0.59,0.6,0.01,0.01,75832.93,1776799689000
1776799690.983,190.983,0.4,0.41,0.59,0.6,0.01,0.01,75833.22,1776799690000
1776799691.437,191.437,0.4,0.41,0.59,0.6,0.01,0.01,75833.22,1776799690000
1776799692.1,192.1,0.4,0.41,0.59,0.6,0.01,0.01,75834.67,1776799691000
1776799692.694,192.694,0.4,0.41,0.59,0.6,0.01,0.01,75834.67,1776799691000
1776799693.042,193.042,0.4,0.41,0.59,0.6,0.01,0.01,75834.67,1776799691000
1776799693.408,193.408,0.4,0.41,0.59,0.6,0.01,0.01,75836.24,1776799692000
1776799693.837,193.837,0.4,0.41,0.59,0.6,0.01,0.01,75836.24,1776799692000
1776799694.401,194.401,0.4,0.41,0.59,0.6,0.01,0.01,75836.24,1776799692000
1776799694.837,194.837,0.4,0.41,0.59,0.6,0.01,0.01,75836.24,1776799692000
1776799695.458,195.458,0.4,0.41,0.59,0.6,0.01,0.01,75837.12,1776799693000
1776799695.899,195.899,0.4,0.41,0.59,0.6,0.01,0.01,75837.12,1776799693000
1776799696.401,196.401,0.4,0.41,0.59,0.6,0.01,0.01,75837.5,1776799694000
1776799696.971,196.971,0.4,0.41,0.59,0.6,0.01,0.01,75838.18,1776799695000
1776799697.319,197.319,0.4,0.41,0.59,0.6,0.01,0.01,75838.18,1776799696000
1776799698.08,198.08,0.4,0.41,0.59,0.6,0.01,0.01,75838.18,1776799696000
1776799698.443,198.443,0.4,0.41,0.59,0.6,0.01,0.01,75838.18,1776799696000
1776799698.887,198.887,0.4,0.41,0.59,0.6,0.01,0.01,75837.54,1776799697000
1776799699.256,199.256,0.4,0.41,0.59,0.6,0.01,0.01,75837.54,1776799697000
1776799699.614,199.614,0.4,0.41,0.59,0.6,0.01,0.01,75837.8,1776799698000
1776799699.963,199.963,0.4,0.41,0.59,0.6,0.01,0.01,75837.8,1776799698000
1776799700.419,200.419,0.4,0.41,0.59,0.6,0.01,0.01,75837.8,1776799698000
1776799700.762,200.762,0.4,0.41,0.59,0.6,0.01,0.01,75837.37,1776799699000
1776799701.099,201.099,0.4,0.41,0.59,0.6,0.01,0.01,75837.37,1776799699000
1776799701.67,201.67,0.41,0.42,0.58,0.6,0.01,0.02,75839.5,1776799700000
1776799702.091,202.091,0.41,0.42,0.58,0.59,0.01,0.01,75839.5,1776799700000
1776799702.486,202.486,0.41,0.42,0.58,0.59,0.01,0.01,75839.5,1776799700000
1776799702.937,202.937,0.41,0.42,0.58,0.59,0.01,0.01,75837.21,1776799701000
1776799703.314,203.314,0.41,0.42,0.58,0.59,0.01,0.01,75837.21,1776799701000
1776799703.951,203.951,0.41,0.42,0.58,0.59,0.01,0.01,75838.25,1776799702000
1776799704.637,204.637,0.43,0.44,0.56,0.58,0.01,0.02,75838.31,1776799703000
1776799705.061,205.061,0.43,0.44,0.56,0.57,0.01,0.01,75838.31,1776799703000
1776799705.421,205.421,0.43,0.44,0.56,0.57,0.01,0.01,75838.31,1776799703000
1776799705.937,205.937,0.43,0.44,0.56,0.57,0.01,0.01,75838.57,1776799704000
1776799706.291,206.291,0.43,0.44,0.56,0.57,0.01,0.01,75839.18,1776799705000
1776799706.665,206.665,0.42,0.43,0.56,0.57,0.01,0.01,75839.18,1776799705000
1776799707.023,207.023,0.41,0.42,0.58,0.59,0.01,0.01,75839.18,1776799705000
1776799707.579,207.579,0.37,0.38,0.62,0.63,0.01,0.01,75841.01,1776799706000
1776799707.924,207.924,0.31,0.32,0.68,0.69,0.01,0.01,75841.01,1776799706000
1776799708.283,208.283,0.31,0.32,0.68,0.69,0.01,0.01,75840.12,1776799707000
1776799708.618,208.618,0.31,0.32,0.68,0.69,0.01,0.01,75840.12,1776799707000
1776799709.654,209.654,0.31,0.32,0.68,0.69,0.01,0.01,75827.88,1776799708000
1776799710.058,210.058,0.31,0.32,0.68,0.69,0.01,0.01,75827.88,1776799708000
1776799710.414,210.414,0.3,0.31,0.68,0.69,0.01,0.01,75827.88,1776799708000
1776799710.767,210.767,0.3,0.31,0.69,0.7,0.01,0.01,75826.71,1776799709000
1776799711.209,211.209,0.3,0.31,0.69,0.7,0.01,0.01,75826.71,1776799709000
1776799711.696,211.696,0.3,0.31,0.69,0.7,0.01,0.01,75823.53,1776799710000
1776799712.492,212.492,0.3,0.31,0.69,0.7,0.01,0.01,75823.53,1776799710000
1776799712.893,212.893,0.28,0.29,0.71,0.72,0.01,0.01,75822.31,1776799711000
1776799713.247,213.247,0.28,0.29,0.71,0.72,0.01,0.01,75822.31,1776799711000
1776799713.659,213.659,0.28,0.29,0.71,0.72,0.01,0.01,75822.31,1776799711000
1776799714.163,214.163,0.28,0.29,0.71,0.72,0.01,0.01,75824.33,1776799712000
1776799714.56,214.56,0.29,0.3,0.7,0.71,0.01,0.01,75823.46,1776799713000
1776799714.942,214.942,0.31,0.32,0.67,0.71,0.01,0.04,75823.46,1776799713000
1776799715.276,215.276,0.31,0.32,0.68,0.69,0.01,0.01,75822.56,1776799714000
1776799715.751,215.751,0.31,0.32,0.68,0.69,0.01,0.01,75822.56,1776799714000
1776799716.118,216.118,0.31,0.32,0.68,0.69,0.01,0.01,75822.56,1776799714000
1776799716.46,216.46,0.33,0.35,0.65,0.67,0.02,0.02,75823.15,1776799715000
1776799716.86,216.86,0.33,0.34,0.66,0.67,0.01,0.01,75823.15,1776799715000
1776799717.222,217.222,0.33,0.34,0.66,0.67,0.01,0.01,75823.32,1776799716000
1776799717.581,217.581,0.35,0.37,0.63,0.64,0.02,0.01,75823.32,1776799716000
1776799718.011,218.011,0.34,0.35,0.65,0.66,0.01,0.01,75823.32,1776799716000
1776799718.568,218.568,0.34,0.35,0.65,0.66,0.01,0.01,75827.56,1776799717000
1776799718.938,218.938,0.34,0.35,0.65,0.66,0.01,0.01,75827.56,1776799717000
1776799719.39,219.39,0.34,0.35,0.65,0.66,0.01,0.01,75829.97,1776799718000
1776799719.728,219.728,0.33,0.34,0.66,0.67,0.01,0.01,75829.97,1776799718000
1776799720.103,220.103,0.33,0.34,0.66,0.67,0.01,0.01,75828.26,1776799719000
1776799720.627,220.627,0.33,0.34,0.66,0.67,0.01,0.01,75828.26,1776799719000
1776799721.041,221.041,0.33,0.34,0.66,0.67,0.01,0.01,75828.93,1776799720000
1776799721.426,221.426,0.33,0.34,0.66,0.67,0.01,0.01,75828.93,1776799720000
1776799721.88,221.88,0.32,0.33,0.66,0.67,0.01,0.01,75828.93,1776799720000
1776799722.334,222.334,0.29,0.3,0.7,0.71,0.01,0.01,75828.69,1776799721000
1776799722.679,222.679,0.28,0.29,0.71,0.72,0.01,0.01,75828.69,1776799721000
1776799723.166,223.166,0.26,0.27,0.71,0.74,0.01,0.03,75828.53,1776799722000
1776799723.524,223.524,0.25,0.26,0.73,0.75,0.01,0.02,75828.53,1776799722000
1776799723.864,223.864,0.25,0.26,0.74,0.75,0.01,0.01,75820.2,1776799723000
1776799724.206,224.206,0.25,0.26,0.74,0.75,0.01,0.01,75820.2,1776799723000
1776799724.563,224.563,0.25,0.26,0.74,0.75,0.01,0.01,75820.2,1776799723000
1776799724.992,224.992,0.25,0.26,0.74,0.75,0.01,0.01,75819.04,1776799724000
1776799725.457,225.457,0.25,0.26,0.74,0.75,0.01,0.01,75819.04,1776799724000
1776799725.799,225.799,0.25,0.26,0.74,0.75,0.01,0.01,75819.04,1776799724000
1776799726.242,226.242,0.25,0.26,0.74,0.75,0.01,0.01,75817.15,1776799725000
1776799726.588,226.588,0.25,0.26,0.74,0.75,0.01,0.01,75817.15,1776799725000
1776799727.043,227.043,0.25,0.26,0.74,0.75,0.01,0.01,75817.15,1776799725000
1776799727.555,227.555,0.25,0.26,0.74,0.75,0.01,0.01,75820.12,1776799726000
1776799727.915,227.915,0.26,0.27,0.73,0.74,0.01,0.01,75820.12,1776799726000
1776799728.317,228.317,0.26,0.27,0.73,0.74,0.01,0.01,75819.67,1776799727000
1776799728.663,228.663,0.26,0.27,0.73,0.74,0.01,0.01,75819.67,1776799727000
1776799729.032,229.032,0.25,0.27,0.73,0.74,0.02,0.01,75819.67,1776799727000
1776799729.725,229.725,0.25,0.26,0.74,0.75,0.01,0.01,75819.67,1776799728000
1776799730.182,230.182,0.25,0.26,0.74,0.75,0.01,0.01,75819.67,1776799728000
1776799730.573,230.573,0.25,0.26,0.74,0.75,0.01,0.01,75819.05,1776799729000
1776799731.005,231.005,0.25,0.26,0.74,0.75,0.01,0.01,75819.05,1776799729000
1776799731.342,231.342,0.26,0.27,0.73,0.74,0.01,0.01,75819.05,1776799730000
1776799731.722,231.722,0.26,0.27,0.73,0.74,0.01,0.01,75819.05,1776799730000
1776799732.07,232.07,0.26,0.27,0.73,0.74,0.01,0.01,75819.85,1776799731000
1776799732.429,232.429,0.25,0.26,0.74,0.75,0.01,0.01,75819.85,1776799731000
1776799732.872,232.872,0.24,0.25,0.75,0.76,0.01,0.01,75819.85,1776799731000
1776799733.798,233.798,0.23,0.24,0.75,0.76,0.01,0.01,75820.6,1776799732000
1776799734.313,234.313,0.21,0.22,0.78,0.79,0.01,0.01,75822.02,1776799733000
1776799734.777,234.777,0.2,0.21,0.79,0.8,0.01,0.01,75822.02,1776799733000
1776799735.195,235.195,0.18,0.19,0.81,0.82,0.01,0.01,75819.38,1776799734000
1776799735.572,235.572,0.18,0.19,0.81,0.82,0.01,0.01,75819.38,1776799734000
1776799735.947,235.947,0.17,0.19,0.81,0.83,0.02,0.02,75817.11,1776799735000
1776799736.306,236.306,0.17,0.18,0.82,0.83,0.01,0.01,75817.11,1776799735000
1776799736.922,236.922,0.16,0.17,0.82,0.84,0.01,0.02,75817.11,1776799735000
1776799737.261,237.261,0.15,0.17,0.83,0.85,0.02,0.02,75815.78,1776799736000
1776799737.601,237.601,0.15,0.16,0.84,0.85,0.01,0.01,75815.78,1776799736000
1776799738.096,238.096,0.15,0.16,0.84,0.85,0.01,0.01,75810.45,1776799737000
1776799738.498,238.498,0.15,0.16,0.84,0.85,0.01,0.01,75810.45,1776799737000
1776799738.854,238.854,0.15,0.16,0.84,0.85,0.01,0.01,75810.45,1776799737000
1776799739.227,239.227,0.15,0.16,0.84,0.85,0.01,0.01,75810.45,1776799737000
1776799739.602,239.602,0.15,0.16,0.84,0.85,0.01,0.01,75810.45,1776799737000
1776799739.966,239.966,0.15,0.16,0.84,0.85,0.01,0.01,75807.21,1776799738000
1776799740.316,240.316,0.15,0.16,0.84,0.85,0.01,0.01,75806.03,1776799739000
1776799740.793,240.793,0.15,0.16,0.84,0.85,0.01,0.01,75806.03,1776799739000
1776799741.145,241.145,0.15,0.16,0.84,0.85,0.01,0.01,75803.63,1776799740000
1776799741.478,241.478,0.15,0.16,0.84,0.85,0.01,0.01,75803.63,1776799740000
1776799741.832,241.832,0.15,0.16,0.84,0.85,0.01,0.01,75803.63,1776799740000
1776799742.276,242.276,0.15,0.16,0.84,0.85,0.01,0.01,75803.95,1776799741000
1776799742.653,242.653,0.15,0.16,0.84,0.85,0.01,0.01,75803.95,1776799741000
1776799743.084,243.084,0.15,0.16,0.84,0.85,0.01,0.01,75803.95,1776799741000
1776799743.511,243.511,0.15,0.16,0.84,0.85,0.01,0.01,75803.11,1776799742000
1776799743.874,243.874,0.13,0.14,0.84,0.87,0.01,0.03,75803.11,1776799742000
1776799744.325,244.325,0.12,0.13,0.87,0.88,0.01,0.01,75803.11,1776799742000
1776799744.772,244.772,0.11,0.12,0.88,0.89,0.01,0.01,75800.09,1776799743000
1776799745.149,245.149,0.11,0.12,0.88,0.89,0.01,0.01,75800.09,1776799743000
1776799745.486,245.486,0.09,0.1,0.89,0.91,0.01,0.02,75799.99,1776799744000
1776799745.848,245.848,0.07,0.08,0.92,0.93,0.01,0.01,75799.24,1776799745000
1776799746.191,246.191,0.07,0.08,0.92,0.93,0.01,0.01,75799.24,1776799745000
1776799746.541,246.541,0.06,0.08,0.92,0.93,0.02,0.01,75799.24,1776799745000
1776799746.894,246.894,0.06,0.07,0.93,0.94,0.01,0.01,75799.24,1776799745000
1776799747.246,247.246,0.06,0.07,0.93,0.94,0.01,0.01,75797.11,1776799746000
1776799747.634,247.634,0.05,0.06,0.94,0.95,0.01,0.01,75797.11,1776799746000
1776799747.99,247.99,0.05,0.06,0.94,0.95,0.01,0.01,75786.63,1776799747000
1776799748.37,248.37,0.05,0.06,0.94,0.95,0.01,0.01,75786.63,1776799747000
1776799748.716,248.716,0.05,0.06,0.94,0.95,0.01,0.01,75786.63,1776799747000
1776799749.076,249.076,0.05,0.06,0.94,0.95,0.01,0.01,75785.29,1776799748000
1776799749.41,249.41,0.05,0.06,0.94,0.95,0.01,0.01,75785.29,1776799748000
1776799749.743,249.743,0.05,0.06,0.94,0.95,0.01,0.01,75785.29,1776799748000
1776799750.14,250.14,0.06,0.07,0.93,0.94,0.01,0.01,75785.31,1776799749000
1776799750.486,250.486,0.06,0.07,0.93,0.94,0.01,0.01,75785.31,1776799749000
1776799750.825,250.825,0.05,0.07,0.93,0.94,0.02,0.01,75785.31,1776799749000
1776799751.167,251.167,0.05,0.06,0.94,0.95,0.01,0.01,75784.77,1776799750000
1776799751.507,251.507,0.05,0.06,0.94,0.95,0.01,0.01,75784.77,1776799750000
1776799751.844,251.844,0.05,0.06,0.94,0.95,0.01,0.01,75784.77,1776799750000
1776799752.222,252.222,0.06,0.07,0.93,0.95,0.01,0.02,75784.77,1776799750000
1776799752.596,252.596,0.06,0.07,0.93,0.94,0.01,0.01,75784.05,1776799751000
1776799752.936,252.936,0.06,0.07,0.93,0.94,0.01,0.01,75784.05,1776799751000
1776799753.308,253.308,0.04,0.05,0.93,0.97,0.01,0.04,75783.53,1776799752000
1776799753.659,253.659,0.03,0.04,0.95,0.96,0.01,0.01,75783.53,1776799752000
1776799754.065,254.065,0.03,0.04,0.96,0.97,0.01,0.01,75783.53,1776799752000
1776799754.623,254.623,0.04,0.05,0.95,0.97,0.01,0.02,75785.6,1776799753000
1776799754.995,254.995,0.04,0.05,0.95,0.96,0.01,0.01,75785.6,1776799753000
1776799755.417,255.417,0.05,0.06,0.94,0.95,0.01,0.01,75785.6,1776799753000
1776799755.802,255.802,0.05,0.06,0.94,0.95,0.01,0.01,75786.18,1776799754000
1776799756.327,256.327,0.04,0.06,0.94,0.95,0.02,0.01,75786.18,1776799754000
1776799756.693,256.693,0.04,0.05,0.95,0.96,0.01,0.01,75786.23,1776799755000
1776799757.04,257.04,0.04,0.05,0.95,0.96,0.01,0.01,75788.87,1776799756000
1776799757.389,257.389,0.04,0.05,0.95,0.96,0.01,0.01,75788.87,1776799756000
1776799757.875,257.875,0.04,0.05,0.95,0.96,0.01,0.01,75788.87,1776799756000
1776799758.307,258.307,0.04,0.06,0.95,0.96,0.02,0.01,75790.64,1776799757000
1776799758.693,258.693,0.05,0.06,0.94,0.95,0.01,0.01,75790.64,1776799757000
1776799759.052,259.052,0.05,0.06,0.94,0.95,0.01,0.01,75790.24,1776799758000
1776799759.442,259.442,0.05,0.06,0.94,0.95,0.01,0.01,75790.24,1776799758000
1776799759.783,259.783,0.05,0.06,0.94,0.95,0.01,0.01,75790.24,1776799758000
1776799760.355,260.355,0.04,0.05,0.95,0.96,0.01,0.01,75790.69,1776799759000
1776799760.886,260.886,0.04,0.05,0.95,0.96,0.01,0.01,75790.69,1776799759000
1776799761.234,261.234,0.04,0.05,0.95,0.96,0.01,0.01,75787.83,1776799760000
1776799761.711,261.711,0.03,0.04,0.95,0.97,0.01,0.02,75787.83,1776799760000
1776799762.15,262.15,0.03,0.04,0.96,0.97,0.01,0.01,75790.92,1776799761000
1776799762.69,262.69,0.03,0.04,0.96,0.97,0.01,0.01,75790.92,1776799761000
1776799763.26,263.26,0.03,0.04,0.96,0.97,0.01,0.01,75790.92,1776799761000
1776799763.769,263.769,0.03,0.04,0.96,0.97,0.01,0.01,75791.36,1776799762000
1776799764.151,264.151,0.03,0.04,0.96,0.97,0.01,0.01,75791.36,1776799762000
1776799764.485,264.485,0.03,0.04,0.96,0.97,0.01,0.01,75791.58,1776799763000
1776799764.836,264.836,0.03,0.04,0.96,0.97,0.01,0.01,75791.58,1776799763000
1776799765.234,265.234,0.03,0.04,0.96,0.97,0.01,0.01,75791.58,1776799764000
1776799765.679,265.679,0.05,0.06,0.94,0.95,0.01,0.01,75791.58,1776799764000
1776799766.029,266.029,0.05,0.06,0.94,0.95,0.01,0.01,75791.58,1776799764000
1776799766.404,266.404,0.02,0.04,0.96,0.97,0.02,0.01,75791.58,1776799764000
1776799766.793,266.793,0.02,0.03,0.97,0.98,0.01,0.01,75791.58,1776799764000
1776799767.173,267.173,0.02,0.03,0.97,0.98,0.01,0.01,75785.63,1776799765000
1776799767.567,267.567,0.02,0.03,0.97,0.98,0.01,0.01,75785.06,1776799766000
1776799767.902,267.902,0.02,0.03,0.97,0.98,0.01,0.01,75785.06,1776799766000
1776799768.327,268.327,0.02,0.03,0.97,0.98,0.01,0.01,75785.06,1776799766000
1776799768.692,268.692,0.02,0.03,0.97,0.98,0.01,0.01,75784.52,1776799767000
1776799769.036,269.036,0.02,0.03,0.97,0.98,0.01,0.01,75784.52,1776799767000
1776799769.396,269.396,0.02,0.03,0.97,0.98,0.01,0.01,75783.68,1776799768000
1776799769.881,269.881,0.02,0.03,0.97,0.98,0.01,0.01,75783.68,1776799769000
1776799770.216,270.216,0.02,0.03,0.97,0.98,0.01,0.01,75783.68,1776799769000
1776799770.651,270.651,0.01,0.02,0.98,0.99,0.01,0.01,75783.68,1776799769000
1776799771.013,271.013,0.01,0.02,0.98,0.99,0.01,0.01,75783.68,1776799769000
1776799771.398,271.398,0.01,0.02,0.98,0.99,0.01,0.01,75782.67,1776799770000
1776799771.76,271.76,0.01,0.02,0.98,0.99,0.01,0.01,75782.67,1776799770000
1776799772.161,272.161,0.01,0.02,0.98,0.99,0.01,0.01,75782.67,1776799770000
1776799772.56,272.56,0.01,0.02,0.98,0.99,0.01,0.01,75782.67,1776799771000
1776799773.005,273.005,0.01,0.02,0.98,0.99,0.01,0.01,75782.67,1776799771000
1776799773.376,273.376,0.01,0.02,0.98,0.99,0.01,0.01,75783.53,1776799772000
1776799773.88,273.88,0.02,0.03,0.97,0.98,0.01,0.01,75783.53,1776799772000
1776799774.288,274.288,0.02,0.03,0.97,0.98,0.01,0.01,75783.53,1776799773000
1776799774.637,274.637,0.01,0.02,0.98,0.99,0.01,0.01,75783.53,1776799773000
1776799774.996,274.996,0.01,0.02,0.98,0.99,0.01,0.01,75783.64,1776799774000
1776799775.348,275.348,0.01,0.02,0.98,0.99,0.01,0.01,75783.64,1776799774000
1776799775.685,275.685,0.01,0.02,0.98,0.99,0.01,0.01,75783.64,1776799774000
1776799776.046,276.046,0.01,0.02,0.98,0.99,0.01,0.01,75783.73,1776799775000
1776799776.545,276.545,0.01,0.02,0.98,0.99,0.01,0.01,75783.73,1776799775000
1776799776.899,276.899,0.01,0.02,0.98,0.99,0.01,0.01,75783.73,1776799775000
1776799777.252,277.252,0.02,0.03,0.97,0.98,0.01,0.01,75783.11,1776799776000
1776799777.602,277.602,0.02,0.03,0.97,0.98,0.01,0.01,75783.11,1776799776000
1776799777.948,277.948,0.01,0.02,0.97,0.98,0.01,0.01,75783.11,1776799776000
1776799778.3,278.3,0.01,0.02,0.98,0.99,0.01,0.01,75781.97,1776799777000
1776799778.638,278.638,0.01,0.02,0.98,0.99,0.01,0.01,75781.97,1776799777000
1776799779.128,279.128,0.01,0.02,0.98,0.99,0.01,0.01,75781.89,1776799778000
1776799779.473,279.473,0.01,0.02,0.98,0.99,0.01,0.01,75781.89,1776799778000
1776799779.843,279.843,0.01,0.01,0.98,0.99,0.0,0.01,75781.89,1776799778000
1776799780.432,280.432,0.01,0.01,0.99,0.99,0.0,0.0,75781.89,1776799778000
1776799780.8,280.8,0.01,0.01,0.99,0.99,0.0,0.0,75781.89,1776799778000
1776799781.136,281.136,0.01,0.01,0.99,0.99,0.0,0.0,75781.89,1776799779000
1776799781.725,281.725,0.01,0.01,0.99,0.99,0.0,0.0,75781.56,1776799780000
1776799782.222,282.222,0.01,0.01,0.99,0.99,0.0,0.0,75781.56,1776799780000
1776799782.742,282.742,0.01,0.01,0.99,0.99,0.0,0.0,75781.56,1776799781000
1776799783.964,283.964,0.01,0.01,0.99,0.99,0.0,0.0,75780.81,1776799782000
1776799784.637,284.637,0.01,0.01,0.99,0.99,0.0,0.0,75781.36,1776799783000
1776799785.436,285.436,0.01,0.01,0.99,0.99,0.0,0.0,75782.68,1776799784000
1776799785.848,285.848,0.01,0.01,0.99,0.99,0.0,0.0,75782.68,1776799784000
1776799787.127,287.127,0.01,0.01,0.99,0.99,0.0,0.0,75780.91,1776799786000
1776799788.253,288.253,0.01,0.01,0.99,0.99,0.0,0.0,75780.91,1776799786000
1776799789.11,289.11,0.01,0.01,0.99,0.99,0.0,0.0,75780.98,1776799788000
1776799789.634,289.634,0.01,0.01,0.99,0.99,0.0,0.0,75780.98,1776799788000
1776799790.292,290.292,0.01,0.01,0.99,0.99,0.0,0.0,75780.98,1776799788000
1776799790.791,290.791,0.01,0.01,0.99,0.99,0.0,0.0,75780.37,1776799789000
1776799791.203,291.203,0.01,0.01,0.99,0.99,0.0,0.0,75780.37,1776799790000
1776799791.825,291.825,0.01,0.01,0.99,0.99,0.0,0.0,75780.37,1776799790000
1776799793.039,293.039,0.01,0.01,0.99,0.99,0.0,0.0,75783.56,1776799791000
1776799793.401,293.401,0.01,0.01,0.99,0.99,0.0,0.0,75782.69,1776799792000
1776799793.89,293.89,0.01,0.01,0.99,0.99,0.0,0.0,75782.69,1776799792000
1776799795.256,295.256,0.01,0.01,0.99,0.99,0.0,0.0,75782.63,1776799794000
1776799795.821,295.821,0.01,0.01,0.99,0.99,0.0,0.0,75782.63,1776799794000
1776799796.204,296.204,0.01,0.01,0.99,0.99,0.0,0.0,75782.63,1776799794000
1776799797.2,297.2,0.01,0.01,0.99,0.99,0.0,0.0,75785.2,1776799796000
1776799797.627,297.627,0.01,0.01,0.99,0.99,0.0,0.0,75785.2,1776799796000
1776799798.206,298.206,0.01,0.01,0.99,0.99,0.0,0.0,75792.5,1776799797000
1776799798.852,298.852,0.01,0.01,0.99,0.99,0.0,0.0,75792.5,1776799797000
1776799799.242,299.242,0.01,0.01,0.99,0.99,0.0,0.0,75794.72,1776799798000
1776799799.794,299.794,0.01,0.01,0.99,0.99,0.0,0.0,75794.72,1776799798000
1776799800.275,300.275,0.01,0.01,0.99,0.99,0.0,0.0,75795.1,1776799799000
1776799800.828,300.828,0.01,0.01,0.99,0.99,0.0,0.0,75795.1,1776799799000
1776799801.476,301.476,0.01,0.01,0.99,0.99,0.0,0.0,75793.66,1776799800000
1776799802.435,302.435,0.01,0.01,0.99,0.99,0.0,0.0,75797.89,1776799801000

# RESULT,winner=Down,slug=btc-updown-5m-1776799500,ticks=701
