timestamp,elapsed_sec,up_bid,up_ask,down_bid,down_ask,up_spread,down_spread,btc_price,btc_oracle_ts
1776820800.55,0.55,0.52,0.53,0.47,0.48,0.01,0.01,76186.43,1776820799000
1776820800.885,0.885,0.51,0.53,0.47,0.48,0.02,0.01,76186.43,1776820799000
1776820801.287,1.287,0.5,0.51,0.49,0.5,0.01,0.01,76195.43,1776820800000
1776820801.621,1.621,0.43,0.44,0.49,0.54,0.01,0.05,76195.43,1776820800000
1776820802.054,2.054,0.46,0.47,0.53,0.54,0.01,0.01,76195.43,1776820800000
1776820802.442,2.442,0.47,0.49,0.52,0.53,0.02,0.01,76195.43,1776820800000
1776820802.786,2.786,0.48,0.49,0.51,0.52,0.01,0.01,76193.47,1776820801000
1776820803.219,3.219,0.48,0.5,0.51,0.52,0.02,0.01,76191.13,1776820802000
1776820803.588,3.588,0.49,0.5,0.5,0.51,0.01,0.01,76191.13,1776820802000
1776820804.041,4.041,0.49,0.51,0.5,0.51,0.02,0.01,76191.13,1776820802000
1776820804.424,4.424,0.5,0.51,0.49,0.5,0.01,0.01,76191.13,1776820802000
1776820804.804,4.804,0.51,0.52,0.48,0.49,0.01,0.01,76191.13,1776820802000
1776820805.142,5.142,0.51,0.52,0.48,0.49,0.01,0.01,76191.13,1776820802000
1776820805.494,5.494,0.51,0.52,0.48,0.49,0.01,0.01,76192.01,1776820803000
1776820805.859,5.859,0.51,0.52,0.48,0.49,0.01,0.01,76190.49,1776820804000
1776820806.304,6.304,0.51,0.52,0.48,0.49,0.01,0.01,76191.02,1776820805000
1776820806.662,6.662,0.51,0.52,0.48,0.49,0.01,0.01,76191.02,1776820805000
1776820807.0,7.0,0.51,0.52,0.48,0.49,0.01,0.01,76191.02,1776820805000
1776820807.392,7.392,0.51,0.52,0.48,0.49,0.01,0.01,76191.02,1776820805000
1776820807.93,7.93,0.51,0.52,0.48,0.49,0.01,0.01,76192.02,1776820806000
1776820808.432,8.432,0.51,0.52,0.48,0.49,0.01,0.01,76192.02,1776820806000
1776820809.097,9.097,0.51,0.52,0.48,0.49,0.01,0.01,76191.32,1776820808000
1776820809.686,9.686,0.51,0.52,0.48,0.49,0.01,0.01,76191.32,1776820808000
1776820810.035,10.035,0.52,0.53,0.47,0.49,0.01,0.02,76191.32,1776820808000
1776820810.582,10.582,0.52,0.53,0.47,0.48,0.01,0.01,76191.94,1776820809000
1776820811.087,11.087,0.52,0.53,0.47,0.48,0.01,0.01,76194.37,1776820810000
1776820811.426,11.426,0.52,0.53,0.46,0.48,0.01,0.02,76194.37,1776820810000
1776820811.799,11.799,0.52,0.53,0.47,0.48,0.01,0.01,76194.37,1776820810000
1776820812.175,12.175,0.52,0.53,0.47,0.48,0.01,0.01,76194.37,1776820810000
1776820812.569,12.569,0.51,0.52,0.48,0.49,0.01,0.01,76195.68,1776820811000
1776820812.952,12.952,0.5,0.51,0.48,0.5,0.01,0.02,76195.68,1776820811000
1776820813.335,13.335,0.5,0.51,0.49,0.5,0.01,0.01,76195.68,1776820811000
1776820813.706,13.706,0.5,0.51,0.49,0.5,0.01,0.01,76195.75,1776820812000
1776820814.06,14.06,0.5,0.51,0.49,0.5,0.01,0.01,76194.19,1776820813000
1776820814.411,14.411,0.52,0.53,0.47,0.48,0.01,0.01,76194.19,1776820813000
1776820814.93,14.93,0.53,0.54,0.46,0.47,0.01,0.01,76194.19,1776820813000
1776820815.345,15.345,0.54,0.55,0.46,0.47,0.01,0.01,76192.74,1776820814000
1776820815.696,15.696,0.54,0.55,0.45,0.46,0.01,0.01,76192.74,1776820814000
1776820816.033,16.033,0.54,0.55,0.45,0.46,0.01,0.01,76192.74,1776820814000
1776820816.367,16.367,0.54,0.55,0.45,0.46,0.01,0.01,76195.4,1776820815000
1776820816.702,16.702,0.53,0.54,0.46,0.47,0.01,0.01,76195.4,1776820815000
1776820817.083,17.083,0.52,0.53,0.47,0.48,0.01,0.01,76195.4,1776820815000
1776820817.569,17.569,0.51,0.52,0.48,0.49,0.01,0.01,76195.4,1776820815000
1776820817.929,17.929,0.5,0.51,0.48,0.5,0.01,0.02,76195.4,1776820815000
1776820818.275,18.275,0.5,0.51,0.49,0.5,0.01,0.01,76198.49,1776820816000
1776820818.632,18.632,0.49,0.5,0.5,0.51,0.01,0.01,76198.49,1776820816000
1776820818.981,18.981,0.49,0.5,0.5,0.51,0.01,0.01,76198.21,1776820817000
1776820819.317,19.317,0.49,0.5,0.5,0.51,0.01,0.01,76198.21,1776820817000
1776820819.732,19.732,0.49,0.5,0.5,0.51,0.01,0.01,76197.48,1776820818000
1776820820.158,20.158,0.49,0.5,0.5,0.51,0.01,0.01,76197.48,1776820818000
1776820820.495,20.495,0.49,0.5,0.5,0.51,0.01,0.01,76197.23,1776820819000
1776820820.888,20.888,0.49,0.5,0.5,0.51,0.01,0.01,76197.23,1776820819000
1776820821.235,21.235,0.49,0.5,0.5,0.51,0.01,0.01,76197.23,1776820819000
1776820821.612,21.612,0.49,0.5,0.5,0.51,0.01,0.01,76197.23,1776820819000
1776820822.016,22.016,0.49,0.5,0.5,0.51,0.01,0.01,76197.92,1776820820000
1776820822.596,22.596,0.49,0.5,0.5,0.51,0.01,0.01,76197.95,1776820821000
1776820822.935,22.935,0.49,0.5,0.5,0.51,0.01,0.01,76197.95,1776820821000
1776820823.308,23.308,0.49,0.5,0.5,0.51,0.01,0.01,76197.95,1776820821000
1776820823.894,23.894,0.49,0.5,0.5,0.51,0.01,0.01,76197.57,1776820822000
1776820824.296,24.296,0.49,0.5,0.5,0.51,0.01,0.01,76196.22,1776820823000
1776820824.644,24.644,0.49,0.5,0.5,0.51,0.01,0.01,76196.22,1776820823000
1776820825.249,25.249,0.49,0.5,0.5,0.51,0.01,0.01,76196.22,1776820823000
1776820825.707,25.707,0.49,0.5,0.5,0.51,0.01,0.01,76196.38,1776820824000
1776820826.189,26.189,0.49,0.5,0.5,0.51,0.01,0.01,76196.38,1776820824000
1776820826.663,26.663,0.49,0.5,0.5,0.51,0.01,0.01,76197.53,1776820825000
1776820827.069,27.069,0.48,0.5,0.5,0.51,0.02,0.01,76197.53,1776820825000
1776820827.433,27.433,0.48,0.49,0.51,0.52,0.01,0.01,76197.53,1776820825000
1776820828.295,28.295,0.47,0.49,0.51,0.52,0.02,0.01,76197.54,1776820826000
1776820828.629,28.629,0.42,0.43,0.56,0.58,0.01,0.02,76196.42,1776820827000
1776820828.969,28.969,0.42,0.43,0.57,0.58,0.01,0.01,76196.42,1776820827000
1776820829.323,29.323,0.42,0.43,0.57,0.58,0.01,0.01,76196.42,1776820827000
1776820829.675,29.675,0.42,0.43,0.57,0.58,0.01,0.01,76196.42,1776820827000
1776820830.04,30.04,0.42,0.43,0.57,0.58,0.01,0.01,76193.98,1776820828000
1776820830.416,30.416,0.42,0.43,0.57,0.58,0.01,0.01,76193.98,1776820828000
1776820830.793,30.793,0.42,0.43,0.57,0.58,0.01,0.01,76185.76,1776820829000
1776820831.521,31.521,0.42,0.43,0.57,0.58,0.01,0.01,76185.76,1776820829000
1776820831.992,31.992,0.42,0.43,0.57,0.58,0.01,0.01,76183.99,1776820830000
1776820832.454,32.454,0.42,0.43,0.57,0.58,0.01,0.01,76183.99,1776820831000
1776820832.813,32.813,0.4,0.41,0.57,0.6,0.01,0.03,76183.99,1776820831000
1776820833.205,33.205,0.4,0.41,0.59,0.6,0.01,0.01,76183.99,1776820831000
1776820833.752,33.752,0.4,0.41,0.59,0.6,0.01,0.01,76183.14,1776820832000
1776820834.236,34.236,0.4,0.41,0.59,0.6,0.01,0.01,76183.14,1776820832000
1776820834.574,34.574,0.4,0.41,0.59,0.6,0.01,0.01,76183.39,1776820833000
1776820835.065,35.065,0.4,0.41,0.59,0.6,0.01,0.01,76183.39,1776820834000
1776820835.613,35.613,0.4,0.41,0.59,0.6,0.01,0.01,76183.39,1776820834000
1776820835.964,35.964,0.4,0.41,0.59,0.6,0.01,0.01,76183.39,1776820834000
1776820836.494,36.494,0.4,0.41,0.59,0.6,0.01,0.01,76183.39,1776820834000
1776820836.873,36.873,0.4,0.41,0.59,0.6,0.01,0.01,76182.51,1776820835000
1776820837.422,37.422,0.4,0.41,0.59,0.6,0.01,0.01,76182.92,1776820836000
1776820837.845,37.845,0.44,0.45,0.55,0.56,0.01,0.01,76182.92,1776820836000
1776820838.369,38.369,0.45,0.46,0.54,0.55,0.01,0.01,76182.92,1776820836000
1776820838.872,38.872,0.45,0.46,0.54,0.55,0.01,0.01,76183.18,1776820837000
1776820839.216,39.216,0.45,0.46,0.54,0.55,0.01,0.01,76183.18,1776820837000
1776820839.658,39.658,0.46,0.47,0.53,0.55,0.01,0.02,76183.18,1776820837000
1776820839.993,39.993,0.5,0.52,0.49,0.5,0.02,0.01,76185.52,1776820838000
1776820840.348,40.348,0.51,0.52,0.48,0.49,0.01,0.01,76185.52,1776820838000
1776820840.808,40.808,0.51,0.52,0.48,0.49,0.01,0.01,76187.66,1776820839000
1776820841.142,41.142,0.51,0.53,0.47,0.49,0.02,0.02,76187.66,1776820839000
1776820841.477,41.477,0.53,0.54,0.46,0.48,0.01,0.02,76187.66,1776820839000
1776820841.896,41.896,0.53,0.54,0.46,0.47,0.01,0.01,76191.54,1776820840000
1776820842.248,42.248,0.55,0.56,0.44,0.47,0.01,0.03,76200.67,1776820841000
1776820842.581,42.581,0.55,0.56,0.44,0.45,0.01,0.01,76200.67,1776820841000
1776820843.004,43.004,0.55,0.56,0.44,0.45,0.01,0.01,76200.67,1776820841000
1776820843.438,43.438,0.55,0.56,0.44,0.45,0.01,0.01,76205.82,1776820842000
1776820843.904,43.904,0.55,0.56,0.44,0.45,0.01,0.01,76205.82,1776820842000
1776820844.446,44.446,0.55,0.56,0.44,0.45,0.01,0.01,76205.82,1776820842000
1776820844.805,44.805,0.55,0.56,0.44,0.45,0.01,0.01,76205.82,1776820842000
1776820845.171,45.171,0.55,0.56,0.44,0.45,0.01,0.01,76207.8,1776820843000
1776820845.564,45.564,0.55,0.56,0.44,0.45,0.01,0.01,76207.8,1776820843000
1776820845.936,45.936,0.55,0.56,0.44,0.45,0.01,0.01,76209.35,1776820844000
1776820846.301,46.301,0.55,0.56,0.44,0.45,0.01,0.01,76208.96,1776820845000
1776820846.885,46.885,0.55,0.56,0.44,0.45,0.01,0.01,76208.96,1776820845000
1776820847.251,47.251,0.55,0.56,0.44,0.45,0.01,0.01,76208.96,1776820845000
1776820847.959,47.959,0.55,0.56,0.44,0.45,0.01,0.01,76209.15,1776820846000
1776820848.335,48.335,0.55,0.56,0.44,0.45,0.01,0.01,76209.15,1776820846000
1776820848.798,48.798,0.58,0.59,0.41,0.43,0.01,0.02,76208.59,1776820847000
1776820849.152,49.152,0.58,0.59,0.41,0.42,0.01,0.01,76208.59,1776820847000
1776820849.509,49.509,0.58,0.59,0.41,0.42,0.01,0.01,76208.59,1776820847000
1776820849.891,49.891,0.58,0.59,0.41,0.42,0.01,0.01,76208.59,1776820848000
1776820850.451,50.451,0.58,0.59,0.41,0.42,0.01,0.01,76211.84,1776820849000
1776820850.813,50.813,0.58,0.59,0.41,0.42,0.01,0.01,76211.84,1776820849000
1776820851.243,51.243,0.58,0.59,0.41,0.42,0.01,0.01,76211.84,1776820849000
1776820851.673,51.673,0.58,0.59,0.41,0.42,0.01,0.01,76218.46,1776820850000
1776820852.105,52.105,0.58,0.59,0.41,0.42,0.01,0.01,76218.46,1776820850000
1776820852.498,52.498,0.57,0.58,0.41,0.43,0.01,0.02,76218.46,1776820851000
1776820852.88,52.88,0.57,0.58,0.42,0.43,0.01,0.01,76218.46,1776820851000
1776820853.272,53.272,0.55,0.56,0.43,0.45,0.01,0.02,76218.46,1776820851000
1776820853.68,53.68,0.55,0.56,0.44,0.45,0.01,0.01,76216.6,1776820852000
1776820854.032,54.032,0.55,0.56,0.44,0.45,0.01,0.01,76216.6,1776820852000
1776820854.369,54.369,0.55,0.56,0.44,0.45,0.01,0.01,76216.52,1776820853000
1776820854.721,54.721,0.55,0.56,0.44,0.45,0.01,0.01,76216.52,1776820853000
1776820855.101,55.101,0.6,0.61,0.39,0.41,0.01,0.02,76216.52,1776820853000
1776820855.474,55.474,0.6,0.62,0.39,0.4,0.02,0.01,76216.52,1776820853000
1776820855.894,55.894,0.61,0.62,0.38,0.39,0.01,0.01,76215.85,1776820854000
1776820856.343,56.343,0.61,0.62,0.38,0.39,0.01,0.01,76215.92,1776820855000
1776820856.737,56.737,0.61,0.62,0.38,0.39,0.01,0.01,76215.92,1776820855000
1776820857.28,57.28,0.61,0.62,0.38,0.39,0.01,0.01,76215.92,1776820855000
1776820857.863,57.863,0.61,0.62,0.38,0.39,0.01,0.01,76220.88,1776820856000
1776820858.443,58.443,0.61,0.62,0.38,0.39,0.01,0.01,76220.88,1776820856000
1776820858.789,58.789,0.61,0.62,0.38,0.39,0.01,0.01,76221.48,1776820857000
1776820859.173,59.173,0.61,0.62,0.38,0.39,0.01,0.01,76221.62,1776820858000
1776820859.521,59.521,0.61,0.62,0.38,0.39,0.01,0.01,76221.62,1776820858000
1776820859.947,59.947,0.61,0.62,0.38,0.39,0.01,0.01,76221.62,1776820858000
1776820860.309,60.309,0.61,0.62,0.38,0.39,0.01,0.01,76221.46,1776820859000
1776820860.673,60.673,0.61,0.62,0.38,0.4,0.01,0.02,76221.46,1776820859000
1776820861.085,61.085,0.61,0.62,0.38,0.39,0.01,0.01,76221.46,1776820859000
1776820861.435,61.435,0.6,0.61,0.38,0.4,0.01,0.02,76221.46,1776820859000
1776820861.774,61.774,0.6,0.61,0.39,0.4,0.01,0.01,76221.46,1776820859000
1776820862.226,62.226,0.59,0.6,0.4,0.41,0.01,0.01,76222.49,1776820861000
1776820862.578,62.578,0.59,0.6,0.4,0.41,0.01,0.01,76222.49,1776820861000
1776820862.994,62.994,0.59,0.6,0.4,0.41,0.01,0.01,76222.49,1776820861000
1776820863.357,63.357,0.59,0.6,0.4,0.41,0.01,0.01,76222.49,1776820861000
1776820863.793,63.793,0.59,0.6,0.4,0.41,0.01,0.01,76221.97,1776820862000
1776820864.238,64.238,0.59,0.6,0.4,0.41,0.01,0.01,76221.97,1776820862000
1776820864.752,64.752,0.59,0.6,0.4,0.41,0.01,0.01,76221.97,1776820863000
1776820865.158,65.158,0.59,0.6,0.4,0.41,0.01,0.01,76221.97,1776820863000
1776820865.544,65.544,0.59,0.6,0.4,0.41,0.01,0.01,76223.21,1776820864000
1776820866.02,66.02,0.59,0.6,0.4,0.41,0.01,0.01,76223.21,1776820864000
1776820866.425,66.425,0.59,0.6,0.4,0.41,0.01,0.01,76223.21,1776820864000
1776820867.019,67.019,0.61,0.62,0.38,0.39,0.01,0.01,76222.72,1776820865000
1776820867.507,67.507,0.61,0.62,0.38,0.39,0.01,0.01,76222.28,1776820866000
1776820868.067,68.067,0.61,0.65,0.38,0.39,0.04,0.01,76222.28,1776820866000
1776820868.434,68.434,0.64,0.65,0.35,0.36,0.01,0.01,76224.73,1776820867000
1776820868.809,68.809,0.62,0.63,0.36,0.37,0.01,0.01,76224.73,1776820867000
1776820869.198,69.198,0.62,0.63,0.37,0.38,0.01,0.01,76224.73,1776820867000
1776820869.631,69.631,0.62,0.63,0.37,0.38,0.01,0.01,76225.71,1776820868000
1776820869.964,69.964,0.62,0.63,0.37,0.38,0.01,0.01,76225.71,1776820868000
1776820870.31,70.31,0.63,0.64,0.36,0.37,0.01,0.01,76225.71,1776820868000
1776820870.676,70.676,0.63,0.64,0.36,0.37,0.01,0.01,76229.64,1776820869000
1776820871.012,71.012,0.63,0.64,0.36,0.37,0.01,0.01,76229.64,1776820869000
1776820871.501,71.501,0.63,0.64,0.35,0.37,0.01,0.02,76229.28,1776820870000
1776820871.844,71.844,0.6,0.62,0.38,0.4,0.02,0.02,76229.28,1776820870000
1776820872.496,72.496,0.59,0.6,0.4,0.41,0.01,0.01,76229.28,1776820870000
1776820872.85,72.85,0.6,0.61,0.39,0.4,0.01,0.01,76229.28,1776820870000
1776820873.187,73.187,0.6,0.61,0.39,0.4,0.01,0.01,76227.8,1776820871000
1776820873.608,73.608,0.6,0.61,0.39,0.4,0.01,0.01,76227.8,1776820871000
1776820873.961,73.961,0.6,0.61,0.39,0.4,0.01,0.01,76224.94,1776820872000
1776820874.376,74.376,0.61,0.62,0.38,0.39,0.01,0.01,76224.43,1776820873000
1776820874.806,74.806,0.62,0.63,0.38,0.39,0.01,0.01,76224.43,1776820873000
1776820875.167,75.167,0.62,0.63,0.37,0.38,0.01,0.01,76224.0,1776820874000
1776820875.658,75.658,0.62,0.63,0.37,0.38,0.01,0.01,76224.0,1776820874000
1776820876.015,76.015,0.54,0.55,0.45,0.46,0.01,0.01,76224.0,1776820874000
1776820876.397,76.397,0.53,0.54,0.46,0.47,0.01,0.01,76223.07,1776820875000
1776820877.51,77.51,0.53,0.54,0.46,0.47,0.01,0.01,76223.07,1776820875000
1776820877.966,77.966,0.53,0.54,0.46,0.47,0.01,0.01,76210.36,1776820877000
1776820878.346,78.346,0.51,0.52,0.47,0.49,0.01,0.02,76210.36,1776820877000
1776820878.709,78.709,0.51,0.52,0.48,0.49,0.01,0.01,76210.36,1776820877000
1776820879.048,79.048,0.51,0.52,0.48,0.49,0.01,0.01,76209.52,1776820878000
1776820879.382,79.382,0.51,0.52,0.48,0.49,0.01,0.01,76209.52,1776820878000
1776820879.892,79.892,0.51,0.52,0.48,0.49,0.01,0.01,76209.52,1776820878000
1776820880.245,80.245,0.51,0.52,0.48,0.49,0.01,0.01,76208.68,1776820879000
1776820880.902,80.902,0.51,0.52,0.48,0.49,0.01,0.01,76208.68,1776820879000
1776820881.465,81.465,0.51,0.52,0.48,0.49,0.01,0.01,76204.81,1776820880000
1776820881.995,81.995,0.5,0.51,0.48,0.49,0.01,0.01,76204.81,1776820880000
1776820882.345,82.345,0.48,0.49,0.49,0.52,0.01,0.03,76202.08,1776820881000
1776820882.727,82.727,0.47,0.48,0.52,0.53,0.01,0.01,76202.08,1776820881000
1776820883.137,83.137,0.46,0.48,0.52,0.53,0.02,0.01,76202.08,1776820881000
1776820883.488,83.488,0.44,0.45,0.55,0.56,0.01,0.01,76202.55,1776820882000
1776820883.828,83.828,0.43,0.44,0.56,0.57,0.01,0.01,76202.55,1776820882000
1776820884.26,84.26,0.43,0.44,0.56,0.57,0.01,0.01,76202.55,1776820882000
1776820884.67,84.67,0.41,0.44,0.56,0.57,0.03,0.01,76196.78,1776820883000
1776820885.038,85.038,0.41,0.42,0.58,0.59,0.01,0.01,76195.94,1776820884000
1776820885.451,85.451,0.42,0.43,0.56,0.59,0.01,0.03,76195.94,1776820884000
1776820885.785,85.785,0.43,0.44,0.56,0.58,0.01,0.02,76195.94,1776820884000
1776820886.124,86.124,0.43,0.44,0.56,0.57,0.01,0.01,76195.94,1776820884000
1776820886.671,86.671,0.43,0.44,0.56,0.57,0.01,0.01,76191.29,1776820885000
1776820887.038,87.038,0.43,0.44,0.56,0.57,0.01,0.01,76191.29,1776820886000
1776820887.389,87.389,0.43,0.44,0.56,0.57,0.01,0.01,76191.29,1776820886000
1776820887.756,87.756,0.43,0.44,0.56,0.57,0.01,0.01,76191.29,1776820886000
1776820888.117,88.117,0.43,0.44,0.56,0.57,0.01,0.01,76189.65,1776820887000
1776820888.539,88.539,0.43,0.44,0.56,0.57,0.01,0.01,76189.65,1776820887000
1776820888.874,88.874,0.43,0.44,0.56,0.57,0.01,0.01,76189.65,1776820887000
1776820889.314,89.314,0.42,0.43,0.56,0.58,0.01,0.02,76191.8,1776820888000
1776820889.812,89.812,0.42,0.43,0.57,0.58,0.01,0.01,76191.8,1776820888000
1776820890.302,90.302,0.42,0.43,0.57,0.58,0.01,0.01,76190.04,1776820889000
1776820890.737,90.737,0.41,0.42,0.57,0.59,0.01,0.02,76190.04,1776820889000
1776820891.071,91.071,0.41,0.42,0.58,0.59,0.01,0.01,76190.04,1776820889000
1776820891.44,91.44,0.47,0.48,0.52,0.56,0.01,0.04,76189.58,1776820890000
1776820891.815,91.815,0.48,0.49,0.51,0.52,0.01,0.01,76189.58,1776820890000
1776820892.334,92.334,0.48,0.49,0.51,0.52,0.01,0.01,76189.35,1776820891000
1776820892.715,92.715,0.47,0.48,0.52,0.53,0.01,0.01,76189.35,1776820891000
1776820893.063,93.063,0.44,0.48,0.52,0.55,0.04,0.03,76189.35,1776820891000
1776820893.446,93.446,0.43,0.45,0.55,0.57,0.02,0.02,76193.02,1776820892000
1776820893.864,93.864,0.43,0.44,0.56,0.57,0.01,0.01,76193.02,1776820892000
1776820894.289,94.289,0.42,0.43,0.57,0.58,0.01,0.01,76193.29,1776820893000
1776820894.877,94.877,0.41,0.42,0.57,0.59,0.01,0.02,76193.29,1776820893000
1776820895.212,95.212,0.41,0.42,0.58,0.59,0.01,0.01,76193.29,1776820893000
1776820895.607,95.607,0.42,0.44,0.57,0.59,0.02,0.02,76193.49,1776820894000
1776820896.0,96.0,0.44,0.45,0.55,0.56,0.01,0.01,76193.49,1776820894000
1776820896.34,96.34,0.44,0.45,0.55,0.56,0.01,0.01,76194.21,1776820895000
1776820896.834,96.834,0.42,0.43,0.55,0.56,0.01,0.01,76194.21,1776820895000
1776820897.192,97.192,0.41,0.42,0.58,0.59,0.01,0.01,76194.21,1776820895000
1776820897.678,97.678,0.39,0.42,0.58,0.59,0.03,0.01,76194.98,1776820896000
1776820898.057,98.057,0.36,0.37,0.62,0.64,0.01,0.02,76194.98,1776820896000
1776820898.446,98.446,0.36,0.37,0.63,0.64,0.01,0.01,76193.54,1776820897000
1776820898.829,98.829,0.36,0.37,0.63,0.64,0.01,0.01,76193.54,1776820897000
1776820899.165,99.165,0.36,0.37,0.63,0.64,0.01,0.01,76192.56,1776820898000
1776820899.51,99.51,0.36,0.37,0.63,0.64,0.01,0.01,76192.56,1776820898000
1776820899.851,99.851,0.35,0.37,0.63,0.64,0.02,0.01,76192.56,1776820898000
1776820900.248,100.248,0.34,0.35,0.64,0.66,0.01,0.02,76192.56,1776820898000
1776820900.588,100.588,0.32,0.35,0.65,0.66,0.03,0.01,76186.27,1776820899000
1776820900.963,100.963,0.32,0.33,0.67,0.68,0.01,0.01,76186.27,1776820899000
1776820901.32,101.32,0.32,0.33,0.67,0.68,0.01,0.01,76183.72,1776820900000
1776820901.657,101.657,0.32,0.33,0.67,0.68,0.01,0.01,76183.72,1776820900000
1776820902.039,102.039,0.33,0.34,0.66,0.67,0.01,0.01,76183.72,1776820900000
1776820902.381,102.381,0.33,0.34,0.66,0.67,0.01,0.01,76178.44,1776820901000
1776820902.816,102.816,0.36,0.37,0.63,0.64,0.01,0.01,76178.44,1776820901000
1776820903.165,103.165,0.37,0.38,0.62,0.63,0.01,0.01,76178.44,1776820901000
1776820903.552,103.552,0.37,0.38,0.62,0.63,0.01,0.01,76175.35,1776820902000
1776820903.896,103.896,0.37,0.38,0.62,0.63,0.01,0.01,76175.35,1776820902000
1776820904.337,104.337,0.37,0.38,0.62,0.63,0.01,0.01,76178.11,1776820903000
1776820904.674,104.674,0.37,0.38,0.62,0.63,0.01,0.01,76178.11,1776820903000
1776820905.026,105.026,0.44,0.45,0.56,0.62,0.01,0.06,76178.11,1776820903000
1776820905.398,105.398,0.45,0.47,0.53,0.55,0.02,0.02,76178.07,1776820904000
1776820905.733,105.733,0.45,0.46,0.54,0.55,0.01,0.01,76178.07,1776820904000
1776820906.076,106.076,0.44,0.46,0.54,0.55,0.02,0.01,76178.07,1776820904000
1776820906.456,106.456,0.44,0.45,0.55,0.56,0.01,0.01,76179.99,1776820905000
1776820906.838,106.838,0.44,0.45,0.55,0.56,0.01,0.01,76179.99,1776820905000
1776820907.195,107.195,0.43,0.44,0.56,0.57,0.01,0.01,76179.99,1776820905000
1776820907.565,107.565,0.43,0.44,0.56,0.57,0.01,0.01,76193.69,1776820906000
1776820908.026,108.026,0.43,0.46,0.56,0.57,0.03,0.01,76193.69,1776820906000
1776820908.369,108.369,0.45,0.46,0.54,0.55,0.01,0.01,76193.69,1776820906000
1776820908.717,108.717,0.47,0.48,0.52,0.53,0.01,0.01,76193.69,1776820907000
1776820909.175,109.175,0.47,0.48,0.52,0.53,0.01,0.01,76193.69,1776820907000
1776820909.514,109.514,0.47,0.48,0.52,0.53,0.01,0.01,76194.0,1776820908000
1776820909.973,109.973,0.47,0.48,0.52,0.53,0.01,0.01,76194.0,1776820908000
1776820910.516,110.516,0.47,0.48,0.52,0.53,0.01,0.01,76194.44,1776820909000
1776820911.152,111.152,0.46,0.47,0.52,0.53,0.01,0.01,76194.44,1776820909000
1776820911.506,111.506,0.3,0.31,0.69,0.7,0.01,0.01,76194.39,1776820910000
1776820911.848,111.848,0.28,0.32,0.68,0.71,0.04,0.03,76194.39,1776820910000
1776820912.185,112.185,0.3,0.31,0.69,0.7,0.01,0.01,76195.31,1776820911000
1776820912.54,112.54,0.3,0.31,0.69,0.72,0.01,0.03,76195.31,1776820911000
1776820912.918,112.918,0.3,0.31,0.69,0.7,0.01,0.01,76177.51,1776820912000
1776820913.328,113.328,0.27,0.29,0.71,0.72,0.02,0.01,76177.51,1776820912000
1776820913.7,113.7,0.28,0.29,0.71,0.72,0.01,0.01,76177.51,1776820912000
1776820914.132,114.132,0.27,0.28,0.72,0.73,0.01,0.01,76165.97,1776820913000
1776820914.495,114.495,0.25,0.26,0.74,0.75,0.01,0.01,76165.97,1776820913000
1776820914.927,114.927,0.25,0.26,0.74,0.75,0.01,0.01,76165.97,1776820913000
1776820915.351,115.351,0.25,0.26,0.74,0.75,0.01,0.01,76165.97,1776820913000
1776820915.798,115.798,0.25,0.26,0.74,0.75,0.01,0.01,76159.85,1776820914000
1776820916.148,116.148,0.25,0.26,0.74,0.75,0.01,0.01,76159.86,1776820915000
1776820916.504,116.504,0.26,0.27,0.73,0.74,0.01,0.01,76159.86,1776820915000
1776820916.847,116.847,0.26,0.27,0.73,0.74,0.01,0.01,76159.86,1776820915000
1776820917.192,117.192,0.26,0.27,0.73,0.74,0.01,0.01,76159.86,1776820916000
1776820917.55,117.55,0.26,0.27,0.73,0.74,0.01,0.01,76159.86,1776820916000
1776820917.913,117.913,0.26,0.27,0.73,0.74,0.01,0.01,76159.86,1776820916000
1776820918.25,118.25,0.26,0.27,0.73,0.74,0.01,0.01,76159.86,1776820916000
1776820918.921,118.921,0.25,0.26,0.73,0.75,0.01,0.02,76159.86,1776820917000
1776820919.262,119.262,0.25,0.26,0.74,0.75,0.01,0.01,76159.86,1776820917000
1776820919.612,119.612,0.25,0.26,0.74,0.75,0.01,0.01,76160.34,1776820918000
1776820919.985,119.985,0.25,0.26,0.74,0.75,0.01,0.01,76160.34,1776820918000
1776820920.334,120.334,0.25,0.26,0.74,0.75,0.01,0.01,76159.67,1776820919000
1776820920.69,120.69,0.25,0.26,0.74,0.75,0.01,0.01,76159.67,1776820919000
1776820921.098,121.098,0.25,0.26,0.74,0.75,0.01,0.01,76159.67,1776820919000
1776820921.5,121.5,0.25,0.26,0.74,0.75,0.01,0.01,76158,1776820920000
1776820921.887,121.887,0.25,0.26,0.74,0.75,0.01,0.01,76158,1776820920000
1776820922.391,122.391,0.25,0.26,0.74,0.75,0.01,0.01,76158,1776820920000
1776820922.796,122.796,0.31,0.32,0.68,0.69,0.01,0.01,76158.48,1776820921000
1776820923.151,123.151,0.31,0.32,0.68,0.69,0.01,0.01,76157.68,1776820922000
1776820923.505,123.505,0.31,0.32,0.68,0.69,0.01,0.01,76157.68,1776820922000
1776820923.838,123.838,0.31,0.32,0.68,0.69,0.01,0.01,76157.68,1776820922000
1776820924.216,124.216,0.31,0.32,0.68,0.69,0.01,0.01,76157.68,1776820922000
1776820924.669,124.669,0.31,0.32,0.68,0.69,0.01,0.01,76165.62,1776820923000
1776820925.907,125.907,0.31,0.32,0.68,0.69,0.01,0.01,76166.1,1776820924000
1776820926.343,126.343,0.31,0.32,0.68,0.69,0.01,0.01,76172.37,1776820925000
1776820926.711,126.711,0.31,0.32,0.68,0.69,0.01,0.01,76172.37,1776820925000
1776820927.051,127.051,0.31,0.32,0.68,0.69,0.01,0.01,76172.37,1776820925000
1776820927.41,127.41,0.31,0.32,0.68,0.69,0.01,0.01,76173.15,1776820926000
1776820927.762,127.762,0.31,0.32,0.68,0.69,0.01,0.01,76173.15,1776820926000
1776820928.095,128.095,0.32,0.33,0.67,0.69,0.01,0.02,76173.15,1776820926000
1776820928.451,128.451,0.32,0.33,0.67,0.68,0.01,0.01,76173.38,1776820927000
1776820928.812,128.812,0.32,0.33,0.67,0.68,0.01,0.01,76173.38,1776820927000
1776820929.241,129.241,0.32,0.33,0.67,0.68,0.01,0.01,76173.24,1776820928000
1776820929.668,129.668,0.32,0.33,0.67,0.68,0.01,0.01,76173.24,1776820928000
1776820930.049,130.049,0.35,0.36,0.64,0.65,0.01,0.01,76173.24,1776820928000
1776820930.407,130.407,0.35,0.36,0.64,0.65,0.01,0.01,76174.28,1776820929000
1776820930.799,130.799,0.39,0.4,0.59,0.61,0.01,0.02,76174.28,1776820929000
1776820931.14,131.14,0.4,0.41,0.59,0.6,0.01,0.01,76177.34,1776820930000
1776820931.522,131.522,0.4,0.41,0.59,0.6,0.01,0.01,76177.34,1776820930000
1776820931.902,131.902,0.4,0.41,0.59,0.6,0.01,0.01,76177.34,1776820930000
1776820932.393,132.393,0.4,0.41,0.59,0.6,0.01,0.01,76184.32,1776820931000
1776820933.123,133.123,0.4,0.41,0.59,0.6,0.01,0.01,76186.01,1776820932000
1776820933.471,133.471,0.4,0.41,0.59,0.6,0.01,0.01,76186.01,1776820932000
1776820933.901,133.901,0.4,0.41,0.59,0.6,0.01,0.01,76186.01,1776820932000
1776820934.248,134.248,0.4,0.41,0.59,0.6,0.01,0.01,76186.0,1776820933000
1776820934.755,134.755,0.4,0.41,0.59,0.6,0.01,0.01,76186.0,1776820933000
1776820935.158,135.158,0.4,0.41,0.59,0.6,0.01,0.01,76186.0,1776820933000
1776820935.513,135.513,0.4,0.41,0.59,0.6,0.01,0.01,76187.04,1776820934000
1776820935.86,135.86,0.4,0.41,0.59,0.6,0.01,0.01,76187.04,1776820934000
1776820936.328,136.328,0.39,0.4,0.59,0.6,0.01,0.01,76187.04,1776820934000
1776820936.807,136.807,0.39,0.4,0.6,0.61,0.01,0.01,76188.55,1776820935000
1776820937.156,137.156,0.39,0.4,0.6,0.61,0.01,0.01,76188.55,1776820936000
1776820937.574,137.574,0.39,0.4,0.6,0.61,0.01,0.01,76188.55,1776820936000
1776820938.017,138.017,0.43,0.45,0.55,0.57,0.02,0.02,76188.86,1776820937000
1776820938.408,138.408,0.43,0.44,0.55,0.57,0.01,0.02,76188.86,1776820937000
1776820938.744,138.744,0.42,0.43,0.57,0.58,0.01,0.01,76188.86,1776820937000
1776820939.091,139.091,0.42,0.43,0.57,0.58,0.01,0.01,76188.86,1776820938000
1776820939.565,139.565,0.41,0.43,0.57,0.58,0.02,0.01,76188.86,1776820938000
1776820939.952,139.952,0.41,0.42,0.58,0.59,0.01,0.01,76188.86,1776820938000
1776820940.505,140.505,0.41,0.43,0.58,0.59,0.02,0.01,76191.88,1776820939000
1776820941.159,141.159,0.42,0.44,0.56,0.58,0.02,0.02,76192.77,1776820940000
1776820941.719,141.719,0.43,0.45,0.56,0.58,0.02,0.02,76192.77,1776820940000
1776820942.125,142.125,0.45,0.46,0.54,0.55,0.01,0.01,76192.77,1776820940000
1776820942.514,142.514,0.46,0.47,0.54,0.55,0.01,0.01,76192.88,1776820941000
1776820942.873,142.873,0.46,0.47,0.53,0.54,0.01,0.01,76192.88,1776820941000
1776820943.323,143.323,0.46,0.47,0.53,0.54,0.01,0.01,76192.88,1776820941000
1776820943.795,143.795,0.46,0.47,0.53,0.54,0.01,0.01,76192.88,1776820941000
1776820944.239,144.239,0.46,0.47,0.53,0.54,0.01,0.01,76194.93,1776820942000
1776820944.736,144.736,0.46,0.47,0.53,0.54,0.01,0.01,76195.11,1776820943000
1776820945.259,145.259,0.46,0.47,0.53,0.54,0.01,0.01,76195.2,1776820944000
1776820945.592,145.592,0.47,0.48,0.52,0.53,0.01,0.01,76195.2,1776820944000
1776820945.935,145.935,0.47,0.48,0.52,0.53,0.01,0.01,76195.2,1776820944000
1776820946.429,146.429,0.47,0.48,0.52,0.53,0.01,0.01,76195.39,1776820945000
1776820946.769,146.769,0.47,0.48,0.52,0.53,0.01,0.01,76195.39,1776820945000
1776820947.112,147.112,0.47,0.48,0.52,0.53,0.01,0.01,76195.39,1776820945000
1776820947.484,147.484,0.47,0.48,0.52,0.53,0.01,0.01,76199.97,1776820946000
1776820947.92,147.92,0.47,0.48,0.52,0.53,0.01,0.01,76199.97,1776820946000
1776820948.301,148.301,0.47,0.48,0.52,0.53,0.01,0.01,76201.89,1776820947000
1776820948.639,148.639,0.47,0.48,0.52,0.53,0.01,0.01,76201.89,1776820947000
1776820949.028,149.028,0.47,0.48,0.52,0.53,0.01,0.01,76201.89,1776820947000
1776820949.368,149.368,0.47,0.48,0.52,0.53,0.01,0.01,76201.39,1776820948000
1776820949.937,149.937,0.47,0.48,0.52,0.53,0.01,0.01,76201.39,1776820948000
1776820950.369,150.369,0.46,0.47,0.53,0.54,0.01,0.01,76201.17,1776820949000
1776820950.854,150.854,0.46,0.47,0.53,0.54,0.01,0.01,76201.17,1776820949000
1776820951.279,151.279,0.46,0.47,0.53,0.54,0.01,0.01,76201.89,1776820950000
1776820951.633,151.633,0.46,0.47,0.53,0.54,0.01,0.01,76201.89,1776820950000
1776820951.993,151.993,0.46,0.47,0.53,0.54,0.01,0.01,76201.89,1776820950000
1776820952.343,152.343,0.46,0.47,0.53,0.54,0.01,0.01,76201.71,1776820951000
1776820952.742,152.742,0.45,0.46,0.53,0.55,0.01,0.02,76201.71,1776820951000
1776820953.163,153.163,0.44,0.45,0.55,0.56,0.01,0.01,76200.92,1776820952000
1776820953.659,153.659,0.43,0.45,0.55,0.56,0.02,0.01,76200.92,1776820952000
1776820953.996,153.996,0.35,0.39,0.58,0.6,0.04,0.02,76200.92,1776820952000
1776820954.385,154.385,0.37,0.38,0.62,0.63,0.01,0.01,76200.92,1776820952000
1776820954.721,154.721,0.37,0.38,0.62,0.63,0.01,0.01,76200.24,1776820953000
1776820955.064,155.064,0.37,0.4,0.61,0.63,0.03,0.02,76200.24,1776820953000
1776820955.419,155.419,0.38,0.41,0.6,0.63,0.03,0.03,76200.24,1776820954000
1776820955.791,155.791,0.4,0.41,0.59,0.6,0.01,0.01,76200.24,1776820954000
1776820956.186,156.186,0.4,0.41,0.59,0.6,0.01,0.01,76195.3,1776820955000
1776820956.529,156.529,0.37,0.4,0.6,0.63,0.03,0.03,76195.3,1776820955000
1776820956.968,156.968,0.36,0.37,0.62,0.63,0.01,0.01,76195.3,1776820955000
1776820957.32,157.32,0.36,0.37,0.63,0.64,0.01,0.01,76195.3,1776820956000
1776820958.258,158.258,0.36,0.37,0.63,0.64,0.01,0.01,76192.7,1776820957000
1776820958.603,158.603,0.36,0.41,0.63,0.64,0.05,0.01,76192.7,1776820957000
1776820959.114,159.114,0.45,0.47,0.53,0.61,0.02,0.08,76192.7,1776820957000
1776820959.462,159.462,0.45,0.5,0.5,0.55,0.05,0.05,76198.27,1776820958000
1776820959.84,159.84,0.48,0.5,0.5,0.52,0.02,0.02,76198.27,1776820958000
1776820960.18,160.18,0.49,0.5,0.5,0.51,0.01,0.01,76198.27,1776820958000
1776820960.535,160.535,0.49,0.5,0.5,0.51,0.01,0.01,76209.33,1776820959000
1776820960.868,160.868,0.49,0.5,0.5,0.51,0.01,0.01,76209.33,1776820959000
1776820961.211,161.211,0.49,0.5,0.5,0.51,0.01,0.01,76215.37,1776820960000
1776820961.624,161.624,0.49,0.5,0.5,0.51,0.01,0.01,76215.37,1776820960000
1776820961.966,161.966,0.49,0.5,0.5,0.51,0.01,0.01,76215.37,1776820960000
1776820962.324,162.324,0.49,0.5,0.5,0.51,0.01,0.01,76215.37,1776820960000
1776820962.689,162.689,0.43,0.46,0.54,0.57,0.03,0.03,76213.55,1776820961000
1776820963.088,163.088,0.43,0.45,0.56,0.57,0.02,0.01,76213.55,1776820961000
1776820963.437,163.437,0.45,0.47,0.5,0.55,0.02,0.05,76213.16,1776820962000
1776820963.802,163.802,0.48,0.49,0.51,0.52,0.01,0.01,76213.16,1776820962000
1776820964.176,164.176,0.49,0.5,0.5,0.51,0.01,0.01,76213.16,1776820962000
1776820964.545,164.545,0.49,0.5,0.5,0.51,0.01,0.01,76213.16,1776820962000
1776820964.946,164.946,0.49,0.5,0.5,0.51,0.01,0.01,76208.08,1776820963000
1776820965.337,165.337,0.49,0.52,0.48,0.51,0.03,0.03,76207.09,1776820964000
1776820965.68,165.68,0.55,0.56,0.44,0.45,0.01,0.01,76207.09,1776820964000
1776820966.032,166.032,0.56,0.57,0.43,0.44,0.01,0.01,76207.09,1776820964000
1776820966.423,166.423,0.57,0.58,0.42,0.44,0.01,0.02,76207.09,1776820964000
1776820966.816,166.816,0.58,0.59,0.41,0.42,0.01,0.01,76209.1,1776820965000
1776820967.196,167.196,0.59,0.6,0.4,0.41,0.01,0.01,76209.1,1776820965000
1776820967.656,167.656,0.59,0.6,0.4,0.41,0.01,0.01,76214.04,1776820966000
1776820968.056,168.056,0.59,0.6,0.4,0.41,0.01,0.01,76216.22,1776820967000
1776820968.432,168.432,0.59,0.6,0.4,0.41,0.01,0.01,76216.22,1776820967000
1776820968.878,168.878,0.59,0.6,0.4,0.41,0.01,0.01,76216.22,1776820967000
1776820969.255,169.255,0.59,0.6,0.4,0.41,0.01,0.01,76218.03,1776820968000
1776820969.696,169.696,0.59,0.6,0.4,0.41,0.01,0.01,76218.03,1776820968000
1776820970.198,170.198,0.59,0.6,0.4,0.41,0.01,0.01,76218.13,1776820969000
1776820970.76,170.76,0.59,0.6,0.4,0.41,0.01,0.01,76218.13,1776820969000
1776820971.128,171.128,0.59,0.6,0.4,0.41,0.01,0.01,76218.33,1776820970000
1776820971.483,171.483,0.59,0.6,0.4,0.41,0.01,0.01,76218.33,1776820970000
1776820972.107,172.107,0.59,0.6,0.4,0.41,0.01,0.01,76218.19,1776820971000
1776820972.455,172.455,0.59,0.6,0.4,0.41,0.01,0.01,76218.19,1776820971000
1776820972.849,172.849,0.59,0.6,0.4,0.41,0.01,0.01,76218.19,1776820971000
1776820973.243,173.243,0.59,0.6,0.4,0.41,0.01,0.01,76218.67,1776820972000
1776820973.754,173.754,0.59,0.6,0.4,0.41,0.01,0.01,76218.67,1776820972000
1776820974.104,174.104,0.59,0.6,0.4,0.41,0.01,0.01,76218.67,1776820973000
1776820975.065,175.065,0.59,0.6,0.4,0.41,0.01,0.01,76218.67,1776820973000
1776820975.695,175.695,0.59,0.6,0.4,0.41,0.01,0.01,76218.59,1776820974000
1776820976.029,176.029,0.59,0.6,0.4,0.41,0.01,0.01,76219.25,1776820975000
1776820976.41,176.41,0.59,0.6,0.4,0.41,0.01,0.01,76219.25,1776820975000
1776820976.828,176.828,0.59,0.6,0.4,0.41,0.01,0.01,76219.25,1776820975000
1776820977.165,177.165,0.59,0.61,0.4,0.41,0.02,0.01,76220.05,1776820976000
1776820977.623,177.623,0.6,0.61,0.39,0.41,0.01,0.02,76220.05,1776820976000
1776820978.125,178.125,0.6,0.61,0.39,0.4,0.01,0.01,76219.98,1776820977000
1776820978.524,178.524,0.61,0.62,0.38,0.39,0.01,0.01,76219.98,1776820977000
1776820978.925,178.925,0.63,0.64,0.36,0.37,0.01,0.01,76219.76,1776820978000
1776820979.357,179.357,0.64,0.65,0.36,0.37,0.01,0.01,76219.76,1776820978000
1776820979.804,179.804,0.64,0.65,0.35,0.36,0.01,0.01,76219.76,1776820978000
1776820980.198,180.198,0.64,0.65,0.35,0.36,0.01,0.01,76219.76,1776820978000
1776820980.55,180.55,0.64,0.65,0.35,0.36,0.01,0.01,76222.38,1776820979000
1776820980.893,180.893,0.64,0.65,0.35,0.36,0.01,0.01,76222.38,1776820979000
1776820981.245,181.245,0.64,0.65,0.35,0.36,0.01,0.01,76223.2,1776820980000
1776820981.586,181.586,0.65,0.66,0.34,0.36,0.01,0.02,76223.2,1776820980000
1776820982.355,182.355,0.65,0.67,0.33,0.35,0.02,0.02,76222.88,1776820981000
1776820982.811,182.811,0.67,0.68,0.33,0.35,0.01,0.02,76222.88,1776820981000
1776820983.348,183.348,0.67,0.68,0.32,0.33,0.01,0.01,76222.88,1776820981000
1776820983.706,183.706,0.67,0.68,0.32,0.33,0.01,0.01,76222.88,1776820981000
1776820984.246,184.246,0.67,0.68,0.32,0.33,0.01,0.01,76227.39,1776820982000
1776820984.59,184.59,0.8,0.81,0.19,0.2,0.01,0.01,76243.98,1776820983000
1776820985.096,185.096,0.76,0.82,0.18,0.26,0.06,0.08,76243.98,1776820983000
1776820985.451,185.451,0.79,0.8,0.2,0.21,0.01,0.01,76243.98,1776820983000
1776820985.812,185.812,0.79,0.81,0.19,0.22,0.02,0.03,76255.64,1776820984000
1776820986.157,186.157,0.81,0.82,0.18,0.19,0.01,0.01,76257.72,1776820985000
1776820986.529,186.529,0.81,0.82,0.18,0.19,0.01,0.01,76257.72,1776820985000
1776820986.941,186.941,0.81,0.82,0.18,0.19,0.01,0.01,76257.72,1776820985000
1776820987.286,187.286,0.81,0.82,0.18,0.19,0.01,0.01,76258.24,1776820986000
1776820987.623,187.623,0.81,0.82,0.18,0.19,0.01,0.01,76258.24,1776820986000
1776820987.977,187.977,0.83,0.85,0.17,0.19,0.02,0.02,76258.24,1776820986000
1776820988.313,188.313,0.84,0.85,0.15,0.16,0.01,0.01,76260.56,1776820987000
1776820988.782,188.782,0.84,0.85,0.13,0.16,0.01,0.03,76260.56,1776820987000
1776820989.249,189.249,0.84,0.85,0.15,0.19,0.01,0.04,76260.56,1776820987000
1776820989.667,189.667,0.81,0.82,0.18,0.19,0.01,0.01,76262.5,1776820988000
1776820990.363,190.363,0.81,0.82,0.18,0.19,0.01,0.01,76262.5,1776820988000
1776820990.755,190.755,0.81,0.82,0.18,0.19,0.01,0.01,76262.5,1776820988000
1776820991.217,191.217,0.8,0.81,0.19,0.2,0.01,0.01,76262.5,1776820989000
1776820991.656,191.656,0.8,0.81,0.19,0.2,0.01,0.01,76258.41,1776820990000
1776820992.093,192.093,0.8,0.81,0.19,0.2,0.01,0.01,76258.41,1776820990000
1776820992.588,192.588,0.8,0.81,0.19,0.2,0.01,0.01,76258.16,1776820991000
1776820992.924,192.924,0.8,0.81,0.19,0.2,0.01,0.01,76258.16,1776820991000
1776820993.318,193.318,0.8,0.81,0.19,0.2,0.01,0.01,76255.8,1776820992000
1776820993.713,193.713,0.8,0.81,0.19,0.2,0.01,0.01,76255.8,1776820992000
1776820994.083,194.083,0.79,0.8,0.2,0.21,0.01,0.01,76255.8,1776820992000
1776820994.431,194.431,0.8,0.81,0.19,0.2,0.01,0.01,76257.1,1776820993000
1776820994.819,194.819,0.79,0.8,0.2,0.21,0.01,0.01,76257.1,1776820993000
1776820995.254,195.254,0.79,0.8,0.2,0.21,0.01,0.01,76257.1,1776820993000
1776820995.719,195.719,0.79,0.8,0.2,0.21,0.01,0.01,76256.92,1776820994000
1776820996.108,196.108,0.79,0.81,0.2,0.21,0.02,0.01,76256.92,1776820994000
1776820996.535,196.535,0.8,0.81,0.19,0.21,0.01,0.02,76256.85,1776820995000
1776820997.025,197.025,0.8,0.81,0.19,0.2,0.01,0.01,76256.85,1776820995000
1776820997.452,197.452,0.8,0.81,0.19,0.2,0.01,0.01,76256.33,1776820996000
1776820997.842,197.842,0.8,0.81,0.19,0.2,0.01,0.01,76256.33,1776820996000
1776820998.241,198.241,0.76,0.81,0.19,0.2,0.05,0.01,76256.33,1776820996000
1776820998.592,198.592,0.76,0.77,0.23,0.24,0.01,0.01,76256.01,1776820997000
1776820999.117,199.117,0.76,0.77,0.23,0.24,0.01,0.01,76256.4,1776820998000
1776820999.619,199.619,0.76,0.77,0.23,0.24,0.01,0.01,76256.4,1776820998000
1776820999.981,199.981,0.73,0.74,0.26,0.28,0.01,0.02,76256.4,1776820998000
1776821000.33,200.33,0.72,0.73,0.27,0.28,0.01,0.01,76256.47,1776820999000
1776821000.708,200.708,0.74,0.75,0.27,0.28,0.01,0.01,76256.47,1776820999000
1776821001.099,201.099,0.74,0.75,0.25,0.26,0.01,0.01,76256.47,1776820999000
1776821001.483,201.483,0.77,0.8,0.22,0.23,0.03,0.01,76256.47,1776820999000
1776821001.836,201.836,0.79,0.8,0.2,0.22,0.01,0.02,76252.71,1776821000000
1776821002.366,202.366,0.81,0.82,0.18,0.19,0.01,0.01,76249.78,1776821001000
1776821002.816,202.816,0.82,0.83,0.17,0.19,0.01,0.02,76249.78,1776821001000
1776821003.419,203.419,0.82,0.83,0.17,0.18,0.01,0.01,76254.17,1776821002000
1776821003.927,203.927,0.82,0.83,0.17,0.18,0.01,0.01,76254.17,1776821002000
1776821004.265,204.265,0.82,0.83,0.17,0.18,0.01,0.01,76254.17,1776821002000
1776821004.602,204.602,0.82,0.83,0.17,0.18,0.01,0.01,76258.62,1776821003000
1776821004.953,204.953,0.82,0.83,0.17,0.18,0.01,0.01,76258.62,1776821004000
1776821005.425,205.425,0.82,0.83,0.17,0.18,0.01,0.01,76258.62,1776821004000
1776821006.26,206.26,0.82,0.84,0.16,0.18,0.02,0.02,76259.98,1776821005000
1776821006.713,206.713,0.83,0.84,0.16,0.17,0.01,0.01,76259.98,1776821005000
1776821007.097,207.097,0.83,0.84,0.16,0.17,0.01,0.01,76259.98,1776821005000
1776821007.448,207.448,0.83,0.84,0.16,0.17,0.01,0.01,76260.76,1776821006000
1776821007.889,207.889,0.83,0.84,0.16,0.17,0.01,0.01,76260.76,1776821006000
1776821008.397,208.397,0.83,0.84,0.16,0.17,0.01,0.01,76260.76,1776821006000
1776821008.758,208.758,0.83,0.84,0.16,0.17,0.01,0.01,76260.68,1776821007000
1776821009.141,209.141,0.83,0.84,0.16,0.17,0.01,0.01,76258.39,1776821008000
1776821009.493,209.493,0.83,0.84,0.16,0.17,0.01,0.01,76258.39,1776821008000
1776821010.048,210.048,0.83,0.84,0.16,0.17,0.01,0.01,76258.39,1776821008000
1776821010.447,210.447,0.83,0.84,0.16,0.17,0.01,0.01,76258.3,1776821009000
1776821010.795,210.795,0.83,0.84,0.16,0.17,0.01,0.01,76258.3,1776821009000
1776821011.141,211.141,0.83,0.84,0.16,0.17,0.01,0.01,76258.05,1776821010000
1776821011.487,211.487,0.83,0.84,0.16,0.17,0.01,0.01,76258.05,1776821010000
1776821011.866,211.866,0.84,0.85,0.15,0.16,0.01,0.01,76258.05,1776821010000
1776821012.355,212.355,0.85,0.86,0.15,0.16,0.01,0.01,76257.58,1776821011000
1776821012.713,212.713,0.85,0.86,0.14,0.15,0.01,0.01,76257.58,1776821011000
1776821013.088,213.088,0.77,0.78,0.2,0.22,0.01,0.02,76257.58,1776821011000
1776821013.457,213.457,0.77,0.78,0.22,0.23,0.01,0.01,76257.58,1776821011000
1776821013.93,213.93,0.77,0.78,0.22,0.23,0.01,0.01,76257.09,1776821012000
1776821014.479,214.479,0.77,0.78,0.22,0.23,0.01,0.01,76257.09,1776821012000
1776821015.0,215.0,0.77,0.78,0.22,0.23,0.01,0.01,76248.78,1776821013000
1776821015.56,215.56,0.77,0.78,0.22,0.23,0.01,0.01,76248.23,1776821014000
1776821015.921,215.921,0.77,0.78,0.22,0.23,0.01,0.01,76248.23,1776821014000
1776821016.26,216.26,0.83,0.87,0.13,0.17,0.04,0.04,76248.23,1776821014000
1776821016.598,216.598,0.86,0.87,0.13,0.14,0.01,0.01,76246.37,1776821015000
1776821016.969,216.969,0.87,0.88,0.12,0.13,0.01,0.01,76246.37,1776821015000
1776821017.343,217.343,0.87,0.88,0.12,0.13,0.01,0.01,76246.37,1776821015000
1776821017.766,217.766,0.88,0.89,0.11,0.13,0.01,0.02,76262.67,1776821016000
1776821018.162,218.162,0.88,0.89,0.11,0.12,0.01,0.01,76262.71,1776821017000
1776821018.521,218.521,0.88,0.89,0.11,0.12,0.01,0.01,76262.71,1776821017000
1776821018.939,218.939,0.87,0.88,0.12,0.13,0.01,0.01,76262.71,1776821017000
1776821019.345,219.345,0.87,0.88,0.12,0.13,0.01,0.01,76263.21,1776821018000
1776821019.853,219.853,0.87,0.88,0.12,0.13,0.01,0.01,76263.21,1776821018000
1776821020.312,220.312,0.86,0.87,0.12,0.14,0.01,0.02,76263.21,1776821018000
1776821020.776,220.776,0.81,0.82,0.18,0.19,0.01,0.01,76264.89,1776821019000
1776821021.116,221.116,0.81,0.82,0.18,0.19,0.01,0.01,76264.89,1776821020000
1776821021.468,221.468,0.81,0.82,0.18,0.19,0.01,0.01,76264.89,1776821020000
1776821021.814,221.814,0.81,0.82,0.18,0.19,0.01,0.01,76264.89,1776821020000
1776821022.164,222.164,0.81,0.82,0.18,0.19,0.01,0.01,76264.67,1776821021000
1776821022.593,222.593,0.81,0.82,0.18,0.19,0.01,0.01,76264.67,1776821021000
1776821023.27,223.27,0.81,0.82,0.18,0.19,0.01,0.01,76264.67,1776821021000
1776821023.673,223.673,0.81,0.82,0.18,0.19,0.01,0.01,76255.76,1776821022000
1776821024.022,224.022,0.81,0.82,0.18,0.19,0.01,0.01,76255.76,1776821022000
1776821024.369,224.369,0.81,0.82,0.18,0.19,0.01,0.01,76255.76,1776821022000
1776821025.1,225.1,0.81,0.82,0.18,0.19,0.01,0.01,76255.11,1776821024000
1776821025.557,225.557,0.81,0.82,0.18,0.19,0.01,0.01,76255.11,1776821024000
1776821026.051,226.051,0.81,0.82,0.18,0.19,0.01,0.01,76255.11,1776821024000
1776821026.401,226.401,0.81,0.82,0.18,0.19,0.01,0.01,76251.46,1776821025000
1776821026.755,226.755,0.81,0.82,0.18,0.19,0.01,0.01,76251.46,1776821025000
1776821027.325,227.325,0.81,0.82,0.18,0.19,0.01,0.01,76251.46,1776821025000
1776821027.697,227.697,0.81,0.83,0.18,0.19,0.02,0.01,76251.51,1776821026000
1776821028.087,228.087,0.82,0.83,0.17,0.19,0.01,0.02,76251.51,1776821026000
1776821028.551,228.551,0.82,0.83,0.17,0.18,0.01,0.01,76251.41,1776821027000
1776821029.126,229.126,0.82,0.83,0.17,0.18,0.01,0.01,76251.41,1776821028000
1776821029.547,229.547,0.83,0.84,0.17,0.18,0.01,0.01,76251.41,1776821028000
1776821030.263,230.263,0.84,0.85,0.15,0.16,0.01,0.01,76251.37,1776821029000
1776821030.763,230.763,0.82,0.83,0.16,0.18,0.01,0.02,76251.37,1776821029000
1776821031.124,231.124,0.84,0.86,0.05,0.18,0.02,0.13,76251.37,1776821029000
1776821031.459,231.459,0.85,0.87,0.13,0.15,0.02,0.02,76251.46,1776821030000
1776821031.843,231.843,0.91,0.92,0.09,0.1,0.01,0.01,76251.46,1776821030000
1776821032.217,232.217,0.91,0.92,0.08,0.09,0.01,0.01,76251.35,1776821031000
1776821032.581,232.581,0.92,0.93,0.07,0.08,0.01,0.01,76251.35,1776821031000
1776821033.023,233.023,0.92,0.93,0.07,0.08,0.01,0.01,76251.35,1776821031000
1776821033.427,233.427,0.92,0.93,0.07,0.08,0.01,0.01,76251.01,1776821032000
1776821033.823,233.823,0.92,0.93,0.07,0.08,0.01,0.01,76251.01,1776821032000
1776821034.18,234.18,0.91,0.92,0.08,0.09,0.01,0.01,76251.01,1776821032000
1776821034.632,234.632,0.9,0.91,0.09,0.1,0.01,0.01,76252.9,1776821033000
1776821034.996,234.996,0.89,0.9,0.09,0.11,0.01,0.02,76252.9,1776821033000
1776821035.435,235.435,0.89,0.9,0.1,0.11,0.01,0.01,76252.9,1776821033000
1776821035.802,235.802,0.88,0.89,0.1,0.12,0.01,0.02,76253.62,1776821034000
1776821036.217,236.217,0.88,0.89,0.11,0.12,0.01,0.01,76253.49,1776821035000
1776821036.627,236.627,0.88,0.89,0.11,0.12,0.01,0.01,76253.49,1776821035000
1776821036.978,236.978,0.88,0.89,0.11,0.12,0.01,0.01,76253.49,1776821035000
1776821037.339,237.339,0.88,0.89,0.11,0.12,0.01,0.01,76253.49,1776821035000
1776821037.804,237.804,0.88,0.89,0.11,0.12,0.01,0.01,76252.31,1776821036000
1776821038.394,238.394,0.89,0.91,0.09,0.11,0.02,0.02,76252.15,1776821037000
1776821038.9,238.9,0.9,0.91,0.09,0.11,0.01,0.02,76252.15,1776821037000
1776821039.349,239.349,0.9,0.91,0.09,0.1,0.01,0.01,76252.6,1776821038000
1776821039.799,239.799,0.9,0.91,0.09,0.1,0.01,0.01,76252.6,1776821038000
1776821040.3,240.3,0.89,0.91,0.08,0.11,0.02,0.03,76252.61,1776821039000
1776821040.98,240.98,0.9,0.91,0.09,0.1,0.01,0.01,76252.61,1776821039000
1776821041.329,241.329,0.9,0.91,0.09,0.1,0.01,0.01,76252.61,1776821039000
1776821041.7,241.7,0.85,0.86,0.12,0.15,0.01,0.03,76253.33,1776821040000
1776821042.183,242.183,0.85,0.86,0.14,0.15,0.01,0.01,76253.33,1776821040000
1776821042.521,242.521,0.85,0.86,0.14,0.15,0.01,0.01,76252.09,1776821041000
1776821042.882,242.882,0.85,0.86,0.14,0.15,0.01,0.01,76252.09,1776821041000
1776821043.215,243.215,0.81,0.86,0.14,0.19,0.05,0.05,76251.25,1776821042000
1776821043.552,243.552,0.86,0.87,0.13,0.14,0.01,0.01,76251.25,1776821042000
1776821043.977,243.977,0.86,0.87,0.13,0.14,0.01,0.01,76251.25,1776821042000
1776821044.347,244.347,0.86,0.87,0.13,0.14,0.01,0.01,76244.77,1776821043000
1776821044.765,244.765,0.85,0.86,0.14,0.15,0.01,0.01,76244.77,1776821043000
1776821045.122,245.122,0.85,0.86,0.14,0.15,0.01,0.01,76244.77,1776821043000
1776821045.578,245.578,0.82,0.83,0.14,0.18,0.01,0.04,76244.77,1776821043000
1776821046.016,246.016,0.82,0.83,0.17,0.18,0.01,0.01,76245.72,1776821044000
1776821046.39,246.39,0.78,0.79,0.18,0.21,0.01,0.03,76245.72,1776821044000
1776821046.779,246.779,0.76,0.77,0.23,0.24,0.01,0.01,76245.36,1776821045000
1776821047.156,247.156,0.76,0.77,0.23,0.24,0.01,0.01,76245.36,1776821045000
1776821047.754,247.754,0.76,0.77,0.23,0.24,0.01,0.01,76243.1,1776821046000
1776821048.267,248.267,0.79,0.8,0.2,0.21,0.01,0.01,76243.1,1776821046000
1776821048.822,248.822,0.8,0.81,0.19,0.2,0.01,0.01,76241.44,1776821047000
1776821049.172,249.172,0.81,0.82,0.18,0.19,0.01,0.01,76241.44,1776821047000
1776821049.639,249.639,0.78,0.81,0.19,0.22,0.03,0.03,76241.1,1776821048000
1776821050.209,250.209,0.78,0.79,0.21,0.22,0.01,0.01,76239.1,1776821049000
1776821050.758,250.758,0.78,0.79,0.21,0.22,0.01,0.01,76239.1,1776821049000
1776821051.199,251.199,0.76,0.77,0.22,0.24,0.01,0.02,76239.1,1776821049000
1776821051.557,251.557,0.77,0.78,0.22,0.24,0.01,0.02,76239.1,1776821049000
1776821052.018,252.018,0.77,0.78,0.22,0.23,0.01,0.01,76236.91,1776821050000
1776821052.527,252.527,0.78,0.79,0.21,0.23,0.01,0.02,76236.91,1776821051000
1776821052.908,252.908,0.78,0.79,0.21,0.22,0.01,0.01,76236.91,1776821051000
1776821053.291,253.291,0.78,0.79,0.21,0.22,0.01,0.01,76236.91,1776821051000
1776821053.63,253.63,0.77,0.78,0.22,0.23,0.01,0.01,76235.77,1776821052000
1776821054.076,254.076,0.75,0.76,0.24,0.25,0.01,0.01,76235.77,1776821052000
1776821054.591,254.591,0.75,0.76,0.24,0.25,0.01,0.01,76238.92,1776821053000
1776821055.235,255.235,0.75,0.76,0.24,0.25,0.01,0.01,76238.92,1776821053000
1776821055.578,255.578,0.75,0.76,0.24,0.25,0.01,0.01,76238.92,1776821053000
1776821056.002,256.002,0.75,0.76,0.24,0.25,0.01,0.01,76238.92,1776821053000
1776821056.411,256.411,0.71,0.72,0.28,0.29,0.01,0.01,76238.39,1776821054000
1776821056.806,256.806,0.71,0.72,0.28,0.29,0.01,0.01,76239.95,1776821055000
1776821057.213,257.213,0.71,0.72,0.28,0.29,0.01,0.01,76239.95,1776821055000
1776821057.59,257.59,0.71,0.72,0.28,0.29,0.01,0.01,76239.95,1776821055000
1776821057.924,257.924,0.71,0.72,0.28,0.29,0.01,0.01,76238.26,1776821056000
1776821058.285,258.285,0.71,0.72,0.28,0.29,0.01,0.01,76237.92,1776821057000
1776821058.788,258.788,0.7,0.71,0.29,0.3,0.01,0.01,76237.92,1776821057000
1776821059.151,259.151,0.7,0.71,0.29,0.3,0.01,0.01,76237.92,1776821057000
1776821059.491,259.491,0.7,0.71,0.29,0.3,0.01,0.01,76237.92,1776821057000
1776821059.886,259.886,0.7,0.71,0.29,0.3,0.01,0.01,76233.13,1776821058000
1776821060.321,260.321,0.7,0.71,0.29,0.3,0.01,0.01,76233.13,1776821058000
1776821060.673,260.673,0.69,0.7,0.3,0.31,0.01,0.01,76232.33,1776821059000
1776821061.032,261.032,0.69,0.7,0.3,0.31,0.01,0.01,76232.33,1776821059000
1776821061.366,261.366,0.69,0.7,0.3,0.31,0.01,0.01,76233.36,1776821060000
1776821061.722,261.722,0.69,0.7,0.3,0.31,0.01,0.01,76233.36,1776821060000
1776821062.108,262.108,0.69,0.7,0.3,0.31,0.01,0.01,76233.36,1776821060000
1776821062.47,262.47,0.69,0.7,0.3,0.31,0.01,0.01,76233.36,1776821060000
1776821063.009,263.009,0.69,0.7,0.3,0.31,0.01,0.01,76233.36,1776821060000
1776821063.355,263.355,0.68,0.7,0.3,0.31,0.02,0.01,76230.51,1776821062000
1776821063.693,263.693,0.62,0.64,0.36,0.38,0.02,0.02,76230.51,1776821062000
1776821064.085,264.085,0.62,0.63,0.37,0.38,0.01,0.01,76230.51,1776821062000
1776821064.429,264.429,0.62,0.63,0.37,0.38,0.01,0.01,76228.97,1776821063000
1776821064.784,264.784,0.61,0.62,0.38,0.39,0.01,0.01,76228.97,1776821063000
1776821065.167,265.167,0.61,0.62,0.38,0.39,0.01,0.01,76226.7,1776821064000
1776821065.514,265.514,0.67,0.69,0.31,0.33,0.02,0.02,76226.7,1776821064000
1776821065.98,265.98,0.74,0.75,0.25,0.27,0.01,0.02,76226.7,1776821064000
1776821066.321,266.321,0.74,0.75,0.25,0.26,0.01,0.01,76219.5,1776821065000
1776821066.696,266.696,0.7,0.72,0.25,0.31,0.02,0.06,76219.5,1776821065000
1776821067.312,267.312,0.7,0.71,0.29,0.3,0.01,0.01,76219.5,1776821065000
1776821067.661,267.661,0.67,0.69,0.31,0.32,0.02,0.01,76222.91,1776821066000
1776821068.026,268.026,0.6,0.61,0.39,0.4,0.01,0.01,76222.91,1776821066000
1776821068.463,268.463,0.6,0.61,0.39,0.4,0.01,0.01,76222.91,1776821066000
1776821068.901,268.901,0.6,0.61,0.39,0.4,0.01,0.01,76225.42,1776821067000
1776821069.332,269.332,0.6,0.61,0.39,0.4,0.01,0.01,76223.52,1776821068000
1776821069.846,269.846,0.58,0.59,0.39,0.4,0.01,0.01,76223.52,1776821068000
1776821070.495,270.495,0.59,0.6,0.4,0.42,0.01,0.02,76218.7,1776821069000
1776821070.834,270.834,0.59,0.6,0.4,0.41,0.01,0.01,76218.7,1776821069000
1776821071.192,271.192,0.58,0.59,0.41,0.42,0.01,0.01,76216.47,1776821070000
1776821071.768,271.768,0.58,0.59,0.41,0.42,0.01,0.01,76216.47,1776821070000
1776821072.241,272.241,0.56,0.57,0.42,0.44,0.01,0.02,76216.47,1776821070000
1776821072.618,272.618,0.56,0.57,0.43,0.44,0.01,0.01,76214.68,1776821071000
1776821072.959,272.959,0.53,0.57,0.43,0.48,0.04,0.05,76214.68,1776821071000
1776821073.431,273.431,0.54,0.55,0.45,0.46,0.01,0.01,76214.68,1776821071000
1776821073.778,273.778,0.54,0.55,0.45,0.46,0.01,0.01,76213.36,1776821072000
1776821074.342,274.342,0.54,0.55,0.45,0.46,0.01,0.01,76212.24,1776821073000
1776821074.703,274.703,0.52,0.55,0.45,0.46,0.03,0.01,76212.24,1776821073000
1776821075.053,275.053,0.52,0.53,0.47,0.48,0.01,0.01,76210.91,1776821074000
1776821075.511,275.511,0.51,0.52,0.46,0.47,0.01,0.01,76210.91,1776821074000
1776821075.857,275.857,0.39,0.4,0.6,0.61,0.01,0.01,76210.91,1776821074000
1776821076.198,276.198,0.18,0.36,0.64,0.82,0.18,0.18,76210.91,1776821075000
1776821076.538,276.538,0.21,0.22,0.78,0.79,0.01,0.01,76210.91,1776821075000
1776821076.879,276.879,0.24,0.25,0.74,0.76,0.01,0.02,76210.91,1776821075000
1776821077.223,277.223,0.34,0.36,0.63,0.67,0.02,0.04,76209.74,1776821076000
1776821077.682,277.682,0.4,0.41,0.59,0.6,0.01,0.01,76209.74,1776821076000
1776821078.074,278.074,0.45,0.46,0.54,0.55,0.01,0.01,76209.74,1776821076000
1776821078.408,278.408,0.57,0.58,0.42,0.43,0.01,0.01,76203.54,1776821077000
1776821078.774,278.774,0.58,0.59,0.41,0.42,0.01,0.01,76203.54,1776821077000
1776821079.189,279.189,0.58,0.59,0.41,0.42,0.01,0.01,76203.54,1776821077000
1776821079.649,279.649,0.58,0.59,0.41,0.42,0.01,0.01,76204.19,1776821078000
1776821080.048,280.048,0.57,0.58,0.42,0.43,0.01,0.01,76204.19,1776821078000
1776821080.413,280.413,0.57,0.58,0.42,0.43,0.01,0.01,76204.19,1776821078000
1776821080.764,280.764,0.57,0.58,0.42,0.43,0.01,0.01,76206.63,1776821079000
1776821081.132,281.132,0.57,0.58,0.42,0.43,0.01,0.01,76206.59,1776821080000
1776821081.489,281.489,0.65,0.66,0.36,0.37,0.01,0.01,76206.59,1776821080000
1776821081.841,281.841,0.65,0.66,0.34,0.35,0.01,0.01,76206.59,1776821080000
1776821082.175,282.175,0.66,0.67,0.34,0.35,0.01,0.01,76206.59,1776821080000
1776821082.517,282.517,0.72,0.73,0.27,0.28,0.01,0.01,76206.47,1776821081000
1776821082.981,282.981,0.72,0.73,0.27,0.28,0.01,0.01,76206.47,1776821081000
1776821083.327,283.327,0.71,0.72,0.28,0.29,0.01,0.01,76209.06,1776821082000
1776821083.759,283.759,0.68,0.69,0.31,0.32,0.01,0.01,76209.06,1776821082000
1776821084.186,284.186,0.68,0.69,0.31,0.32,0.01,0.01,76209.06,1776821082000
1776821084.583,284.583,0.68,0.69,0.31,0.32,0.01,0.01,76209.2,1776821083000
1776821085.1,285.1,0.68,0.69,0.31,0.32,0.01,0.01,76209.2,1776821083000
1776821085.498,285.498,0.7,0.72,0.28,0.32,0.02,0.04,76209.2,1776821083000
1776821085.9,285.9,0.71,0.72,0.28,0.29,0.01,0.01,76209.2,1776821083000
1776821086.324,286.324,0.71,0.72,0.28,0.29,0.01,0.01,76210.84,1776821084000
1776821086.669,286.669,0.71,0.72,0.28,0.29,0.01,0.01,76210.84,1776821085000
1776821087.042,287.042,0.7,0.71,0.29,0.3,0.01,0.01,76210.84,1776821085000
1776821087.383,287.383,0.71,0.78,0.29,0.3,0.07,0.01,76210.84,1776821086000
1776821087.819,287.819,0.8,0.82,0.2,0.23,0.02,0.03,76210.84,1776821086000
1776821088.17,288.17,0.81,0.82,0.18,0.19,0.01,0.01,76210.84,1776821086000
1776821088.587,288.587,0.71,0.75,0.25,0.26,0.04,0.01,76212.96,1776821087000
1776821088.932,288.932,0.8,0.81,0.19,0.2,0.01,0.01,76212.96,1776821087000
1776821089.307,289.307,0.8,0.82,0.18,0.2,0.02,0.02,76214.44,1776821088000
1776821089.782,289.782,0.81,0.82,0.18,0.19,0.01,0.01,76214.44,1776821088000
1776821090.366,290.366,0.69,0.77,0.23,0.31,0.08,0.08,76213.29,1776821089000
1776821090.705,290.705,0.67,0.68,0.32,0.33,0.01,0.01,76213.29,1776821089000
1776821091.059,291.059,0.55,0.57,0.41,0.45,0.02,0.04,76213.29,1776821089000
1776821091.399,291.399,0.6,0.61,0.39,0.4,0.01,0.01,76213.29,1776821089000
1776821091.739,291.739,0.6,0.61,0.39,0.4,0.01,0.01,76212.89,1776821090000
1776821092.098,292.098,0.6,0.61,0.39,0.4,0.01,0.01,76212.89,1776821090000
1776821092.44,292.44,0.39,0.4,0.6,0.67,0.01,0.07,76212.89,1776821091000
1776821092.82,292.82,0.36,0.37,0.63,0.64,0.01,0.01,76212.89,1776821091000
1776821093.171,293.171,0.38,0.4,0.6,0.62,0.02,0.02,76202.65,1776821092000
1776821093.579,293.579,0.38,0.39,0.61,0.62,0.01,0.01,76202.65,1776821092000
1776821093.923,293.923,0.38,0.39,0.6,0.62,0.01,0.02,76202.65,1776821092000
1776821094.282,294.282,0.39,0.4,0.6,0.61,0.01,0.01,76199.27,1776821093000
1776821094.618,294.618,0.39,0.4,0.6,0.61,0.01,0.01,76199.27,1776821093000
1776821094.958,294.958,0.39,0.4,0.6,0.61,0.01,0.01,76199.27,1776821093000
1776821095.387,295.387,0.38,0.39,0.6,0.62,0.01,0.02,76199.27,1776821093000
1776821095.722,295.722,0.38,0.39,0.6,0.62,0.01,0.02,76199.27,1776821093000
1776821096.059,296.059,0.39,0.4,0.6,0.61,0.01,0.01,76199.27,1776821093000
1776821096.394,296.394,0.39,0.4,0.6,0.61,0.01,0.01,76199.27,1776821093000
1776821096.733,296.733,0.39,0.4,0.6,0.61,0.01,0.01,76199.27,1776821093000
1776821097.129,297.129,0.39,0.4,0.6,0.61,0.01,0.01,76199.27,1776821093000
1776821097.475,297.475,0.39,0.4,0.6,0.61,0.01,0.01,76199.27,1776821093000
1776821097.814,297.814,0.39,0.4,0.6,0.61,0.01,0.01,76199.27,1776821093000
1776821098.156,298.156,0.39,0.4,0.6,0.61,0.01,0.01,76199.27,1776821093000
1776821098.504,298.504,0.39,0.4,0.6,0.61,0.01,0.01,76199.27,1776821093000
1776821098.969,298.969,0.38,0.39,0.6,0.62,0.01,0.02,76199.27,1776821093000
1776821099.307,299.307,0.38,0.39,0.61,0.62,0.01,0.01,76199.27,1776821093000
1776821099.641,299.641,0.38,0.39,0.61,0.62,0.01,0.01,76199.27,1776821093000
1776821100.034,300.034,0.38,0.39,0.61,0.62,0.01,0.01,76199.27,1776821093000
1776821100.368,300.368,0.38,0.95,0.19,0.62,0.57,0.43,76199.27,1776821093000
1776821100.705,300.705,0.39,0.01,0.99,0.61,-0.38,-0.38,76199.27,1776821093000

# RESULT,winner=Up,slug=btc-updown-5m-1776820800,ticks=727
