timestamp,elapsed_sec,up_bid,up_ask,down_bid,down_ask,up_spread,down_spread,btc_price,btc_oracle_ts
1776363600.522,0.522,0.48,0.49,0.51,0.52,0.01,0.01,74468.62,1776363599000
1776363601.162,1.162,0.47,0.48,0.52,0.53,0.01,0.01,74468.62,1776363599000
1776363601.603,1.603,0.45,0.46,0.52,0.54,0.01,0.02,74468.41,1776363600000
1776363601.947,1.947,0.45,0.46,0.54,0.55,0.01,0.01,74468.41,1776363600000
1776363602.46,2.46,0.45,0.46,0.54,0.55,0.01,0.01,74465.64,1776363601000
1776363602.855,2.855,0.45,0.46,0.54,0.55,0.01,0.01,74465.64,1776363601000
1776363603.191,3.191,0.45,0.46,0.54,0.55,0.01,0.01,74465.39,1776363602000
1776363603.541,3.541,0.45,0.46,0.54,0.55,0.01,0.01,74465.39,1776363602000
1776363604.123,4.123,0.45,0.46,0.54,0.55,0.01,0.01,74465.39,1776363602000
1776363604.487,4.487,0.45,0.46,0.54,0.55,0.01,0.01,74456.88,1776363603000
1776363604.952,4.952,0.44,0.45,0.54,0.55,0.01,0.01,74456.88,1776363603000
1776363605.288,5.288,0.44,0.45,0.55,0.56,0.01,0.01,74452.57,1776363604000
1776363605.695,5.695,0.44,0.45,0.55,0.56,0.01,0.01,74452.57,1776363604000
1776363606.335,6.335,0.44,0.45,0.55,0.56,0.01,0.01,74452.57,1776363604000
1776363606.729,6.729,0.45,0.46,0.54,0.55,0.01,0.01,74453.1,1776363605000
1776363607.251,7.251,0.45,0.46,0.54,0.55,0.01,0.01,74456.63,1776363606000
1776363607.674,7.674,0.45,0.46,0.54,0.55,0.01,0.01,74456.63,1776363606000
1776363608.476,8.476,0.45,0.46,0.54,0.55,0.01,0.01,74461.59,1776363607000
1776363608.984,8.984,0.45,0.46,0.54,0.55,0.01,0.01,74461.71,1776363608000
1776363609.444,9.444,0.45,0.46,0.54,0.55,0.01,0.01,74461.71,1776363608000
1776363609.782,9.782,0.45,0.46,0.54,0.55,0.01,0.01,74461.71,1776363608000
1776363610.152,10.152,0.45,0.46,0.54,0.55,0.01,0.01,74461.68,1776363609000
1776363610.486,10.486,0.45,0.46,0.54,0.55,0.01,0.01,74461.68,1776363609000
1776363610.911,10.911,0.45,0.46,0.54,0.55,0.01,0.01,74461.68,1776363609000
1776363611.346,11.346,0.45,0.46,0.54,0.55,0.01,0.01,74461.68,1776363609000
1776363611.742,11.742,0.45,0.46,0.54,0.55,0.01,0.01,74461.68,1776363609000
1776363612.348,12.348,0.45,0.46,0.54,0.55,0.01,0.01,74460.36,1776363610000
1776363612.814,12.814,0.45,0.46,0.54,0.55,0.01,0.01,74461.21,1776363611000
1776363613.406,13.406,0.45,0.46,0.54,0.55,0.01,0.01,74461.21,1776363611000
1776363614.181,14.181,0.45,0.46,0.54,0.55,0.01,0.01,74461.26,1776363613000
1776363614.791,14.791,0.45,0.46,0.54,0.55,0.01,0.01,74461.26,1776363613000
1776363615.125,15.125,0.45,0.47,0.54,0.55,0.02,0.01,74461.26,1776363613000
1776363615.5,15.5,0.45,0.46,0.54,0.55,0.01,0.01,74460.36,1776363614000
1776363615.934,15.934,0.45,0.46,0.54,0.55,0.01,0.01,74460.36,1776363615000
1776363616.584,16.584,0.45,0.46,0.54,0.55,0.01,0.01,74460.36,1776363615000
1776363617.049,17.049,0.44,0.45,0.55,0.56,0.01,0.01,74460.36,1776363615000
1776363617.481,17.481,0.43,0.44,0.55,0.57,0.01,0.02,74460.83,1776363616000
1776363617.867,17.867,0.43,0.44,0.56,0.57,0.01,0.01,74460.83,1776363616000
1776363618.319,18.319,0.43,0.44,0.56,0.57,0.01,0.01,74460.83,1776363616000
1776363619.113,19.113,0.43,0.44,0.56,0.57,0.01,0.01,74455.63,1776363618000
1776363619.475,19.475,0.44,0.45,0.55,0.57,0.01,0.02,74455.63,1776363618000
1776363620.389,20.389,0.44,0.45,0.55,0.56,0.01,0.01,74454.63,1776363619000
1776363620.722,20.722,0.44,0.48,0.53,0.56,0.04,0.03,74454.63,1776363619000
1776363621.19,21.19,0.46,0.47,0.53,0.54,0.01,0.01,74454.63,1776363619000
1776363621.534,21.534,0.46,0.48,0.52,0.54,0.02,0.02,74457.63,1776363620000
1776363621.923,21.923,0.47,0.48,0.52,0.54,0.01,0.02,74457.63,1776363620000
1776363622.267,22.267,0.48,0.49,0.51,0.52,0.01,0.01,74461.47,1776363621000
1776363622.658,22.658,0.48,0.49,0.51,0.52,0.01,0.01,74461.47,1776363621000
1776363622.997,22.997,0.49,0.51,0.51,0.52,0.02,0.01,74461.47,1776363621000
1776363623.37,23.37,0.5,0.51,0.49,0.51,0.01,0.02,74461.47,1776363621000
1776363623.782,23.782,0.5,0.51,0.49,0.5,0.01,0.01,74464.35,1776363622000
1776363624.224,24.224,0.51,0.52,0.48,0.5,0.01,0.02,74464.35,1776363622000
1776363624.688,24.688,0.51,0.52,0.48,0.49,0.01,0.01,74471.26,1776363623000
1776363625.153,25.153,0.51,0.52,0.48,0.49,0.01,0.01,74472.65,1776363624000
1776363625.51,25.51,0.51,0.52,0.48,0.49,0.01,0.01,74472.65,1776363624000
1776363625.861,25.861,0.51,0.52,0.48,0.49,0.01,0.01,74472.65,1776363624000
1776363626.337,26.337,0.51,0.53,0.48,0.49,0.02,0.01,74472.65,1776363624000
1776363626.734,26.734,0.52,0.53,0.47,0.48,0.01,0.01,74474.23,1776363625000
1776363627.164,27.164,0.52,0.53,0.47,0.48,0.01,0.01,74474.88,1776363626000
1776363627.547,27.547,0.52,0.53,0.47,0.48,0.01,0.01,74474.88,1776363626000
1776363628.028,28.028,0.52,0.53,0.47,0.48,0.01,0.01,74474.88,1776363626000
1776363628.464,28.464,0.52,0.53,0.47,0.48,0.01,0.01,74475.55,1776363627000
1776363629.172,29.172,0.52,0.53,0.47,0.48,0.01,0.01,74475.55,1776363627000
1776363629.557,29.557,0.53,0.54,0.46,0.47,0.01,0.01,74477.36,1776363628000
1776363630.017,30.017,0.53,0.54,0.46,0.47,0.01,0.01,74477.36,1776363628000
1776363630.413,30.413,0.53,0.54,0.46,0.47,0.01,0.01,74479.26,1776363629000
1776363630.749,30.749,0.53,0.54,0.46,0.47,0.01,0.01,74479.26,1776363629000
1776363631.363,31.363,0.53,0.54,0.46,0.47,0.01,0.01,74479.45,1776363630000
1776363631.713,31.713,0.53,0.54,0.46,0.47,0.01,0.01,74479.45,1776363630000
1776363632.141,32.141,0.53,0.55,0.46,0.47,0.02,0.01,74479.45,1776363630000
1776363632.716,32.716,0.54,0.55,0.45,0.46,0.01,0.01,74480.16,1776363631000
1776363633.17,33.17,0.54,0.55,0.45,0.46,0.01,0.01,74480.16,1776363631000
1776363633.561,33.561,0.54,0.55,0.45,0.46,0.01,0.01,74480.36,1776363632000
1776363634.047,34.047,0.54,0.55,0.45,0.46,0.01,0.01,74480.36,1776363632000
1776363634.449,34.449,0.54,0.55,0.45,0.46,0.01,0.01,74480.42,1776363633000
1776363635.089,35.089,0.54,0.55,0.45,0.46,0.01,0.01,74480.42,1776363633000
1776363635.459,35.459,0.54,0.55,0.45,0.46,0.01,0.01,74480.48,1776363634000
1776363635.861,35.861,0.54,0.55,0.45,0.46,0.01,0.01,74480.48,1776363634000
1776363636.273,36.273,0.54,0.56,0.45,0.46,0.02,0.01,74480.48,1776363634000
1776363636.636,36.636,0.55,0.56,0.44,0.45,0.01,0.01,74479.93,1776363635000
1776363637.295,37.295,0.55,0.56,0.44,0.45,0.01,0.01,74479.93,1776363635000
1776363637.763,37.763,0.55,0.56,0.44,0.46,0.01,0.02,74479.93,1776363636000
1776363638.135,38.135,0.55,0.56,0.44,0.45,0.01,0.01,74481.63,1776363637000
1776363638.58,38.58,0.55,0.56,0.44,0.45,0.01,0.01,74481.63,1776363637000
1776363639.31,39.31,0.55,0.56,0.44,0.45,0.01,0.01,74481.63,1776363637000
1776363639.711,39.711,0.54,0.55,0.44,0.46,0.01,0.02,74480.57,1776363638000
1776363640.099,40.099,0.54,0.55,0.45,0.46,0.01,0.01,74480.57,1776363638000
1776363640.544,40.544,0.54,0.55,0.45,0.46,0.01,0.01,74480.05,1776363639000
1776363641.128,41.128,0.54,0.55,0.45,0.46,0.01,0.01,74480.05,1776363640000
1776363641.68,41.68,0.54,0.55,0.45,0.46,0.01,0.01,74480.05,1776363640000
1776363642.241,42.241,0.54,0.55,0.45,0.46,0.01,0.01,74480.05,1776363640000
1776363642.585,42.585,0.54,0.56,0.44,0.46,0.02,0.02,74479.28,1776363641000
1776363642.937,42.937,0.56,0.58,0.42,0.44,0.02,0.02,74479.28,1776363642000
1776363643.363,43.363,0.57,0.58,0.42,0.44,0.01,0.02,74479.28,1776363642000
1776363643.712,43.712,0.57,0.58,0.42,0.43,0.01,0.01,74479.28,1776363642000
1776363644.064,44.064,0.57,0.58,0.42,0.43,0.01,0.01,74479.28,1776363642000
1776363644.64,44.64,0.57,0.58,0.42,0.43,0.01,0.01,74479.28,1776363642000
1776363645.213,45.213,0.57,0.58,0.42,0.43,0.01,0.01,74484.17,1776363643000
1776363645.853,45.853,0.57,0.58,0.42,0.43,0.01,0.01,74484.62,1776363644000
1776363646.255,46.255,0.57,0.58,0.42,0.43,0.01,0.01,74484.62,1776363644000
1776363646.635,46.635,0.57,0.58,0.42,0.43,0.01,0.01,74483.46,1776363645000
1776363647.084,47.084,0.57,0.58,0.42,0.43,0.01,0.01,74483.42,1776363646000
1776363647.641,47.641,0.58,0.59,0.41,0.42,0.01,0.01,74483.42,1776363646000
1776363648.037,48.037,0.58,0.59,0.41,0.42,0.01,0.01,74482.89,1776363647000
1776363648.757,48.757,0.57,0.58,0.41,0.42,0.01,0.01,74482.89,1776363647000
1776363649.272,49.272,0.57,0.58,0.42,0.43,0.01,0.01,74482.9,1776363648000
1776363649.687,49.687,0.57,0.58,0.42,0.43,0.01,0.01,74482.9,1776363648000
1776363650.206,50.206,0.57,0.58,0.42,0.43,0.01,0.01,74482.9,1776363648000
1776363650.567,50.567,0.57,0.59,0.42,0.43,0.02,0.01,74482.9,1776363648000
1776363650.946,50.946,0.58,0.59,0.41,0.43,0.01,0.02,74482.9,1776363648000
1776363651.306,51.306,0.58,0.59,0.41,0.42,0.01,0.01,74482.76,1776363649000
1776363651.736,51.736,0.57,0.59,0.41,0.42,0.02,0.01,74482.76,1776363649000
1776363652.306,52.306,0.58,0.59,0.41,0.42,0.01,0.01,74483.31,1776363651000
1776363652.893,52.893,0.58,0.59,0.41,0.42,0.01,0.01,74483.31,1776363651000
1776363653.284,53.284,0.57,0.58,0.41,0.43,0.01,0.02,74483.31,1776363651000
1776363653.665,53.665,0.57,0.58,0.42,0.43,0.01,0.01,74483.31,1776363651000
1776363654.006,54.006,0.57,0.58,0.42,0.43,0.01,0.01,74484.01,1776363652000
1776363654.425,54.425,0.57,0.59,0.42,0.43,0.02,0.01,74483.61,1776363653000
1776363654.761,54.761,0.58,0.59,0.41,0.42,0.01,0.01,74483.61,1776363653000
1776363655.172,55.172,0.59,0.6,0.4,0.41,0.01,0.01,74483.61,1776363653000
1776363655.632,55.632,0.59,0.6,0.4,0.41,0.01,0.01,74483.34,1776363654000
1776363656.272,56.272,0.59,0.6,0.4,0.41,0.01,0.01,74483.34,1776363654000
1776363656.808,56.808,0.59,0.6,0.4,0.41,0.01,0.01,74483.94,1776363655000
1776363657.181,57.181,0.59,0.6,0.4,0.41,0.01,0.01,74484.74,1776363656000
1776363657.836,57.836,0.59,0.6,0.4,0.41,0.01,0.01,74484.74,1776363656000
1776363658.473,58.473,0.59,0.6,0.4,0.41,0.01,0.01,74484.7,1776363657000
1776363659.142,59.142,0.59,0.6,0.4,0.41,0.01,0.01,74484.58,1776363658000
1776363659.844,59.844,0.59,0.6,0.4,0.41,0.01,0.01,74484.58,1776363658000
1776363660.229,60.229,0.6,0.61,0.39,0.41,0.01,0.02,74484.58,1776363658000
1776363660.578,60.578,0.61,0.62,0.38,0.4,0.01,0.02,74484.58,1776363658000
1776363661.05,61.05,0.61,0.62,0.38,0.39,0.01,0.01,74484.76,1776363659000
1776363661.391,61.391,0.61,0.62,0.38,0.39,0.01,0.01,74484.76,1776363659000
1776363661.786,61.786,0.61,0.62,0.38,0.39,0.01,0.01,74484.76,1776363659000
1776363662.16,62.16,0.61,0.62,0.38,0.39,0.01,0.01,74484.55,1776363660000
1776363662.619,62.619,0.61,0.62,0.38,0.39,0.01,0.01,74484.55,1776363660000
1776363663.11,63.11,0.59,0.6,0.4,0.41,0.01,0.01,74486.87,1776363661000
1776363663.453,63.453,0.59,0.6,0.4,0.41,0.01,0.01,74486.97,1776363662000
1776363663.798,63.798,0.59,0.6,0.4,0.41,0.01,0.01,74486.97,1776363662000
1776363664.143,64.143,0.59,0.6,0.4,0.41,0.01,0.01,74487.73,1776363663000
1776363664.548,64.548,0.59,0.6,0.4,0.41,0.01,0.01,74487.73,1776363663000
1776363665.316,65.316,0.59,0.6,0.4,0.41,0.01,0.01,74487.05,1776363664000
1776363665.895,65.895,0.59,0.6,0.4,0.41,0.01,0.01,74487.05,1776363664000
1776363666.229,66.229,0.59,0.6,0.4,0.41,0.01,0.01,74487.05,1776363664000
1776363666.683,66.683,0.59,0.6,0.4,0.41,0.01,0.01,74487.06,1776363665000
1776363667.042,67.042,0.59,0.6,0.4,0.41,0.01,0.01,74487.06,1776363665000
1776363667.438,67.438,0.59,0.6,0.4,0.41,0.01,0.01,74487.04,1776363666000
1776363667.821,67.821,0.59,0.6,0.4,0.41,0.01,0.01,74487.04,1776363666000
1776363668.277,68.277,0.59,0.6,0.4,0.41,0.01,0.01,74487.04,1776363666000
1776363668.851,68.851,0.59,0.6,0.4,0.41,0.01,0.01,74486.73,1776363667000
1776363669.21,69.21,0.59,0.6,0.4,0.41,0.01,0.01,74487.05,1776363668000
1776363669.57,69.57,0.59,0.6,0.4,0.41,0.01,0.01,74487.05,1776363668000
1776363669.904,69.904,0.55,0.57,0.43,0.45,0.02,0.02,74487.05,1776363668000
1776363670.269,70.269,0.55,0.56,0.44,0.45,0.01,0.01,74487.05,1776363668000
1776363670.72,70.72,0.55,0.56,0.44,0.45,0.01,0.01,74487.02,1776363669000
1776363671.132,71.132,0.55,0.56,0.44,0.45,0.01,0.01,74487.02,1776363669000
1776363671.484,71.484,0.55,0.56,0.44,0.45,0.01,0.01,74480.37,1776363670000
1776363671.818,71.818,0.55,0.56,0.44,0.45,0.01,0.01,74480.37,1776363670000
1776363672.194,72.194,0.55,0.56,0.44,0.45,0.01,0.01,74477.17,1776363671000
1776363672.548,72.548,0.55,0.56,0.44,0.45,0.01,0.01,74477.17,1776363671000
1776363672.922,72.922,0.55,0.56,0.44,0.45,0.01,0.01,74477.17,1776363671000
1776363673.58,73.58,0.55,0.56,0.44,0.45,0.01,0.01,74477.09,1776363672000
1776363674.183,74.183,0.55,0.56,0.44,0.45,0.01,0.01,74477.1,1776363673000
1776363674.543,74.543,0.53,0.56,0.44,0.46,0.03,0.02,74477.1,1776363673000
1776363674.88,74.88,0.53,0.56,0.44,0.47,0.03,0.03,74477.1,1776363673000
1776363675.214,75.214,0.54,0.56,0.44,0.46,0.02,0.02,74477.1,1776363673000
1776363675.547,75.547,0.54,0.56,0.44,0.46,0.02,0.02,74476.98,1776363674000
1776363675.98,75.98,0.55,0.56,0.44,0.45,0.01,0.01,74476.98,1776363674000
1776363676.377,76.377,0.55,0.56,0.44,0.45,0.01,0.01,74474.4,1776363675000
1776363676.731,76.731,0.55,0.56,0.44,0.45,0.01,0.01,74474.4,1776363675000
1776363677.217,77.217,0.55,0.56,0.44,0.45,0.01,0.01,74477.1,1776363676000
1776363677.552,77.552,0.55,0.56,0.44,0.45,0.01,0.01,74477.1,1776363676000
1776363678.219,78.219,0.54,0.55,0.44,0.45,0.01,0.01,74477.1,1776363676000
1776363678.765,78.765,0.54,0.55,0.45,0.46,0.01,0.01,74477.34,1776363677000
1776363679.26,79.26,0.54,0.55,0.45,0.46,0.01,0.01,74477.34,1776363677000
1776363679.779,79.779,0.53,0.54,0.46,0.47,0.01,0.01,74477.34,1776363677000
1776363680.514,80.514,0.53,0.54,0.46,0.47,0.01,0.01,74478.01,1776363679000
1776363681.095,81.095,0.53,0.54,0.46,0.47,0.01,0.01,74477.8,1776363680000
1776363681.649,81.649,0.53,0.54,0.46,0.47,0.01,0.01,74477.8,1776363680000
1776363682.262,82.262,0.53,0.55,0.46,0.47,0.02,0.01,74477.8,1776363680000
1776363682.644,82.644,0.54,0.55,0.45,0.46,0.01,0.01,74477.8,1776363680000
1776363683.13,83.13,0.54,0.55,0.45,0.46,0.01,0.01,74476.16,1776363681000
1776363683.824,83.824,0.54,0.55,0.45,0.46,0.01,0.01,74476.17,1776363682000
1776363684.164,84.164,0.54,0.55,0.45,0.46,0.01,0.01,74476.17,1776363682000
1776363684.656,84.656,0.53,0.54,0.46,0.47,0.01,0.01,74477.33,1776363683000
1776363685.292,85.292,0.53,0.54,0.46,0.47,0.01,0.01,74477.74,1776363684000
1776363685.637,85.637,0.53,0.54,0.46,0.47,0.01,0.01,74477.74,1776363684000
1776363685.973,85.973,0.51,0.53,0.47,0.49,0.02,0.02,74477.74,1776363684000
1776363686.615,86.615,0.51,0.52,0.48,0.49,0.01,0.01,74477.74,1776363684000
1776363686.95,86.95,0.5,0.51,0.49,0.51,0.01,0.02,74474.84,1776363685000
1776363687.443,87.443,0.49,0.51,0.49,0.5,0.02,0.01,74474.84,1776363685000
1776363687.827,87.827,0.49,0.5,0.5,0.51,0.01,0.01,74474.84,1776363685000
1776363688.177,88.177,0.46,0.47,0.5,0.53,0.01,0.03,74471.92,1776363686000
1776363688.549,88.549,0.46,0.47,0.53,0.54,0.01,0.01,74471.92,1776363686000
1776363689.033,89.033,0.45,0.46,0.53,0.54,0.01,0.01,74467.84,1776363687000
1776363689.4,89.4,0.45,0.46,0.54,0.55,0.01,0.01,74464.09,1776363688000
1776363689.774,89.774,0.45,0.46,0.54,0.55,0.01,0.01,74464.09,1776363688000
1776363690.134,90.134,0.45,0.46,0.54,0.55,0.01,0.01,74461.45,1776363689000
1776363690.505,90.505,0.44,0.46,0.54,0.56,0.02,0.02,74461.45,1776363689000
1776363690.866,90.866,0.44,0.45,0.55,0.56,0.01,0.01,74461.45,1776363689000
1776363691.209,91.209,0.44,0.45,0.55,0.56,0.01,0.01,74461.45,1776363689000
1776363691.577,91.577,0.44,0.45,0.55,0.56,0.01,0.01,74459.56,1776363690000
1776363692.086,92.086,0.44,0.45,0.55,0.56,0.01,0.01,74456.43,1776363691000
1776363692.434,92.434,0.44,0.45,0.55,0.56,0.01,0.01,74456.43,1776363691000
1776363692.845,92.845,0.44,0.45,0.55,0.56,0.01,0.01,74456.43,1776363691000
1776363693.243,93.243,0.44,0.45,0.55,0.56,0.01,0.01,74456.43,1776363691000
1776363693.588,93.588,0.44,0.45,0.55,0.56,0.01,0.01,74457.69,1776363692000
1776363694.137,94.137,0.44,0.45,0.55,0.56,0.01,0.01,74457.69,1776363692000
1776363695.612,95.612,0.44,0.45,0.55,0.56,0.01,0.01,74458.96,1776363694000
1776363696.113,96.113,0.44,0.45,0.55,0.56,0.01,0.01,74458.96,1776363694000
1776363696.617,96.617,0.5,0.51,0.49,0.5,0.01,0.01,74459.35,1776363695000
1776363696.968,96.968,0.5,0.51,0.48,0.5,0.01,0.02,74459.35,1776363695000
1776363697.364,97.364,0.51,0.52,0.48,0.49,0.01,0.01,74471.26,1776363696000
1776363697.737,97.737,0.51,0.53,0.48,0.49,0.02,0.01,74471.26,1776363696000
1776363698.077,98.077,0.51,0.52,0.48,0.49,0.01,0.01,74471.69,1776363697000
1776363698.469,98.469,0.51,0.52,0.48,0.49,0.01,0.01,74471.69,1776363697000
1776363698.956,98.956,0.51,0.52,0.48,0.49,0.01,0.01,74471.85,1776363698000
1776363699.844,99.844,0.51,0.52,0.48,0.49,0.01,0.01,74471.85,1776363698000
1776363700.196,100.196,0.51,0.52,0.48,0.49,0.01,0.01,74471.91,1776363699000
1776363700.694,100.694,0.51,0.52,0.48,0.49,0.01,0.01,74471.91,1776363699000
1776363701.413,101.413,0.51,0.52,0.48,0.49,0.01,0.01,74470.83,1776363700000
1776363702.057,102.057,0.51,0.52,0.48,0.49,0.01,0.01,74470.34,1776363701000
1776363702.39,102.39,0.5,0.51,0.48,0.5,0.01,0.02,74470.34,1776363701000
1776363702.747,102.747,0.5,0.51,0.49,0.5,0.01,0.01,74470.34,1776363701000
1776363703.164,103.164,0.5,0.51,0.49,0.5,0.01,0.01,74470.0,1776363702000
1776363703.534,103.534,0.5,0.51,0.49,0.5,0.01,0.01,74470.0,1776363702000
1776363703.936,103.936,0.5,0.51,0.49,0.5,0.01,0.01,74470.0,1776363702000
1776363704.352,104.352,0.45,0.46,0.49,0.55,0.01,0.06,74469.32,1776363703000
1776363704.766,104.766,0.45,0.46,0.54,0.55,0.01,0.01,74469.32,1776363703000
1776363705.123,105.123,0.45,0.46,0.54,0.55,0.01,0.01,74469.32,1776363703000
1776363705.461,105.461,0.47,0.5,0.5,0.53,0.03,0.03,74465.17,1776363704000
1776363705.821,105.821,0.49,0.5,0.5,0.51,0.01,0.01,74465.17,1776363704000
1776363706.377,106.377,0.49,0.5,0.5,0.51,0.01,0.01,74464.2,1776363705000
1776363706.755,106.755,0.49,0.5,0.5,0.51,0.01,0.01,74464.2,1776363705000
1776363707.125,107.125,0.49,0.5,0.5,0.51,0.01,0.01,74467.22,1776363706000
1776363707.732,107.732,0.49,0.5,0.5,0.51,0.01,0.01,74467.22,1776363706000
1776363708.079,108.079,0.49,0.5,0.5,0.51,0.01,0.01,74467.22,1776363706000
1776363708.473,108.473,0.5,0.51,0.49,0.51,0.01,0.02,74467.38,1776363707000
1776363709.004,109.004,0.5,0.51,0.49,0.5,0.01,0.01,74467.38,1776363707000
1776363709.366,109.366,0.5,0.51,0.49,0.5,0.01,0.01,74468.19,1776363708000
1776363709.785,109.785,0.5,0.51,0.49,0.5,0.01,0.01,74468.19,1776363708000
1776363710.178,110.178,0.5,0.51,0.49,0.5,0.01,0.01,74468.19,1776363708000
1776363710.779,110.779,0.5,0.51,0.49,0.5,0.01,0.01,74468.31,1776363709000
1776363711.347,111.347,0.5,0.51,0.49,0.5,0.01,0.01,74468.08,1776363710000
1776363712.086,112.086,0.5,0.51,0.49,0.5,0.01,0.01,74468.08,1776363710000
1776363712.637,112.637,0.5,0.51,0.49,0.5,0.01,0.01,74468.37,1776363711000
1776363712.981,112.981,0.5,0.51,0.49,0.5,0.01,0.01,74468.37,1776363712000
1776363713.574,113.574,0.5,0.51,0.49,0.5,0.01,0.01,74468.37,1776363712000
1776363713.948,113.948,0.49,0.51,0.49,0.51,0.02,0.02,74468.56,1776363713000
1776363714.297,114.297,0.49,0.51,0.49,0.51,0.02,0.02,74468.56,1776363713000
1776363714.662,114.662,0.49,0.5,0.5,0.51,0.01,0.01,74468.56,1776363713000
1776363715.111,115.111,0.49,0.5,0.5,0.51,0.01,0.01,74467.44,1776363714000
1776363715.607,115.607,0.49,0.5,0.5,0.51,0.01,0.01,74467.44,1776363714000
1776363716.05,116.05,0.49,0.5,0.5,0.51,0.01,0.01,74467.44,1776363714000
1776363716.549,116.549,0.49,0.5,0.5,0.51,0.01,0.01,74466.32,1776363715000
1776363717.005,117.005,0.49,0.5,0.5,0.51,0.01,0.01,74466.32,1776363715000
1776363718.044,118.044,0.49,0.5,0.5,0.51,0.01,0.01,74466.75,1776363716000
1776363718.64,118.64,0.49,0.5,0.5,0.51,0.01,0.01,74466.7,1776363717000
1776363719.094,119.094,0.48,0.5,0.5,0.52,0.02,0.02,74466.45,1776363718000
1776363719.443,119.443,0.47,0.49,0.51,0.53,0.02,0.02,74466.45,1776363718000
1776363719.803,119.803,0.45,0.47,0.53,0.55,0.02,0.02,74466.45,1776363718000
1776363720.487,120.487,0.46,0.47,0.53,0.54,0.01,0.01,74465.0,1776363719000
1776363721.085,121.085,0.46,0.47,0.53,0.54,0.01,0.01,74465.0,1776363719000
1776363721.837,121.837,0.44,0.45,0.53,0.55,0.01,0.02,74461.24,1776363720000
1776363722.281,122.281,0.44,0.45,0.55,0.56,0.01,0.01,74459.87,1776363721000
1776363722.73,122.73,0.43,0.44,0.55,0.57,0.01,0.02,74459.87,1776363721000
1776363723.123,123.123,0.43,0.44,0.56,0.57,0.01,0.01,74459.87,1776363721000
1776363723.638,123.638,0.43,0.44,0.56,0.57,0.01,0.01,74459.86,1776363722000
1776363724.049,124.049,0.43,0.44,0.56,0.57,0.01,0.01,74459.86,1776363722000
1776363724.384,124.384,0.43,0.44,0.56,0.57,0.01,0.01,74459.86,1776363722000
1776363724.722,124.722,0.44,0.45,0.55,0.56,0.01,0.01,74459.64,1776363723000
1776363725.14,125.14,0.45,0.47,0.53,0.55,0.02,0.02,74456.96,1776363724000
1776363725.554,125.554,0.46,0.47,0.53,0.54,0.01,0.01,74456.96,1776363724000
1776363725.892,125.892,0.46,0.47,0.53,0.54,0.01,0.01,74456.96,1776363724000
1776363726.378,126.378,0.46,0.47,0.53,0.54,0.01,0.01,74456.96,1776363724000
1776363726.872,126.872,0.46,0.47,0.53,0.54,0.01,0.01,74456.94,1776363725000
1776363727.244,127.244,0.46,0.47,0.53,0.54,0.01,0.01,74460.79,1776363726000
1776363727.584,127.584,0.46,0.47,0.53,0.54,0.01,0.01,74460.79,1776363726000
1776363728.43,128.43,0.46,0.47,0.53,0.54,0.01,0.01,74461.24,1776363727000
1776363728.962,128.962,0.46,0.47,0.53,0.54,0.01,0.01,74461.24,1776363727000
1776363730.197,130.197,0.46,0.47,0.53,0.54,0.01,0.01,74461.49,1776363729000
1776363730.601,130.601,0.46,0.47,0.53,0.54,0.01,0.01,74461.49,1776363729000
1776363730.948,130.948,0.47,0.5,0.5,0.53,0.03,0.03,74461.49,1776363729000
1776363731.293,131.293,0.51,0.52,0.48,0.49,0.01,0.01,74461.49,1776363729000
1776363731.657,131.657,0.51,0.52,0.48,0.49,0.01,0.01,74466.94,1776363730000
1776363731.991,131.991,0.51,0.52,0.48,0.49,0.01,0.01,74468.59,1776363731000
1776363732.379,132.379,0.51,0.52,0.48,0.49,0.01,0.01,74468.59,1776363731000
1776363733.113,133.113,0.51,0.52,0.48,0.49,0.01,0.01,74469.11,1776363732000
1776363734.164,134.164,0.51,0.52,0.48,0.49,0.01,0.01,74469.11,1776363732000
1776363734.498,134.498,0.52,0.54,0.46,0.48,0.02,0.02,74469.62,1776363733000
1776363734.852,134.852,0.52,0.53,0.47,0.48,0.01,0.01,74469.62,1776363733000
1776363735.277,135.277,0.53,0.54,0.46,0.48,0.01,0.02,74469.62,1776363733000
1776363735.627,135.627,0.53,0.54,0.46,0.47,0.01,0.01,74476.16,1776363734000
1776363736.087,136.087,0.53,0.54,0.46,0.47,0.01,0.01,74476.43,1776363735000
1776363736.473,136.473,0.54,0.55,0.45,0.47,0.01,0.02,74476.43,1776363735000
1776363736.973,136.973,0.54,0.55,0.45,0.46,0.01,0.01,74476.43,1776363735000
1776363737.762,137.762,0.55,0.56,0.44,0.46,0.01,0.02,74476.9,1776363736000
1776363738.425,138.425,0.55,0.56,0.44,0.45,0.01,0.01,74477.9,1776363737000
1776363739.084,139.084,0.55,0.56,0.44,0.45,0.01,0.01,74478.01,1776363738000
1776363739.419,139.419,0.54,0.56,0.44,0.46,0.02,0.02,74478.01,1776363738000
1776363739.785,139.785,0.53,0.55,0.46,0.47,0.02,0.01,74478.01,1776363738000
1776363740.182,140.182,0.54,0.55,0.45,0.46,0.01,0.01,74478.01,1776363738000
1776363740.787,140.787,0.53,0.54,0.45,0.47,0.01,0.02,74475.82,1776363739000
1776363741.171,141.171,0.53,0.54,0.46,0.47,0.01,0.01,74472.34,1776363740000
1776363741.698,141.698,0.51,0.52,0.46,0.49,0.01,0.03,74472.34,1776363740000
1776363742.189,142.189,0.51,0.52,0.48,0.49,0.01,0.01,74472.34,1776363740000
1776363742.613,142.613,0.51,0.52,0.48,0.49,0.01,0.01,74469.3,1776363741000
1776363743.025,143.025,0.5,0.51,0.49,0.5,0.01,0.01,74469.3,1776363741000
1776363743.671,143.671,0.49,0.51,0.49,0.51,0.02,0.02,74469.08,1776363742000
1776363744.312,144.312,0.49,0.51,0.49,0.51,0.02,0.02,74466.93,1776363743000
1776363744.652,144.652,0.5,0.51,0.49,0.5,0.01,0.01,74466.93,1776363743000
1776363744.996,144.996,0.5,0.51,0.49,0.5,0.01,0.01,74466.93,1776363743000
1776363745.36,145.36,0.5,0.51,0.49,0.5,0.01,0.01,74468.91,1776363744000
1776363746.01,146.01,0.5,0.51,0.49,0.5,0.01,0.01,74468.91,1776363744000
1776363746.697,146.697,0.5,0.51,0.49,0.5,0.01,0.01,74468.9,1776363745000
1776363747.065,147.065,0.5,0.51,0.49,0.5,0.01,0.01,74468.9,1776363745000
1776363747.486,147.486,0.5,0.51,0.49,0.5,0.01,0.01,74469.53,1776363746000
1776363747.997,147.997,0.5,0.51,0.49,0.5,0.01,0.01,74469.26,1776363747000
1776363748.361,148.361,0.5,0.51,0.49,0.5,0.01,0.01,74469.26,1776363747000
1776363748.809,148.809,0.51,0.52,0.48,0.5,0.01,0.02,74469.26,1776363747000
1776363749.411,149.411,0.51,0.52,0.48,0.49,0.01,0.01,74469.1,1776363748000
1776363749.931,149.931,0.51,0.52,0.48,0.49,0.01,0.01,74469.1,1776363748000
1776363750.271,150.271,0.51,0.52,0.48,0.49,0.01,0.01,74468.31,1776363749000
1776363750.619,150.619,0.51,0.52,0.48,0.49,0.01,0.01,74468.31,1776363749000
1776363750.969,150.969,0.51,0.52,0.48,0.49,0.01,0.01,74468.31,1776363749000
1776363751.339,151.339,0.51,0.52,0.48,0.49,0.01,0.01,74468.31,1776363749000
1776363751.707,151.707,0.51,0.52,0.48,0.49,0.01,0.01,74467.76,1776363750000
1776363752.458,152.458,0.51,0.52,0.48,0.49,0.01,0.01,74466.89,1776363751000
1776363753.133,153.133,0.5,0.51,0.48,0.5,0.01,0.02,74466.89,1776363751000
1776363753.934,153.934,0.5,0.51,0.49,0.5,0.01,0.01,74467.5,1776363752000
1776363755.202,155.202,0.5,0.51,0.49,0.5,0.01,0.01,74467.05,1776363754000
1776363755.741,155.741,0.5,0.51,0.49,0.5,0.01,0.01,74467.05,1776363754000
1776363756.103,156.103,0.44,0.45,0.55,0.56,0.01,0.01,74467.05,1776363754000
1776363756.473,156.473,0.42,0.44,0.56,0.58,0.02,0.02,74466.34,1776363755000
1776363756.809,156.809,0.43,0.44,0.56,0.57,0.01,0.01,74466.34,1776363755000
1776363757.157,157.157,0.42,0.43,0.56,0.58,0.01,0.02,74466.34,1776363755000
1776363757.512,157.512,0.42,0.43,0.57,0.58,0.01,0.01,74459.7,1776363756000
1776363757.864,157.864,0.42,0.43,0.57,0.58,0.01,0.01,74459.7,1776363756000
1776363758.249,158.249,0.42,0.45,0.57,0.58,0.03,0.01,74459.09,1776363757000
1776363758.826,158.826,0.43,0.44,0.56,0.57,0.01,0.01,74459.09,1776363757000
1776363759.452,159.452,0.43,0.44,0.56,0.57,0.01,0.01,74458.73,1776363758000
1776363760.129,160.129,0.43,0.44,0.56,0.57,0.01,0.01,74459.44,1776363759000
1776363761.183,161.183,0.43,0.44,0.56,0.57,0.01,0.01,74459.82,1776363760000
1776363761.585,161.585,0.43,0.45,0.56,0.57,0.02,0.01,74459.82,1776363760000
1776363762.002,162.002,0.43,0.44,0.55,0.57,0.01,0.02,74459.82,1776363760000
1776363762.423,162.423,0.43,0.44,0.56,0.57,0.01,0.01,74460.36,1776363761000
1776363762.917,162.917,0.43,0.44,0.56,0.57,0.01,0.01,74460.36,1776363761000
1776363763.349,163.349,0.43,0.44,0.56,0.57,0.01,0.01,74460.36,1776363761000
1776363763.754,163.754,0.4,0.43,0.57,0.59,0.03,0.02,74456.19,1776363762000
1776363764.098,164.098,0.4,0.43,0.59,0.6,0.03,0.01,74454.07,1776363763000
1776363764.464,164.464,0.4,0.42,0.57,0.6,0.02,0.03,74454.07,1776363763000
1776363765.052,165.052,0.4,0.42,0.58,0.6,0.02,0.02,74446.28,1776363764000
1776363766.099,166.099,0.4,0.41,0.59,0.6,0.01,0.01,74446.28,1776363764000
1776363766.445,166.445,0.4,0.41,0.59,0.6,0.01,0.01,74434.91,1776363765000
1776363766.871,166.871,0.4,0.41,0.59,0.6,0.01,0.01,74434.91,1776363765000
1776363767.423,167.423,0.39,0.41,0.59,0.61,0.02,0.02,74430.72,1776363766000
1776363767.76,167.76,0.37,0.38,0.62,0.63,0.01,0.01,74430.72,1776363766000
1776363768.156,168.156,0.36,0.38,0.62,0.64,0.02,0.02,74430.72,1776363766000
1776363768.506,168.506,0.35,0.37,0.63,0.65,0.02,0.02,74428.86,1776363767000
1776363768.841,168.841,0.35,0.36,0.64,0.65,0.01,0.01,74428.86,1776363767000
1776363769.215,169.215,0.34,0.36,0.64,0.66,0.02,0.02,74428.86,1776363767000
1776363769.674,169.674,0.36,0.39,0.61,0.63,0.03,0.02,74427.47,1776363768000
1776363770.411,170.411,0.33,0.36,0.63,0.67,0.03,0.04,74427.47,1776363768000
1776363770.775,170.775,0.34,0.36,0.64,0.66,0.02,0.02,74430.11,1776363769000
1776363771.115,171.115,0.34,0.35,0.65,0.66,0.01,0.01,74429.32,1776363770000
1776363771.8,171.8,0.34,0.35,0.65,0.66,0.01,0.01,74429.32,1776363770000
1776363772.341,172.341,0.34,0.35,0.65,0.66,0.01,0.01,74424.86,1776363771000
1776363772.952,172.952,0.34,0.35,0.65,0.66,0.01,0.01,74424.86,1776363771000
1776363773.431,173.431,0.3,0.35,0.65,0.67,0.05,0.02,74421.9,1776363772000
1776363773.897,173.897,0.3,0.32,0.68,0.7,0.02,0.02,74421.9,1776363772000
1776363774.306,174.306,0.28,0.32,0.68,0.72,0.04,0.04,74421.24,1776363773000
1776363774.641,174.641,0.31,0.32,0.68,0.69,0.01,0.01,74421.24,1776363773000
1776363774.987,174.987,0.27,0.3,0.7,0.73,0.03,0.03,74421.24,1776363773000
1776363775.326,175.326,0.23,0.3,0.7,0.71,0.07,0.01,74421.3,1776363774000
1776363775.68,175.68,0.22,0.28,0.72,0.78,0.06,0.06,74421.3,1776363774000
1776363776.148,176.148,0.22,0.28,0.72,0.78,0.06,0.06,74422.9,1776363775000
1776363776.554,176.554,0.27,0.28,0.72,0.78,0.01,0.06,74422.9,1776363775000
1776363777.022,177.022,0.28,0.29,0.71,0.72,0.01,0.01,74423.4,1776363776000
1776363777.442,177.442,0.28,0.29,0.71,0.72,0.01,0.01,74423.4,1776363776000
1776363777.79,177.79,0.28,0.29,0.71,0.72,0.01,0.01,74423.4,1776363776000
1776363778.406,178.406,0.28,0.29,0.71,0.72,0.01,0.01,74420.18,1776363777000
1776363778.748,178.748,0.26,0.28,0.7,0.77,0.02,0.07,74420.18,1776363777000
1776363779.107,179.107,0.23,0.25,0.75,0.77,0.02,0.02,74414.93,1776363778000
1776363779.51,179.51,0.23,0.26,0.75,0.77,0.03,0.02,74414.93,1776363778000
1776363779.847,179.847,0.25,0.28,0.74,0.75,0.03,0.01,74414.93,1776363778000
1776363780.216,180.216,0.23,0.25,0.76,0.77,0.02,0.01,74412.47,1776363779000
1776363780.567,180.567,0.22,0.25,0.75,0.77,0.03,0.02,74412.47,1776363779000
1776363780.933,180.933,0.22,0.23,0.77,0.79,0.01,0.02,74412.47,1776363779000
1776363781.588,181.588,0.23,0.24,0.76,0.77,0.01,0.01,74413.17,1776363780000
1776363782.047,182.047,0.23,0.24,0.76,0.77,0.01,0.01,74416.49,1776363781000
1776363782.77,182.77,0.23,0.24,0.76,0.77,0.01,0.01,74416.49,1776363781000
1776363783.124,183.124,0.23,0.24,0.76,0.77,0.01,0.01,74416.49,1776363781000
1776363783.541,183.541,0.23,0.24,0.76,0.77,0.01,0.01,74416.49,1776363781000
1776363783.931,183.931,0.23,0.24,0.76,0.77,0.01,0.01,74420.19,1776363782000
1776363784.341,184.341,0.23,0.24,0.76,0.77,0.01,0.01,74419.54,1776363783000
1776363784.73,184.73,0.23,0.24,0.76,0.77,0.01,0.01,74419.54,1776363783000
1776363785.065,185.065,0.23,0.24,0.76,0.77,0.01,0.01,74419.54,1776363784000
1776363785.444,185.444,0.22,0.24,0.76,0.78,0.02,0.02,74419.54,1776363784000
1776363785.814,185.814,0.22,0.24,0.76,0.78,0.02,0.02,74419.54,1776363784000
1776363786.171,186.171,0.22,0.23,0.77,0.78,0.01,0.01,74419.54,1776363784000
1776363786.531,186.531,0.22,0.23,0.77,0.78,0.01,0.01,74419.41,1776363785000
1776363787.335,187.335,0.22,0.23,0.77,0.78,0.01,0.01,74419.41,1776363785000
1776363787.721,187.721,0.22,0.23,0.77,0.78,0.01,0.01,74419.41,1776363785000
1776363788.125,188.125,0.22,0.23,0.77,0.78,0.01,0.01,74419.78,1776363786000
1776363788.666,188.666,0.22,0.23,0.77,0.78,0.01,0.01,74422.92,1776363787000
1776363789.091,189.091,0.22,0.23,0.77,0.78,0.01,0.01,74422.92,1776363787000
1776363789.49,189.49,0.22,0.23,0.77,0.78,0.01,0.01,74422.92,1776363787000
1776363789.983,189.983,0.22,0.23,0.77,0.78,0.01,0.01,74422.87,1776363788000
1776363790.332,190.332,0.22,0.24,0.76,0.78,0.02,0.02,74422.7,1776363789000
1776363790.683,190.683,0.22,0.24,0.76,0.78,0.02,0.02,74422.7,1776363789000
1776363791.056,191.056,0.22,0.26,0.77,0.78,0.04,0.01,74422.7,1776363789000
1776363791.399,191.399,0.21,0.27,0.73,0.79,0.06,0.06,74422.7,1776363789000
1776363791.738,191.738,0.2,0.21,0.79,0.8,0.01,0.01,74421.96,1776363790000
1776363792.185,192.185,0.2,0.21,0.79,0.8,0.01,0.01,74421.09,1776363791000
1776363793.009,193.009,0.2,0.21,0.79,0.8,0.01,0.01,74421.09,1776363791000
1776363793.362,193.362,0.2,0.21,0.79,0.8,0.01,0.01,74421.09,1776363791000
1776363793.818,193.818,0.2,0.21,0.79,0.8,0.01,0.01,74420.07,1776363792000
1776363794.151,194.151,0.2,0.21,0.79,0.8,0.01,0.01,74420.07,1776363792000
1776363794.816,194.816,0.2,0.21,0.79,0.8,0.01,0.01,74419.32,1776363793000
1776363795.294,195.294,0.2,0.21,0.79,0.8,0.01,0.01,74419.32,1776363793000
1776363795.859,195.859,0.2,0.21,0.79,0.8,0.01,0.01,74421.2,1776363794000
1776363796.306,196.306,0.2,0.21,0.79,0.81,0.01,0.02,74420.25,1776363795000
1776363796.783,196.783,0.2,0.21,0.79,0.8,0.01,0.01,74420.25,1776363795000
1776363797.131,197.131,0.2,0.21,0.79,0.8,0.01,0.01,74420.25,1776363795000
1776363797.515,197.515,0.2,0.21,0.79,0.8,0.01,0.01,74420.25,1776363795000
1776363797.906,197.906,0.16,0.17,0.83,0.84,0.01,0.01,74412.98,1776363796000
1776363798.258,198.258,0.16,0.17,0.83,0.84,0.01,0.01,74412.98,1776363796000
1776363798.65,198.65,0.16,0.17,0.83,0.84,0.01,0.01,74412.63,1776363797000
1776363798.988,198.988,0.16,0.2,0.8,0.84,0.04,0.04,74412.18,1776363798000
1776363799.54,199.54,0.16,0.17,0.83,0.84,0.01,0.01,74412.18,1776363798000
1776363800.399,200.399,0.16,0.17,0.83,0.84,0.01,0.01,74414.8,1776363799000
1776363800.963,200.963,0.16,0.17,0.83,0.84,0.01,0.01,74414.8,1776363799000
1776363801.489,201.489,0.16,0.18,0.82,0.84,0.02,0.02,74412.42,1776363800000
1776363801.993,201.993,0.16,0.17,0.83,0.84,0.01,0.01,74412.42,1776363800000
1776363802.346,202.346,0.16,0.17,0.83,0.84,0.01,0.01,74411.55,1776363801000
1776363802.742,202.742,0.15,0.17,0.83,0.85,0.02,0.02,74411.55,1776363801000
1776363803.119,203.119,0.15,0.16,0.84,0.88,0.01,0.04,74411.55,1776363801000
1776363803.463,203.463,0.14,0.16,0.84,0.86,0.02,0.02,74410.63,1776363802000
1776363803.834,203.834,0.14,0.15,0.85,0.86,0.01,0.01,74410.63,1776363802000
1776363804.169,204.169,0.1,0.14,0.86,0.9,0.04,0.04,74410.63,1776363802000
1776363804.566,204.566,0.1,0.12,0.88,0.9,0.02,0.02,74409.59,1776363803000
1776363805.341,205.341,0.09,0.1,0.88,0.91,0.01,0.03,74409.59,1776363803000
1776363805.928,205.928,0.09,0.1,0.9,0.91,0.01,0.01,74377.5,1776363805000
1776363807.131,207.131,0.09,0.1,0.9,0.91,0.01,0.01,74371.64,1776363806000
1776363808.206,208.206,0.09,0.1,0.9,0.91,0.01,0.01,74358.73,1776363807000
1776363808.952,208.952,0.08,0.1,0.9,0.91,0.02,0.01,74358.73,1776363807000
1776363809.285,209.285,0.08,0.09,0.91,0.92,0.01,0.01,74353.48,1776363808000
1776363809.623,209.623,0.05,0.09,0.91,0.95,0.04,0.04,74353.48,1776363808000
1776363810.096,210.096,0.05,0.09,0.91,0.95,0.04,0.04,74353.48,1776363808000
1776363810.443,210.443,0.05,0.08,0.92,0.95,0.03,0.03,74355.08,1776363809000
1776363810.8,210.8,0.05,0.09,0.91,0.95,0.04,0.04,74355.08,1776363809000
1776363811.217,211.217,0.04,0.06,0.91,0.95,0.02,0.04,74352.37,1776363810000
1776363811.565,211.565,0.04,0.06,0.94,0.96,0.02,0.02,74352.37,1776363810000
1776363811.942,211.942,0.03,0.09,0.91,0.97,0.06,0.06,74336.08,1776363811000
1776363812.301,212.301,0.03,0.09,0.91,0.97,0.06,0.06,74336.08,1776363811000
1776363812.636,212.636,0.03,0.05,0.95,0.97,0.02,0.02,74336.08,1776363811000
1776363812.973,212.973,0.03,0.09,0.91,0.97,0.06,0.06,74336.08,1776363811000
1776363813.419,213.419,0.03,0.05,0.95,0.97,0.02,0.02,74333.12,1776363812000
1776363813.76,213.76,0.03,0.04,0.96,0.97,0.01,0.01,74333.12,1776363812000
1776363814.115,214.115,0.03,0.04,0.96,0.97,0.01,0.01,74333.12,1776363812000
1776363814.45,214.45,0.02,0.03,0.97,0.98,0.01,0.01,74333.12,1776363812000
1776363814.785,214.785,0.02,0.03,0.97,0.98,0.01,0.01,74333.08,1776363813000
1776363815.145,215.145,0.02,0.03,0.97,0.98,0.01,0.01,74332.12,1776363814000
1776363815.498,215.498,0.02,0.03,0.97,0.98,0.01,0.01,74332.12,1776363814000
1776363815.834,215.834,0.02,0.03,0.97,0.98,0.01,0.01,74332.12,1776363814000
1776363816.225,216.225,0.02,0.03,0.97,0.98,0.01,0.01,74332.12,1776363814000
1776363816.593,216.593,0.02,0.03,0.97,0.98,0.01,0.01,74336.17,1776363815000
1776363816.967,216.967,0.02,0.03,0.97,0.98,0.01,0.01,74337.83,1776363816000
1776363817.483,217.483,0.02,0.03,0.97,0.98,0.01,0.01,74337.83,1776363816000
1776363817.948,217.948,0.02,0.03,0.97,0.98,0.01,0.01,74337.83,1776363816000
1776363818.314,218.314,0.02,0.03,0.97,0.98,0.01,0.01,74341.74,1776363817000
1776363818.674,218.674,0.02,0.03,0.97,0.98,0.01,0.01,74341.74,1776363817000
1776363819.029,219.029,0.02,0.03,0.97,0.98,0.01,0.01,74341.74,1776363817000
1776363819.398,219.398,0.02,0.03,0.97,0.98,0.01,0.01,74342.83,1776363818000
1776363819.761,219.761,0.02,0.03,0.97,0.98,0.01,0.01,74342.83,1776363818000
1776363820.222,220.222,0.02,0.03,0.97,0.98,0.01,0.01,74345.94,1776363819000
1776363820.57,220.57,0.01,0.02,0.97,0.99,0.01,0.02,74345.94,1776363819000
1776363820.916,220.916,0.01,0.02,0.98,0.99,0.01,0.01,74345.94,1776363819000
1776363821.354,221.354,0.01,0.02,0.97,0.99,0.01,0.02,74344.45,1776363820000
1776363821.691,221.691,0.01,0.02,0.98,0.99,0.01,0.01,74344.45,1776363820000
1776363822.075,222.075,0.01,0.02,0.98,0.99,0.01,0.01,74344.45,1776363820000
1776363822.547,222.547,0.01,0.02,0.98,0.99,0.01,0.01,74344.21,1776363821000
1776363822.981,222.981,0.01,0.02,0.98,0.99,0.01,0.01,74344.83,1776363822000
1776363823.463,223.463,0.01,0.02,0.98,0.99,0.01,0.01,74344.83,1776363822000
1776363823.885,223.885,0.01,0.02,0.98,0.99,0.01,0.01,74344.83,1776363822000
1776363824.234,224.234,0.01,0.02,0.98,0.99,0.01,0.01,74347.15,1776363823000
1776363824.622,224.622,0.01,0.02,0.98,0.99,0.01,0.01,74347.15,1776363823000
1776363825.001,225.001,0.01,0.02,0.98,0.99,0.01,0.01,74347.15,1776363823000
1776363825.345,225.345,0.01,0.02,0.98,0.99,0.01,0.01,74346.83,1776363824000
1776363825.762,225.762,0.01,0.02,0.98,0.99,0.01,0.01,74346.83,1776363824000
1776363826.173,226.173,0.01,0.02,0.98,0.99,0.01,0.01,74346.83,1776363824000
1776363826.553,226.553,0.01,0.02,0.98,0.99,0.01,0.01,74347.03,1776363825000
1776363827.001,227.001,0.01,0.02,0.98,0.99,0.01,0.01,74347.03,1776363825000
1776363827.345,227.345,0.01,0.02,0.98,0.99,0.01,0.01,74347.78,1776363826000
1776363827.82,227.82,0.01,0.02,0.98,0.99,0.01,0.01,74347.78,1776363826000
1776363828.182,228.182,0.01,0.02,0.98,0.99,0.01,0.01,74350.09,1776363827000
1776363828.549,228.549,0.01,0.02,0.98,0.99,0.01,0.01,74350.09,1776363827000
1776363828.911,228.911,0.01,0.02,0.98,0.99,0.01,0.01,74350.09,1776363827000
1776363829.27,229.27,0.01,0.02,0.98,0.99,0.01,0.01,74354.73,1776363828000
1776363829.603,229.603,0.01,0.02,0.98,0.99,0.01,0.01,74354.73,1776363828000
1776363830.062,230.062,0.01,0.02,0.98,0.99,0.01,0.01,74354.73,1776363828000
1776363830.437,230.437,0.01,0.02,0.98,0.99,0.01,0.01,74356.48,1776363829000
1776363830.829,230.829,0.01,0.02,0.98,0.99,0.01,0.01,74356.48,1776363829000
1776363831.268,231.268,0.01,0.02,0.98,0.99,0.01,0.01,74356.48,1776363829000
1776363831.69,231.69,0.01,0.02,0.98,0.99,0.01,0.01,74356.48,1776363830000
1776363832.404,232.404,0.01,0.02,0.98,0.99,0.01,0.01,74356.48,1776363830000
1776363832.752,232.752,0.01,0.02,0.98,0.99,0.01,0.01,74356.29,1776363831000
1776363833.143,233.143,0.01,0.02,0.98,0.99,0.01,0.01,74356.29,1776363831000
1776363833.573,233.573,0.01,0.02,0.98,0.99,0.01,0.01,74356.28,1776363832000
1776363833.935,233.935,0.01,0.02,0.98,0.99,0.01,0.01,74356.28,1776363832000
1776363834.276,234.276,0.01,0.02,0.98,0.99,0.01,0.01,74356.28,1776363832000
1776363834.822,234.822,0.01,0.02,0.98,0.99,0.01,0.01,74356.04,1776363833000
1776363835.234,235.234,0.01,0.02,0.98,0.99,0.01,0.01,74356.04,1776363833000
1776363835.568,235.568,0.01,0.02,0.98,0.99,0.01,0.01,74356.65,1776363834000
1776363836.029,236.029,0.01,0.02,0.98,0.99,0.01,0.01,74356.65,1776363834000
1776363836.715,236.715,0.01,0.02,0.98,0.99,0.01,0.01,74356.65,1776363835000
1776363837.066,237.066,0.01,0.02,0.98,0.99,0.01,0.01,74356.65,1776363835000
1776363837.456,237.456,0.01,0.02,0.98,0.99,0.01,0.01,74352.03,1776363836000
1776363837.821,237.821,0.01,0.01,0.99,0.99,0.0,0.0,74352.03,1776363836000
1776363838.164,238.164,0.01,0.01,0.99,0.99,0.0,0.0,74352.03,1776363836000
1776363838.598,238.598,0.01,0.01,0.99,0.99,0.0,0.0,74338.57,1776363837000
1776363839.031,239.031,0.01,0.01,0.99,0.99,0.0,0.0,74338.57,1776363837000
1776363839.408,239.408,0.01,0.01,0.99,0.99,0.0,0.0,74340.72,1776363838000
1776363839.752,239.752,0.01,0.01,0.99,0.99,0.0,0.0,74340.72,1776363838000
1776363840.381,240.381,0.01,0.01,0.99,0.99,0.0,0.0,74338.9,1776363839000
1776363840.74,240.74,0.01,0.01,0.99,0.99,0.0,0.0,74338.9,1776363839000
1776363841.613,241.613,0.01,0.01,0.99,0.99,0.0,0.0,74336.89,1776363840000
1776363841.962,241.962,0.01,0.01,0.99,0.99,0.0,0.0,74336.89,1776363840000
1776363842.311,242.311,0.01,0.01,0.99,0.99,0.0,0.0,74336.89,1776363840000
1776363842.909,242.909,0.01,0.01,0.99,0.99,0.0,0.0,74337.06,1776363841000
1776363843.659,243.659,0.01,0.01,0.99,0.99,0.0,0.0,74324.54,1776363842000
1776363844.476,244.476,0.01,0.01,0.99,0.99,0.0,0.0,74326.37,1776363843000
1776363845.005,245.005,0.01,0.01,0.99,0.99,0.0,0.0,74326.84,1776363844000
1776363845.387,245.387,0.01,0.01,0.99,0.99,0.0,0.0,74326.84,1776363844000
1776363846.019,246.019,0.01,0.01,0.99,0.99,0.0,0.0,74329.52,1776363845000
1776363846.808,246.808,0.01,0.01,0.99,0.99,0.0,0.0,74329.52,1776363845000
1776363848.16,248.16,0.01,0.01,0.99,0.99,0.0,0.0,74329.0,1776363847000
1776363848.552,248.552,0.01,0.01,0.99,0.99,0.0,0.0,74329.0,1776363847000
1776363849.433,249.433,0.01,0.01,0.99,0.99,0.0,0.0,74325.55,1776363848000
1776363849.99,249.99,0.01,0.01,0.99,0.99,0.0,0.0,74324.01,1776363849000
1776363851.265,251.265,0.01,0.01,0.99,0.99,0.0,0.0,74321.56,1776363850000
1776363851.753,251.753,0.01,0.01,0.99,0.99,0.0,0.0,74321.56,1776363850000
1776363852.465,252.465,0.01,0.01,0.99,0.99,0.0,0.0,74320.73,1776363851000
1776363852.96,252.96,0.01,0.01,0.99,0.99,0.0,0.0,74316.38,1776363852000
1776363853.354,253.354,0.01,0.01,0.99,0.99,0.0,0.0,74316.38,1776363852000
1776363853.742,253.742,0.01,0.01,0.99,0.99,0.0,0.0,74316.38,1776363852000
1776363854.153,254.153,0.01,0.01,0.99,0.99,0.0,0.0,74310.38,1776363853000
1776363854.679,254.679,0.01,0.01,0.99,0.99,0.0,0.0,74310.38,1776363853000
1776363855.287,255.287,0.01,0.01,0.99,0.99,0.0,0.0,74310.38,1776363853000
1776363856.012,256.012,0.01,0.01,0.99,0.99,0.0,0.0,74307.15,1776363855000
1776363857.089,257.089,0.01,0.01,0.99,0.99,0.0,0.0,74303.32,1776363856000
1776363857.656,257.656,0.01,0.01,0.99,0.99,0.0,0.0,74303.32,1776363856000
1776363858.028,258.028,0.01,0.01,0.99,0.99,0.0,0.0,74303.32,1776363856000
1776363858.951,258.951,0.01,0.01,0.99,0.99,0.0,0.0,74300.87,1776363857000
1776363859.323,259.323,0.01,0.01,0.99,0.99,0.0,0.0,74297.06,1776363858000
1776363859.977,259.977,0.01,0.01,0.99,0.99,0.0,0.0,74295.65,1776363859000
1776363861.057,261.057,0.01,0.01,0.99,0.99,0.0,0.0,74293.79,1776363860000
1776363862.248,262.248,0.01,0.01,0.99,0.99,0.0,0.0,74293.79,1776363860000
1776363862.649,262.649,0.01,0.01,0.99,0.99,0.0,0.0,74294.6,1776363861000
1776363863.202,263.202,0.01,0.01,0.99,0.99,0.0,0.0,74294.6,1776363861000
1776363863.974,263.974,0.01,0.01,0.99,0.99,0.0,0.0,74295.81,1776363862000
1776363864.591,264.591,0.01,0.01,0.99,0.99,0.0,0.0,74311.85,1776363863000
1776363865.101,265.101,0.01,0.01,0.99,0.99,0.0,0.0,74315.62,1776363864000
1776363866.038,266.038,0.01,0.01,0.99,0.99,0.0,0.0,74315.62,1776363864000
1776363866.618,266.618,0.01,0.01,0.99,0.99,0.0,0.0,74318.65,1776363865000
1776363867.313,267.313,0.01,0.01,0.99,0.99,0.0,0.0,74318.65,1776363865000
1776363868.056,268.056,0.01,0.01,0.99,0.99,0.0,0.0,74318.52,1776363867000
1776363869.05,269.05,0.01,0.01,0.99,0.99,0.0,0.0,74318.52,1776363867000
1776363869.454,269.454,0.01,0.01,0.99,0.99,0.0,0.0,74318.69,1776363868000
1776363870.143,270.143,0.01,0.01,0.99,0.99,0.0,0.0,74318.78,1776363869000
1776363870.912,270.912,0.01,0.01,0.99,0.99,0.0,0.0,74318.78,1776363869000
1776363871.335,271.335,0.01,0.01,0.99,0.99,0.0,0.0,74318.78,1776363869000
1776363872.174,272.174,0.01,0.01,0.99,0.99,0.0,0.0,74315.26,1776363871000
1776363872.836,272.836,0.01,0.01,0.99,0.99,0.0,0.0,74315.26,1776363871000
1776363873.464,273.464,0.01,0.01,0.99,0.99,0.0,0.0,74314.62,1776363872000
1776363874.085,274.085,0.01,0.01,0.99,0.99,0.0,0.0,74312.59,1776363873000
1776363875.462,275.462,0.01,0.01,0.99,0.99,0.0,0.0,74299.92,1776363874000
1776363876.029,276.029,0.01,0.01,0.99,0.99,0.0,0.0,74299.92,1776363874000
1776363877.307,277.307,0.01,0.01,0.99,0.99,0.0,0.0,74293.54,1776363876000
1776363878.328,278.328,0.01,0.01,0.99,0.99,0.0,0.0,74294.76,1776363877000
1776363879.32,279.32,0.01,0.01,0.99,0.99,0.0,0.0,74298.87,1776363878000
1776363880.267,280.267,0.01,0.01,0.99,0.99,0.0,0.0,74302.98,1776363879000
1776363881.3,281.3,0.01,0.01,0.99,0.99,0.0,0.0,74303.12,1776363880000
1776363882.225,282.225,0.01,0.01,0.99,0.99,0.0,0.0,74299.69,1776363881000
1776363883.177,283.177,0.01,0.01,0.99,0.99,0.0,0.0,74298.94,1776363882000
1776363884.165,284.165,0.01,0.01,0.99,0.99,0.0,0.0,74299.0,1776363883000
1776363884.657,284.657,0.01,0.01,0.99,0.99,0.0,0.0,74299.0,1776363883000
1776363885.046,285.046,0.01,0.01,0.99,0.99,0.0,0.0,74299.4,1776363884000
1776363885.545,285.545,0.01,0.01,0.99,0.99,0.0,0.0,74299.4,1776363884000
1776363886.016,286.016,0.01,0.01,0.99,0.99,0.0,0.0,74298.65,1776363885000
1776363886.972,286.972,0.01,0.01,0.99,0.99,0.0,0.0,74298.83,1776363886000
1776363888.01,288.01,0.01,0.01,0.99,0.99,0.0,0.0,74298.83,1776363887000
1776363888.969,288.969,0.01,0.01,0.99,0.99,0.0,0.0,74288.83,1776363888000
1776363889.816,289.816,0.01,0.01,0.99,0.99,0.0,0.0,74288.83,1776363888000
1776363890.271,290.271,0.01,0.01,0.99,0.99,0.0,0.0,74288.37,1776363889000
1776363890.953,290.953,0.01,0.01,0.99,0.99,0.0,0.0,74288.37,1776363889000
1776363891.802,291.802,0.01,0.01,0.99,0.99,0.0,0.0,74285.52,1776363890000
1776363892.367,292.367,0.01,0.01,0.99,0.99,0.0,0.0,74285.52,1776363890000
1776363893.24,293.24,0.01,0.01,0.99,0.99,0.0,0.0,74296.08,1776363892000
1776363894.628,294.628,0.01,0.01,0.99,0.99,0.0,0.0,74294.55,1776363893000
1776363895.013,295.013,0.01,0.01,0.99,0.99,0.0,0.0,74294.55,1776363893000
1776363895.507,295.507,0.01,0.01,0.99,0.99,0.0,0.0,74293.2,1776363894000
1776363896.398,296.398,0.01,0.01,0.99,0.99,0.0,0.0,74291.06,1776363895000
1776363896.874,296.874,0.01,0.01,0.99,0.99,0.0,0.0,74291.06,1776363895000
1776363897.865,297.865,0.01,0.01,0.99,0.99,0.0,0.0,74290.92,1776363896000
1776363898.517,298.517,0.01,0.01,0.99,0.99,0.0,0.0,74293.37,1776363897000
1776363899.108,299.108,0.01,0.01,0.99,0.99,0.0,0.0,74294.36,1776363898000
1776363900.481,300.481,0.01,0.01,0.99,0.99,0.0,0.0,74294.36,1776363898000
1776363901.225,301.225,0.01,0.01,0.99,0.99,0.0,0.0,74294.61,1776363900000
1776363902.669,302.669,0.01,0.01,0.99,0.99,0.0,0.0,74304.75,1776363901000

# RESULT,winner=Down,slug=btc-updown-5m-1776363600,ticks=609
