timestamp,elapsed_sec,up_bid,up_ask,down_bid,down_ask,up_spread,down_spread,btc_price,btc_oracle_ts
1777296900.537,0.537,0.49,0.5,0.48,0.49,0.01,0.01,77739.65,1777296899000
1777296901.055,1.055,0.49,0.5,0.5,0.51,0.01,0.01,77739.65,1777296899000
1777296901.451,1.451,0.45,0.46,0.54,0.55,0.01,0.01,77742.12,1777296900000
1777296902.043,2.043,0.45,0.46,0.54,0.56,0.01,0.02,77742.12,1777296900000
1777296902.385,2.385,0.42,0.43,0.57,0.58,0.01,0.01,77743.72,1777296901000
1777296902.839,2.839,0.41,0.43,0.57,0.59,0.02,0.02,77743.72,1777296901000
1777296903.174,3.174,0.42,0.43,0.57,0.58,0.01,0.01,77735.92,1777296902000
1777296903.51,3.51,0.42,0.43,0.57,0.58,0.01,0.01,77735.92,1777296902000
1777296904.008,4.008,0.43,0.44,0.57,0.58,0.01,0.01,77735.92,1777296902000
1777296904.346,4.346,0.44,0.45,0.55,0.56,0.01,0.01,77723.01,1777296903000
1777296904.748,4.748,0.47,0.5,0.51,0.53,0.03,0.02,77723.01,1777296903000
1777296905.086,5.086,0.49,0.5,0.5,0.51,0.01,0.01,77723.01,1777296903000
1777296905.422,5.422,0.49,0.5,0.5,0.51,0.01,0.01,77725.35,1777296904000
1777296905.756,5.756,0.49,0.5,0.5,0.51,0.01,0.01,77725.35,1777296904000
1777296906.1,6.1,0.5,0.51,0.49,0.5,0.01,0.01,77725.35,1777296904000
1777296906.618,6.618,0.51,0.52,0.48,0.49,0.01,0.01,77733.35,1777296905000
1777296907.305,7.305,0.51,0.52,0.48,0.49,0.01,0.01,77736.49,1777296906000
1777296907.728,7.728,0.51,0.52,0.48,0.49,0.01,0.01,77736.49,1777296906000
1777296908.269,8.269,0.48,0.49,0.51,0.52,0.01,0.01,77736.49,1777296906000
1777296908.625,8.625,0.47,0.48,0.51,0.53,0.01,0.02,77739.62,1777296907000
1777296909.028,9.028,0.47,0.48,0.52,0.53,0.01,0.01,77739.62,1777296907000
1777296909.506,9.506,0.47,0.48,0.52,0.53,0.01,0.01,77739.62,1777296907000
1777296909.884,9.884,0.47,0.48,0.52,0.53,0.01,0.01,77738.2,1777296908000
1777296910.233,10.233,0.47,0.48,0.52,0.53,0.01,0.01,77738.2,1777296908000
1777296910.572,10.572,0.47,0.48,0.52,0.53,0.01,0.01,77736.36,1777296909000
1777296910.954,10.954,0.45,0.46,0.54,0.55,0.01,0.01,77736.36,1777296909000
1777296911.317,11.317,0.45,0.46,0.54,0.55,0.01,0.01,77733.89,1777296910000
1777296911.656,11.656,0.45,0.47,0.53,0.55,0.02,0.02,77733.89,1777296910000
1777296911.992,11.992,0.46,0.49,0.51,0.54,0.03,0.03,77733.89,1777296910000
1777296912.327,12.327,0.49,0.5,0.5,0.51,0.01,0.01,77730.04,1777296911000
1777296912.718,12.718,0.49,0.5,0.5,0.51,0.01,0.01,77730.04,1777296911000
1777296913.083,13.083,0.49,0.5,0.5,0.51,0.01,0.01,77730.04,1777296911000
1777296913.565,13.565,0.49,0.5,0.5,0.51,0.01,0.01,77730.18,1777296912000
1777296913.935,13.935,0.49,0.5,0.5,0.51,0.01,0.01,77730.18,1777296912000
1777296914.752,14.752,0.5,0.53,0.47,0.5,0.03,0.03,77730.18,1777296912000
1777296915.331,15.331,0.52,0.53,0.47,0.49,0.01,0.02,77734.67,1777296913000
1777296916.295,16.295,0.52,0.53,0.47,0.48,0.01,0.01,77736.8,1777296914000
1777296916.726,16.726,0.52,0.53,0.47,0.48,0.01,0.01,77740.58,1777296915000
1777296917.191,17.191,0.52,0.53,0.47,0.49,0.01,0.02,77740.58,1777296915000
1777296917.529,17.529,0.52,0.53,0.47,0.48,0.01,0.01,77742.85,1777296916000
1777296918.075,18.075,0.5,0.51,0.49,0.5,0.01,0.01,77742.85,1777296916000
1777296918.573,18.573,0.48,0.49,0.49,0.54,0.01,0.05,77742.85,1777296916000
1777296918.995,18.995,0.48,0.49,0.51,0.52,0.01,0.01,77744.37,1777296917000
1777296919.383,19.383,0.45,0.49,0.51,0.55,0.04,0.04,77744.37,1777296917000
1777296919.804,19.804,0.44,0.45,0.55,0.56,0.01,0.01,77744.37,1777296917000
1777296920.196,20.196,0.42,0.43,0.57,0.58,0.01,0.01,77744.37,1777296917000
1777296920.577,20.577,0.42,0.43,0.57,0.58,0.01,0.01,77741.97,1777296919000
1777296920.939,20.939,0.43,0.45,0.56,0.58,0.02,0.02,77741.97,1777296919000
1777296921.336,21.336,0.47,0.5,0.51,0.54,0.03,0.03,77741.97,1777296919000
1777296921.919,21.919,0.5,0.51,0.5,0.53,0.01,0.03,77735.08,1777296920000
1777296922.292,22.292,0.5,0.51,0.49,0.5,0.01,0.01,77735.08,1777296920000
1777296922.867,22.867,0.5,0.51,0.49,0.5,0.01,0.01,77729.41,1777296921000
1777296923.416,23.416,0.5,0.52,0.48,0.5,0.02,0.02,77729.41,1777296921000
1777296923.964,23.964,0.5,0.51,0.48,0.5,0.01,0.02,77729.41,1777296921000
1777296924.302,24.302,0.51,0.52,0.48,0.49,0.01,0.01,77738.72,1777296922000
1777296924.635,24.635,0.5,0.52,0.48,0.5,0.02,0.02,77739.9,1777296923000
1777296924.981,24.981,0.51,0.52,0.48,0.49,0.01,0.01,77739.9,1777296923000
1777296925.736,25.736,0.5,0.52,0.48,0.5,0.02,0.02,77740.67,1777296924000
1777296926.071,26.071,0.48,0.5,0.5,0.52,0.02,0.02,77740.67,1777296924000
1777296926.458,26.458,0.49,0.5,0.5,0.51,0.01,0.01,77740.6,1777296925000
1777296926.829,26.829,0.49,0.5,0.5,0.51,0.01,0.01,77740.6,1777296925000
1777296927.26,27.26,0.49,0.5,0.5,0.51,0.01,0.01,77740.6,1777296925000
1777296927.794,27.794,0.49,0.5,0.5,0.51,0.01,0.01,77742.54,1777296926000
1777296928.132,28.132,0.49,0.5,0.5,0.51,0.01,0.01,77742.54,1777296926000
1777296928.613,28.613,0.49,0.5,0.5,0.51,0.01,0.01,77737.94,1777296927000
1777296929.214,29.214,0.49,0.5,0.5,0.51,0.01,0.01,77738.3,1777296928000
1777296929.728,29.728,0.49,0.5,0.5,0.51,0.01,0.01,77738.3,1777296928000
1777296930.116,30.116,0.49,0.5,0.5,0.51,0.01,0.01,77738.3,1777296928000
1777296931.192,31.192,0.49,0.51,0.49,0.51,0.02,0.02,77738.62,1777296930000
1777296931.61,31.61,0.5,0.51,0.49,0.5,0.01,0.01,77738.62,1777296930000
1777296932.013,32.013,0.5,0.51,0.49,0.5,0.01,0.01,77738.62,1777296930000
1777296932.886,32.886,0.5,0.51,0.49,0.5,0.01,0.01,77739.3,1777296931000
1777296933.529,33.529,0.5,0.54,0.49,0.5,0.04,0.01,77741.47,1777296932000
1777296933.968,33.968,0.51,0.52,0.48,0.49,0.01,0.01,77741.47,1777296932000
1777296934.37,34.37,0.51,0.52,0.48,0.49,0.01,0.01,77741.51,1777296933000
1777296934.832,34.832,0.54,0.55,0.47,0.49,0.01,0.02,77741.51,1777296933000
1777296935.175,35.175,0.57,0.59,0.41,0.43,0.02,0.02,77741.63,1777296934000
1777296935.511,35.511,0.58,0.59,0.41,0.43,0.01,0.02,77741.63,1777296934000
1777296935.849,35.849,0.58,0.59,0.41,0.42,0.01,0.01,77741.63,1777296934000
1777296936.231,36.231,0.58,0.6,0.41,0.42,0.02,0.01,77741.63,1777296934000
1777296936.602,36.602,0.59,0.6,0.4,0.41,0.01,0.01,77753.24,1777296935000
1777296937.182,37.182,0.59,0.6,0.4,0.41,0.01,0.01,77754.39,1777296936000
1777296937.58,37.58,0.59,0.6,0.4,0.41,0.01,0.01,77754.39,1777296936000
1777296937.934,37.934,0.56,0.6,0.43,0.44,0.04,0.01,77754.39,1777296936000
1777296938.27,38.27,0.56,0.57,0.4,0.41,0.01,0.01,77754.39,1777296936000
1777296938.645,38.645,0.56,0.57,0.43,0.44,0.01,0.01,77753.85,1777296937000
1777296938.981,38.981,0.56,0.57,0.43,0.44,0.01,0.01,77752.21,1777296938000
1777296939.484,39.484,0.56,0.57,0.43,0.44,0.01,0.01,77752.21,1777296938000
1777296939.941,39.941,0.56,0.57,0.43,0.44,0.01,0.01,77752.21,1777296938000
1777296940.336,40.336,0.57,0.58,0.42,0.43,0.01,0.01,77750.03,1777296939000
1777296940.817,40.817,0.57,0.58,0.42,0.43,0.01,0.01,77750.03,1777296939000
1777296941.152,41.152,0.57,0.58,0.42,0.43,0.01,0.01,77750.03,1777296939000
1777296941.591,41.591,0.57,0.58,0.42,0.43,0.01,0.01,77753.39,1777296940000
1777296942.371,42.371,0.57,0.58,0.42,0.43,0.01,0.01,77756.48,1777296941000
1777296942.724,42.724,0.57,0.59,0.42,0.43,0.02,0.01,77756.48,1777296941000
1777296943.109,43.109,0.64,0.65,0.35,0.42,0.01,0.07,77756.48,1777296942000
1777296943.445,43.445,0.64,0.65,0.35,0.36,0.01,0.01,77756.48,1777296942000
1777296943.914,43.914,0.65,0.67,0.33,0.35,0.02,0.02,77756.48,1777296942000
1777296944.252,44.252,0.67,0.69,0.32,0.33,0.02,0.01,77756.48,1777296942000
1777296944.602,44.602,0.68,0.69,0.31,0.32,0.01,0.01,77759.87,1777296943000
1777296945.03,45.03,0.68,0.69,0.31,0.32,0.01,0.01,77759.87,1777296943000
1777296945.39,45.39,0.68,0.69,0.31,0.32,0.01,0.01,77759.87,1777296943000
1777296945.768,45.768,0.68,0.69,0.31,0.32,0.01,0.01,77770.5,1777296944000
1777296946.17,46.17,0.67,0.68,0.31,0.33,0.01,0.02,77773.57,1777296945000
1777296946.998,46.998,0.67,0.68,0.32,0.33,0.01,0.01,77773.57,1777296945000
1777296947.494,47.494,0.68,0.69,0.32,0.33,0.01,0.01,77774.44,1777296946000
1777296947.876,47.876,0.67,0.7,0.3,0.33,0.03,0.03,77774.44,1777296946000
1777296948.229,48.229,0.67,0.68,0.31,0.33,0.01,0.02,77774.44,1777296946000
1777296948.604,48.604,0.67,0.68,0.32,0.33,0.01,0.01,77776.44,1777296947000
1777296949.001,49.001,0.67,0.68,0.32,0.33,0.01,0.01,77776.44,1777296947000
1777296949.398,49.398,0.66,0.67,0.33,0.34,0.01,0.01,77780.81,1777296948000
1777296949.748,49.748,0.66,0.67,0.33,0.34,0.01,0.01,77780.81,1777296948000
1777296950.163,50.163,0.66,0.67,0.33,0.34,0.01,0.01,77779.42,1777296949000
1777296950.696,50.696,0.69,0.7,0.3,0.32,0.01,0.02,77779.42,1777296949000
1777296951.123,51.123,0.69,0.7,0.3,0.31,0.01,0.01,77779.42,1777296949000
1777296951.461,51.461,0.66,0.7,0.3,0.31,0.04,0.01,77779.42,1777296949000
1777296951.879,51.879,0.7,0.71,0.29,0.31,0.01,0.02,77779.42,1777296949000
1777296952.234,52.234,0.7,0.71,0.29,0.3,0.01,0.01,77778.75,1777296950000
1777296952.592,52.592,0.7,0.71,0.29,0.3,0.01,0.01,77778.75,1777296950000
1777296952.988,52.988,0.7,0.71,0.29,0.3,0.01,0.01,77781.92,1777296951000
1777296953.526,53.526,0.7,0.71,0.29,0.3,0.01,0.01,77781.92,1777296952000
1777296953.916,53.916,0.7,0.71,0.29,0.3,0.01,0.01,77781.92,1777296952000
1777296954.365,54.365,0.7,0.71,0.29,0.3,0.01,0.01,77781.92,1777296952000
1777296954.723,54.723,0.7,0.71,0.29,0.3,0.01,0.01,77781.92,1777296953000
1777296955.151,55.151,0.69,0.7,0.3,0.31,0.01,0.01,77781.7,1777296954000
1777296955.514,55.514,0.67,0.68,0.3,0.31,0.01,0.01,77781.7,1777296954000
1777296955.952,55.952,0.65,0.66,0.34,0.35,0.01,0.01,77781.7,1777296954000
1777296956.301,56.301,0.65,0.66,0.34,0.35,0.01,0.01,77781.7,1777296954000
1777296956.742,56.742,0.66,0.67,0.33,0.34,0.01,0.01,77780.89,1777296955000
1777296957.091,57.091,0.66,0.67,0.33,0.34,0.01,0.01,77779.79,1777296956000
1777296957.607,57.607,0.66,0.67,0.33,0.34,0.01,0.01,77779.79,1777296956000
1777296958.084,58.084,0.65,0.66,0.33,0.35,0.01,0.02,77779.79,1777296956000
1777296958.503,58.503,0.65,0.66,0.34,0.35,0.01,0.01,77778.85,1777296957000
1777296958.874,58.874,0.63,0.64,0.36,0.37,0.01,0.01,77778.85,1777296957000
1777296959.263,59.263,0.63,0.64,0.36,0.37,0.01,0.01,77778.85,1777296957000
1777296959.667,59.667,0.63,0.64,0.36,0.37,0.01,0.01,77778.13,1777296958000
1777296960.023,60.023,0.63,0.64,0.36,0.37,0.01,0.01,77778.13,1777296958000
1777296960.395,60.395,0.63,0.64,0.36,0.37,0.01,0.01,77778.13,1777296958000
1777296960.824,60.824,0.63,0.64,0.36,0.37,0.01,0.01,77774.01,1777296959000
1777296961.183,61.183,0.6,0.64,0.36,0.37,0.04,0.01,77773.82,1777296960000
1777296961.538,61.538,0.6,0.61,0.39,0.4,0.01,0.01,77773.82,1777296960000
1777296961.908,61.908,0.58,0.6,0.39,0.42,0.02,0.03,77773.82,1777296960000
1777296962.424,62.424,0.59,0.6,0.4,0.41,0.01,0.01,77773.82,1777296961000
1777296962.767,62.767,0.59,0.6,0.4,0.41,0.01,0.01,77773.82,1777296961000
1777296963.158,63.158,0.59,0.6,0.4,0.41,0.01,0.01,77773.82,1777296961000
1777296963.653,63.653,0.57,0.59,0.41,0.43,0.02,0.02,77769.13,1777296962000
1777296963.99,63.99,0.58,0.59,0.41,0.42,0.01,0.01,77769.13,1777296962000
1777296964.351,64.351,0.58,0.59,0.41,0.42,0.01,0.01,77761.49,1777296963000
1777296964.73,64.73,0.58,0.59,0.41,0.42,0.01,0.01,77761.49,1777296963000
1777296965.082,65.082,0.53,0.54,0.46,0.47,0.01,0.01,77761.49,1777296963000
1777296965.43,65.43,0.52,0.53,0.47,0.48,0.01,0.01,77758.07,1777296964000
1777296965.789,65.789,0.52,0.53,0.47,0.48,0.01,0.01,77758.07,1777296964000
1777296966.138,66.138,0.52,0.53,0.47,0.48,0.01,0.01,77758.07,1777296964000
1777296966.483,66.483,0.52,0.53,0.47,0.48,0.01,0.01,77758.07,1777296964000
1777296967.0,67.0,0.52,0.53,0.47,0.48,0.01,0.01,77757.34,1777296965000
1777296967.434,67.434,0.52,0.53,0.47,0.48,0.01,0.01,77757.34,1777296965000
1777296967.809,67.809,0.52,0.53,0.47,0.48,0.01,0.01,77745.48,1777296966000
1777296968.224,68.224,0.52,0.53,0.47,0.48,0.01,0.01,77745.48,1777296966000
1777296968.701,68.701,0.51,0.53,0.47,0.49,0.02,0.02,77744.34,1777296967000
1777296969.687,69.687,0.52,0.53,0.47,0.48,0.01,0.01,77743.46,1777296968000
1777296970.093,70.093,0.52,0.53,0.47,0.48,0.01,0.01,77743.41,1777296969000
1777296970.433,70.433,0.52,0.55,0.45,0.48,0.03,0.03,77743.41,1777296969000
1777296970.894,70.894,0.57,0.59,0.41,0.45,0.02,0.04,77743.41,1777296969000
1777296971.314,71.314,0.56,0.58,0.43,0.44,0.02,0.01,77743.41,1777296969000
1777296971.659,71.659,0.63,0.64,0.36,0.38,0.01,0.02,77746.59,1777296970000
1777296972.033,72.033,0.63,0.64,0.35,0.37,0.01,0.02,77746.59,1777296970000
1777296972.374,72.374,0.63,0.64,0.36,0.37,0.01,0.01,77750.93,1777296971000
1777296972.86,72.86,0.61,0.62,0.37,0.39,0.01,0.02,77750.93,1777296971000
1777296973.223,73.223,0.6,0.61,0.39,0.4,0.01,0.01,77762.21,1777296972000
1777296973.738,73.738,0.6,0.61,0.39,0.4,0.01,0.01,77762.21,1777296972000
1777296974.12,74.12,0.6,0.61,0.39,0.4,0.01,0.01,77762.21,1777296972000
1777296974.526,74.526,0.62,0.64,0.36,0.38,0.02,0.02,77766.61,1777296973000
1777296975.01,75.01,0.63,0.64,0.36,0.37,0.01,0.01,77766.61,1777296973000
1777296975.36,75.36,0.63,0.64,0.36,0.37,0.01,0.01,77765.02,1777296974000
1777296975.808,75.808,0.63,0.64,0.36,0.37,0.01,0.01,77765.02,1777296974000
1777296976.228,76.228,0.61,0.64,0.36,0.39,0.03,0.03,77765.54,1777296975000
1777296977.5,77.5,0.61,0.62,0.38,0.39,0.01,0.01,77766.98,1777296976000
1777296977.889,77.889,0.61,0.62,0.38,0.39,0.01,0.01,77766.98,1777296976000
1777296978.361,78.361,0.55,0.62,0.38,0.43,0.07,0.05,77765.18,1777296977000
1777296978.704,78.704,0.51,0.59,0.47,0.49,0.08,0.02,77765.18,1777296977000
1777296979.062,79.062,0.51,0.54,0.42,0.44,0.03,0.02,77765.18,1777296977000
1777296979.432,79.432,0.52,0.53,0.47,0.48,0.01,0.01,77753.7,1777296978000
1777296979.77,79.77,0.52,0.53,0.47,0.48,0.01,0.01,77753.7,1777296978000
1777296980.117,80.117,0.52,0.53,0.47,0.48,0.01,0.01,77753.7,1777296978000
1777296980.486,80.486,0.52,0.53,0.47,0.48,0.01,0.01,77745.05,1777296979000
1777296981.14,81.14,0.52,0.53,0.47,0.48,0.01,0.01,77745.85,1777296980000
1777296981.562,81.562,0.52,0.53,0.47,0.48,0.01,0.01,77745.85,1777296980000
1777296981.901,81.901,0.52,0.53,0.47,0.48,0.01,0.01,77745.85,1777296980000
1777296982.448,82.448,0.52,0.53,0.47,0.48,0.01,0.01,77745.74,1777296981000
1777296982.785,82.785,0.53,0.55,0.46,0.47,0.02,0.01,77745.74,1777296981000
1777296983.166,83.166,0.54,0.55,0.44,0.46,0.01,0.02,77745.74,1777296981000
1777296983.865,83.865,0.54,0.55,0.45,0.46,0.01,0.01,77746.71,1777296982000
1777296984.345,84.345,0.54,0.55,0.45,0.46,0.01,0.01,77749.34,1777296983000
1777296985.139,85.139,0.54,0.55,0.45,0.46,0.01,0.01,77750.4,1777296984000
1777296985.648,85.648,0.57,0.58,0.45,0.46,0.01,0.01,77750.4,1777296984000
1777296986.189,86.189,0.58,0.59,0.41,0.42,0.01,0.01,77752.88,1777296985000
1777296986.558,86.558,0.61,0.62,0.38,0.42,0.01,0.04,77752.88,1777296985000
1777296986.895,86.895,0.61,0.62,0.38,0.39,0.01,0.01,77752.88,1777296985000
1777296987.236,87.236,0.61,0.63,0.36,0.39,0.02,0.03,77752.88,1777296985000
1777296987.637,87.637,0.63,0.64,0.36,0.37,0.01,0.01,77769.1,1777296986000
1777296988.315,88.315,0.63,0.66,0.34,0.37,0.03,0.03,77773.75,1777296987000
1777296988.825,88.825,0.66,0.67,0.34,0.35,0.01,0.01,77773.75,1777296987000
1777296989.204,89.204,0.66,0.67,0.33,0.34,0.01,0.01,77776.27,1777296988000
1777296989.688,89.688,0.66,0.67,0.33,0.34,0.01,0.01,77776.27,1777296988000
1777296990.125,90.125,0.66,0.67,0.33,0.34,0.01,0.01,77776.27,1777296988000
1777296990.997,90.997,0.66,0.67,0.33,0.34,0.01,0.01,77776.37,1777296989000
1777296991.335,91.335,0.65,0.67,0.33,0.34,0.02,0.01,77775.0,1777296990000
1777296991.878,91.878,0.62,0.63,0.37,0.38,0.01,0.01,77775.0,1777296990000
1777296992.233,92.233,0.61,0.63,0.37,0.39,0.02,0.02,77774.46,1777296991000
1777296992.699,92.699,0.61,0.62,0.38,0.4,0.01,0.02,77774.46,1777296991000
1777296993.299,93.299,0.61,0.62,0.38,0.39,0.01,0.01,77767.19,1777296992000
1777296993.661,93.661,0.6,0.61,0.38,0.39,0.01,0.01,77767.19,1777296992000
1777296994.099,94.099,0.6,0.61,0.39,0.4,0.01,0.01,77765.45,1777296993000
1777296994.507,94.507,0.6,0.61,0.39,0.4,0.01,0.01,77765.45,1777296993000
1777296994.865,94.865,0.6,0.61,0.39,0.4,0.01,0.01,77765.45,1777296993000
1777296995.273,95.273,0.6,0.61,0.39,0.42,0.01,0.03,77764.87,1777296994000
1777296995.685,95.685,0.6,0.61,0.39,0.4,0.01,0.01,77764.87,1777296994000
1777296996.213,96.213,0.6,0.61,0.39,0.4,0.01,0.01,77764.87,1777296994000
1777296996.547,96.547,0.61,0.62,0.38,0.39,0.01,0.01,77764.87,1777296994000
1777296996.885,96.885,0.61,0.63,0.38,0.39,0.02,0.01,77758.76,1777296995000
1777296997.304,97.304,0.63,0.64,0.36,0.39,0.01,0.03,77758.76,1777296995000
1777296997.693,97.693,0.65,0.66,0.34,0.35,0.01,0.01,77758.61,1777296996000
1777296998.037,98.037,0.65,0.66,0.34,0.35,0.01,0.01,77758.61,1777296996000
1777296998.539,98.539,0.65,0.66,0.34,0.35,0.01,0.01,77758.61,1777296996000
1777296999.424,99.424,0.68,0.69,0.31,0.32,0.01,0.01,77765.94,1777296998000
1777296999.939,99.939,0.68,0.69,0.31,0.32,0.01,0.01,77765.94,1777296998000
1777297000.379,100.379,0.68,0.7,0.3,0.32,0.02,0.02,77769.34,1777296999000
1777297000.869,100.869,0.68,0.69,0.31,0.32,0.01,0.01,77769.34,1777296999000
1777297001.453,101.453,0.68,0.69,0.31,0.32,0.01,0.01,77769.34,1777296999000
1777297001.811,101.811,0.68,0.69,0.31,0.32,0.01,0.01,77772.17,1777297000000
1777297002.297,102.297,0.68,0.69,0.31,0.32,0.01,0.01,77772.27,1777297001000
1777297002.642,102.642,0.68,0.7,0.31,0.32,0.02,0.01,77772.27,1777297001000
1777297003.092,103.092,0.69,0.7,0.29,0.31,0.01,0.02,77772.27,1777297001000
1777297003.464,103.464,0.69,0.7,0.3,0.31,0.01,0.01,77772.39,1777297002000
1777297003.805,103.805,0.69,0.7,0.3,0.31,0.01,0.01,77772.39,1777297002000
1777297004.165,104.165,0.69,0.7,0.3,0.31,0.01,0.01,77772.39,1777297002000
1777297004.695,104.695,0.69,0.7,0.3,0.31,0.01,0.01,77775.48,1777297003000
1777297005.391,105.391,0.69,0.7,0.3,0.31,0.01,0.01,77775.48,1777297003000
1777297005.967,105.967,0.69,0.7,0.3,0.31,0.01,0.01,77778.82,1777297005000
1777297006.444,106.444,0.69,0.7,0.3,0.31,0.01,0.01,77778.82,1777297005000
1777297006.884,106.884,0.69,0.7,0.3,0.31,0.01,0.01,77778.82,1777297005000
1777297007.312,107.312,0.69,0.7,0.3,0.31,0.01,0.01,77778.18,1777297006000
1777297007.684,107.684,0.69,0.7,0.3,0.31,0.01,0.01,77778.18,1777297006000
1777297008.147,108.147,0.69,0.7,0.3,0.31,0.01,0.01,77778.18,1777297006000
1777297008.716,108.716,0.69,0.7,0.3,0.31,0.01,0.01,77777.22,1777297007000
1777297009.215,109.215,0.69,0.7,0.3,0.31,0.01,0.01,77777.22,1777297007000
1777297009.809,109.809,0.69,0.7,0.3,0.31,0.01,0.01,77777.81,1777297008000
1777297010.226,110.226,0.69,0.71,0.29,0.31,0.02,0.02,77777.81,1777297008000
1777297010.629,110.629,0.74,0.75,0.25,0.28,0.01,0.03,77777.81,1777297008000
1777297011.084,111.084,0.74,0.75,0.25,0.27,0.01,0.02,77777.81,1777297008000
1777297011.417,111.417,0.74,0.75,0.25,0.26,0.01,0.01,77779.01,1777297010000
1777297011.86,111.86,0.74,0.75,0.25,0.26,0.01,0.01,77779.01,1777297010000
1777297012.266,112.266,0.74,0.75,0.25,0.26,0.01,0.01,77788.43,1777297011000
1777297012.69,112.69,0.74,0.75,0.25,0.26,0.01,0.01,77788.43,1777297011000
1777297013.086,113.086,0.74,0.75,0.25,0.26,0.01,0.01,77788.43,1777297011000
1777297013.493,113.493,0.74,0.75,0.25,0.26,0.01,0.01,77790.21,1777297012000
1777297014.088,114.088,0.75,0.76,0.25,0.26,0.01,0.01,77790.21,1777297012000
1777297014.431,114.431,0.75,0.76,0.24,0.25,0.01,0.01,77790.63,1777297013000
1777297015.246,115.246,0.75,0.76,0.24,0.25,0.01,0.01,77790.09,1777297014000
1777297015.589,115.589,0.75,0.76,0.24,0.25,0.01,0.01,77790.09,1777297014000
1777297015.937,115.937,0.75,0.76,0.24,0.25,0.01,0.01,77790.09,1777297014000
1777297016.433,116.433,0.75,0.76,0.24,0.25,0.01,0.01,77789.91,1777297015000
1777297016.907,116.907,0.75,0.76,0.24,0.25,0.01,0.01,77789.91,1777297015000
1777297017.529,117.529,0.75,0.76,0.24,0.25,0.01,0.01,77791.19,1777297016000
1777297017.943,117.943,0.75,0.76,0.24,0.25,0.01,0.01,77791.19,1777297016000
1777297018.675,118.675,0.75,0.77,0.24,0.25,0.02,0.01,77791.01,1777297017000
1777297019.079,119.079,0.76,0.77,0.23,0.24,0.01,0.01,77791.01,1777297017000
1777297019.447,119.447,0.76,0.77,0.23,0.24,0.01,0.01,77791.42,1777297018000
1777297020.076,120.076,0.76,0.77,0.23,0.24,0.01,0.01,77791.42,1777297018000
1777297020.465,120.465,0.76,0.77,0.23,0.24,0.01,0.01,77792.02,1777297019000
1777297020.82,120.82,0.76,0.77,0.23,0.24,0.01,0.01,77792.02,1777297019000
1777297021.266,121.266,0.74,0.75,0.25,0.27,0.01,0.02,77792.02,1777297019000
1777297021.65,121.65,0.74,0.75,0.25,0.26,0.01,0.01,77794.29,1777297020000
1777297021.984,121.984,0.74,0.75,0.25,0.26,0.01,0.01,77794.29,1777297020000
1777297022.453,122.453,0.75,0.76,0.24,0.26,0.01,0.02,77794.29,1777297021000
1777297022.794,122.794,0.75,0.78,0.22,0.25,0.03,0.03,77794.29,1777297021000
1777297023.334,123.334,0.76,0.78,0.22,0.25,0.02,0.03,77794.29,1777297021000
1777297023.714,123.714,0.77,0.79,0.21,0.23,0.02,0.02,77791.23,1777297022000
1777297024.179,124.179,0.77,0.79,0.21,0.23,0.02,0.02,77791.23,1777297023000
1777297024.898,124.898,0.78,0.81,0.2,0.22,0.03,0.02,77791.23,1777297023000
1777297025.251,125.251,0.81,0.82,0.18,0.19,0.01,0.01,77805.54,1777297024000
1777297025.848,125.848,0.82,0.83,0.17,0.18,0.01,0.01,77805.54,1777297024000
1777297026.219,126.219,0.81,0.83,0.18,0.19,0.02,0.01,77805.54,1777297024000
1777297026.593,126.593,0.79,0.83,0.17,0.22,0.04,0.05,77812.05,1777297025000
1777297026.934,126.934,0.78,0.8,0.2,0.23,0.02,0.03,77812.05,1777297025000
1777297027.331,127.331,0.77,0.78,0.22,0.25,0.01,0.03,77812.05,1777297025000
1777297027.683,127.683,0.77,0.78,0.22,0.23,0.01,0.01,77802.95,1777297026000
1777297028.358,128.358,0.75,0.76,0.23,0.25,0.01,0.02,77802.95,1777297026000
1777297028.95,128.95,0.72,0.73,0.26,0.28,0.01,0.02,77791.58,1777297027000
1777297029.507,129.507,0.72,0.73,0.27,0.28,0.01,0.01,77790.29,1777297028000
1777297029.982,129.982,0.72,0.73,0.27,0.28,0.01,0.01,77790.29,1777297028000
1777297030.42,130.42,0.72,0.73,0.27,0.28,0.01,0.01,77790.29,1777297028000
1777297030.844,130.844,0.75,0.76,0.24,0.25,0.01,0.01,77788.09,1777297029000
1777297031.245,131.245,0.75,0.76,0.24,0.25,0.01,0.01,77788.09,1777297029000
1777297032.407,132.407,0.75,0.76,0.24,0.25,0.01,0.01,77789.18,1777297031000
1777297032.758,132.758,0.75,0.76,0.24,0.25,0.01,0.01,77789.18,1777297031000
1777297033.103,133.103,0.75,0.76,0.24,0.25,0.01,0.01,77789.18,1777297031000
1777297033.45,133.45,0.75,0.76,0.24,0.25,0.01,0.01,77789.18,1777297031000
1777297033.91,133.91,0.75,0.76,0.24,0.25,0.01,0.01,77787.83,1777297032000
1777297034.248,134.248,0.74,0.75,0.25,0.26,0.01,0.01,77787.04,1777297033000
1777297034.643,134.643,0.74,0.75,0.25,0.26,0.01,0.01,77787.04,1777297033000
1777297035.017,135.017,0.74,0.75,0.25,0.26,0.01,0.01,77787.04,1777297033000
1777297035.431,135.431,0.74,0.75,0.25,0.26,0.01,0.01,77786.75,1777297034000
1777297035.889,135.889,0.78,0.79,0.21,0.23,0.01,0.02,77786.75,1777297034000
1777297036.236,136.236,0.78,0.79,0.21,0.22,0.01,0.01,77786.54,1777297035000
1777297036.594,136.594,0.78,0.79,0.21,0.22,0.01,0.01,77786.54,1777297035000
1777297037.056,137.056,0.78,0.79,0.21,0.22,0.01,0.01,77786.54,1777297035000
1777297037.391,137.391,0.78,0.79,0.21,0.22,0.01,0.01,77788.76,1777297036000
1777297037.726,137.726,0.77,0.79,0.21,0.22,0.02,0.01,77788.76,1777297036000
1777297038.453,138.453,0.76,0.77,0.23,0.25,0.01,0.02,77788.76,1777297036000
1777297038.812,138.812,0.76,0.77,0.23,0.24,0.01,0.01,77791.44,1777297037000
1777297039.213,139.213,0.76,0.77,0.23,0.24,0.01,0.01,77791.44,1777297038000
1777297039.702,139.702,0.79,0.8,0.2,0.21,0.01,0.01,77791.44,1777297038000
1777297040.069,140.069,0.84,0.85,0.15,0.16,0.01,0.01,77791.44,1777297038000
1777297040.428,140.428,0.84,0.85,0.15,0.16,0.01,0.01,77791.44,1777297038000
1777297040.913,140.913,0.84,0.85,0.15,0.16,0.01,0.01,77791.77,1777297039000
1777297041.254,141.254,0.84,0.85,0.15,0.16,0.01,0.01,77791.77,1777297039000
1777297041.692,141.692,0.84,0.85,0.15,0.16,0.01,0.01,77793.19,1777297040000
1777297042.046,142.046,0.84,0.86,0.15,0.16,0.02,0.01,77793.19,1777297040000
1777297042.45,142.45,0.85,0.86,0.14,0.15,0.01,0.01,77801.91,1777297041000
1777297042.808,142.808,0.86,0.87,0.13,0.15,0.01,0.02,77801.91,1777297041000
1777297043.142,143.142,0.86,0.87,0.13,0.14,0.01,0.01,77801.91,1777297041000
1777297043.528,143.528,0.86,0.87,0.13,0.14,0.01,0.01,77804.07,1777297042000
1777297043.876,143.876,0.86,0.87,0.13,0.14,0.01,0.01,77804.07,1777297042000
1777297044.229,144.229,0.86,0.87,0.13,0.14,0.01,0.01,77804.07,1777297042000
1777297044.672,144.672,0.87,0.88,0.12,0.13,0.01,0.01,77807.82,1777297043000
1777297045.232,145.232,0.87,0.88,0.12,0.13,0.01,0.01,77809.5,1777297044000
1777297045.63,145.63,0.87,0.88,0.12,0.13,0.01,0.01,77809.5,1777297044000
1777297045.999,145.999,0.87,0.88,0.12,0.13,0.01,0.01,77812.46,1777297045000
1777297046.341,146.341,0.87,0.88,0.12,0.13,0.01,0.01,77812.46,1777297045000
1777297046.805,146.805,0.85,0.86,0.14,0.15,0.01,0.01,77812.46,1777297045000
1777297047.292,147.292,0.85,0.86,0.14,0.15,0.01,0.01,77813.03,1777297046000
1777297047.663,147.663,0.85,0.86,0.14,0.15,0.01,0.01,77813.03,1777297046000
1777297048.106,148.106,0.86,0.87,0.13,0.14,0.01,0.01,77813.4,1777297047000
1777297048.721,148.721,0.86,0.87,0.13,0.14,0.01,0.01,77813.4,1777297047000
1777297049.07,149.07,0.86,0.87,0.13,0.14,0.01,0.01,77813.4,1777297047000
1777297049.486,149.486,0.84,0.87,0.13,0.17,0.03,0.04,77813.37,1777297048000
1777297049.919,149.919,0.84,0.85,0.15,0.16,0.01,0.01,77813.37,1777297048000
1777297050.256,150.256,0.84,0.85,0.15,0.16,0.01,0.01,77808.0,1777297049000
1777297050.63,150.63,0.84,0.85,0.15,0.16,0.01,0.01,77808.0,1777297049000
1777297051.027,151.027,0.85,0.86,0.14,0.16,0.01,0.02,77808.0,1777297049000
1777297051.361,151.361,0.87,0.88,0.12,0.13,0.01,0.01,77807.35,1777297050000
1777297051.983,151.983,0.88,0.89,0.11,0.12,0.01,0.01,77807.35,1777297050000
1777297052.361,152.361,0.89,0.9,0.1,0.11,0.01,0.01,77807.35,1777297051000
1777297052.735,152.735,0.89,0.9,0.1,0.11,0.01,0.01,77807.35,1777297051000
1777297053.227,153.227,0.89,0.9,0.1,0.11,0.01,0.01,77813.25,1777297052000
1777297053.757,153.757,0.89,0.9,0.1,0.11,0.01,0.01,77813.25,1777297052000
1777297054.363,154.363,0.89,0.9,0.1,0.11,0.01,0.01,77813.25,1777297052000
1777297054.878,154.878,0.89,0.9,0.1,0.11,0.01,0.01,77816.93,1777297053000
1777297055.306,155.306,0.89,0.9,0.1,0.11,0.01,0.01,77821.72,1777297054000
1777297055.645,155.645,0.89,0.9,0.1,0.11,0.01,0.01,77821.72,1777297054000
1777297056.103,156.103,0.89,0.9,0.1,0.11,0.01,0.01,77821.72,1777297054000
1777297056.57,156.57,0.89,0.9,0.1,0.11,0.01,0.01,77822.28,1777297055000
1777297056.91,156.91,0.88,0.89,0.11,0.12,0.01,0.01,77822.28,1777297055000
1777297057.244,157.244,0.89,0.9,0.1,0.11,0.01,0.01,77818.07,1777297056000
1777297057.776,157.776,0.9,0.91,0.1,0.11,0.01,0.01,77818.07,1777297056000
1777297058.111,158.111,0.9,0.91,0.09,0.1,0.01,0.01,77818.07,1777297056000
1777297058.555,158.555,0.9,0.91,0.08,0.1,0.01,0.02,77814.19,1777297057000
1777297058.917,158.917,0.9,0.91,0.09,0.1,0.01,0.01,77814.19,1777297057000
1777297059.394,159.394,0.9,0.91,0.09,0.1,0.01,0.01,77814.19,1777297057000
1777297059.857,159.857,0.9,0.91,0.09,0.1,0.01,0.01,77823.2,1777297058000
1777297060.191,160.191,0.9,0.91,0.09,0.1,0.01,0.01,77823.2,1777297058000
1777297060.598,160.598,0.91,0.92,0.08,0.09,0.01,0.01,77824.44,1777297059000
1777297061.048,161.048,0.91,0.92,0.08,0.09,0.01,0.01,77824.57,1777297060000
1777297061.397,161.397,0.91,0.92,0.08,0.09,0.01,0.01,77824.57,1777297060000
1777297061.779,161.779,0.91,0.92,0.08,0.09,0.01,0.01,77824.57,1777297060000
1777297062.158,162.158,0.91,0.92,0.08,0.09,0.01,0.01,77824.55,1777297061000
1777297062.794,162.794,0.91,0.92,0.08,0.09,0.01,0.01,77824.55,1777297061000
1777297063.184,163.184,0.91,0.92,0.08,0.09,0.01,0.01,77825.5,1777297062000
1777297063.604,163.604,0.91,0.92,0.08,0.09,0.01,0.01,77825.5,1777297062000
1777297064.153,164.153,0.91,0.92,0.08,0.09,0.01,0.01,77825.5,1777297062000
1777297064.496,164.496,0.92,0.93,0.07,0.08,0.01,0.01,77826.2,1777297063000
1777297065.14,165.14,0.92,0.93,0.07,0.08,0.01,0.01,77826.2,1777297063000
1777297065.54,165.54,0.92,0.93,0.07,0.08,0.01,0.01,77825.57,1777297064000
1777297065.883,165.883,0.92,0.93,0.07,0.08,0.01,0.01,77825.57,1777297064000
1777297066.317,166.317,0.92,0.93,0.07,0.08,0.01,0.01,77825.4,1777297065000
1777297066.696,166.696,0.92,0.93,0.07,0.08,0.01,0.01,77825.4,1777297065000
1777297067.059,167.059,0.91,0.93,0.07,0.08,0.02,0.01,77825.4,1777297065000
1777297067.642,167.642,0.91,0.92,0.08,0.09,0.01,0.01,77825.34,1777297066000
1777297068.29,168.29,0.91,0.92,0.08,0.09,0.01,0.01,77823.97,1777297067000
1777297068.833,168.833,0.92,0.93,0.07,0.08,0.01,0.01,77823.97,1777297067000
1777297069.167,169.167,0.92,0.93,0.07,0.08,0.01,0.01,77823.97,1777297067000
1777297069.681,169.681,0.92,0.93,0.07,0.08,0.01,0.01,77823.39,1777297068000
1777297070.041,170.041,0.91,0.92,0.07,0.09,0.01,0.02,77823.39,1777297068000
1777297070.385,170.385,0.91,0.92,0.08,0.09,0.01,0.01,77823.39,1777297068000
1777297070.927,170.927,0.91,0.92,0.08,0.09,0.01,0.01,77822.38,1777297069000
1777297071.325,171.325,0.93,0.94,0.06,0.07,0.01,0.01,77822.38,1777297069000
1777297071.758,171.758,0.93,0.94,0.06,0.07,0.01,0.01,77822.37,1777297070000
1777297072.216,172.216,0.93,0.94,0.06,0.07,0.01,0.01,77822.37,1777297070000
1777297072.595,172.595,0.91,0.92,0.08,0.09,0.01,0.01,77820.74,1777297071000
1777297072.939,172.939,0.91,0.92,0.08,0.09,0.01,0.01,77820.74,1777297071000
1777297073.301,173.301,0.91,0.92,0.08,0.09,0.01,0.01,77821.61,1777297072000
1777297073.687,173.687,0.93,0.94,0.06,0.07,0.01,0.01,77821.61,1777297072000
1777297074.373,174.373,0.93,0.94,0.06,0.07,0.01,0.01,77821.61,1777297072000
1777297074.805,174.805,0.93,0.94,0.06,0.07,0.01,0.01,77818.55,1777297073000
1777297075.227,175.227,0.93,0.94,0.06,0.07,0.01,0.01,77818.55,1777297073000
1777297075.571,175.571,0.93,0.94,0.06,0.07,0.01,0.01,77818.17,1777297074000
1777297076.144,176.144,0.93,0.94,0.06,0.07,0.01,0.01,77818.17,1777297074000
1777297076.477,176.477,0.92,0.94,0.06,0.07,0.02,0.01,77818.54,1777297075000
1777297076.909,176.909,0.92,0.93,0.07,0.08,0.01,0.01,77818.54,1777297075000
1777297077.252,177.252,0.92,0.94,0.07,0.08,0.02,0.01,77818.54,1777297075000
1777297077.593,177.593,0.92,0.93,0.07,0.08,0.01,0.01,77818.2,1777297076000
1777297078.11,178.11,0.93,0.94,0.06,0.07,0.01,0.01,77818.2,1777297076000
1777297078.627,178.627,0.92,0.93,0.06,0.08,0.01,0.02,77819.52,1777297077000
1777297079.185,179.185,0.92,0.93,0.07,0.08,0.01,0.01,77819.52,1777297077000
1777297079.524,179.524,0.92,0.93,0.07,0.08,0.01,0.01,77819.52,1777297077000
1777297079.988,179.988,0.92,0.93,0.07,0.08,0.01,0.01,77819.6,1777297078000
1777297080.524,180.524,0.92,0.93,0.07,0.08,0.01,0.01,77819.57,1777297079000
1777297081.106,181.106,0.91,0.92,0.08,0.09,0.01,0.01,77819.57,1777297079000
1777297081.444,181.444,0.91,0.92,0.08,0.09,0.01,0.01,77819.06,1777297080000
1777297081.778,181.778,0.93,0.94,0.08,0.09,0.01,0.01,77819.06,1777297080000
1777297082.288,182.288,0.93,0.94,0.06,0.07,0.01,0.01,77819.06,1777297080000
1777297082.823,182.823,0.94,0.95,0.05,0.06,0.01,0.01,77819.06,1777297080000
1777297083.214,183.214,0.94,0.95,0.05,0.06,0.01,0.01,77815.1,1777297081000
1777297083.578,183.578,0.94,0.95,0.05,0.06,0.01,0.01,77815.1,1777297081000
1777297083.965,183.965,0.94,0.95,0.05,0.06,0.01,0.01,77819.85,1777297082000
1777297084.41,184.41,0.94,0.95,0.05,0.06,0.01,0.01,77819.85,1777297082000
1777297084.795,184.795,0.94,0.95,0.05,0.06,0.01,0.01,77819.94,1777297083000
1777297085.162,185.162,0.94,0.95,0.05,0.06,0.01,0.01,77821.16,1777297084000
1777297085.611,185.611,0.94,0.95,0.05,0.06,0.01,0.01,77821.16,1777297084000
1777297086.339,186.339,0.94,0.95,0.05,0.06,0.01,0.01,77821.16,1777297084000
1777297086.746,186.746,0.92,0.93,0.07,0.08,0.01,0.01,77820.21,1777297085000
1777297087.282,187.282,0.91,0.92,0.08,0.09,0.01,0.01,77820.21,1777297085000
1777297087.654,187.654,0.91,0.92,0.08,0.09,0.01,0.01,77820.2,1777297086000
1777297088.184,188.184,0.91,0.92,0.08,0.09,0.01,0.01,77820.2,1777297086000
1777297088.544,188.544,0.9,0.91,0.08,0.1,0.01,0.02,77817.49,1777297087000
1777297088.904,188.904,0.9,0.91,0.09,0.1,0.01,0.01,77817.49,1777297087000
1777297089.237,189.237,0.92,0.93,0.07,0.08,0.01,0.01,77817.49,1777297087000
1777297089.603,189.603,0.92,0.94,0.06,0.08,0.02,0.02,77814.99,1777297088000
1777297090.022,190.022,0.93,0.94,0.06,0.07,0.01,0.01,77814.99,1777297088000
1777297090.361,190.361,0.93,0.94,0.06,0.07,0.01,0.01,77812.58,1777297089000
1777297090.696,190.696,0.93,0.94,0.05,0.07,0.01,0.02,77812.58,1777297089000
1777297091.042,191.042,0.93,0.94,0.06,0.07,0.01,0.01,77812.58,1777297089000
1777297091.467,191.467,0.95,0.96,0.04,0.05,0.01,0.01,77813.19,1777297090000
1777297092.198,192.198,0.95,0.96,0.04,0.05,0.01,0.01,77816.07,1777297091000
1777297092.653,192.653,0.95,0.96,0.04,0.05,0.01,0.01,77816.07,1777297091000
1777297092.996,192.996,0.95,0.96,0.04,0.05,0.01,0.01,77816.07,1777297091000
1777297093.571,193.571,0.95,0.96,0.04,0.05,0.01,0.01,77816.07,1777297091000
1777297093.91,193.91,0.95,0.96,0.04,0.05,0.01,0.01,77819.93,1777297092000
1777297094.322,194.322,0.95,0.96,0.04,0.05,0.01,0.01,77822.22,1777297093000
1777297094.741,194.741,0.95,0.96,0.04,0.05,0.01,0.01,77822.22,1777297093000
1777297095.231,195.231,0.95,0.97,0.04,0.05,0.02,0.01,77822.22,1777297093000
1777297095.644,195.644,0.96,0.97,0.03,0.04,0.01,0.01,77823.37,1777297094000
1777297096.004,196.004,0.96,0.97,0.03,0.04,0.01,0.01,77823.37,1777297094000
1777297096.401,196.401,0.96,0.97,0.03,0.04,0.01,0.01,77824.58,1777297095000
1777297096.885,196.885,0.97,0.98,0.02,0.04,0.01,0.02,77824.58,1777297095000
1777297097.313,197.313,0.97,0.98,0.02,0.03,0.01,0.01,77824.58,1777297095000
1777297097.647,197.647,0.97,0.98,0.02,0.03,0.01,0.01,77832.42,1777297096000
1777297098.152,198.152,0.97,0.98,0.02,0.03,0.01,0.01,77832.42,1777297096000
1777297098.559,198.559,0.97,0.98,0.02,0.03,0.01,0.01,77834.58,1777297097000
1777297099.123,199.123,0.97,0.98,0.02,0.03,0.01,0.01,77834.58,1777297097000
1777297099.475,199.475,0.97,0.98,0.02,0.03,0.01,0.01,77836.54,1777297098000
1777297099.843,199.843,0.97,0.98,0.02,0.03,0.01,0.01,77836.54,1777297098000
1777297100.295,200.295,0.97,0.98,0.02,0.03,0.01,0.01,77839.66,1777297099000
1777297100.834,200.834,0.97,0.98,0.02,0.03,0.01,0.01,77839.66,1777297099000
1777297101.32,201.32,0.97,0.98,0.02,0.03,0.01,0.01,77840.11,1777297100000
1777297101.658,201.658,0.96,0.97,0.02,0.04,0.01,0.02,77840.11,1777297100000
1777297101.992,201.992,0.96,0.97,0.02,0.04,0.01,0.02,77840.11,1777297101000
1777297102.37,202.37,0.96,0.97,0.03,0.04,0.01,0.01,77840.11,1777297101000
1777297102.967,202.967,0.97,0.98,0.02,0.04,0.01,0.02,77840.11,1777297101000
1777297103.541,203.541,0.97,0.98,0.02,0.03,0.01,0.01,77838.14,1777297102000
1777297103.876,203.876,0.97,0.98,0.02,0.03,0.01,0.01,77838.14,1777297102000
1777297104.295,204.295,0.97,0.98,0.02,0.03,0.01,0.01,77838.14,1777297103000
1777297104.727,204.727,0.97,0.98,0.02,0.03,0.01,0.01,77838.14,1777297103000
1777297105.233,205.233,0.97,0.98,0.02,0.03,0.01,0.01,77838.32,1777297104000
1777297106.177,206.177,0.97,0.98,0.02,0.03,0.01,0.01,77843.75,1777297105000
1777297106.547,206.547,0.97,0.98,0.02,0.03,0.01,0.01,77843.75,1777297105000
1777297106.89,206.89,0.97,0.98,0.02,0.03,0.01,0.01,77843.75,1777297105000
1777297107.243,207.243,0.95,0.96,0.03,0.05,0.01,0.02,77843.75,1777297105000
1777297107.797,207.797,0.95,0.96,0.04,0.05,0.01,0.01,77844.89,1777297106000
1777297108.168,208.168,0.95,0.96,0.04,0.05,0.01,0.01,77843.6,1777297107000
1777297108.543,208.543,0.94,0.95,0.05,0.06,0.01,0.01,77843.6,1777297107000
1777297108.943,208.943,0.94,0.95,0.05,0.06,0.01,0.01,77843.6,1777297107000
1777297109.306,209.306,0.94,0.95,0.05,0.06,0.01,0.01,77826.76,1777297108000
1777297109.839,209.839,0.94,0.95,0.05,0.06,0.01,0.01,77826.76,1777297108000
1777297110.399,210.399,0.94,0.95,0.05,0.06,0.01,0.01,77823.57,1777297109000
1777297110.789,210.789,0.94,0.95,0.05,0.06,0.01,0.01,77823.57,1777297109000
1777297111.125,211.125,0.94,0.95,0.05,0.06,0.01,0.01,77822.87,1777297110000
1777297111.552,211.552,0.95,0.96,0.04,0.06,0.01,0.02,77822.87,1777297110000
1777297111.998,211.998,0.95,0.96,0.04,0.05,0.01,0.01,77822.87,1777297110000
1777297112.841,212.841,0.95,0.97,0.04,0.05,0.02,0.01,77823.17,1777297111000
1777297113.462,213.462,0.96,0.97,0.03,0.04,0.01,0.01,77822.92,1777297112000
1777297113.837,213.837,0.96,0.97,0.03,0.04,0.01,0.01,77822.92,1777297112000
1777297114.27,214.27,0.97,0.98,0.02,0.04,0.01,0.02,77822.55,1777297113000
1777297114.705,214.705,0.97,0.98,0.02,0.03,0.01,0.01,77822.55,1777297113000
1777297115.124,215.124,0.97,0.98,0.02,0.03,0.01,0.01,77823.6,1777297114000
1777297116.38,216.38,0.97,0.98,0.02,0.03,0.01,0.01,77823.6,1777297114000
1777297116.835,216.835,0.97,0.98,0.02,0.03,0.01,0.01,77823.6,1777297114000
1777297117.188,217.188,0.97,0.98,0.02,0.03,0.01,0.01,77822.37,1777297115000
1777297117.562,217.562,0.97,0.98,0.02,0.03,0.01,0.01,77822.37,1777297115000
1777297118.004,218.004,0.97,0.98,0.02,0.03,0.01,0.01,77822.55,1777297116000
1777297118.369,218.369,0.97,0.98,0.02,0.03,0.01,0.01,77822.55,1777297116000
1777297118.796,218.796,0.97,0.98,0.02,0.03,0.01,0.01,77822.55,1777297117000
1777297119.131,219.131,0.97,0.98,0.02,0.03,0.01,0.01,77822.91,1777297118000
1777297119.466,219.466,0.97,0.98,0.02,0.03,0.01,0.01,77822.91,1777297118000
1777297120.055,220.055,0.95,0.96,0.04,0.05,0.01,0.01,77822.91,1777297118000
1777297120.549,220.549,0.95,0.96,0.04,0.05,0.01,0.01,77824.4,1777297119000
1777297120.954,220.954,0.95,0.96,0.04,0.05,0.01,0.01,77824.4,1777297119000
1777297121.443,221.443,0.95,0.96,0.04,0.05,0.01,0.01,77821.56,1777297120000
1777297122.183,222.183,0.95,0.96,0.04,0.05,0.01,0.01,77821.56,1777297120000
1777297122.542,222.542,0.95,0.96,0.04,0.05,0.01,0.01,77814.04,1777297121000
1777297122.914,222.914,0.95,0.96,0.04,0.05,0.01,0.01,77814.04,1777297121000
1777297123.366,223.366,0.95,0.96,0.04,0.05,0.01,0.01,77814.04,1777297121000
1777297123.721,223.721,0.88,0.9,0.1,0.12,0.02,0.02,77814.15,1777297122000
1777297124.106,224.106,0.88,0.89,0.11,0.12,0.01,0.01,77813.7,1777297123000
1777297124.629,224.629,0.88,0.89,0.11,0.12,0.01,0.01,77813.7,1777297123000
1777297124.963,224.963,0.89,0.9,0.1,0.12,0.01,0.02,77813.7,1777297123000
1777297125.563,225.563,0.92,0.93,0.07,0.08,0.01,0.01,77805.46,1777297124000
1777297126.221,226.221,0.92,0.93,0.07,0.08,0.01,0.01,77805.46,1777297124000
1777297126.642,226.642,0.92,0.93,0.04,0.08,0.01,0.04,77801.78,1777297125000
1777297127.18,227.18,0.95,0.96,0.04,0.05,0.01,0.01,77801.78,1777297125000
1777297127.515,227.515,0.93,0.94,0.06,0.07,0.01,0.01,77808.63,1777297126000
1777297127.876,227.876,0.93,0.94,0.06,0.07,0.01,0.01,77808.63,1777297126000
1777297128.248,228.248,0.93,0.94,0.06,0.07,0.01,0.01,77808.86,1777297127000
1777297128.746,228.746,0.93,0.94,0.06,0.07,0.01,0.01,77808.86,1777297127000
1777297129.115,229.115,0.93,0.94,0.06,0.07,0.01,0.01,77808.86,1777297127000
1777297129.887,229.887,0.93,0.94,0.06,0.07,0.01,0.01,77801.29,1777297128000
1777297130.28,230.28,0.93,0.94,0.06,0.07,0.01,0.01,77801.29,1777297128000
1777297130.677,230.677,0.95,0.96,0.02,0.05,0.01,0.03,77799.49,1777297129000
1777297131.198,231.198,0.95,0.96,0.04,0.05,0.01,0.01,77799.49,1777297129000
1777297131.594,231.594,0.95,0.96,0.04,0.05,0.01,0.01,77799.49,1777297129000
1777297132.049,232.049,0.95,0.96,0.04,0.05,0.01,0.01,77799.75,1777297130000
1777297132.533,232.533,0.95,0.96,0.04,0.05,0.01,0.01,77802.98,1777297131000
1777297132.996,232.996,0.97,0.98,0.02,0.03,0.01,0.01,77802.98,1777297131000
1777297133.967,233.967,0.97,0.98,0.02,0.03,0.01,0.01,77806.88,1777297132000
1777297134.42,234.42,0.97,0.98,0.02,0.03,0.01,0.01,77806.88,1777297132000
1777297134.874,234.874,0.97,0.98,0.02,0.03,0.01,0.01,77813.77,1777297133000
1777297135.316,235.316,0.97,0.98,0.02,0.03,0.01,0.01,77813.77,1777297133000
1777297135.826,235.826,0.97,0.98,0.02,0.03,0.01,0.01,77813.77,1777297133000
1777297136.186,236.186,0.98,0.99,0.01,0.02,0.01,0.01,77813.77,1777297133000
1777297136.569,236.569,0.98,0.99,0.01,0.02,0.01,0.01,77836.58,1777297135000
1777297136.92,236.92,0.98,0.99,0.01,0.02,0.01,0.01,77836.58,1777297135000
1777297137.348,237.348,0.98,0.99,0.01,0.02,0.01,0.01,77837.48,1777297136000
1777297137.889,237.889,0.98,0.99,0.01,0.02,0.01,0.01,77837.48,1777297136000
1777297138.378,238.378,0.98,0.99,0.01,0.02,0.01,0.01,77837.48,1777297136000
1777297138.725,238.725,0.98,0.99,0.01,0.02,0.01,0.01,77854.68,1777297137000
1777297139.066,239.066,0.98,0.99,0.01,0.02,0.01,0.01,77854.68,1777297137000
1777297139.442,239.442,0.98,0.99,0.01,0.02,0.01,0.01,77854.71,1777297138000
1777297139.793,239.793,0.98,0.99,0.01,0.02,0.01,0.01,77854.71,1777297138000
1777297140.255,240.255,0.98,0.99,0.01,0.02,0.01,0.01,77854.71,1777297138000
1777297140.589,240.589,0.98,0.99,0.01,0.02,0.01,0.01,77854.71,1777297138000
1777297140.973,240.973,0.98,0.99,0.01,0.02,0.01,0.01,77855.99,1777297139000
1777297141.315,241.315,0.98,0.99,0.01,0.02,0.01,0.01,77855.99,1777297139000
1777297141.703,241.703,0.99,0.99,0.01,0.01,0.0,0.0,77855.99,1777297139000
1777297142.042,242.042,0.99,0.99,0.01,0.01,0.0,0.0,77855.6,1777297140000
1777297142.417,242.417,0.99,0.99,0.01,0.01,0.0,0.0,77855.38,1777297141000
1777297142.751,242.751,0.99,0.99,0.01,0.01,0.0,0.0,77855.38,1777297141000
1777297143.182,243.182,0.99,0.99,0.01,0.01,0.0,0.0,77855.38,1777297141000
1777297144.064,244.064,0.99,0.99,0.01,0.01,0.0,0.0,77856.99,1777297142000
1777297144.559,244.559,0.99,0.99,0.01,0.01,0.0,0.0,77859.19,1777297143000
1777297145.341,245.341,0.99,0.99,0.01,0.01,0.0,0.0,77859.19,1777297143000
1777297145.891,245.891,0.99,0.99,0.01,0.01,0.0,0.0,77858.89,1777297144000
1777297146.329,246.329,0.99,0.99,0.01,0.01,0.0,0.0,77858.89,1777297144000
1777297146.873,246.873,0.99,0.99,0.01,0.01,0.0,0.0,77858.12,1777297145000
1777297147.403,247.403,0.99,0.99,0.01,0.01,0.0,0.0,77859.22,1777297146000
1777297148.24,248.24,0.99,0.99,0.01,0.01,0.0,0.0,77859.22,1777297146000
1777297148.652,248.652,0.99,0.99,0.01,0.01,0.0,0.0,77860.46,1777297147000
1777297149.087,249.087,0.99,0.99,0.01,0.01,0.0,0.0,77861.15,1777297148000
1777297149.962,249.962,0.99,0.99,0.01,0.01,0.0,0.0,77861.15,1777297148000
1777297150.378,250.378,0.99,0.99,0.01,0.01,0.0,0.0,77861.15,1777297148000
1777297151.116,251.116,0.99,0.99,0.01,0.01,0.0,0.0,77852.72,1777297150000
1777297152.424,252.424,0.99,0.99,0.01,0.01,0.0,0.0,77855.25,1777297151000
1777297152.96,252.96,0.99,0.99,0.01,0.01,0.0,0.0,77855.25,1777297151000
1777297153.342,253.342,0.99,0.99,0.01,0.01,0.0,0.0,77855.25,1777297151000
1777297154.106,254.106,0.99,0.99,0.01,0.01,0.0,0.0,77855.58,1777297153000
1777297155.075,255.075,0.99,0.99,0.01,0.01,0.0,0.0,77855.58,1777297153000
1777297155.878,255.878,0.99,0.99,0.01,0.01,0.0,0.0,77852.01,1777297154000
1777297156.787,256.787,0.99,0.99,0.01,0.01,0.0,0.0,77852.98,1777297155000
1777297158.051,258.051,0.99,0.99,0.01,0.01,0.0,0.0,77861.32,1777297156000
1777297159.116,259.116,0.99,0.99,0.01,0.01,0.0,0.0,77862.13,1777297158000
1777297159.947,259.947,0.99,0.99,0.01,0.01,0.0,0.0,77862.13,1777297158000
1777297160.801,260.801,0.99,0.99,0.01,0.01,0.0,0.0,77864.25,1777297159000
1777297161.441,261.441,0.99,0.99,0.01,0.01,0.0,0.0,77862.4,1777297160000
1777297162.054,262.054,0.99,0.99,0.01,0.01,0.0,0.0,77862.59,1777297161000
1777297163.039,263.039,0.99,0.99,0.01,0.01,0.0,0.0,77861.45,1777297162000
1777297163.951,263.951,0.99,0.99,0.01,0.01,0.0,0.0,77861.34,1777297163000
1777297164.894,264.894,0.99,0.99,0.01,0.01,0.0,0.0,77861.34,1777297164000
1777297166.522,266.522,0.99,0.99,0.01,0.01,0.0,0.0,77861.34,1777297164000
1777297167.266,267.266,0.99,0.99,0.01,0.01,0.0,0.0,77861.39,1777297166000
1777297168.295,268.295,0.99,0.99,0.01,0.01,0.0,0.0,77859.98,1777297167000
1777297168.657,268.657,0.99,0.99,0.01,0.01,0.0,0.0,77859.98,1777297167000
1777297169.402,269.402,0.99,0.99,0.01,0.01,0.0,0.0,77859.98,1777297167000
1777297170.064,270.064,0.99,0.99,0.01,0.01,0.0,0.0,77850.58,1777297169000
1777297171.161,271.161,0.99,0.99,0.01,0.01,0.0,0.0,77850.42,1777297170000
1777297172.364,272.364,0.99,0.99,0.01,0.01,0.0,0.0,77849.65,1777297171000
1777297173.325,273.325,0.99,0.99,0.01,0.01,0.0,0.0,77849.65,1777297171000
1777297174.018,274.018,0.99,0.99,0.01,0.01,0.0,0.0,77847.37,1777297173000
1777297175.052,275.052,0.99,0.99,0.01,0.01,0.0,0.0,77847.37,1777297173000
1777297176.204,276.204,0.99,0.99,0.01,0.01,0.0,0.0,77843.02,1777297175000
1777297176.809,276.809,0.99,0.99,0.01,0.01,0.0,0.0,77843.02,1777297175000
1777297177.287,277.287,0.99,0.99,0.01,0.01,0.0,0.0,77850.47,1777297176000
1777297178.434,278.434,0.99,0.99,0.01,0.01,0.0,0.0,77848.5,1777297177000
1777297179.083,279.083,0.99,0.99,0.01,0.01,0.0,0.0,77848.5,1777297177000
1777297179.482,279.482,0.99,0.99,0.01,0.01,0.0,0.0,77850.58,1777297178000
1777297179.843,279.843,0.99,0.99,0.01,0.01,0.0,0.0,77850.58,1777297178000
1777297181.162,281.162,0.99,0.99,0.01,0.01,0.0,0.0,77850.52,1777297180000
1777297182.095,282.095,0.99,0.99,0.01,0.01,0.0,0.0,77846.44,1777297181000
1777297183.108,283.108,0.99,0.99,0.01,0.01,0.0,0.0,77846.99,1777297182000
1777297183.52,283.52,0.99,0.99,0.01,0.01,0.0,0.0,77846.99,1777297182000
1777297184.03,284.03,0.99,0.99,0.01,0.01,0.0,0.0,77846.99,1777297182000
1777297185.1,285.1,0.99,0.99,0.01,0.01,0.0,0.0,77842.27,1777297184000
1777297185.463,285.463,0.99,0.99,0.01,0.01,0.0,0.0,77842.27,1777297184000
1777297186.05,286.05,0.99,0.99,0.01,0.01,0.0,0.0,77834.9,1777297185000
1777297186.705,286.705,0.99,0.99,0.01,0.01,0.0,0.0,77834.9,1777297185000
1777297188.103,288.103,0.99,0.99,0.01,0.01,0.0,0.0,77832.57,1777297187000
1777297189.113,289.113,0.99,0.99,0.01,0.01,0.0,0.0,77832.0,1777297188000
1777297190.345,290.345,0.99,0.99,0.01,0.01,0.0,0.0,77834.24,1777297189000
1777297191.213,291.213,0.99,0.99,0.01,0.01,0.0,0.0,77831.96,1777297190000
1777297192.198,292.198,0.99,0.99,0.01,0.01,0.0,0.0,77832.21,1777297191000
1777297193.287,293.287,0.99,0.99,0.01,0.01,0.0,0.0,77832.21,1777297192000
1777297194.353,294.353,0.99,0.99,0.01,0.01,0.0,0.0,77830.46,1777297193000
1777297195.322,295.322,0.99,0.99,0.01,0.01,0.0,0.0,77830.46,1777297193000
1777297196.22,296.22,0.99,0.99,0.01,0.01,0.0,0.0,77834.92,1777297195000
1777297197.392,297.392,0.99,0.99,0.01,0.01,0.0,0.0,77842.35,1777297196000
1777297198.052,298.052,0.99,0.99,0.01,0.01,0.0,0.0,77844.31,1777297197000
1777297199.103,299.103,0.99,0.99,0.01,0.01,0.0,0.0,77844.31,1777297197000
1777297199.6,299.6,0.99,0.99,0.01,0.01,0.0,0.0,77846.38,1777297198000
1777297200.436,300.436,0.99,0.99,0.01,0.01,0.0,0.0,77844.77,1777297199000
1777297200.784,300.784,0.99,0.99,0.01,0.01,0.0,0.0,77844.77,1777297199000
1777297202.26,302.26,0.99,0.99,0.01,0.01,0.0,0.0,77843.4,1777297201000

# RESULT,winner=Up,slug=btc-updown-5m-1777296900,ticks=620
