timestamp,elapsed_sec,up_bid,up_ask,down_bid,down_ask,up_spread,down_spread,btc_price,btc_oracle_ts
1777272300.526,0.526,0.52,0.53,0.51,0.52,0.01,0.01,77630.89,1777272299000
1777272301.06,1.06,0.52,0.53,0.47,0.48,0.01,0.01,77630.89,1777272299000
1777272301.513,1.513,0.52,0.53,0.47,0.48,0.01,0.01,77630.39,1777272300000
1777272302.046,2.046,0.52,0.53,0.47,0.51,0.01,0.04,77630.39,1777272300000
1777272302.383,2.383,0.48,0.5,0.47,0.51,0.02,0.04,77630.39,1777272300000
1777272302.85,2.85,0.49,0.5,0.5,0.52,0.01,0.02,77630.4,1777272301000
1777272303.292,3.292,0.44,0.45,0.55,0.59,0.01,0.04,77630.41,1777272302000
1777272303.65,3.65,0.44,0.45,0.55,0.56,0.01,0.01,77630.41,1777272302000
1777272304.171,4.171,0.43,0.44,0.55,0.59,0.01,0.04,77630.41,1777272302000
1777272304.511,4.511,0.43,0.44,0.56,0.57,0.01,0.01,77627.47,1777272303000
1777272304.975,4.975,0.43,0.44,0.56,0.57,0.01,0.01,77624.05,1777272304000
1777272305.346,5.346,0.43,0.44,0.56,0.57,0.01,0.01,77624.05,1777272304000
1777272305.744,5.744,0.43,0.44,0.56,0.57,0.01,0.01,77624.05,1777272304000
1777272306.189,6.189,0.43,0.44,0.56,0.57,0.01,0.01,77624.05,1777272304000
1777272306.689,6.689,0.43,0.44,0.56,0.57,0.01,0.01,77622.36,1777272305000
1777272307.25,7.25,0.43,0.44,0.56,0.57,0.01,0.01,77622.36,1777272305000
1777272307.593,7.593,0.43,0.44,0.56,0.57,0.01,0.01,77622.36,1777272306000
1777272307.961,7.961,0.43,0.44,0.56,0.57,0.01,0.01,77622.37,1777272307000
1777272308.345,8.345,0.43,0.46,0.56,0.57,0.03,0.01,77622.37,1777272307000
1777272308.686,8.686,0.47,0.48,0.51,0.53,0.01,0.02,77622.37,1777272307000
1777272309.133,9.133,0.47,0.48,0.52,0.53,0.01,0.01,77622.37,1777272307000
1777272309.506,9.506,0.47,0.48,0.52,0.53,0.01,0.01,77622.37,1777272308000
1777272309.908,9.908,0.47,0.48,0.52,0.53,0.01,0.01,77622.37,1777272308000
1777272310.675,10.675,0.47,0.48,0.52,0.53,0.01,0.01,77622.37,1777272308000
1777272311.053,11.053,0.47,0.48,0.52,0.53,0.01,0.01,77626.23,1777272309000
1777272311.473,11.473,0.47,0.48,0.52,0.53,0.01,0.01,77626.23,1777272309000
1777272311.815,11.815,0.47,0.48,0.52,0.53,0.01,0.01,77623.92,1777272310000
1777272312.338,12.338,0.47,0.48,0.52,0.53,0.01,0.01,77626.78,1777272311000
1777272312.691,12.691,0.47,0.48,0.52,0.53,0.01,0.01,77626.78,1777272311000
1777272313.225,13.225,0.47,0.48,0.52,0.53,0.01,0.01,77626.78,1777272311000
1777272313.77,13.77,0.46,0.47,0.52,0.53,0.01,0.01,77627.91,1777272312000
1777272314.182,14.182,0.46,0.47,0.53,0.54,0.01,0.01,77627.91,1777272312000
1777272314.746,14.746,0.46,0.47,0.53,0.54,0.01,0.01,77627.79,1777272313000
1777272315.412,15.412,0.46,0.47,0.53,0.54,0.01,0.01,77627.93,1777272314000
1777272315.75,15.75,0.46,0.47,0.53,0.54,0.01,0.01,77627.93,1777272314000
1777272316.185,16.185,0.46,0.47,0.53,0.54,0.01,0.01,77627.93,1777272314000
1777272316.572,16.572,0.46,0.47,0.53,0.54,0.01,0.01,77627.81,1777272315000
1777272316.96,16.96,0.46,0.47,0.53,0.54,0.01,0.01,77627.81,1777272316000
1777272317.352,17.352,0.46,0.49,0.53,0.54,0.03,0.01,77627.81,1777272316000
1777272317.7,17.7,0.49,0.5,0.49,0.52,0.01,0.03,77627.81,1777272316000
1777272318.113,18.113,0.49,0.5,0.5,0.51,0.01,0.01,77627.75,1777272317000
1777272318.563,18.563,0.49,0.5,0.5,0.51,0.01,0.01,77627.75,1777272317000
1777272318.923,18.923,0.49,0.51,0.5,0.51,0.02,0.01,77627.75,1777272317000
1777272319.399,19.399,0.5,0.51,0.49,0.5,0.01,0.01,77628,1777272318000
1777272319.758,19.758,0.55,0.56,0.43,0.5,0.01,0.07,77628,1777272318000
1777272320.091,20.091,0.57,0.59,0.41,0.43,0.02,0.02,77628,1777272318000
1777272320.507,20.507,0.59,0.6,0.41,0.42,0.01,0.01,77628.87,1777272319000
1777272320.862,20.862,0.59,0.6,0.4,0.41,0.01,0.01,77628.87,1777272319000
1777272321.198,21.198,0.59,0.6,0.4,0.41,0.01,0.01,77628.87,1777272319000
1777272321.557,21.557,0.59,0.6,0.4,0.41,0.01,0.01,77630.33,1777272320000
1777272321.938,21.938,0.59,0.6,0.4,0.41,0.01,0.01,77630.33,1777272320000
1777272322.308,22.308,0.59,0.6,0.4,0.41,0.01,0.01,77636.25,1777272321000
1777272322.655,22.655,0.59,0.6,0.4,0.41,0.01,0.01,77636.25,1777272321000
1777272323.012,23.012,0.59,0.6,0.4,0.41,0.01,0.01,77636.25,1777272321000
1777272323.425,23.425,0.59,0.6,0.4,0.41,0.01,0.01,77636.25,1777272321000
1777272323.777,23.777,0.6,0.61,0.39,0.4,0.01,0.01,77636.25,1777272321000
1777272324.292,24.292,0.61,0.62,0.38,0.39,0.01,0.01,77638.92,1777272322000
1777272324.654,24.654,0.61,0.63,0.38,0.39,0.02,0.01,77638.92,1777272322000
1777272325.01,25.01,0.62,0.63,0.37,0.38,0.01,0.01,77638.92,1777272322000
1777272325.43,25.43,0.63,0.64,0.36,0.38,0.01,0.02,77644.49,1777272323000
1777272325.785,25.785,0.63,0.64,0.36,0.37,0.01,0.01,77645.31,1777272324000
1777272326.156,26.156,0.63,0.64,0.36,0.37,0.01,0.01,77645.31,1777272324000
1777272326.519,26.519,0.65,0.66,0.34,0.35,0.01,0.01,77647.56,1777272325000
1777272326.888,26.888,0.65,0.66,0.34,0.35,0.01,0.01,77647.56,1777272325000
1777272327.228,27.228,0.65,0.67,0.33,0.35,0.02,0.02,77647.56,1777272326000
1777272327.603,27.603,0.66,0.67,0.33,0.34,0.01,0.01,77647.56,1777272326000
1777272327.939,27.939,0.65,0.66,0.33,0.35,0.01,0.02,77647.56,1777272326000
1777272328.35,28.35,0.65,0.66,0.34,0.35,0.01,0.01,77649.17,1777272327000
1777272328.733,28.733,0.65,0.66,0.34,0.35,0.01,0.01,77649.17,1777272327000
1777272329.159,29.159,0.65,0.66,0.34,0.35,0.01,0.01,77649.17,1777272327000
1777272329.516,29.516,0.65,0.67,0.34,0.35,0.02,0.01,77649.17,1777272327000
1777272329.856,29.856,0.65,0.67,0.33,0.34,0.02,0.01,77649.44,1777272328000
1777272330.395,30.395,0.65,0.66,0.34,0.35,0.01,0.01,77649.44,1777272329000
1777272330.756,30.756,0.65,0.66,0.34,0.35,0.01,0.01,77649.44,1777272329000
1777272331.191,31.191,0.65,0.66,0.34,0.35,0.01,0.01,77649.44,1777272329000
1777272331.633,31.633,0.65,0.66,0.34,0.35,0.01,0.01,77650.6,1777272330000
1777272332.035,32.035,0.63,0.65,0.35,0.36,0.02,0.01,77650.6,1777272330000
1777272332.432,32.432,0.62,0.63,0.37,0.38,0.01,0.01,77650.6,1777272330000
1777272332.844,32.844,0.62,0.63,0.37,0.38,0.01,0.01,77649.04,1777272331000
1777272333.377,33.377,0.58,0.62,0.37,0.42,0.04,0.05,77649.24,1777272332000
1777272333.717,33.717,0.58,0.59,0.38,0.42,0.01,0.04,77649.24,1777272332000
1777272334.261,34.261,0.58,0.59,0.41,0.42,0.01,0.01,77648.77,1777272333000
1777272334.667,34.667,0.58,0.59,0.41,0.42,0.01,0.01,77648.77,1777272333000
1777272335.05,35.05,0.58,0.59,0.41,0.42,0.01,0.01,77648.77,1777272333000
1777272335.414,35.414,0.54,0.55,0.41,0.46,0.01,0.05,77648.77,1777272333000
1777272335.809,35.809,0.52,0.53,0.47,0.48,0.01,0.01,77648.09,1777272334000
1777272336.15,36.15,0.51,0.52,0.48,0.49,0.01,0.01,77648.09,1777272335000
1777272337.076,37.076,0.51,0.52,0.48,0.49,0.01,0.01,77641.46,1777272336000
1777272337.459,37.459,0.49,0.52,0.48,0.51,0.03,0.03,77641.46,1777272336000
1777272337.795,37.795,0.51,0.52,0.48,0.49,0.01,0.01,77641.46,1777272336000
1777272338.206,38.206,0.51,0.52,0.48,0.49,0.01,0.01,77641.46,1777272336000
1777272338.546,38.546,0.51,0.52,0.48,0.49,0.01,0.01,77631.95,1777272337000
1777272338.937,38.937,0.51,0.52,0.48,0.49,0.01,0.01,77631.95,1777272337000
1777272339.329,39.329,0.51,0.52,0.48,0.49,0.01,0.01,77631.95,1777272337000
1777272339.669,39.669,0.51,0.52,0.48,0.49,0.01,0.01,77631.95,1777272337000
1777272340.033,40.033,0.51,0.52,0.48,0.49,0.01,0.01,77633.93,1777272338000
1777272340.442,40.442,0.51,0.52,0.48,0.49,0.01,0.01,77633.93,1777272338000
1777272340.825,40.825,0.51,0.52,0.48,0.49,0.01,0.01,77634.0,1777272339000
1777272341.257,41.257,0.51,0.52,0.48,0.49,0.01,0.01,77635.47,1777272340000
1777272341.845,41.845,0.51,0.53,0.48,0.49,0.02,0.01,77635.47,1777272340000
1777272342.852,42.852,0.51,0.53,0.47,0.49,0.02,0.02,77635.72,1777272341000
1777272343.207,43.207,0.52,0.53,0.47,0.48,0.01,0.01,77635.72,1777272341000
1777272343.563,43.563,0.52,0.53,0.47,0.48,0.01,0.01,77635.71,1777272342000
1777272344.579,44.579,0.52,0.53,0.47,0.48,0.01,0.01,77635.43,1777272343000
1777272345.348,45.348,0.52,0.53,0.47,0.48,0.01,0.01,77637.28,1777272344000
1777272346.06,46.06,0.52,0.53,0.47,0.48,0.01,0.01,77637.28,1777272344000
1777272346.494,46.494,0.46,0.5,0.53,0.56,0.04,0.03,77637.28,1777272344000
1777272346.895,46.895,0.52,0.56,0.45,0.48,0.04,0.03,77631.9,1777272345000
1777272347.471,47.471,0.52,0.54,0.47,0.48,0.02,0.01,77631.9,1777272345000
1777272347.848,47.848,0.54,0.55,0.45,0.47,0.01,0.02,77634.84,1777272346000
1777272348.203,48.203,0.54,0.55,0.45,0.46,0.01,0.01,77634.84,1777272346000
1777272348.566,48.566,0.54,0.55,0.45,0.46,0.01,0.01,77635.99,1777272347000
1777272348.931,48.931,0.54,0.55,0.45,0.46,0.01,0.01,77635.99,1777272347000
1777272349.815,49.815,0.54,0.56,0.45,0.46,0.02,0.01,77637.49,1777272348000
1777272350.239,50.239,0.55,0.56,0.44,0.45,0.01,0.01,77637.49,1777272348000
1777272350.594,50.594,0.55,0.56,0.44,0.45,0.01,0.01,77635.12,1777272349000
1777272351.204,51.204,0.55,0.56,0.44,0.45,0.01,0.01,77635.12,1777272350000
1777272351.579,51.579,0.55,0.56,0.44,0.45,0.01,0.01,77635.12,1777272350000
1777272352.247,52.247,0.56,0.57,0.44,0.45,0.01,0.01,77635.12,1777272350000
1777272352.636,52.636,0.56,0.57,0.43,0.44,0.01,0.01,77635.12,1777272350000
1777272353.178,53.178,0.58,0.59,0.41,0.42,0.01,0.01,77636.38,1777272351000
1777272353.516,53.516,0.59,0.6,0.4,0.41,0.01,0.01,77638.87,1777272352000
1777272353.859,53.859,0.63,0.65,0.35,0.37,0.02,0.02,77638.87,1777272352000
1777272354.666,54.666,0.63,0.64,0.36,0.37,0.01,0.01,77638.29,1777272353000
1777272355.004,55.004,0.63,0.64,0.36,0.37,0.01,0.01,77638.29,1777272353000
1777272355.594,55.594,0.63,0.64,0.36,0.37,0.01,0.01,77647.89,1777272354000
1777272355.987,55.987,0.63,0.64,0.36,0.37,0.01,0.01,77647.89,1777272354000
1777272356.527,56.527,0.63,0.64,0.36,0.37,0.01,0.01,77647.93,1777272355000
1777272357.32,57.32,0.64,0.65,0.36,0.37,0.01,0.01,77647.93,1777272355000
1777272357.846,57.846,0.64,0.65,0.35,0.36,0.01,0.01,77651.48,1777272356000
1777272358.657,58.657,0.64,0.65,0.35,0.36,0.01,0.01,77652.06,1777272357000
1777272359.012,59.012,0.64,0.65,0.35,0.36,0.01,0.01,77652.06,1777272357000
1777272359.503,59.503,0.64,0.65,0.35,0.36,0.01,0.01,77653.41,1777272358000
1777272359.918,59.918,0.64,0.65,0.35,0.36,0.01,0.01,77653.41,1777272358000
1777272360.255,60.255,0.64,0.68,0.35,0.36,0.04,0.01,77656.35,1777272359000
1777272360.84,60.84,0.67,0.68,0.32,0.36,0.01,0.04,77656.35,1777272359000
1777272361.228,61.228,0.68,0.7,0.3,0.32,0.02,0.02,77656.35,1777272359000
1777272361.66,61.66,0.69,0.7,0.3,0.31,0.01,0.01,77655.88,1777272360000
1777272362.121,62.121,0.69,0.7,0.3,0.31,0.01,0.01,77655.88,1777272360000
1777272362.528,62.528,0.72,0.73,0.26,0.28,0.01,0.02,77658.07,1777272361000
1777272362.917,62.917,0.76,0.77,0.23,0.26,0.01,0.03,77658.07,1777272361000
1777272363.286,63.286,0.74,0.77,0.23,0.26,0.03,0.03,77661.41,1777272362000
1777272363.646,63.646,0.74,0.77,0.23,0.27,0.03,0.04,77661.41,1777272362000
1777272363.979,63.979,0.7,0.71,0.29,0.3,0.01,0.01,77661.41,1777272362000
1777272364.374,64.374,0.68,0.71,0.29,0.32,0.03,0.03,77661.41,1777272362000
1777272364.726,64.726,0.65,0.66,0.34,0.35,0.01,0.01,77669.48,1777272363000
1777272365.076,65.076,0.65,0.66,0.34,0.35,0.01,0.01,77669.48,1777272363000
1777272365.422,65.422,0.64,0.65,0.35,0.36,0.01,0.01,77675.2,1777272364000
1777272366.029,66.029,0.64,0.65,0.35,0.36,0.01,0.01,77675.2,1777272364000
1777272366.397,66.397,0.64,0.65,0.35,0.36,0.01,0.01,77672.4,1777272365000
1777272366.8,66.8,0.63,0.64,0.36,0.37,0.01,0.01,77672.4,1777272365000
1777272367.136,67.136,0.63,0.64,0.36,0.37,0.01,0.01,77672.4,1777272365000
1777272367.505,67.505,0.63,0.64,0.36,0.37,0.01,0.01,77671.86,1777272366000
1777272368.216,68.216,0.63,0.64,0.36,0.37,0.01,0.01,77671.86,1777272366000
1777272368.55,68.55,0.64,0.65,0.35,0.37,0.01,0.02,77671.84,1777272367000
1777272368.884,68.884,0.63,0.64,0.35,0.37,0.01,0.02,77671.84,1777272367000
1777272369.218,69.218,0.63,0.64,0.36,0.37,0.01,0.01,77671.84,1777272367000
1777272369.591,69.591,0.64,0.65,0.35,0.36,0.01,0.01,77669.81,1777272368000
1777272369.945,69.945,0.64,0.65,0.35,0.36,0.01,0.01,77669.81,1777272368000
1777272370.342,70.342,0.64,0.65,0.35,0.36,0.01,0.01,77669.81,1777272368000
1777272370.744,70.744,0.64,0.65,0.35,0.36,0.01,0.01,77670.49,1777272369000
1777272371.089,71.089,0.64,0.65,0.35,0.36,0.01,0.01,77670.49,1777272369000
1777272371.484,71.484,0.64,0.65,0.35,0.36,0.01,0.01,77670.49,1777272369000
1777272371.823,71.823,0.64,0.65,0.35,0.36,0.01,0.01,77670.49,1777272369000
1777272372.225,72.225,0.64,0.65,0.35,0.36,0.01,0.01,77669.49,1777272370000
1777272372.643,72.643,0.63,0.64,0.36,0.37,0.01,0.01,77669.49,1777272371000
1777272373.254,73.254,0.64,0.65,0.35,0.37,0.01,0.02,77669.49,1777272371000
1777272373.842,73.842,0.64,0.65,0.35,0.36,0.01,0.01,77669.49,1777272372000
1777272374.286,74.286,0.64,0.65,0.35,0.36,0.01,0.01,77669.49,1777272373000
1777272374.713,74.713,0.64,0.65,0.35,0.36,0.01,0.01,77669.49,1777272373000
1777272375.133,75.133,0.64,0.65,0.35,0.36,0.01,0.01,77671.55,1777272374000
1777272375.624,75.624,0.64,0.65,0.35,0.36,0.01,0.01,77671.55,1777272374000
1777272376.233,76.233,0.64,0.65,0.35,0.36,0.01,0.01,77671.67,1777272375000
1777272376.585,76.585,0.6,0.61,0.39,0.4,0.01,0.01,77671.67,1777272375000
1777272377.01,77.01,0.6,0.61,0.39,0.4,0.01,0.01,77670.62,1777272376000
1777272377.409,77.409,0.6,0.62,0.38,0.4,0.02,0.02,77670.62,1777272376000
1777272377.744,77.744,0.62,0.63,0.37,0.38,0.01,0.01,77670.62,1777272376000
1777272378.143,78.143,0.62,0.63,0.37,0.38,0.01,0.01,77670.62,1777272376000
1777272378.673,78.673,0.63,0.64,0.36,0.37,0.01,0.01,77665.73,1777272377000
1777272379.13,79.13,0.64,0.65,0.35,0.37,0.01,0.02,77665.73,1777272377000
1777272379.512,79.512,0.64,0.65,0.35,0.36,0.01,0.01,77670.96,1777272378000
1777272379.863,79.863,0.64,0.65,0.35,0.36,0.01,0.01,77670.96,1777272378000
1777272380.303,80.303,0.64,0.65,0.35,0.36,0.01,0.01,77669.66,1777272379000
1777272381.298,81.298,0.64,0.65,0.35,0.36,0.01,0.01,77670.06,1777272380000
1777272381.696,81.696,0.64,0.65,0.35,0.36,0.01,0.01,77670.06,1777272380000
1777272382.057,82.057,0.64,0.67,0.33,0.36,0.03,0.03,77670.06,1777272380000
1777272382.49,82.49,0.69,0.7,0.3,0.31,0.01,0.01,77669.95,1777272381000
1777272382.843,82.843,0.69,0.7,0.3,0.31,0.01,0.01,77669.95,1777272381000
1777272383.191,83.191,0.69,0.7,0.3,0.31,0.01,0.01,77677.53,1777272382000
1777272383.73,83.73,0.69,0.7,0.3,0.31,0.01,0.01,77677.53,1777272382000
1777272384.138,84.138,0.69,0.7,0.3,0.31,0.01,0.01,77677.53,1777272382000
1777272384.549,84.549,0.69,0.7,0.3,0.31,0.01,0.01,77677.53,1777272382000
1777272384.883,84.883,0.69,0.7,0.3,0.31,0.01,0.01,77679.51,1777272383000
1777272385.223,85.223,0.69,0.7,0.3,0.31,0.01,0.01,77679.51,1777272384000
1777272385.644,85.644,0.71,0.72,0.28,0.3,0.01,0.02,77679.51,1777272384000
1777272386.117,86.117,0.71,0.72,0.28,0.29,0.01,0.01,77679.51,1777272384000
1777272386.465,86.465,0.71,0.72,0.28,0.29,0.01,0.01,77679.43,1777272385000
1777272387.061,87.061,0.71,0.72,0.28,0.29,0.01,0.01,77679.43,1777272385000
1777272387.477,87.477,0.72,0.73,0.25,0.28,0.01,0.03,77678.98,1777272386000
1777272387.944,87.944,0.73,0.74,0.26,0.27,0.01,0.01,77678.98,1777272386000
1777272388.389,88.389,0.73,0.74,0.26,0.27,0.01,0.01,77679.56,1777272387000
1777272388.891,88.891,0.73,0.74,0.26,0.27,0.01,0.01,77679.56,1777272387000
1777272389.329,89.329,0.73,0.74,0.26,0.27,0.01,0.01,77679.07,1777272388000
1777272389.76,89.76,0.74,0.75,0.25,0.27,0.01,0.02,77679.07,1777272388000
1777272390.178,90.178,0.74,0.75,0.25,0.26,0.01,0.01,77679.07,1777272388000
1777272390.644,90.644,0.74,0.75,0.25,0.26,0.01,0.01,77678.94,1777272389000
1777272391.37,91.37,0.74,0.75,0.25,0.26,0.01,0.01,77678.96,1777272390000
1777272391.777,91.777,0.75,0.78,0.22,0.26,0.03,0.04,77678.96,1777272390000
1777272392.192,92.192,0.79,0.8,0.2,0.21,0.01,0.01,77678.97,1777272391000
1777272392.53,92.53,0.79,0.8,0.2,0.21,0.01,0.01,77678.97,1777272391000
1777272392.883,92.883,0.79,0.8,0.2,0.21,0.01,0.01,77678.97,1777272391000
1777272393.395,93.395,0.79,0.8,0.2,0.22,0.01,0.02,77682.88,1777272392000
1777272393.78,93.78,0.77,0.79,0.21,0.23,0.02,0.02,77682.88,1777272392000
1777272394.403,94.403,0.78,0.79,0.21,0.23,0.01,0.02,77693.27,1777272393000
1777272394.777,94.777,0.77,0.78,0.23,0.24,0.01,0.01,77693.27,1777272393000
1777272396.083,96.083,0.77,0.78,0.22,0.23,0.01,0.01,77697.0,1777272395000
1777272396.509,96.509,0.77,0.78,0.22,0.23,0.01,0.01,77697.0,1777272395000
1777272396.842,96.842,0.77,0.78,0.22,0.23,0.01,0.01,77697.0,1777272395000
1777272397.18,97.18,0.77,0.78,0.22,0.23,0.01,0.01,77697.0,1777272395000
1777272397.514,97.514,0.77,0.8,0.2,0.23,0.03,0.03,77708.45,1777272396000
1777272397.847,97.847,0.79,0.82,0.19,0.21,0.03,0.02,77708.45,1777272396000
1777272398.187,98.187,0.81,0.85,0.15,0.19,0.04,0.04,77708.45,1777272396000
1777272398.547,98.547,0.83,0.84,0.16,0.17,0.01,0.01,77722.25,1777272397000
1777272398.891,98.891,0.84,0.85,0.15,0.16,0.01,0.01,77722.25,1777272397000
1777272399.341,99.341,0.83,0.84,0.16,0.17,0.01,0.01,77722.25,1777272397000
1777272399.679,99.679,0.81,0.82,0.18,0.19,0.01,0.01,77728.6,1777272398000
1777272400.057,100.057,0.81,0.82,0.18,0.19,0.01,0.01,77728.6,1777272398000
1777272400.397,100.397,0.81,0.82,0.18,0.19,0.01,0.01,77728.6,1777272398000
1777272400.807,100.807,0.82,0.83,0.17,0.19,0.01,0.02,77725.16,1777272399000
1777272401.153,101.153,0.78,0.83,0.17,0.22,0.05,0.05,77724.93,1777272400000
1777272401.565,101.565,0.78,0.79,0.21,0.23,0.01,0.02,77724.93,1777272400000
1777272402.058,102.058,0.78,0.79,0.21,0.22,0.01,0.01,77717.93,1777272401000
1777272402.441,102.441,0.76,0.79,0.21,0.24,0.03,0.03,77717.93,1777272401000
1777272403.072,103.072,0.76,0.79,0.21,0.24,0.03,0.03,77710.9,1777272402000
1777272403.676,103.676,0.77,0.79,0.21,0.24,0.02,0.03,77710.9,1777272402000
1777272404.06,104.06,0.77,0.78,0.22,0.23,0.01,0.01,77705.19,1777272403000
1777272404.48,104.48,0.77,0.78,0.22,0.23,0.01,0.01,77705.19,1777272403000
1777272404.843,104.843,0.76,0.77,0.23,0.24,0.01,0.01,77705.19,1777272403000
1777272405.189,105.189,0.76,0.77,0.23,0.24,0.01,0.01,77704.05,1777272404000
1777272405.525,105.525,0.76,0.77,0.23,0.24,0.01,0.01,77704.05,1777272404000
1777272405.935,105.935,0.76,0.77,0.23,0.24,0.01,0.01,77704.05,1777272404000
1777272406.278,106.278,0.76,0.77,0.23,0.24,0.01,0.01,77704.05,1777272405000
1777272406.774,106.774,0.76,0.77,0.23,0.24,0.01,0.01,77704.05,1777272405000
1777272407.204,107.204,0.76,0.77,0.23,0.24,0.01,0.01,77704.05,1777272405000
1777272407.705,107.705,0.75,0.76,0.24,0.25,0.01,0.01,77703.15,1777272406000
1777272408.048,108.048,0.75,0.76,0.24,0.25,0.01,0.01,77698.77,1777272407000
1777272408.642,108.642,0.75,0.76,0.24,0.25,0.01,0.01,77698.77,1777272407000
1777272409.183,109.183,0.75,0.76,0.24,0.25,0.01,0.01,77697.33,1777272408000
1777272409.523,109.523,0.75,0.76,0.24,0.25,0.01,0.01,77697.33,1777272408000
1777272409.857,109.857,0.76,0.77,0.23,0.24,0.01,0.01,77697.33,1777272408000
1777272410.24,110.24,0.76,0.78,0.23,0.24,0.02,0.01,77697.69,1777272409000
1777272411.022,111.022,0.77,0.78,0.22,0.24,0.01,0.02,77697.69,1777272409000
1777272411.398,111.398,0.77,0.78,0.22,0.23,0.01,0.01,77697.69,1777272410000
1777272411.746,111.746,0.77,0.78,0.22,0.23,0.01,0.01,77697.69,1777272410000
1777272412.328,112.328,0.77,0.78,0.22,0.23,0.01,0.01,77697.68,1777272411000
1777272412.81,112.81,0.77,0.78,0.2,0.23,0.01,0.03,77697.68,1777272411000
1777272413.216,113.216,0.77,0.78,0.22,0.23,0.01,0.01,77697.6,1777272412000
1777272413.563,113.563,0.77,0.78,0.22,0.23,0.01,0.01,77697.6,1777272412000
1777272414.041,114.041,0.77,0.78,0.22,0.23,0.01,0.01,77697.6,1777272412000
1777272414.478,114.478,0.77,0.79,0.22,0.23,0.02,0.01,77697.6,1777272412000
1777272414.9,114.9,0.79,0.8,0.21,0.22,0.01,0.01,77697.6,1777272412000
1777272415.291,115.291,0.8,0.81,0.19,0.2,0.01,0.01,77697.6,1777272412000
1777272415.634,115.634,0.8,0.81,0.19,0.2,0.01,0.01,77697.6,1777272412000
1777272416.204,116.204,0.8,0.81,0.19,0.2,0.01,0.01,77697.6,1777272412000
1777272416.636,116.636,0.79,0.81,0.19,0.21,0.02,0.02,77697.6,1777272412000
1777272417.176,117.176,0.8,0.81,0.19,0.2,0.01,0.01,77697.6,1777272412000
1777272417.561,117.561,0.8,0.81,0.19,0.2,0.01,0.01,77697.6,1777272412000
1777272418.288,118.288,0.8,0.81,0.19,0.2,0.01,0.01,77697.6,1777272412000
1777272418.623,118.623,0.8,0.81,0.19,0.2,0.01,0.01,77697.6,1777272412000
1777272419.036,119.036,0.81,0.82,0.18,0.19,0.01,0.01,77697.6,1777272412000
1777272419.595,119.595,0.81,0.82,0.18,0.19,0.01,0.01,77697.6,1777272412000
1777272420.181,120.181,0.8,0.81,0.19,0.2,0.01,0.01,77697.6,1777272412000
1777272420.631,120.631,0.8,0.81,0.19,0.2,0.01,0.01,77697.6,1777272412000
1777272421.055,121.055,0.8,0.81,0.19,0.2,0.01,0.01,77697.6,1777272412000
1777272421.395,121.395,0.8,0.82,0.18,0.2,0.02,0.02,77704.39,1777272420000
1777272421.757,121.757,0.81,0.82,0.18,0.19,0.01,0.01,77704.39,1777272420000
1777272422.144,122.144,0.81,0.82,0.18,0.19,0.01,0.01,77704.39,1777272420000
1777272422.496,122.496,0.81,0.82,0.18,0.19,0.01,0.01,77704.39,1777272420000
1777272422.866,122.866,0.81,0.82,0.18,0.19,0.01,0.01,77704.39,1777272420000
1777272423.37,123.37,0.81,0.82,0.18,0.19,0.01,0.01,77702.96,1777272421000
1777272424.148,124.148,0.82,0.83,0.17,0.18,0.01,0.01,77703.17,1777272422000
1777272424.574,124.574,0.82,0.83,0.17,0.18,0.01,0.01,77703.67,1777272423000
1777272425.18,125.18,0.78,0.83,0.17,0.22,0.05,0.05,77703.37,1777272424000
1777272426.189,126.189,0.81,0.82,0.17,0.22,0.01,0.05,77703.37,1777272424000
1777272426.539,126.539,0.8,0.82,0.18,0.2,0.02,0.02,77703.39,1777272425000
1777272427.094,127.094,0.81,0.82,0.18,0.2,0.01,0.02,77703.39,1777272425000
1777272427.478,127.478,0.81,0.82,0.18,0.19,0.01,0.01,77703.39,1777272425000
1777272427.823,127.823,0.81,0.82,0.18,0.19,0.01,0.01,77703.08,1777272426000
1777272428.251,128.251,0.8,0.81,0.18,0.21,0.01,0.03,77703.08,1777272426000
1777272428.605,128.605,0.8,0.81,0.19,0.2,0.01,0.01,77701.74,1777272427000
1777272429.362,129.362,0.8,0.81,0.19,0.2,0.01,0.01,77698.38,1777272428000
1777272430.43,130.43,0.8,0.81,0.19,0.2,0.01,0.01,77700.87,1777272429000
1777272431.019,131.019,0.8,0.81,0.19,0.2,0.01,0.01,77701,1777272430000
1777272431.548,131.548,0.8,0.81,0.19,0.2,0.01,0.01,77701,1777272430000
1777272432.049,132.049,0.8,0.81,0.19,0.2,0.01,0.01,77701,1777272430000
1777272432.402,132.402,0.8,0.81,0.19,0.2,0.01,0.01,77699.72,1777272431000
1777272433.191,133.191,0.8,0.81,0.19,0.2,0.01,0.01,77699.72,1777272431000
1777272433.918,133.918,0.8,0.81,0.19,0.2,0.01,0.01,77698.38,1777272432000
1777272434.281,134.281,0.8,0.81,0.19,0.2,0.01,0.01,77698.38,1777272432000
1777272434.735,134.735,0.8,0.81,0.19,0.2,0.01,0.01,77698.37,1777272433000
1777272435.63,135.63,0.8,0.81,0.19,0.2,0.01,0.01,77701.86,1777272434000
1777272435.966,135.966,0.8,0.81,0.19,0.2,0.01,0.01,77701.86,1777272434000
1777272436.348,136.348,0.8,0.81,0.19,0.2,0.01,0.01,77703.08,1777272435000
1777272436.995,136.995,0.8,0.81,0.19,0.2,0.01,0.01,77703.08,1777272435000
1777272437.875,137.875,0.8,0.81,0.19,0.2,0.01,0.01,77702.9,1777272436000
1777272438.248,138.248,0.79,0.8,0.2,0.21,0.01,0.01,77701.78,1777272437000
1777272438.608,138.608,0.79,0.8,0.2,0.21,0.01,0.01,77701.78,1777272437000
1777272438.961,138.961,0.79,0.8,0.2,0.21,0.01,0.01,77701.78,1777272437000
1777272439.349,139.349,0.79,0.8,0.2,0.21,0.01,0.01,77701.78,1777272438000
1777272439.724,139.724,0.79,0.8,0.2,0.21,0.01,0.01,77701.78,1777272438000
1777272440.4,140.4,0.79,0.8,0.2,0.21,0.01,0.01,77701.8,1777272439000
1777272440.931,140.931,0.79,0.8,0.2,0.21,0.01,0.01,77700.38,1777272440000
1777272441.264,141.264,0.79,0.8,0.2,0.21,0.01,0.01,77700.38,1777272440000
1777272441.657,141.657,0.79,0.8,0.2,0.21,0.01,0.01,77700.38,1777272440000
1777272442.075,142.075,0.79,0.8,0.2,0.21,0.01,0.01,77700.06,1777272441000
1777272442.907,142.907,0.79,0.8,0.2,0.21,0.01,0.01,77700.06,1777272441000
1777272443.431,143.431,0.72,0.76,0.25,0.28,0.04,0.03,77700.06,1777272441000
1777272443.778,143.778,0.71,0.73,0.26,0.29,0.02,0.03,77700.06,1777272441000
1777272444.172,144.172,0.71,0.72,0.28,0.29,0.01,0.01,77700.12,1777272442000
1777272444.509,144.509,0.71,0.72,0.28,0.29,0.01,0.01,77696.15,1777272443000
1777272444.878,144.878,0.71,0.72,0.28,0.29,0.01,0.01,77696.15,1777272443000
1777272445.22,145.22,0.71,0.72,0.28,0.29,0.01,0.01,77687.01,1777272444000
1777272445.756,145.756,0.71,0.72,0.28,0.29,0.01,0.01,77687.01,1777272444000
1777272446.221,146.221,0.71,0.72,0.28,0.29,0.01,0.01,77687.01,1777272444000
1777272446.567,146.567,0.71,0.72,0.28,0.29,0.01,0.01,77679.24,1777272445000
1777272446.98,146.98,0.71,0.72,0.28,0.29,0.01,0.01,77679.24,1777272445000
1777272447.338,147.338,0.71,0.72,0.28,0.29,0.01,0.01,77679.24,1777272445000
1777272448.029,148.029,0.71,0.72,0.28,0.29,0.01,0.01,77681.97,1777272447000
1777272448.432,148.432,0.71,0.72,0.28,0.29,0.01,0.01,77681.97,1777272447000
1777272448.782,148.782,0.69,0.7,0.3,0.31,0.01,0.01,77681.97,1777272447000
1777272449.24,149.24,0.69,0.7,0.3,0.31,0.01,0.01,77677.6,1777272448000
1777272449.616,149.616,0.69,0.7,0.3,0.31,0.01,0.01,77677.6,1777272448000
1777272450.059,150.059,0.68,0.69,0.31,0.32,0.01,0.01,77677.6,1777272448000
1777272450.395,150.395,0.66,0.67,0.33,0.34,0.01,0.01,77677.6,1777272448000
1777272450.818,150.818,0.65,0.66,0.34,0.35,0.01,0.01,77677.6,1777272449000
1777272451.151,151.151,0.65,0.66,0.34,0.35,0.01,0.01,77675.61,1777272450000
1777272451.541,151.541,0.65,0.66,0.34,0.35,0.01,0.01,77675.61,1777272450000
1777272452.269,152.269,0.65,0.66,0.34,0.35,0.01,0.01,77670.98,1777272451000
1777272452.628,152.628,0.65,0.66,0.34,0.35,0.01,0.01,77670.98,1777272451000
1777272453.013,153.013,0.65,0.66,0.34,0.35,0.01,0.01,77670.98,1777272451000
1777272453.44,153.44,0.65,0.67,0.34,0.35,0.02,0.01,77670.98,1777272451000
1777272453.797,153.797,0.66,0.67,0.33,0.34,0.01,0.01,77672.2,1777272452000
1777272454.233,154.233,0.66,0.67,0.33,0.34,0.01,0.01,77670.48,1777272453000
1777272454.808,154.808,0.67,0.68,0.32,0.33,0.01,0.01,77670.48,1777272453000
1777272455.177,155.177,0.67,0.68,0.32,0.33,0.01,0.01,77670.48,1777272453000
1777272455.58,155.58,0.67,0.68,0.32,0.33,0.01,0.01,77670.48,1777272454000
1777272455.982,155.982,0.67,0.68,0.32,0.33,0.01,0.01,77670.48,1777272454000
1777272456.368,156.368,0.67,0.68,0.32,0.33,0.01,0.01,77670.78,1777272455000
1777272456.742,156.742,0.67,0.68,0.32,0.33,0.01,0.01,77670.78,1777272455000
1777272457.142,157.142,0.67,0.69,0.32,0.33,0.02,0.01,77670.78,1777272456000
1777272457.811,157.811,0.68,0.69,0.31,0.32,0.01,0.01,77670.78,1777272456000
1777272458.174,158.174,0.68,0.69,0.31,0.32,0.01,0.01,77671.11,1777272457000
1777272458.515,158.515,0.69,0.7,0.3,0.31,0.01,0.01,77671.11,1777272457000
1777272459.257,159.257,0.69,0.7,0.3,0.31,0.01,0.01,77671.11,1777272457000
1777272459.695,159.695,0.69,0.7,0.3,0.31,0.01,0.01,77670.8,1777272458000
1777272460.149,160.149,0.69,0.71,0.3,0.31,0.02,0.01,77670.8,1777272458000
1777272460.617,160.617,0.7,0.71,0.29,0.3,0.01,0.01,77670.46,1777272459000
1777272460.994,160.994,0.7,0.71,0.29,0.3,0.01,0.01,77670.46,1777272459000
1777272461.328,161.328,0.7,0.71,0.29,0.3,0.01,0.01,77671.3,1777272460000
1777272461.802,161.802,0.71,0.72,0.28,0.3,0.01,0.02,77671.3,1777272460000
1777272462.914,162.914,0.71,0.72,0.28,0.29,0.01,0.01,77670.46,1777272461000
1777272463.647,163.647,0.71,0.72,0.28,0.29,0.01,0.01,77670.46,1777272461000
1777272463.983,163.983,0.75,0.77,0.23,0.29,0.02,0.06,77670.46,1777272462000
1777272464.338,164.338,0.75,0.78,0.22,0.25,0.03,0.03,77672.14,1777272463000
1777272464.844,164.844,0.75,0.76,0.24,0.25,0.01,0.01,77672.14,1777272463000
1777272465.199,165.199,0.75,0.76,0.24,0.25,0.01,0.01,77672.14,1777272463000
1777272465.603,165.603,0.76,0.77,0.23,0.25,0.01,0.02,77672.14,1777272463000
1777272466.18,166.18,0.76,0.77,0.23,0.24,0.01,0.01,77679.63,1777272464000
1777272466.532,166.532,0.77,0.78,0.22,0.24,0.01,0.02,77679.63,1777272464000
1777272466.9,166.9,0.77,0.78,0.22,0.23,0.01,0.01,77680.3,1777272465000
1777272467.267,167.267,0.77,0.78,0.22,0.23,0.01,0.01,77680.3,1777272465000
1777272467.692,167.692,0.77,0.78,0.22,0.23,0.01,0.01,77680.3,1777272466000
1777272468.051,168.051,0.76,0.77,0.23,0.24,0.01,0.01,77680.3,1777272466000
1777272468.9,168.9,0.76,0.77,0.23,0.24,0.01,0.01,77680.3,1777272467000
1777272469.559,169.559,0.76,0.77,0.23,0.24,0.01,0.01,77680.3,1777272467000
1777272469.897,169.897,0.76,0.77,0.23,0.24,0.01,0.01,77678.15,1777272468000
1777272470.235,170.235,0.76,0.77,0.23,0.24,0.01,0.01,77678.15,1777272468000
1777272470.626,170.626,0.76,0.77,0.23,0.24,0.01,0.01,77678.15,1777272468000
1777272471.017,171.017,0.76,0.77,0.23,0.24,0.01,0.01,77678.15,1777272468000
1777272471.555,171.555,0.76,0.77,0.23,0.24,0.01,0.01,77678.14,1777272469000
1777272471.893,171.893,0.76,0.77,0.23,0.24,0.01,0.01,77678.17,1777272470000
1777272472.288,172.288,0.76,0.77,0.23,0.24,0.01,0.01,77678.17,1777272470000
1777272472.68,172.68,0.74,0.76,0.24,0.26,0.02,0.02,77676.76,1777272471000
1777272473.02,173.02,0.74,0.75,0.25,0.26,0.01,0.01,77676.76,1777272471000
1777272473.548,173.548,0.74,0.75,0.25,0.26,0.01,0.01,77677.45,1777272472000
1777272474.108,174.108,0.74,0.75,0.25,0.26,0.01,0.01,77678.14,1777272473000
1777272474.467,174.467,0.74,0.75,0.25,0.26,0.01,0.01,77678.14,1777272473000
1777272475.068,175.068,0.74,0.75,0.25,0.26,0.01,0.01,77678.14,1777272473000
1777272475.75,175.75,0.74,0.75,0.25,0.26,0.01,0.01,77677.88,1777272474000
1777272476.385,176.385,0.74,0.75,0.25,0.26,0.01,0.01,77678.14,1777272475000
1777272476.822,176.822,0.74,0.75,0.25,0.26,0.01,0.01,77678.14,1777272475000
1777272477.467,177.467,0.74,0.75,0.25,0.26,0.01,0.01,77678.14,1777272475000
1777272478.033,178.033,0.74,0.75,0.25,0.26,0.01,0.01,77678.14,1777272476000
1777272478.507,178.507,0.74,0.75,0.25,0.26,0.01,0.01,77677.69,1777272477000
1777272478.894,178.894,0.74,0.75,0.25,0.26,0.01,0.01,77677.69,1777272477000
1777272479.548,179.548,0.72,0.73,0.25,0.28,0.01,0.03,77677.69,1777272477000
1777272480.079,180.079,0.72,0.73,0.27,0.28,0.01,0.01,77677.68,1777272478000
1777272480.431,180.431,0.72,0.73,0.27,0.28,0.01,0.01,77677.68,1777272479000
1777272480.794,180.794,0.72,0.73,0.27,0.28,0.01,0.01,77677.68,1777272479000
1777272481.243,181.243,0.73,0.74,0.26,0.27,0.01,0.01,77675.65,1777272480000
1777272481.654,181.654,0.74,0.75,0.24,0.26,0.01,0.02,77675.65,1777272480000
1777272482.077,182.077,0.74,0.76,0.25,0.26,0.02,0.01,77675.65,1777272480000
1777272482.694,182.694,0.75,0.76,0.24,0.25,0.01,0.01,77676.2,1777272481000
1777272483.235,183.235,0.75,0.76,0.24,0.25,0.01,0.01,77676.2,1777272481000
1777272483.926,183.926,0.75,0.76,0.24,0.25,0.01,0.01,77676.24,1777272482000
1777272484.303,184.303,0.75,0.76,0.24,0.25,0.01,0.01,77676.24,1777272482000
1777272484.793,184.793,0.75,0.76,0.24,0.25,0.01,0.01,77676.23,1777272483000
1777272485.882,185.882,0.75,0.76,0.24,0.25,0.01,0.01,77676.23,1777272484000
1777272486.245,186.245,0.75,0.77,0.24,0.25,0.02,0.01,77676.23,1777272485000
1777272486.621,186.621,0.76,0.77,0.23,0.24,0.01,0.01,77676.23,1777272485000
1777272487.099,187.099,0.77,0.78,0.23,0.24,0.01,0.01,77676.23,1777272485000
1777272487.706,187.706,0.77,0.78,0.22,0.23,0.01,0.01,77676.23,1777272486000
1777272488.453,188.453,0.77,0.78,0.22,0.23,0.01,0.01,77676.23,1777272486000
1777272489.022,189.022,0.77,0.78,0.22,0.23,0.01,0.01,77676.23,1777272487000
1777272489.605,189.605,0.77,0.78,0.22,0.23,0.01,0.01,77676.23,1777272488000
1777272490.159,190.159,0.77,0.78,0.22,0.23,0.01,0.01,77676.23,1777272488000
1777272490.494,190.494,0.77,0.78,0.22,0.23,0.01,0.01,77676.24,1777272489000
1777272490.846,190.846,0.77,0.78,0.22,0.23,0.01,0.01,77676.24,1777272489000
1777272491.297,191.297,0.77,0.78,0.22,0.23,0.01,0.01,77676.24,1777272489000
1777272491.813,191.813,0.77,0.78,0.22,0.23,0.01,0.01,77675.69,1777272490000
1777272492.272,192.272,0.77,0.78,0.22,0.23,0.01,0.01,77675.69,1777272490000
1777272492.975,192.975,0.77,0.78,0.22,0.23,0.01,0.01,77675.69,1777272492000
1777272493.388,193.388,0.77,0.78,0.22,0.23,0.01,0.01,77675.69,1777272492000
1777272494.195,194.195,0.77,0.78,0.22,0.23,0.01,0.01,77675.69,1777272492000
1777272494.742,194.742,0.76,0.77,0.23,0.24,0.01,0.01,77675.69,1777272492000
1777272495.187,195.187,0.76,0.77,0.23,0.24,0.01,0.01,77675.82,1777272493000
1777272495.545,195.545,0.76,0.77,0.23,0.24,0.01,0.01,77675.7,1777272494000
1777272496.037,196.037,0.76,0.77,0.23,0.24,0.01,0.01,77675.7,1777272495000
1777272496.402,196.402,0.77,0.78,0.22,0.24,0.01,0.02,77675.7,1777272495000
1777272497.084,197.084,0.73,0.74,0.22,0.23,0.01,0.01,77675.7,1777272495000
1777272497.505,197.505,0.73,0.74,0.26,0.27,0.01,0.01,77674.86,1777272496000
1777272497.872,197.872,0.73,0.74,0.26,0.27,0.01,0.01,77674.86,1777272496000
1777272498.265,198.265,0.73,0.74,0.26,0.27,0.01,0.01,77674.86,1777272496000
1777272498.661,198.661,0.73,0.74,0.26,0.27,0.01,0.01,77673.95,1777272497000
1777272499.094,199.094,0.73,0.74,0.26,0.27,0.01,0.01,77668.72,1777272498000
1777272499.434,199.434,0.73,0.74,0.26,0.27,0.01,0.01,77668.72,1777272498000
1777272500.08,200.08,0.73,0.74,0.26,0.27,0.01,0.01,77668.72,1777272498000
1777272500.413,200.413,0.72,0.74,0.26,0.27,0.02,0.01,77666.06,1777272499000
1777272500.962,200.962,0.72,0.73,0.27,0.28,0.01,0.01,77666.06,1777272499000
1777272501.426,201.426,0.72,0.73,0.27,0.28,0.01,0.01,77666.06,1777272499000
1777272501.844,201.844,0.71,0.72,0.28,0.29,0.01,0.01,77667.53,1777272500000
1777272502.243,202.243,0.71,0.72,0.28,0.29,0.01,0.01,77667.26,1777272501000
1777272502.755,202.755,0.71,0.72,0.28,0.29,0.01,0.01,77667.26,1777272501000
1777272503.159,203.159,0.71,0.72,0.28,0.29,0.01,0.01,77667.26,1777272501000
1777272503.577,203.577,0.71,0.72,0.28,0.29,0.01,0.01,77664.86,1777272502000
1777272503.925,203.925,0.71,0.72,0.28,0.29,0.01,0.01,77664.86,1777272502000
1777272504.319,204.319,0.71,0.72,0.28,0.29,0.01,0.01,77666.77,1777272503000
1777272504.795,204.795,0.72,0.74,0.27,0.28,0.02,0.01,77666.77,1777272503000
1777272505.196,205.196,0.73,0.74,0.26,0.28,0.01,0.02,77666.77,1777272503000
1777272505.637,205.637,0.73,0.74,0.26,0.27,0.01,0.01,77667.36,1777272504000
1777272506.011,206.011,0.73,0.74,0.26,0.27,0.01,0.01,77667.36,1777272504000
1777272506.389,206.389,0.73,0.74,0.26,0.27,0.01,0.01,77667.11,1777272505000
1777272506.727,206.727,0.65,0.71,0.29,0.35,0.06,0.06,77667.11,1777272505000
1777272507.125,207.125,0.67,0.68,0.32,0.33,0.01,0.01,77667.11,1777272505000
1777272507.474,207.474,0.62,0.68,0.32,0.38,0.06,0.06,77667.11,1777272505000
1777272507.851,207.851,0.62,0.63,0.37,0.38,0.01,0.01,77666.17,1777272506000
1777272508.306,208.306,0.62,0.63,0.37,0.38,0.01,0.01,77666.17,1777272506000
1777272508.766,208.766,0.62,0.63,0.37,0.38,0.01,0.01,77664.61,1777272507000
1777272509.264,209.264,0.61,0.62,0.37,0.38,0.01,0.01,77664.61,1777272507000
1777272509.702,209.702,0.63,0.64,0.36,0.38,0.01,0.02,77654.61,1777272508000
1777272510.046,210.046,0.64,0.65,0.35,0.36,0.01,0.01,77654.61,1777272508000
1777272510.416,210.416,0.63,0.64,0.36,0.37,0.01,0.01,77654.61,1777272508000
1777272510.843,210.843,0.6,0.63,0.37,0.4,0.03,0.03,77651.06,1777272509000
1777272511.239,211.239,0.61,0.62,0.38,0.39,0.01,0.01,77651.03,1777272510000
1777272511.574,211.574,0.61,0.62,0.38,0.39,0.01,0.01,77651.03,1777272510000
1777272511.966,211.966,0.6,0.61,0.39,0.4,0.01,0.01,77651.03,1777272510000
1777272512.34,212.34,0.55,0.56,0.44,0.45,0.01,0.01,77651.46,1777272511000
1777272512.772,212.772,0.55,0.56,0.44,0.45,0.01,0.01,77651.46,1777272511000
1777272513.241,213.241,0.55,0.56,0.44,0.45,0.01,0.01,77651.2,1777272512000
1777272513.617,213.617,0.55,0.56,0.44,0.45,0.01,0.01,77651.2,1777272512000
1777272513.996,213.996,0.54,0.55,0.45,0.46,0.01,0.01,77651.2,1777272512000
1777272514.385,214.385,0.53,0.54,0.45,0.46,0.01,0.01,77650.78,1777272513000
1777272514.754,214.754,0.52,0.53,0.47,0.48,0.01,0.01,77650.78,1777272513000
1777272515.336,215.336,0.52,0.53,0.47,0.48,0.01,0.01,77650.78,1777272513000
1777272515.729,215.729,0.52,0.53,0.47,0.48,0.01,0.01,77650.78,1777272514000
1777272516.143,216.143,0.52,0.53,0.47,0.48,0.01,0.01,77650.78,1777272514000
1777272516.478,216.478,0.5,0.51,0.49,0.5,0.01,0.01,77649.25,1777272515000
1777272516.811,216.811,0.5,0.51,0.49,0.5,0.01,0.01,77649.25,1777272515000
1777272517.16,217.16,0.5,0.51,0.49,0.5,0.01,0.01,77649.07,1777272516000
1777272517.595,217.595,0.49,0.5,0.49,0.51,0.01,0.02,77649.07,1777272516000
1777272517.929,217.929,0.49,0.5,0.5,0.51,0.01,0.01,77649.07,1777272516000
1777272518.415,218.415,0.49,0.5,0.5,0.51,0.01,0.01,77646.6,1777272517000
1777272518.757,218.757,0.48,0.49,0.51,0.52,0.01,0.01,77646.6,1777272517000
1777272519.109,219.109,0.47,0.49,0.52,0.53,0.02,0.01,77646.6,1777272517000
1777272519.62,219.62,0.49,0.5,0.5,0.51,0.01,0.01,77646.11,1777272518000
1777272519.985,219.985,0.5,0.51,0.49,0.5,0.01,0.01,77646.11,1777272518000
1777272520.392,220.392,0.53,0.54,0.45,0.49,0.01,0.04,77644.2,1777272519000
1777272520.886,220.886,0.52,0.53,0.46,0.47,0.01,0.01,77644.2,1777272519000
1777272521.29,221.29,0.52,0.53,0.47,0.48,0.01,0.01,77642.32,1777272520000
1777272521.736,221.736,0.52,0.54,0.46,0.48,0.02,0.02,77642.32,1777272520000
1777272522.116,222.116,0.53,0.54,0.46,0.47,0.01,0.01,77642.32,1777272520000
1777272522.473,222.473,0.53,0.54,0.46,0.47,0.01,0.01,77640.62,1777272521000
1777272522.896,222.896,0.53,0.54,0.46,0.47,0.01,0.01,77640.62,1777272521000
1777272523.305,223.305,0.52,0.53,0.47,0.48,0.01,0.01,77640.62,1777272522000
1777272523.639,223.639,0.53,0.54,0.46,0.47,0.01,0.01,77640.62,1777272522000
1777272524.039,224.039,0.54,0.55,0.45,0.47,0.01,0.02,77640.62,1777272522000
1777272524.425,224.425,0.54,0.55,0.45,0.46,0.01,0.01,77642.59,1777272523000
1777272524.784,224.784,0.54,0.55,0.45,0.46,0.01,0.01,77642.59,1777272523000
1777272525.123,225.123,0.67,0.7,0.3,0.33,0.03,0.03,77642.59,1777272523000
1777272525.498,225.498,0.69,0.74,0.3,0.31,0.05,0.01,77642.59,1777272523000
1777272525.848,225.848,0.73,0.74,0.25,0.31,0.01,0.06,77642.59,1777272523000
1777272526.29,226.29,0.76,0.77,0.23,0.24,0.01,0.01,77642.1,1777272524000
1777272526.632,226.632,0.77,0.78,0.22,0.23,0.01,0.01,77649.88,1777272525000
1777272527.041,227.041,0.77,0.78,0.22,0.23,0.01,0.01,77649.88,1777272525000
1777272527.478,227.478,0.77,0.78,0.22,0.23,0.01,0.01,77659.69,1777272526000
1777272527.812,227.812,0.79,0.8,0.2,0.21,0.01,0.01,77659.69,1777272526000
1777272528.168,228.168,0.79,0.8,0.2,0.21,0.01,0.01,77659.69,1777272526000
1777272528.505,228.505,0.79,0.8,0.2,0.21,0.01,0.01,77661.33,1777272527000
1777272528.864,228.864,0.79,0.8,0.2,0.21,0.01,0.01,77661.33,1777272527000
1777272529.251,229.251,0.79,0.8,0.2,0.21,0.01,0.01,77661.33,1777272527000
1777272529.684,229.684,0.79,0.8,0.2,0.21,0.01,0.01,77661.77,1777272528000
1777272530.149,230.149,0.79,0.8,0.2,0.21,0.01,0.01,77661.77,1777272528000
1777272530.748,230.748,0.79,0.8,0.2,0.21,0.01,0.01,77663.42,1777272529000
1777272531.154,231.154,0.79,0.8,0.2,0.21,0.01,0.01,77663.42,1777272529000
1777272531.655,231.655,0.79,0.8,0.2,0.21,0.01,0.01,77666.85,1777272530000
1777272532.012,232.012,0.79,0.8,0.2,0.21,0.01,0.01,77666.85,1777272530000
1777272532.395,232.395,0.79,0.81,0.2,0.21,0.02,0.01,77664.68,1777272531000
1777272532.844,232.844,0.81,0.82,0.18,0.19,0.01,0.01,77664.68,1777272531000
1777272533.18,233.18,0.79,0.82,0.18,0.21,0.03,0.03,77664.68,1777272531000
1777272533.516,233.516,0.81,0.82,0.18,0.21,0.01,0.03,77662.71,1777272532000
1777272533.873,233.873,0.82,0.83,0.17,0.18,0.01,0.01,77662.71,1777272532000
1777272534.314,234.314,0.79,0.8,0.2,0.21,0.01,0.01,77662.71,1777272532000
1777272534.68,234.68,0.78,0.79,0.21,0.22,0.01,0.01,77665.24,1777272533000
1777272535.021,235.021,0.76,0.77,0.23,0.24,0.01,0.01,77665.24,1777272533000
1777272535.403,235.403,0.76,0.77,0.23,0.24,0.01,0.01,77665.24,1777272533000
1777272535.773,235.773,0.76,0.77,0.23,0.24,0.01,0.01,77666.96,1777272534000
1777272536.138,236.138,0.75,0.76,0.24,0.25,0.01,0.01,77666.55,1777272535000
1777272536.491,236.491,0.75,0.76,0.24,0.25,0.01,0.01,77666.55,1777272535000
1777272536.851,236.851,0.75,0.77,0.24,0.25,0.02,0.01,77666.55,1777272535000
1777272537.227,237.227,0.75,0.76,0.24,0.25,0.01,0.01,77667.06,1777272536000
1777272538.022,238.022,0.76,0.77,0.23,0.24,0.01,0.01,77667.06,1777272536000
1777272538.372,238.372,0.76,0.77,0.23,0.24,0.01,0.01,77667.06,1777272536000
1777272538.74,238.74,0.76,0.77,0.23,0.24,0.01,0.01,77667.06,1777272536000
1777272539.153,239.153,0.76,0.77,0.23,0.24,0.01,0.01,77669.98,1777272537000
1777272539.588,239.588,0.75,0.76,0.24,0.25,0.01,0.01,77668.46,1777272538000
1777272540.128,240.128,0.75,0.76,0.24,0.25,0.01,0.01,77668.46,1777272538000
1777272540.476,240.476,0.76,0.77,0.23,0.24,0.01,0.01,77668.46,1777272538000
1777272540.82,240.82,0.76,0.77,0.23,0.24,0.01,0.01,77669.29,1777272539000
1777272541.173,241.173,0.76,0.77,0.23,0.24,0.01,0.01,77669.3,1777272540000
1777272541.639,241.639,0.77,0.78,0.22,0.24,0.01,0.02,77669.3,1777272540000
1777272542.092,242.092,0.76,0.77,0.22,0.23,0.01,0.01,77669.3,1777272540000
1777272542.427,242.427,0.77,0.78,0.22,0.23,0.01,0.01,77669.12,1777272541000
1777272542.85,242.85,0.78,0.79,0.2,0.23,0.01,0.03,77669.12,1777272541000
1777272543.184,243.184,0.77,0.79,0.21,0.22,0.02,0.01,77669.12,1777272541000
1777272543.558,243.558,0.76,0.77,0.23,0.24,0.01,0.01,77669.11,1777272542000
1777272544.021,244.021,0.74,0.76,0.25,0.26,0.02,0.01,77669.11,1777272542000
1777272544.378,244.378,0.79,0.8,0.2,0.21,0.01,0.01,77669.11,1777272542000
1777272544.717,244.717,0.81,0.82,0.18,0.19,0.01,0.01,77673.91,1777272543000
1777272545.224,245.224,0.81,0.82,0.18,0.21,0.01,0.03,77673.01,1777272544000
1777272545.563,245.563,0.82,0.83,0.18,0.19,0.01,0.01,77673.01,1777272544000
1777272545.902,245.902,0.82,0.83,0.17,0.18,0.01,0.01,77673.23,1777272545000
1777272546.344,246.344,0.83,0.84,0.16,0.17,0.01,0.01,77673.23,1777272545000
1777272546.681,246.681,0.83,0.84,0.16,0.17,0.01,0.01,77673.23,1777272545000
1777272547.119,247.119,0.84,0.85,0.15,0.16,0.01,0.01,77676.59,1777272546000
1777272547.466,247.466,0.84,0.85,0.15,0.16,0.01,0.01,77676.59,1777272546000
1777272547.804,247.804,0.86,0.87,0.13,0.14,0.01,0.01,77676.59,1777272546000
1777272548.169,248.169,0.87,0.88,0.12,0.13,0.01,0.01,77677.12,1777272547000
1777272548.572,248.572,0.87,0.88,0.12,0.13,0.01,0.01,77677.12,1777272547000
1777272548.933,248.933,0.87,0.88,0.12,0.13,0.01,0.01,77677.12,1777272547000
1777272549.272,249.272,0.87,0.88,0.12,0.13,0.01,0.01,77686.28,1777272548000
1777272549.626,249.626,0.87,0.88,0.12,0.13,0.01,0.01,77686.28,1777272548000
1777272549.976,249.976,0.88,0.89,0.12,0.13,0.01,0.01,77686.28,1777272548000
1777272550.373,250.373,0.88,0.89,0.11,0.12,0.01,0.01,77686.28,1777272548000
1777272550.763,250.763,0.88,0.89,0.11,0.12,0.01,0.01,77694.12,1777272549000
1777272551.131,251.131,0.89,0.9,0.1,0.12,0.01,0.02,77694.12,1777272549000
1777272551.522,251.522,0.89,0.9,0.1,0.11,0.01,0.01,77694.26,1777272550000
1777272551.878,251.878,0.88,0.89,0.11,0.12,0.01,0.01,77694.26,1777272550000
1777272552.295,252.295,0.88,0.89,0.11,0.12,0.01,0.01,77694.26,1777272550000
1777272552.653,252.653,0.87,0.88,0.12,0.13,0.01,0.01,77694.11,1777272551000
1777272553.002,253.002,0.87,0.88,0.12,0.13,0.01,0.01,77694.11,1777272551000
1777272553.391,253.391,0.87,0.88,0.09,0.13,0.01,0.04,77694.11,1777272551000
1777272553.752,253.752,0.87,0.91,0.12,0.13,0.04,0.01,77693.3,1777272552000
1777272554.156,254.156,0.9,0.91,0.09,0.1,0.01,0.01,77693.3,1777272552000
1777272554.494,254.494,0.91,0.92,0.08,0.09,0.01,0.01,77693.83,1777272553000
1777272554.867,254.867,0.92,0.93,0.07,0.09,0.01,0.02,77693.83,1777272553000
1777272555.266,255.266,0.93,0.94,0.06,0.07,0.01,0.01,77693.83,1777272553000
1777272555.629,255.629,0.93,0.94,0.06,0.07,0.01,0.01,77692.64,1777272554000
1777272555.99,255.99,0.93,0.94,0.06,0.07,0.01,0.01,77692.64,1777272554000
1777272556.334,256.334,0.93,0.95,0.06,0.07,0.02,0.01,77692.63,1777272555000
1777272556.686,256.686,0.94,0.95,0.05,0.06,0.01,0.01,77692.63,1777272555000
1777272557.059,257.059,0.94,0.95,0.05,0.06,0.01,0.01,77692.63,1777272555000
1777272557.472,257.472,0.94,0.95,0.05,0.06,0.01,0.01,77693.14,1777272556000
1777272557.946,257.946,0.94,0.95,0.05,0.06,0.01,0.01,77693.14,1777272556000
1777272558.348,258.348,0.94,0.95,0.05,0.06,0.01,0.01,77693.14,1777272557000
1777272558.705,258.705,0.94,0.95,0.05,0.06,0.01,0.01,77693.14,1777272557000
1777272559.041,259.041,0.94,0.95,0.05,0.06,0.01,0.01,77693.14,1777272557000
1777272559.413,259.413,0.94,0.95,0.05,0.06,0.01,0.01,77693.38,1777272558000
1777272559.765,259.765,0.94,0.95,0.05,0.06,0.01,0.01,77693.38,1777272558000
1777272560.108,260.108,0.94,0.95,0.05,0.06,0.01,0.01,77693.38,1777272558000
1777272560.467,260.467,0.94,0.95,0.05,0.06,0.01,0.01,77693.38,1777272558000
1777272560.842,260.842,0.93,0.94,0.05,0.06,0.01,0.01,77693.37,1777272559000
1777272561.408,261.408,0.93,0.95,0.06,0.07,0.02,0.01,77693.37,1777272559000
1777272561.788,261.788,0.94,0.95,0.05,0.06,0.01,0.01,77693.3,1777272560000
1777272562.22,262.22,0.94,0.95,0.05,0.06,0.01,0.01,77693.3,1777272561000
1777272562.566,262.566,0.94,0.95,0.05,0.06,0.01,0.01,77693.3,1777272561000
1777272562.964,262.964,0.94,0.95,0.05,0.06,0.01,0.01,77693.3,1777272561000
1777272563.328,263.328,0.94,0.95,0.05,0.06,0.01,0.01,77693.6,1777272562000
1777272563.702,263.702,0.94,0.95,0.05,0.06,0.01,0.01,77693.6,1777272562000
1777272564.042,264.042,0.94,0.95,0.05,0.06,0.01,0.01,77693.6,1777272562000
1777272564.396,264.396,0.94,0.95,0.05,0.06,0.01,0.01,77693.6,1777272562000
1777272564.733,264.733,0.94,0.95,0.05,0.06,0.01,0.01,77693.03,1777272563000
1777272565.066,265.066,0.93,0.94,0.06,0.07,0.01,0.01,77692.49,1777272564000
1777272565.47,265.47,0.93,0.94,0.06,0.07,0.01,0.01,77692.49,1777272564000
1777272565.855,265.855,0.92,0.93,0.07,0.08,0.01,0.01,77692.49,1777272564000
1777272566.221,266.221,0.93,0.94,0.06,0.07,0.01,0.01,77692.49,1777272564000
1777272566.816,266.816,0.94,0.95,0.05,0.06,0.01,0.01,77692.91,1777272565000
1777272567.253,267.253,0.94,0.95,0.05,0.06,0.01,0.01,77692.91,1777272565000
1777272567.596,267.596,0.93,0.95,0.05,0.06,0.02,0.01,77693.89,1777272566000
1777272567.943,267.943,0.93,0.95,0.05,0.07,0.02,0.02,77694.14,1777272567000
1777272568.445,268.445,0.94,0.95,0.05,0.06,0.01,0.01,77694.14,1777272567000
1777272568.847,268.847,0.92,0.93,0.06,0.07,0.01,0.01,77694.14,1777272567000
1777272569.193,269.193,0.92,0.94,0.06,0.08,0.02,0.02,77694.14,1777272567000
1777272569.606,269.606,0.92,0.94,0.07,0.08,0.02,0.01,77694.26,1777272568000
1777272569.966,269.966,0.94,0.95,0.05,0.07,0.01,0.02,77694.26,1777272568000
1777272570.362,270.362,0.93,0.94,0.05,0.06,0.01,0.01,77694.26,1777272568000
1777272570.71,270.71,0.92,0.95,0.06,0.08,0.03,0.02,77694.4,1777272569000
1777272571.068,271.068,0.93,0.94,0.05,0.07,0.01,0.02,77694.4,1777272570000
1777272571.439,271.439,0.94,0.95,0.05,0.06,0.01,0.01,77694.4,1777272570000
1777272571.887,271.887,0.91,0.92,0.08,0.09,0.01,0.01,77694.4,1777272570000
1777272572.288,272.288,0.91,0.92,0.08,0.09,0.01,0.01,77694.04,1777272571000
1777272572.627,272.627,0.91,0.92,0.08,0.09,0.01,0.01,77694.04,1777272571000
1777272573.096,273.096,0.9,0.92,0.08,0.1,0.02,0.02,77694.04,1777272571000
1777272573.43,273.43,0.9,0.91,0.09,0.1,0.01,0.01,77693.91,1777272572000
1777272573.865,273.865,0.9,0.92,0.08,0.09,0.02,0.01,77693.91,1777272572000
1777272574.203,274.203,0.9,0.91,0.09,0.1,0.01,0.01,77694.22,1777272573000
1777272574.604,274.604,0.9,0.91,0.09,0.1,0.01,0.01,77694.22,1777272573000
1777272574.961,274.961,0.9,0.91,0.09,0.1,0.01,0.01,77694.22,1777272573000
1777272575.446,275.446,0.91,0.92,0.08,0.09,0.01,0.01,77694.4,1777272574000
1777272575.792,275.792,0.94,0.95,0.05,0.06,0.01,0.01,77694.4,1777272574000
1777272576.134,276.134,0.94,0.95,0.05,0.06,0.01,0.01,77694.4,1777272574000
1777272576.474,276.474,0.95,0.96,0.04,0.07,0.01,0.03,77694.4,1777272575000
1777272576.821,276.821,0.94,0.95,0.05,0.07,0.01,0.02,77694.4,1777272575000
1777272577.17,277.17,0.96,0.97,0.03,0.04,0.01,0.01,77694.4,1777272575000
1777272577.506,277.506,0.96,0.97,0.03,0.04,0.01,0.01,77701.37,1777272576000
1777272577.873,277.873,0.93,0.94,0.06,0.07,0.01,0.01,77701.37,1777272576000
1777272578.228,278.228,0.95,0.97,0.03,0.05,0.02,0.02,77701.37,1777272576000
1777272578.581,278.581,0.95,0.98,0.03,0.05,0.03,0.02,77708.88,1777272577000
1777272578.921,278.921,0.96,0.97,0.03,0.04,0.01,0.01,77708.88,1777272577000
1777272579.255,279.255,0.96,0.97,0.03,0.04,0.01,0.01,77709.7,1777272578000
1777272579.626,279.626,0.97,0.98,0.02,0.03,0.01,0.01,77709.7,1777272578000
1777272579.982,279.982,0.97,0.98,0.02,0.03,0.01,0.01,77709.7,1777272578000
1777272580.4,280.4,0.97,0.98,0.02,0.03,0.01,0.01,77712.09,1777272579000
1777272580.759,280.759,0.98,0.99,0.01,0.02,0.01,0.01,77712.09,1777272579000
1777272581.11,281.11,0.98,0.99,0.01,0.02,0.01,0.01,77712.09,1777272579000
1777272581.493,281.493,0.98,0.99,0.01,0.02,0.01,0.01,77712.05,1777272580000
1777272581.914,281.914,0.98,0.99,0.01,0.02,0.01,0.01,77712.05,1777272580000
1777272582.286,282.286,0.98,0.99,0.01,0.02,0.01,0.01,77711.54,1777272581000
1777272582.638,282.638,0.98,0.99,0.01,0.02,0.01,0.01,77711.54,1777272581000
1777272582.976,282.976,0.98,0.99,0.01,0.02,0.01,0.01,77711.54,1777272581000
1777272583.343,283.343,0.98,0.99,0.01,0.02,0.01,0.01,77710.5,1777272582000
1777272583.777,283.777,0.98,0.99,0.01,0.02,0.01,0.01,77710.5,1777272582000
1777272584.181,284.181,0.99,0.99,0.01,0.02,0.0,0.01,77710.5,1777272582000
1777272584.568,284.568,0.99,0.99,0.01,0.01,0.0,0.0,77710.21,1777272583000
1777272584.904,284.904,0.99,0.99,0.01,0.01,0.0,0.0,77710.21,1777272583000
1777272585.356,285.356,0.99,0.99,0.01,0.01,0.0,0.0,77711.35,1777272584000
1777272585.708,285.708,0.99,0.99,0.01,0.01,0.0,0.0,77711.35,1777272584000
1777272586.117,286.117,0.99,0.99,0.01,0.01,0.0,0.0,77711.35,1777272584000
1777272586.751,286.751,0.99,0.99,0.01,0.01,0.0,0.0,77711.74,1777272585000
1777272587.174,287.174,0.99,0.99,0.01,0.01,0.0,0.0,77711.74,1777272585000
1777272587.56,287.56,0.99,0.99,0.01,0.01,0.0,0.0,77711.35,1777272586000
1777272587.965,287.965,0.99,0.99,0.01,0.01,0.0,0.0,77711.35,1777272587000
1777272588.299,288.299,0.99,0.99,0.01,0.01,0.0,0.0,77711.35,1777272587000
1777272589.061,289.061,0.99,0.99,0.01,0.01,0.0,0.0,77711.3,1777272588000
1777272589.412,289.412,0.99,0.99,0.01,0.01,0.0,0.0,77711.3,1777272588000
1777272589.753,289.753,0.99,0.99,0.01,0.01,0.0,0.0,77711.3,1777272588000
1777272590.287,290.287,0.99,0.99,0.01,0.01,0.0,0.0,77707.55,1777272589000
1777272590.677,290.677,0.99,0.99,0.01,0.01,0.0,0.0,77707.55,1777272589000
1777272591.097,291.097,0.99,0.99,0.01,0.01,0.0,0.0,77707.75,1777272590000
1777272591.712,291.712,0.99,0.99,0.01,0.01,0.0,0.0,77707.75,1777272590000
1777272592.35,292.35,0.99,0.99,0.01,0.01,0.0,0.0,77709.79,1777272591000
1777272592.713,292.713,0.99,0.99,0.01,0.01,0.0,0.0,77709.79,1777272591000
1777272593.145,293.145,0.99,0.99,0.01,0.01,0.0,0.0,77710.14,1777272592000
1777272593.785,293.785,0.99,0.99,0.01,0.01,0.0,0.0,77710.14,1777272592000
1777272594.224,294.224,0.99,0.99,0.01,0.01,0.0,0.0,77710.64,1777272593000
1777272595.088,295.088,0.99,0.99,0.01,0.01,0.0,0.0,77710.64,1777272593000
1777272595.699,295.699,0.99,0.99,0.01,0.01,0.0,0.0,77710.19,1777272594000
1777272596.107,296.107,0.99,0.99,0.01,0.01,0.0,0.0,77710.2,1777272595000
1777272597.187,297.187,0.99,0.99,0.01,0.01,0.0,0.0,77714.28,1777272596000
1777272597.677,297.677,0.99,0.99,0.01,0.01,0.0,0.0,77714.28,1777272596000
1777272598.444,298.444,0.99,0.99,0.01,0.01,0.0,0.0,77714.28,1777272596000
1777272598.806,298.806,0.99,0.99,0.01,0.01,0.0,0.0,77716.77,1777272597000
1777272599.52,299.52,0.99,0.99,0.01,0.01,0.0,0.0,77718.63,1777272598000
1777272599.989,299.989,0.99,0.99,0.01,0.01,0.0,0.0,77718.63,1777272598000
1777272600.324,300.324,0.99,0.99,0.01,0.01,0.0,0.0,77720.44,1777272599000
1777272600.671,300.671,0.99,0.99,0.01,0.01,0.0,0.0,77720.44,1777272599000

# RESULT,winner=Up,slug=btc-updown-5m-1777272300,ticks=685
