timestamp,elapsed_sec,up_bid,up_ask,down_bid,down_ask,up_spread,down_spread,btc_price,btc_oracle_ts
1775993700.52,0.52,0.51,0.52,0.48,0.49,0.01,0.01,71444.81,1775993699000
1775993700.899,0.899,0.51,0.53,0.48,0.49,0.02,0.01,71444.81,1775993699000
1775993701.279,1.279,0.52,0.53,0.47,0.49,0.01,0.02,71444.65,1775993700000
1775993701.721,1.721,0.53,0.54,0.46,0.47,0.01,0.01,71444.65,1775993700000
1775993702.155,2.155,0.53,0.54,0.46,0.47,0.01,0.01,71444.65,1775993700000
1775993702.561,2.561,0.53,0.54,0.46,0.47,0.01,0.01,71444.42,1775993701000
1775993703.071,3.071,0.53,0.54,0.46,0.48,0.01,0.02,71444.42,1775993701000
1775993703.673,3.673,0.53,0.54,0.47,0.48,0.01,0.01,71444.42,1775993701000
1775993704.269,4.269,0.52,0.54,0.46,0.48,0.02,0.02,71444.2,1775993703000
1775993704.921,4.921,0.53,0.54,0.46,0.48,0.01,0.02,71444.2,1775993703000
1775993705.32,5.32,0.53,0.54,0.46,0.47,0.01,0.01,71444.2,1775993703000
1775993705.696,5.696,0.53,0.54,0.46,0.47,0.01,0.01,71444.05,1775993704000
1775993706.033,6.033,0.53,0.54,0.46,0.47,0.01,0.01,71446.25,1775993705000
1775993706.531,6.531,0.53,0.55,0.46,0.47,0.02,0.01,71446.25,1775993705000
1775993706.918,6.918,0.54,0.55,0.45,0.46,0.01,0.01,71446.25,1775993705000
1775993707.283,7.283,0.54,0.55,0.45,0.46,0.01,0.01,71446.25,1775993706000
1775993707.667,7.667,0.54,0.55,0.45,0.46,0.01,0.01,71446.25,1775993706000
1775993708.05,8.05,0.54,0.55,0.45,0.46,0.01,0.01,71446.25,1775993706000
1775993708.503,8.503,0.54,0.55,0.45,0.46,0.01,0.01,71446.25,1775993707000
1775993708.909,8.909,0.55,0.56,0.44,0.45,0.01,0.01,71446.25,1775993707000
1775993709.248,9.248,0.57,0.58,0.42,0.43,0.01,0.01,71446.25,1775993707000
1775993709.597,9.597,0.57,0.58,0.42,0.43,0.01,0.01,71446.25,1775993708000
1775993710.153,10.153,0.58,0.59,0.41,0.42,0.01,0.01,71446.26,1775993709000
1775993710.498,10.498,0.6,0.61,0.39,0.4,0.01,0.01,71446.26,1775993709000
1775993710.84,10.84,0.6,0.61,0.39,0.4,0.01,0.01,71446.26,1775993709000
1775993711.301,11.301,0.6,0.61,0.39,0.4,0.01,0.01,71446.26,1775993710000
1775993711.652,11.652,0.6,0.61,0.39,0.4,0.01,0.01,71446.26,1775993710000
1775993712.228,12.228,0.6,0.61,0.39,0.4,0.01,0.01,71446.26,1775993710000
1775993712.575,12.575,0.64,0.85,0.15,0.39,0.21,0.24,71448.35,1775993711000
1775993712.921,12.921,0.67,0.76,0.24,0.27,0.09,0.03,71448.35,1775993711000
1775993713.257,13.257,0.68,0.7,0.3,0.31,0.02,0.01,71448.35,1775993711000
1775993713.644,13.644,0.66,0.67,0.33,0.34,0.01,0.01,71448.35,1775993711000
1775993714.046,14.046,0.66,0.67,0.33,0.34,0.01,0.01,71452.28,1775993712000
1775993714.414,14.414,0.67,0.68,0.32,0.33,0.01,0.01,71452.28,1775993712000
1775993714.906,14.906,0.67,0.68,0.32,0.33,0.01,0.01,71452.28,1775993712000
1775993715.296,15.296,0.65,0.66,0.34,0.35,0.01,0.01,71452.17,1775993713000
1775993715.657,15.657,0.65,0.66,0.34,0.35,0.01,0.01,71453.49,1775993714000
1775993716.061,16.061,0.64,0.65,0.35,0.36,0.01,0.01,71453.59,1775993715000
1775993716.486,16.486,0.66,0.67,0.33,0.34,0.01,0.01,71453.59,1775993715000
1775993716.84,16.84,0.67,0.68,0.32,0.33,0.01,0.01,71453.59,1775993715000
1775993717.176,17.176,0.66,0.67,0.33,0.34,0.01,0.01,71453.59,1775993715000
1775993717.522,17.522,0.66,0.67,0.33,0.34,0.01,0.01,71453.45,1775993716000
1775993717.981,17.981,0.65,0.69,0.34,0.35,0.04,0.01,71453.45,1775993716000
1775993718.432,18.432,0.66,0.67,0.33,0.34,0.01,0.01,71453.45,1775993716000
1775993718.768,18.768,0.66,0.67,0.33,0.34,0.01,0.01,71454.02,1775993717000
1775993719.176,19.176,0.66,0.67,0.33,0.34,0.01,0.01,71453.85,1775993718000
1775993719.511,19.511,0.62,0.64,0.36,0.37,0.02,0.01,71453.85,1775993718000
1775993719.868,19.868,0.61,0.62,0.38,0.39,0.01,0.01,71453.85,1775993718000
1775993720.224,20.224,0.61,0.62,0.38,0.39,0.01,0.01,71453.32,1775993719000
1775993720.619,20.619,0.61,0.62,0.38,0.39,0.01,0.01,71453.32,1775993719000
1775993721.121,21.121,0.61,0.62,0.38,0.39,0.01,0.01,71453.32,1775993719000
1775993721.455,21.455,0.61,0.62,0.38,0.39,0.01,0.01,71452.48,1775993720000
1775993721.801,21.801,0.61,0.62,0.38,0.39,0.01,0.01,71452.48,1775993720000
1775993722.213,22.213,0.61,0.62,0.38,0.39,0.01,0.01,71452.48,1775993720000
1775993722.556,22.556,0.61,0.62,0.38,0.39,0.01,0.01,71452.0,1775993721000
1775993723.047,23.047,0.61,0.62,0.38,0.39,0.01,0.01,71452.0,1775993721000
1775993723.646,23.646,0.61,0.62,0.38,0.39,0.01,0.01,71450.07,1775993722000
1775993724.109,24.109,0.61,0.62,0.38,0.39,0.01,0.01,71450.07,1775993722000
1775993724.445,24.445,0.61,0.62,0.38,0.39,0.01,0.01,71448.18,1775993723000
1775993724.95,24.95,0.6,0.61,0.38,0.39,0.01,0.01,71448.18,1775993723000
1775993725.291,25.291,0.6,0.61,0.39,0.4,0.01,0.01,71448.18,1775993724000
1775993725.909,25.909,0.6,0.61,0.39,0.4,0.01,0.01,71448.18,1775993724000
1775993726.342,26.342,0.6,0.61,0.39,0.4,0.01,0.01,71448.2,1775993725000
1775993726.812,26.812,0.6,0.61,0.39,0.4,0.01,0.01,71448.2,1775993725000
1775993727.263,27.263,0.6,0.61,0.39,0.4,0.01,0.01,71448.65,1775993726000
1775993727.611,27.611,0.6,0.61,0.39,0.4,0.01,0.01,71448.65,1775993726000
1775993727.96,27.96,0.59,0.6,0.4,0.41,0.01,0.01,71448.65,1775993726000
1775993728.372,28.372,0.58,0.59,0.4,0.42,0.01,0.02,71448.65,1775993726000
1775993728.79,28.79,0.58,0.59,0.41,0.42,0.01,0.01,71447.97,1775993727000
1775993729.178,29.178,0.58,0.59,0.41,0.42,0.01,0.01,71447.97,1775993727000
1775993729.513,29.513,0.58,0.59,0.41,0.42,0.01,0.01,71447.27,1775993728000
1775993729.905,29.905,0.58,0.59,0.41,0.42,0.01,0.01,71447.27,1775993728000
1775993730.345,30.345,0.58,0.59,0.41,0.42,0.01,0.01,71446.99,1775993729000
1775993730.69,30.69,0.58,0.59,0.41,0.42,0.01,0.01,71446.99,1775993729000
1775993731.14,31.14,0.58,0.59,0.41,0.42,0.01,0.01,71446.99,1775993729000
1775993731.492,31.492,0.58,0.59,0.41,0.42,0.01,0.01,71447.05,1775993730000
1775993731.971,31.971,0.58,0.59,0.41,0.42,0.01,0.01,71447.05,1775993730000
1775993732.497,32.497,0.58,0.59,0.41,0.42,0.01,0.01,71446.88,1775993731000
1775993732.976,32.976,0.58,0.59,0.41,0.42,0.01,0.01,71446.88,1775993731000
1775993733.367,33.367,0.58,0.59,0.41,0.42,0.01,0.01,71446.88,1775993732000
1775993733.741,33.741,0.52,0.59,0.41,0.42,0.07,0.01,71446.88,1775993732000
1775993734.089,34.089,0.51,0.52,0.48,0.49,0.01,0.01,71446.88,1775993732000
1775993734.494,34.494,0.52,0.53,0.47,0.49,0.01,0.02,71446.88,1775993733000
1775993734.863,34.863,0.52,0.53,0.47,0.48,0.01,0.01,71446.88,1775993733000
1775993735.197,35.197,0.53,0.54,0.46,0.47,0.01,0.01,71446.88,1775993734000
1775993735.551,35.551,0.53,0.54,0.46,0.47,0.01,0.01,71446.88,1775993734000
1775993735.889,35.889,0.54,0.55,0.45,0.46,0.01,0.01,71446.88,1775993734000
1775993736.372,36.372,0.55,0.56,0.45,0.46,0.01,0.01,71446.76,1775993735000
1775993736.723,36.723,0.56,0.57,0.43,0.44,0.01,0.01,71446.76,1775993735000
1775993737.095,37.095,0.56,0.57,0.43,0.44,0.01,0.01,71446.76,1775993735000
1775993737.626,37.626,0.56,0.62,0.43,0.44,0.06,0.01,71446.34,1775993736000
1775993738.039,38.039,0.6,0.61,0.39,0.41,0.01,0.02,71446.34,1775993736000
1775993738.396,38.396,0.6,0.61,0.39,0.41,0.01,0.02,71446.34,1775993737000
1775993738.763,38.763,0.6,0.61,0.39,0.4,0.01,0.01,71446.34,1775993737000
1775993739.158,39.158,0.6,0.61,0.39,0.4,0.01,0.01,71448.01,1775993738000
1775993739.654,39.654,0.6,0.61,0.39,0.4,0.01,0.01,71448.01,1775993738000
1775993740.163,40.163,0.6,0.61,0.39,0.4,0.01,0.01,71448.01,1775993738000
1775993740.635,40.635,0.61,0.62,0.37,0.39,0.01,0.02,71449.3,1775993739000
1775993741.015,41.015,0.61,0.64,0.38,0.39,0.03,0.01,71449.3,1775993739000
1775993741.357,41.357,0.61,0.62,0.38,0.39,0.01,0.01,71449.3,1775993739000
1775993741.75,41.75,0.61,0.62,0.38,0.39,0.01,0.01,71449.68,1775993740000
1775993742.167,42.167,0.61,0.62,0.38,0.39,0.01,0.01,71450.18,1775993741000
1775993742.513,42.513,0.61,0.62,0.38,0.39,0.01,0.01,71450.18,1775993741000
1775993742.862,42.862,0.6,0.62,0.38,0.39,0.02,0.01,71450.18,1775993741000
1775993743.248,43.248,0.62,0.63,0.37,0.4,0.01,0.03,71450.19,1775993742000
1775993743.665,43.665,0.59,0.63,0.37,0.38,0.04,0.01,71450.19,1775993742000
1775993744.001,44.001,0.61,0.62,0.38,0.39,0.01,0.01,71450.55,1775993743000
1775993744.625,44.625,0.6,0.62,0.38,0.39,0.02,0.01,71450.55,1775993743000
1775993745.016,45.016,0.6,0.62,0.39,0.4,0.02,0.01,71450.55,1775993743000
1775993745.383,45.383,0.6,0.61,0.38,0.4,0.01,0.02,71450.75,1775993744000
1775993745.926,45.926,0.59,0.6,0.39,0.41,0.01,0.02,71450.75,1775993744000
1775993746.298,46.298,0.58,0.59,0.4,0.42,0.01,0.02,71451.78,1775993745000
1775993746.637,46.637,0.6,0.61,0.36,0.42,0.01,0.06,71451.78,1775993745000
1775993747.081,47.081,0.6,0.61,0.39,0.4,0.01,0.01,71452.35,1775993746000
1775993747.501,47.501,0.59,0.6,0.39,0.41,0.01,0.02,71452.35,1775993746000
1775993748.036,48.036,0.59,0.6,0.4,0.41,0.01,0.01,71452.35,1775993746000
1775993748.382,48.382,0.59,0.6,0.4,0.42,0.01,0.02,71452.25,1775993747000
1775993748.85,48.85,0.59,0.6,0.4,0.41,0.01,0.01,71452.25,1775993747000
1775993749.622,49.622,0.59,0.6,0.4,0.41,0.01,0.01,71452.25,1775993748000
1775993750.021,50.021,0.59,0.67,0.33,0.41,0.08,0.08,71452.26,1775993749000
1775993750.367,50.367,0.58,0.6,0.4,0.42,0.02,0.02,71452.26,1775993749000
1775993750.72,50.72,0.6,0.61,0.39,0.4,0.01,0.01,71452.26,1775993749000
1775993751.397,51.397,0.6,0.61,0.39,0.4,0.01,0.01,71452.34,1775993750000
1775993751.841,51.841,0.6,0.61,0.39,0.4,0.01,0.01,71452.34,1775993750000
1775993752.236,52.236,0.6,0.61,0.39,0.4,0.01,0.01,71450.04,1775993751000
1775993752.966,52.966,0.6,0.61,0.39,0.4,0.01,0.01,71450.04,1775993751000
1775993753.379,53.379,0.6,0.61,0.39,0.4,0.01,0.01,71448.7,1775993752000
1775993754.102,54.102,0.6,0.61,0.39,0.4,0.01,0.01,71448.7,1775993752000
1775993754.584,54.584,0.6,0.61,0.39,0.4,0.01,0.01,71448.26,1775993753000
1775993754.925,54.925,0.6,0.61,0.39,0.4,0.01,0.01,71448.26,1775993753000
1775993755.315,55.315,0.6,0.61,0.39,0.4,0.01,0.01,71448.26,1775993753000
1775993756.27,56.27,0.6,0.61,0.39,0.4,0.01,0.01,71448.25,1775993754000
1775993756.885,56.885,0.6,0.61,0.39,0.4,0.01,0.01,71448.47,1775993756000
1775993757.318,57.318,0.6,0.61,0.39,0.4,0.01,0.01,71448.47,1775993756000
1775993757.774,57.774,0.6,0.61,0.39,0.4,0.01,0.01,71448.47,1775993756000
1775993758.16,58.16,0.6,0.61,0.39,0.4,0.01,0.01,71448.47,1775993757000
1775993758.826,58.826,0.6,0.61,0.39,0.4,0.01,0.01,71448.47,1775993757000
1775993759.174,59.174,0.6,0.61,0.39,0.4,0.01,0.01,71448.32,1775993758000
1775993759.649,59.649,0.6,0.61,0.39,0.4,0.01,0.01,71448.32,1775993758000
1775993760.026,60.026,0.63,0.64,0.36,0.38,0.01,0.02,71448.68,1775993759000
1775993760.487,60.487,0.63,0.64,0.36,0.37,0.01,0.01,71448.68,1775993759000
1775993760.937,60.937,0.63,0.64,0.36,0.37,0.01,0.01,71448.68,1775993759000
1775993761.528,61.528,0.63,0.64,0.36,0.37,0.01,0.01,71448.31,1775993760000
1775993761.936,61.936,0.63,0.64,0.36,0.37,0.01,0.01,71448.31,1775993760000
1775993762.285,62.285,0.64,0.65,0.35,0.37,0.01,0.02,71449.44,1775993761000
1775993762.694,62.694,0.64,0.65,0.35,0.36,0.01,0.01,71449.44,1775993761000
1775993763.163,63.163,0.64,0.65,0.35,0.36,0.01,0.01,71451.11,1775993762000
1775993763.53,63.53,0.64,0.76,0.35,0.36,0.12,0.01,71451.11,1775993762000
1775993763.905,63.905,0.64,0.65,0.35,0.36,0.01,0.01,71451.11,1775993762000
1775993764.328,64.328,0.64,0.65,0.35,0.36,0.01,0.01,71450.74,1775993763000
1775993764.672,64.672,0.64,0.65,0.35,0.36,0.01,0.01,71450.74,1775993763000
1775993765.111,65.111,0.64,0.65,0.35,0.36,0.01,0.01,71450.71,1775993764000
1775993765.624,65.624,0.64,0.65,0.35,0.36,0.01,0.01,71450.71,1775993764000
1775993765.98,65.98,0.64,0.65,0.35,0.36,0.01,0.01,71450.71,1775993764000
1775993766.385,66.385,0.64,0.65,0.35,0.36,0.01,0.01,71451.12,1775993765000
1775993766.83,66.83,0.64,0.65,0.35,0.36,0.01,0.01,71451.12,1775993765000
1775993767.263,67.263,0.66,0.67,0.33,0.34,0.01,0.01,71451.12,1775993765000
1775993767.71,67.71,0.66,0.67,0.33,0.34,0.01,0.01,71451.12,1775993766000
1775993768.108,68.108,0.66,0.67,0.33,0.34,0.01,0.01,71451.12,1775993766000
1775993768.485,68.485,0.66,0.67,0.33,0.34,0.01,0.01,71451.12,1775993767000
1775993768.864,68.864,0.65,0.67,0.33,0.34,0.02,0.01,71451.12,1775993767000
1775993769.336,69.336,0.65,0.66,0.34,0.35,0.01,0.01,71451.12,1775993768000
1775993769.748,69.748,0.65,0.66,0.34,0.35,0.01,0.01,71451.12,1775993768000
1775993770.097,70.097,0.65,0.66,0.34,0.35,0.01,0.01,71451.12,1775993769000
1775993770.47,70.47,0.65,0.66,0.34,0.35,0.01,0.01,71451.12,1775993769000
1775993771.065,71.065,0.65,0.66,0.34,0.35,0.01,0.01,71451.13,1775993770000
1775993771.836,71.836,0.64,0.65,0.35,0.36,0.01,0.01,71451.13,1775993770000
1775993772.195,72.195,0.63,0.65,0.35,0.36,0.02,0.01,71451.13,1775993771000
1775993772.619,72.619,0.62,0.64,0.21,0.37,0.02,0.16,71451.13,1775993771000
1775993772.98,72.98,0.64,0.65,0.35,0.36,0.01,0.01,71451.12,1775993772000
1775993773.686,73.686,0.64,0.65,0.35,0.36,0.01,0.01,71451.12,1775993772000
1775993774.557,74.557,0.64,0.65,0.35,0.36,0.01,0.01,71451.12,1775993773000
1775993774.958,74.958,0.64,0.66,0.34,0.36,0.02,0.02,71451.12,1775993774000
1775993775.359,75.359,0.6,0.66,0.34,0.35,0.06,0.01,71451.12,1775993774000
1775993775.731,75.731,0.63,0.64,0.37,0.38,0.01,0.01,71451.12,1775993774000
1775993776.407,76.407,0.63,0.64,0.36,0.37,0.01,0.01,71451.12,1775993775000
1775993776.773,76.773,0.59,0.63,0.36,0.37,0.04,0.01,71451.12,1775993775000
1775993777.144,77.144,0.59,0.6,0.27,0.41,0.01,0.14,71451.13,1775993776000
1775993777.774,77.774,0.6,0.62,0.38,0.4,0.02,0.02,71451.13,1775993776000
1775993778.111,78.111,0.62,0.63,0.37,0.38,0.01,0.01,71450.61,1775993777000
1775993778.519,78.519,0.61,0.63,0.37,0.38,0.02,0.01,71450.61,1775993777000
1775993778.882,78.882,0.61,0.64,0.37,0.39,0.03,0.02,71450.61,1775993777000
1775993779.759,79.759,0.61,0.62,0.36,0.39,0.01,0.03,71450.23,1775993778000
1775993780.224,80.224,0.62,0.63,0.38,0.39,0.01,0.01,71450.23,1775993778000
1775993780.717,80.717,0.61,0.62,0.37,0.39,0.01,0.02,71450.23,1775993778000
1775993781.148,81.148,0.61,0.62,0.38,0.39,0.01,0.01,71449.63,1775993779000
1775993781.502,81.502,0.61,0.62,0.38,0.39,0.01,0.01,71449.57,1775993780000
1775993782.016,82.016,0.61,0.62,0.38,0.39,0.01,0.01,71449.57,1775993780000
1775993782.355,82.355,0.61,0.73,0.27,0.39,0.12,0.12,71449.57,1775993780000
1775993782.91,82.91,0.59,0.6,0.27,0.39,0.01,0.12,71449.54,1775993781000
1775993783.251,83.251,0.55,0.56,0.44,0.45,0.01,0.01,71449.54,1775993781000
1775993783.748,83.748,0.55,0.56,0.44,0.45,0.01,0.01,71449.53,1775993782000
1775993784.104,84.104,0.55,0.56,0.44,0.45,0.01,0.01,71449.53,1775993782000
1775993784.83,84.83,0.55,0.56,0.44,0.45,0.01,0.01,71449.53,1775993783000
1775993785.186,85.186,0.55,0.56,0.44,0.45,0.01,0.01,71444.85,1775993784000
1775993785.536,85.536,0.55,0.56,0.44,0.45,0.01,0.01,71444.85,1775993784000
1775993785.995,85.995,0.55,0.56,0.44,0.45,0.01,0.01,71444.85,1775993784000
1775993786.529,86.529,0.55,0.56,0.44,0.45,0.01,0.01,71444.85,1775993784000
1775993786.94,86.94,0.55,0.56,0.44,0.45,0.01,0.01,71443.72,1775993785000
1775993787.449,87.449,0.55,0.56,0.44,0.45,0.01,0.01,71443.51,1775993786000
1775993788.104,88.104,0.5,0.56,0.44,0.45,0.06,0.01,71443.51,1775993786000
1775993788.439,88.439,0.5,0.51,0.49,0.5,0.01,0.01,71443.51,1775993786000
1775993788.776,88.776,0.5,0.51,0.49,0.5,0.01,0.01,71443.87,1775993787000
1775993789.188,89.188,0.5,0.51,0.49,0.5,0.01,0.01,71444.73,1775993788000
1775993789.546,89.546,0.5,0.51,0.49,0.5,0.01,0.01,71444.73,1775993788000
1775993789.905,89.905,0.5,0.51,0.49,0.5,0.01,0.01,71444.73,1775993788000
1775993790.258,90.258,0.5,0.51,0.49,0.5,0.01,0.01,71444.73,1775993788000
1775993790.647,90.647,0.5,0.51,0.49,0.5,0.01,0.01,71443.57,1775993789000
1775993791.241,91.241,0.5,0.51,0.49,0.5,0.01,0.01,71443.57,1775993789000
1775993791.679,91.679,0.5,0.51,0.49,0.5,0.01,0.01,71443.41,1775993790000
1775993792.061,92.061,0.51,0.52,0.47,0.49,0.01,0.02,71443.41,1775993790000
1775993792.489,92.489,0.51,0.52,0.48,0.49,0.01,0.01,71444.32,1775993791000
1775993792.891,92.891,0.51,0.52,0.48,0.49,0.01,0.01,71444.32,1775993791000
1775993793.298,93.298,0.51,0.52,0.48,0.49,0.01,0.01,71444.32,1775993792000
1775993793.671,93.671,0.51,0.52,0.48,0.49,0.01,0.01,71444.32,1775993792000
1775993794.064,94.064,0.51,0.52,0.48,0.5,0.01,0.02,71444.32,1775993792000
1775993794.416,94.416,0.58,0.59,0.41,0.42,0.01,0.01,71446.64,1775993793000
1775993795.173,95.173,0.58,0.6,0.41,0.42,0.02,0.01,71446.64,1775993793000
1775993795.514,95.514,0.6,0.62,0.38,0.4,0.02,0.02,71446.64,1775993793000
1775993795.933,95.933,0.61,0.62,0.38,0.39,0.01,0.01,71447.94,1775993794000
1775993796.287,96.287,0.61,0.62,0.38,0.39,0.01,0.01,71448.61,1775993795000
1775993796.791,96.791,0.61,0.62,0.38,0.39,0.01,0.01,71448.61,1775993795000
1775993797.505,97.505,0.61,0.62,0.38,0.39,0.01,0.01,71448.61,1775993795000
1775993797.868,97.868,0.61,0.62,0.38,0.39,0.01,0.01,71448.61,1775993795000
1775993798.228,98.228,0.61,0.62,0.38,0.39,0.01,0.01,71453.23,1775993797000
1775993798.895,98.895,0.61,0.62,0.38,0.39,0.01,0.01,71453.23,1775993797000
1775993799.233,99.233,0.61,0.62,0.38,0.39,0.01,0.01,71453.2,1775993798000
1775993800.034,100.034,0.61,0.62,0.38,0.39,0.01,0.01,71453.2,1775993798000
1775993800.423,100.423,0.61,0.62,0.38,0.39,0.01,0.01,71453.16,1775993799000
1775993801.268,101.268,0.61,0.62,0.38,0.39,0.01,0.01,71453.21,1775993800000
1775993801.787,101.787,0.61,0.62,0.38,0.39,0.01,0.01,71453.21,1775993800000
1775993802.123,102.123,0.61,0.62,0.38,0.39,0.01,0.01,71453.21,1775993801000
1775993802.548,102.548,0.61,0.62,0.38,0.39,0.01,0.01,71453.21,1775993801000
1775993802.934,102.934,0.61,0.62,0.38,0.39,0.01,0.01,71453.21,1775993802000
1775993803.384,103.384,0.63,0.64,0.36,0.37,0.01,0.01,71453.21,1775993802000
1775993804.015,104.015,0.63,0.64,0.36,0.37,0.01,0.01,71454.52,1775993803000
1775993804.384,104.384,0.63,0.75,0.36,0.37,0.12,0.01,71454.52,1775993803000
1775993804.912,104.912,0.65,0.66,0.34,0.35,0.01,0.01,71454.52,1775993803000
1775993805.367,105.367,0.65,0.66,0.34,0.35,0.01,0.01,71454.56,1775993804000
1775993805.704,105.704,0.65,0.66,0.34,0.35,0.01,0.01,71454.56,1775993804000
1775993806.379,106.379,0.65,0.66,0.34,0.35,0.01,0.01,71455.42,1775993805000
1775993806.874,106.874,0.65,0.66,0.34,0.35,0.01,0.01,71455.42,1775993805000
1775993807.213,107.213,0.64,0.66,0.34,0.36,0.02,0.02,71455.42,1775993805000
1775993807.781,107.781,0.64,0.8,0.35,0.36,0.16,0.01,71455.5,1775993806000
1775993808.529,108.529,0.64,0.65,0.35,0.36,0.01,0.01,71455.5,1775993807000
1775993808.979,108.979,0.64,0.65,0.35,0.36,0.01,0.01,71455.58,1775993808000
1775993809.833,109.833,0.64,0.65,0.35,0.36,0.01,0.01,71455.58,1775993808000
1775993810.276,110.276,0.64,0.65,0.35,0.36,0.01,0.01,71455.58,1775993809000
1775993810.891,110.891,0.64,0.65,0.35,0.36,0.01,0.01,71455.58,1775993809000
1775993811.232,111.232,0.64,0.82,0.18,0.36,0.18,0.18,71455.58,1775993810000
1775993811.569,111.569,0.64,0.65,0.35,0.36,0.01,0.01,71455.58,1775993810000
1775993812.081,112.081,0.64,0.66,0.34,0.35,0.02,0.01,71455.58,1775993810000
1775993812.565,112.565,0.64,0.65,0.35,0.36,0.01,0.01,71455.58,1775993811000
1775993813.064,113.064,0.64,0.65,0.35,0.36,0.01,0.01,71455.58,1775993811000
1775993813.494,113.494,0.64,0.65,0.35,0.36,0.01,0.01,71455.58,1775993812000
1775993814.097,114.097,0.63,0.65,0.35,0.36,0.02,0.01,71455.58,1775993812000
1775993814.613,114.613,0.63,0.81,0.36,0.37,0.18,0.01,71455.58,1775993813000
1775993815.031,115.031,0.64,0.65,0.35,0.36,0.01,0.01,71455.58,1775993813000
1775993815.371,115.371,0.64,0.65,0.35,0.36,0.01,0.01,71455.59,1775993814000
1775993815.74,115.74,0.7,0.71,0.29,0.3,0.01,0.01,71455.59,1775993814000
1775993816.084,116.084,0.7,0.71,0.29,0.3,0.01,0.01,71455.59,1775993814000
1775993816.545,116.545,0.65,0.69,0.31,0.32,0.04,0.01,71455.62,1775993815000
1775993816.886,116.886,0.66,0.68,0.32,0.34,0.02,0.02,71455.62,1775993815000
1775993817.302,117.302,0.68,0.69,0.31,0.32,0.01,0.01,71455.93,1775993816000
1775993817.779,117.779,0.72,0.73,0.27,0.28,0.01,0.01,71455.93,1775993816000
1775993818.292,118.292,0.72,0.73,0.27,0.28,0.01,0.01,71455.93,1775993816000
1775993818.979,118.979,0.72,0.73,0.27,0.28,0.01,0.01,71457.74,1775993817000
1775993819.395,119.395,0.72,0.73,0.27,0.28,0.01,0.01,71457.74,1775993817000
1775993819.794,119.794,0.72,0.73,0.27,0.28,0.01,0.01,71461.33,1775993818000
1775993820.268,120.268,0.72,0.73,0.27,0.28,0.01,0.01,71461.33,1775993819000
1775993820.668,120.668,0.72,0.73,0.27,0.28,0.01,0.01,71461.33,1775993819000
1775993821.061,121.061,0.73,0.74,0.26,0.28,0.01,0.02,71461.33,1775993819000
1775993821.716,121.716,0.74,0.75,0.25,0.26,0.01,0.01,71461.61,1775993820000
1775993822.111,122.111,0.74,0.75,0.25,0.26,0.01,0.01,71461.61,1775993820000
1775993822.635,122.635,0.73,0.74,0.26,0.27,0.01,0.01,71462.14,1775993821000
1775993823.068,123.068,0.73,0.74,0.26,0.27,0.01,0.01,71462.14,1775993821000
1775993823.661,123.661,0.73,0.74,0.26,0.27,0.01,0.01,71462.74,1775993822000
1775993824.014,124.014,0.73,0.74,0.26,0.27,0.01,0.01,71462.73,1775993823000
1775993824.363,124.363,0.73,0.74,0.26,0.27,0.01,0.01,71462.73,1775993823000
1775993825.2,125.2,0.73,0.89,0.11,0.27,0.16,0.16,71462.3,1775993824000
1775993825.535,125.535,0.74,0.75,0.25,0.26,0.01,0.01,71462.3,1775993824000
1775993825.948,125.948,0.73,0.75,0.25,0.27,0.02,0.02,71462.3,1775993824000
1775993826.295,126.295,0.73,0.75,0.25,0.26,0.02,0.01,71462.3,1775993824000
1775993826.642,126.642,0.73,0.74,0.25,0.27,0.01,0.02,71462.3,1775993824000
1775993827.187,127.187,0.72,0.74,0.26,0.27,0.02,0.01,71462.55,1775993825000
1775993827.538,127.538,0.73,0.74,0.25,0.28,0.01,0.03,71462.69,1775993826000
1775993827.907,127.907,0.72,0.73,0.27,0.28,0.01,0.01,71462.69,1775993826000
1775993828.352,128.352,0.72,0.76,0.27,0.28,0.04,0.01,71462.68,1775993827000
1775993828.828,128.828,0.74,0.75,0.25,0.26,0.01,0.01,71462.68,1775993827000
1775993829.44,129.44,0.73,0.74,0.26,0.28,0.01,0.02,71462.68,1775993827000
1775993829.781,129.781,0.73,0.74,0.26,0.27,0.01,0.01,71462.64,1775993828000
1775993830.277,130.277,0.71,0.73,0.26,0.27,0.02,0.01,71462.64,1775993828000
1775993830.71,130.71,0.7,0.71,0.29,0.3,0.01,0.01,71462.64,1775993828000
1775993831.045,131.045,0.7,0.89,0.29,0.3,0.19,0.01,71463.85,1775993829000
1775993831.391,131.391,0.71,0.72,0.28,0.29,0.01,0.01,71463.85,1775993829000
1775993831.855,131.855,0.71,0.74,0.28,0.29,0.03,0.01,71463.92,1775993830000
1775993832.305,132.305,0.72,0.73,0.27,0.28,0.01,0.01,71463.71,1775993831000
1775993832.782,132.782,0.73,0.74,0.09,0.28,0.01,0.19,71463.71,1775993831000
1775993833.39,133.39,0.73,0.74,0.26,0.27,0.01,0.01,71463.84,1775993832000
1775993834.025,134.025,0.73,0.74,0.26,0.27,0.01,0.01,71463.85,1775993833000
1775993834.48,134.48,0.72,0.74,0.26,0.27,0.02,0.01,71463.85,1775993833000
1775993835.352,135.352,0.72,0.74,0.26,0.28,0.02,0.02,71462.6,1775993834000
1775993835.696,135.696,0.72,0.73,0.27,0.28,0.01,0.01,71462.6,1775993834000
1775993836.111,136.111,0.72,0.74,0.13,0.28,0.02,0.15,71462.6,1775993834000
1775993836.51,136.51,0.71,0.73,0.27,0.28,0.02,0.01,71462.6,1775993834000
1775993837.104,137.104,0.71,0.72,0.27,0.29,0.01,0.02,71463.38,1775993835000
1775993837.807,137.807,0.71,0.72,0.28,0.29,0.01,0.01,71463.49,1775993836000
1775993838.15,138.15,0.71,0.72,0.28,0.29,0.01,0.01,71463.7,1775993837000
1775993838.638,138.638,0.71,0.72,0.28,0.29,0.01,0.01,71463.7,1775993837000
1775993839.011,139.011,0.73,0.74,0.25,0.29,0.01,0.04,71463.7,1775993837000
1775993839.423,139.423,0.74,0.75,0.09,0.27,0.01,0.18,71463.94,1775993838000
1775993839.759,139.759,0.74,0.75,0.25,0.26,0.01,0.01,71463.94,1775993838000
1775993840.124,140.124,0.75,0.76,0.25,0.26,0.01,0.01,71463.94,1775993838000
1775993840.556,140.556,0.74,0.76,0.24,0.26,0.02,0.02,71463.95,1775993839000
1775993840.925,140.925,0.74,0.75,0.25,0.26,0.01,0.01,71463.95,1775993839000
1775993841.273,141.273,0.74,0.75,0.25,0.26,0.01,0.01,71463.95,1775993840000
1775993841.655,141.655,0.75,0.77,0.23,0.25,0.02,0.02,71463.95,1775993840000
1775993842.134,142.134,0.75,0.76,0.24,0.25,0.01,0.01,71463.95,1775993840000
1775993842.502,142.502,0.75,0.76,0.24,0.25,0.01,0.01,71464.06,1775993841000
1775993842.868,142.868,0.75,0.76,0.24,0.25,0.01,0.01,71464.06,1775993841000
1775993843.34,143.34,0.75,0.9,0.24,0.25,0.15,0.01,71464.16,1775993842000
1775993843.699,143.699,0.76,0.77,0.23,0.24,0.01,0.01,71464.16,1775993842000
1775993844.057,144.057,0.79,0.81,0.18,0.24,0.02,0.06,71465.17,1775993843000
1775993844.428,144.428,0.78,0.79,0.21,0.22,0.01,0.01,71465.17,1775993843000
1775993844.766,144.766,0.76,0.77,0.23,0.24,0.01,0.01,71465.17,1775993843000
1775993845.199,145.199,0.76,0.77,0.23,0.24,0.01,0.01,71464.9,1775993844000
1775993845.707,145.707,0.76,0.77,0.23,0.24,0.01,0.01,71464.9,1775993844000
1775993846.099,146.099,0.76,0.77,0.23,0.24,0.01,0.01,71465.31,1775993845000
1775993846.449,146.449,0.76,0.77,0.23,0.24,0.01,0.01,71465.31,1775993845000
1775993846.806,146.806,0.76,0.77,0.23,0.24,0.01,0.01,71465.31,1775993845000
1775993847.322,147.322,0.76,0.77,0.23,0.24,0.01,0.01,71465.29,1775993846000
1775993847.693,147.693,0.76,0.77,0.23,0.24,0.01,0.01,71465.29,1775993846000
1775993848.04,148.04,0.76,0.77,0.23,0.24,0.01,0.01,71465.29,1775993846000
1775993848.433,148.433,0.76,0.77,0.23,0.24,0.01,0.01,71465.29,1775993847000
1775993849.063,149.063,0.76,0.77,0.23,0.24,0.01,0.01,71465.29,1775993847000
1775993849.551,149.551,0.76,0.78,0.23,0.24,0.02,0.01,71465.29,1775993848000
1775993850.126,150.126,0.77,0.78,0.22,0.24,0.01,0.02,71465.29,1775993848000
1775993850.47,150.47,0.77,0.78,0.22,0.23,0.01,0.01,71465.29,1775993849000
1775993850.867,150.867,0.77,0.78,0.22,0.23,0.01,0.01,71465.29,1775993849000
1775993851.221,151.221,0.78,0.79,0.22,0.23,0.01,0.01,71465.29,1775993850000
1775993851.619,151.619,0.78,0.79,0.21,0.22,0.01,0.01,71465.29,1775993850000
1775993851.995,151.995,0.78,0.79,0.21,0.22,0.01,0.01,71465.29,1775993850000
1775993852.375,152.375,0.78,0.79,0.21,0.22,0.01,0.01,71465.29,1775993851000
1775993852.734,152.734,0.78,0.79,0.21,0.22,0.01,0.01,71465.29,1775993851000
1775993853.167,153.167,0.78,0.79,0.21,0.22,0.01,0.01,71465.29,1775993851000
1775993853.52,153.52,0.78,0.79,0.21,0.22,0.01,0.01,71465.44,1775993852000
1775993854.105,154.105,0.78,0.79,0.21,0.22,0.01,0.01,71465.44,1775993852000
1775993854.462,154.462,0.78,0.79,0.21,0.22,0.01,0.01,71465.39,1775993853000
1775993855.056,155.056,0.78,0.79,0.21,0.22,0.01,0.01,71465.39,1775993853000
1775993855.423,155.423,0.79,0.87,0.2,0.21,0.08,0.01,71465.59,1775993854000
1775993855.778,155.778,0.79,0.8,0.2,0.21,0.01,0.01,71465.59,1775993854000
1775993856.179,156.179,0.79,0.8,0.2,0.21,0.01,0.01,71465.59,1775993854000
1775993856.642,156.642,0.83,0.84,0.16,0.17,0.01,0.01,71465.58,1775993855000
1775993857.088,157.088,0.79,0.8,0.17,0.21,0.01,0.04,71465.58,1775993855000
1775993857.493,157.493,0.79,0.8,0.2,0.21,0.01,0.01,71465.45,1775993856000
1775993857.834,157.834,0.79,0.8,0.2,0.21,0.01,0.01,71465.45,1775993856000
1775993858.57,158.57,0.79,0.83,0.1,0.21,0.04,0.11,71465.45,1775993857000
1775993858.935,158.935,0.8,0.81,0.19,0.2,0.01,0.01,71465.45,1775993857000
1775993859.49,159.49,0.8,0.81,0.19,0.2,0.01,0.01,71465.49,1775993858000
1775993859.824,159.824,0.8,0.81,0.19,0.2,0.01,0.01,71465.49,1775993858000
1775993860.295,160.295,0.8,0.81,0.19,0.2,0.01,0.01,71465.57,1775993859000
1775993860.679,160.679,0.8,0.81,0.19,0.2,0.01,0.01,71465.57,1775993859000
1775993861.69,161.69,0.78,0.81,0.19,0.22,0.03,0.03,71465.57,1775993860000
1775993862.221,162.221,0.79,0.8,0.2,0.21,0.01,0.01,71465.57,1775993860000
1775993862.736,162.736,0.8,0.81,0.07,0.21,0.01,0.14,71465.57,1775993861000
1775993863.22,163.22,0.8,0.81,0.19,0.2,0.01,0.01,71465.57,1775993862000
1775993863.685,163.685,0.8,0.81,0.19,0.2,0.01,0.01,71465.57,1775993862000
1775993864.305,164.305,0.82,0.83,0.17,0.18,0.01,0.01,71465.57,1775993863000
1775993864.64,164.64,0.82,0.83,0.17,0.18,0.01,0.01,71465.57,1775993863000
1775993865.182,165.182,0.8,0.81,0.18,0.2,0.01,0.02,71465.57,1775993864000
1775993865.633,165.633,0.8,0.81,0.19,0.2,0.01,0.01,71465.57,1775993864000
1775993865.968,165.968,0.8,0.81,0.19,0.2,0.01,0.01,71465.57,1775993864000
1775993866.44,166.44,0.8,0.81,0.19,0.2,0.01,0.01,71465.54,1775993865000
1775993866.908,166.908,0.8,0.88,0.19,0.2,0.08,0.01,71465.54,1775993865000
1775993867.302,167.302,0.8,0.81,0.12,0.2,0.01,0.08,71465.54,1775993865000
1775993867.636,167.636,0.8,0.81,0.19,0.2,0.01,0.01,71466.4,1775993866000
1775993868.059,168.059,0.8,0.81,0.19,0.2,0.01,0.01,71466.4,1775993866000
1775993868.531,168.531,0.8,0.81,0.19,0.2,0.01,0.01,71466.39,1775993867000
1775993869.042,169.042,0.8,0.81,0.19,0.2,0.01,0.01,71466.39,1775993867000
1775993869.375,169.375,0.8,0.81,0.19,0.2,0.01,0.01,71466.3,1775993868000
1775993869.769,169.769,0.82,0.84,0.17,0.18,0.02,0.01,71466.3,1775993868000
1775993870.309,170.309,0.83,0.84,0.16,0.18,0.01,0.02,71466.3,1775993869000
1775993870.706,170.706,0.82,0.83,0.16,0.18,0.01,0.02,71466.3,1775993869000
1775993871.123,171.123,0.82,0.83,0.17,0.18,0.01,0.01,71466.3,1775993869000
1775993872.344,172.344,0.82,0.9,0.17,0.18,0.08,0.01,71466.36,1775993870000
1775993872.679,172.679,0.86,0.87,0.13,0.14,0.01,0.01,71466.37,1775993871000
1775993873.044,173.044,0.85,0.86,0.14,0.15,0.01,0.01,71466.49,1775993872000
1775993873.379,173.379,0.82,0.83,0.16,0.17,0.01,0.01,71466.49,1775993872000
1775993873.803,173.803,0.83,0.85,0.15,0.17,0.02,0.02,71466.49,1775993872000
1775993874.142,174.142,0.83,0.84,0.16,0.17,0.01,0.01,71466.49,1775993872000
1775993875.036,175.036,0.83,0.84,0.16,0.18,0.01,0.02,71466.56,1775993873000
1775993875.453,175.453,0.83,0.84,0.16,0.17,0.01,0.01,71466.58,1775993874000
1775993875.808,175.808,0.85,0.86,0.14,0.15,0.01,0.01,71466.58,1775993874000
1775993876.378,176.378,0.85,0.86,0.14,0.15,0.01,0.01,71466.58,1775993875000
1775993876.866,176.866,0.85,0.93,0.14,0.15,0.08,0.01,71466.58,1775993875000
1775993877.202,177.202,0.87,0.88,0.12,0.13,0.01,0.01,71466.59,1775993876000
1775993877.572,177.572,0.86,0.88,0.12,0.13,0.02,0.01,71466.59,1775993876000
1775993878.043,178.043,0.86,0.87,0.13,0.14,0.01,0.01,71467.38,1775993877000
1775993878.431,178.431,0.86,0.87,0.13,0.14,0.01,0.01,71467.38,1775993877000
1775993878.945,178.945,0.86,0.87,0.13,0.14,0.01,0.01,71467.38,1775993877000
1775993879.3,179.3,0.86,0.88,0.13,0.14,0.02,0.01,71467.37,1775993878000
1775993879.818,179.818,0.87,0.88,0.12,0.13,0.01,0.01,71467.37,1775993878000
1775993880.458,180.458,0.87,0.88,0.12,0.13,0.01,0.01,71467.38,1775993879000
1775993880.865,180.865,0.87,0.88,0.12,0.13,0.01,0.01,71467.38,1775993879000
1775993881.315,181.315,0.87,0.88,0.12,0.13,0.01,0.01,71467.61,1775993880000
1775993881.674,181.674,0.87,0.88,0.12,0.13,0.01,0.01,71467.61,1775993880000
1775993882.022,182.022,0.87,0.88,0.12,0.13,0.01,0.01,71467.61,1775993880000
1775993882.637,182.637,0.88,0.89,0.07,0.13,0.01,0.06,71467.79,1775993881000
1775993883.003,183.003,0.87,0.88,0.12,0.13,0.01,0.01,71467.79,1775993881000
1775993883.376,183.376,0.87,0.88,0.12,0.13,0.01,0.01,71467.75,1775993882000
1775993884.068,184.068,0.86,0.87,0.12,0.14,0.01,0.02,71467.75,1775993882000
1775993884.404,184.404,0.86,0.87,0.13,0.14,0.01,0.01,71467.73,1775993883000
1775993884.993,184.993,0.86,0.87,0.13,0.14,0.01,0.01,71467.73,1775993883000
1775993885.559,185.559,0.86,0.87,0.13,0.14,0.01,0.01,71467.73,1775993884000
1775993885.987,185.987,0.86,0.87,0.13,0.14,0.01,0.01,71467.7,1775993885000
1775993886.323,186.323,0.86,0.88,0.12,0.13,0.02,0.01,71467.7,1775993885000
1775993886.912,186.912,0.86,0.88,0.12,0.14,0.02,0.02,71467.7,1775993885000
1775993887.386,187.386,0.86,0.87,0.13,0.14,0.01,0.01,71467.7,1775993885000
1775993887.804,187.804,0.86,0.87,0.13,0.14,0.01,0.01,71467.7,1775993886000
1775993888.262,188.262,0.85,0.87,0.13,0.15,0.02,0.02,71467.7,1775993887000
1775993888.721,188.721,0.85,0.86,0.13,0.15,0.01,0.02,71467.7,1775993887000
1775993889.133,189.133,0.85,0.91,0.14,0.15,0.06,0.01,71467.7,1775993887000
1775993889.523,189.523,0.85,0.86,0.14,0.15,0.01,0.01,71467.68,1775993888000
1775993889.94,189.94,0.85,0.86,0.14,0.15,0.01,0.01,71467.68,1775993888000
1775993890.326,190.326,0.85,0.86,0.14,0.15,0.01,0.01,71467.68,1775993889000
1775993890.778,190.778,0.85,0.86,0.14,0.15,0.01,0.01,71467.68,1775993889000
1775993891.112,191.112,0.8,0.81,0.17,0.2,0.01,0.03,71467.68,1775993889000
1775993891.504,191.504,0.8,0.81,0.19,0.2,0.01,0.01,71467.68,1775993889000
1775993891.941,191.941,0.8,0.81,0.19,0.2,0.01,0.01,71467.68,1775993890000
1775993892.277,192.277,0.8,0.81,0.19,0.2,0.01,0.01,71467.53,1775993891000
1775993892.749,192.749,0.8,0.81,0.19,0.2,0.01,0.01,71467.53,1775993891000
1775993893.087,193.087,0.8,0.81,0.19,0.2,0.01,0.01,71467.53,1775993891000
1775993893.445,193.445,0.8,0.83,0.19,0.2,0.03,0.01,71463.62,1775993892000
1775993893.841,193.841,0.81,0.82,0.18,0.19,0.01,0.01,71463.62,1775993892000
1775993894.298,194.298,0.81,0.82,0.18,0.19,0.01,0.01,71463.22,1775993893000
1775993894.757,194.757,0.8,0.82,0.18,0.19,0.02,0.01,71463.22,1775993893000
1775993895.192,195.192,0.8,0.81,0.19,0.2,0.01,0.01,71463.22,1775993893000
1775993895.6,195.6,0.8,0.81,0.19,0.2,0.01,0.01,71463.22,1775993894000
1775993895.947,195.947,0.8,0.81,0.19,0.2,0.01,0.01,71463.22,1775993894000
1775993896.426,196.426,0.8,0.81,0.19,0.2,0.01,0.01,71464.04,1775993895000
1775993896.981,196.981,0.8,0.81,0.19,0.2,0.01,0.01,71464.04,1775993895000
1775993897.35,197.35,0.78,0.8,0.2,0.22,0.02,0.02,71464.04,1775993896000
1775993897.791,197.791,0.78,0.79,0.21,0.22,0.01,0.01,71464.04,1775993896000
1775993898.167,198.167,0.78,0.79,0.21,0.22,0.01,0.01,71463.67,1775993897000
1775993898.552,198.552,0.78,0.79,0.21,0.22,0.01,0.01,71463.67,1775993897000
1775993898.941,198.941,0.78,0.8,0.21,0.22,0.02,0.01,71463.67,1775993897000
1775993899.358,199.358,0.79,0.8,0.2,0.21,0.01,0.01,71462.15,1775993898000
1775993899.961,199.961,0.79,0.8,0.2,0.21,0.01,0.01,71462.15,1775993898000
1775993900.295,200.295,0.79,0.8,0.2,0.21,0.01,0.01,71461.67,1775993899000
1775993900.791,200.791,0.79,0.8,0.2,0.21,0.01,0.01,71461.67,1775993899000
1775993901.221,201.221,0.79,0.8,0.2,0.21,0.01,0.01,71461.67,1775993899000
1775993901.573,201.573,0.79,0.8,0.2,0.21,0.01,0.01,71462.0,1775993900000
1775993901.918,201.918,0.79,0.8,0.2,0.21,0.01,0.01,71462.0,1775993900000
1775993902.254,202.254,0.79,0.8,0.2,0.21,0.01,0.01,71461.1,1775993901000
1775993902.617,202.617,0.79,0.8,0.2,0.21,0.01,0.01,71461.1,1775993901000
1775993902.97,202.97,0.76,0.8,0.2,0.21,0.04,0.01,71461.1,1775993901000
1775993903.345,203.345,0.76,0.78,0.2,0.24,0.02,0.04,71461.1,1775993901000
1775993903.681,203.681,0.79,0.8,0.2,0.21,0.01,0.01,71460.98,1775993902000
1775993904.034,204.034,0.79,0.8,0.2,0.21,0.01,0.01,71460.98,1775993902000
1775993904.43,204.43,0.85,0.86,0.14,0.17,0.01,0.03,71460.98,1775993902000
1775993904.77,204.77,0.85,0.87,0.12,0.15,0.02,0.03,71460.98,1775993902000
1775993905.118,205.118,0.86,0.87,0.13,0.14,0.01,0.01,71460.59,1775993903000
1775993906.059,206.059,0.86,0.87,0.13,0.14,0.01,0.01,71460.59,1775993903000
1775993906.44,206.44,0.86,0.87,0.13,0.14,0.01,0.01,71460.55,1775993904000
1775993907.168,207.168,0.86,0.87,0.13,0.14,0.01,0.01,71460.55,1775993904000
1775993907.62,207.62,0.86,0.87,0.13,0.14,0.01,0.01,71462.07,1775993905000
1775993907.973,207.973,0.86,0.87,0.13,0.14,0.01,0.01,71462.07,1775993905000
1775993908.319,208.319,0.85,0.87,0.13,0.14,0.02,0.01,71463.95,1775993906000
1775993908.685,208.685,0.83,0.86,0.14,0.15,0.03,0.01,71463.95,1775993906000
1775993909.077,209.077,0.84,0.86,0.14,0.15,0.02,0.01,71463.95,1775993906000
1775993909.498,209.498,0.84,0.86,0.14,0.15,0.02,0.01,71463.24,1775993907000
1775993909.841,209.841,0.83,0.84,0.16,0.17,0.01,0.01,71463.24,1775993907000
1775993910.195,210.195,0.84,0.86,0.14,0.16,0.02,0.02,71461.95,1775993908000
1775993910.566,210.566,0.84,0.86,0.14,0.16,0.02,0.02,71461.95,1775993908000
1775993910.972,210.972,0.84,0.85,0.15,0.16,0.01,0.01,71461.95,1775993908000
1775993911.591,211.591,0.84,0.85,0.15,0.16,0.01,0.01,71461.95,1775993909000
1775993911.939,211.939,0.84,0.85,0.15,0.16,0.01,0.01,71462.12,1775993910000
1775993912.529,212.529,0.83,0.85,0.15,0.16,0.02,0.01,71462.12,1775993910000
1775993913.055,213.055,0.83,0.84,0.16,0.17,0.01,0.01,71464.03,1775993911000
1775993913.412,213.412,0.83,0.84,0.16,0.17,0.01,0.01,71464.03,1775993911000
1775993913.881,213.881,0.83,0.85,0.16,0.19,0.02,0.03,71464.03,1775993911000
1775993914.237,214.237,0.83,0.84,0.16,0.17,0.01,0.01,71464.45,1775993912000
1775993914.579,214.579,0.83,0.84,0.16,0.17,0.01,0.01,71464.45,1775993912000
1775993915.089,215.089,0.85,0.86,0.13,0.15,0.01,0.02,71464.49,1775993913000
1775993915.811,215.811,0.85,0.86,0.14,0.15,0.01,0.01,71464.53,1775993914000
1775993916.288,216.288,0.85,0.86,0.14,0.15,0.01,0.01,71464.53,1775993914000
1775993916.779,216.779,0.85,0.86,0.14,0.15,0.01,0.01,71464.54,1775993915000
1775993917.283,217.283,0.85,0.86,0.14,0.15,0.01,0.01,71464.51,1775993916000
1775993917.671,217.671,0.85,0.86,0.14,0.15,0.01,0.01,71464.51,1775993916000
1775993918.324,218.324,0.85,0.86,0.14,0.15,0.01,0.01,71464.51,1775993916000
1775993918.703,218.703,0.85,0.86,0.14,0.15,0.01,0.01,71464.51,1775993916000
1775993919.501,219.501,0.85,0.86,0.14,0.15,0.01,0.01,71464.51,1775993917000
1775993920.151,220.151,0.85,0.93,0.14,0.15,0.08,0.01,71464.52,1775993918000
1775993920.545,220.545,0.84,0.86,0.13,0.15,0.02,0.02,71464.52,1775993918000
1775993920.885,220.885,0.84,0.86,0.14,0.16,0.02,0.02,71464.53,1775993919000
1775993921.227,221.227,0.84,0.86,0.14,0.16,0.02,0.02,71464.53,1775993919000
1775993921.757,221.757,0.84,0.85,0.15,0.16,0.01,0.01,71464.53,1775993920000
1775993922.227,222.227,0.84,0.85,0.15,0.16,0.01,0.01,71464.53,1775993920000
1775993923.091,223.091,0.84,0.85,0.15,0.16,0.01,0.01,71464.23,1775993922000
1775993923.522,223.522,0.84,0.91,0.15,0.16,0.07,0.01,71464.23,1775993922000
1775993923.981,223.981,0.84,0.85,0.15,0.16,0.01,0.01,71464.23,1775993922000
1775993924.322,224.322,0.84,0.85,0.15,0.16,0.01,0.01,71462.85,1775993923000
1775993924.688,224.688,0.84,0.85,0.15,0.16,0.01,0.01,71462.85,1775993923000
1775993925.064,225.064,0.85,0.86,0.14,0.15,0.01,0.01,71464.16,1775993924000
1775993925.62,225.62,0.85,0.88,0.14,0.15,0.03,0.01,71464.16,1775993924000
1775993926.179,226.179,0.85,0.88,0.12,0.15,0.03,0.03,71464.2,1775993925000
1775993926.742,226.742,0.86,0.88,0.13,0.14,0.02,0.01,71464.2,1775993925000
1775993927.202,227.202,0.89,0.9,0.08,0.14,0.01,0.06,71464.25,1775993926000
1775993927.592,227.592,0.88,0.89,0.1,0.11,0.01,0.01,71464.25,1775993926000
1775993927.958,227.958,0.86,0.87,0.13,0.14,0.01,0.01,71464.4,1775993927000
1775993928.477,228.477,0.86,0.87,0.13,0.14,0.01,0.01,71464.4,1775993927000
1775993928.952,228.952,0.86,0.87,0.13,0.14,0.01,0.01,71464.44,1775993928000
1775993929.538,229.538,0.86,0.87,0.13,0.14,0.01,0.01,71464.44,1775993928000
1775993929.882,229.882,0.86,0.87,0.13,0.14,0.01,0.01,71464.44,1775993928000
1775993930.374,230.374,0.86,0.87,0.13,0.14,0.01,0.01,71463.76,1775993929000
1775993930.829,230.829,0.87,0.88,0.12,0.13,0.01,0.01,71463.7,1775993930000
1775993931.214,231.214,0.87,0.88,0.12,0.14,0.01,0.02,71463.7,1775993930000
1775993931.621,231.621,0.87,0.88,0.12,0.13,0.01,0.01,71463.7,1775993930000
1775993932.056,232.056,0.86,0.87,0.13,0.14,0.01,0.01,71463.7,1775993930000
1775993932.403,232.403,0.86,0.88,0.1,0.14,0.02,0.04,71463.7,1775993931000
1775993932.855,232.855,0.86,0.88,0.12,0.14,0.02,0.02,71463.7,1775993931000
1775993933.213,233.213,0.86,0.87,0.13,0.14,0.01,0.01,71463.7,1775993932000
1775993933.549,233.549,0.86,0.87,0.13,0.14,0.01,0.01,71463.7,1775993932000
1775993933.933,233.933,0.86,0.87,0.13,0.14,0.01,0.01,71463.7,1775993932000
1775993934.36,234.36,0.86,0.87,0.13,0.14,0.01,0.01,71463.7,1775993933000
1775993934.75,234.75,0.86,0.87,0.13,0.14,0.01,0.01,71463.7,1775993933000
1775993935.239,235.239,0.86,0.87,0.13,0.14,0.01,0.01,71463.76,1775993934000
1775993935.58,235.58,0.86,0.87,0.13,0.14,0.01,0.01,71463.76,1775993934000
1775993935.948,235.948,0.87,0.89,0.12,0.13,0.02,0.01,71463.76,1775993934000
1775993936.494,236.494,0.88,0.89,0.11,0.12,0.01,0.01,71463.86,1775993935000
1775993936.93,236.93,0.87,0.89,0.11,0.13,0.02,0.02,71463.86,1775993936000
1775993937.389,237.389,0.87,0.88,0.11,0.13,0.01,0.02,71463.86,1775993936000
1775993937.791,237.791,0.87,0.89,0.11,0.13,0.02,0.02,71463.86,1775993936000
1775993938.299,238.299,0.87,0.88,0.12,0.13,0.01,0.01,71463.86,1775993936000
1775993938.711,238.711,0.88,0.89,0.11,0.12,0.01,0.01,71463.95,1775993937000
1775993939.072,239.072,0.88,0.93,0.11,0.12,0.05,0.01,71463.95,1775993937000
1775993939.582,239.582,0.89,0.9,0.07,0.12,0.01,0.05,71463.96,1775993938000
1775993939.939,239.939,0.89,0.9,0.1,0.11,0.01,0.01,71463.96,1775993938000
1775993940.336,240.336,0.88,0.89,0.11,0.12,0.01,0.01,71463.96,1775993938000
1775993940.684,240.684,0.87,0.88,0.12,0.13,0.01,0.01,71462.66,1775993939000
1775993941.038,241.038,0.87,0.88,0.12,0.13,0.01,0.01,71462.66,1775993939000
1775993941.391,241.391,0.88,0.89,0.11,0.12,0.01,0.01,71463.9,1775993940000
1775993941.959,241.959,0.88,0.89,0.11,0.12,0.01,0.01,71463.9,1775993940000
1775993942.514,242.514,0.87,0.89,0.11,0.12,0.02,0.01,71463.9,1775993940000
1775993943.004,243.004,0.87,0.88,0.12,0.13,0.01,0.01,71463.88,1775993941000
1775993943.457,243.457,0.88,0.89,0.11,0.13,0.01,0.02,71463.86,1775993942000
1775993943.982,243.982,0.88,0.89,0.11,0.12,0.01,0.01,71463.86,1775993942000
1775993944.316,244.316,0.88,0.89,0.11,0.12,0.01,0.01,71463.86,1775993942000
1775993944.661,244.661,0.88,0.9,0.05,0.12,0.02,0.07,71463.87,1775993943000
1775993945.252,245.252,0.89,0.9,0.09,0.11,0.01,0.02,71463.87,1775993944000
1775993945.594,245.594,0.89,0.9,0.1,0.11,0.01,0.01,71463.87,1775993944000
1775993945.93,245.93,0.89,0.94,0.1,0.11,0.05,0.01,71463.87,1775993944000
1775993946.282,246.282,0.91,0.93,0.06,0.08,0.02,0.02,71463.88,1775993945000
1775993946.652,246.652,0.92,0.93,0.05,0.09,0.01,0.04,71463.88,1775993945000
1775993947.072,247.072,0.91,0.93,0.07,0.08,0.02,0.01,71463.88,1775993945000
1775993947.574,247.574,0.91,0.93,0.07,0.09,0.02,0.02,71463.95,1775993946000
1775993948.047,248.047,0.92,0.93,0.06,0.08,0.01,0.02,71463.95,1775993946000
1775993948.393,248.393,0.92,0.93,0.07,0.08,0.01,0.01,71463.95,1775993947000
1775993948.727,248.727,0.92,0.93,0.07,0.08,0.01,0.01,71463.95,1775993947000
1775993949.069,249.069,0.92,0.93,0.07,0.08,0.01,0.01,71463.95,1775993947000
1775993949.458,249.458,0.92,0.94,0.07,0.08,0.02,0.01,71463.95,1775993947000
1775993949.862,249.862,0.92,0.93,0.07,0.08,0.01,0.01,71463.95,1775993948000
1775993950.23,250.23,0.92,0.93,0.07,0.08,0.01,0.01,71462.73,1775993949000
1775993950.779,250.779,0.92,0.93,0.07,0.08,0.01,0.01,71462.73,1775993949000
1775993951.199,251.199,0.92,0.93,0.07,0.08,0.01,0.01,71463.95,1775993950000
1775993951.547,251.547,0.93,0.94,0.06,0.07,0.01,0.01,71463.95,1775993950000
1775993952.059,252.059,0.93,0.94,0.06,0.07,0.01,0.01,71463.95,1775993950000
1775993952.523,252.523,0.91,0.94,0.06,0.07,0.03,0.01,71463.95,1775993950000
1775993952.872,252.872,0.92,0.93,0.07,0.08,0.01,0.01,71463.9,1775993951000
1775993953.256,253.256,0.91,0.93,0.07,0.09,0.02,0.02,71463.9,1775993952000
1775993953.67,253.67,0.91,0.92,0.08,0.09,0.01,0.01,71463.9,1775993952000
1775993954.069,254.069,0.91,0.92,0.08,0.09,0.01,0.01,71463.9,1775993952000
1775993954.412,254.412,0.91,0.92,0.08,0.09,0.01,0.01,71463.9,1775993952000
1775993954.818,254.818,0.92,0.93,0.07,0.08,0.01,0.01,71463.9,1775993953000
1775993955.204,255.204,0.92,0.93,0.07,0.08,0.01,0.01,71463.9,1775993953000
1775993955.574,255.574,0.93,0.94,0.06,0.07,0.01,0.01,71463.91,1775993954000
1775993956.017,256.017,0.93,0.94,0.06,0.07,0.01,0.01,71463.91,1775993954000
1775993956.361,256.361,0.92,0.94,0.06,0.07,0.02,0.01,71463.91,1775993955000
1775993956.972,256.972,0.92,0.93,0.07,0.08,0.01,0.01,71463.91,1775993955000
1775993957.34,257.34,0.92,0.93,0.07,0.08,0.01,0.01,71463.91,1775993955000
1775993957.852,257.852,0.92,0.93,0.07,0.08,0.01,0.01,71463.93,1775993956000
1775993958.225,258.225,0.92,0.93,0.07,0.08,0.01,0.01,71463.93,1775993957000
1775993958.635,258.635,0.93,0.94,0.06,0.08,0.01,0.02,71463.93,1775993957000
1775993958.994,258.994,0.91,0.92,0.08,0.09,0.01,0.01,71463.94,1775993958000
1775993959.404,259.404,0.92,0.93,0.07,0.08,0.01,0.01,71463.94,1775993958000
1775993959.752,259.752,0.92,0.93,0.05,0.08,0.01,0.03,71463.94,1775993958000
1775993960.109,260.109,0.92,0.93,0.07,0.08,0.01,0.01,71463.96,1775993959000
1775993960.757,260.757,0.93,0.94,0.06,0.07,0.01,0.01,71463.96,1775993959000
1775993961.109,261.109,0.95,0.96,0.04,0.12,0.01,0.08,71463.79,1775993960000
1775993961.654,261.654,0.94,0.95,0.05,0.06,0.01,0.01,71463.79,1775993960000
1775993962.089,262.089,0.94,0.95,0.05,0.06,0.01,0.01,71463.78,1775993961000
1775993962.591,262.591,0.94,0.95,0.05,0.06,0.01,0.01,71463.78,1775993961000
1775993963.044,263.044,0.94,0.95,0.05,0.06,0.01,0.01,71463.67,1775993962000
1775993963.621,263.621,0.94,0.95,0.05,0.06,0.01,0.01,71463.67,1775993962000
1775993963.964,263.964,0.94,0.95,0.05,0.06,0.01,0.01,71463.67,1775993962000
1775993964.581,264.581,0.95,0.96,0.03,0.06,0.01,0.03,71463.67,1775993963000
1775993965.12,265.12,0.94,0.95,0.05,0.06,0.01,0.01,71463.67,1775993963000
1775993965.934,265.934,0.94,0.95,0.05,0.06,0.01,0.01,71463.69,1775993964000
1775993966.654,266.654,0.94,0.95,0.05,0.06,0.01,0.01,71463.74,1775993965000
1775993967.04,267.04,0.95,0.96,0.04,0.06,0.01,0.02,71463.74,1775993965000
1775993967.571,267.571,0.95,0.96,0.04,0.05,0.01,0.01,71463.74,1775993966000
1775993968.249,268.249,0.95,0.97,0.03,0.05,0.02,0.02,71463.74,1775993967000
1775993968.602,268.602,0.94,0.95,0.04,0.05,0.01,0.01,71463.74,1775993967000
1775993968.989,268.989,0.94,0.95,0.04,0.06,0.01,0.02,71463.74,1775993967000
1775993969.391,269.391,0.95,0.96,0.04,0.05,0.01,0.01,71463.7,1775993968000
1775993969.92,269.92,0.95,0.96,0.04,0.05,0.01,0.01,71463.7,1775993968000
1775993970.272,270.272,0.95,0.96,0.04,0.05,0.01,0.01,71463.7,1775993968000
1775993970.703,270.703,0.94,0.96,0.04,0.05,0.02,0.01,71463.71,1775993969000
1775993971.25,271.25,0.96,0.97,0.02,0.06,0.01,0.04,71463.71,1775993969000
1775993971.618,271.618,0.94,0.95,0.05,0.06,0.01,0.01,71463.71,1775993970000
1775993972.12,272.12,0.95,0.98,0.04,0.05,0.03,0.01,71463.72,1775993971000
1775993972.458,272.458,0.97,0.98,0.02,0.03,0.01,0.01,71463.72,1775993971000
1775993972.892,272.892,0.95,0.96,0.04,0.05,0.01,0.01,71463.72,1775993971000
1775993973.407,273.407,0.95,0.96,0.04,0.05,0.01,0.01,71463.7,1775993972000
1775993973.748,273.748,0.96,0.97,0.02,0.04,0.01,0.02,71463.7,1775993972000
1775993974.083,274.083,0.97,0.98,0.02,0.04,0.01,0.02,71463.7,1775993973000
1775993974.451,274.451,0.96,0.97,0.03,0.04,0.01,0.01,71463.7,1775993973000
1775993974.948,274.948,0.95,0.98,0.03,0.04,0.03,0.01,71463.7,1775993973000
1775993975.39,275.39,0.96,0.97,0.03,0.04,0.01,0.01,71463.7,1775993973000
1775993975.901,275.901,0.96,0.97,0.03,0.04,0.01,0.01,71463.73,1775993974000
1775993976.343,276.343,0.96,0.97,0.03,0.04,0.01,0.01,71463.73,1775993975000
1775993976.786,276.786,0.96,0.97,0.03,0.04,0.01,0.01,71463.73,1775993975000
1775993977.159,277.159,0.96,0.97,0.03,0.04,0.01,0.01,71463.74,1775993976000
1775993977.984,277.984,0.97,0.98,0.02,0.04,0.01,0.02,71463.74,1775993976000
1775993978.348,278.348,0.96,0.97,0.02,0.05,0.01,0.03,71463.74,1775993977000
1775993979.098,279.098,0.95,0.97,0.03,0.05,0.02,0.02,71463.74,1775993978000
1775993979.671,279.671,0.96,0.97,0.02,0.04,0.01,0.02,71463.74,1775993978000
1775993980.058,280.058,0.96,0.98,0.02,0.04,0.02,0.02,71463.74,1775993979000
1775993980.417,280.417,0.97,0.98,0.02,0.03,0.01,0.01,71463.74,1775993979000
1775993980.771,280.771,0.97,0.99,0.02,0.03,0.02,0.01,71463.74,1775993979000
1775993981.116,281.116,0.97,0.98,0.01,0.04,0.01,0.03,71463.74,1775993980000
1775993981.54,281.54,0.98,0.99,0.01,0.03,0.01,0.02,71463.74,1775993980000
1775993981.921,281.921,0.97,0.99,0.01,0.03,0.02,0.02,71463.74,1775993980000
1775993982.362,282.362,0.97,0.98,0.01,0.03,0.01,0.02,71463.4,1775993981000
1775993982.959,282.959,0.97,0.99,0.01,0.03,0.02,0.02,71463.4,1775993981000
1775993983.494,283.494,0.97,0.98,0.02,0.03,0.01,0.01,71463.4,1775993982000
1775993983.899,283.899,0.97,0.99,0.01,0.03,0.02,0.02,71463.4,1775993982000
1775993984.301,284.301,0.98,0.99,0.01,0.02,0.01,0.01,71463.74,1775993983000
1775993984.795,284.795,0.97,0.99,0.01,0.02,0.02,0.01,71463.74,1775993983000
1775993985.151,285.151,0.97,0.99,0.01,0.03,0.02,0.02,71463.74,1775993983000
1775993985.71,285.71,0.97,0.99,0.01,0.03,0.02,0.02,71463.61,1775993984000
1775993986.373,286.373,0.97,0.99,0.01,0.02,0.02,0.01,71463.61,1775993984000
1775993986.747,286.747,0.97,0.99,0.01,0.03,0.02,0.02,71463.66,1775993985000
1775993987.342,287.342,0.98,0.99,0.01,0.03,0.01,0.02,71463.66,1775993986000
1775993987.743,287.743,0.98,0.99,0.01,0.02,0.01,0.01,71463.66,1775993986000
1775993988.307,288.307,0.97,0.98,0.02,0.03,0.01,0.01,71463.66,1775993986000
1775993988.835,288.835,0.98,0.99,0.02,0.03,0.01,0.01,71463.62,1775993987000
1775993989.239,289.239,0.97,0.99,0.01,0.03,0.02,0.02,71463.62,1775993987000
1775993989.755,289.755,0.98,0.99,0.01,0.03,0.01,0.02,71463.66,1775993988000
1775993990.798,290.798,0.98,0.99,0.01,0.02,0.01,0.01,71463.74,1775993989000
1775993991.233,291.233,0.98,0.99,0.01,0.02,0.01,0.01,71463.74,1775993989000
1775993991.597,291.597,0.97,0.98,0.02,0.03,0.01,0.01,71463.74,1775993990000
1775993992.039,292.039,0.97,0.98,0.02,0.03,0.01,0.01,71463.74,1775993990000
1775993992.379,292.379,0.98,0.99,0.01,0.02,0.01,0.01,71463.76,1775993991000
1775993992.769,292.769,0.98,0.99,0.01,0.02,0.01,0.01,71463.76,1775993991000
1775993993.197,293.197,0.98,0.99,0.01,0.02,0.01,0.01,71463.76,1775993991000
1775993993.612,293.612,0.98,0.99,0.01,0.02,0.01,0.01,71463.76,1775993991000
1775993994.206,294.206,0.98,0.99,0.01,0.02,0.01,0.01,71463.77,1775993993000
1775993994.546,294.546,0.98,0.99,0.01,0.02,0.01,0.01,71463.77,1775993993000
1775993994.968,294.968,0.98,0.99,0.01,0.02,0.01,0.01,71463.77,1775993993000
1775993995.356,295.356,0.98,0.99,0.01,0.02,0.01,0.01,71463.77,1775993993000
1775993995.707,295.707,0.98,0.99,0.01,0.02,0.01,0.01,71463.77,1775993994000
1775993996.058,296.058,0.98,0.99,0.01,0.02,0.01,0.01,71463.77,1775993994000
1775993996.405,296.405,0.98,0.99,0.01,0.02,0.01,0.01,71463.78,1775993995000
1775993996.751,296.751,0.98,0.99,0.01,0.02,0.01,0.01,71463.78,1775993995000
1775993997.121,297.121,0.98,0.99,0.01,0.02,0.01,0.01,71463.78,1775993995000
1775993997.457,297.457,0.98,0.99,0.01,0.02,0.01,0.01,71463.78,1775993995000
1775993997.795,297.795,0.98,0.99,0.01,0.02,0.01,0.01,71463.76,1775993996000
1775993998.385,298.385,0.99,0.99,0.01,0.01,0.0,0.0,71463.76,1775993996000
1775993998.789,298.789,0.99,0.99,0.01,0.01,0.0,0.0,71463.77,1775993997000
1775993999.294,299.294,0.99,0.99,0.01,0.01,0.0,0.0,71463.77,1775993998000
1775994000.134,300.134,0.99,0.99,0.01,0.01,0.0,0.0,71463.77,1775993998000
1775994000.871,300.871,0.99,0.99,0.01,0.01,0.0,0.0,71463.79,1775993999000

# RESULT,winner=Up,slug=btc-updown-5m-1775993700,ticks=673
