timestamp,elapsed_sec,up_bid,up_ask,down_bid,down_ask,up_spread,down_spread,btc_price,btc_oracle_ts
1776277500.708,0.708,0.49,0.5,0.5,0.51,0.01,0.01,74314.7,1776277499000
1776277501.289,1.289,0.49,0.5,0.5,0.51,0.01,0.01,74297.71,1776277500000
1776277501.794,1.794,0.49,0.5,0.5,0.51,0.01,0.01,74297.71,1776277500000
1776277502.144,2.144,0.49,0.5,0.5,0.51,0.01,0.01,74294.1,1776277501000
1776277502.512,2.512,0.48,0.49,0.5,0.51,0.01,0.01,74294.1,1776277501000
1776277503.009,3.009,0.48,0.49,0.51,0.52,0.01,0.01,74294.1,1776277501000
1776277503.367,3.367,0.48,0.49,0.51,0.52,0.01,0.01,74292.48,1776277502000
1776277503.724,3.724,0.48,0.49,0.51,0.52,0.01,0.01,74292.48,1776277502000
1776277504.114,4.114,0.48,0.51,0.49,0.52,0.03,0.03,74292.48,1776277502000
1776277504.447,4.447,0.53,0.54,0.46,0.47,0.01,0.01,74292.48,1776277502000
1776277504.791,4.791,0.53,0.54,0.46,0.47,0.01,0.01,74296.61,1776277503000
1776277505.173,5.173,0.53,0.54,0.46,0.47,0.01,0.01,74296.61,1776277503000
1776277505.522,5.522,0.53,0.54,0.46,0.47,0.01,0.01,74301.62,1776277504000
1776277505.873,5.873,0.53,0.54,0.46,0.47,0.01,0.01,74301.62,1776277504000
1776277506.236,6.236,0.53,0.54,0.46,0.47,0.01,0.01,74301.62,1776277504000
1776277506.622,6.622,0.53,0.54,0.46,0.47,0.01,0.01,74304.23,1776277505000
1776277506.963,6.963,0.53,0.54,0.46,0.47,0.01,0.01,74304.23,1776277505000
1776277507.45,7.45,0.53,0.54,0.46,0.47,0.01,0.01,74304.23,1776277505000
1776277507.806,7.806,0.53,0.54,0.46,0.47,0.01,0.01,74305.11,1776277506000
1776277508.256,8.256,0.53,0.54,0.46,0.47,0.01,0.01,74305.11,1776277506000
1776277508.677,8.677,0.53,0.54,0.46,0.47,0.01,0.01,74305.61,1776277507000
1776277509.062,9.062,0.53,0.54,0.46,0.47,0.01,0.01,74304.42,1776277508000
1776277509.398,9.398,0.53,0.54,0.46,0.47,0.01,0.01,74304.42,1776277508000
1776277509.804,9.804,0.53,0.54,0.46,0.47,0.01,0.01,74304.42,1776277508000
1776277510.193,10.193,0.53,0.54,0.46,0.47,0.01,0.01,74304.42,1776277509000
1776277510.69,10.69,0.53,0.54,0.46,0.47,0.01,0.01,74304.42,1776277509000
1776277511.072,11.072,0.53,0.54,0.46,0.47,0.01,0.01,74304.31,1776277510000
1776277511.543,11.543,0.53,0.54,0.46,0.47,0.01,0.01,74304.31,1776277510000
1776277511.948,11.948,0.52,0.53,0.47,0.48,0.01,0.01,74304.31,1776277510000
1776277512.314,12.314,0.51,0.52,0.48,0.49,0.01,0.01,74304.56,1776277511000
1776277512.818,12.818,0.51,0.52,0.48,0.49,0.01,0.01,74304.56,1776277511000
1776277513.23,13.23,0.47,0.49,0.51,0.52,0.02,0.01,74304.56,1776277511000
1776277513.666,13.666,0.44,0.45,0.55,0.56,0.01,0.01,74303.92,1776277512000
1776277514.051,14.051,0.43,0.45,0.55,0.57,0.02,0.02,74303.92,1776277512000
1776277514.458,14.458,0.43,0.44,0.55,0.57,0.01,0.02,74303.92,1776277512000
1776277514.801,14.801,0.43,0.44,0.56,0.57,0.01,0.01,74292.61,1776277513000
1776277515.234,15.234,0.43,0.44,0.56,0.57,0.01,0.01,74287.2,1776277514000
1776277516.183,16.183,0.43,0.44,0.56,0.57,0.01,0.01,74287.03,1776277515000
1776277516.565,16.565,0.42,0.43,0.57,0.58,0.01,0.01,74287.03,1776277515000
1776277517.03,17.03,0.42,0.43,0.57,0.58,0.01,0.01,74287.03,1776277515000
1776277517.764,17.764,0.42,0.43,0.57,0.58,0.01,0.01,74287.02,1776277516000
1776277518.151,18.151,0.42,0.43,0.57,0.58,0.01,0.01,74287.02,1776277516000
1776277518.493,18.493,0.42,0.43,0.57,0.58,0.01,0.01,74286.98,1776277517000
1776277518.88,18.88,0.42,0.43,0.57,0.58,0.01,0.01,74286.98,1776277517000
1776277519.289,19.289,0.41,0.43,0.57,0.58,0.02,0.01,74283.54,1776277518000
1776277519.666,19.666,0.4,0.41,0.58,0.59,0.01,0.01,74283.54,1776277518000
1776277520.22,20.22,0.4,0.41,0.59,0.6,0.01,0.01,74283.55,1776277519000
1776277520.608,20.608,0.4,0.41,0.59,0.6,0.01,0.01,74283.55,1776277519000
1776277521.109,21.109,0.4,0.41,0.59,0.6,0.01,0.01,74283.34,1776277520000
1776277521.503,21.503,0.4,0.41,0.59,0.6,0.01,0.01,74283.34,1776277520000
1776277521.87,21.87,0.4,0.41,0.59,0.6,0.01,0.01,74283.34,1776277520000
1776277522.679,22.679,0.4,0.41,0.59,0.6,0.01,0.01,74282.5,1776277521000
1776277523.016,23.016,0.4,0.41,0.59,0.6,0.01,0.01,74282.5,1776277521000
1776277524.099,24.099,0.4,0.41,0.59,0.6,0.01,0.01,74282.3,1776277523000
1776277525.049,25.049,0.4,0.41,0.59,0.6,0.01,0.01,74282.3,1776277523000
1776277525.385,25.385,0.39,0.41,0.59,0.6,0.02,0.01,74282.3,1776277524000
1776277525.76,25.76,0.39,0.41,0.6,0.61,0.02,0.01,74282.3,1776277524000
1776277526.122,26.122,0.4,0.41,0.59,0.6,0.01,0.01,74277.28,1776277525000
1776277526.46,26.46,0.39,0.4,0.6,0.62,0.01,0.02,74277.28,1776277525000
1776277526.848,26.848,0.39,0.4,0.6,0.61,0.01,0.01,74277.28,1776277525000
1776277527.2,27.2,0.38,0.39,0.6,0.62,0.01,0.02,74277.47,1776277526000
1776277527.6,27.6,0.37,0.38,0.61,0.62,0.01,0.01,74277.47,1776277526000
1776277528.039,28.039,0.37,0.38,0.62,0.63,0.01,0.01,74276.4,1776277527000
1776277528.389,28.389,0.37,0.38,0.62,0.63,0.01,0.01,74276.4,1776277527000
1776277528.78,28.78,0.37,0.38,0.62,0.63,0.01,0.01,74276.4,1776277527000
1776277529.451,29.451,0.37,0.38,0.62,0.63,0.01,0.01,74275.8,1776277528000
1776277529.855,29.855,0.37,0.38,0.62,0.63,0.01,0.01,74275.82,1776277529000
1776277530.227,30.227,0.37,0.38,0.62,0.63,0.01,0.01,74275.82,1776277529000
1776277530.698,30.698,0.37,0.38,0.62,0.63,0.01,0.01,74275.82,1776277529000
1776277531.609,31.609,0.37,0.38,0.62,0.63,0.01,0.01,74276.19,1776277530000
1776277532.763,32.763,0.39,0.41,0.6,0.63,0.02,0.03,74276.63,1776277531000
1776277533.17,33.17,0.39,0.4,0.59,0.61,0.01,0.02,74276.63,1776277531000
1776277533.516,33.516,0.39,0.41,0.59,0.61,0.02,0.02,74276.63,1776277531000
1776277533.85,33.85,0.39,0.41,0.59,0.61,0.02,0.02,74285.16,1776277532000
1776277534.202,34.202,0.4,0.41,0.58,0.6,0.01,0.02,74285.16,1776277532000
1776277534.612,34.612,0.43,0.44,0.56,0.57,0.01,0.01,74285.85,1776277533000
1776277534.965,34.965,0.43,0.44,0.56,0.57,0.01,0.01,74285.85,1776277533000
1776277535.424,35.424,0.44,0.45,0.55,0.56,0.01,0.01,74285.85,1776277533000
1776277535.895,35.895,0.45,0.46,0.54,0.56,0.01,0.02,74288.89,1776277534000
1776277536.246,36.246,0.45,0.46,0.54,0.55,0.01,0.01,74289.74,1776277535000
1776277536.613,36.613,0.45,0.46,0.54,0.55,0.01,0.01,74289.74,1776277535000
1776277537.002,37.002,0.45,0.46,0.54,0.55,0.01,0.01,74289.74,1776277535000
1776277537.521,37.521,0.45,0.46,0.54,0.55,0.01,0.01,74289.7,1776277536000
1776277537.912,37.912,0.44,0.45,0.55,0.56,0.01,0.01,74289.7,1776277536000
1776277538.255,38.255,0.41,0.43,0.58,0.59,0.02,0.01,74289.7,1776277536000
1776277538.613,38.613,0.41,0.42,0.58,0.59,0.01,0.01,74289.69,1776277537000
1776277539.073,39.073,0.4,0.41,0.58,0.6,0.01,0.02,74289.69,1776277537000
1776277539.481,39.481,0.4,0.41,0.59,0.6,0.01,0.01,74287.58,1776277538000
1776277539.95,39.95,0.4,0.41,0.59,0.6,0.01,0.01,74287.58,1776277538000
1776277540.321,40.321,0.4,0.41,0.59,0.6,0.01,0.01,74287.58,1776277538000
1776277540.955,40.955,0.39,0.4,0.59,0.6,0.01,0.01,74283.95,1776277539000
1776277541.393,41.393,0.39,0.4,0.6,0.61,0.01,0.01,74283.7,1776277540000
1776277541.744,41.744,0.39,0.4,0.6,0.61,0.01,0.01,74283.7,1776277540000
1776277542.13,42.13,0.39,0.4,0.6,0.61,0.01,0.01,74283.6,1776277541000
1776277542.638,42.638,0.39,0.4,0.6,0.61,0.01,0.01,74283.6,1776277541000
1776277542.972,42.972,0.39,0.4,0.6,0.61,0.01,0.01,74283.6,1776277541000
1776277543.789,43.789,0.39,0.4,0.6,0.61,0.01,0.01,74280.95,1776277542000
1776277544.209,44.209,0.39,0.4,0.6,0.61,0.01,0.01,74277.11,1776277543000
1776277544.542,44.542,0.39,0.4,0.6,0.61,0.01,0.01,74277.11,1776277543000
1776277544.985,44.985,0.38,0.39,0.6,0.61,0.01,0.01,74277.11,1776277543000
1776277546.141,46.141,0.38,0.39,0.61,0.62,0.01,0.01,74278.91,1776277545000
1776277546.518,46.518,0.38,0.39,0.61,0.62,0.01,0.01,74278.91,1776277545000
1776277546.978,46.978,0.38,0.39,0.61,0.62,0.01,0.01,74278.91,1776277545000
1776277547.415,47.415,0.38,0.39,0.61,0.62,0.01,0.01,74278.5,1776277546000
1776277547.855,47.855,0.38,0.39,0.61,0.62,0.01,0.01,74278.5,1776277546000
1776277548.188,48.188,0.38,0.39,0.61,0.62,0.01,0.01,74278.5,1776277547000
1776277548.737,48.737,0.37,0.39,0.61,0.62,0.02,0.01,74278.5,1776277547000
1776277549.116,49.116,0.37,0.38,0.62,0.63,0.01,0.01,74278.5,1776277547000
1776277549.702,49.702,0.37,0.38,0.62,0.63,0.01,0.01,74278.4,1776277548000
1776277550.197,50.197,0.35,0.37,0.62,0.64,0.02,0.02,74278.4,1776277548000
1776277550.559,50.559,0.32,0.33,0.65,0.66,0.01,0.01,74276.91,1776277549000
1776277550.923,50.923,0.32,0.33,0.67,0.68,0.01,0.01,74276.91,1776277549000
1776277551.346,51.346,0.31,0.32,0.67,0.68,0.01,0.01,74275.75,1776277550000
1776277551.699,51.699,0.31,0.32,0.68,0.69,0.01,0.01,74275.75,1776277550000
1776277552.04,52.04,0.31,0.32,0.68,0.69,0.01,0.01,74275.75,1776277550000
1776277552.391,52.391,0.31,0.32,0.68,0.69,0.01,0.01,74272.37,1776277551000
1776277552.987,52.987,0.3,0.31,0.69,0.7,0.01,0.01,74272.37,1776277551000
1776277553.412,53.412,0.3,0.31,0.69,0.7,0.01,0.01,74268.36,1776277552000
1776277554.235,54.235,0.3,0.31,0.69,0.7,0.01,0.01,74268.36,1776277552000
1776277554.964,54.964,0.3,0.31,0.69,0.7,0.01,0.01,74268.73,1776277554000
1776277556.02,56.02,0.3,0.31,0.69,0.7,0.01,0.01,74266.29,1776277555000
1776277556.427,56.427,0.29,0.3,0.69,0.7,0.01,0.01,74266.29,1776277555000
1776277556.76,56.76,0.29,0.3,0.7,0.71,0.01,0.01,74266.29,1776277555000
1776277557.1,57.1,0.27,0.28,0.72,0.73,0.01,0.01,74266.29,1776277555000
1776277557.443,57.443,0.24,0.3,0.7,0.72,0.06,0.02,74264.46,1776277556000
1776277557.816,57.816,0.2,0.23,0.78,0.8,0.03,0.02,74264.46,1776277556000
1776277558.427,58.427,0.22,0.23,0.77,0.78,0.01,0.01,74264.46,1776277556000
1776277558.807,58.807,0.22,0.23,0.75,0.78,0.01,0.03,74249.64,1776277557000
1776277559.161,59.161,0.22,0.23,0.77,0.78,0.01,0.01,74249.64,1776277557000
1776277559.54,59.54,0.23,0.24,0.76,0.77,0.01,0.01,74248.37,1776277558000
1776277559.928,59.928,0.23,0.24,0.76,0.77,0.01,0.01,74248.37,1776277558000
1776277560.306,60.306,0.23,0.24,0.76,0.77,0.01,0.01,74250.23,1776277559000
1776277560.672,60.672,0.24,0.25,0.75,0.76,0.01,0.01,74250.23,1776277559000
1776277561.019,61.019,0.24,0.25,0.75,0.76,0.01,0.01,74250.23,1776277559000
1776277561.454,61.454,0.25,0.26,0.74,0.75,0.01,0.01,74250.23,1776277559000
1776277561.934,61.934,0.27,0.29,0.71,0.73,0.02,0.02,74254.97,1776277560000
1776277562.489,62.489,0.28,0.29,0.71,0.72,0.01,0.01,74254.97,1776277560000
1776277562.928,62.928,0.28,0.29,0.7,0.72,0.01,0.02,74259.59,1776277561000
1776277563.275,63.275,0.29,0.3,0.7,0.71,0.01,0.01,74260.51,1776277562000
1776277563.694,63.694,0.29,0.3,0.7,0.71,0.01,0.01,74260.51,1776277562000
1776277564.095,64.095,0.29,0.3,0.7,0.71,0.01,0.01,74263.94,1776277563000
1776277564.508,64.508,0.29,0.3,0.7,0.71,0.01,0.01,74263.94,1776277563000
1776277564.841,64.841,0.29,0.3,0.7,0.71,0.01,0.01,74263.94,1776277563000
1776277565.271,65.271,0.29,0.3,0.7,0.71,0.01,0.01,74267.77,1776277564000
1776277565.761,65.761,0.3,0.33,0.7,0.71,0.03,0.01,74267.77,1776277564000
1776277566.116,66.116,0.31,0.32,0.68,0.69,0.01,0.01,74268.36,1776277565000
1776277566.488,66.488,0.31,0.32,0.68,0.69,0.01,0.01,74268.36,1776277565000
1776277566.859,66.859,0.31,0.32,0.68,0.69,0.01,0.01,74268.36,1776277565000
1776277567.22,67.22,0.31,0.32,0.68,0.69,0.01,0.01,74268.95,1776277566000
1776277567.59,67.59,0.3,0.31,0.69,0.7,0.01,0.01,74268.95,1776277566000
1776277567.929,67.929,0.3,0.31,0.69,0.7,0.01,0.01,74268.95,1776277566000
1776277568.341,68.341,0.3,0.31,0.69,0.7,0.01,0.01,74268.96,1776277567000
1776277568.688,68.688,0.3,0.31,0.69,0.7,0.01,0.01,74268.96,1776277567000
1776277569.067,69.067,0.28,0.3,0.7,0.72,0.02,0.02,74268.53,1776277568000
1776277569.612,69.612,0.27,0.28,0.71,0.73,0.01,0.02,74268.53,1776277568000
1776277569.956,69.956,0.27,0.28,0.72,0.73,0.01,0.01,74268.53,1776277568000
1776277570.305,70.305,0.27,0.28,0.72,0.73,0.01,0.01,74265.34,1776277569000
1776277570.839,70.839,0.27,0.28,0.72,0.73,0.01,0.01,74265.34,1776277569000
1776277571.267,71.267,0.27,0.28,0.72,0.73,0.01,0.01,74260.64,1776277570000
1776277571.609,71.609,0.27,0.28,0.72,0.73,0.01,0.01,74260.64,1776277570000
1776277572.034,72.034,0.27,0.28,0.72,0.73,0.01,0.01,74260.64,1776277570000
1776277572.718,72.718,0.26,0.27,0.72,0.73,0.01,0.01,74260.14,1776277571000
1776277573.115,73.115,0.26,0.27,0.73,0.74,0.01,0.01,74260.14,1776277572000
1776277573.918,73.918,0.26,0.27,0.73,0.74,0.01,0.01,74260.14,1776277572000
1776277574.707,74.707,0.26,0.27,0.73,0.74,0.01,0.01,74260.12,1776277573000
1776277575.68,75.68,0.26,0.27,0.73,0.74,0.01,0.01,74260.12,1776277573000
1776277576.362,76.362,0.26,0.27,0.73,0.74,0.01,0.01,74260.0,1776277575000
1776277576.97,76.97,0.26,0.27,0.73,0.74,0.01,0.01,74260.41,1776277576000
1776277577.383,77.383,0.25,0.26,0.74,0.75,0.01,0.01,74260.41,1776277576000
1776277577.891,77.891,0.25,0.26,0.74,0.75,0.01,0.01,74260.41,1776277576000
1776277578.276,78.276,0.25,0.26,0.74,0.75,0.01,0.01,74259.94,1776277577000
1776277578.651,78.651,0.25,0.26,0.74,0.75,0.01,0.01,74259.94,1776277577000
1776277579.216,79.216,0.25,0.26,0.74,0.75,0.01,0.01,74259.65,1776277578000
1776277579.841,79.841,0.25,0.26,0.74,0.75,0.01,0.01,74259.65,1776277578000
1776277580.243,80.243,0.25,0.26,0.74,0.75,0.01,0.01,74259.65,1776277578000
1776277580.684,80.684,0.25,0.26,0.74,0.75,0.01,0.01,74259.65,1776277579000
1776277581.28,81.28,0.25,0.26,0.74,0.75,0.01,0.01,74259.65,1776277579000
1776277581.641,81.641,0.25,0.26,0.74,0.75,0.01,0.01,74259.45,1776277580000
1776277582.02,82.02,0.25,0.26,0.74,0.75,0.01,0.01,74259.45,1776277580000
1776277582.387,82.387,0.25,0.26,0.74,0.75,0.01,0.01,74259.45,1776277580000
1776277582.969,82.969,0.25,0.26,0.74,0.75,0.01,0.01,74258.82,1776277582000
1776277583.442,83.442,0.25,0.26,0.74,0.75,0.01,0.01,74258.82,1776277582000
1776277584.092,84.092,0.25,0.26,0.74,0.75,0.01,0.01,74259.7,1776277583000
1776277584.583,84.583,0.24,0.25,0.75,0.76,0.01,0.01,74259.7,1776277583000
1776277585.208,85.208,0.24,0.25,0.75,0.76,0.01,0.01,74256.89,1776277584000
1776277585.655,85.655,0.24,0.25,0.75,0.76,0.01,0.01,74256.89,1776277584000
1776277585.995,85.995,0.24,0.25,0.75,0.76,0.01,0.01,74256.89,1776277584000
1776277586.38,86.38,0.24,0.25,0.75,0.76,0.01,0.01,74256.74,1776277585000
1776277586.782,86.782,0.24,0.25,0.75,0.76,0.01,0.01,74256.74,1776277585000
1776277587.282,87.282,0.24,0.25,0.75,0.76,0.01,0.01,74256.74,1776277585000
1776277587.689,87.689,0.23,0.25,0.75,0.76,0.02,0.01,74256.55,1776277586000
1776277588.245,88.245,0.23,0.24,0.75,0.77,0.01,0.02,74256.65,1776277587000
1776277588.868,88.868,0.22,0.23,0.76,0.77,0.01,0.01,74256.65,1776277587000
1776277589.339,89.339,0.21,0.22,0.77,0.79,0.01,0.02,74256.65,1776277588000
1776277589.791,89.791,0.2,0.21,0.78,0.8,0.01,0.02,74256.65,1776277588000
1776277590.211,90.211,0.2,0.21,0.79,0.8,0.01,0.01,74256.65,1776277588000
1776277590.585,90.585,0.18,0.2,0.8,0.82,0.02,0.02,74256.31,1776277589000
1776277590.964,90.964,0.17,0.18,0.81,0.82,0.01,0.01,74256.31,1776277589000
1776277591.316,91.316,0.18,0.19,0.81,0.82,0.01,0.01,74256.31,1776277589000
1776277591.792,91.792,0.17,0.18,0.82,0.83,0.01,0.01,74246.67,1776277590000
1776277592.145,92.145,0.17,0.18,0.82,0.83,0.01,0.01,74246.67,1776277590000
1776277592.481,92.481,0.14,0.15,0.85,0.86,0.01,0.01,74246.67,1776277590000
1776277593.0,93.0,0.14,0.15,0.85,0.86,0.01,0.01,74242.57,1776277591000
1776277593.342,93.342,0.14,0.15,0.85,0.86,0.01,0.01,74239.61,1776277592000
1776277593.728,93.728,0.14,0.15,0.85,0.86,0.01,0.01,74239.61,1776277592000
1776277594.156,94.156,0.13,0.14,0.86,0.87,0.01,0.01,74239.61,1776277592000
1776277594.503,94.503,0.13,0.14,0.86,0.87,0.01,0.01,74239.61,1776277592000
1776277594.837,94.837,0.13,0.14,0.86,0.87,0.01,0.01,74232.14,1776277593000
1776277595.173,95.173,0.13,0.14,0.86,0.87,0.01,0.01,74232.14,1776277593000
1776277595.52,95.52,0.13,0.14,0.86,0.87,0.01,0.01,74232.14,1776277594000
1776277595.999,95.999,0.13,0.14,0.86,0.87,0.01,0.01,74232.14,1776277594000
1776277596.466,96.466,0.13,0.14,0.86,0.87,0.01,0.01,74232.14,1776277594000
1776277597.252,97.252,0.13,0.14,0.86,0.87,0.01,0.01,74231.47,1776277596000
1776277597.622,97.622,0.13,0.14,0.86,0.87,0.01,0.01,74231.47,1776277596000
1776277598.202,98.202,0.13,0.14,0.86,0.87,0.01,0.01,74231.47,1776277596000
1776277598.588,98.588,0.13,0.14,0.86,0.87,0.01,0.01,74231.47,1776277596000
1776277599.263,99.263,0.13,0.14,0.86,0.87,0.01,0.01,74231.01,1776277597000
1776277600.13,100.13,0.13,0.14,0.86,0.87,0.01,0.01,74229.84,1776277599000
1776277600.514,100.514,0.12,0.13,0.86,0.88,0.01,0.02,74229.84,1776277599000
1776277600.871,100.871,0.12,0.13,0.87,0.88,0.01,0.01,74229.84,1776277599000
1776277601.205,101.205,0.12,0.13,0.87,0.88,0.01,0.01,74229.84,1776277599000
1776277601.634,101.634,0.11,0.12,0.88,0.89,0.01,0.01,74230.97,1776277600000
1776277601.993,101.993,0.11,0.12,0.88,0.89,0.01,0.01,74230.97,1776277600000
1776277602.333,102.333,0.12,0.13,0.87,0.88,0.01,0.01,74230.97,1776277601000
1776277602.736,102.736,0.12,0.13,0.87,0.88,0.01,0.01,74230.97,1776277601000
1776277603.344,103.344,0.12,0.13,0.87,0.88,0.01,0.01,74229.97,1776277602000
1776277603.825,103.825,0.12,0.13,0.87,0.89,0.01,0.02,74229.97,1776277602000
1776277604.369,104.369,0.12,0.13,0.87,0.88,0.01,0.01,74229.97,1776277603000
1776277604.857,104.857,0.11,0.12,0.87,0.88,0.01,0.01,74229.97,1776277603000
1776277605.263,105.263,0.1,0.11,0.88,0.9,0.01,0.02,74229.97,1776277603000
1776277605.639,105.639,0.1,0.11,0.89,0.9,0.01,0.01,74229.81,1776277604000
1776277606.109,106.109,0.08,0.09,0.89,0.92,0.01,0.03,74229.81,1776277604000
1776277606.504,106.504,0.08,0.09,0.91,0.92,0.01,0.01,74229.81,1776277604000
1776277606.844,106.844,0.08,0.09,0.91,0.92,0.01,0.01,74229.17,1776277605000
1776277607.192,107.192,0.08,0.09,0.91,0.92,0.01,0.01,74229.17,1776277605000
1776277607.56,107.56,0.08,0.09,0.91,0.92,0.01,0.01,74229.17,1776277605000
1776277607.93,107.93,0.08,0.1,0.91,0.92,0.02,0.01,74224.6,1776277606000
1776277608.28,108.28,0.1,0.13,0.87,0.9,0.03,0.03,74224.6,1776277606000
1776277608.621,108.621,0.1,0.12,0.88,0.9,0.02,0.02,74222.13,1776277607000
1776277608.983,108.983,0.11,0.12,0.88,0.89,0.01,0.01,74222.13,1776277607000
1776277609.426,109.426,0.11,0.12,0.88,0.89,0.01,0.01,74221.63,1776277608000
1776277609.872,109.872,0.11,0.12,0.88,0.89,0.01,0.01,74221.63,1776277608000
1776277610.252,110.252,0.11,0.12,0.88,0.89,0.01,0.01,74230.07,1776277609000
1776277610.698,110.698,0.11,0.12,0.88,0.89,0.01,0.01,74230.07,1776277609000
1776277611.239,111.239,0.11,0.12,0.88,0.89,0.01,0.01,74230.07,1776277610000
1776277611.657,111.657,0.11,0.12,0.88,0.89,0.01,0.01,74230.07,1776277610000
1776277612.0,112.0,0.11,0.12,0.88,0.89,0.01,0.01,74230.07,1776277610000
1776277612.349,112.349,0.11,0.12,0.88,0.89,0.01,0.01,74231.32,1776277611000
1776277612.754,112.754,0.11,0.12,0.88,0.89,0.01,0.01,74231.32,1776277611000
1776277613.166,113.166,0.11,0.12,0.88,0.89,0.01,0.01,74231.45,1776277612000
1776277613.545,113.545,0.11,0.12,0.88,0.89,0.01,0.01,74231.45,1776277612000
1776277613.907,113.907,0.11,0.12,0.88,0.89,0.01,0.01,74231.45,1776277612000
1776277614.276,114.276,0.11,0.12,0.88,0.89,0.01,0.01,74231.38,1776277613000
1776277614.631,114.631,0.12,0.13,0.87,0.88,0.01,0.01,74231.38,1776277613000
1776277615.234,115.234,0.12,0.13,0.87,0.88,0.01,0.01,74231.38,1776277613000
1776277615.609,115.609,0.12,0.13,0.87,0.88,0.01,0.01,74231.43,1776277614000
1776277616.037,116.037,0.12,0.14,0.87,0.88,0.02,0.01,74231.43,1776277614000
1776277616.617,116.617,0.13,0.14,0.86,0.88,0.01,0.02,74231.72,1776277615000
1776277617.287,117.287,0.13,0.14,0.86,0.87,0.01,0.01,74231.72,1776277615000
1776277617.62,117.62,0.13,0.14,0.86,0.87,0.01,0.01,74235.33,1776277616000
1776277618.145,118.145,0.13,0.14,0.86,0.87,0.01,0.01,74236.6,1776277617000
1776277618.643,118.643,0.13,0.14,0.86,0.87,0.01,0.01,74236.6,1776277617000
1776277619.377,119.377,0.13,0.14,0.86,0.87,0.01,0.01,74237.68,1776277618000
1776277619.754,119.754,0.14,0.15,0.85,0.86,0.01,0.01,74237.68,1776277618000
1776277620.108,120.108,0.14,0.15,0.85,0.86,0.01,0.01,74237.68,1776277618000
1776277620.448,120.448,0.14,0.15,0.85,0.86,0.01,0.01,74237.68,1776277618000
1776277620.847,120.847,0.14,0.15,0.85,0.86,0.01,0.01,74237.68,1776277618000
1776277621.373,121.373,0.14,0.15,0.85,0.86,0.01,0.01,74239.01,1776277620000
1776277621.817,121.817,0.14,0.15,0.85,0.86,0.01,0.01,74239.01,1776277620000
1776277622.223,122.223,0.14,0.15,0.85,0.86,0.01,0.01,74239.49,1776277621000
1776277622.837,122.837,0.14,0.15,0.85,0.86,0.01,0.01,74239.49,1776277621000
1776277623.228,123.228,0.14,0.15,0.85,0.86,0.01,0.01,74239.49,1776277621000
1776277623.735,123.735,0.14,0.15,0.85,0.86,0.01,0.01,74239.49,1776277621000
1776277624.074,124.074,0.14,0.15,0.85,0.86,0.01,0.01,74239.49,1776277621000
1776277624.534,124.534,0.14,0.15,0.85,0.86,0.01,0.01,74240.01,1776277623000
1776277625.145,125.145,0.14,0.15,0.85,0.86,0.01,0.01,74240.01,1776277623000
1776277625.53,125.53,0.14,0.15,0.85,0.86,0.01,0.01,74240.01,1776277623000
1776277625.885,125.885,0.14,0.15,0.85,0.86,0.01,0.01,74240.01,1776277624000
1776277626.261,126.261,0.14,0.15,0.85,0.86,0.01,0.01,74240.02,1776277625000
1776277626.73,126.73,0.14,0.15,0.85,0.86,0.01,0.01,74240.02,1776277625000
1776277627.145,127.145,0.14,0.15,0.85,0.86,0.01,0.01,74240.02,1776277626000
1776277627.559,127.559,0.14,0.15,0.85,0.86,0.01,0.01,74240.02,1776277626000
1776277627.983,127.983,0.15,0.16,0.84,0.85,0.01,0.01,74240.02,1776277626000
1776277628.394,128.394,0.17,0.18,0.82,0.83,0.01,0.01,74240.02,1776277627000
1776277628.771,128.771,0.18,0.19,0.81,0.82,0.01,0.01,74240.02,1776277627000
1776277629.387,129.387,0.2,0.21,0.79,0.8,0.01,0.01,74240.02,1776277627000
1776277630.159,130.159,0.21,0.22,0.78,0.79,0.01,0.01,74249.25,1776277629000
1776277631.215,131.215,0.21,0.22,0.78,0.79,0.01,0.01,74249.25,1776277629000
1776277631.575,131.575,0.21,0.22,0.78,0.79,0.01,0.01,74253.6,1776277630000
1776277631.927,131.927,0.21,0.22,0.78,0.79,0.01,0.01,74253.6,1776277630000
1776277632.326,132.326,0.21,0.22,0.78,0.79,0.01,0.01,74253.6,1776277630000
1776277632.764,132.764,0.21,0.22,0.78,0.79,0.01,0.01,74254.14,1776277631000
1776277633.119,133.119,0.21,0.22,0.78,0.79,0.01,0.01,74254.14,1776277631000
1776277633.517,133.517,0.21,0.22,0.78,0.79,0.01,0.01,74255.75,1776277632000
1776277633.965,133.965,0.21,0.22,0.78,0.79,0.01,0.01,74255.75,1776277632000
1776277634.454,134.454,0.21,0.22,0.78,0.79,0.01,0.01,74256.64,1776277633000
1776277634.803,134.803,0.21,0.22,0.78,0.79,0.01,0.01,74256.64,1776277633000
1776277635.161,135.161,0.21,0.22,0.78,0.79,0.01,0.01,74256.51,1776277634000
1776277635.505,135.505,0.21,0.22,0.78,0.79,0.01,0.01,74256.51,1776277634000
1776277635.839,135.839,0.21,0.22,0.78,0.79,0.01,0.01,74256.51,1776277634000
1776277636.41,136.41,0.21,0.22,0.78,0.79,0.01,0.01,74256.51,1776277634000
1776277637.023,137.023,0.21,0.22,0.78,0.79,0.01,0.01,74256.51,1776277636000
1776277637.609,137.609,0.21,0.22,0.78,0.79,0.01,0.01,74256.51,1776277636000
1776277638.094,138.094,0.21,0.22,0.78,0.79,0.01,0.01,74256.51,1776277636000
1776277638.558,138.558,0.21,0.22,0.78,0.79,0.01,0.01,74256.53,1776277637000
1776277639.081,139.081,0.21,0.22,0.78,0.79,0.01,0.01,74256.53,1776277637000
1776277639.513,139.513,0.21,0.22,0.78,0.79,0.01,0.01,74257.57,1776277638000
1776277639.945,139.945,0.21,0.22,0.78,0.79,0.01,0.01,74257.57,1776277638000
1776277640.388,140.388,0.21,0.22,0.78,0.79,0.01,0.01,74257.79,1776277639000
1776277640.814,140.814,0.21,0.22,0.78,0.79,0.01,0.01,74257.79,1776277639000
1776277641.294,141.294,0.21,0.22,0.78,0.79,0.01,0.01,74257.8,1776277640000
1776277642.117,142.117,0.21,0.22,0.78,0.79,0.01,0.01,74257.87,1776277641000
1776277642.618,142.618,0.21,0.22,0.78,0.79,0.01,0.01,74257.87,1776277641000
1776277643.109,143.109,0.21,0.22,0.78,0.79,0.01,0.01,74257.88,1776277642000
1776277643.515,143.515,0.21,0.22,0.78,0.79,0.01,0.01,74257.88,1776277642000
1776277643.913,143.913,0.22,0.23,0.77,0.78,0.01,0.01,74257.88,1776277642000
1776277644.305,144.305,0.23,0.24,0.76,0.77,0.01,0.01,74257.9,1776277643000
1776277644.747,144.747,0.23,0.24,0.76,0.77,0.01,0.01,74257.9,1776277643000
1776277645.177,145.177,0.24,0.25,0.75,0.76,0.01,0.01,74258.22,1776277644000
1776277645.861,145.861,0.24,0.25,0.75,0.76,0.01,0.01,74258.22,1776277644000
1776277646.228,146.228,0.24,0.28,0.72,0.76,0.04,0.04,74262.24,1776277645000
1776277646.597,146.597,0.26,0.27,0.73,0.74,0.01,0.01,74262.24,1776277645000
1776277646.931,146.931,0.26,0.27,0.73,0.74,0.01,0.01,74262.24,1776277645000
1776277647.28,147.28,0.26,0.27,0.73,0.74,0.01,0.01,74268.78,1776277646000
1776277647.626,147.626,0.27,0.28,0.72,0.73,0.01,0.01,74268.78,1776277646000
1776277648.052,148.052,0.27,0.28,0.72,0.73,0.01,0.01,74268.78,1776277646000
1776277648.751,148.751,0.28,0.29,0.72,0.73,0.01,0.01,74268.85,1776277647000
1776277649.123,149.123,0.28,0.29,0.71,0.72,0.01,0.01,74268.85,1776277647000
1776277649.605,149.605,0.28,0.29,0.71,0.72,0.01,0.01,74269.43,1776277648000
1776277649.94,149.94,0.28,0.29,0.71,0.72,0.01,0.01,74269.43,1776277648000
1776277650.399,150.399,0.28,0.29,0.71,0.72,0.01,0.01,74269.43,1776277649000
1776277650.791,150.791,0.28,0.29,0.71,0.72,0.01,0.01,74269.43,1776277649000
1776277651.145,151.145,0.28,0.29,0.71,0.72,0.01,0.01,74269.45,1776277650000
1776277651.514,151.514,0.28,0.29,0.71,0.72,0.01,0.01,74269.45,1776277650000
1776277651.911,151.911,0.28,0.29,0.71,0.72,0.01,0.01,74269.45,1776277650000
1776277652.385,152.385,0.28,0.29,0.71,0.72,0.01,0.01,74269.04,1776277651000
1776277652.96,152.96,0.27,0.29,0.71,0.73,0.02,0.02,74269.13,1776277652000
1776277653.657,153.657,0.27,0.28,0.72,0.73,0.01,0.01,74269.13,1776277652000
1776277654.146,154.146,0.27,0.28,0.72,0.73,0.01,0.01,74269.12,1776277653000
1776277654.509,154.509,0.27,0.28,0.72,0.73,0.01,0.01,74269.12,1776277653000
1776277655.11,155.11,0.26,0.27,0.73,0.74,0.01,0.01,74269.12,1776277653000
1776277655.959,155.959,0.26,0.27,0.73,0.74,0.01,0.01,74269.22,1776277654000
1776277656.327,156.327,0.26,0.27,0.73,0.74,0.01,0.01,74269.22,1776277654000
1776277656.662,156.662,0.26,0.27,0.73,0.74,0.01,0.01,74269.25,1776277655000
1776277657.124,157.124,0.26,0.27,0.73,0.74,0.01,0.01,74269.25,1776277655000
1776277657.493,157.493,0.26,0.27,0.73,0.74,0.01,0.01,74269.25,1776277656000
1776277658.024,158.024,0.26,0.28,0.73,0.74,0.02,0.01,74269.25,1776277656000
1776277658.38,158.38,0.29,0.3,0.7,0.71,0.01,0.01,74269.31,1776277657000
1776277658.757,158.757,0.29,0.3,0.7,0.71,0.01,0.01,74269.31,1776277657000
1776277659.13,159.13,0.31,0.35,0.65,0.69,0.04,0.04,74269.31,1776277657000
1776277659.539,159.539,0.36,0.37,0.63,0.68,0.01,0.05,74269.32,1776277658000
1776277659.934,159.934,0.36,0.38,0.62,0.64,0.02,0.02,74269.32,1776277658000
1776277660.272,160.272,0.38,0.39,0.61,0.63,0.01,0.02,74269.32,1776277658000
1776277660.651,160.651,0.4,0.41,0.59,0.62,0.01,0.03,74271.79,1776277659000
1776277660.99,160.99,0.41,0.42,0.58,0.59,0.01,0.01,74271.79,1776277659000
1776277661.362,161.362,0.41,0.42,0.58,0.59,0.01,0.01,74271.79,1776277659000
1776277661.95,161.95,0.41,0.42,0.58,0.59,0.01,0.01,74284.41,1776277661000
1776277662.802,162.802,0.41,0.42,0.58,0.59,0.01,0.01,74284.41,1776277661000
1776277663.17,163.17,0.41,0.43,0.57,0.59,0.02,0.02,74285.94,1776277662000
1776277663.612,163.612,0.42,0.44,0.56,0.58,0.02,0.02,74285.94,1776277662000
1776277663.946,163.946,0.42,0.44,0.57,0.58,0.02,0.01,74285.94,1776277662000
1776277664.359,164.359,0.42,0.43,0.56,0.58,0.01,0.02,74286.94,1776277663000
1776277664.727,164.727,0.42,0.43,0.57,0.58,0.01,0.01,74286.94,1776277663000
1776277665.09,165.09,0.42,0.43,0.57,0.58,0.01,0.01,74286.94,1776277663000
1776277665.44,165.44,0.42,0.43,0.57,0.58,0.01,0.01,74286.94,1776277663000
1776277665.798,165.798,0.42,0.43,0.57,0.58,0.01,0.01,74286.94,1776277663000
1776277666.249,166.249,0.42,0.43,0.57,0.58,0.01,0.01,74286.55,1776277664000
1776277666.704,166.704,0.41,0.42,0.57,0.59,0.01,0.02,74285.86,1776277665000
1776277667.112,167.112,0.41,0.42,0.58,0.59,0.01,0.01,74285.86,1776277666000
1776277667.531,167.531,0.41,0.42,0.58,0.59,0.01,0.01,74285.86,1776277666000
1776277667.89,167.89,0.41,0.42,0.58,0.59,0.01,0.01,74287.47,1776277667000
1776277668.515,168.515,0.41,0.42,0.58,0.59,0.01,0.01,74287.47,1776277667000
1776277668.891,168.891,0.41,0.42,0.58,0.59,0.01,0.01,74287.47,1776277667000
1776277669.258,169.258,0.41,0.42,0.58,0.59,0.01,0.01,74287.48,1776277668000
1776277670.208,170.208,0.41,0.42,0.58,0.59,0.01,0.01,74287.5,1776277669000
1776277670.591,170.591,0.41,0.42,0.58,0.59,0.01,0.01,74287.5,1776277669000
1776277670.943,170.943,0.41,0.45,0.58,0.59,0.04,0.01,74287.5,1776277669000
1776277671.29,171.29,0.42,0.47,0.52,0.58,0.05,0.06,74287.5,1776277670000
1776277671.671,171.671,0.45,0.46,0.53,0.57,0.01,0.04,74287.5,1776277670000
1776277672.005,172.005,0.45,0.49,0.51,0.58,0.04,0.07,74287.5,1776277670000
1776277672.355,172.355,0.48,0.5,0.51,0.52,0.02,0.01,74294.03,1776277671000
1776277672.747,172.747,0.48,0.52,0.51,0.52,0.04,0.01,74294.03,1776277671000
1776277673.129,173.129,0.49,0.51,0.49,0.5,0.02,0.01,74295.53,1776277672000
1776277673.479,173.479,0.46,0.49,0.51,0.54,0.03,0.03,74295.53,1776277672000
1776277673.836,173.836,0.44,0.45,0.55,0.56,0.01,0.01,74295.53,1776277672000
1776277674.171,174.171,0.44,0.45,0.55,0.56,0.01,0.01,74297.66,1776277673000
1776277674.52,174.52,0.44,0.45,0.55,0.56,0.01,0.01,74297.66,1776277673000
1776277674.869,174.869,0.44,0.45,0.55,0.56,0.01,0.01,74297.66,1776277673000
1776277675.231,175.231,0.44,0.45,0.55,0.56,0.01,0.01,74290.16,1776277674000
1776277675.581,175.581,0.44,0.46,0.54,0.56,0.02,0.02,74290.16,1776277674000
1776277676.021,176.021,0.45,0.46,0.54,0.55,0.01,0.01,74290.16,1776277674000
1776277676.377,176.377,0.45,0.46,0.54,0.55,0.01,0.01,74288.93,1776277675000
1776277676.72,176.72,0.45,0.46,0.54,0.55,0.01,0.01,74288.93,1776277675000
1776277677.143,177.143,0.45,0.46,0.54,0.55,0.01,0.01,74290.23,1776277676000
1776277677.481,177.481,0.45,0.46,0.54,0.55,0.01,0.01,74290.23,1776277676000
1776277677.828,177.828,0.45,0.46,0.54,0.55,0.01,0.01,74290.23,1776277676000
1776277678.211,178.211,0.45,0.46,0.54,0.55,0.01,0.01,74290.23,1776277676000
1776277678.614,178.614,0.45,0.46,0.54,0.55,0.01,0.01,74290.23,1776277676000
1776277678.978,178.978,0.45,0.46,0.54,0.55,0.01,0.01,74292.21,1776277677000
1776277679.322,179.322,0.45,0.46,0.54,0.55,0.01,0.01,74292.21,1776277677000
1776277679.664,179.664,0.45,0.46,0.54,0.55,0.01,0.01,74292.21,1776277677000
1776277680.147,180.147,0.45,0.46,0.54,0.55,0.01,0.01,74292.25,1776277678000
1776277680.508,180.508,0.45,0.46,0.54,0.55,0.01,0.01,74292.25,1776277678000
1776277680.847,180.847,0.45,0.46,0.54,0.55,0.01,0.01,74292.27,1776277679000
1776277681.19,181.19,0.45,0.46,0.54,0.55,0.01,0.01,74292.27,1776277679000
1776277681.536,181.536,0.46,0.47,0.53,0.54,0.01,0.01,74292.27,1776277680000
1776277682.07,182.07,0.46,0.47,0.53,0.54,0.01,0.01,74292.27,1776277680000
1776277682.55,182.55,0.46,0.47,0.53,0.54,0.01,0.01,74292.61,1776277681000
1776277682.902,182.902,0.46,0.47,0.53,0.54,0.01,0.01,74292.61,1776277681000
1776277683.25,183.25,0.46,0.47,0.53,0.54,0.01,0.01,74292.61,1776277681000
1776277683.586,183.586,0.46,0.47,0.53,0.54,0.01,0.01,74292.86,1776277682000
1776277684.055,184.055,0.46,0.47,0.53,0.54,0.01,0.01,74292.86,1776277682000
1776277684.955,184.955,0.46,0.47,0.53,0.54,0.01,0.01,74292.99,1776277683000
1776277685.303,185.303,0.52,0.53,0.48,0.54,0.01,0.06,74292.99,1776277683000
1776277685.862,185.862,0.48,0.54,0.46,0.52,0.06,0.06,74293.37,1776277684000
1776277686.394,186.394,0.49,0.51,0.5,0.52,0.02,0.02,74293.37,1776277684000
1776277686.974,186.974,0.51,0.53,0.47,0.49,0.02,0.02,74294.19,1776277685000
1776277687.31,187.31,0.51,0.54,0.46,0.49,0.03,0.03,74297.7,1776277686000
1776277687.643,187.643,0.51,0.52,0.48,0.49,0.01,0.01,74297.7,1776277686000
1776277688.033,188.033,0.52,0.53,0.47,0.48,0.01,0.01,74297.7,1776277686000
1776277688.433,188.433,0.52,0.53,0.47,0.48,0.01,0.01,74297.7,1776277686000
1776277688.831,188.831,0.52,0.54,0.46,0.48,0.02,0.02,74300.81,1776277687000
1776277689.307,189.307,0.54,0.55,0.45,0.46,0.01,0.01,74300.81,1776277687000
1776277689.674,189.674,0.54,0.55,0.45,0.46,0.01,0.01,74302.63,1776277688000
1776277690.029,190.029,0.54,0.55,0.45,0.46,0.01,0.01,74302.63,1776277688000
1776277690.45,190.45,0.54,0.55,0.45,0.46,0.01,0.01,74302.63,1776277689000
1776277691.718,191.718,0.54,0.55,0.45,0.46,0.01,0.01,74302.7,1776277690000
1776277692.521,192.521,0.54,0.55,0.45,0.46,0.01,0.01,74302.7,1776277691000
1776277692.858,192.858,0.54,0.55,0.45,0.46,0.01,0.01,74302.7,1776277691000
1776277693.201,193.201,0.54,0.57,0.43,0.46,0.03,0.03,74302.61,1776277692000
1776277693.591,193.591,0.54,0.55,0.43,0.46,0.01,0.03,74302.61,1776277692000
1776277694.187,194.187,0.54,0.55,0.45,0.46,0.01,0.01,74302.61,1776277692000
1776277694.566,194.566,0.54,0.55,0.45,0.46,0.01,0.01,74302.61,1776277692000
1776277694.904,194.904,0.52,0.55,0.45,0.48,0.03,0.03,74300.35,1776277693000
1776277695.311,195.311,0.48,0.49,0.51,0.52,0.01,0.01,74300.35,1776277693000
1776277695.652,195.652,0.48,0.49,0.51,0.52,0.01,0.01,74298.84,1776277694000
1776277696.055,196.055,0.48,0.49,0.51,0.52,0.01,0.01,74296.65,1776277695000
1776277696.481,196.481,0.46,0.47,0.51,0.54,0.01,0.03,74296.65,1776277695000
1776277696.856,196.856,0.46,0.47,0.53,0.54,0.01,0.01,74296.65,1776277695000
1776277697.444,197.444,0.46,0.47,0.53,0.54,0.01,0.01,74296.65,1776277695000
1776277697.928,197.928,0.46,0.47,0.53,0.54,0.01,0.01,74296.65,1776277695000
1776277698.523,198.523,0.45,0.47,0.53,0.55,0.02,0.02,74293.9,1776277696000
1776277699.287,199.287,0.46,0.47,0.53,0.55,0.01,0.02,74293.9,1776277697000
1776277699.726,199.726,0.45,0.47,0.53,0.54,0.02,0.01,74293.43,1776277698000
1776277700.47,200.47,0.46,0.47,0.53,0.54,0.01,0.01,74293.43,1776277699000
1776277701.03,201.03,0.44,0.46,0.53,0.56,0.02,0.03,74293.43,1776277699000
1776277701.442,201.442,0.44,0.46,0.54,0.55,0.02,0.01,74292.48,1776277700000
1776277701.84,201.84,0.44,0.45,0.54,0.56,0.01,0.02,74292.48,1776277700000
1776277702.461,202.461,0.44,0.45,0.55,0.56,0.01,0.01,74292.48,1776277700000
1776277702.819,202.819,0.44,0.45,0.55,0.56,0.01,0.01,74291.79,1776277701000
1776277703.209,203.209,0.44,0.45,0.55,0.56,0.01,0.01,74291.79,1776277701000
1776277703.628,203.628,0.43,0.44,0.55,0.57,0.01,0.02,74292.15,1776277702000
1776277704.006,204.006,0.43,0.44,0.56,0.57,0.01,0.01,74292.15,1776277702000
1776277704.415,204.415,0.43,0.44,0.56,0.57,0.01,0.01,74292.15,1776277702000
1776277704.994,204.994,0.43,0.44,0.56,0.57,0.01,0.01,74292.33,1776277704000
1776277706.636,206.636,0.43,0.44,0.56,0.57,0.01,0.01,74292.49,1776277705000
1776277707.275,207.275,0.43,0.44,0.56,0.57,0.01,0.01,74292.04,1776277706000
1776277707.957,207.957,0.43,0.44,0.56,0.57,0.01,0.01,74290.71,1776277707000
1776277708.615,208.615,0.43,0.44,0.56,0.57,0.01,0.01,74290.71,1776277707000
1776277709.142,209.142,0.42,0.43,0.57,0.58,0.01,0.01,74290.71,1776277707000
1776277709.945,209.945,0.42,0.43,0.56,0.59,0.01,0.03,74289.57,1776277708000
1776277710.348,210.348,0.42,0.43,0.57,0.58,0.01,0.01,74289.67,1776277709000
1776277710.98,210.98,0.41,0.42,0.57,0.58,0.01,0.01,74289.67,1776277709000
1776277711.389,211.389,0.36,0.38,0.59,0.62,0.02,0.03,74289.67,1776277709000
1776277711.789,211.789,0.34,0.37,0.62,0.65,0.03,0.03,74288.69,1776277710000
1776277712.152,212.152,0.34,0.35,0.65,0.66,0.01,0.01,74287.55,1776277711000
1776277713.254,213.254,0.34,0.35,0.65,0.66,0.01,0.01,74287.55,1776277711000
1776277714.134,214.134,0.31,0.32,0.65,0.68,0.01,0.03,74279.14,1776277712000
1776277715.205,215.205,0.31,0.32,0.68,0.69,0.01,0.01,74276.22,1776277714000
1776277715.7,215.7,0.31,0.32,0.68,0.69,0.01,0.01,74276.22,1776277714000
1776277716.219,216.219,0.31,0.32,0.68,0.69,0.01,0.01,74277.07,1776277715000
1776277716.602,216.602,0.31,0.35,0.65,0.69,0.04,0.04,74277.07,1776277715000
1776277717.073,217.073,0.3,0.35,0.65,0.7,0.05,0.05,74277.07,1776277715000
1776277717.624,217.624,0.29,0.3,0.65,0.7,0.01,0.05,74277.43,1776277716000
1776277717.966,217.966,0.27,0.32,0.68,0.71,0.05,0.03,74277.43,1776277716000
1776277718.31,218.31,0.24,0.27,0.73,0.76,0.03,0.03,74272.84,1776277717000
1776277718.691,218.691,0.26,0.27,0.73,0.74,0.01,0.01,74272.84,1776277717000
1776277719.083,219.083,0.2,0.21,0.79,0.8,0.01,0.01,74272.84,1776277717000
1776277719.422,219.422,0.19,0.21,0.79,0.81,0.02,0.02,74267.2,1776277718000
1776277719.931,219.931,0.17,0.18,0.82,0.83,0.01,0.01,74267.2,1776277718000
1776277720.383,220.383,0.17,0.18,0.82,0.83,0.01,0.01,74259.24,1776277719000
1776277720.796,220.796,0.17,0.18,0.82,0.83,0.01,0.01,74259.24,1776277719000
1776277721.181,221.181,0.16,0.18,0.82,0.84,0.02,0.02,74257.32,1776277720000
1776277721.579,221.579,0.17,0.18,0.82,0.84,0.01,0.02,74257.32,1776277720000
1776277722.14,222.14,0.15,0.18,0.82,0.85,0.03,0.03,74257.32,1776277720000
1776277722.516,222.516,0.16,0.17,0.82,0.83,0.01,0.01,74254.98,1776277721000
1776277723.167,223.167,0.16,0.17,0.83,0.84,0.01,0.01,74254.03,1776277722000
1776277723.74,223.74,0.16,0.17,0.83,0.84,0.01,0.01,74254.03,1776277722000
1776277724.1,224.1,0.14,0.15,0.85,0.86,0.01,0.01,74254.03,1776277722000
1776277724.453,224.453,0.14,0.15,0.85,0.86,0.01,0.01,74253.11,1776277723000
1776277724.81,224.81,0.14,0.15,0.85,0.86,0.01,0.01,74253.11,1776277723000
1776277725.245,225.245,0.14,0.15,0.85,0.86,0.01,0.01,74253.11,1776277723000
1776277725.656,225.656,0.13,0.14,0.86,0.87,0.01,0.01,74252.47,1776277724000
1776277726.169,226.169,0.13,0.14,0.86,0.87,0.01,0.01,74253.02,1776277725000
1776277726.504,226.504,0.12,0.13,0.87,0.88,0.01,0.01,74253.02,1776277725000
1776277726.843,226.843,0.1,0.11,0.89,0.9,0.01,0.01,74253.02,1776277725000
1776277727.219,227.219,0.1,0.11,0.89,0.9,0.01,0.01,74253.14,1776277726000
1776277727.587,227.587,0.08,0.09,0.91,0.92,0.01,0.01,74253.14,1776277726000
1776277727.945,227.945,0.08,0.09,0.91,0.92,0.01,0.01,74253.14,1776277726000
1776277728.557,228.557,0.08,0.09,0.91,0.92,0.01,0.01,74247.99,1776277727000
1776277729.418,229.418,0.08,0.09,0.91,0.92,0.01,0.01,74238.86,1776277728000
1776277729.951,229.951,0.08,0.09,0.91,0.92,0.01,0.01,74238.51,1776277729000
1776277730.653,230.653,0.07,0.09,0.91,0.92,0.02,0.01,74238.51,1776277729000
1776277731.127,231.127,0.07,0.09,0.91,0.93,0.02,0.02,74234.03,1776277730000
1776277731.97,231.97,0.07,0.09,0.91,0.93,0.02,0.02,74234.03,1776277730000
1776277732.317,232.317,0.05,0.08,0.92,0.95,0.03,0.03,74232.63,1776277731000
1776277732.652,232.652,0.05,0.06,0.94,0.95,0.01,0.01,74232.63,1776277731000
1776277732.998,232.998,0.05,0.06,0.94,0.95,0.01,0.01,74232.63,1776277731000
1776277733.332,233.332,0.05,0.06,0.94,0.95,0.01,0.01,74231.77,1776277732000
1776277733.701,233.701,0.04,0.06,0.94,0.95,0.02,0.01,74231.77,1776277732000
1776277734.043,234.043,0.04,0.05,0.95,0.96,0.01,0.01,74231.77,1776277732000
1776277734.481,234.481,0.04,0.05,0.95,0.96,0.01,0.01,74230.39,1776277733000
1776277734.857,234.857,0.04,0.05,0.95,0.96,0.01,0.01,74230.39,1776277733000
1776277735.225,235.225,0.04,0.05,0.95,0.96,0.01,0.01,74230.39,1776277733000
1776277735.599,235.599,0.03,0.04,0.95,0.97,0.01,0.02,74231.02,1776277734000
1776277735.948,235.948,0.03,0.04,0.96,0.97,0.01,0.01,74231.02,1776277734000
1776277736.337,236.337,0.03,0.04,0.96,0.97,0.01,0.01,74231.02,1776277734000
1776277736.687,236.687,0.03,0.04,0.96,0.97,0.01,0.01,74230.73,1776277735000
1776277737.027,237.027,0.03,0.04,0.96,0.97,0.01,0.01,74230.83,1776277736000
1776277737.386,237.386,0.03,0.04,0.96,0.97,0.01,0.01,74230.83,1776277736000
1776277737.729,237.729,0.03,0.04,0.96,0.97,0.01,0.01,74230.83,1776277736000
1776277738.074,238.074,0.03,0.04,0.96,0.97,0.01,0.01,74230.16,1776277737000
1776277738.408,238.408,0.03,0.04,0.96,0.97,0.01,0.01,74230.16,1776277737000
1776277738.746,238.746,0.01,0.02,0.98,0.99,0.01,0.01,74230.16,1776277737000
1776277739.08,239.08,0.01,0.02,0.98,0.99,0.01,0.01,74228.92,1776277738000
1776277739.423,239.423,0.01,0.02,0.98,0.99,0.01,0.01,74228.92,1776277738000
1776277739.76,239.76,0.01,0.02,0.98,0.99,0.01,0.01,74228.92,1776277738000
1776277740.176,240.176,0.01,0.02,0.98,0.99,0.01,0.01,74217.82,1776277739000
1776277740.527,240.527,0.01,0.02,0.98,0.99,0.01,0.01,74217.82,1776277739000
1776277741.201,241.201,0.01,0.01,0.99,0.99,0.0,0.0,74217.82,1776277739000
1776277741.575,241.575,0.01,0.01,0.99,0.99,0.0,0.0,74199.66,1776277740000
1776277742.118,242.118,0.01,0.01,0.99,0.99,0.0,0.0,74199.66,1776277740000
1776277742.78,242.78,0.01,0.01,0.99,0.99,0.0,0.0,74198.02,1776277741000
1776277743.441,243.441,0.01,0.01,0.99,0.99,0.0,0.0,74198.02,1776277741000
1776277743.879,243.879,0.01,0.01,0.99,0.99,0.0,0.0,74198.02,1776277741000
1776277744.275,244.275,0.01,0.01,0.99,0.99,0.0,0.0,74194.54,1776277742000
1776277744.62,244.62,0.01,0.01,0.99,0.99,0.0,0.0,74194.54,1776277742000
1776277745.156,245.156,0.01,0.01,0.99,0.99,0.0,0.0,74192.92,1776277743000
1776277745.519,245.519,0.01,0.01,0.99,0.99,0.0,0.0,74196.2,1776277744000
1776277745.992,245.992,0.01,0.01,0.99,0.99,0.0,0.0,74196.2,1776277744000
1776277746.332,246.332,0.01,0.01,0.99,0.99,0.0,0.0,74202.64,1776277745000
1776277746.855,246.855,0.01,0.01,0.99,0.99,0.0,0.0,74202.64,1776277745000
1776277747.211,247.211,0.01,0.01,0.99,0.99,0.0,0.0,74202.64,1776277745000
1776277747.563,247.563,0.01,0.01,0.99,0.99,0.0,0.0,74202.64,1776277745000
1776277747.923,247.923,0.01,0.01,0.99,0.99,0.0,0.0,74202.64,1776277745000
1776277748.624,248.624,0.01,0.01,0.99,0.99,0.0,0.0,74205.41,1776277747000
1776277749.31,249.31,0.01,0.01,0.99,0.99,0.0,0.0,74205.41,1776277747000
1776277749.71,249.71,0.01,0.01,0.99,0.99,0.0,0.0,74208.97,1776277748000
1776277750.095,250.095,0.01,0.01,0.99,0.99,0.0,0.0,74212.53,1776277749000
1776277750.523,250.523,0.01,0.01,0.99,0.99,0.0,0.0,74212.53,1776277749000
1776277751.151,251.151,0.01,0.01,0.99,0.99,0.0,0.0,74212.53,1776277749000
1776277751.676,251.676,0.01,0.01,0.99,0.99,0.0,0.0,74215.7,1776277750000
1776277752.01,252.01,0.01,0.01,0.99,0.99,0.0,0.0,74215.7,1776277750000
1776277752.583,252.583,0.01,0.02,0.99,0.99,0.01,0.0,74215.75,1776277751000
1776277752.995,252.995,0.01,0.02,0.98,0.99,0.01,0.01,74215.75,1776277751000
1776277753.338,253.338,0.01,0.02,0.98,0.99,0.01,0.01,74215.75,1776277751000
1776277753.684,253.684,0.01,0.02,0.98,0.99,0.01,0.01,74214.88,1776277752000
1776277754.114,254.114,0.01,0.02,0.98,0.99,0.01,0.01,74214.88,1776277752000
1776277754.609,254.609,0.01,0.02,0.98,0.99,0.01,0.01,74214.88,1776277753000
1776277754.99,254.99,0.01,0.01,0.98,0.99,0.0,0.01,74214.88,1776277753000
1776277755.942,255.942,0.01,0.01,0.99,0.99,0.0,0.0,74214.36,1776277754000
1776277756.611,256.611,0.01,0.02,0.98,0.99,0.01,0.01,74214.36,1776277754000
1776277757.045,257.045,0.01,0.02,0.98,0.99,0.01,0.01,74214.41,1776277755000
1776277757.457,257.457,0.01,0.02,0.98,0.99,0.01,0.01,74214.55,1776277756000
1776277757.808,257.808,0.01,0.02,0.98,0.99,0.01,0.01,74214.55,1776277756000
1776277758.153,258.153,0.01,0.02,0.98,0.99,0.01,0.01,74214.55,1776277756000
1776277758.747,258.747,0.01,0.01,0.99,0.99,0.0,0.0,74214.54,1776277757000
1776277759.164,259.164,0.01,0.01,0.99,0.99,0.0,0.0,74214.54,1776277757000
1776277759.755,259.755,0.01,0.01,0.99,0.99,0.0,0.0,74214.5,1776277758000
1776277760.325,260.325,0.01,0.01,0.99,0.99,0.0,0.0,74214.52,1776277759000
1776277761.371,261.371,0.01,0.02,0.98,0.99,0.01,0.01,74214.5,1776277760000
1776277761.717,261.717,0.01,0.01,0.98,0.99,0.0,0.01,74214.5,1776277760000
1776277762.145,262.145,0.01,0.01,0.99,0.99,0.0,0.0,74214.5,1776277761000
1776277762.649,262.649,0.01,0.02,0.98,0.99,0.01,0.01,74214.5,1776277761000
1776277763.535,263.535,0.01,0.01,0.98,0.99,0.0,0.01,74214.5,1776277762000
1776277763.878,263.878,0.01,0.01,0.99,0.99,0.0,0.0,74214.55,1776277763000
1776277764.272,264.272,0.01,0.01,0.99,0.99,0.0,0.0,74214.55,1776277763000
1776277764.91,264.91,0.01,0.01,0.99,0.99,0.0,0.0,74214.03,1776277764000
1776277765.886,265.886,0.01,0.01,0.99,0.99,0.0,0.0,74214.07,1776277765000
1776277766.827,266.827,0.01,0.01,0.99,0.99,0.0,0.0,74214.07,1776277765000
1776277767.368,267.368,0.01,0.01,0.99,0.99,0.0,0.0,74214.07,1776277765000
1776277767.86,267.86,0.01,0.01,0.99,0.99,0.0,0.0,74214.04,1776277766000
1776277768.506,268.506,0.01,0.01,0.99,0.99,0.0,0.0,74214.04,1776277767000
1776277769.272,269.272,0.01,0.01,0.99,0.99,0.0,0.0,74214.04,1776277768000
1776277770.214,270.214,0.01,0.01,0.99,0.99,0.0,0.0,74214.04,1776277768000
1776277771.121,271.121,0.01,0.01,0.99,0.99,0.0,0.0,74214.23,1776277770000
1776277772.057,272.057,0.01,0.01,0.99,0.99,0.0,0.0,74214.23,1776277770000
1776277772.511,272.511,0.01,0.01,0.99,0.99,0.0,0.0,74214.6,1776277771000
1776277773.074,273.074,0.01,0.01,0.99,0.99,0.0,0.0,74214.62,1776277772000
1776277773.686,273.686,0.01,0.01,0.99,0.99,0.0,0.0,74214.62,1776277772000
1776277774.326,274.326,0.01,0.01,0.99,0.99,0.0,0.0,74214.62,1776277773000
1776277775.203,275.203,0.01,0.01,0.99,0.99,0.0,0.0,74214.62,1776277773000
1776277775.582,275.582,0.01,0.01,0.99,0.99,0.0,0.0,74216.11,1776277774000
1776277776.039,276.039,0.01,0.01,0.99,0.99,0.0,0.0,74216.12,1776277775000
1776277776.947,276.947,0.01,0.01,0.99,0.99,0.0,0.0,74216.15,1776277776000
1776277778.165,278.165,0.01,0.01,0.99,0.99,0.0,0.0,74213.74,1776277777000
1776277779.223,279.223,0.01,0.01,0.99,0.99,0.0,0.0,74213.74,1776277777000
1776277780.33,280.33,0.01,0.01,0.99,0.99,0.0,0.0,74213.94,1776277779000
1776277781.359,281.359,0.01,0.01,0.99,0.99,0.0,0.0,74214.53,1776277780000
1776277781.925,281.925,0.01,0.01,0.99,0.99,0.0,0.0,74214.82,1776277781000
1776277782.989,282.989,0.01,0.01,0.99,0.99,0.0,0.0,74214.72,1776277782000
1776277784.003,284.003,0.01,0.01,0.99,0.99,0.0,0.0,74214.72,1776277782000
1776277785.268,285.268,0.01,0.01,0.99,0.99,0.0,0.0,74214.14,1776277784000
1776277786.28,286.28,0.01,0.01,0.99,0.99,0.0,0.0,74214.14,1776277784000
1776277787.308,287.308,0.01,0.01,0.99,0.99,0.0,0.0,74214.14,1776277785000
1776277787.845,287.845,0.01,0.01,0.99,0.99,0.0,0.0,74214.14,1776277786000
1776277788.225,288.225,0.01,0.01,0.99,0.99,0.0,0.0,74214.14,1776277787000
1776277788.969,288.969,0.01,0.01,0.99,0.99,0.0,0.0,74214.14,1776277787000
1776277789.319,289.319,0.01,0.01,0.99,0.99,0.0,0.0,74214.15,1776277788000
1776277790.256,290.256,0.01,0.01,0.99,0.99,0.0,0.0,74216.57,1776277789000
1776277791.201,291.201,0.01,0.01,0.99,0.99,0.0,0.0,74216.57,1776277789000
1776277792.011,292.011,0.01,0.01,0.99,0.99,0.0,0.0,74218.25,1776277791000
1776277793.497,293.497,0.01,0.01,0.99,0.99,0.0,0.0,74218.25,1776277792000
1776277794.048,294.048,0.01,0.01,0.99,0.99,0.0,0.0,74218.23,1776277793000
1776277795.319,295.319,0.01,0.01,0.99,0.99,0.0,0.0,74218.24,1776277794000
1776277795.896,295.896,0.01,0.01,0.99,0.99,0.0,0.0,74218.22,1776277795000
1776277797.065,297.065,0.01,0.01,0.99,0.99,0.0,0.0,74218.22,1776277796000
1776277798.32,298.32,0.01,0.01,0.99,0.99,0.0,0.0,74218.23,1776277797000
1776277799.268,299.268,0.01,0.01,0.99,0.99,0.0,0.0,74218.23,1776277798000
1776277799.623,299.623,0.01,0.01,0.99,0.99,0.0,0.0,74218.23,1776277798000
1776277800.346,300.346,0.01,0.01,0.99,0.99,0.0,0.0,74218.23,1776277798000
1776277800.703,300.703,0.01,0.01,0.99,0.99,0.0,0.0,74215.27,1776277799000

# RESULT,winner=Down,slug=btc-updown-5m-1776277500,ticks=622
