timestamp,elapsed_sec,up_bid,up_ask,down_bid,down_ask,up_spread,down_spread,btc_price,btc_oracle_ts
1776759900.533,0.533,0.47,0.48,0.52,0.53,0.01,0.01,76357.94,1776759898000
1776759901.0,1.0,0.47,0.48,0.52,0.53,0.01,0.01,76355.72,1776759899000
1776759901.463,1.463,0.47,0.48,0.52,0.53,0.01,0.01,76355.72,1776759900000
1776759901.899,1.899,0.47,0.48,0.52,0.53,0.01,0.01,76355.72,1776759900000
1776759902.237,2.237,0.47,0.48,0.52,0.53,0.01,0.01,76355.72,1776759900000
1776759902.614,2.614,0.47,0.48,0.52,0.53,0.01,0.01,76356.63,1776759901000
1776759902.965,2.965,0.48,0.49,0.51,0.52,0.01,0.01,76356.63,1776759901000
1776759903.532,3.532,0.48,0.49,0.51,0.52,0.01,0.01,76356.63,1776759901000
1776759904.017,4.017,0.48,0.49,0.51,0.52,0.01,0.01,76357.79,1776759902000
1776759904.406,4.406,0.48,0.49,0.51,0.52,0.01,0.01,76357.79,1776759902000
1776759904.739,4.739,0.48,0.49,0.51,0.52,0.01,0.01,76358.3,1776759903000
1776759905.131,5.131,0.48,0.49,0.51,0.52,0.01,0.01,76358.3,1776759903000
1776759905.72,5.72,0.48,0.49,0.51,0.52,0.01,0.01,76358.68,1776759904000
1776759906.187,6.187,0.48,0.49,0.51,0.52,0.01,0.01,76358.7,1776759905000
1776759906.548,6.548,0.48,0.49,0.51,0.52,0.01,0.01,76358.7,1776759905000
1776759906.974,6.974,0.48,0.49,0.51,0.52,0.01,0.01,76358.7,1776759905000
1776759907.342,7.342,0.47,0.48,0.52,0.53,0.01,0.01,76359.35,1776759906000
1776759907.756,7.756,0.47,0.48,0.52,0.53,0.01,0.01,76359.35,1776759906000
1776759908.142,8.142,0.46,0.48,0.52,0.53,0.02,0.01,76359.35,1776759906000
1776759908.498,8.498,0.45,0.46,0.53,0.55,0.01,0.02,76359.76,1776759907000
1776759909.086,9.086,0.45,0.46,0.54,0.55,0.01,0.01,76359.76,1776759907000
1776759909.703,9.703,0.45,0.46,0.54,0.55,0.01,0.01,76359.42,1776759908000
1776759910.058,10.058,0.44,0.45,0.55,0.56,0.01,0.01,76359.42,1776759908000
1776759910.394,10.394,0.41,0.42,0.58,0.59,0.01,0.01,76358.66,1776759909000
1776759910.845,10.845,0.4,0.41,0.59,0.6,0.01,0.01,76358.66,1776759909000
1776759911.215,11.215,0.4,0.41,0.59,0.6,0.01,0.01,76357.64,1776759910000
1776759911.602,11.602,0.4,0.41,0.59,0.6,0.01,0.01,76357.64,1776759910000
1776759911.987,11.987,0.4,0.41,0.59,0.6,0.01,0.01,76353.81,1776759911000
1776759912.461,12.461,0.43,0.44,0.57,0.58,0.01,0.01,76353.81,1776759911000
1776759912.8,12.8,0.43,0.46,0.56,0.57,0.03,0.01,76353.81,1776759911000
1776759913.144,13.144,0.48,0.49,0.51,0.52,0.01,0.01,76349.53,1776759912000
1776759913.481,13.481,0.49,0.5,0.5,0.51,0.01,0.01,76349.53,1776759912000
1776759913.845,13.845,0.49,0.5,0.5,0.51,0.01,0.01,76349.53,1776759912000
1776759914.191,14.191,0.49,0.5,0.5,0.51,0.01,0.01,76349.47,1776759913000
1776759914.688,14.688,0.49,0.5,0.5,0.51,0.01,0.01,76349.47,1776759913000
1776759915.191,15.191,0.49,0.5,0.5,0.51,0.01,0.01,76352.81,1776759914000
1776759915.549,15.549,0.49,0.5,0.5,0.51,0.01,0.01,76352.81,1776759914000
1776759916.241,16.241,0.49,0.5,0.5,0.51,0.01,0.01,76352.81,1776759914000
1776759916.611,16.611,0.49,0.5,0.5,0.51,0.01,0.01,76357.58,1776759915000
1776759917.023,17.023,0.49,0.5,0.5,0.51,0.01,0.01,76357.58,1776759915000
1776759917.424,17.424,0.49,0.5,0.5,0.51,0.01,0.01,76358.37,1776759916000
1776759917.77,17.77,0.49,0.5,0.5,0.51,0.01,0.01,76358.37,1776759916000
1776759918.382,18.382,0.49,0.5,0.5,0.51,0.01,0.01,76358.37,1776759917000
1776759919.334,19.334,0.49,0.5,0.5,0.51,0.01,0.01,76358.37,1776759917000
1776759919.887,19.887,0.49,0.5,0.5,0.51,0.01,0.01,76358.63,1776759918000
1776759920.385,20.385,0.46,0.47,0.53,0.54,0.01,0.01,76358.63,1776759918000
1776759920.734,20.734,0.46,0.47,0.53,0.54,0.01,0.01,76358.68,1776759919000
1776759921.135,21.135,0.46,0.47,0.53,0.54,0.01,0.01,76358.68,1776759919000
1776759921.508,21.508,0.46,0.47,0.53,0.54,0.01,0.01,76358.64,1776759920000
1776759921.936,21.936,0.44,0.47,0.53,0.54,0.03,0.01,76358.64,1776759920000
1776759922.344,22.344,0.42,0.43,0.57,0.58,0.01,0.01,76353.71,1776759921000
1776759922.684,22.684,0.42,0.43,0.57,0.58,0.01,0.01,76353.71,1776759921000
1776759923.11,23.11,0.41,0.42,0.58,0.59,0.01,0.01,76353.71,1776759921000
1776759923.456,23.456,0.4,0.41,0.59,0.6,0.01,0.01,76350.85,1776759922000
1776759923.818,23.818,0.4,0.41,0.59,0.6,0.01,0.01,76350.85,1776759922000
1776759924.166,24.166,0.38,0.39,0.6,0.62,0.01,0.02,76347.86,1776759923000
1776759924.538,24.538,0.37,0.38,0.62,0.63,0.01,0.01,76347.86,1776759923000
1776759924.941,24.941,0.35,0.36,0.64,0.65,0.01,0.01,76347.86,1776759923000
1776759925.386,25.386,0.35,0.36,0.64,0.65,0.01,0.01,76346.43,1776759924000
1776759925.747,25.747,0.35,0.36,0.64,0.65,0.01,0.01,76346.43,1776759924000
1776759926.269,26.269,0.35,0.36,0.64,0.65,0.01,0.01,76346.43,1776759924000
1776759926.672,26.672,0.34,0.35,0.64,0.66,0.01,0.02,76340.58,1776759925000
1776759927.147,27.147,0.34,0.35,0.65,0.66,0.01,0.01,76340.58,1776759925000
1776759927.54,27.54,0.34,0.35,0.65,0.66,0.01,0.01,76340.58,1776759925000
1776759927.885,27.885,0.34,0.35,0.65,0.66,0.01,0.01,76338.23,1776759926000
1776759928.335,28.335,0.34,0.35,0.65,0.66,0.01,0.01,76335.42,1776759927000
1776759928.682,28.682,0.34,0.35,0.65,0.66,0.01,0.01,76335.42,1776759927000
1776759929.044,29.044,0.34,0.35,0.65,0.66,0.01,0.01,76335.42,1776759927000
1776759929.398,29.398,0.34,0.35,0.65,0.66,0.01,0.01,76335.42,1776759928000
1776759929.998,29.998,0.34,0.35,0.65,0.66,0.01,0.01,76335.42,1776759928000
1776759930.426,30.426,0.34,0.35,0.65,0.66,0.01,0.01,76336.22,1776759929000
1776759930.823,30.823,0.33,0.34,0.65,0.67,0.01,0.02,76336.22,1776759929000
1776759931.228,31.228,0.33,0.34,0.66,0.67,0.01,0.01,76336.22,1776759929000
1776759931.583,31.583,0.33,0.34,0.66,0.67,0.01,0.01,76334.84,1776759930000
1776759932.054,32.054,0.33,0.36,0.66,0.67,0.03,0.01,76334.84,1776759930000
1776759932.427,32.427,0.35,0.36,0.64,0.65,0.01,0.01,76333.82,1776759931000
1776759932.837,32.837,0.35,0.36,0.64,0.65,0.01,0.01,76333.82,1776759931000
1776759933.344,33.344,0.35,0.36,0.64,0.65,0.01,0.01,76333.82,1776759931000
1776759933.71,33.71,0.34,0.35,0.65,0.66,0.01,0.01,76334.19,1776759932000
1776759934.141,34.141,0.34,0.35,0.65,0.66,0.01,0.01,76334.19,1776759932000
1776759934.653,34.653,0.34,0.35,0.65,0.66,0.01,0.01,76335.51,1776759933000
1776759935.336,35.336,0.34,0.36,0.64,0.66,0.02,0.02,76334.88,1776759934000
1776759935.907,35.907,0.35,0.36,0.64,0.65,0.01,0.01,76334.88,1776759934000
1776759936.423,36.423,0.35,0.36,0.64,0.65,0.01,0.01,76334.51,1776759935000
1776759936.824,36.824,0.36,0.37,0.63,0.64,0.01,0.01,76334.51,1776759935000
1776759937.231,37.231,0.36,0.37,0.63,0.64,0.01,0.01,76335.05,1776759936000
1776759938.037,38.037,0.36,0.37,0.63,0.64,0.01,0.01,76335.05,1776759936000
1776759938.378,38.378,0.36,0.37,0.63,0.64,0.01,0.01,76335.28,1776759937000
1776759938.951,38.951,0.36,0.37,0.63,0.64,0.01,0.01,76335.28,1776759937000
1776759939.342,39.342,0.37,0.38,0.62,0.63,0.01,0.01,76335.28,1776759937000
1776759939.729,39.729,0.37,0.38,0.62,0.63,0.01,0.01,76335.44,1776759938000
1776759940.064,40.064,0.37,0.38,0.62,0.63,0.01,0.01,76335.44,1776759939000
1776759940.455,40.455,0.37,0.38,0.62,0.63,0.01,0.01,76335.44,1776759939000
1776759940.857,40.857,0.37,0.38,0.62,0.63,0.01,0.01,76335.44,1776759939000
1776759941.33,41.33,0.37,0.38,0.62,0.63,0.01,0.01,76335.47,1776759940000
1776759941.752,41.752,0.37,0.38,0.62,0.63,0.01,0.01,76335.47,1776759940000
1776759942.654,42.654,0.37,0.38,0.62,0.63,0.01,0.01,76335.66,1776759941000
1776759943.232,43.232,0.37,0.38,0.62,0.63,0.01,0.01,76335.62,1776759942000
1776759943.753,43.753,0.37,0.39,0.62,0.63,0.02,0.01,76335.62,1776759942000
1776759944.308,44.308,0.38,0.39,0.61,0.62,0.01,0.01,76335.66,1776759943000
1776759944.667,44.667,0.38,0.39,0.61,0.62,0.01,0.01,76335.66,1776759943000
1776759945.474,45.474,0.38,0.39,0.61,0.62,0.01,0.01,76335.64,1776759944000
1776759946.431,46.431,0.38,0.39,0.61,0.62,0.01,0.01,76335.64,1776759944000
1776759947.233,47.233,0.38,0.39,0.61,0.62,0.01,0.01,76335.63,1776759946000
1776759947.935,47.935,0.38,0.39,0.61,0.62,0.01,0.01,76335.63,1776759946000
1776759948.446,48.446,0.38,0.39,0.61,0.62,0.01,0.01,76335.63,1776759947000
1776759949.137,49.137,0.38,0.39,0.61,0.62,0.01,0.01,76335.63,1776759947000
1776759949.63,49.63,0.38,0.39,0.61,0.62,0.01,0.01,76335.68,1776759948000
1776759950.328,50.328,0.38,0.39,0.61,0.62,0.01,0.01,76335.68,1776759949000
1776759950.773,50.773,0.38,0.39,0.61,0.62,0.01,0.01,76335.68,1776759949000
1776759951.182,51.182,0.38,0.39,0.61,0.62,0.01,0.01,76335.79,1776759950000
1776759951.826,51.826,0.38,0.39,0.61,0.62,0.01,0.01,76335.79,1776759950000
1776759952.354,52.354,0.38,0.39,0.61,0.62,0.01,0.01,76335.82,1776759951000
1776759952.832,52.832,0.38,0.39,0.61,0.62,0.01,0.01,76335.82,1776759951000
1776759953.167,53.167,0.38,0.39,0.61,0.62,0.01,0.01,76335.77,1776759952000
1776759953.676,53.676,0.39,0.4,0.6,0.61,0.01,0.01,76335.77,1776759952000
1776759954.071,54.071,0.39,0.4,0.6,0.61,0.01,0.01,76335.77,1776759952000
1776759954.48,54.48,0.39,0.4,0.6,0.61,0.01,0.01,76335.8,1776759953000
1776759955.045,55.045,0.39,0.4,0.6,0.61,0.01,0.01,76335.8,1776759953000
1776759955.735,55.735,0.39,0.4,0.6,0.61,0.01,0.01,76335.81,1776759954000
1776759956.523,56.523,0.39,0.4,0.6,0.61,0.01,0.01,76336.01,1776759955000
1776759956.928,56.928,0.36,0.37,0.63,0.64,0.01,0.01,76336.01,1776759956000
1776759957.284,57.284,0.36,0.37,0.63,0.64,0.01,0.01,76336.01,1776759956000
1776759957.692,57.692,0.36,0.37,0.63,0.64,0.01,0.01,76336.01,1776759956000
1776759958.028,58.028,0.36,0.37,0.63,0.64,0.01,0.01,76335.71,1776759957000
1776759958.428,58.428,0.36,0.37,0.63,0.64,0.01,0.01,76335.71,1776759957000
1776759958.897,58.897,0.35,0.37,0.63,0.64,0.02,0.01,76335.71,1776759957000
1776759959.231,59.231,0.35,0.36,0.64,0.66,0.01,0.02,76335.42,1776759958000
1776759959.883,59.883,0.34,0.35,0.65,0.66,0.01,0.01,76335.42,1776759958000
1776759960.293,60.293,0.34,0.35,0.65,0.66,0.01,0.01,76335.42,1776759958000
1776759960.712,60.712,0.34,0.35,0.65,0.66,0.01,0.01,76335.42,1776759958000
1776759961.208,61.208,0.34,0.35,0.65,0.66,0.01,0.01,76335.55,1776759959000
1776759961.587,61.587,0.32,0.33,0.67,0.68,0.01,0.01,76335.48,1776759960000
1776759961.952,61.952,0.32,0.33,0.67,0.68,0.01,0.01,76335.48,1776759960000
1776759962.299,62.299,0.31,0.32,0.68,0.69,0.01,0.01,76335.48,1776759960000
1776759962.633,62.633,0.29,0.3,0.7,0.71,0.01,0.01,76333.49,1776759961000
1776759962.977,62.977,0.29,0.3,0.7,0.71,0.01,0.01,76333.49,1776759961000
1776759963.311,63.311,0.29,0.3,0.7,0.71,0.01,0.01,76333.49,1776759961000
1776759963.724,63.724,0.29,0.3,0.7,0.71,0.01,0.01,76330.64,1776759962000
1776759964.239,64.239,0.31,0.32,0.68,0.69,0.01,0.01,76330.64,1776759962000
1776759964.603,64.603,0.34,0.35,0.64,0.67,0.01,0.03,76323.79,1776759963000
1776759965.015,65.015,0.35,0.36,0.64,0.65,0.01,0.01,76323.79,1776759963000
1776759965.415,65.415,0.35,0.36,0.64,0.65,0.01,0.01,76323.79,1776759963000
1776759965.753,65.753,0.35,0.36,0.64,0.65,0.01,0.01,76322.78,1776759964000
1776759966.156,66.156,0.35,0.36,0.64,0.65,0.01,0.01,76322.78,1776759964000
1776759966.566,66.566,0.35,0.36,0.64,0.65,0.01,0.01,76324.65,1776759965000
1776759966.903,66.903,0.35,0.36,0.64,0.65,0.01,0.01,76324.65,1776759965000
1776759967.708,67.708,0.35,0.36,0.64,0.66,0.01,0.02,76328.71,1776759966000
1776759968.094,68.094,0.35,0.36,0.64,0.65,0.01,0.01,76328.71,1776759966000
1776759968.496,68.496,0.35,0.36,0.64,0.65,0.01,0.01,76329.45,1776759967000
1776759968.858,68.858,0.35,0.36,0.64,0.65,0.01,0.01,76329.45,1776759967000
1776759969.41,69.41,0.35,0.36,0.64,0.65,0.01,0.01,76329.46,1776759968000
1776759970.162,70.162,0.35,0.36,0.64,0.65,0.01,0.01,76329.49,1776759969000
1776759970.642,70.642,0.36,0.37,0.63,0.64,0.01,0.01,76329.49,1776759969000
1776759971.001,71.001,0.36,0.37,0.63,0.64,0.01,0.01,76329.49,1776759969000
1776759971.439,71.439,0.36,0.37,0.63,0.64,0.01,0.01,76329.57,1776759970000
1776759972.012,72.012,0.36,0.37,0.63,0.64,0.01,0.01,76329.57,1776759970000
1776759972.674,72.674,0.36,0.37,0.63,0.64,0.01,0.01,76329.82,1776759971000
1776759973.261,73.261,0.36,0.37,0.63,0.64,0.01,0.01,76329.82,1776759971000
1776759973.729,73.729,0.36,0.37,0.63,0.64,0.01,0.01,76329.93,1776759972000
1776759974.133,74.133,0.36,0.37,0.63,0.64,0.01,0.01,76330.01,1776759973000
1776759974.527,74.527,0.35,0.36,0.63,0.65,0.01,0.02,76330.01,1776759973000
1776759974.889,74.889,0.35,0.36,0.64,0.65,0.01,0.01,76330.01,1776759973000
1776759975.258,75.258,0.35,0.36,0.64,0.65,0.01,0.01,76330.01,1776759974000
1776759975.792,75.792,0.34,0.35,0.64,0.66,0.01,0.02,76330.01,1776759974000
1776759976.139,76.139,0.31,0.32,0.67,0.69,0.01,0.02,76330.01,1776759974000
1776759976.688,76.688,0.31,0.32,0.68,0.69,0.01,0.01,76329.84,1776759975000
1776759977.28,77.28,0.31,0.32,0.68,0.69,0.01,0.01,76329.93,1776759976000
1776759977.801,77.801,0.31,0.33,0.68,0.69,0.02,0.01,76329.93,1776759976000
1776759978.214,78.214,0.37,0.39,0.61,0.63,0.02,0.02,76329.93,1776759976000
1776759978.562,78.562,0.38,0.39,0.61,0.63,0.01,0.02,76328.81,1776759977000
1776759978.92,78.92,0.38,0.4,0.61,0.62,0.02,0.01,76328.81,1776759977000
1776759979.275,79.275,0.43,0.44,0.56,0.57,0.01,0.01,76328.81,1776759977000
1776759979.718,79.718,0.43,0.44,0.56,0.57,0.01,0.01,76328.78,1776759978000
1776759980.106,80.106,0.43,0.44,0.56,0.57,0.01,0.01,76328.78,1776759978000
1776759980.747,80.747,0.43,0.44,0.56,0.57,0.01,0.01,76336.31,1776759979000
1776759981.104,81.104,0.43,0.45,0.56,0.57,0.02,0.01,76336.31,1776759979000
1776759981.483,81.483,0.48,0.5,0.5,0.52,0.02,0.02,76342.8,1776759980000
1776759982.047,82.047,0.48,0.5,0.5,0.52,0.02,0.02,76344.56,1776759981000
1776759982.446,82.446,0.48,0.51,0.49,0.52,0.03,0.03,76344.56,1776759981000
1776759982.789,82.789,0.49,0.51,0.49,0.51,0.02,0.02,76344.56,1776759981000
1776759983.227,83.227,0.5,0.53,0.47,0.5,0.03,0.03,76370.39,1776759982000
1776759983.57,83.57,0.53,0.57,0.44,0.47,0.04,0.03,76370.39,1776759982000
1776759983.909,83.909,0.55,0.6,0.4,0.45,0.05,0.05,76376.77,1776759983000
1776759984.253,84.253,0.6,0.65,0.35,0.4,0.05,0.05,76376.77,1776759983000
1776759984.588,84.588,0.59,0.6,0.4,0.41,0.01,0.01,76376.77,1776759983000
1776759984.927,84.927,0.59,0.6,0.4,0.41,0.01,0.01,76380.76,1776759984000
1776759985.3,85.3,0.59,0.6,0.4,0.41,0.01,0.01,76380.76,1776759984000
1776759985.647,85.647,0.59,0.6,0.4,0.41,0.01,0.01,76380.76,1776759984000
1776759985.986,85.986,0.59,0.6,0.4,0.41,0.01,0.01,76379.67,1776759985000
1776759986.424,86.424,0.59,0.6,0.4,0.41,0.01,0.01,76379.67,1776759985000
1776759986.76,86.76,0.59,0.6,0.4,0.41,0.01,0.01,76379.67,1776759985000
1776759987.103,87.103,0.59,0.6,0.4,0.41,0.01,0.01,76379.01,1776759986000
1776759987.812,87.812,0.59,0.6,0.4,0.41,0.01,0.01,76379.01,1776759986000
1776759988.326,88.326,0.59,0.6,0.4,0.41,0.01,0.01,76379.01,1776759987000
1776759988.66,88.66,0.59,0.6,0.4,0.41,0.01,0.01,76379.01,1776759987000
1776759989.021,89.021,0.59,0.61,0.4,0.41,0.02,0.01,76379.01,1776759987000
1776759989.594,89.594,0.6,0.61,0.39,0.4,0.01,0.01,76378.54,1776759988000
1776759989.93,89.93,0.6,0.61,0.39,0.4,0.01,0.01,76378.54,1776759988000
1776759990.266,90.266,0.6,0.61,0.39,0.4,0.01,0.01,76378.54,1776759988000
1776759990.754,90.754,0.6,0.61,0.39,0.4,0.01,0.01,76378.67,1776759989000
1776759991.292,91.292,0.59,0.61,0.39,0.4,0.02,0.01,76378.67,1776759990000
1776759991.626,91.626,0.58,0.59,0.41,0.42,0.01,0.01,76378.67,1776759990000
1776759991.988,91.988,0.58,0.59,0.41,0.42,0.01,0.01,76378.46,1776759991000
1776759992.347,92.347,0.58,0.59,0.41,0.42,0.01,0.01,76378.46,1776759991000
1776759992.759,92.759,0.58,0.59,0.41,0.42,0.01,0.01,76378.46,1776759991000
1776759993.103,93.103,0.57,0.58,0.42,0.43,0.01,0.01,76378.35,1776759992000
1776759993.499,93.499,0.57,0.58,0.42,0.43,0.01,0.01,76378.35,1776759992000
1776759993.956,93.956,0.57,0.58,0.42,0.43,0.01,0.01,76378.35,1776759992000
1776759994.3,94.3,0.55,0.56,0.44,0.45,0.01,0.01,76375.31,1776759993000
1776759994.768,94.768,0.55,0.56,0.44,0.45,0.01,0.01,76375.31,1776759993000
1776759995.101,95.101,0.55,0.56,0.44,0.45,0.01,0.01,76373.66,1776759994000
1776759995.52,95.52,0.55,0.56,0.44,0.45,0.01,0.01,76373.66,1776759994000
1776759996.179,96.179,0.55,0.56,0.44,0.45,0.01,0.01,76372.3,1776759995000
1776759996.589,96.589,0.55,0.56,0.44,0.45,0.01,0.01,76372.3,1776759995000
1776759997.095,97.095,0.55,0.56,0.44,0.45,0.01,0.01,76372.52,1776759996000
1776759997.471,97.471,0.55,0.56,0.44,0.45,0.01,0.01,76372.52,1776759996000
1776759997.821,97.821,0.55,0.56,0.44,0.45,0.01,0.01,76372.52,1776759996000
1776759998.525,98.525,0.55,0.56,0.44,0.45,0.01,0.01,76372.61,1776759997000
1776759998.964,98.964,0.54,0.55,0.44,0.46,0.01,0.02,76372.61,1776759997000
1776759999.309,99.309,0.54,0.55,0.45,0.46,0.01,0.01,76372.63,1776759998000
1776759999.732,99.732,0.54,0.55,0.45,0.46,0.01,0.01,76372.63,1776759998000
1776760000.207,100.207,0.54,0.55,0.45,0.46,0.01,0.01,76372.63,1776759998000
1776760000.715,100.715,0.54,0.55,0.45,0.46,0.01,0.01,76372.63,1776759998000
1776760001.055,101.055,0.54,0.55,0.45,0.46,0.01,0.01,76372.65,1776759999000
1776760001.409,101.409,0.54,0.55,0.45,0.46,0.01,0.01,76372.62,1776760000000
1776760001.851,101.851,0.54,0.55,0.45,0.46,0.01,0.01,76372.62,1776760000000
1776760002.204,102.204,0.54,0.55,0.45,0.46,0.01,0.01,76372.62,1776760000000
1776760002.642,102.642,0.54,0.55,0.45,0.46,0.01,0.01,76372.62,1776760001000
1776760002.996,102.996,0.54,0.55,0.45,0.46,0.01,0.01,76372.62,1776760001000
1776760003.347,103.347,0.54,0.55,0.45,0.46,0.01,0.01,76372.66,1776760002000
1776760003.849,103.849,0.54,0.55,0.45,0.46,0.01,0.01,76372.66,1776760002000
1776760004.187,104.187,0.54,0.55,0.45,0.46,0.01,0.01,76370.5,1776760003000
1776760004.53,104.53,0.54,0.55,0.45,0.46,0.01,0.01,76370.5,1776760003000
1776760004.928,104.928,0.54,0.55,0.45,0.46,0.01,0.01,76370.5,1776760003000
1776760005.266,105.266,0.55,0.56,0.44,0.46,0.01,0.02,76368.51,1776760004000
1776760005.945,105.945,0.55,0.56,0.44,0.45,0.01,0.01,76368.51,1776760004000
1776760006.345,106.345,0.55,0.56,0.44,0.45,0.01,0.01,76368.55,1776760005000
1776760006.734,106.734,0.55,0.56,0.44,0.45,0.01,0.01,76368.55,1776760005000
1776760007.448,107.448,0.55,0.56,0.44,0.45,0.01,0.01,76368.76,1776760006000
1776760007.988,107.988,0.52,0.54,0.46,0.48,0.02,0.02,76368.87,1776760007000
1776760008.446,108.446,0.5,0.51,0.47,0.5,0.01,0.03,76368.87,1776760007000
1776760009.04,109.04,0.5,0.51,0.49,0.5,0.01,0.01,76368.87,1776760008000
1776760009.561,109.561,0.5,0.51,0.49,0.5,0.01,0.01,76368.87,1776760008000
1776760009.917,109.917,0.5,0.51,0.49,0.5,0.01,0.01,76368.87,1776760008000
1776760010.33,110.33,0.5,0.51,0.49,0.5,0.01,0.01,76368.87,1776760008000
1776760010.827,110.827,0.5,0.51,0.49,0.5,0.01,0.01,76363.2,1776760009000
1776760011.184,111.184,0.5,0.51,0.49,0.5,0.01,0.01,76363.2,1776760009000
1776760011.537,111.537,0.5,0.51,0.49,0.5,0.01,0.01,76363.11,1776760010000
1776760011.961,111.961,0.51,0.54,0.46,0.49,0.03,0.03,76363.11,1776760010000
1776760012.32,112.32,0.56,0.57,0.43,0.44,0.01,0.01,76363.11,1776760010000
1776760012.69,112.69,0.56,0.57,0.43,0.44,0.01,0.01,76362.55,1776760011000
1776760013.124,113.124,0.56,0.57,0.43,0.44,0.01,0.01,76362.92,1776760012000
1776760013.681,113.681,0.56,0.57,0.43,0.44,0.01,0.01,76362.92,1776760012000
1776760014.125,114.125,0.56,0.57,0.43,0.44,0.01,0.01,76362.92,1776760012000
1776760015.225,115.225,0.56,0.57,0.43,0.44,0.01,0.01,76363.26,1776760013000
1776760015.694,115.694,0.56,0.57,0.43,0.44,0.01,0.01,76368.33,1776760014000
1776760016.101,116.101,0.57,0.58,0.42,0.43,0.01,0.01,76368.67,1776760015000
1776760016.593,116.593,0.57,0.58,0.42,0.43,0.01,0.01,76368.67,1776760015000
1776760017.876,117.876,0.57,0.58,0.42,0.43,0.01,0.01,76368.67,1776760015000
1776760018.46,118.46,0.56,0.57,0.43,0.44,0.01,0.01,76368.0,1776760017000
1776760018.956,118.956,0.56,0.57,0.43,0.44,0.01,0.01,76368.0,1776760017000
1776760019.294,119.294,0.56,0.57,0.43,0.44,0.01,0.01,76367.95,1776760018000
1776760020.123,120.123,0.56,0.57,0.43,0.44,0.01,0.01,76367.95,1776760018000
1776760020.503,120.503,0.56,0.57,0.43,0.44,0.01,0.01,76367.95,1776760018000
1776760020.855,120.855,0.56,0.57,0.43,0.44,0.01,0.01,76367.88,1776760019000
1776760021.221,121.221,0.56,0.57,0.43,0.44,0.01,0.01,76367.88,1776760020000
1776760021.809,121.809,0.56,0.57,0.43,0.44,0.01,0.01,76367.88,1776760020000
1776760022.199,122.199,0.56,0.57,0.43,0.44,0.01,0.01,76367.88,1776760020000
1776760023.005,123.005,0.56,0.57,0.43,0.44,0.01,0.01,76367.9,1776760021000
1776760023.351,123.351,0.52,0.55,0.45,0.48,0.03,0.03,76367.9,1776760021000
1776760023.689,123.689,0.51,0.52,0.47,0.49,0.01,0.02,76367.9,1776760021000
1776760024.084,124.084,0.51,0.52,0.48,0.49,0.01,0.01,76367.9,1776760021000
1776760024.509,124.509,0.52,0.53,0.47,0.49,0.01,0.02,76368.13,1776760023000
1776760024.916,124.916,0.52,0.53,0.47,0.48,0.01,0.01,76368.13,1776760023000
1776760025.329,125.329,0.52,0.53,0.47,0.48,0.01,0.01,76368.13,1776760023000
1776760025.768,125.768,0.53,0.54,0.47,0.48,0.01,0.01,76365.88,1776760024000
1776760026.136,126.136,0.58,0.59,0.41,0.42,0.01,0.01,76365.88,1776760024000
1776760026.534,126.534,0.58,0.6,0.4,0.42,0.02,0.02,76363.5,1776760025000
1776760026.868,126.868,0.59,0.6,0.4,0.41,0.01,0.01,76363.5,1776760025000
1776760027.933,127.933,0.59,0.6,0.4,0.41,0.01,0.01,76365,1776760026000
1776760028.335,128.335,0.59,0.6,0.4,0.41,0.01,0.01,76365,1776760026000
1776760028.713,128.713,0.58,0.59,0.41,0.42,0.01,0.01,76367.18,1776760027000
1776760029.088,129.088,0.58,0.59,0.41,0.42,0.01,0.01,76367.18,1776760027000
1776760029.452,129.452,0.58,0.59,0.41,0.42,0.01,0.01,76367.18,1776760027000
1776760030.041,130.041,0.58,0.59,0.41,0.42,0.01,0.01,76369.72,1776760029000
1776760030.458,130.458,0.58,0.59,0.41,0.42,0.01,0.01,76369.72,1776760029000
1776760031.122,131.122,0.58,0.59,0.41,0.42,0.01,0.01,76369.68,1776760030000
1776760031.689,131.689,0.58,0.59,0.41,0.42,0.01,0.01,76369.68,1776760030000
1776760032.059,132.059,0.58,0.59,0.41,0.42,0.01,0.01,76369.68,1776760030000
1776760032.532,132.532,0.58,0.59,0.41,0.42,0.01,0.01,76369.68,1776760030000
1776760033.153,133.153,0.58,0.59,0.41,0.42,0.01,0.01,76369.68,1776760030000
1776760033.504,133.504,0.58,0.59,0.41,0.42,0.01,0.01,76369.71,1776760032000
1776760033.928,133.928,0.58,0.59,0.41,0.42,0.01,0.01,76369.71,1776760032000
1776760034.279,134.279,0.58,0.59,0.41,0.42,0.01,0.01,76369.71,1776760032000
1776760034.671,134.671,0.58,0.59,0.41,0.42,0.01,0.01,76369.85,1776760033000
1776760035.359,135.359,0.58,0.59,0.41,0.42,0.01,0.01,76369.91,1776760034000
1776760035.894,135.894,0.58,0.59,0.41,0.43,0.01,0.02,76369.91,1776760034000
1776760036.408,136.408,0.58,0.59,0.41,0.42,0.01,0.01,76369.91,1776760034000
1776760036.787,136.787,0.58,0.59,0.41,0.42,0.01,0.01,76369.91,1776760034000
1776760037.217,137.217,0.58,0.59,0.41,0.42,0.01,0.01,76369.91,1776760034000
1776760037.61,137.61,0.58,0.59,0.41,0.42,0.01,0.01,76370.25,1776760036000
1776760038.028,138.028,0.58,0.59,0.41,0.42,0.01,0.01,76370.25,1776760036000
1776760038.385,138.385,0.58,0.59,0.41,0.42,0.01,0.01,76370.25,1776760036000
1776760038.918,138.918,0.57,0.58,0.42,0.43,0.01,0.01,76369.59,1776760037000
1776760039.544,139.544,0.57,0.58,0.42,0.43,0.01,0.01,76369.71,1776760038000
1776760039.891,139.891,0.57,0.58,0.42,0.43,0.01,0.01,76369.71,1776760038000
1776760040.584,140.584,0.57,0.58,0.42,0.43,0.01,0.01,76369.77,1776760039000
1776760041.029,141.029,0.57,0.58,0.42,0.43,0.01,0.01,76369.77,1776760039000
1776760041.387,141.387,0.57,0.58,0.42,0.43,0.01,0.01,76369.77,1776760039000
1776760041.748,141.748,0.57,0.58,0.42,0.43,0.01,0.01,76369.55,1776760040000
1776760042.155,142.155,0.57,0.58,0.42,0.43,0.01,0.01,76369.55,1776760040000
1776760042.58,142.58,0.57,0.58,0.42,0.43,0.01,0.01,76369.5,1776760041000
1776760043.01,143.01,0.57,0.58,0.42,0.43,0.01,0.01,76369.5,1776760041000
1776760043.37,143.37,0.58,0.59,0.42,0.43,0.01,0.01,76369.5,1776760041000
1776760043.72,143.72,0.58,0.59,0.41,0.42,0.01,0.01,76369.5,1776760041000
1776760044.077,144.077,0.58,0.59,0.41,0.42,0.01,0.01,76369.78,1776760042000
1776760044.598,144.598,0.58,0.59,0.41,0.42,0.01,0.01,76369.78,1776760042000
1776760045.088,145.088,0.58,0.59,0.41,0.42,0.01,0.01,76369.9,1776760043000
1776760045.437,145.437,0.58,0.59,0.41,0.42,0.01,0.01,76369.9,1776760043000
1776760045.845,145.845,0.58,0.59,0.41,0.42,0.01,0.01,76369.93,1776760044000
1776760046.277,146.277,0.58,0.59,0.41,0.42,0.01,0.01,76369.93,1776760044000
1776760046.792,146.792,0.58,0.59,0.41,0.42,0.01,0.01,76370.19,1776760045000
1776760047.665,147.665,0.58,0.59,0.41,0.42,0.01,0.01,76370.19,1776760046000
1776760048.05,148.05,0.58,0.59,0.41,0.42,0.01,0.01,76370.19,1776760046000
1776760048.444,148.444,0.58,0.59,0.41,0.42,0.01,0.01,76370.19,1776760046000
1776760048.807,148.807,0.58,0.59,0.41,0.42,0.01,0.01,76370.41,1776760047000
1776760049.353,149.353,0.58,0.59,0.41,0.42,0.01,0.01,76370.41,1776760047000
1776760049.694,149.694,0.58,0.59,0.41,0.42,0.01,0.01,76370.4,1776760048000
1776760050.029,150.029,0.58,0.59,0.41,0.42,0.01,0.01,76370.4,1776760048000
1776760050.436,150.436,0.57,0.58,0.42,0.43,0.01,0.01,76370.42,1776760049000
1776760050.861,150.861,0.57,0.58,0.42,0.43,0.01,0.01,76370.42,1776760049000
1776760051.308,151.308,0.56,0.58,0.42,0.43,0.02,0.01,76370.42,1776760049000
1776760051.891,151.891,0.56,0.57,0.42,0.44,0.01,0.02,76370.42,1776760049000
1776760052.512,152.512,0.56,0.57,0.43,0.44,0.01,0.01,76368.2,1776760051000
1776760053.229,153.229,0.56,0.57,0.43,0.44,0.01,0.01,76368.2,1776760051000
1776760054.346,154.346,0.56,0.57,0.43,0.44,0.01,0.01,76368.39,1776760053000
1776760054.8,154.8,0.56,0.57,0.43,0.44,0.01,0.01,76368.39,1776760053000
1776760055.375,155.375,0.56,0.57,0.43,0.45,0.01,0.02,76368.39,1776760053000
1776760055.716,155.716,0.56,0.57,0.43,0.44,0.01,0.01,76368.39,1776760053000
1776760056.552,156.552,0.56,0.57,0.43,0.44,0.01,0.01,76368.09,1776760055000
1776760056.936,156.936,0.55,0.56,0.44,0.45,0.01,0.01,76368.09,1776760055000
1776760057.284,157.284,0.54,0.55,0.45,0.46,0.01,0.01,76368.04,1776760056000
1776760058.9,158.9,0.54,0.55,0.45,0.46,0.01,0.01,76368.04,1776760056000
1776760059.503,159.503,0.54,0.55,0.45,0.46,0.01,0.01,76366.51,1776760058000
1776760060.083,160.083,0.54,0.55,0.45,0.46,0.01,0.01,76366.68,1776760059000
1776760060.517,160.517,0.54,0.55,0.45,0.46,0.01,0.01,76366.68,1776760059000
1776760060.974,160.974,0.54,0.55,0.45,0.46,0.01,0.01,76366.68,1776760059000
1776760061.471,161.471,0.54,0.55,0.45,0.46,0.01,0.01,76366.68,1776760059000
1776760061.888,161.888,0.54,0.55,0.45,0.46,0.01,0.01,76366.3,1776760060000
1776760062.274,162.274,0.51,0.54,0.45,0.47,0.03,0.02,76366.3,1776760060000
1776760062.748,162.748,0.51,0.52,0.48,0.49,0.01,0.01,76366.54,1776760061000
1776760063.264,163.264,0.52,0.53,0.47,0.48,0.01,0.01,76366.54,1776760061000
1776760063.849,163.849,0.52,0.53,0.47,0.48,0.01,0.01,76366.14,1776760062000
1776760064.449,164.449,0.52,0.53,0.47,0.48,0.01,0.01,76362.25,1776760063000
1776760065.2,165.2,0.52,0.53,0.47,0.48,0.01,0.01,76362.25,1776760063000
1776760065.584,165.584,0.52,0.53,0.47,0.48,0.01,0.01,76362.25,1776760063000
1776760066.009,166.009,0.5,0.51,0.49,0.5,0.01,0.01,76361.56,1776760064000
1776760066.362,166.362,0.41,0.44,0.56,0.59,0.03,0.03,76361.56,1776760064000
1776760066.695,166.695,0.43,0.44,0.56,0.57,0.01,0.01,76361.56,1776760065000
1776760067.052,167.052,0.43,0.44,0.56,0.57,0.01,0.01,76361.54,1776760066000
1776760067.597,167.597,0.43,0.44,0.56,0.57,0.01,0.01,76361.54,1776760066000
1776760068.112,168.112,0.43,0.44,0.56,0.57,0.01,0.01,76361.54,1776760066000
1776760068.484,168.484,0.43,0.44,0.56,0.57,0.01,0.01,76361.54,1776760066000
1776760068.95,168.95,0.43,0.44,0.56,0.57,0.01,0.01,76353.82,1776760067000
1776760069.366,169.366,0.43,0.44,0.56,0.57,0.01,0.01,76353.78,1776760068000
1776760069.716,169.716,0.43,0.44,0.56,0.57,0.01,0.01,76353.78,1776760068000
1776760070.195,170.195,0.42,0.44,0.56,0.58,0.02,0.02,76352.35,1776760069000
1776760070.715,170.715,0.42,0.43,0.57,0.58,0.01,0.01,76352.35,1776760069000
1776760071.385,171.385,0.42,0.43,0.57,0.58,0.01,0.01,76352.35,1776760069000
1776760071.827,171.827,0.44,0.45,0.55,0.58,0.01,0.03,76352.24,1776760070000
1776760072.263,172.263,0.44,0.45,0.55,0.56,0.01,0.01,76352.17,1776760071000
1776760072.673,172.673,0.44,0.45,0.55,0.56,0.01,0.01,76352.17,1776760071000
1776760073.068,173.068,0.44,0.45,0.55,0.56,0.01,0.01,76352.17,1776760071000
1776760073.621,173.621,0.44,0.45,0.55,0.56,0.01,0.01,76352.17,1776760071000
1776760074.124,174.124,0.44,0.46,0.55,0.56,0.02,0.01,76352.17,1776760071000
1776760074.78,174.78,0.46,0.47,0.53,0.54,0.01,0.01,76352.18,1776760073000
1776760075.133,175.133,0.46,0.47,0.53,0.54,0.01,0.01,76352.18,1776760073000
1776760075.482,175.482,0.46,0.47,0.53,0.54,0.01,0.01,76352.52,1776760074000
1776760075.842,175.842,0.47,0.48,0.52,0.54,0.01,0.02,76352.52,1776760074000
1776760076.244,176.244,0.47,0.48,0.52,0.53,0.01,0.01,76352.69,1776760075000
1776760076.586,176.586,0.47,0.48,0.52,0.53,0.01,0.01,76352.69,1776760075000
1776760076.999,176.999,0.47,0.49,0.48,0.53,0.02,0.05,76352.69,1776760075000
1776760077.37,177.37,0.55,0.58,0.42,0.45,0.03,0.03,76353.78,1776760076000
1776760077.715,177.715,0.57,0.58,0.42,0.43,0.01,0.01,76353.78,1776760076000
1776760078.075,178.075,0.57,0.58,0.42,0.43,0.01,0.01,76353.78,1776760076000
1776760078.734,178.734,0.58,0.6,0.42,0.43,0.02,0.01,76356.83,1776760077000
1776760079.081,179.081,0.67,0.69,0.31,0.33,0.02,0.02,76356.83,1776760077000
1776760079.512,179.512,0.67,0.69,0.32,0.33,0.02,0.01,76362.01,1776760078000
1776760079.92,179.92,0.68,0.71,0.29,0.32,0.03,0.03,76362.01,1776760078000
1776760080.449,180.449,0.7,0.71,0.29,0.3,0.01,0.01,76370.56,1776760079000
1776760080.96,180.96,0.7,0.71,0.29,0.3,0.01,0.01,76373.04,1776760080000
1776760082.092,182.092,0.7,0.71,0.29,0.3,0.01,0.01,76375.7,1776760081000
1776760082.795,182.795,0.7,0.71,0.29,0.3,0.01,0.01,76375.7,1776760081000
1776760083.354,183.354,0.7,0.71,0.29,0.3,0.01,0.01,76375.7,1776760081000
1776760083.828,183.828,0.7,0.71,0.29,0.3,0.01,0.01,76375.73,1776760082000
1776760084.437,184.437,0.7,0.71,0.29,0.3,0.01,0.01,76376.12,1776760083000
1776760084.808,184.808,0.7,0.71,0.29,0.3,0.01,0.01,76376.12,1776760083000
1776760085.183,185.183,0.7,0.71,0.29,0.3,0.01,0.01,76376.12,1776760084000
1776760085.522,185.522,0.7,0.71,0.29,0.3,0.01,0.01,76376.12,1776760084000
1776760085.882,185.882,0.7,0.71,0.29,0.3,0.01,0.01,76376.12,1776760084000
1776760086.242,186.242,0.7,0.71,0.29,0.3,0.01,0.01,76376.12,1776760084000
1776760086.616,186.616,0.7,0.71,0.29,0.3,0.01,0.01,76376.02,1776760085000
1776760087.015,187.015,0.7,0.71,0.29,0.3,0.01,0.01,76376.02,1776760085000
1776760087.349,187.349,0.7,0.71,0.29,0.3,0.01,0.01,76376.02,1776760086000
1776760087.684,187.684,0.7,0.71,0.29,0.3,0.01,0.01,76376.02,1776760086000
1776760088.018,188.018,0.7,0.71,0.29,0.3,0.01,0.01,76376.02,1776760086000
1776760088.652,188.652,0.7,0.71,0.29,0.3,0.01,0.01,76375.99,1776760087000
1776760089.132,189.132,0.7,0.71,0.29,0.3,0.01,0.01,76375.99,1776760087000
1776760089.766,189.766,0.7,0.71,0.29,0.3,0.01,0.01,76376.17,1776760088000
1776760090.175,190.175,0.7,0.71,0.29,0.3,0.01,0.01,76376.17,1776760088000
1776760090.538,190.538,0.7,0.71,0.29,0.3,0.01,0.01,76378.58,1776760089000
1776760090.877,190.877,0.7,0.71,0.29,0.3,0.01,0.01,76378.58,1776760089000
1776760091.764,191.764,0.7,0.71,0.29,0.3,0.01,0.01,76378.7,1776760090000
1776760092.212,192.212,0.74,0.77,0.23,0.26,0.03,0.03,76378.77,1776760091000
1776760093.129,193.129,0.74,0.77,0.23,0.26,0.03,0.03,76379.57,1776760092000
1776760093.585,193.585,0.76,0.77,0.23,0.26,0.01,0.03,76379.57,1776760092000
1776760094.013,194.013,0.76,0.77,0.23,0.24,0.01,0.01,76385.68,1776760093000
1776760094.797,194.797,0.76,0.77,0.23,0.24,0.01,0.01,76385.68,1776760093000
1776760095.247,195.247,0.76,0.77,0.23,0.24,0.01,0.01,76386.04,1776760094000
1776760095.697,195.697,0.76,0.77,0.22,0.24,0.01,0.02,76386.04,1776760094000
1776760096.095,196.095,0.76,0.77,0.23,0.24,0.01,0.01,76386.91,1776760095000
1776760096.523,196.523,0.76,0.77,0.23,0.24,0.01,0.01,76386.91,1776760095000
1776760096.984,196.984,0.75,0.77,0.23,0.25,0.02,0.02,76386.91,1776760095000
1776760097.811,197.811,0.76,0.77,0.24,0.26,0.01,0.02,76387.01,1776760096000
1776760098.153,198.153,0.76,0.77,0.23,0.24,0.01,0.01,76387.07,1776760097000
1776760098.586,198.586,0.76,0.77,0.23,0.24,0.01,0.01,76387.07,1776760097000
1776760098.949,198.949,0.76,0.77,0.23,0.24,0.01,0.01,76387.07,1776760097000
1776760099.311,199.311,0.75,0.76,0.24,0.25,0.01,0.01,76387.23,1776760098000
1776760099.74,199.74,0.75,0.76,0.24,0.25,0.01,0.01,76387.23,1776760098000
1776760100.088,200.088,0.75,0.77,0.23,0.25,0.02,0.02,76387.15,1776760099000
1776760100.549,200.549,0.76,0.77,0.23,0.25,0.01,0.02,76387.15,1776760099000
1776760101.156,201.156,0.76,0.77,0.23,0.25,0.01,0.02,76387.15,1776760099000
1776760101.504,201.504,0.76,0.77,0.23,0.24,0.01,0.01,76387.22,1776760100000
1776760101.842,201.842,0.75,0.77,0.23,0.24,0.02,0.01,76387.22,1776760100000
1776760102.197,202.197,0.76,0.77,0.23,0.25,0.01,0.02,76387.22,1776760100000
1776760102.58,202.58,0.76,0.77,0.23,0.24,0.01,0.01,76387.57,1776760101000
1776760103.029,203.029,0.76,0.77,0.23,0.24,0.01,0.01,76387.57,1776760101000
1776760103.392,203.392,0.76,0.8,0.2,0.24,0.04,0.04,76387.85,1776760102000
1776760103.802,203.802,0.79,0.8,0.19,0.21,0.01,0.02,76387.85,1776760102000
1776760104.465,204.465,0.79,0.8,0.2,0.21,0.01,0.01,76387.85,1776760103000
1776760105.023,205.023,0.79,0.8,0.2,0.21,0.01,0.01,76388.34,1776760104000
1776760105.383,205.383,0.79,0.8,0.2,0.21,0.01,0.01,76388.34,1776760104000
1776760105.774,205.774,0.79,0.8,0.2,0.21,0.01,0.01,76388.34,1776760104000
1776760106.476,206.476,0.79,0.8,0.2,0.21,0.01,0.01,76388.64,1776760105000
1776760107.075,207.075,0.79,0.8,0.2,0.21,0.01,0.01,76388.86,1776760106000
1776760107.533,207.533,0.8,0.81,0.19,0.2,0.01,0.01,76388.86,1776760106000
1776760107.867,207.867,0.8,0.81,0.19,0.2,0.01,0.01,76388.86,1776760106000
1776760108.438,208.438,0.8,0.81,0.19,0.2,0.01,0.01,76389.06,1776760107000
1776760108.88,208.88,0.8,0.81,0.19,0.2,0.01,0.01,76389.06,1776760107000
1776760109.223,209.223,0.8,0.81,0.19,0.2,0.01,0.01,76389.08,1776760108000
1776760109.7,209.7,0.81,0.82,0.18,0.19,0.01,0.01,76389.08,1776760108000
1776760110.259,210.259,0.81,0.82,0.18,0.19,0.01,0.01,76389.08,1776760108000
1776760110.612,210.612,0.81,0.82,0.18,0.19,0.01,0.01,76389.09,1776760109000
1776760111.048,211.048,0.81,0.82,0.18,0.19,0.01,0.01,76389.09,1776760109000
1776760111.489,211.489,0.81,0.82,0.18,0.19,0.01,0.01,76389.14,1776760110000
1776760111.927,211.927,0.81,0.82,0.18,0.19,0.01,0.01,76389.14,1776760110000
1776760112.286,212.286,0.82,0.83,0.17,0.18,0.01,0.01,76389.17,1776760111000
1776760113.029,213.029,0.82,0.83,0.17,0.18,0.01,0.01,76389.21,1776760112000
1776760113.42,213.42,0.82,0.83,0.17,0.18,0.01,0.01,76389.21,1776760112000
1776760113.842,213.842,0.82,0.84,0.17,0.18,0.02,0.01,76389.21,1776760112000
1776760114.478,214.478,0.82,0.83,0.16,0.18,0.01,0.02,76389.24,1776760113000
1776760115.241,215.241,0.82,0.83,0.17,0.18,0.01,0.01,76389.27,1776760114000
1776760115.743,215.743,0.82,0.83,0.17,0.18,0.01,0.01,76389.27,1776760114000
1776760116.105,216.105,0.82,0.83,0.17,0.18,0.01,0.01,76389.27,1776760114000
1776760116.478,216.478,0.74,0.76,0.24,0.26,0.02,0.02,76386.63,1776760115000
1776760116.927,216.927,0.75,0.76,0.24,0.26,0.01,0.02,76386.63,1776760115000
1776760117.282,217.282,0.75,0.76,0.24,0.25,0.01,0.01,76386.63,1776760115000
1776760117.69,217.69,0.75,0.76,0.24,0.25,0.01,0.01,76386.63,1776760115000
1776760118.123,218.123,0.75,0.76,0.24,0.25,0.01,0.01,76386.62,1776760116000
1776760118.565,218.565,0.75,0.76,0.24,0.25,0.01,0.01,76386.47,1776760117000
1776760119.148,219.148,0.75,0.76,0.24,0.25,0.01,0.01,76386.47,1776760117000
1776760119.506,219.506,0.75,0.76,0.24,0.25,0.01,0.01,76385.56,1776760118000
1776760120.098,220.098,0.75,0.76,0.24,0.25,0.01,0.01,76385.56,1776760118000
1776760120.441,220.441,0.75,0.76,0.24,0.25,0.01,0.01,76385.56,1776760118000
1776760120.775,220.775,0.68,0.7,0.3,0.32,0.02,0.02,76385.47,1776760119000
1776760121.112,221.112,0.65,0.66,0.34,0.35,0.01,0.01,76385.47,1776760119000
1776760121.498,221.498,0.64,0.65,0.35,0.36,0.01,0.01,76385.47,1776760119000
1776760121.858,221.858,0.64,0.65,0.35,0.36,0.01,0.01,76385.59,1776760120000
1776760122.265,222.265,0.64,0.65,0.35,0.36,0.01,0.01,76382.1,1776760121000
1776760122.651,222.651,0.64,0.65,0.35,0.36,0.01,0.01,76382.1,1776760121000
1776760123.041,223.041,0.64,0.65,0.35,0.36,0.01,0.01,76382.1,1776760121000
1776760123.627,223.627,0.64,0.65,0.35,0.36,0.01,0.01,76382.1,1776760121000
1776760123.97,223.97,0.64,0.65,0.35,0.36,0.01,0.01,76373.67,1776760122000
1776760124.513,224.513,0.64,0.68,0.35,0.36,0.04,0.01,76373.67,1776760122000
1776760124.919,224.919,0.72,0.75,0.26,0.27,0.03,0.01,76373.61,1776760123000
1776760125.278,225.278,0.74,0.75,0.25,0.26,0.01,0.01,76373.61,1776760123000
1776760125.676,225.676,0.74,0.75,0.25,0.26,0.01,0.01,76373.61,1776760124000
1776760126.085,226.085,0.74,0.75,0.25,0.26,0.01,0.01,76373.61,1776760124000
1776760126.462,226.462,0.74,0.75,0.25,0.26,0.01,0.01,76373.58,1776760125000
1776760126.819,226.819,0.76,0.78,0.22,0.24,0.02,0.02,76373.58,1776760125000
1776760127.314,227.314,0.78,0.79,0.21,0.22,0.01,0.01,76373.58,1776760125000
1776760127.736,227.736,0.78,0.79,0.21,0.22,0.01,0.01,76373.58,1776760125000
1776760128.409,228.409,0.78,0.79,0.21,0.22,0.01,0.01,76377.34,1776760126000
1776760128.762,228.762,0.78,0.79,0.21,0.22,0.01,0.01,76377.76,1776760127000
1776760129.323,229.323,0.78,0.79,0.21,0.22,0.01,0.01,76378.05,1776760128000
1776760129.729,229.729,0.78,0.79,0.21,0.22,0.01,0.01,76378.05,1776760128000
1776760130.146,230.146,0.83,0.84,0.16,0.17,0.01,0.01,76378.05,1776760128000
1776760130.488,230.488,0.85,0.86,0.14,0.17,0.01,0.03,76378.05,1776760128000
1776760130.908,230.908,0.85,0.86,0.14,0.15,0.01,0.01,76378.05,1776760128000
1776760131.309,231.309,0.85,0.86,0.14,0.15,0.01,0.01,76378.24,1776760129000
1776760131.651,231.651,0.85,0.86,0.14,0.15,0.01,0.01,76378.3,1776760130000
1776760131.993,231.993,0.85,0.86,0.14,0.15,0.01,0.01,76378.3,1776760130000
1776760132.423,232.423,0.85,0.86,0.14,0.15,0.01,0.01,76383.65,1776760131000
1776760133.136,233.136,0.85,0.86,0.14,0.15,0.01,0.01,76383.65,1776760131000
1776760133.519,233.519,0.85,0.86,0.14,0.15,0.01,0.01,76385.2,1776760132000
1776760133.86,233.86,0.84,0.86,0.14,0.15,0.02,0.01,76385.2,1776760132000
1776760134.277,234.277,0.84,0.85,0.15,0.16,0.01,0.01,76385.2,1776760132000
1776760134.635,234.635,0.84,0.85,0.15,0.16,0.01,0.01,76385.2,1776760132000
1776760135.091,235.091,0.84,0.85,0.15,0.16,0.01,0.01,76385.24,1776760133000
1776760135.469,235.469,0.84,0.85,0.15,0.16,0.01,0.01,76385.24,1776760133000
1776760135.89,235.89,0.84,0.85,0.15,0.16,0.01,0.01,76386.56,1776760134000
1776760136.227,236.227,0.86,0.88,0.12,0.14,0.02,0.02,76386.56,1776760134000
1776760136.58,236.58,0.87,0.88,0.12,0.13,0.01,0.01,76386.57,1776760135000
1776760136.939,236.939,0.87,0.88,0.12,0.13,0.01,0.01,76385.9,1776760136000
1776760137.276,237.276,0.88,0.9,0.1,0.12,0.02,0.02,76385.9,1776760136000
1776760137.666,237.666,0.9,0.91,0.09,0.11,0.01,0.02,76385.9,1776760136000
1776760138.006,238.006,0.9,0.91,0.09,0.1,0.01,0.01,76392.18,1776760137000
1776760138.432,238.432,0.9,0.91,0.09,0.1,0.01,0.01,76392.18,1776760137000
1776760138.903,238.903,0.9,0.91,0.09,0.1,0.01,0.01,76392.18,1776760137000
1776760139.258,239.258,0.9,0.91,0.09,0.1,0.01,0.01,76397.36,1776760138000
1776760139.623,239.623,0.9,0.91,0.09,0.1,0.01,0.01,76397.36,1776760138000
1776760139.977,239.977,0.9,0.91,0.09,0.1,0.01,0.01,76397.46,1776760139000
1776760140.336,240.336,0.9,0.91,0.09,0.1,0.01,0.01,76397.46,1776760139000
1776760140.812,240.812,0.91,0.92,0.08,0.09,0.01,0.01,76397.46,1776760139000
1776760141.234,241.234,0.91,0.92,0.08,0.09,0.01,0.01,76397.65,1776760140000
1776760141.575,241.575,0.91,0.92,0.08,0.09,0.01,0.01,76397.65,1776760140000
1776760141.938,241.938,0.91,0.92,0.08,0.09,0.01,0.01,76397.81,1776760141000
1776760142.32,242.32,0.91,0.92,0.08,0.09,0.01,0.01,76397.81,1776760141000
1776760142.775,242.775,0.91,0.92,0.08,0.09,0.01,0.01,76397.81,1776760141000
1776760143.127,243.127,0.91,0.92,0.08,0.09,0.01,0.01,76398.32,1776760142000
1776760143.476,243.476,0.91,0.92,0.08,0.09,0.01,0.01,76398.32,1776760142000
1776760143.824,243.824,0.87,0.89,0.09,0.12,0.02,0.03,76398.32,1776760142000
1776760144.209,244.209,0.87,0.88,0.12,0.13,0.01,0.01,76398.56,1776760143000
1776760144.548,244.548,0.87,0.88,0.12,0.13,0.01,0.01,76398.56,1776760143000
1776760144.917,244.917,0.87,0.88,0.12,0.13,0.01,0.01,76398.56,1776760143000
1776760145.29,245.29,0.87,0.88,0.12,0.13,0.01,0.01,76398.81,1776760144000
1776760145.668,245.668,0.88,0.89,0.11,0.12,0.01,0.01,76398.81,1776760144000
1776760146.161,246.161,0.89,0.9,0.1,0.12,0.01,0.02,76398.05,1776760145000
1776760146.621,246.621,0.9,0.91,0.09,0.1,0.01,0.01,76398.05,1776760145000
1776760147.111,247.111,0.9,0.91,0.09,0.1,0.01,0.01,76397.98,1776760146000
1776760147.503,247.503,0.9,0.91,0.09,0.1,0.01,0.01,76397.98,1776760146000
1776760147.858,247.858,0.9,0.91,0.09,0.1,0.01,0.01,76397.98,1776760146000
1776760148.232,248.232,0.89,0.9,0.1,0.11,0.01,0.01,76398.06,1776760147000
1776760148.687,248.687,0.89,0.9,0.1,0.11,0.01,0.01,76398.06,1776760147000
1776760149.051,249.051,0.9,0.91,0.1,0.11,0.01,0.01,76398.06,1776760147000
1776760149.606,249.606,0.9,0.91,0.09,0.1,0.01,0.01,76398.06,1776760147000
1776760149.968,249.968,0.9,0.91,0.09,0.1,0.01,0.01,76398.7,1776760148000
1776760150.33,250.33,0.9,0.91,0.07,0.1,0.01,0.03,76397.28,1776760149000
1776760150.995,250.995,0.91,0.92,0.08,0.09,0.01,0.01,76397.28,1776760150000
1776760151.369,251.369,0.91,0.92,0.08,0.09,0.01,0.01,76397.28,1776760150000
1776760151.802,251.802,0.91,0.92,0.08,0.09,0.01,0.01,76397.28,1776760150000
1776760152.167,252.167,0.91,0.92,0.08,0.09,0.01,0.01,76397.41,1776760151000
1776760152.506,252.506,0.9,0.91,0.09,0.1,0.01,0.01,76397.41,1776760151000
1776760152.876,252.876,0.9,0.91,0.09,0.1,0.01,0.01,76397.41,1776760151000
1776760153.336,253.336,0.9,0.91,0.09,0.1,0.01,0.01,76397.43,1776760152000
1776760153.803,253.803,0.9,0.91,0.09,0.1,0.01,0.01,76397.43,1776760152000
1776760154.212,254.212,0.91,0.92,0.08,0.09,0.01,0.01,76397.43,1776760152000
1776760154.651,254.651,0.91,0.92,0.08,0.09,0.01,0.01,76397.7,1776760153000
1776760155.053,255.053,0.91,0.92,0.08,0.09,0.01,0.01,76397.7,1776760153000
1776760155.471,255.471,0.91,0.92,0.08,0.09,0.01,0.01,76397.69,1776760154000
1776760155.828,255.828,0.91,0.92,0.08,0.09,0.01,0.01,76397.69,1776760154000
1776760156.185,256.185,0.91,0.92,0.08,0.09,0.01,0.01,76397.74,1776760155000
1776760156.576,256.576,0.91,0.92,0.08,0.09,0.01,0.01,76397.74,1776760155000
1776760157.001,257.001,0.91,0.92,0.08,0.09,0.01,0.01,76397.74,1776760155000
1776760157.465,257.465,0.91,0.92,0.08,0.09,0.01,0.01,76396.21,1776760156000
1776760157.83,257.83,0.91,0.92,0.08,0.09,0.01,0.01,76396.21,1776760156000
1776760158.166,258.166,0.88,0.9,0.08,0.11,0.02,0.03,76395.8,1776760157000
1776760158.52,258.52,0.91,0.92,0.09,0.1,0.01,0.01,76395.8,1776760157000
1776760158.876,258.876,0.91,0.92,0.08,0.09,0.01,0.01,76395.8,1776760157000
1776760159.211,259.211,0.92,0.93,0.07,0.08,0.01,0.01,76396.01,1776760158000
1776760159.602,259.602,0.93,0.94,0.06,0.07,0.01,0.01,76396.01,1776760158000
1776760159.956,259.956,0.94,0.95,0.05,0.06,0.01,0.01,76396.01,1776760158000
1776760160.295,260.295,0.94,0.95,0.05,0.06,0.01,0.01,76397.43,1776760159000
1776760160.667,260.667,0.94,0.96,0.05,0.06,0.02,0.01,76397.43,1776760159000
1776760161.003,261.003,0.95,0.96,0.04,0.05,0.01,0.01,76397.43,1776760159000
1776760161.357,261.357,0.95,0.96,0.04,0.05,0.01,0.01,76397.27,1776760160000
1776760161.707,261.707,0.95,0.96,0.04,0.05,0.01,0.01,76397.27,1776760160000
1776760162.062,262.062,0.95,0.96,0.04,0.05,0.01,0.01,76397.27,1776760160000
1776760162.402,262.402,0.95,0.96,0.04,0.05,0.01,0.01,76397.27,1776760160000
1776760162.836,262.836,0.95,0.96,0.04,0.05,0.01,0.01,76396.01,1776760161000
1776760163.269,263.269,0.95,0.96,0.04,0.05,0.01,0.01,76394.6,1776760162000
1776760163.663,263.663,0.95,0.96,0.04,0.05,0.01,0.01,76394.6,1776760162000
1776760164.081,264.081,0.95,0.96,0.04,0.05,0.01,0.01,76393.36,1776760163000
1776760164.553,264.553,0.95,0.96,0.04,0.05,0.01,0.01,76393.36,1776760163000
1776760164.97,264.97,0.95,0.96,0.04,0.05,0.01,0.01,76393.36,1776760163000
1776760165.333,265.333,0.95,0.96,0.04,0.05,0.01,0.01,76393.16,1776760164000
1776760166.029,266.029,0.95,0.96,0.04,0.05,0.01,0.01,76393.16,1776760164000
1776760166.462,266.462,0.95,0.97,0.04,0.05,0.02,0.01,76394.26,1776760165000
1776760166.86,266.86,0.96,0.97,0.03,0.05,0.01,0.02,76394.26,1776760165000
1776760167.348,267.348,0.96,0.97,0.03,0.04,0.01,0.01,76397.69,1776760166000
1776760167.691,267.691,0.96,0.97,0.03,0.04,0.01,0.01,76397.69,1776760166000
1776760168.09,268.09,0.96,0.97,0.03,0.04,0.01,0.01,76397.72,1776760167000
1776760168.562,268.562,0.96,0.97,0.03,0.04,0.01,0.01,76397.72,1776760167000
1776760168.96,268.96,0.96,0.97,0.03,0.04,0.01,0.01,76394.26,1776760168000
1776760169.37,269.37,0.96,0.97,0.03,0.04,0.01,0.01,76394.26,1776760168000
1776760169.915,269.915,0.96,0.97,0.03,0.04,0.01,0.01,76394.26,1776760168000
1776760170.404,270.404,0.96,0.97,0.03,0.04,0.01,0.01,76397.28,1776760169000
1776760170.767,270.767,0.96,0.97,0.03,0.04,0.01,0.01,76397.28,1776760169000
1776760171.367,271.367,0.96,0.97,0.03,0.04,0.01,0.01,76397.29,1776760170000
1776760171.807,271.807,0.96,0.97,0.03,0.04,0.01,0.01,76397.29,1776760170000
1776760172.166,272.166,0.96,0.97,0.03,0.04,0.01,0.01,76397.23,1776760171000
1776760172.743,272.743,0.96,0.97,0.03,0.04,0.01,0.01,76397.23,1776760171000
1776760173.132,273.132,0.96,0.97,0.03,0.04,0.01,0.01,76397.31,1776760172000
1776760173.469,273.469,0.96,0.97,0.03,0.04,0.01,0.01,76397.31,1776760172000
1776760173.835,273.835,0.96,0.97,0.03,0.04,0.01,0.01,76397.31,1776760172000
1776760174.402,274.402,0.96,0.97,0.03,0.04,0.01,0.01,76397.28,1776760173000
1776760174.856,274.856,0.96,0.97,0.03,0.04,0.01,0.01,76397.28,1776760173000
1776760175.204,275.204,0.94,0.95,0.05,0.06,0.01,0.01,76394.13,1776760174000
1776760175.554,275.554,0.94,0.95,0.05,0.06,0.01,0.01,76394.13,1776760174000
1776760175.895,275.895,0.87,0.92,0.08,0.09,0.05,0.01,76394.13,1776760174000
1776760176.235,276.235,0.86,0.87,0.13,0.14,0.01,0.01,76394.13,1776760174000
1776760176.646,276.646,0.82,0.85,0.17,0.18,0.03,0.01,76394.12,1776760175000
1776760177.034,277.034,0.86,0.87,0.12,0.16,0.01,0.04,76394.12,1776760175000
1776760177.369,277.369,0.86,0.87,0.13,0.14,0.01,0.01,76394.12,1776760175000
1776760177.71,277.71,0.87,0.88,0.12,0.13,0.01,0.01,76387.19,1776760176000
1776760178.056,278.056,0.87,0.88,0.12,0.13,0.01,0.01,76387.19,1776760176000
1776760178.518,278.518,0.9,0.91,0.09,0.1,0.01,0.01,76382.93,1776760177000
1776760178.912,278.912,0.91,0.92,0.08,0.09,0.01,0.01,76382.93,1776760177000
1776760179.253,279.253,0.91,0.92,0.08,0.09,0.01,0.01,76382.87,1776760178000
1776760179.865,279.865,0.89,0.9,0.08,0.1,0.01,0.02,76382.87,1776760178000
1776760180.263,280.263,0.89,0.9,0.1,0.11,0.01,0.01,76382.87,1776760178000
1776760180.616,280.616,0.78,0.79,0.21,0.22,0.01,0.01,76382.79,1776760179000
1776760180.949,280.949,0.78,0.79,0.21,0.22,0.01,0.01,76382.79,1776760179000
1776760181.32,281.32,0.83,0.85,0.16,0.17,0.02,0.01,76382.55,1776760180000
1776760181.736,281.736,0.85,0.86,0.14,0.15,0.01,0.01,76382.55,1776760180000
1776760182.312,282.312,0.88,0.91,0.12,0.13,0.03,0.01,76382.55,1776760180000
1776760182.698,282.698,0.89,0.9,0.1,0.11,0.01,0.01,76377.62,1776760181000
1776760183.035,283.035,0.89,0.9,0.1,0.11,0.01,0.01,76377.62,1776760182000
1776760183.441,283.441,0.9,0.91,0.09,0.1,0.01,0.01,76377.62,1776760182000
1776760183.829,283.829,0.88,0.9,0.11,0.12,0.02,0.01,76377.62,1776760182000
1776760184.374,284.374,0.89,0.9,0.1,0.11,0.01,0.01,76377.62,1776760182000
1776760184.718,284.718,0.89,0.9,0.1,0.11,0.01,0.01,76377.7,1776760183000
1776760185.126,285.126,0.89,0.91,0.09,0.1,0.02,0.01,76378.23,1776760184000
1776760185.549,285.549,0.9,0.91,0.09,0.1,0.01,0.01,76378.23,1776760184000
1776760185.897,285.897,0.9,0.91,0.09,0.1,0.01,0.01,76378.23,1776760184000
1776760186.244,286.244,0.9,0.91,0.09,0.1,0.01,0.01,76378.23,1776760184000
1776760186.615,286.615,0.9,0.91,0.09,0.1,0.01,0.01,76378.22,1776760185000
1776760186.981,286.981,0.9,0.91,0.09,0.1,0.01,0.01,76378.22,1776760185000
1776760187.385,287.385,0.93,0.94,0.06,0.1,0.01,0.04,76378.22,1776760186000
1776760187.724,287.724,0.95,0.97,0.03,0.06,0.02,0.03,76378.22,1776760186000
1776760188.164,288.164,0.96,0.97,0.03,0.04,0.01,0.01,76378.22,1776760186000
1776760188.578,288.578,0.96,0.97,0.03,0.04,0.01,0.01,76378.22,1776760186000
1776760188.937,288.937,0.96,0.97,0.03,0.04,0.01,0.01,76378.34,1776760187000
1776760189.337,289.337,0.96,0.97,0.03,0.04,0.01,0.01,76378.34,1776760188000
1776760189.848,289.848,0.96,0.97,0.03,0.04,0.01,0.01,76378.34,1776760188000
1776760190.373,290.373,0.94,0.96,0.04,0.05,0.02,0.01,76378.34,1776760188000
1776760190.766,290.766,0.95,0.97,0.04,0.05,0.02,0.01,76379.98,1776760189000
1776760191.137,291.137,0.96,0.97,0.03,0.05,0.01,0.02,76379.98,1776760189000
1776760191.499,291.499,0.97,0.98,0.02,0.03,0.01,0.01,76380.37,1776760190000
1776760191.859,291.859,0.97,0.98,0.02,0.03,0.01,0.01,76380.37,1776760190000
1776760192.239,292.239,0.97,0.98,0.02,0.03,0.01,0.01,76380.37,1776760190000
1776760192.576,292.576,0.97,0.98,0.02,0.03,0.01,0.01,76380.37,1776760190000
1776760192.946,292.946,0.97,0.98,0.02,0.03,0.01,0.01,76380.37,1776760190000
1776760193.29,293.29,0.98,0.99,0.01,0.02,0.01,0.01,76379.01,1776760192000
1776760193.64,293.64,0.98,0.99,0.01,0.02,0.01,0.01,76379.01,1776760192000
1776760193.994,293.994,0.98,0.99,0.01,0.02,0.01,0.01,76379.01,1776760192000
1776760194.338,294.338,0.98,0.99,0.01,0.02,0.01,0.01,76379.51,1776760193000
1776760194.674,294.674,0.98,0.99,0.01,0.02,0.01,0.01,76379.51,1776760193000
1776760195.142,295.142,0.98,0.99,0.01,0.02,0.01,0.01,76379.51,1776760193000
1776760195.483,295.483,0.98,0.99,0.01,0.02,0.01,0.01,76376.57,1776760194000
1776760195.82,295.82,0.98,0.99,0.01,0.02,0.01,0.01,76376.57,1776760194000
1776760196.158,296.158,0.98,0.99,0.01,0.02,0.01,0.01,76376.57,1776760194000
1776760196.498,296.498,0.98,0.99,0.01,0.02,0.01,0.01,76379.32,1776760195000
1776760196.859,296.859,0.98,0.99,0.01,0.02,0.01,0.01,76379.32,1776760195000
1776760197.194,297.194,0.98,0.99,0.01,0.02,0.01,0.01,76379.32,1776760195000
1776760197.607,297.607,0.99,0.99,0.01,0.02,0.0,0.01,76377.51,1776760196000
1776760198.012,298.012,0.99,0.99,0.01,0.01,0.0,0.0,76377.51,1776760196000
1776760198.965,298.965,0.99,0.99,0.01,0.01,0.0,0.0,76375.63,1776760198000
1776760199.431,299.431,0.99,0.99,0.01,0.01,0.0,0.0,76375.63,1776760198000
1776760199.939,299.939,0.99,0.99,0.01,0.01,0.0,0.0,76375.63,1776760199000
1776760200.363,300.363,0.99,0.99,0.01,0.01,0.0,0.0,76375.63,1776760199000

# RESULT,winner=Up,slug=btc-updown-5m-1776759900,ticks=672
