timestamp,elapsed_sec,up_bid,up_ask,down_bid,down_ask,up_spread,down_spread,btc_price,btc_oracle_ts
1775954700.517,0.517,0.49,0.51,0.49,0.5,0.02,0.01,73060.39,1775954699000
1775954701.015,1.015,0.54,0.55,0.45,0.48,0.01,0.03,73060.39,1775954699000
1775954701.429,1.429,0.54,0.55,0.45,0.46,0.01,0.01,73046.82,1775954700000
1775954701.768,1.768,0.53,0.55,0.45,0.46,0.02,0.01,73046.82,1775954700000
1775954702.12,2.12,0.54,0.55,0.45,0.46,0.01,0.01,73045.73,1775954701000
1775954702.513,2.513,0.6,0.61,0.39,0.41,0.01,0.02,73045.73,1775954701000
1775954702.871,2.871,0.61,0.62,0.38,0.39,0.01,0.01,73048.72,1775954702000
1775954703.224,3.224,0.61,0.67,0.38,0.39,0.06,0.01,73048.72,1775954702000
1775954703.592,3.592,0.63,0.64,0.36,0.37,0.01,0.01,73048.72,1775954702000
1775954703.987,3.987,0.63,0.64,0.36,0.37,0.01,0.01,73048.72,1775954702000
1775954704.422,4.422,0.63,0.64,0.36,0.37,0.01,0.01,73052.79,1775954703000
1775954704.844,4.844,0.63,0.64,0.36,0.37,0.01,0.01,73052.79,1775954703000
1775954705.314,5.314,0.62,0.63,0.36,0.37,0.01,0.01,73052.79,1775954703000
1775954705.659,5.659,0.62,0.63,0.36,0.38,0.01,0.02,73054.36,1775954704000
1775954706.115,6.115,0.63,0.64,0.36,0.37,0.01,0.01,73054.36,1775954704000
1775954706.77,6.77,0.62,0.63,0.37,0.38,0.01,0.01,73055.6,1775954705000
1775954707.155,7.155,0.61,0.63,0.37,0.39,0.02,0.02,73055.6,1775954706000
1775954707.526,7.526,0.62,0.64,0.37,0.38,0.02,0.01,73055.6,1775954706000
1775954708.156,8.156,0.64,0.65,0.35,0.36,0.01,0.01,73055.23,1775954707000
1775954708.579,8.579,0.64,0.7,0.35,0.36,0.06,0.01,73055.23,1775954707000
1775954709.059,9.059,0.68,0.69,0.31,0.32,0.01,0.01,73055.23,1775954707000
1775954709.437,9.437,0.71,0.72,0.28,0.31,0.01,0.03,73055.24,1775954708000
1775954709.797,9.797,0.72,0.73,0.27,0.28,0.01,0.01,73055.24,1775954708000
1775954710.193,10.193,0.7,0.71,0.29,0.3,0.01,0.01,73055.6,1775954709000
1775954710.829,10.829,0.69,0.7,0.3,0.31,0.01,0.01,73055.6,1775954709000
1775954711.25,11.25,0.66,0.67,0.33,0.34,0.01,0.01,73055.6,1775954709000
1775954711.591,11.591,0.67,0.69,0.31,0.33,0.02,0.02,73056.97,1775954710000
1775954712.199,12.199,0.69,0.7,0.3,0.31,0.01,0.01,73057.06,1775954711000
1775954712.991,12.991,0.68,0.69,0.3,0.31,0.01,0.01,73057.06,1775954711000
1775954713.378,13.378,0.68,0.69,0.31,0.32,0.01,0.01,73057.14,1775954712000
1775954713.883,13.883,0.68,0.69,0.31,0.32,0.01,0.01,73057.14,1775954712000
1775954714.283,14.283,0.69,0.7,0.3,0.31,0.01,0.01,73057.98,1775954713000
1775954714.646,14.646,0.69,0.7,0.3,0.31,0.01,0.01,73057.98,1775954713000
1775954714.985,14.985,0.68,0.75,0.3,0.31,0.07,0.01,73057.98,1775954713000
1775954715.321,15.321,0.68,0.69,0.31,0.32,0.01,0.01,73058.73,1775954714000
1775954715.688,15.688,0.68,0.69,0.31,0.32,0.01,0.01,73058.73,1775954714000
1775954716.028,16.028,0.68,0.69,0.31,0.32,0.01,0.01,73058.73,1775954714000
1775954716.414,16.414,0.68,0.69,0.31,0.32,0.01,0.01,73058.73,1775954715000
1775954716.787,16.787,0.68,0.69,0.31,0.32,0.01,0.01,73058.73,1775954715000
1775954717.131,17.131,0.68,0.69,0.31,0.32,0.01,0.01,73058.73,1775954715000
1775954717.632,17.632,0.68,0.75,0.31,0.32,0.07,0.01,73058.77,1775954716000
1775954718.2,18.2,0.68,0.69,0.31,0.32,0.01,0.01,73058.77,1775954716000
1775954718.68,18.68,0.68,0.69,0.31,0.32,0.01,0.01,73058.77,1775954717000
1775954719.035,19.035,0.68,0.69,0.31,0.32,0.01,0.01,73058.77,1775954717000
1775954719.691,19.691,0.69,0.7,0.3,0.31,0.01,0.01,73058.78,1775954718000
1775954720.229,20.229,0.69,0.7,0.3,0.31,0.01,0.01,73058.74,1775954719000
1775954721.015,21.015,0.68,0.76,0.3,0.32,0.08,0.02,73058.74,1775954719000
1775954721.361,21.361,0.69,0.72,0.28,0.3,0.03,0.02,73058.78,1775954720000
1775954721.813,21.813,0.7,0.71,0.29,0.3,0.01,0.01,73058.78,1775954720000
1775954722.226,22.226,0.7,0.71,0.29,0.3,0.01,0.01,73058.78,1775954720000
1775954722.674,22.674,0.71,0.72,0.28,0.29,0.01,0.01,73058.79,1775954721000
1775954723.14,23.14,0.7,0.71,0.29,0.3,0.01,0.01,73058.84,1775954722000
1775954723.479,23.479,0.7,0.71,0.29,0.3,0.01,0.01,73058.84,1775954722000
1775954723.818,23.818,0.7,0.71,0.29,0.3,0.01,0.01,73058.84,1775954722000
1775954724.245,24.245,0.7,0.71,0.29,0.3,0.01,0.01,73058.84,1775954723000
1775954724.631,24.631,0.7,0.71,0.29,0.3,0.01,0.01,73058.84,1775954723000
1775954724.971,24.971,0.7,0.71,0.29,0.3,0.01,0.01,73058.84,1775954724000
1775954725.873,25.873,0.69,0.7,0.28,0.31,0.01,0.03,73058.84,1775954724000
1775954726.226,26.226,0.69,0.71,0.29,0.3,0.02,0.01,73058.84,1775954725000
1775954726.745,26.745,0.68,0.79,0.31,0.32,0.11,0.01,73058.84,1775954725000
1775954727.251,27.251,0.7,0.71,0.29,0.3,0.01,0.01,73059.07,1775954726000
1775954727.641,27.641,0.7,0.71,0.29,0.3,0.01,0.01,73059.07,1775954726000
1775954728.098,28.098,0.68,0.79,0.29,0.32,0.11,0.03,73059.07,1775954727000
1775954728.575,28.575,0.72,0.73,0.27,0.3,0.01,0.03,73059.07,1775954727000
1775954728.936,28.936,0.71,0.72,0.27,0.29,0.01,0.02,73059.07,1775954727000
1775954729.274,29.274,0.71,0.72,0.28,0.29,0.01,0.01,73059.07,1775954728000
1775954729.81,29.81,0.73,0.74,0.26,0.27,0.01,0.01,73059.07,1775954728000
1775954730.52,30.52,0.73,0.74,0.26,0.27,0.01,0.01,73059.07,1775954729000
1775954730.96,30.96,0.72,0.73,0.27,0.28,0.01,0.01,73059.07,1775954729000
1775954731.335,31.335,0.73,0.74,0.26,0.27,0.01,0.01,73059.07,1775954730000
1775954731.731,31.731,0.73,0.74,0.26,0.27,0.01,0.01,73059.07,1775954730000
1775954732.077,32.077,0.72,0.73,0.27,0.28,0.01,0.01,73059.07,1775954730000
1775954732.447,32.447,0.72,0.73,0.27,0.28,0.01,0.01,73060.14,1775954731000
1775954732.828,32.828,0.74,0.75,0.25,0.26,0.01,0.01,73060.14,1775954731000
1775954733.17,33.17,0.74,0.75,0.25,0.26,0.01,0.01,73060.14,1775954731000
1775954733.739,33.739,0.73,0.74,0.26,0.27,0.01,0.01,73060.16,1775954732000
1775954734.126,34.126,0.62,0.76,0.24,0.38,0.14,0.14,73060.14,1775954733000
1775954734.499,34.499,0.69,0.7,0.26,0.38,0.01,0.12,73060.14,1775954733000
1775954734.841,34.841,0.69,0.7,0.3,0.31,0.01,0.01,73060.14,1775954733000
1775954735.211,35.211,0.69,0.7,0.3,0.31,0.01,0.01,73060.14,1775954733000
1775954735.603,35.603,0.68,0.69,0.31,0.32,0.01,0.01,73060.14,1775954733000
1775954736.256,36.256,0.7,0.71,0.29,0.3,0.01,0.01,73060.24,1775954735000
1775954736.644,36.644,0.72,0.73,0.27,0.3,0.01,0.03,73060.24,1775954735000
1775954737.103,37.103,0.73,0.74,0.26,0.27,0.01,0.01,73060.24,1775954735000
1775954737.508,37.508,0.74,0.75,0.25,0.26,0.01,0.01,73060.24,1775954735000
1775954737.993,37.993,0.75,0.76,0.24,0.25,0.01,0.01,73060.25,1775954736000
1775954738.444,38.444,0.75,0.76,0.24,0.25,0.01,0.01,73060.25,1775954737000
1775954739.12,39.12,0.75,0.76,0.24,0.25,0.01,0.01,73060.25,1775954737000
1775954739.515,39.515,0.75,0.76,0.24,0.25,0.01,0.01,73060.49,1775954738000
1775954739.857,39.857,0.75,0.76,0.24,0.25,0.01,0.01,73060.49,1775954738000
1775954740.285,40.285,0.75,0.76,0.24,0.25,0.01,0.01,73060.6,1775954739000
1775954740.756,40.756,0.71,0.73,0.27,0.28,0.02,0.01,73060.6,1775954739000
1775954741.152,41.152,0.71,0.72,0.28,0.29,0.01,0.01,73061.59,1775954740000
1775954741.577,41.577,0.71,0.72,0.28,0.29,0.01,0.01,73061.59,1775954740000
1775954742.073,42.073,0.71,0.72,0.28,0.29,0.01,0.01,73061.59,1775954741000
1775954742.415,42.415,0.69,0.7,0.28,0.37,0.01,0.09,73061.59,1775954741000
1775954743.205,43.205,0.67,0.68,0.32,0.33,0.01,0.01,73061.56,1775954742000
1775954743.576,43.576,0.67,0.68,0.32,0.33,0.01,0.01,73061.56,1775954742000
1775954744.238,44.238,0.67,0.72,0.32,0.33,0.05,0.01,73061.56,1775954742000
1775954744.727,44.727,0.68,0.69,0.31,0.32,0.01,0.01,73061.55,1775954743000
1775954745.093,45.093,0.68,0.69,0.31,0.32,0.01,0.01,73061.55,1775954743000
1775954746.124,46.124,0.69,0.7,0.3,0.31,0.01,0.01,73061.56,1775954744000
1775954746.485,46.485,0.71,0.72,0.29,0.31,0.01,0.02,73061.56,1775954744000
1775954746.828,46.828,0.73,0.81,0.26,0.27,0.08,0.01,73061.57,1775954745000
1775954747.161,47.161,0.75,0.76,0.24,0.25,0.01,0.01,73061.55,1775954746000
1775954747.665,47.665,0.75,0.76,0.24,0.25,0.01,0.01,73061.55,1775954746000
1775954748.143,48.143,0.75,0.81,0.24,0.25,0.06,0.01,73061.55,1775954746000
1775954748.52,48.52,0.76,0.79,0.2,0.24,0.03,0.04,73061.57,1775954747000
1775954749.043,49.043,0.75,0.76,0.24,0.25,0.01,0.01,73061.57,1775954747000
1775954749.42,49.42,0.76,0.77,0.23,0.24,0.01,0.01,73061.57,1775954747000
1775954749.831,49.831,0.74,0.75,0.24,0.25,0.01,0.01,73065.89,1775954748000
1775954750.296,50.296,0.74,0.75,0.25,0.26,0.01,0.01,73065.89,1775954748000
1775954750.697,50.697,0.74,0.75,0.25,0.26,0.01,0.01,73066.14,1775954749000
1775954751.161,51.161,0.74,0.75,0.25,0.26,0.01,0.01,73066.14,1775954750000
1775954751.644,51.644,0.73,0.75,0.25,0.26,0.02,0.01,73066.14,1775954750000
1775954752.085,52.085,0.73,0.75,0.25,0.27,0.02,0.02,73067.39,1775954751000
1775954752.424,52.424,0.73,0.75,0.26,0.27,0.02,0.01,73067.39,1775954751000
1775954753.238,53.238,0.74,0.75,0.25,0.26,0.01,0.01,73067.39,1775954751000
1775954753.572,53.572,0.74,0.75,0.25,0.26,0.01,0.01,73067.24,1775954752000
1775954754.074,54.074,0.74,0.75,0.25,0.26,0.01,0.01,73067.24,1775954752000
1775954754.748,54.748,0.73,0.75,0.25,0.26,0.02,0.01,73067.25,1775954753000
1775954755.097,55.097,0.74,0.75,0.25,0.27,0.01,0.02,73067.25,1775954754000
1775954755.435,55.435,0.79,0.8,0.2,0.21,0.01,0.01,73067.25,1775954754000
1775954755.792,55.792,0.79,0.8,0.2,0.21,0.01,0.01,73067.25,1775954754000
1775954756.143,56.143,0.73,0.74,0.26,0.27,0.01,0.01,73067.26,1775954755000
1775954756.7,56.7,0.75,0.76,0.24,0.25,0.01,0.01,73067.26,1775954755000
1775954757.037,57.037,0.76,0.77,0.23,0.25,0.01,0.02,73067.26,1775954755000
1775954757.371,57.371,0.77,0.78,0.22,0.23,0.01,0.01,73067.14,1775954756000
1775954757.745,57.745,0.74,0.79,0.22,0.26,0.05,0.04,73067.14,1775954756000
1775954758.293,58.293,0.73,0.74,0.26,0.27,0.01,0.01,73067.23,1775954757000
1775954758.912,58.912,0.72,0.74,0.26,0.27,0.02,0.01,73067.23,1775954757000
1775954759.314,59.314,0.72,0.73,0.27,0.28,0.01,0.01,73065.92,1775954758000
1775954759.866,59.866,0.72,0.73,0.27,0.28,0.01,0.01,73065.92,1775954758000
1775954760.241,60.241,0.72,0.73,0.27,0.28,0.01,0.01,73065.92,1775954758000
1775954760.673,60.673,0.74,0.75,0.18,0.27,0.01,0.09,73065.06,1775954759000
1775954761.016,61.016,0.75,0.76,0.24,0.25,0.01,0.01,73065.06,1775954759000
1775954761.546,61.546,0.77,0.78,0.2,0.25,0.01,0.05,73063.81,1775954760000
1775954762.244,62.244,0.77,0.78,0.15,0.23,0.01,0.08,73063.81,1775954760000
1775954762.585,62.585,0.77,0.78,0.22,0.23,0.01,0.01,73063.71,1775954761000
1775954763.136,63.136,0.77,0.78,0.22,0.23,0.01,0.01,73063.71,1775954761000
1775954763.622,63.622,0.77,0.78,0.22,0.23,0.01,0.01,73063.71,1775954761000
1775954764.074,64.074,0.77,0.84,0.22,0.23,0.07,0.01,73063.71,1775954761000
1775954764.456,64.456,0.77,0.78,0.22,0.23,0.01,0.01,73063.71,1775954761000
1775954764.93,64.93,0.77,0.78,0.22,0.23,0.01,0.01,73063.72,1775954763000
1775954765.399,65.399,0.77,0.86,0.22,0.23,0.09,0.01,73063.72,1775954763000
1775954765.87,65.87,0.79,0.8,0.19,0.21,0.01,0.02,73063.72,1775954764000
1775954766.269,66.269,0.77,0.8,0.2,0.21,0.03,0.01,73063.72,1775954764000
1775954766.89,66.89,0.77,0.78,0.22,0.23,0.01,0.01,73063.82,1775954765000
1775954767.312,67.312,0.72,0.78,0.22,0.23,0.06,0.01,73063.82,1775954765000
1775954768.071,68.071,0.74,0.75,0.25,0.26,0.01,0.01,73063.83,1775954766000
1775954768.497,68.497,0.74,0.75,0.25,0.26,0.01,0.01,73063.83,1775954767000
1775954768.867,68.867,0.74,0.75,0.25,0.26,0.01,0.01,73063.83,1775954767000
1775954769.342,69.342,0.66,0.67,0.33,0.34,0.01,0.01,73063.83,1775954768000
1775954769.743,69.743,0.66,0.67,0.33,0.34,0.01,0.01,73063.83,1775954768000
1775954770.298,70.298,0.65,0.66,0.34,0.35,0.01,0.01,73063.83,1775954768000
1775954770.761,70.761,0.65,0.66,0.34,0.35,0.01,0.01,73063.83,1775954768000
1775954771.178,71.178,0.65,0.66,0.34,0.35,0.01,0.01,73063.37,1775954770000
1775954772.021,72.021,0.65,0.66,0.34,0.35,0.01,0.01,73063.37,1775954770000
1775954772.496,72.496,0.65,0.66,0.34,0.35,0.01,0.01,73060.85,1775954771000
1775954772.907,72.907,0.65,0.66,0.34,0.35,0.01,0.01,73060.85,1775954771000
1775954773.396,73.396,0.66,0.67,0.33,0.34,0.01,0.01,73060.85,1775954771000
1775954774.197,74.197,0.65,0.66,0.33,0.35,0.01,0.02,73059.89,1775954772000
1775954774.573,74.573,0.62,0.63,0.37,0.38,0.01,0.01,73059.73,1775954773000
1775954774.954,74.954,0.61,0.62,0.38,0.39,0.01,0.01,73059.73,1775954773000
1775954775.3,75.3,0.61,0.62,0.38,0.39,0.01,0.01,73059.7,1775954774000
1775954775.72,75.72,0.61,0.62,0.38,0.39,0.01,0.01,73059.7,1775954774000
1775954776.072,76.072,0.61,0.62,0.38,0.39,0.01,0.01,73059.7,1775954774000
1775954776.438,76.438,0.61,0.62,0.38,0.39,0.01,0.01,73059.7,1775954774000
1775954776.85,76.85,0.61,0.62,0.38,0.39,0.01,0.01,73058.68,1775954775000
1775954777.363,77.363,0.61,0.62,0.38,0.39,0.01,0.01,73058.68,1775954775000
1775954777.736,77.736,0.61,0.62,0.38,0.39,0.01,0.01,73057.43,1775954776000
1775954778.117,78.117,0.6,0.61,0.39,0.4,0.01,0.01,73057.43,1775954776000
1775954778.557,78.557,0.6,0.61,0.39,0.4,0.01,0.01,73057.59,1775954777000
1775954778.904,78.904,0.61,0.62,0.38,0.39,0.01,0.01,73057.59,1775954777000
1775954779.246,79.246,0.6,0.62,0.38,0.4,0.02,0.02,73057.59,1775954778000
1775954779.595,79.595,0.52,0.54,0.46,0.48,0.02,0.02,73057.59,1775954778000
1775954779.939,79.939,0.47,0.51,0.48,0.52,0.04,0.04,73057.59,1775954778000
1775954780.29,80.29,0.47,0.48,0.52,0.53,0.01,0.01,73057.59,1775954778000
1775954780.63,80.63,0.48,0.49,0.51,0.53,0.01,0.02,73057.45,1775954779000
1775954781.008,81.008,0.48,0.49,0.51,0.52,0.01,0.01,73057.45,1775954779000
1775954781.348,81.348,0.48,0.49,0.51,0.52,0.01,0.01,73051.55,1775954780000
1775954781.688,81.688,0.49,0.5,0.5,0.51,0.01,0.01,73051.55,1775954780000
1775954782.041,82.041,0.46,0.51,0.49,0.5,0.05,0.01,73044.76,1775954781000
1775954782.374,82.374,0.49,0.5,0.5,0.51,0.01,0.01,73044.76,1775954781000
1775954782.778,82.778,0.53,0.54,0.46,0.47,0.01,0.01,73044.76,1775954781000
1775954783.117,83.117,0.54,0.55,0.45,0.46,0.01,0.01,73044.76,1775954781000
1775954783.579,83.579,0.52,0.53,0.47,0.48,0.01,0.01,73043.54,1775954782000
1775954783.943,83.943,0.51,0.52,0.48,0.49,0.01,0.01,73043.54,1775954782000
1775954784.307,84.307,0.52,0.53,0.47,0.48,0.01,0.01,73043.54,1775954782000
1775954784.651,84.651,0.52,0.54,0.46,0.48,0.02,0.02,73043.54,1775954782000
1775954784.988,84.988,0.52,0.53,0.47,0.48,0.01,0.01,73043.54,1775954782000
1775954785.437,85.437,0.52,0.53,0.46,0.47,0.01,0.01,73044.36,1775954783000
1775954785.852,85.852,0.51,0.52,0.48,0.49,0.01,0.01,73044.36,1775954783000
1775954786.227,86.227,0.51,0.52,0.48,0.49,0.01,0.01,73045.54,1775954784000
1775954786.565,86.565,0.51,0.52,0.48,0.49,0.01,0.01,73045.54,1775954784000
1775954786.927,86.927,0.51,0.52,0.48,0.49,0.01,0.01,73045.54,1775954784000
1775954787.513,87.513,0.51,0.52,0.48,0.49,0.01,0.01,73045.55,1775954785000
1775954788.068,88.068,0.51,0.52,0.48,0.49,0.01,0.01,73045.54,1775954786000
1775954788.418,88.418,0.53,0.54,0.47,0.48,0.01,0.01,73045.48,1775954787000
1775954788.802,88.802,0.57,0.58,0.42,0.43,0.01,0.01,73045.48,1775954787000
1775954789.17,89.17,0.53,0.54,0.46,0.47,0.01,0.01,73045.48,1775954787000
1775954789.583,89.583,0.55,0.6,0.47,0.48,0.05,0.01,73045.48,1775954788000
1775954789.955,89.955,0.59,0.6,0.4,0.41,0.01,0.01,73045.48,1775954788000
1775954790.294,90.294,0.59,0.61,0.39,0.41,0.02,0.02,73045.54,1775954789000
1775954790.647,90.647,0.65,0.66,0.34,0.35,0.01,0.01,73045.54,1775954789000
1775954791.028,91.028,0.65,0.66,0.34,0.35,0.01,0.01,73045.54,1775954789000
1775954791.403,91.403,0.65,0.66,0.34,0.35,0.01,0.01,73045.79,1775954790000
1775954791.872,91.872,0.64,0.65,0.33,0.36,0.01,0.03,73045.79,1775954790000
1775954792.212,92.212,0.63,0.65,0.34,0.38,0.02,0.04,73045.85,1775954791000
1775954792.636,92.636,0.62,0.64,0.36,0.38,0.02,0.02,73045.85,1775954791000
1775954793.136,93.136,0.63,0.64,0.37,0.38,0.01,0.01,73045.85,1775954791000
1775954793.495,93.495,0.6,0.63,0.36,0.41,0.03,0.05,73050.32,1775954792000
1775954793.978,93.978,0.63,0.65,0.35,0.41,0.02,0.06,73050.32,1775954792000
1775954794.443,94.443,0.59,0.6,0.38,0.41,0.01,0.03,73050.32,1775954792000
1775954794.79,94.79,0.69,0.73,0.23,0.32,0.04,0.09,73051.96,1775954793000
1775954795.132,95.132,0.71,0.76,0.24,0.29,0.05,0.05,73051.96,1775954793000
1775954795.535,95.535,0.72,0.73,0.26,0.28,0.01,0.02,73051.95,1775954794000
1775954795.971,95.971,0.71,0.72,0.28,0.29,0.01,0.01,73051.95,1775954794000
1775954796.346,96.346,0.71,0.72,0.28,0.29,0.01,0.01,73051.95,1775954794000
1775954796.711,96.711,0.69,0.72,0.28,0.31,0.03,0.03,73055.9,1775954795000
1775954797.108,97.108,0.69,0.7,0.3,0.31,0.01,0.01,73055.9,1775954795000
1775954797.537,97.537,0.69,0.7,0.3,0.31,0.01,0.01,73056.47,1775954796000
1775954798.034,98.034,0.71,0.72,0.25,0.31,0.01,0.06,73056.47,1775954796000
1775954798.395,98.395,0.71,0.72,0.29,0.3,0.01,0.01,73056.47,1775954796000
1775954798.748,98.748,0.74,0.75,0.25,0.29,0.01,0.04,73060.77,1775954797000
1775954799.175,99.175,0.71,0.72,0.27,0.29,0.01,0.02,73060.77,1775954797000
1775954799.634,99.634,0.71,0.72,0.28,0.29,0.01,0.01,73060.77,1775954798000
1775954799.979,99.979,0.69,0.7,0.3,0.31,0.01,0.01,73060.77,1775954798000
1775954800.313,100.313,0.69,0.7,0.3,0.31,0.01,0.01,73060.77,1775954798000
1775954800.652,100.652,0.68,0.69,0.3,0.32,0.01,0.02,73061.53,1775954799000
1775954801.097,101.097,0.68,0.69,0.28,0.34,0.01,0.06,73061.53,1775954799000
1775954801.462,101.462,0.68,0.69,0.31,0.32,0.01,0.01,73061.53,1775954799000
1775954802.075,102.075,0.66,0.68,0.31,0.33,0.02,0.02,73062.1,1775954800000
1775954802.496,102.496,0.67,0.68,0.32,0.33,0.01,0.01,73062.7,1775954801000
1775954803.157,103.157,0.67,0.68,0.32,0.34,0.01,0.02,73062.7,1775954801000
1775954803.5,103.5,0.68,0.69,0.31,0.32,0.01,0.01,73062.7,1775954802000
1775954803.976,103.976,0.68,0.69,0.32,0.33,0.01,0.01,73062.7,1775954802000
1775954804.31,104.31,0.67,0.73,0.31,0.33,0.06,0.02,73062.7,1775954803000
1775954804.66,104.66,0.69,0.7,0.3,0.31,0.01,0.01,73062.7,1775954803000
1775954805.137,105.137,0.69,0.7,0.3,0.31,0.01,0.01,73062.66,1775954804000
1775954805.73,105.73,0.69,0.7,0.3,0.31,0.01,0.01,73062.66,1775954804000
1775954806.115,106.115,0.69,0.7,0.3,0.31,0.01,0.01,73062.66,1775954804000
1775954806.516,106.516,0.69,0.7,0.3,0.31,0.01,0.01,73062.67,1775954805000
1775954806.882,106.882,0.7,0.71,0.28,0.31,0.01,0.03,73062.67,1775954805000
1775954807.329,107.329,0.69,0.7,0.3,0.31,0.01,0.01,73062.67,1775954806000
1775954807.693,107.693,0.67,0.69,0.31,0.32,0.02,0.01,73062.67,1775954806000
1775954808.081,108.081,0.67,0.75,0.25,0.33,0.08,0.08,73062.66,1775954807000
1775954808.472,108.472,0.7,0.71,0.31,0.32,0.01,0.01,73062.66,1775954807000
1775954808.973,108.973,0.73,0.74,0.21,0.3,0.01,0.09,73062.66,1775954807000
1775954809.574,109.574,0.73,0.74,0.26,0.27,0.01,0.01,73062.66,1775954808000
1775954809.946,109.946,0.71,0.74,0.26,0.27,0.03,0.01,73062.66,1775954808000
1775954810.342,110.342,0.69,0.71,0.26,0.29,0.02,0.03,73062.66,1775954809000
1775954810.747,110.747,0.7,0.71,0.29,0.3,0.01,0.01,73062.66,1775954809000
1775954811.129,111.129,0.7,0.71,0.29,0.3,0.01,0.01,73062.66,1775954810000
1775954811.643,111.643,0.7,0.71,0.29,0.3,0.01,0.01,73062.66,1775954810000
1775954811.979,111.979,0.7,0.71,0.29,0.3,0.01,0.01,73062.66,1775954811000
1775954812.312,112.312,0.68,0.73,0.31,0.32,0.05,0.01,73062.66,1775954811000
1775954812.655,112.655,0.69,0.71,0.28,0.3,0.02,0.02,73062.66,1775954811000
1775954813.355,113.355,0.68,0.69,0.31,0.32,0.01,0.01,73062.66,1775954812000
1775954813.721,113.721,0.68,0.74,0.31,0.32,0.06,0.01,73062.66,1775954812000
1775954814.522,114.522,0.7,0.75,0.29,0.3,0.05,0.01,73062.66,1775954812000
1775954814.874,114.874,0.72,0.73,0.25,0.3,0.01,0.05,73062.65,1775954813000
1775954815.677,115.677,0.71,0.73,0.27,0.28,0.02,0.01,73062.65,1775954813000
1775954816.061,116.061,0.71,0.89,0.28,0.29,0.18,0.01,73062.66,1775954814000
1775954816.461,116.461,0.71,0.72,0.29,0.3,0.01,0.01,73062.66,1775954814000
1775954816.876,116.876,0.71,0.72,0.28,0.29,0.01,0.01,73062.66,1775954815000
1775954817.253,117.253,0.73,0.74,0.26,0.27,0.01,0.01,73062.66,1775954815000
1775954817.59,117.59,0.74,0.75,0.25,0.26,0.01,0.01,73062.66,1775954815000
1775954817.981,117.981,0.74,0.75,0.25,0.26,0.01,0.01,73062.66,1775954816000
1775954818.442,118.442,0.72,0.73,0.27,0.28,0.01,0.01,73062.66,1775954817000
1775954818.844,118.844,0.72,0.73,0.27,0.28,0.01,0.01,73062.66,1775954817000
1775954819.227,119.227,0.7,0.71,0.28,0.3,0.01,0.02,73062.66,1775954817000
1775954819.663,119.663,0.7,0.71,0.29,0.3,0.01,0.01,73062.66,1775954817000
1775954820.027,120.027,0.7,0.71,0.29,0.3,0.01,0.01,73064.37,1775954818000
1775954820.439,120.439,0.7,0.71,0.28,0.29,0.01,0.01,73064.37,1775954818000
1775954820.784,120.784,0.7,0.71,0.29,0.31,0.01,0.02,73064.37,1775954818000
1775954821.201,121.201,0.69,0.71,0.29,0.3,0.02,0.01,73064.88,1775954819000
1775954821.564,121.564,0.69,0.7,0.3,0.31,0.01,0.01,73064.88,1775954820000
1775954821.907,121.907,0.66,0.69,0.3,0.32,0.03,0.02,73064.88,1775954820000
1775954822.438,122.438,0.65,0.66,0.34,0.35,0.01,0.01,73064.89,1775954821000
1775954822.804,122.804,0.65,0.66,0.34,0.36,0.01,0.02,73064.89,1775954821000
1775954823.149,123.149,0.65,0.66,0.34,0.35,0.01,0.01,73064.89,1775954821000
1775954823.671,123.671,0.65,0.66,0.34,0.35,0.01,0.01,73064.14,1775954822000
1775954824.005,124.005,0.65,0.66,0.34,0.35,0.01,0.01,73064.14,1775954822000
1775954824.348,124.348,0.65,0.68,0.34,0.35,0.03,0.01,73064.14,1775954822000
1775954824.69,124.69,0.65,0.66,0.34,0.35,0.01,0.01,73064.14,1775954823000
1775954825.154,125.154,0.69,0.7,0.29,0.33,0.01,0.04,73064.14,1775954823000
1775954825.545,125.545,0.69,0.7,0.3,0.31,0.01,0.01,73064.11,1775954824000
1775954826.029,126.029,0.69,0.7,0.3,0.31,0.01,0.01,73064.11,1775954824000
1775954826.558,126.558,0.69,0.7,0.3,0.31,0.01,0.01,73064.11,1775954824000
1775954826.956,126.956,0.69,0.7,0.29,0.31,0.01,0.02,73064.11,1775954825000
1775954827.353,127.353,0.68,0.7,0.29,0.31,0.02,0.02,73064.12,1775954826000
1775954827.855,127.855,0.68,0.69,0.31,0.32,0.01,0.01,73064.12,1775954826000
1775954828.682,128.682,0.71,0.76,0.28,0.31,0.05,0.03,73064.12,1775954826000
1775954829.019,129.019,0.72,0.73,0.26,0.28,0.01,0.02,73064.23,1775954827000
1775954829.429,129.429,0.69,0.7,0.28,0.29,0.01,0.01,73064.23,1775954827000
1775954829.807,129.807,0.68,0.69,0.3,0.31,0.01,0.01,73064.34,1775954828000
1775954830.163,130.163,0.68,0.69,0.31,0.32,0.01,0.01,73064.34,1775954828000
1775954830.598,130.598,0.66,0.67,0.33,0.34,0.01,0.01,73064.27,1775954829000
1775954830.984,130.984,0.65,0.66,0.34,0.35,0.01,0.01,73064.27,1775954829000
1775954831.519,131.519,0.65,0.66,0.34,0.35,0.01,0.01,73064.27,1775954829000
1775954832.047,132.047,0.67,0.68,0.32,0.33,0.01,0.01,73064.06,1775954830000
1775954832.391,132.391,0.66,0.67,0.33,0.34,0.01,0.01,73063.6,1775954831000
1775954832.886,132.886,0.67,0.69,0.32,0.33,0.02,0.01,73063.6,1775954831000
1775954833.24,133.24,0.71,0.72,0.28,0.3,0.01,0.02,73063.6,1775954832000
1775954833.744,133.744,0.71,0.72,0.28,0.29,0.01,0.01,73063.6,1775954832000
1775954834.223,134.223,0.71,0.72,0.28,0.29,0.01,0.01,73063.6,1775954832000
1775954834.635,134.635,0.71,0.72,0.28,0.29,0.01,0.01,73063.6,1775954833000
1775954835.061,135.061,0.69,0.7,0.29,0.31,0.01,0.02,73063.6,1775954833000
1775954835.608,135.608,0.68,0.69,0.3,0.32,0.01,0.02,73063.79,1775954834000
1775954836.177,136.177,0.68,0.69,0.31,0.32,0.01,0.01,73065.35,1775954835000
1775954836.697,136.697,0.66,0.67,0.32,0.33,0.01,0.01,73065.35,1775954835000
1775954837.034,137.034,0.66,0.67,0.33,0.34,0.01,0.01,73063.79,1775954836000
1775954837.415,137.415,0.64,0.65,0.33,0.36,0.01,0.03,73063.79,1775954836000
1775954837.761,137.761,0.64,0.65,0.35,0.36,0.01,0.01,73063.79,1775954836000
1775954838.118,138.118,0.64,0.65,0.35,0.36,0.01,0.01,73063.76,1775954837000
1775954838.57,138.57,0.65,0.66,0.34,0.35,0.01,0.01,73063.76,1775954837000
1775954838.918,138.918,0.63,0.64,0.36,0.37,0.01,0.01,73065.29,1775954838000
1775954839.312,139.312,0.63,0.64,0.36,0.37,0.01,0.01,73065.29,1775954838000
1775954839.74,139.74,0.65,0.67,0.34,0.37,0.02,0.03,73065.29,1775954838000
1775954840.216,140.216,0.67,0.68,0.33,0.34,0.01,0.01,73065.29,1775954838000
1775954840.626,140.626,0.69,0.7,0.3,0.31,0.01,0.01,73064.08,1775954839000
1775954841.032,141.032,0.73,0.74,0.29,0.31,0.01,0.02,73064.08,1775954839000
1775954841.514,141.514,0.73,0.74,0.26,0.27,0.01,0.01,73064.08,1775954840000
1775954841.862,141.862,0.64,0.65,0.35,0.36,0.01,0.01,73064.08,1775954840000
1775954842.21,142.21,0.64,0.65,0.35,0.36,0.01,0.01,73064.35,1775954841000
1775954842.597,142.597,0.64,0.65,0.35,0.36,0.01,0.01,73064.35,1775954841000
1775954842.993,142.993,0.59,0.6,0.4,0.41,0.01,0.01,73064.35,1775954841000
1775954843.335,143.335,0.59,0.6,0.4,0.41,0.01,0.01,73064.35,1775954841000
1775954843.699,143.699,0.59,0.6,0.4,0.41,0.01,0.01,73064.35,1775954841000
1775954844.039,144.039,0.58,0.59,0.4,0.42,0.01,0.02,73064.52,1775954842000
1775954844.419,144.419,0.59,0.6,0.4,0.41,0.01,0.01,73064.12,1775954843000
1775954844.753,144.753,0.6,0.61,0.39,0.4,0.01,0.01,73064.12,1775954843000
1775954845.135,145.135,0.58,0.59,0.36,0.37,0.01,0.01,73064.12,1775954843000
1775954845.609,145.609,0.63,0.64,0.4,0.42,0.01,0.02,73059.89,1775954844000
1775954845.997,145.997,0.61,0.62,0.36,0.37,0.01,0.01,73059.7,1775954845000
1775954846.438,146.438,0.61,0.63,0.37,0.38,0.02,0.01,73059.7,1775954845000
1775954846.772,146.772,0.61,0.63,0.38,0.39,0.02,0.01,73059.7,1775954845000
1775954847.117,147.117,0.62,0.63,0.37,0.38,0.01,0.01,73058.72,1775954846000
1775954847.508,147.508,0.63,0.65,0.36,0.37,0.02,0.01,73058.72,1775954846000
1775954847.955,147.955,0.58,0.61,0.4,0.42,0.03,0.02,73058.72,1775954846000
1775954848.389,148.389,0.53,0.54,0.46,0.47,0.01,0.01,73058.23,1775954847000
1775954848.837,148.837,0.54,0.55,0.45,0.47,0.01,0.02,73058.23,1775954847000
1775954849.245,149.245,0.57,0.58,0.42,0.43,0.01,0.01,73058.23,1775954847000
1775954849.682,149.682,0.57,0.58,0.42,0.43,0.01,0.01,73058.22,1775954848000
1775954850.037,150.037,0.57,0.58,0.42,0.43,0.01,0.01,73058.22,1775954848000
1775954850.381,150.381,0.58,0.59,0.41,0.42,0.01,0.01,73058.22,1775954848000
1775954850.741,150.741,0.59,0.6,0.4,0.41,0.01,0.01,73054.43,1775954849000
1775954851.091,151.091,0.63,0.64,0.35,0.4,0.01,0.05,73054.99,1775954850000
1775954851.768,151.768,0.61,0.62,0.36,0.44,0.01,0.08,73054.99,1775954850000
1775954852.154,152.154,0.56,0.57,0.38,0.44,0.01,0.06,73055.18,1775954851000
1775954852.585,152.585,0.56,0.57,0.43,0.44,0.01,0.01,73055.18,1775954851000
1775954852.96,152.96,0.56,0.57,0.43,0.44,0.01,0.01,73055.34,1775954852000
1775954853.557,153.557,0.56,0.57,0.43,0.44,0.01,0.01,73055.34,1775954852000
1775954853.968,153.968,0.56,0.57,0.43,0.44,0.01,0.01,73055.85,1775954853000
1775954854.583,154.583,0.56,0.59,0.43,0.44,0.03,0.01,73055.85,1775954853000
1775954854.917,154.917,0.58,0.59,0.41,0.42,0.01,0.01,73056.16,1775954854000
1775954855.421,155.421,0.58,0.59,0.41,0.42,0.01,0.01,73056.16,1775954854000
1775954855.79,155.79,0.58,0.59,0.41,0.42,0.01,0.01,73056.16,1775954854000
1775954856.166,156.166,0.59,0.6,0.4,0.41,0.01,0.01,73056.19,1775954855000
1775954856.717,156.717,0.59,0.6,0.4,0.41,0.01,0.01,73056.19,1775954855000
1775954857.452,157.452,0.59,0.62,0.4,0.41,0.03,0.01,73056.14,1775954856000
1775954857.843,157.843,0.55,0.58,0.42,0.45,0.03,0.03,73055.26,1775954857000
1775954858.182,158.182,0.57,0.59,0.43,0.45,0.02,0.02,73055.26,1775954857000
1775954858.663,158.663,0.59,0.6,0.4,0.41,0.01,0.01,73055.26,1775954857000
1775954859.164,159.164,0.59,0.6,0.4,0.41,0.01,0.01,73055.26,1775954858000
1775954859.516,159.516,0.54,0.55,0.44,0.46,0.01,0.02,73055.26,1775954858000
1775954859.906,159.906,0.53,0.54,0.46,0.47,0.01,0.01,73054.78,1775954859000
1775954860.319,160.319,0.53,0.54,0.46,0.47,0.01,0.01,73054.78,1775954859000
1775954860.803,160.803,0.53,0.54,0.46,0.47,0.01,0.01,73054.78,1775954859000
1775954861.209,161.209,0.53,0.54,0.46,0.47,0.01,0.01,73053.05,1775954860000
1775954861.559,161.559,0.53,0.54,0.45,0.47,0.01,0.02,73053.05,1775954860000
1775954861.895,161.895,0.54,0.55,0.46,0.47,0.01,0.01,73053.05,1775954860000
1775954862.338,162.338,0.54,0.55,0.45,0.46,0.01,0.01,73053.05,1775954860000
1775954862.704,162.704,0.55,0.56,0.44,0.45,0.01,0.01,73049.47,1775954861000
1775954863.11,163.11,0.56,0.57,0.43,0.44,0.01,0.01,73049.63,1775954862000
1775954863.461,163.461,0.56,0.57,0.43,0.44,0.01,0.01,73049.63,1775954862000
1775954863.945,163.945,0.62,0.67,0.33,0.38,0.05,0.05,73049.63,1775954863000
1775954864.486,164.486,0.66,0.67,0.33,0.34,0.01,0.01,73049.63,1775954863000
1775954864.834,164.834,0.66,0.67,0.33,0.34,0.01,0.01,73049.63,1775954863000
1775954865.206,165.206,0.66,0.67,0.33,0.34,0.01,0.01,73049.9,1775954864000
1775954865.615,165.615,0.64,0.66,0.33,0.36,0.02,0.03,73049.9,1775954864000
1775954866.078,166.078,0.62,0.65,0.35,0.36,0.03,0.01,73049.9,1775954864000
1775954866.659,166.659,0.62,0.63,0.37,0.38,0.01,0.01,73052.4,1775954865000
1775954867.081,167.081,0.62,0.63,0.37,0.38,0.01,0.01,73052.65,1775954866000
1775954867.428,167.428,0.62,0.63,0.37,0.38,0.01,0.01,73052.65,1775954866000
1775954867.942,167.942,0.62,0.63,0.37,0.38,0.01,0.01,73052.65,1775954867000
1775954868.291,168.291,0.63,0.64,0.36,0.37,0.01,0.01,73052.65,1775954867000
1775954868.723,168.723,0.63,0.64,0.37,0.4,0.01,0.03,73052.65,1775954867000
1775954869.14,169.14,0.63,0.64,0.36,0.37,0.01,0.01,73052.79,1775954868000
1775954869.58,169.58,0.61,0.64,0.36,0.37,0.03,0.01,73052.79,1775954868000
1775954869.999,169.999,0.62,0.63,0.37,0.38,0.01,0.01,73052.79,1775954868000
1775954870.394,170.394,0.62,0.63,0.37,0.38,0.01,0.01,73052.79,1775954868000
1775954870.741,170.741,0.6,0.62,0.38,0.39,0.02,0.01,73052.91,1775954869000
1775954871.08,171.08,0.6,0.61,0.39,0.4,0.01,0.01,73052.99,1775954870000
1775954871.674,171.674,0.59,0.61,0.38,0.39,0.02,0.01,73052.99,1775954870000
1775954872.036,172.036,0.64,0.65,0.4,0.41,0.01,0.01,73052.99,1775954870000
1775954872.551,172.551,0.67,0.69,0.31,0.32,0.02,0.01,73052.49,1775954871000
1775954873.081,173.081,0.67,0.69,0.31,0.33,0.02,0.02,73052.49,1775954871000
1775954873.424,173.424,0.75,0.78,0.15,0.34,0.03,0.19,73051.87,1775954872000
1775954873.795,173.795,0.64,0.73,0.26,0.35,0.09,0.09,73051.87,1775954872000
1775954874.256,174.256,0.63,0.64,0.35,0.37,0.01,0.02,73051.79,1775954873000
1775954874.772,174.772,0.61,0.64,0.36,0.37,0.03,0.01,73051.79,1775954873000
1775954875.195,175.195,0.61,0.62,0.38,0.39,0.01,0.01,73051.79,1775954873000
1775954875.636,175.636,0.62,0.63,0.37,0.38,0.01,0.01,73052.68,1775954874000
1775954875.984,175.984,0.67,0.68,0.32,0.33,0.01,0.01,73052.68,1775954874000
1775954876.463,176.463,0.67,0.68,0.32,0.33,0.01,0.01,73052.68,1775954874000
1775954876.872,176.872,0.63,0.64,0.35,0.37,0.01,0.02,73052.68,1775954875000
1775954877.443,177.443,0.63,0.64,0.36,0.37,0.01,0.01,73052.78,1775954876000
1775954877.979,177.979,0.62,0.64,0.36,0.38,0.02,0.02,73052.78,1775954877000
1775954878.57,178.57,0.64,0.65,0.35,0.36,0.01,0.01,73052.78,1775954877000
1775954879.063,179.063,0.64,0.65,0.35,0.36,0.01,0.01,73052.69,1775954878000
1775954879.523,179.523,0.64,0.65,0.35,0.36,0.01,0.01,73052.69,1775954878000
1775954879.866,179.866,0.62,0.65,0.35,0.36,0.03,0.01,73052.69,1775954878000
1775954880.207,180.207,0.62,0.63,0.37,0.38,0.01,0.01,73052.75,1775954879000
1775954880.709,180.709,0.64,0.65,0.36,0.37,0.01,0.01,73052.75,1775954879000
1775954881.243,181.243,0.62,0.63,0.37,0.38,0.01,0.01,73052.75,1775954880000
1775954881.709,181.709,0.68,0.69,0.31,0.32,0.01,0.01,73052.75,1775954880000
1775954882.073,182.073,0.59,0.67,0.31,0.38,0.08,0.07,73052.75,1775954880000
1775954882.41,182.41,0.61,0.62,0.35,0.38,0.01,0.03,73052.69,1775954881000
1775954882.869,182.869,0.61,0.62,0.38,0.39,0.01,0.01,73052.69,1775954881000
1775954883.95,183.95,0.59,0.62,0.38,0.41,0.03,0.03,73052.5,1775954883000
1775954884.754,184.754,0.58,0.61,0.39,0.41,0.03,0.02,73052.5,1775954883000
1775954885.568,185.568,0.59,0.6,0.4,0.42,0.01,0.02,73052.49,1775954884000
1775954885.986,185.986,0.65,0.74,0.26,0.35,0.09,0.09,73052.49,1775954885000
1775954886.548,186.548,0.66,0.67,0.32,0.33,0.01,0.01,73052.49,1775954885000
1775954886.916,186.916,0.66,0.67,0.33,0.34,0.01,0.01,73052.49,1775954885000
1775954887.57,187.57,0.66,0.67,0.33,0.34,0.01,0.01,73052.49,1775954886000
1775954887.93,187.93,0.6,0.61,0.36,0.37,0.01,0.01,73052.49,1775954886000
1775954888.443,188.443,0.59,0.61,0.39,0.41,0.02,0.02,73052.51,1775954887000
1775954888.793,188.793,0.58,0.59,0.4,0.41,0.01,0.01,73052.51,1775954887000
1775954889.222,189.222,0.56,0.57,0.41,0.44,0.01,0.03,73053,1775954888000
1775954889.587,189.587,0.56,0.57,0.43,0.44,0.01,0.01,73053,1775954888000
1775954890.067,190.067,0.56,0.57,0.43,0.44,0.01,0.01,73053,1775954888000
1775954890.446,190.446,0.56,0.57,0.43,0.44,0.01,0.01,73050.71,1775954889000
1775954890.833,190.833,0.56,0.57,0.43,0.44,0.01,0.01,73050.71,1775954889000
1775954891.339,191.339,0.56,0.57,0.43,0.44,0.01,0.01,73050.25,1775954890000
1775954891.934,191.934,0.56,0.57,0.43,0.44,0.01,0.01,73050.25,1775954890000
1775954892.576,192.576,0.56,0.57,0.43,0.44,0.01,0.01,73050.06,1775954891000
1775954893.035,193.035,0.52,0.54,0.47,0.48,0.02,0.01,73050.06,1775954891000
1775954893.47,193.47,0.56,0.57,0.43,0.44,0.01,0.01,73049.75,1775954892000
1775954893.815,193.815,0.56,0.57,0.42,0.44,0.01,0.02,73049.75,1775954892000
1775954894.172,194.172,0.56,0.57,0.43,0.44,0.01,0.01,73049.75,1775954892000
1775954894.577,194.577,0.55,0.56,0.43,0.44,0.01,0.01,73049.76,1775954893000
1775954894.973,194.973,0.55,0.56,0.44,0.45,0.01,0.01,73050.08,1775954894000
1775954895.425,195.425,0.55,0.56,0.44,0.45,0.01,0.01,73050.08,1775954894000
1775954895.843,195.843,0.55,0.56,0.44,0.45,0.01,0.01,73050.08,1775954894000
1775954896.221,196.221,0.56,0.57,0.43,0.44,0.01,0.01,73050.87,1775954895000
1775954896.562,196.562,0.53,0.54,0.43,0.44,0.01,0.01,73050.87,1775954895000
1775954896.903,196.903,0.52,0.53,0.47,0.48,0.01,0.01,73050.87,1775954895000
1775954897.375,197.375,0.56,0.57,0.42,0.46,0.01,0.04,73050.87,1775954896000
1775954897.788,197.788,0.59,0.6,0.43,0.44,0.01,0.01,73050.87,1775954896000
1775954898.137,198.137,0.59,0.6,0.4,0.41,0.01,0.01,73050.79,1775954897000
1775954898.569,198.569,0.59,0.61,0.4,0.41,0.02,0.01,73050.79,1775954897000
1775954898.909,198.909,0.61,0.66,0.38,0.4,0.05,0.02,73050.79,1775954897000
1775954899.431,199.431,0.64,0.66,0.34,0.35,0.02,0.01,73050.42,1775954898000
1775954899.966,199.966,0.64,0.65,0.35,0.36,0.01,0.01,73052.47,1775954899000
1775954900.36,200.36,0.65,0.66,0.34,0.35,0.01,0.01,73052.47,1775954899000
1775954900.693,200.693,0.65,0.66,0.34,0.38,0.01,0.04,73052.47,1775954899000
1775954901.062,201.062,0.6,0.65,0.35,0.4,0.05,0.05,73054.45,1775954900000
1775954901.644,201.644,0.62,0.63,0.36,0.39,0.01,0.03,73054.45,1775954900000
1775954902.012,202.012,0.71,0.72,0.24,0.3,0.01,0.06,73054.44,1775954901000
1775954902.437,202.437,0.6,0.7,0.3,0.31,0.1,0.01,73054.44,1775954901000
1775954902.816,202.816,0.62,0.65,0.35,0.36,0.03,0.01,73054.44,1775954901000
1775954903.17,203.17,0.62,0.63,0.35,0.41,0.01,0.06,73054.44,1775954902000
1775954903.531,203.531,0.44,0.62,0.38,0.39,0.18,0.01,73054.44,1775954902000
1775954903.872,203.872,0.65,0.77,0.3,0.36,0.12,0.06,73054.44,1775954902000
1775954904.284,204.284,0.71,0.76,0.26,0.27,0.05,0.01,73054.44,1775954902000
1775954904.634,204.634,0.74,0.75,0.25,0.26,0.01,0.01,73054.44,1775954902000
1775954905.032,205.032,0.71,0.73,0.25,0.27,0.02,0.02,73054.46,1775954903000
1775954905.506,205.506,0.69,0.76,0.24,0.31,0.07,0.07,73054.47,1775954904000
1775954905.844,205.844,0.7,0.74,0.24,0.26,0.04,0.02,73054.47,1775954904000
1775954906.21,206.21,0.71,0.73,0.27,0.31,0.02,0.04,73054.47,1775954904000
1775954906.709,206.709,0.69,0.7,0.3,0.31,0.01,0.01,73056.4,1775954905000
1775954907.178,207.178,0.73,0.74,0.25,0.27,0.01,0.02,73056.4,1775954905000
1775954907.528,207.528,0.79,0.8,0.2,0.21,0.01,0.01,73056.82,1775954906000
1775954907.978,207.978,0.79,0.8,0.2,0.21,0.01,0.01,73056.82,1775954907000
1775954908.364,208.364,0.78,0.8,0.14,0.21,0.02,0.07,73056.82,1775954907000
1775954908.745,208.745,0.77,0.78,0.22,0.23,0.01,0.01,73056.82,1775954907000
1775954909.083,209.083,0.75,0.78,0.22,0.28,0.03,0.06,73057.07,1775954908000
1775954909.471,209.471,0.77,0.78,0.22,0.23,0.01,0.01,73057.07,1775954908000
1775954909.888,209.888,0.74,0.75,0.23,0.28,0.01,0.05,73057.07,1775954908000
1775954910.237,210.237,0.74,0.75,0.25,0.26,0.01,0.01,73057.09,1775954909000
1775954910.674,210.674,0.77,0.78,0.23,0.24,0.01,0.01,73057.09,1775954909000
1775954911.007,211.007,0.77,0.78,0.22,0.23,0.01,0.01,73057.09,1775954909000
1775954911.355,211.355,0.8,0.82,0.18,0.21,0.02,0.03,73057.1,1775954910000
1775954911.723,211.723,0.83,0.84,0.16,0.17,0.01,0.01,73057.1,1775954910000
1775954912.069,212.069,0.81,0.82,0.18,0.19,0.01,0.01,73057.1,1775954911000
1775954912.435,212.435,0.81,0.82,0.18,0.19,0.01,0.01,73057.1,1775954911000
1775954912.78,212.78,0.81,0.82,0.17,0.18,0.01,0.01,73057.1,1775954911000
1775954913.164,213.164,0.82,0.83,0.17,0.18,0.01,0.01,73058.31,1775954912000
1775954913.515,213.515,0.82,0.83,0.17,0.18,0.01,0.01,73058.31,1775954912000
1775954913.974,213.974,0.82,0.84,0.18,0.19,0.02,0.01,73058.31,1775954912000
1775954914.309,214.309,0.84,0.85,0.15,0.16,0.01,0.01,73058.31,1775954912000
1775954914.689,214.689,0.82,0.84,0.16,0.17,0.02,0.01,73061.83,1775954913000
1775954915.078,215.078,0.81,0.82,0.18,0.19,0.01,0.01,73062.28,1775954914000
1775954915.47,215.47,0.82,0.84,0.13,0.14,0.02,0.01,73062.28,1775954914000
1775954915.806,215.806,0.82,0.83,0.17,0.18,0.01,0.01,73062.28,1775954914000
1775954916.354,216.354,0.79,0.8,0.18,0.21,0.01,0.03,73062.34,1775954915000
1775954916.696,216.696,0.79,0.81,0.09,0.21,0.02,0.12,73062.34,1775954915000
1775954917.074,217.074,0.78,0.8,0.2,0.21,0.02,0.01,73062.34,1775954915000
1775954917.52,217.52,0.78,0.79,0.2,0.21,0.01,0.01,73062.33,1775954916000
1775954917.864,217.864,0.74,0.77,0.21,0.24,0.03,0.03,73062.33,1775954916000
1775954918.336,218.336,0.77,0.78,0.22,0.23,0.01,0.01,73062.33,1775954916000
1775954918.67,218.67,0.74,0.75,0.25,0.26,0.01,0.01,73062.13,1775954917000
1775954919.08,219.08,0.77,0.79,0.08,0.23,0.02,0.15,73062.13,1775954917000
1775954919.564,219.564,0.77,0.78,0.22,0.23,0.01,0.01,73062.13,1775954917000
1775954920.056,220.056,0.76,0.77,0.23,0.24,0.01,0.01,73062.28,1775954918000
1775954920.452,220.452,0.72,0.75,0.25,0.28,0.03,0.03,73062.34,1775954919000
1775954920.82,220.82,0.73,0.74,0.26,0.28,0.01,0.02,73062.34,1775954919000
1775954921.228,221.228,0.73,0.74,0.26,0.27,0.01,0.01,73062.34,1775954920000
1775954921.684,221.684,0.73,0.74,0.26,0.27,0.01,0.01,73062.34,1775954920000
1775954922.058,222.058,0.73,0.74,0.26,0.27,0.01,0.01,73062.38,1775954921000
1775954922.444,222.444,0.73,0.74,0.26,0.27,0.01,0.01,73062.38,1775954921000
1775954922.819,222.819,0.73,0.74,0.26,0.27,0.01,0.01,73062.38,1775954921000
1775954923.227,223.227,0.75,0.76,0.24,0.25,0.01,0.01,73062.38,1775954921000
1775954923.611,223.611,0.73,0.86,0.26,0.27,0.13,0.01,73062.41,1775954922000
1775954923.946,223.946,0.73,0.75,0.25,0.27,0.02,0.02,73062.41,1775954922000
1775954924.283,224.283,0.74,0.75,0.25,0.26,0.01,0.01,73062.41,1775954922000
1775954924.652,224.652,0.74,0.75,0.25,0.26,0.01,0.01,73062.42,1775954923000
1775954924.986,224.986,0.75,0.92,0.08,0.25,0.17,0.17,73062.42,1775954924000
1775954925.336,225.336,0.76,0.77,0.23,0.24,0.01,0.01,73062.42,1775954924000
1775954925.731,225.731,0.73,0.74,0.25,0.26,0.01,0.01,73062.42,1775954924000
1775954926.164,226.164,0.73,0.74,0.26,0.27,0.01,0.01,73062.44,1775954925000
1775954926.787,226.787,0.76,0.77,0.24,0.25,0.01,0.01,73062.44,1775954925000
1775954927.143,227.143,0.75,0.76,0.24,0.25,0.01,0.01,73062.44,1775954925000
1775954927.489,227.489,0.74,0.76,0.24,0.25,0.02,0.01,73063.08,1775954926000
1775954927.888,227.888,0.74,0.75,0.24,0.26,0.01,0.02,73063.08,1775954926000
1775954928.274,228.274,0.74,0.75,0.25,0.26,0.01,0.01,73063.14,1775954927000
1775954928.768,228.768,0.74,0.75,0.25,0.26,0.01,0.01,73063.14,1775954927000
1775954929.101,229.101,0.73,0.74,0.26,0.27,0.01,0.01,73063.18,1775954928000
1775954929.617,229.617,0.73,0.74,0.26,0.27,0.01,0.01,73063.18,1775954928000
1775954929.975,229.975,0.72,0.73,0.27,0.28,0.01,0.01,73063.18,1775954928000
1775954930.393,230.393,0.72,0.73,0.27,0.28,0.01,0.01,73063.18,1775954929000
1775954930.762,230.762,0.68,0.73,0.27,0.28,0.05,0.01,73063.18,1775954929000
1775954931.188,231.188,0.7,0.84,0.16,0.3,0.14,0.14,73063.29,1775954930000
1775954931.851,231.851,0.79,0.8,0.2,0.21,0.01,0.01,73063.29,1775954930000
1775954932.224,232.224,0.79,0.8,0.2,0.21,0.01,0.01,73063.25,1775954931000
1775954932.566,232.566,0.8,0.81,0.18,0.19,0.01,0.01,73063.25,1775954931000
1775954932.924,232.924,0.76,0.77,0.22,0.24,0.01,0.02,73063.25,1775954932000
1775954933.335,233.335,0.69,0.7,0.28,0.3,0.01,0.02,73063.25,1775954932000
1775954933.942,233.942,0.73,0.76,0.25,0.27,0.03,0.02,73063.25,1775954932000
1775954934.317,234.317,0.7,0.74,0.26,0.27,0.04,0.01,73063.25,1775954932000
1775954934.679,234.679,0.72,0.74,0.27,0.28,0.02,0.01,73063.23,1775954933000
1775954935.014,235.014,0.72,0.73,0.27,0.28,0.01,0.01,73063.23,1775954933000
1775954935.352,235.352,0.72,0.73,0.27,0.28,0.01,0.01,73063.19,1775954934000
1775954935.917,235.917,0.71,0.73,0.27,0.28,0.02,0.01,73063.19,1775954934000
1775954936.451,236.451,0.74,0.75,0.25,0.26,0.01,0.01,73063.19,1775954934000
1775954936.812,236.812,0.73,0.74,0.26,0.27,0.01,0.01,73063.19,1775954934000
1775954937.245,237.245,0.73,0.74,0.26,0.27,0.01,0.01,73063.21,1775954935000
1775954937.591,237.591,0.77,0.78,0.22,0.23,0.01,0.01,73063.21,1775954935000
1775954938.182,238.182,0.75,0.76,0.23,0.25,0.01,0.02,73063.22,1775954936000
1775954938.573,238.573,0.76,0.77,0.21,0.25,0.01,0.04,73063.22,1775954937000
1775954938.92,238.92,0.85,0.87,0.1,0.24,0.02,0.14,73063.22,1775954937000
1775954939.425,239.425,0.82,0.85,0.15,0.17,0.03,0.02,73063.22,1775954937000
1775954939.897,239.897,0.82,0.83,0.17,0.18,0.01,0.01,73063.32,1775954938000
1775954940.361,240.361,0.85,0.86,0.19,0.2,0.01,0.01,73063.0,1775954939000
1775954940.798,240.798,0.81,0.82,0.17,0.19,0.01,0.02,73063.0,1775954939000
1775954941.234,241.234,0.82,0.86,0.17,0.22,0.04,0.05,73063.0,1775954939000
1775954941.569,241.569,0.83,0.86,0.17,0.18,0.03,0.01,73063.0,1775954939000
1775954941.914,241.914,0.82,0.85,0.15,0.2,0.03,0.05,73063.33,1775954940000
1775954942.286,242.286,0.8,0.81,0.19,0.2,0.01,0.01,73062.81,1775954941000
1775954942.803,242.803,0.78,0.82,0.19,0.2,0.04,0.01,73062.81,1775954941000
1775954943.231,243.231,0.78,0.86,0.21,0.23,0.08,0.02,73062.81,1775954941000
1775954943.604,243.604,0.81,0.82,0.17,0.19,0.01,0.02,73062.81,1775954941000
1775954944.207,244.207,0.75,0.76,0.23,0.25,0.01,0.02,73063.77,1775954942000
1775954944.603,244.603,0.74,0.9,0.25,0.26,0.16,0.01,73063.85,1775954943000
1775954945.116,245.116,0.81,0.82,0.19,0.2,0.01,0.01,73063.85,1775954943000
1775954945.503,245.503,0.78,0.82,0.2,0.21,0.04,0.01,73063.85,1775954943000
1775954945.842,245.842,0.79,0.82,0.17,0.18,0.03,0.01,73063.82,1775954944000
1775954946.309,246.309,0.8,0.83,0.19,0.2,0.03,0.01,73063.82,1775954944000
1775954946.826,246.826,0.78,0.79,0.14,0.22,0.01,0.08,73063.82,1775954945000
1775954947.209,247.209,0.78,0.79,0.21,0.22,0.01,0.01,73063.82,1775954946000
1775954947.619,247.619,0.76,0.79,0.21,0.23,0.03,0.02,73063.82,1775954946000
1775954947.961,247.961,0.76,0.77,0.2,0.21,0.01,0.01,73063.82,1775954946000
1775954948.328,248.328,0.77,0.78,0.21,0.23,0.01,0.02,73063.82,1775954946000
1775954948.693,248.693,0.76,0.77,0.22,0.24,0.01,0.02,73063.82,1775954947000
1775954949.056,249.056,0.76,0.79,0.21,0.22,0.03,0.01,73063.82,1775954947000
1775954949.574,249.574,0.79,0.8,0.2,0.21,0.01,0.01,73063.82,1775954948000
1775954949.915,249.915,0.79,0.81,0.2,0.21,0.02,0.01,73063.82,1775954948000
1775954950.28,250.28,0.78,0.8,0.2,0.21,0.02,0.01,73063.82,1775954948000
1775954950.629,250.629,0.79,0.8,0.22,0.23,0.01,0.01,73063.83,1775954949000
1775954950.978,250.978,0.79,0.83,0.2,0.21,0.04,0.01,73063.83,1775954949000
1775954951.347,251.347,0.8,0.94,0.19,0.2,0.14,0.01,73063.83,1775954950000
1775954951.695,251.695,0.84,0.87,0.13,0.14,0.03,0.01,73063.83,1775954950000
1775954952.217,252.217,0.88,0.89,0.11,0.12,0.01,0.01,73063.83,1775954951000
1775954952.662,252.662,0.88,0.94,0.11,0.12,0.06,0.01,73063.83,1775954951000
1775954953.019,253.019,0.85,0.9,0.09,0.17,0.05,0.08,73063.83,1775954951000
1775954953.506,253.506,0.88,0.89,0.1,0.11,0.01,0.01,73063.83,1775954952000
1775954953.897,253.897,0.87,0.89,0.11,0.12,0.02,0.01,73063.83,1775954952000
1775954954.318,254.318,0.87,0.88,0.12,0.13,0.01,0.01,73063.83,1775954953000
1775954954.829,254.829,0.87,0.88,0.12,0.13,0.01,0.01,73063.83,1775954953000
1775954955.223,255.223,0.86,0.88,0.12,0.14,0.02,0.02,73063.82,1775954954000
1775954955.653,255.653,0.85,0.86,0.15,0.16,0.01,0.01,73063.82,1775954954000
1775954955.99,255.99,0.85,0.86,0.14,0.15,0.01,0.01,73063.82,1775954954000
1775954956.334,256.334,0.84,0.85,0.15,0.16,0.01,0.01,73064.03,1775954955000
1775954956.718,256.718,0.85,0.86,0.13,0.15,0.01,0.02,73064.03,1775954955000
1775954957.151,257.151,0.83,0.84,0.14,0.16,0.01,0.02,73064.03,1775954955000
1775954957.512,257.512,0.83,0.84,0.16,0.17,0.01,0.01,73064.03,1775954956000
1775954957.969,257.969,0.83,0.9,0.05,0.17,0.07,0.12,73064.03,1775954956000
1775954958.319,258.319,0.82,0.83,0.16,0.17,0.01,0.01,73064.03,1775954957000
1775954958.654,258.654,0.89,0.91,0.09,0.11,0.02,0.02,73064.03,1775954957000
1775954959.008,259.008,0.88,0.91,0.09,0.12,0.03,0.03,73064.03,1775954958000
1775954959.37,259.37,0.83,0.85,0.13,0.16,0.02,0.03,73064.03,1775954958000
1775954959.985,259.985,0.88,0.89,0.05,0.18,0.01,0.13,73064.03,1775954958000
1775954960.35,260.35,0.83,0.86,0.14,0.15,0.03,0.01,73063.81,1775954959000
1775954960.74,260.74,0.81,0.82,0.19,0.2,0.01,0.01,73063.81,1775954959000
1775954961.095,261.095,0.81,0.83,0.18,0.19,0.02,0.01,73064.03,1775954960000
1775954961.546,261.546,0.83,0.84,0.16,0.17,0.01,0.01,73064.03,1775954960000
1775954961.995,261.995,0.8,0.81,0.19,0.2,0.01,0.01,73064.03,1775954961000
1775954962.364,262.364,0.81,0.84,0.16,0.17,0.03,0.01,73064.03,1775954961000
1775954962.698,262.698,0.8,0.82,0.16,0.17,0.02,0.01,73064.03,1775954961000
1775954963.037,263.037,0.83,0.96,0.04,0.17,0.13,0.13,73064.05,1775954962000
1775954963.433,263.433,0.85,0.86,0.14,0.15,0.01,0.01,73064.05,1775954962000
1775954963.826,263.826,0.87,0.89,0.11,0.13,0.02,0.02,73064.05,1775954963000
1775954964.212,264.212,0.86,0.87,0.13,0.14,0.01,0.01,73064.05,1775954963000
1775954964.566,264.566,0.83,0.88,0.04,0.14,0.05,0.1,73064.05,1775954963000
1775954964.931,264.931,0.83,0.84,0.16,0.17,0.01,0.01,73064.05,1775954963000
1775954965.385,265.385,0.86,0.87,0.13,0.14,0.01,0.01,73064.03,1775954964000
1775954965.988,265.988,0.87,0.88,0.12,0.13,0.01,0.01,73064.03,1775954964000
1775954966.431,266.431,0.83,0.88,0.12,0.13,0.05,0.01,73064.03,1775954965000
1775954966.84,266.84,0.89,0.92,0.04,0.09,0.03,0.05,73064.03,1775954965000
1775954967.179,267.179,0.86,0.87,0.12,0.13,0.01,0.01,73064.03,1775954966000
1775954967.532,267.532,0.95,0.96,0.03,0.07,0.01,0.04,73064.03,1775954966000
1775954967.871,267.871,0.96,0.97,0.03,0.04,0.01,0.01,73064.03,1775954966000
1775954968.234,268.234,0.94,0.95,0.04,0.06,0.01,0.02,73064.05,1775954967000
1775954968.568,268.568,0.94,0.95,0.05,0.06,0.01,0.01,73064.05,1775954967000
1775954969.018,269.018,0.93,0.94,0.06,0.07,0.01,0.01,73064.05,1775954967000
1775954969.376,269.376,0.93,0.94,0.06,0.07,0.01,0.01,73064.05,1775954967000
1775954969.715,269.715,0.92,0.97,0.07,0.08,0.05,0.01,73068.14,1775954968000
1775954970.136,270.136,0.94,0.95,0.05,0.06,0.01,0.01,73068.14,1775954968000
1775954970.48,270.48,0.94,0.95,0.05,0.06,0.01,0.01,73076.4,1775954969000
1775954970.877,270.877,0.95,0.96,0.04,0.06,0.01,0.02,73076.4,1775954969000
1775954971.265,271.265,0.83,0.96,0.04,0.05,0.13,0.01,73076.4,1775954969000
1775954971.697,271.697,0.93,0.94,0.06,0.07,0.01,0.01,73076.4,1775954969000
1775954972.051,272.051,0.95,0.96,0.04,0.06,0.01,0.02,73076.35,1775954970000
1775954972.393,272.393,0.94,0.95,0.04,0.07,0.01,0.03,73076.05,1775954971000
1775954972.728,272.728,0.94,0.96,0.05,0.06,0.02,0.01,73076.05,1775954971000
1775954973.171,273.171,0.97,0.98,0.02,0.05,0.01,0.03,73076.05,1775954971000
1775954973.55,273.55,0.97,0.98,0.02,0.03,0.01,0.01,73075.89,1775954972000
1775954973.886,273.886,0.97,0.98,0.02,0.03,0.01,0.01,73075.89,1775954972000
1775954974.243,274.243,0.97,0.98,0.02,0.03,0.01,0.01,73075.89,1775954972000
1775954974.611,274.611,0.97,0.98,0.02,0.03,0.01,0.01,73076.36,1775954973000
1775954974.998,274.998,0.98,0.99,0.01,0.02,0.01,0.01,73076.36,1775954973000
1775954975.332,275.332,0.98,0.99,0.01,0.02,0.01,0.01,73075.53,1775954974000
1775954975.682,275.682,0.97,0.98,0.01,0.03,0.01,0.02,73075.53,1775954974000
1775954976.031,276.031,0.97,0.98,0.02,0.03,0.01,0.01,73075.44,1775954975000
1775954976.426,276.426,0.97,0.98,0.01,0.03,0.01,0.02,73075.44,1775954975000
1775954976.935,276.935,0.97,0.98,0.02,0.1,0.01,0.08,73075.44,1775954975000
1775954977.345,277.345,0.9,0.91,0.09,0.1,0.01,0.01,73075.41,1775954976000
1775954977.848,277.848,0.92,0.93,0.07,0.08,0.01,0.01,73075.41,1775954976000
1775954978.263,278.263,0.96,0.97,0.04,0.05,0.01,0.01,73075.41,1775954976000
1775954978.606,278.606,0.97,0.98,0.02,0.03,0.01,0.01,73075.31,1775954977000
1775954979.253,279.253,0.97,0.98,0.02,0.03,0.01,0.01,73075.31,1775954977000
1775954979.757,279.757,0.96,0.97,0.02,0.03,0.01,0.01,73076.65,1775954978000
1775954980.216,280.216,0.96,0.97,0.03,0.04,0.01,0.01,73076.65,1775954978000
1775954980.553,280.553,0.96,0.97,0.03,0.15,0.01,0.12,73076.65,1775954978000
1775954980.889,280.889,0.96,0.97,0.03,0.04,0.01,0.01,73076.66,1775954979000
1775954981.492,281.492,0.97,0.98,0.03,0.04,0.01,0.01,73076.66,1775954980000
1775954981.941,281.941,0.97,0.99,0.02,0.03,0.02,0.01,73076.66,1775954980000
1775954982.287,282.287,0.97,0.98,0.01,0.03,0.01,0.02,73076.67,1775954981000
1775954982.626,282.626,0.44,0.45,0.55,0.56,0.01,0.01,73076.67,1775954981000
1775954982.964,282.964,0.43,0.44,0.56,0.57,0.01,0.01,73076.67,1775954981000
1775954983.315,283.315,0.42,0.43,0.56,0.58,0.01,0.02,73076.67,1775954982000
1775954983.659,283.659,0.42,0.43,0.57,0.7,0.01,0.13,73076.67,1775954982000
1775954984.001,284.001,0.3,0.31,0.69,0.7,0.01,0.01,73076.67,1775954982000
1775954984.365,284.365,0.28,0.29,0.69,0.72,0.01,0.03,73076.62,1775954983000
1775954984.707,284.707,0.24,0.26,0.71,0.79,0.02,0.08,73076.62,1775954983000
1775954985.042,285.042,0.2,0.21,0.78,0.8,0.01,0.02,73076.62,1775954983000
1775954985.381,285.381,0.15,0.16,0.84,0.85,0.01,0.01,73076.62,1775954984000
1775954985.718,285.718,0.15,0.16,0.84,0.85,0.01,0.01,73076.62,1775954984000
1775954986.055,286.055,0.14,0.15,0.85,0.86,0.01,0.01,73076.62,1775954984000
1775954986.397,286.397,0.13,0.22,0.86,0.87,0.09,0.01,73076.63,1775954985000
1775954986.755,286.755,0.2,0.25,0.76,0.81,0.05,0.05,73076.63,1775954985000
1775954987.169,287.169,0.19,0.2,0.8,0.81,0.01,0.01,73076.63,1775954985000
1775954987.562,287.562,0.23,0.24,0.75,0.78,0.01,0.03,73069.84,1775954986000
1775954987.924,287.924,0.22,0.32,0.62,0.74,0.1,0.12,73069.84,1775954986000
1775954988.28,288.28,0.25,0.26,0.73,0.75,0.01,0.02,73069.84,1775954986000
1775954988.638,288.638,0.21,0.22,0.78,0.79,0.01,0.01,73068.95,1775954987000
1775954989.127,289.127,0.28,0.3,0.64,0.79,0.02,0.15,73068.95,1775954987000
1775954989.46,289.46,0.24,0.26,0.72,0.76,0.02,0.04,73067.81,1775954988000
1775954989.872,289.872,0.26,0.29,0.69,0.74,0.03,0.05,73067.81,1775954988000
1775954990.319,290.319,0.26,0.28,0.7,0.74,0.02,0.04,73067.81,1775954988000
1775954990.666,290.666,0.41,0.42,0.58,0.59,0.01,0.01,73067.96,1775954989000
1775954991.039,291.039,0.41,0.42,0.58,0.59,0.01,0.01,73067.96,1775954989000
1775954991.447,291.447,0.41,0.42,0.58,0.59,0.01,0.01,73067.96,1775954989000
1775954991.888,291.888,0.42,0.44,0.56,0.57,0.02,0.01,73067.96,1775954990000
1775954992.287,292.287,0.42,0.43,0.56,0.58,0.01,0.02,73067.96,1775954990000
1775954992.622,292.622,0.09,0.11,0.89,0.91,0.02,0.02,73068.52,1775954991000
1775954992.96,292.96,0.04,0.05,0.95,0.96,0.01,0.01,73068.52,1775954991000
1775954993.31,293.31,0.04,0.05,0.95,0.96,0.01,0.01,73068.52,1775954992000
1775954993.682,293.682,0.16,0.17,0.83,0.84,0.01,0.01,73068.52,1775954992000
1775954994.015,294.015,0.06,0.09,0.89,0.95,0.03,0.06,73068.52,1775954992000
1775954994.373,294.373,0.04,0.05,0.95,0.96,0.01,0.01,73068.52,1775954993000
1775954994.707,294.707,0.13,0.18,0.82,0.83,0.05,0.01,73068.52,1775954993000
1775954995.066,295.066,0.12,0.17,0.77,0.88,0.05,0.11,73068.52,1775954993000
1775954995.401,295.401,0.15,0.23,0.84,0.85,0.08,0.01,73045.05,1775954994000
1775954995.736,295.736,0.22,0.23,0.77,0.78,0.01,0.01,73045.05,1775954994000
1775954996.183,296.183,0.16,0.2,0.77,0.88,0.04,0.11,73045.05,1775954994000
1775954996.537,296.537,0.26,0.27,0.73,0.74,0.01,0.01,73042.26,1775954995000
1775954996.919,296.919,0.12,0.3,0.87,0.89,0.18,0.02,73042.26,1775954995000
1775954997.31,297.31,0.1,0.12,0.88,0.89,0.02,0.01,73042.26,1775954995000
1775954997.652,297.652,0.12,0.13,0.87,0.88,0.01,0.01,73041.99,1775954996000
1775954998.078,298.078,0.11,0.13,0.87,0.88,0.02,0.01,73041.99,1775954996000
1775954998.454,298.454,0.03,0.12,0.88,0.89,0.09,0.01,73043.4,1775954997000
1775954998.799,298.799,0.03,0.04,0.94,0.96,0.01,0.02,73043.4,1775954997000
1775954999.153,299.153,0.02,0.05,0.95,0.97,0.03,0.02,73043.4,1775954997000
1775954999.559,299.559,0.04,0.01,0.99,0.96,-0.03,-0.03,73043.39,1775954998000
1775954999.954,299.954,0.04,0.01,0.99,0.96,-0.03,-0.03,73043.39,1775954998000
1775955000.307,300.307,0.04,0.01,0.99,0.96,-0.03,-0.03,73043.47,1775954999000
1775955000.651,300.651,0.04,0.01,0.99,0.96,-0.03,-0.03,73043.47,1775954999000

# RESULT,winner=Down,slug=btc-updown-5m-1775954700,ticks=711
