timestamp,elapsed_sec,up_bid,up_ask,down_bid,down_ask,up_spread,down_spread,btc_price,btc_oracle_ts
1776803700.507,0.507,0.46,0.47,0.53,0.54,0.01,0.01,75811.91,1776803699000
1776803701.017,1.017,0.45,0.46,0.53,0.54,0.01,0.01,75811.91,1776803699000
1776803701.385,1.385,0.45,0.46,0.54,0.55,0.01,0.01,75811.91,1776803699000
1776803701.838,1.838,0.45,0.46,0.54,0.55,0.01,0.01,75808.45,1776803700000
1776803702.172,2.172,0.45,0.46,0.54,0.55,0.01,0.01,75808.45,1776803701000
1776803702.515,2.515,0.45,0.46,0.54,0.55,0.01,0.01,75808.45,1776803701000
1776803702.947,2.947,0.45,0.46,0.54,0.55,0.01,0.01,75808.45,1776803701000
1776803703.5,3.5,0.46,0.47,0.53,0.54,0.01,0.01,75806.6,1776803702000
1776803703.945,3.945,0.46,0.47,0.53,0.54,0.01,0.01,75806.6,1776803702000
1776803704.298,4.298,0.46,0.47,0.53,0.54,0.01,0.01,75806.6,1776803702000
1776803704.657,4.657,0.46,0.47,0.53,0.54,0.01,0.01,75806.6,1776803703000
1776803705.127,5.127,0.46,0.47,0.52,0.54,0.01,0.02,75806.6,1776803703000
1776803705.482,5.482,0.46,0.47,0.53,0.54,0.01,0.01,75809.01,1776803704000
1776803705.815,5.815,0.46,0.49,0.51,0.54,0.03,0.03,75809.01,1776803704000
1776803706.152,6.152,0.57,0.6,0.41,0.43,0.03,0.02,75809.01,1776803704000
1776803706.501,6.501,0.58,0.59,0.41,0.42,0.01,0.01,75809.01,1776803705000
1776803706.862,6.862,0.58,0.59,0.41,0.42,0.01,0.01,75809.01,1776803705000
1776803707.21,7.21,0.58,0.59,0.41,0.42,0.01,0.01,75817.69,1776803706000
1776803707.596,7.596,0.58,0.59,0.4,0.42,0.01,0.02,75817.69,1776803706000
1776803707.956,7.956,0.58,0.59,0.41,0.42,0.01,0.01,75817.69,1776803706000
1776803708.307,8.307,0.58,0.59,0.41,0.42,0.01,0.01,75817.69,1776803706000
1776803708.744,8.744,0.58,0.59,0.41,0.42,0.01,0.01,75830.6,1776803707000
1776803709.086,9.086,0.58,0.59,0.41,0.42,0.01,0.01,75833.47,1776803708000
1776803709.43,9.43,0.59,0.6,0.4,0.42,0.01,0.02,75833.47,1776803708000
1776803709.794,9.794,0.59,0.6,0.4,0.41,0.01,0.01,75833.47,1776803708000
1776803710.148,10.148,0.59,0.6,0.4,0.41,0.01,0.01,75833.47,1776803708000
1776803710.572,10.572,0.58,0.6,0.4,0.41,0.02,0.01,75833.68,1776803709000
1776803710.963,10.963,0.58,0.59,0.41,0.42,0.01,0.01,75833.68,1776803709000
1776803711.419,11.419,0.58,0.59,0.41,0.42,0.01,0.01,75833.51,1776803710000
1776803711.964,11.964,0.58,0.59,0.41,0.42,0.01,0.01,75833.51,1776803711000
1776803712.372,12.372,0.58,0.59,0.41,0.42,0.01,0.01,75833.51,1776803711000
1776803712.834,12.834,0.58,0.59,0.41,0.42,0.01,0.01,75833.51,1776803711000
1776803713.183,13.183,0.58,0.59,0.41,0.42,0.01,0.01,75833.5,1776803712000
1776803713.554,13.554,0.58,0.59,0.41,0.42,0.01,0.01,75833.5,1776803712000
1776803714.045,14.045,0.58,0.59,0.41,0.42,0.01,0.01,75833.5,1776803713000
1776803714.439,14.439,0.56,0.58,0.42,0.44,0.02,0.02,75833.5,1776803713000
1776803714.783,14.783,0.56,0.57,0.43,0.44,0.01,0.01,75833.5,1776803713000
1776803715.117,15.117,0.56,0.57,0.43,0.44,0.01,0.01,75833.49,1776803714000
1776803715.52,15.52,0.56,0.57,0.43,0.44,0.01,0.01,75833.49,1776803714000
1776803715.885,15.885,0.55,0.56,0.44,0.45,0.01,0.01,75833.49,1776803714000
1776803716.22,16.22,0.56,0.58,0.44,0.45,0.02,0.01,75833.49,1776803714000
1776803716.591,16.591,0.58,0.59,0.41,0.43,0.01,0.02,75833.49,1776803714000
1776803716.934,16.934,0.58,0.59,0.41,0.42,0.01,0.01,75833.49,1776803714000
1776803717.805,17.805,0.58,0.59,0.41,0.42,0.01,0.01,75831.48,1776803715000
1776803718.142,18.142,0.58,0.6,0.4,0.42,0.02,0.02,75828.25,1776803716000
1776803718.489,18.489,0.59,0.6,0.4,0.41,0.01,0.01,75828.25,1776803716000
1776803718.838,18.838,0.59,0.6,0.4,0.41,0.01,0.01,75830.33,1776803717000
1776803719.205,19.205,0.59,0.6,0.4,0.41,0.01,0.01,75832.58,1776803718000
1776803719.551,19.551,0.59,0.6,0.4,0.41,0.01,0.01,75832.58,1776803718000
1776803719.897,19.897,0.59,0.6,0.4,0.41,0.01,0.01,75832.58,1776803718000
1776803720.239,20.239,0.59,0.6,0.4,0.41,0.01,0.01,75832.58,1776803718000
1776803720.655,20.655,0.59,0.6,0.4,0.41,0.01,0.01,75835.13,1776803719000
1776803721.016,21.016,0.59,0.6,0.4,0.41,0.01,0.01,75835.13,1776803719000
1776803721.364,21.364,0.59,0.6,0.4,0.41,0.01,0.01,75835.13,1776803720000
1776803721.699,21.699,0.52,0.55,0.45,0.48,0.03,0.03,75835.13,1776803720000
1776803722.073,22.073,0.5,0.51,0.49,0.5,0.01,0.01,75833.94,1776803721000
1776803722.412,22.412,0.5,0.51,0.49,0.5,0.01,0.01,75833.94,1776803721000
1776803722.752,22.752,0.5,0.51,0.49,0.5,0.01,0.01,75833.94,1776803721000
1776803723.386,23.386,0.51,0.52,0.48,0.5,0.01,0.02,75833.94,1776803721000
1776803723.918,23.918,0.51,0.52,0.48,0.49,0.01,0.01,75816.12,1776803722000
1776803724.482,24.482,0.51,0.52,0.48,0.49,0.01,0.01,75816.12,1776803723000
1776803724.899,24.899,0.51,0.52,0.48,0.49,0.01,0.01,75816.12,1776803723000
1776803725.45,25.45,0.51,0.52,0.48,0.49,0.01,0.01,75816.12,1776803723000
1776803725.798,25.798,0.52,0.53,0.47,0.48,0.01,0.01,75815.98,1776803724000
1776803726.165,26.165,0.52,0.53,0.47,0.48,0.01,0.01,75815.98,1776803724000
1776803726.564,26.564,0.52,0.53,0.47,0.48,0.01,0.01,75815.99,1776803725000
1776803727.394,27.394,0.52,0.53,0.47,0.48,0.01,0.01,75815.99,1776803726000
1776803727.849,27.849,0.52,0.53,0.47,0.48,0.01,0.01,75815.99,1776803726000
1776803728.238,28.238,0.52,0.53,0.47,0.48,0.01,0.01,75815.99,1776803726000
1776803729.008,29.008,0.51,0.52,0.47,0.49,0.01,0.02,75815.91,1776803727000
1776803729.521,29.521,0.51,0.52,0.48,0.49,0.01,0.01,75814.98,1776803728000
1776803729.885,29.885,0.51,0.52,0.48,0.49,0.01,0.01,75814.98,1776803728000
1776803730.365,30.365,0.51,0.55,0.48,0.49,0.04,0.01,75814.98,1776803728000
1776803730.737,30.737,0.59,0.62,0.4,0.41,0.03,0.01,75814.66,1776803729000
1776803731.096,31.096,0.6,0.61,0.39,0.4,0.01,0.01,75814.67,1776803730000
1776803731.472,31.472,0.58,0.59,0.41,0.42,0.01,0.01,75814.67,1776803730000
1776803731.844,31.844,0.57,0.58,0.42,0.43,0.01,0.01,75814.67,1776803730000
1776803732.178,32.178,0.56,0.57,0.43,0.44,0.01,0.01,75814.67,1776803730000
1776803732.52,32.52,0.56,0.57,0.43,0.44,0.01,0.01,75823.45,1776803731000
1776803733.008,33.008,0.56,0.57,0.43,0.44,0.01,0.01,75823.45,1776803731000
1776803733.7,33.7,0.56,0.57,0.43,0.44,0.01,0.01,75823.45,1776803732000
1776803734.499,34.499,0.55,0.56,0.43,0.45,0.01,0.02,75823.45,1776803732000
1776803734.924,34.924,0.55,0.56,0.44,0.45,0.01,0.01,75823.05,1776803733000
1776803735.408,35.408,0.56,0.57,0.43,0.44,0.01,0.01,75823.02,1776803734000
1776803736.121,36.121,0.56,0.57,0.43,0.44,0.01,0.01,75823.02,1776803734000
1776803736.476,36.476,0.58,0.61,0.41,0.42,0.03,0.01,75823.02,1776803735000
1776803736.811,36.811,0.6,0.61,0.39,0.4,0.01,0.01,75823.02,1776803735000
1776803737.32,37.32,0.6,0.61,0.39,0.4,0.01,0.01,75823.02,1776803735000
1776803737.761,37.761,0.6,0.62,0.39,0.4,0.02,0.01,75824.96,1776803736000
1776803738.253,38.253,0.61,0.62,0.38,0.39,0.01,0.01,75824.96,1776803736000
1776803738.755,38.755,0.61,0.62,0.38,0.39,0.01,0.01,75832.06,1776803737000
1776803739.269,39.269,0.61,0.62,0.38,0.39,0.01,0.01,75834.73,1776803738000
1776803739.699,39.699,0.61,0.62,0.38,0.39,0.01,0.01,75834.73,1776803738000
1776803740.102,40.102,0.6,0.62,0.38,0.39,0.02,0.01,75834.73,1776803738000
1776803740.445,40.445,0.58,0.6,0.39,0.42,0.02,0.03,75834.73,1776803738000
1776803741.135,41.135,0.57,0.58,0.41,0.43,0.01,0.02,75836.15,1776803739000
1776803741.677,41.677,0.56,0.57,0.43,0.44,0.01,0.01,75837.06,1776803740000
1776803742.062,42.062,0.52,0.53,0.47,0.48,0.01,0.01,75837.06,1776803740000
1776803742.445,42.445,0.52,0.53,0.47,0.48,0.01,0.01,75834.23,1776803741000
1776803742.782,42.782,0.52,0.53,0.47,0.48,0.01,0.01,75834.23,1776803741000
1776803743.294,43.294,0.52,0.53,0.47,0.48,0.01,0.01,75822.82,1776803742000
1776803743.683,43.683,0.52,0.53,0.47,0.48,0.01,0.01,75822.82,1776803742000
1776803744.077,44.077,0.52,0.53,0.47,0.48,0.01,0.01,75822.82,1776803742000
1776803744.49,44.49,0.52,0.53,0.47,0.48,0.01,0.01,75818.87,1776803743000
1776803744.922,44.922,0.52,0.54,0.47,0.48,0.02,0.01,75818.87,1776803743000
1776803745.325,45.325,0.53,0.54,0.46,0.47,0.01,0.01,75818.85,1776803744000
1776803745.793,45.793,0.54,0.55,0.45,0.47,0.01,0.02,75818.85,1776803744000
1776803746.231,46.231,0.54,0.56,0.44,0.46,0.02,0.02,75819.31,1776803745000
1776803746.602,46.602,0.53,0.55,0.44,0.45,0.02,0.01,75819.31,1776803745000
1776803747.07,47.07,0.53,0.54,0.46,0.47,0.01,0.01,75819.31,1776803745000
1776803747.413,47.413,0.42,0.43,0.46,0.59,0.01,0.13,75819.31,1776803745000
1776803747.754,47.754,0.48,0.49,0.51,0.52,0.01,0.01,75819.31,1776803745000
1776803748.092,48.092,0.49,0.5,0.5,0.52,0.01,0.02,75822.49,1776803746000
1776803748.459,48.459,0.49,0.5,0.5,0.51,0.01,0.01,75821.54,1776803747000
1776803748.884,48.884,0.49,0.5,0.5,0.51,0.01,0.01,75820.64,1776803748000
1776803749.23,49.23,0.49,0.5,0.5,0.51,0.01,0.01,75820.64,1776803748000
1776803749.673,49.673,0.49,0.5,0.5,0.51,0.01,0.01,75820.64,1776803748000
1776803750.009,50.009,0.52,0.54,0.46,0.48,0.02,0.02,75820.64,1776803748000
1776803750.413,50.413,0.53,0.54,0.46,0.47,0.01,0.01,75820.64,1776803748000
1776803750.809,50.809,0.54,0.55,0.45,0.46,0.01,0.01,75821.03,1776803749000
1776803751.446,51.446,0.54,0.55,0.45,0.46,0.01,0.01,75821.03,1776803749000
1776803751.995,51.995,0.54,0.55,0.45,0.46,0.01,0.01,75824.87,1776803750000
1776803752.472,52.472,0.54,0.55,0.45,0.46,0.01,0.01,75824.87,1776803751000
1776803752.91,52.91,0.54,0.55,0.45,0.46,0.01,0.01,75824.87,1776803751000
1776803753.373,53.373,0.56,0.57,0.43,0.44,0.01,0.01,75825.5,1776803752000
1776803753.727,53.727,0.56,0.57,0.43,0.44,0.01,0.01,75825.5,1776803752000
1776803754.338,54.338,0.56,0.57,0.43,0.44,0.01,0.01,75825.5,1776803753000
1776803754.959,54.959,0.56,0.57,0.43,0.44,0.01,0.01,75825.5,1776803753000
1776803755.569,55.569,0.56,0.57,0.43,0.44,0.01,0.01,75826.37,1776803754000
1776803756.043,56.043,0.56,0.57,0.43,0.44,0.01,0.01,75827.3,1776803755000
1776803756.6,56.6,0.56,0.57,0.43,0.44,0.01,0.01,75827.3,1776803755000
1776803757.31,57.31,0.56,0.57,0.43,0.44,0.01,0.01,75827.92,1776803756000
1776803757.933,57.933,0.56,0.57,0.43,0.44,0.01,0.01,75827.92,1776803756000
1776803758.336,58.336,0.56,0.58,0.42,0.44,0.02,0.02,75827.92,1776803756000
1776803758.82,58.82,0.59,0.6,0.4,0.41,0.01,0.01,75828.42,1776803757000
1776803759.309,59.309,0.59,0.6,0.4,0.41,0.01,0.01,75829.69,1776803758000
1776803759.693,59.693,0.6,0.61,0.39,0.4,0.01,0.01,75829.69,1776803758000
1776803760.035,60.035,0.61,0.62,0.38,0.39,0.01,0.01,75829.69,1776803758000
1776803760.502,60.502,0.61,0.62,0.38,0.39,0.01,0.01,75832.38,1776803759000
1776803760.88,60.88,0.6,0.61,0.38,0.4,0.01,0.02,75832.38,1776803759000
1776803761.267,61.267,0.59,0.61,0.39,0.41,0.02,0.02,75832.38,1776803759000
1776803761.637,61.637,0.59,0.6,0.4,0.41,0.01,0.01,75840.15,1776803760000
1776803762.022,62.022,0.59,0.6,0.4,0.41,0.01,0.01,75841.62,1776803761000
1776803762.48,62.48,0.58,0.59,0.41,0.42,0.01,0.01,75841.62,1776803761000
1776803762.903,62.903,0.58,0.59,0.41,0.42,0.01,0.01,75841.62,1776803761000
1776803763.302,63.302,0.58,0.59,0.41,0.42,0.01,0.01,75841.62,1776803761000
1776803763.673,63.673,0.58,0.59,0.41,0.42,0.01,0.01,75836.91,1776803762000
1776803764.133,64.133,0.59,0.6,0.4,0.41,0.01,0.01,75836.91,1776803763000
1776803764.471,64.471,0.58,0.59,0.41,0.42,0.01,0.01,75836.91,1776803763000
1776803764.881,64.881,0.59,0.6,0.41,0.42,0.01,0.01,75836.91,1776803763000
1776803765.338,65.338,0.59,0.6,0.4,0.41,0.01,0.01,75835.63,1776803764000
1776803765.787,65.787,0.59,0.6,0.4,0.41,0.01,0.01,75835.63,1776803764000
1776803766.15,66.15,0.59,0.6,0.4,0.41,0.01,0.01,75835.54,1776803765000
1776803766.51,66.51,0.61,0.62,0.4,0.41,0.01,0.01,75835.54,1776803765000
1776803766.87,66.87,0.62,0.63,0.37,0.38,0.01,0.01,75835.54,1776803765000
1776803767.292,67.292,0.63,0.64,0.36,0.37,0.01,0.01,75835.5,1776803766000
1776803767.768,67.768,0.63,0.64,0.36,0.37,0.01,0.01,75835.5,1776803766000
1776803768.151,68.151,0.64,0.65,0.36,0.37,0.01,0.01,75835.5,1776803766000
1776803768.596,68.596,0.64,0.65,0.35,0.36,0.01,0.01,75837.57,1776803767000
1776803768.949,68.949,0.66,0.68,0.32,0.34,0.02,0.02,75837.57,1776803767000
1776803769.303,69.303,0.67,0.68,0.32,0.33,0.01,0.01,75841.96,1776803768000
1776803769.644,69.644,0.67,0.68,0.32,0.33,0.01,0.01,75841.96,1776803768000
1776803769.978,69.978,0.67,0.68,0.32,0.33,0.01,0.01,75841.96,1776803768000
1776803770.328,70.328,0.67,0.68,0.32,0.33,0.01,0.01,75846.07,1776803769000
1776803770.965,70.965,0.68,0.69,0.31,0.32,0.01,0.01,75846.07,1776803769000
1776803771.314,71.314,0.68,0.69,0.31,0.32,0.01,0.01,75853.32,1776803770000
1776803771.866,71.866,0.68,0.69,0.31,0.32,0.01,0.01,75853.32,1776803770000
1776803772.225,72.225,0.68,0.69,0.31,0.32,0.01,0.01,75853.32,1776803770000
1776803772.607,72.607,0.68,0.69,0.31,0.32,0.01,0.01,75853.33,1776803771000
1776803773.049,73.049,0.68,0.69,0.31,0.32,0.01,0.01,75853.33,1776803772000
1776803773.479,73.479,0.68,0.69,0.31,0.32,0.01,0.01,75853.33,1776803772000
1776803773.906,73.906,0.68,0.69,0.31,0.32,0.01,0.01,75853.33,1776803772000
1776803774.325,74.325,0.68,0.69,0.31,0.32,0.01,0.01,75853.62,1776803773000
1776803774.682,74.682,0.68,0.69,0.31,0.32,0.01,0.01,75853.62,1776803773000
1776803775.034,75.034,0.68,0.69,0.31,0.32,0.01,0.01,75855.58,1776803774000
1776803775.672,75.672,0.68,0.69,0.31,0.32,0.01,0.01,75855.58,1776803774000
1776803776.027,76.027,0.66,0.69,0.31,0.34,0.03,0.03,75855.58,1776803774000
1776803776.367,76.367,0.62,0.66,0.34,0.38,0.04,0.04,75855.58,1776803774000
1776803776.79,76.79,0.59,0.61,0.39,0.41,0.02,0.02,75846.6,1776803775000
1776803777.165,77.165,0.59,0.6,0.4,0.41,0.01,0.01,75846.51,1776803776000
1776803777.509,77.509,0.59,0.6,0.4,0.41,0.01,0.01,75846.51,1776803776000
1776803777.923,77.923,0.59,0.6,0.4,0.41,0.01,0.01,75846.51,1776803776000
1776803778.38,78.38,0.59,0.6,0.4,0.41,0.01,0.01,75841.95,1776803777000
1776803778.743,78.743,0.59,0.6,0.4,0.41,0.01,0.01,75841.95,1776803777000
1776803779.226,79.226,0.59,0.6,0.4,0.41,0.01,0.01,75841.95,1776803777000
1776803779.618,79.618,0.6,0.61,0.39,0.41,0.01,0.02,75841.95,1776803778000
1776803780.06,80.06,0.6,0.61,0.39,0.4,0.01,0.01,75841.95,1776803778000
1776803780.423,80.423,0.6,0.61,0.39,0.4,0.01,0.01,75840.77,1776803779000
1776803780.767,80.767,0.61,0.62,0.38,0.39,0.01,0.01,75840.77,1776803779000
1776803781.634,81.634,0.62,0.64,0.36,0.38,0.02,0.02,75840.12,1776803780000
1776803782.069,82.069,0.63,0.64,0.36,0.37,0.01,0.01,75840.12,1776803781000
1776803782.433,82.433,0.63,0.64,0.36,0.37,0.01,0.01,75840.12,1776803781000
1776803782.937,82.937,0.63,0.64,0.36,0.37,0.01,0.01,75840.12,1776803781000
1776803783.356,83.356,0.63,0.64,0.36,0.37,0.01,0.01,75840.54,1776803782000
1776803783.864,83.864,0.63,0.64,0.36,0.37,0.01,0.01,75840.54,1776803782000
1776803784.241,84.241,0.63,0.64,0.36,0.37,0.01,0.01,75840.54,1776803783000
1776803784.653,84.653,0.63,0.64,0.36,0.37,0.01,0.01,75840.54,1776803783000
1776803785.146,85.146,0.63,0.64,0.36,0.37,0.01,0.01,75840.54,1776803783000
1776803785.524,85.524,0.63,0.64,0.36,0.37,0.01,0.01,75840.54,1776803784000
1776803786.052,86.052,0.63,0.64,0.36,0.37,0.01,0.01,75840.54,1776803784000
1776803786.387,86.387,0.6,0.61,0.39,0.4,0.01,0.01,75840.55,1776803785000
1776803786.723,86.723,0.59,0.61,0.39,0.41,0.02,0.02,75840.55,1776803785000
1776803787.119,87.119,0.59,0.6,0.4,0.41,0.01,0.01,75840.55,1776803785000
1776803787.548,87.548,0.59,0.6,0.4,0.41,0.01,0.01,75838.79,1776803786000
1776803787.924,87.924,0.59,0.6,0.4,0.41,0.01,0.01,75838.79,1776803786000
1776803788.292,88.292,0.59,0.6,0.4,0.41,0.01,0.01,75837.46,1776803787000
1776803788.702,88.702,0.58,0.59,0.41,0.42,0.01,0.01,75837.46,1776803787000
1776803789.073,89.073,0.57,0.58,0.42,0.43,0.01,0.01,75837.46,1776803787000
1776803789.406,89.406,0.57,0.58,0.42,0.43,0.01,0.01,75837.46,1776803787000
1776803790.416,90.416,0.57,0.58,0.42,0.43,0.01,0.01,75833.33,1776803789000
1776803790.845,90.845,0.57,0.58,0.42,0.43,0.01,0.01,75833.33,1776803789000
1776803791.212,91.212,0.56,0.58,0.42,0.44,0.02,0.02,75831.43,1776803790000
1776803791.673,91.673,0.57,0.58,0.42,0.43,0.01,0.01,75831.43,1776803790000
1776803792.221,92.221,0.51,0.53,0.47,0.49,0.02,0.02,75830.39,1776803791000
1776803792.612,92.612,0.53,0.54,0.46,0.47,0.01,0.01,75830.39,1776803791000
1776803792.947,92.947,0.53,0.54,0.46,0.47,0.01,0.01,75830.39,1776803791000
1776803793.289,93.289,0.53,0.54,0.46,0.47,0.01,0.01,75830.39,1776803791000
1776803793.623,93.623,0.46,0.53,0.47,0.54,0.07,0.07,75830.39,1776803791000
1776803794.248,94.248,0.49,0.5,0.5,0.51,0.01,0.01,75825.02,1776803792000
1776803794.582,94.582,0.49,0.5,0.5,0.51,0.01,0.01,75822.89,1776803793000
1776803794.969,94.969,0.49,0.5,0.5,0.51,0.01,0.01,75822.89,1776803793000
1776803795.592,95.592,0.49,0.5,0.5,0.51,0.01,0.01,75822.23,1776803794000
1776803795.998,95.998,0.49,0.5,0.5,0.51,0.01,0.01,75822.23,1776803794000
1776803796.421,96.421,0.49,0.5,0.5,0.51,0.01,0.01,75822.23,1776803794000
1776803796.832,96.832,0.49,0.5,0.5,0.51,0.01,0.01,75818.56,1776803795000
1776803797.504,97.504,0.49,0.5,0.5,0.51,0.01,0.01,75818.56,1776803795000
1776803798.058,98.058,0.49,0.5,0.5,0.51,0.01,0.01,75816.42,1776803796000
1776803798.536,98.536,0.49,0.5,0.5,0.51,0.01,0.01,75816.42,1776803797000
1776803798.878,98.878,0.48,0.5,0.5,0.51,0.02,0.01,75816.42,1776803797000
1776803799.256,99.256,0.47,0.5,0.5,0.54,0.03,0.04,75816.42,1776803798000
1776803799.595,99.595,0.47,0.5,0.5,0.53,0.03,0.03,75816.42,1776803798000
1776803800.001,100.001,0.45,0.5,0.5,0.55,0.05,0.05,75816.42,1776803798000
1776803800.428,100.428,0.45,0.47,0.51,0.55,0.02,0.04,75816.42,1776803798000
1776803800.816,100.816,0.45,0.46,0.54,0.55,0.01,0.01,75812.55,1776803799000
1776803801.185,101.185,0.44,0.45,0.55,0.57,0.01,0.02,75812.55,1776803799000
1776803801.556,101.556,0.41,0.43,0.57,0.59,0.02,0.02,75806.37,1776803800000
1776803801.913,101.913,0.41,0.42,0.58,0.59,0.01,0.01,75806.37,1776803800000
1776803802.296,102.296,0.38,0.39,0.6,0.62,0.01,0.02,75800.37,1776803801000
1776803802.631,102.631,0.37,0.39,0.61,0.63,0.02,0.02,75800.37,1776803801000
1776803803.086,103.086,0.37,0.38,0.62,0.63,0.01,0.01,75800.37,1776803801000
1776803803.492,103.492,0.37,0.38,0.62,0.63,0.01,0.01,75797.6,1776803802000
1776803803.991,103.991,0.37,0.38,0.62,0.63,0.01,0.01,75797.6,1776803802000
1776803804.509,104.509,0.37,0.38,0.62,0.63,0.01,0.01,75797.57,1776803803000
1776803804.859,104.859,0.37,0.38,0.62,0.63,0.01,0.01,75797.57,1776803803000
1776803805.275,105.275,0.37,0.38,0.62,0.63,0.01,0.01,75797.57,1776803803000
1776803805.664,105.664,0.36,0.37,0.62,0.64,0.01,0.02,75797.57,1776803803000
1776803806.023,106.023,0.36,0.38,0.6,0.64,0.02,0.04,75797.33,1776803804000
1776803806.397,106.397,0.37,0.38,0.62,0.63,0.01,0.01,75797.33,1776803804000
1776803806.935,106.935,0.37,0.38,0.62,0.63,0.01,0.01,75794.22,1776803805000
1776803807.433,107.433,0.37,0.38,0.62,0.63,0.01,0.01,75794.22,1776803805000
1776803807.951,107.951,0.37,0.38,0.62,0.63,0.01,0.01,75794.22,1776803805000
1776803808.313,108.313,0.37,0.38,0.62,0.63,0.01,0.01,75794.22,1776803805000
1776803808.658,108.658,0.37,0.38,0.62,0.63,0.01,0.01,75794.14,1776803807000
1776803809.006,109.006,0.35,0.36,0.64,0.65,0.01,0.01,75794.14,1776803807000
1776803809.374,109.374,0.35,0.36,0.64,0.65,0.01,0.01,75791.88,1776803808000
1776803809.787,109.787,0.35,0.36,0.64,0.65,0.01,0.01,75791.88,1776803808000
1776803810.205,110.205,0.35,0.36,0.64,0.65,0.01,0.01,75789.6,1776803809000
1776803810.614,110.614,0.35,0.36,0.64,0.65,0.01,0.01,75789.6,1776803809000
1776803810.949,110.949,0.35,0.36,0.64,0.65,0.01,0.01,75789.6,1776803809000
1776803811.287,111.287,0.35,0.36,0.64,0.65,0.01,0.01,75789.6,1776803810000
1776803811.783,111.783,0.35,0.36,0.64,0.65,0.01,0.01,75789.6,1776803810000
1776803812.182,112.182,0.34,0.35,0.64,0.66,0.01,0.02,75789.6,1776803810000
1776803812.655,112.655,0.34,0.35,0.65,0.66,0.01,0.01,75788.63,1776803811000
1776803812.991,112.991,0.32,0.33,0.67,0.68,0.01,0.01,75788.64,1776803812000
1776803813.343,113.343,0.31,0.32,0.68,0.69,0.01,0.01,75788.64,1776803812000
1776803813.685,113.685,0.31,0.32,0.68,0.69,0.01,0.01,75788.64,1776803812000
1776803814.08,114.08,0.31,0.33,0.67,0.69,0.02,0.02,75788.64,1776803812000
1776803814.422,114.422,0.34,0.35,0.65,0.66,0.01,0.01,75786.43,1776803813000
1776803814.773,114.773,0.34,0.35,0.65,0.66,0.01,0.01,75786.43,1776803813000
1776803815.135,115.135,0.34,0.35,0.65,0.66,0.01,0.01,75786.43,1776803813000
1776803815.65,115.65,0.35,0.36,0.64,0.66,0.01,0.02,75783.71,1776803814000
1776803815.989,115.989,0.35,0.36,0.64,0.65,0.01,0.01,75783.71,1776803814000
1776803816.581,116.581,0.35,0.38,0.64,0.65,0.03,0.01,75789.92,1776803815000
1776803816.931,116.931,0.38,0.39,0.61,0.62,0.01,0.01,75789.92,1776803815000
1776803817.386,117.386,0.38,0.39,0.61,0.62,0.01,0.01,75789.92,1776803815000
1776803817.77,117.77,0.38,0.39,0.61,0.62,0.01,0.01,75789.34,1776803816000
1776803818.223,118.223,0.38,0.39,0.61,0.62,0.01,0.01,75788.54,1776803817000
1776803818.618,118.618,0.38,0.39,0.61,0.62,0.01,0.01,75788.54,1776803817000
1776803818.969,118.969,0.38,0.39,0.61,0.62,0.01,0.01,75788.54,1776803817000
1776803819.626,119.626,0.39,0.4,0.6,0.62,0.01,0.02,75791.56,1776803818000
1776803819.964,119.964,0.39,0.4,0.6,0.61,0.01,0.01,75791.56,1776803818000
1776803820.395,120.395,0.39,0.4,0.6,0.61,0.01,0.01,75790.5,1776803819000
1776803820.76,120.76,0.39,0.4,0.6,0.61,0.01,0.01,75790.5,1776803819000
1776803821.138,121.138,0.39,0.4,0.6,0.61,0.01,0.01,75790.5,1776803819000
1776803821.479,121.479,0.39,0.41,0.59,0.61,0.02,0.02,75791.6,1776803820000
1776803821.816,121.816,0.41,0.42,0.58,0.59,0.01,0.01,75791.6,1776803820000
1776803822.39,122.39,0.41,0.42,0.58,0.59,0.01,0.01,75791.6,1776803820000
1776803822.727,122.727,0.42,0.43,0.57,0.58,0.01,0.01,75791.6,1776803820000
1776803823.146,123.146,0.42,0.43,0.57,0.58,0.01,0.01,75793.85,1776803821000
1776803823.595,123.595,0.42,0.44,0.56,0.58,0.02,0.02,75793.85,1776803821000
1776803824.025,124.025,0.44,0.45,0.55,0.56,0.01,0.01,75800.79,1776803822000
1776803824.366,124.366,0.44,0.45,0.55,0.56,0.01,0.01,75802.03,1776803823000
1776803824.701,124.701,0.44,0.45,0.55,0.56,0.01,0.01,75802.03,1776803823000
1776803825.207,125.207,0.44,0.45,0.55,0.56,0.01,0.01,75802.03,1776803823000
1776803825.601,125.601,0.44,0.45,0.55,0.56,0.01,0.01,75803.31,1776803824000
1776803825.987,125.987,0.44,0.45,0.55,0.56,0.01,0.01,75803.31,1776803825000
1776803826.334,126.334,0.44,0.45,0.55,0.56,0.01,0.01,75803.31,1776803825000
1776803826.669,126.669,0.44,0.45,0.55,0.56,0.01,0.01,75803.31,1776803825000
1776803827.114,127.114,0.34,0.36,0.64,0.66,0.02,0.02,75803.31,1776803825000
1776803827.468,127.468,0.34,0.35,0.65,0.66,0.01,0.01,75801.2,1776803826000
1776803827.924,127.924,0.34,0.35,0.65,0.66,0.01,0.01,75801.2,1776803826000
1776803828.311,128.311,0.34,0.35,0.65,0.66,0.01,0.01,75801.2,1776803826000
1776803829.033,129.033,0.34,0.35,0.65,0.66,0.01,0.01,75794.77,1776803827000
1776803829.389,129.389,0.34,0.35,0.65,0.66,0.01,0.01,75792.91,1776803828000
1776803829.727,129.727,0.32,0.34,0.66,0.68,0.02,0.02,75792.91,1776803828000
1776803830.162,130.162,0.26,0.28,0.72,0.74,0.02,0.02,75792.91,1776803829000
1776803830.504,130.504,0.26,0.27,0.73,0.74,0.01,0.01,75792.91,1776803829000
1776803830.867,130.867,0.26,0.27,0.73,0.74,0.01,0.01,75792.91,1776803829000
1776803831.223,131.223,0.26,0.27,0.73,0.74,0.01,0.01,75788.11,1776803830000
1776803831.637,131.637,0.26,0.27,0.73,0.74,0.01,0.01,75788.11,1776803830000
1776803832.003,132.003,0.26,0.27,0.73,0.74,0.01,0.01,75788.11,1776803830000
1776803832.721,132.721,0.26,0.27,0.73,0.74,0.01,0.01,75781.15,1776803831000
1776803833.19,133.19,0.19,0.2,0.8,0.81,0.01,0.01,75779.66,1776803832000
1776803833.534,133.534,0.17,0.19,0.81,0.83,0.02,0.02,75779.66,1776803832000
1776803833.87,133.87,0.14,0.15,0.85,0.86,0.01,0.01,75779.66,1776803832000
1776803834.213,134.213,0.14,0.19,0.85,0.86,0.05,0.01,75779.66,1776803832000
1776803834.557,134.557,0.16,0.17,0.83,0.84,0.01,0.01,75779.66,1776803832000
1776803834.9,134.9,0.16,0.17,0.83,0.84,0.01,0.01,75779.66,1776803832000
1776803835.242,135.242,0.16,0.17,0.83,0.84,0.01,0.01,75779.66,1776803832000
1776803835.601,135.601,0.18,0.19,0.81,0.83,0.01,0.02,75768.32,1776803834000
1776803836.025,136.025,0.17,0.18,0.82,0.83,0.01,0.01,75768.32,1776803834000
1776803836.402,136.402,0.17,0.18,0.82,0.83,0.01,0.01,75768.32,1776803834000
1776803836.805,136.805,0.17,0.18,0.82,0.83,0.01,0.01,75761.07,1776803835000
1776803837.144,137.144,0.17,0.18,0.82,0.83,0.01,0.01,75760.81,1776803836000
1776803837.547,137.547,0.17,0.18,0.82,0.83,0.01,0.01,75760.81,1776803836000
1776803838.039,138.039,0.17,0.18,0.82,0.83,0.01,0.01,75760.81,1776803836000
1776803838.378,138.378,0.16,0.18,0.82,0.83,0.02,0.01,75760.81,1776803836000
1776803838.716,138.716,0.15,0.16,0.84,0.85,0.01,0.01,75760.81,1776803836000
1776803839.113,139.113,0.15,0.16,0.84,0.85,0.01,0.01,75757.86,1776803838000
1776803839.509,139.509,0.15,0.16,0.84,0.85,0.01,0.01,75757.86,1776803838000
1776803839.844,139.844,0.14,0.16,0.84,0.86,0.02,0.02,75757.86,1776803838000
1776803840.26,140.26,0.15,0.16,0.84,0.85,0.01,0.01,75757.86,1776803838000
1776803840.606,140.606,0.17,0.18,0.82,0.83,0.01,0.01,75750.42,1776803839000
1776803841.109,141.109,0.17,0.18,0.82,0.83,0.01,0.01,75751.46,1776803840000
1776803841.651,141.651,0.17,0.18,0.82,0.83,0.01,0.01,75751.46,1776803840000
1776803841.988,141.988,0.12,0.13,0.87,0.89,0.01,0.02,75751.46,1776803840000
1776803842.378,142.378,0.12,0.13,0.87,0.88,0.01,0.01,75751.46,1776803840000
1776803842.716,142.716,0.13,0.14,0.86,0.87,0.01,0.01,75750.31,1776803841000
1776803843.129,143.129,0.13,0.14,0.86,0.87,0.01,0.01,75750.31,1776803841000
1776803843.484,143.484,0.13,0.14,0.86,0.87,0.01,0.01,75748.67,1776803842000
1776803843.82,143.82,0.13,0.14,0.86,0.87,0.01,0.01,75748.67,1776803842000
1776803844.303,144.303,0.13,0.14,0.86,0.87,0.01,0.01,75747.23,1776803843000
1776803844.662,144.662,0.13,0.14,0.86,0.87,0.01,0.01,75747.23,1776803843000
1776803845.131,145.131,0.13,0.14,0.86,0.87,0.01,0.01,75747.23,1776803843000
1776803845.483,145.483,0.14,0.15,0.85,0.87,0.01,0.02,75747.23,1776803843000
1776803845.938,145.938,0.14,0.15,0.85,0.86,0.01,0.01,75744.32,1776803844000
1776803846.288,146.288,0.15,0.17,0.83,0.85,0.02,0.02,75744.32,1776803844000
1776803846.637,146.637,0.17,0.18,0.82,0.83,0.01,0.01,75744.32,1776803845000
1776803847.117,147.117,0.18,0.19,0.81,0.82,0.01,0.01,75744.32,1776803845000
1776803847.474,147.474,0.17,0.18,0.81,0.82,0.01,0.01,75743.74,1776803846000
1776803847.852,147.852,0.15,0.16,0.84,0.85,0.01,0.01,75743.74,1776803846000
1776803848.463,148.463,0.15,0.16,0.84,0.85,0.01,0.01,75743.74,1776803846000
1776803848.883,148.883,0.13,0.14,0.86,0.87,0.01,0.01,75748.69,1776803847000
1776803849.26,149.26,0.13,0.14,0.86,0.87,0.01,0.01,75748.69,1776803847000
1776803849.625,149.625,0.13,0.14,0.86,0.87,0.01,0.01,75749.37,1776803848000
1776803850.146,150.146,0.13,0.14,0.86,0.87,0.01,0.01,75749.37,1776803848000
1776803850.665,150.665,0.13,0.14,0.86,0.87,0.01,0.01,75748.5,1776803849000
1776803851.01,151.01,0.12,0.13,0.87,0.88,0.01,0.01,75748.5,1776803849000
1776803851.368,151.368,0.12,0.13,0.87,0.88,0.01,0.01,75748.5,1776803849000
1776803851.763,151.763,0.12,0.13,0.87,0.88,0.01,0.01,75748.5,1776803849000
1776803852.16,152.16,0.09,0.1,0.89,0.92,0.01,0.03,75742.73,1776803850000
1776803852.51,152.51,0.09,0.1,0.9,0.91,0.01,0.01,75742.59,1776803851000
1776803852.902,152.902,0.09,0.1,0.9,0.91,0.01,0.01,75742.59,1776803851000
1776803853.391,153.391,0.09,0.1,0.9,0.91,0.01,0.01,75742.59,1776803851000
1776803853.931,153.931,0.09,0.1,0.9,0.91,0.01,0.01,75740.36,1776803852000
1776803854.372,154.372,0.08,0.09,0.91,0.92,0.01,0.01,75740.36,1776803852000
1776803854.909,154.909,0.08,0.09,0.91,0.92,0.01,0.01,75728.45,1776803853000
1776803855.439,155.439,0.08,0.09,0.91,0.92,0.01,0.01,75728.45,1776803853000
1776803855.878,155.878,0.08,0.09,0.91,0.92,0.01,0.01,75728.45,1776803853000
1776803856.383,156.383,0.08,0.09,0.91,0.92,0.01,0.01,75725.94,1776803855000
1776803856.748,156.748,0.08,0.09,0.91,0.92,0.01,0.01,75725.94,1776803855000
1776803857.153,157.153,0.08,0.09,0.91,0.92,0.01,0.01,75725.94,1776803855000
1776803857.551,157.551,0.07,0.09,0.91,0.93,0.02,0.02,75718.32,1776803856000
1776803857.916,157.916,0.08,0.09,0.91,0.92,0.01,0.01,75718.32,1776803856000
1776803858.257,158.257,0.07,0.08,0.91,0.93,0.01,0.02,75718.01,1776803857000
1776803858.833,158.833,0.07,0.08,0.92,0.93,0.01,0.01,75718.01,1776803857000
1776803859.184,159.184,0.07,0.08,0.92,0.93,0.01,0.01,75718.01,1776803857000
1776803859.612,159.612,0.07,0.08,0.92,0.93,0.01,0.01,75718.01,1776803858000
1776803859.999,159.999,0.07,0.08,0.92,0.93,0.01,0.01,75718.01,1776803858000
1776803860.338,160.338,0.06,0.08,0.92,0.93,0.02,0.01,75718.01,1776803858000
1776803860.717,160.717,0.06,0.07,0.93,0.94,0.01,0.01,75718.01,1776803859000
1776803861.073,161.073,0.06,0.07,0.93,0.94,0.01,0.01,75718.01,1776803860000
1776803861.423,161.423,0.06,0.07,0.93,0.94,0.01,0.01,75718.01,1776803860000
1776803861.826,161.826,0.06,0.07,0.93,0.94,0.01,0.01,75718.01,1776803860000
1776803862.224,162.224,0.06,0.07,0.93,0.94,0.01,0.01,75713.93,1776803861000
1776803862.61,162.61,0.06,0.07,0.93,0.94,0.01,0.01,75713.93,1776803861000
1776803862.972,162.972,0.06,0.07,0.93,0.94,0.01,0.01,75713.93,1776803861000
1776803863.349,163.349,0.06,0.07,0.93,0.94,0.01,0.01,75705.7,1776803862000
1776803863.847,163.847,0.06,0.07,0.93,0.94,0.01,0.01,75705.7,1776803862000
1776803864.395,164.395,0.05,0.07,0.93,0.95,0.02,0.02,75704.59,1776803863000
1776803864.749,164.749,0.06,0.07,0.93,0.94,0.01,0.01,75704.59,1776803863000
1776803865.539,165.539,0.06,0.07,0.93,0.94,0.01,0.01,75704.59,1776803863000
1776803865.877,165.877,0.05,0.06,0.94,0.95,0.01,0.01,75704.38,1776803864000
1776803866.35,166.35,0.05,0.06,0.94,0.95,0.01,0.01,75704.55,1776803865000
1776803866.76,166.76,0.05,0.06,0.94,0.95,0.01,0.01,75704.55,1776803865000
1776803867.318,167.318,0.05,0.06,0.94,0.95,0.01,0.01,75703.95,1776803866000
1776803867.661,167.661,0.05,0.06,0.94,0.95,0.01,0.01,75703.95,1776803866000
1776803868.088,168.088,0.05,0.06,0.94,0.95,0.01,0.01,75703.95,1776803866000
1776803868.473,168.473,0.04,0.05,0.95,0.96,0.01,0.01,75701.99,1776803867000
1776803868.84,168.84,0.04,0.05,0.95,0.96,0.01,0.01,75701.99,1776803867000
1776803869.175,169.175,0.04,0.05,0.95,0.96,0.01,0.01,75701.99,1776803867000
1776803869.537,169.537,0.04,0.05,0.95,0.96,0.01,0.01,75696.94,1776803868000
1776803869.89,169.89,0.04,0.05,0.95,0.96,0.01,0.01,75696.94,1776803868000
1776803870.479,170.479,0.04,0.05,0.95,0.96,0.01,0.01,75693.22,1776803869000
1776803871.061,171.061,0.04,0.05,0.95,0.96,0.01,0.01,75693.22,1776803869000
1776803871.537,171.537,0.04,0.05,0.95,0.96,0.01,0.01,75693.58,1776803870000
1776803871.886,171.886,0.04,0.05,0.95,0.96,0.01,0.01,75693.58,1776803870000
1776803872.264,172.264,0.04,0.05,0.95,0.96,0.01,0.01,75691.83,1776803871000
1776803872.642,172.642,0.04,0.05,0.95,0.96,0.01,0.01,75691.83,1776803871000
1776803873.073,173.073,0.04,0.07,0.95,0.96,0.03,0.01,75691.83,1776803871000
1776803873.416,173.416,0.06,0.07,0.93,0.94,0.01,0.01,75691.22,1776803872000
1776803873.755,173.755,0.1,0.11,0.89,0.9,0.01,0.01,75691.22,1776803872000
1776803874.2,174.2,0.11,0.12,0.88,0.89,0.01,0.01,75691.22,1776803872000
1776803874.607,174.607,0.11,0.12,0.88,0.89,0.01,0.01,75697.62,1776803873000
1776803875.018,175.018,0.11,0.12,0.88,0.89,0.01,0.01,75697.62,1776803873000
1776803875.415,175.415,0.11,0.12,0.83,0.89,0.01,0.06,75719.57,1776803874000
1776803875.815,175.815,0.11,0.12,0.88,0.89,0.01,0.01,75719.57,1776803874000
1776803876.15,176.15,0.11,0.12,0.88,0.89,0.01,0.01,75719.57,1776803874000
1776803876.522,176.522,0.11,0.12,0.88,0.89,0.01,0.01,75722.96,1776803875000
1776803876.938,176.938,0.11,0.12,0.88,0.89,0.01,0.01,75722.96,1776803875000
1776803877.309,177.309,0.11,0.12,0.88,0.89,0.01,0.01,75722.96,1776803875000
1776803877.747,177.747,0.11,0.12,0.88,0.89,0.01,0.01,75722.8,1776803876000
1776803878.148,178.148,0.11,0.12,0.88,0.89,0.01,0.01,75724.07,1776803877000
1776803878.529,178.529,0.11,0.12,0.88,0.89,0.01,0.01,75724.07,1776803877000
1776803878.884,178.884,0.11,0.12,0.88,0.89,0.01,0.01,75724.07,1776803877000
1776803879.239,179.239,0.1,0.11,0.89,0.9,0.01,0.01,75725.88,1776803878000
1776803879.787,179.787,0.1,0.11,0.89,0.9,0.01,0.01,75725.88,1776803878000
1776803880.316,180.316,0.1,0.11,0.89,0.9,0.01,0.01,75725.91,1776803879000
1776803880.851,180.851,0.1,0.11,0.89,0.9,0.01,0.01,75725.91,1776803879000
1776803881.325,181.325,0.1,0.11,0.89,0.9,0.01,0.01,75715.95,1776803880000
1776803881.659,181.659,0.09,0.1,0.9,0.91,0.01,0.01,75715.95,1776803880000
1776803881.994,181.994,0.09,0.1,0.9,0.91,0.01,0.01,75715.95,1776803880000
1776803882.392,182.392,0.09,0.1,0.9,0.91,0.01,0.01,75719.86,1776803881000
1776803882.741,182.741,0.09,0.1,0.9,0.91,0.01,0.01,75719.86,1776803881000
1776803883.08,183.08,0.09,0.1,0.9,0.91,0.01,0.01,75719.86,1776803881000
1776803883.512,183.512,0.09,0.1,0.9,0.91,0.01,0.01,75719.86,1776803881000
1776803883.868,183.868,0.09,0.1,0.9,0.91,0.01,0.01,75721.33,1776803882000
1776803884.243,184.243,0.09,0.1,0.9,0.91,0.01,0.01,75721.33,1776803882000
1776803884.598,184.598,0.09,0.1,0.9,0.91,0.01,0.01,75721.93,1776803883000
1776803885.059,185.059,0.09,0.1,0.9,0.91,0.01,0.01,75721.93,1776803883000
1776803885.449,185.449,0.09,0.1,0.9,0.91,0.01,0.01,75724.41,1776803884000
1776803885.876,185.876,0.09,0.1,0.9,0.91,0.01,0.01,75724.41,1776803884000
1776803886.223,186.223,0.09,0.1,0.9,0.91,0.01,0.01,75723.89,1776803885000
1776803886.726,186.726,0.09,0.1,0.9,0.91,0.01,0.01,75723.89,1776803885000
1776803887.202,187.202,0.09,0.1,0.9,0.91,0.01,0.01,75723.89,1776803885000
1776803887.56,187.56,0.09,0.1,0.9,0.91,0.01,0.01,75724.02,1776803886000
1776803887.952,187.952,0.09,0.1,0.9,0.91,0.01,0.01,75724.02,1776803886000
1776803888.306,188.306,0.09,0.1,0.9,0.91,0.01,0.01,75725.85,1776803887000
1776803888.836,188.836,0.09,0.1,0.9,0.91,0.01,0.01,75725.85,1776803887000
1776803889.19,189.19,0.09,0.1,0.9,0.91,0.01,0.01,75725.85,1776803887000
1776803889.65,189.65,0.09,0.1,0.89,0.91,0.01,0.02,75725.85,1776803887000
1776803890.136,190.136,0.09,0.1,0.9,0.91,0.01,0.01,75725.67,1776803888000
1776803890.495,190.495,0.09,0.1,0.9,0.91,0.01,0.01,75725.67,1776803889000
1776803890.94,190.94,0.09,0.1,0.9,0.91,0.01,0.01,75725.67,1776803889000
1776803891.356,191.356,0.08,0.09,0.91,0.92,0.01,0.01,75725.67,1776803889000
1776803891.805,191.805,0.07,0.08,0.92,0.93,0.01,0.01,75726.89,1776803890000
1776803892.21,192.21,0.07,0.08,0.92,0.93,0.01,0.01,75725.55,1776803891000
1776803892.567,192.567,0.07,0.08,0.92,0.93,0.01,0.01,75725.55,1776803891000
1776803893.144,193.144,0.08,0.09,0.91,0.92,0.01,0.01,75725.55,1776803891000
1776803893.484,193.484,0.08,0.09,0.91,0.92,0.01,0.01,75725.55,1776803891000
1776803893.833,193.833,0.08,0.09,0.91,0.92,0.01,0.01,75722.58,1776803892000
1776803894.833,194.833,0.08,0.09,0.91,0.92,0.01,0.01,75724.07,1776803893000
1776803895.339,195.339,0.07,0.08,0.91,0.92,0.01,0.01,75725.93,1776803894000
1776803895.808,195.808,0.07,0.08,0.92,0.93,0.01,0.01,75725.93,1776803894000
1776803896.157,196.157,0.07,0.08,0.92,0.93,0.01,0.01,75725.93,1776803894000
1776803896.552,196.552,0.07,0.08,0.92,0.93,0.01,0.01,75725.92,1776803895000
1776803897.731,197.731,0.07,0.08,0.92,0.93,0.01,0.01,75725.8,1776803896000
1776803898.098,198.098,0.07,0.08,0.92,0.93,0.01,0.01,75725.8,1776803896000
1776803898.855,198.855,0.07,0.08,0.92,0.93,0.01,0.01,75725.48,1776803897000
1776803899.503,199.503,0.07,0.08,0.92,0.93,0.01,0.01,75723.75,1776803898000
1776803900.203,200.203,0.07,0.08,0.92,0.93,0.01,0.01,75723.38,1776803899000
1776803900.578,200.578,0.07,0.08,0.92,0.93,0.01,0.01,75723.38,1776803899000
1776803901.093,201.093,0.06,0.07,0.92,0.94,0.01,0.02,75723.38,1776803899000
1776803901.43,201.43,0.06,0.07,0.93,0.94,0.01,0.01,75721.55,1776803900000
1776803901.767,201.767,0.06,0.07,0.92,0.94,0.01,0.02,75721.55,1776803900000
1776803902.313,202.313,0.06,0.07,0.93,0.94,0.01,0.01,75721.55,1776803900000
1776803902.769,202.769,0.06,0.07,0.93,0.94,0.01,0.01,75721.8,1776803901000
1776803903.13,203.13,0.06,0.07,0.93,0.94,0.01,0.01,75719.77,1776803902000
1776803903.543,203.543,0.06,0.07,0.93,0.94,0.01,0.01,75719.77,1776803902000
1776803903.91,203.91,0.06,0.07,0.93,0.94,0.01,0.01,75719.77,1776803902000
1776803904.249,204.249,0.06,0.07,0.93,0.94,0.01,0.01,75719.77,1776803903000
1776803904.614,204.614,0.06,0.07,0.93,0.94,0.01,0.01,75719.77,1776803903000
1776803905.354,205.354,0.05,0.07,0.93,0.94,0.02,0.01,75719.77,1776803903000
1776803905.712,205.712,0.05,0.06,0.93,0.96,0.01,0.03,75719.77,1776803904000
1776803906.074,206.074,0.04,0.05,0.95,0.96,0.01,0.01,75719.77,1776803904000
1776803906.427,206.427,0.04,0.05,0.95,0.96,0.01,0.01,75720.31,1776803905000
1776803906.823,206.823,0.04,0.05,0.95,0.96,0.01,0.01,75720.31,1776803905000
1776803907.439,207.439,0.05,0.06,0.94,0.95,0.01,0.01,75713.66,1776803906000
1776803907.802,207.802,0.05,0.06,0.94,0.95,0.01,0.01,75713.66,1776803906000
1776803908.203,208.203,0.05,0.06,0.94,0.95,0.01,0.01,75713.75,1776803907000
1776803908.616,208.616,0.05,0.06,0.94,0.95,0.01,0.01,75713.75,1776803907000
1776803908.981,208.981,0.05,0.06,0.94,0.95,0.01,0.01,75713.75,1776803907000
1776803909.337,209.337,0.05,0.06,0.94,0.95,0.01,0.01,75719.43,1776803908000
1776803909.776,209.776,0.05,0.06,0.94,0.95,0.01,0.01,75719.43,1776803908000
1776803910.28,210.28,0.05,0.06,0.94,0.95,0.01,0.01,75719.43,1776803909000
1776803910.865,210.865,0.05,0.06,0.94,0.95,0.01,0.01,75719.43,1776803909000
1776803911.329,211.329,0.04,0.05,0.94,0.97,0.01,0.03,75719.43,1776803909000
1776803911.687,211.687,0.04,0.05,0.95,0.96,0.01,0.01,75719.89,1776803910000
1776803912.021,212.021,0.03,0.04,0.96,0.97,0.01,0.01,75719.89,1776803910000
1776803912.463,212.463,0.03,0.04,0.96,0.97,0.01,0.01,75718.19,1776803911000
1776803912.926,212.926,0.03,0.04,0.96,0.97,0.01,0.01,75717.13,1776803912000
1776803913.289,213.289,0.03,0.04,0.96,0.97,0.01,0.01,75717.13,1776803912000
1776803913.878,213.878,0.03,0.04,0.96,0.97,0.01,0.01,75717.13,1776803912000
1776803914.307,214.307,0.03,0.04,0.96,0.97,0.01,0.01,75714.98,1776803913000
1776803914.902,214.902,0.03,0.04,0.96,0.97,0.01,0.01,75711.63,1776803914000
1776803915.319,215.319,0.02,0.03,0.97,0.98,0.01,0.01,75711.63,1776803914000
1776803915.831,215.831,0.02,0.03,0.97,0.98,0.01,0.01,75711.63,1776803914000
1776803916.372,216.372,0.02,0.03,0.97,0.98,0.01,0.01,75711.52,1776803915000
1776803916.718,216.718,0.02,0.03,0.97,0.98,0.01,0.01,75711.52,1776803915000
1776803917.166,217.166,0.01,0.02,0.98,0.99,0.01,0.01,75708.37,1776803916000
1776803917.513,217.513,0.01,0.02,0.98,0.99,0.01,0.01,75708.37,1776803916000
1776803917.871,217.871,0.02,0.03,0.97,0.98,0.01,0.01,75708.37,1776803916000
1776803918.307,218.307,0.02,0.03,0.97,0.98,0.01,0.01,75704.92,1776803917000
1776803918.713,218.713,0.02,0.03,0.97,0.98,0.01,0.01,75704.92,1776803917000
1776803919.063,219.063,0.02,0.03,0.97,0.98,0.01,0.01,75701.23,1776803918000
1776803919.451,219.451,0.01,0.03,0.97,0.98,0.02,0.01,75701.23,1776803918000
1776803919.836,219.836,0.02,0.03,0.97,0.98,0.01,0.01,75701.23,1776803918000
1776803920.176,220.176,0.01,0.02,0.97,0.99,0.01,0.02,75702.2,1776803919000
1776803920.522,220.522,0.01,0.02,0.98,0.99,0.01,0.01,75702.2,1776803919000
1776803920.967,220.967,0.01,0.02,0.98,0.99,0.01,0.01,75701.15,1776803920000
1776803921.392,221.392,0.01,0.02,0.98,0.99,0.01,0.01,75701.15,1776803920000
1776803921.819,221.819,0.01,0.03,0.97,0.99,0.02,0.02,75701.15,1776803920000
1776803922.526,222.526,0.01,0.02,0.97,0.99,0.01,0.02,75701.15,1776803921000
1776803923.039,223.039,0.01,0.02,0.98,0.99,0.01,0.01,75703.07,1776803922000
1776803923.377,223.377,0.01,0.02,0.98,0.99,0.01,0.01,75703.07,1776803922000
1776803923.76,223.76,0.01,0.02,0.98,0.99,0.01,0.01,75703.07,1776803922000
1776803924.218,224.218,0.03,0.04,0.96,0.97,0.01,0.01,75701.15,1776803923000
1776803924.553,224.553,0.03,0.04,0.96,0.97,0.01,0.01,75701.15,1776803923000
1776803924.94,224.94,0.03,0.04,0.96,0.97,0.01,0.01,75701.15,1776803923000
1776803925.353,225.353,0.03,0.04,0.96,0.97,0.01,0.01,75701.15,1776803923000
1776803925.691,225.691,0.03,0.04,0.96,0.97,0.01,0.01,75701.15,1776803923000
1776803926.152,226.152,0.03,0.06,0.96,0.97,0.03,0.01,75710.73,1776803924000
1776803926.492,226.492,0.04,0.05,0.94,0.97,0.01,0.03,75716.53,1776803925000
1776803927.204,227.204,0.04,0.05,0.95,0.96,0.01,0.01,75716.53,1776803925000
1776803927.821,227.821,0.04,0.05,0.95,0.96,0.01,0.01,75717.2,1776803926000
1776803928.199,228.199,0.05,0.06,0.94,0.96,0.01,0.02,75717.2,1776803926000
1776803928.56,228.56,0.05,0.06,0.94,0.95,0.01,0.01,75719.91,1776803927000
1776803928.92,228.92,0.05,0.06,0.94,0.95,0.01,0.01,75719.91,1776803927000
1776803929.419,229.419,0.05,0.06,0.94,0.95,0.01,0.01,75719.91,1776803927000
1776803929.774,229.774,0.07,0.08,0.92,0.93,0.01,0.01,75722.99,1776803928000
1776803930.191,230.191,0.07,0.08,0.92,0.93,0.01,0.01,75726.02,1776803929000
1776803930.554,230.554,0.07,0.08,0.92,0.93,0.01,0.01,75726.02,1776803929000
1776803930.973,230.973,0.07,0.08,0.92,0.93,0.01,0.01,75726.02,1776803929000
1776803931.358,231.358,0.07,0.08,0.92,0.93,0.01,0.01,75729.16,1776803930000
1776803931.919,231.919,0.07,0.08,0.92,0.93,0.01,0.01,75729.16,1776803930000
1776803932.293,232.293,0.07,0.08,0.92,0.94,0.01,0.02,75730.61,1776803931000
1776803932.636,232.636,0.06,0.07,0.93,0.94,0.01,0.01,75730.61,1776803931000
1776803933.185,233.185,0.06,0.07,0.93,0.94,0.01,0.01,75730.61,1776803931000
1776803933.666,233.666,0.06,0.07,0.93,0.94,0.01,0.01,75730.61,1776803932000
1776803934.03,234.03,0.06,0.07,0.93,0.94,0.01,0.01,75730.61,1776803932000
1776803934.384,234.384,0.06,0.07,0.93,0.94,0.01,0.01,75731.98,1776803933000
1776803934.782,234.782,0.06,0.07,0.93,0.94,0.01,0.01,75731.98,1776803933000
1776803935.13,235.13,0.06,0.07,0.93,0.94,0.01,0.01,75731.98,1776803933000
1776803935.493,235.493,0.04,0.05,0.95,0.96,0.01,0.01,75734.87,1776803934000
1776803935.865,235.865,0.04,0.05,0.95,0.96,0.01,0.01,75734.87,1776803934000
1776803936.447,236.447,0.04,0.05,0.95,0.96,0.01,0.01,75734.87,1776803935000
1776803936.803,236.803,0.04,0.05,0.95,0.96,0.01,0.01,75734.87,1776803935000
1776803937.159,237.159,0.04,0.05,0.95,0.96,0.01,0.01,75731.59,1776803936000
1776803937.779,237.779,0.04,0.05,0.95,0.96,0.01,0.01,75731.59,1776803936000
1776803938.12,238.12,0.04,0.05,0.95,0.96,0.01,0.01,75731.59,1776803937000
1776803938.602,238.602,0.03,0.04,0.95,0.96,0.01,0.01,75731.59,1776803937000
1776803939.042,239.042,0.03,0.04,0.96,0.97,0.01,0.01,75731.59,1776803937000
1776803939.488,239.488,0.03,0.04,0.96,0.97,0.01,0.01,75731.59,1776803938000
1776803939.987,239.987,0.03,0.04,0.96,0.97,0.01,0.01,75731.38,1776803939000
1776803940.328,240.328,0.03,0.04,0.96,0.97,0.01,0.01,75731.38,1776803939000
1776803940.729,240.729,0.03,0.04,0.96,0.97,0.01,0.01,75731.38,1776803939000
1776803941.066,241.066,0.03,0.04,0.96,0.97,0.01,0.01,75731.38,1776803939000
1776803941.515,241.515,0.03,0.04,0.96,0.97,0.01,0.01,75731.38,1776803940000
1776803941.861,241.861,0.03,0.04,0.96,0.97,0.01,0.01,75731.38,1776803940000
1776803942.291,242.291,0.03,0.04,0.96,0.97,0.01,0.01,75731.38,1776803941000
1776803942.953,242.953,0.02,0.03,0.96,0.98,0.01,0.02,75731.38,1776803941000
1776803943.505,243.505,0.02,0.03,0.97,0.98,0.01,0.01,75731.38,1776803942000
1776803944.027,244.027,0.02,0.03,0.97,0.98,0.01,0.01,75731.38,1776803943000
1776803944.534,244.534,0.02,0.03,0.97,0.98,0.01,0.01,75731.38,1776803943000
1776803944.902,244.902,0.02,0.03,0.97,0.98,0.01,0.01,75731.38,1776803943000
1776803945.273,245.273,0.03,0.04,0.96,0.98,0.01,0.02,75733.27,1776803944000
1776803945.639,245.639,0.03,0.04,0.96,0.97,0.01,0.01,75733.27,1776803944000
1776803946.151,246.151,0.03,0.04,0.96,0.97,0.01,0.01,75734.87,1776803945000
1776803946.571,246.571,0.03,0.04,0.96,0.97,0.01,0.01,75734.87,1776803945000
1776803947.254,247.254,0.03,0.04,0.96,0.97,0.01,0.01,75737.91,1776803946000
1776803947.77,247.77,0.03,0.04,0.96,0.97,0.01,0.01,75737.91,1776803946000
1776803948.343,248.343,0.03,0.04,0.96,0.97,0.01,0.01,75737.91,1776803946000
1776803948.938,248.938,0.03,0.04,0.96,0.97,0.01,0.01,75739.21,1776803948000
1776803949.31,249.31,0.02,0.04,0.96,0.97,0.02,0.01,75739.21,1776803948000
1776803950.013,250.013,0.02,0.03,0.97,0.98,0.01,0.01,75739.28,1776803949000
1776803950.402,250.402,0.02,0.03,0.97,0.98,0.01,0.01,75739.28,1776803949000
1776803951.047,251.047,0.02,0.03,0.97,0.98,0.01,0.01,75739.28,1776803949000
1776803952.339,252.339,0.02,0.03,0.97,0.98,0.01,0.01,75739.28,1776803951000
1776803952.842,252.842,0.02,0.03,0.97,0.98,0.01,0.01,75739.28,1776803951000
1776803953.201,253.201,0.02,0.03,0.97,0.98,0.01,0.01,75739.28,1776803951000
1776803953.575,253.575,0.02,0.03,0.97,0.98,0.01,0.01,75739.28,1776803951000
1776803954.128,254.128,0.01,0.02,0.98,0.99,0.01,0.01,75739.27,1776803953000
1776803954.471,254.471,0.01,0.02,0.98,0.99,0.01,0.01,75739.27,1776803953000
1776803954.932,254.932,0.01,0.02,0.98,0.99,0.01,0.01,75739.27,1776803953000
1776803955.482,255.482,0.01,0.02,0.98,0.99,0.01,0.01,75739.27,1776803953000
1776803955.926,255.926,0.01,0.02,0.98,0.99,0.01,0.01,75739.27,1776803953000
1776803956.37,256.37,0.01,0.02,0.98,0.99,0.01,0.01,75730.62,1776803954000
1776803956.829,256.829,0.01,0.02,0.98,0.99,0.01,0.01,75724.09,1776803955000
1776803957.234,257.234,0.01,0.02,0.98,0.99,0.01,0.01,75724.27,1776803956000
1776803957.569,257.569,0.01,0.02,0.98,0.99,0.01,0.01,75724.27,1776803956000
1776803958.199,258.199,0.01,0.02,0.98,0.99,0.01,0.01,75724.27,1776803956000
1776803958.656,258.656,0.01,0.02,0.98,0.99,0.01,0.01,75723.19,1776803957000
1776803959.057,259.057,0.01,0.02,0.98,0.99,0.01,0.01,75723.19,1776803957000
1776803959.457,259.457,0.01,0.02,0.98,0.99,0.01,0.01,75724.24,1776803958000
1776803960.112,260.112,0.01,0.02,0.98,0.99,0.01,0.01,75724.24,1776803959000
1776803960.474,260.474,0.01,0.02,0.98,0.99,0.01,0.01,75724.24,1776803959000
1776803960.873,260.873,0.01,0.02,0.98,0.99,0.01,0.01,75724.24,1776803959000
1776803961.23,261.23,0.01,0.02,0.98,0.99,0.01,0.01,75724.24,1776803959000
1776803961.687,261.687,0.01,0.02,0.98,0.99,0.01,0.01,75724.24,1776803959000
1776803962.273,262.273,0.01,0.02,0.98,0.99,0.01,0.01,75723.57,1776803960000
1776803962.63,262.63,0.01,0.02,0.98,0.99,0.01,0.01,75723.27,1776803961000
1776803962.965,262.965,0.01,0.02,0.98,0.99,0.01,0.01,75723.27,1776803961000
1776803963.554,263.554,0.01,0.02,0.98,0.99,0.01,0.01,75723.27,1776803961000
1776803964.253,264.253,0.01,0.02,0.98,0.99,0.01,0.01,75732.82,1776803962000
1776803964.599,264.599,0.02,0.03,0.97,0.98,0.01,0.01,75736.42,1776803963000
1776803964.97,264.97,0.02,0.03,0.97,0.98,0.01,0.01,75736.42,1776803963000
1776803965.38,265.38,0.01,0.03,0.97,0.98,0.02,0.01,75738.34,1776803964000
1776803965.899,265.899,0.02,0.03,0.97,0.98,0.01,0.01,75738.34,1776803964000
1776803966.358,266.358,0.02,0.03,0.97,0.98,0.01,0.01,75740.05,1776803965000
1776803966.764,266.764,0.02,0.03,0.97,0.98,0.01,0.01,75740.05,1776803965000
1776803967.302,267.302,0.01,0.03,0.98,0.99,0.02,0.01,75742.31,1776803966000
1776803967.652,267.652,0.01,0.01,0.97,0.99,0.0,0.02,75742.31,1776803966000
1776803967.985,267.985,0.01,0.02,0.98,0.99,0.01,0.01,75742.31,1776803966000
1776803968.544,268.544,0.01,0.01,0.99,0.99,0.0,0.0,75744.24,1776803967000
1776803968.991,268.991,0.01,0.02,0.98,0.99,0.01,0.01,75744.24,1776803967000
1776803969.411,269.411,0.01,0.02,0.98,0.99,0.01,0.01,75741.7,1776803968000
1776803970.005,270.005,0.01,0.02,0.98,0.99,0.01,0.01,75741.7,1776803968000
1776803970.378,270.378,0.01,0.02,0.98,0.99,0.01,0.01,75741.7,1776803968000
1776803970.911,270.911,0.01,0.02,0.98,0.99,0.01,0.01,75742.11,1776803969000
1776803971.249,271.249,0.06,0.08,0.92,0.93,0.02,0.01,75742.11,1776803969000
1776803971.644,271.644,0.07,0.08,0.92,0.93,0.01,0.01,75741.61,1776803970000
1776803972.012,272.012,0.07,0.08,0.92,0.93,0.01,0.01,75741.61,1776803970000
1776803972.36,272.36,0.05,0.07,0.93,0.95,0.02,0.02,75744.86,1776803971000
1776803972.773,272.773,0.05,0.06,0.94,0.95,0.01,0.01,75744.86,1776803971000
1776803973.107,273.107,0.05,0.06,0.94,0.95,0.01,0.01,75744.86,1776803971000
1776803973.441,273.441,0.05,0.06,0.94,0.95,0.01,0.01,75757.66,1776803972000
1776803973.782,273.782,0.05,0.06,0.94,0.95,0.01,0.01,75757.66,1776803972000
1776803974.202,274.202,0.04,0.05,0.95,0.96,0.01,0.01,75761.34,1776803973000
1776803974.56,274.56,0.04,0.05,0.95,0.96,0.01,0.01,75761.34,1776803973000
1776803974.894,274.894,0.03,0.04,0.95,0.97,0.01,0.02,75761.34,1776803973000
1776803975.403,275.403,0.04,0.05,0.95,0.97,0.01,0.02,75761.34,1776803973000
1776803975.845,275.845,0.04,0.05,0.95,0.96,0.01,0.01,75761.36,1776803974000
1776803976.193,276.193,0.04,0.05,0.95,0.96,0.01,0.01,75761.41,1776803975000
1776803976.647,276.647,0.04,0.05,0.94,0.95,0.01,0.01,75761.41,1776803975000
1776803977.081,277.081,0.04,0.05,0.95,0.96,0.01,0.01,75761.41,1776803975000
1776803977.545,277.545,0.04,0.05,0.95,0.96,0.01,0.01,75762.26,1776803976000
1776803978.129,278.129,0.04,0.05,0.95,0.96,0.01,0.01,75762.26,1776803976000
1776803978.564,278.564,0.04,0.05,0.95,0.96,0.01,0.01,75762.26,1776803976000
1776803978.908,278.908,0.04,0.05,0.95,0.96,0.01,0.01,75764.43,1776803977000
1776803979.317,279.317,0.04,0.05,0.95,0.96,0.01,0.01,75765.63,1776803978000
1776803980.041,280.041,0.04,0.05,0.95,0.96,0.01,0.01,75765.63,1776803978000
1776803980.378,280.378,0.04,0.05,0.95,0.96,0.01,0.01,75765.63,1776803978000
1776803980.732,280.732,0.03,0.04,0.96,0.97,0.01,0.01,75765.63,1776803978000
1776803981.436,281.436,0.02,0.03,0.96,0.97,0.01,0.01,75765.75,1776803979000
1776803981.799,281.799,0.02,0.03,0.97,0.98,0.01,0.01,75765.86,1776803980000
1776803982.195,282.195,0.02,0.03,0.97,0.98,0.01,0.01,75765.86,1776803980000
1776803982.713,282.713,0.01,0.02,0.93,0.98,0.01,0.05,75766.23,1776803981000
1776803983.084,283.084,0.01,0.02,0.98,0.99,0.01,0.01,75766.23,1776803981000
1776803983.47,283.47,0.01,0.02,0.98,0.99,0.01,0.01,75766.57,1776803982000
1776803983.808,283.808,0.01,0.02,0.98,0.99,0.01,0.01,75766.57,1776803982000
1776803984.33,284.33,0.01,0.02,0.98,0.99,0.01,0.01,75766.57,1776803982000
1776803984.871,284.871,0.01,0.02,0.98,0.99,0.01,0.01,75766.23,1776803983000
1776803985.379,285.379,0.01,0.02,0.98,0.99,0.01,0.01,75766.23,1776803983000
1776803985.797,285.797,0.01,0.02,0.98,0.99,0.01,0.01,75766.0,1776803984000
1776803986.171,286.171,0.02,0.03,0.93,0.98,0.01,0.05,75766.0,1776803984000
1776803986.617,286.617,0.02,0.03,0.97,0.98,0.01,0.01,75766.0,1776803985000
1776803986.968,286.968,0.02,0.03,0.97,0.98,0.01,0.01,75766.0,1776803985000
1776803987.402,287.402,0.01,0.03,0.97,0.98,0.02,0.01,75766.0,1776803985000
1776803987.787,287.787,0.02,0.03,0.97,0.98,0.01,0.01,75765.84,1776803986000
1776803988.3,288.3,0.02,0.03,0.97,0.98,0.01,0.01,75765.94,1776803987000
1776803988.659,288.659,0.02,0.03,0.97,0.98,0.01,0.01,75765.94,1776803987000
1776803988.993,288.993,0.02,0.03,0.97,0.98,0.01,0.01,75765.94,1776803987000
1776803989.353,289.353,0.02,0.04,0.97,0.98,0.02,0.01,75765.94,1776803987000
1776803989.831,289.831,0.02,0.03,0.96,0.97,0.01,0.01,75765.94,1776803987000
1776803990.361,290.361,0.02,0.03,0.97,0.98,0.01,0.01,75764.22,1776803989000
1776803990.74,290.74,0.02,0.03,0.97,0.98,0.01,0.01,75764.22,1776803989000
1776803991.08,291.08,0.01,0.02,0.98,0.99,0.01,0.01,75764.22,1776803989000
1776803991.421,291.421,0.01,0.01,0.99,0.99,0.0,0.0,75764.22,1776803989000
1776803992.009,292.009,0.01,0.01,0.99,0.99,0.0,0.0,75765.54,1776803990000
1776803992.385,292.385,0.01,0.01,0.99,0.99,0.0,0.0,75765.64,1776803991000
1776803992.783,292.783,0.01,0.01,0.99,0.99,0.0,0.0,75765.64,1776803991000
1776803993.127,293.127,0.01,0.01,0.99,0.99,0.0,0.0,75765.55,1776803992000
1776803994.304,294.304,0.01,0.01,0.99,0.99,0.0,0.0,75765.55,1776803992000
1776803994.762,294.762,0.01,0.01,0.99,0.99,0.0,0.0,75765.6,1776803993000
1776803995.754,295.754,0.01,0.01,0.99,0.99,0.0,0.0,75765.52,1776803994000
1776803996.922,296.922,0.01,0.01,0.99,0.99,0.0,0.0,75766.39,1776803995000
1776803998.057,298.057,0.01,0.01,0.99,0.99,0.0,0.0,75766.39,1776803996000
1776803998.443,298.443,0.01,0.01,0.99,0.99,0.0,0.0,75766.56,1776803997000
1776803999.642,299.642,0.01,0.01,0.99,0.99,0.0,0.0,75772.02,1776803998000
1776804000.161,300.161,0.01,0.01,0.99,0.99,0.0,0.0,75773.36,1776803999000

# RESULT,winner=Down,slug=btc-updown-5m-1776803700,ticks=690
