timestamp,elapsed_sec,up_bid,up_ask,down_bid,down_ask,up_spread,down_spread,btc_price,btc_oracle_ts
1776873300.521,0.521,0.45,0.46,0.54,0.55,0.01,0.01,79428.24,1776873299000
1776873300.891,0.891,0.45,0.46,0.54,0.55,0.01,0.01,79428.24,1776873299000
1776873301.297,1.297,0.45,0.46,0.54,0.55,0.01,0.01,79428.24,1776873299000
1776873301.775,1.775,0.44,0.45,0.54,0.56,0.01,0.02,79428.27,1776873300000
1776873302.17,2.17,0.44,0.45,0.55,0.56,0.01,0.01,79428.27,1776873300000
1776873302.612,2.612,0.45,0.47,0.54,0.55,0.02,0.01,79427.24,1776873301000
1776873303.007,3.007,0.46,0.48,0.53,0.54,0.02,0.01,79427.24,1776873301000
1776873303.369,3.369,0.47,0.48,0.52,0.53,0.01,0.01,79426.69,1776873302000
1776873303.725,3.725,0.47,0.48,0.52,0.53,0.01,0.01,79426.69,1776873302000
1776873304.104,4.104,0.47,0.48,0.52,0.53,0.01,0.01,79425.47,1776873303000
1776873304.478,4.478,0.47,0.48,0.52,0.53,0.01,0.01,79425.47,1776873303000
1776873305.019,5.019,0.47,0.48,0.52,0.53,0.01,0.01,79425.47,1776873303000
1776873305.529,5.529,0.46,0.47,0.53,0.54,0.01,0.01,79425.47,1776873304000
1776873305.908,5.908,0.47,0.48,0.52,0.54,0.01,0.02,79425.47,1776873304000
1776873306.782,6.782,0.47,0.48,0.52,0.53,0.01,0.01,79425.54,1776873305000
1776873307.925,7.925,0.47,0.48,0.52,0.53,0.01,0.01,79425.54,1776873306000
1776873308.71,8.71,0.45,0.48,0.52,0.55,0.03,0.03,79426.84,1776873307000
1776873309.05,9.05,0.45,0.48,0.52,0.55,0.03,0.03,79426.84,1776873307000
1776873309.778,9.778,0.47,0.48,0.52,0.54,0.01,0.02,79424.57,1776873308000
1776873310.112,10.112,0.45,0.47,0.53,0.54,0.02,0.01,79424.57,1776873308000
1776873310.573,10.573,0.45,0.47,0.53,0.55,0.02,0.02,79424.57,1776873308000
1776873310.912,10.912,0.44,0.45,0.54,0.56,0.01,0.02,79424.21,1776873309000
1776873311.339,11.339,0.44,0.45,0.55,0.56,0.01,0.01,79420.72,1776873310000
1776873311.695,11.695,0.44,0.45,0.55,0.56,0.01,0.01,79420.72,1776873310000
1776873312.229,12.229,0.44,0.45,0.55,0.56,0.01,0.01,79417.49,1776873311000
1776873312.799,12.799,0.44,0.45,0.55,0.56,0.01,0.01,79417.49,1776873311000
1776873313.155,13.155,0.41,0.42,0.58,0.59,0.01,0.01,79417.49,1776873311000
1776873313.494,13.494,0.4,0.41,0.59,0.6,0.01,0.01,79421.43,1776873312000
1776873313.829,13.829,0.4,0.41,0.59,0.6,0.01,0.01,79421.43,1776873312000
1776873314.208,14.208,0.4,0.41,0.59,0.6,0.01,0.01,79421.43,1776873312000
1776873314.577,14.577,0.4,0.41,0.59,0.6,0.01,0.01,79420.39,1776873313000
1776873314.96,14.96,0.4,0.41,0.59,0.6,0.01,0.01,79414.34,1776873314000
1776873315.311,15.311,0.4,0.41,0.59,0.6,0.01,0.01,79414.34,1776873314000
1776873315.669,15.669,0.4,0.41,0.59,0.6,0.01,0.01,79414.34,1776873314000
1776873316.082,16.082,0.4,0.41,0.59,0.6,0.01,0.01,79414.34,1776873314000
1776873316.439,16.439,0.42,0.43,0.57,0.58,0.01,0.01,79412.24,1776873315000
1776873317.087,17.087,0.42,0.45,0.57,0.58,0.03,0.01,79412.24,1776873315000
1776873317.771,17.771,0.45,0.46,0.52,0.58,0.01,0.06,79413.28,1776873316000
1776873318.167,18.167,0.45,0.46,0.54,0.55,0.01,0.01,79413.28,1776873316000
1776873318.568,18.568,0.45,0.46,0.53,0.55,0.01,0.02,79415.09,1776873317000
1776873318.929,18.929,0.45,0.46,0.54,0.55,0.01,0.01,79415.09,1776873317000
1776873319.309,19.309,0.45,0.46,0.54,0.55,0.01,0.01,79419.14,1776873318000
1776873319.687,19.687,0.47,0.48,0.52,0.53,0.01,0.01,79419.14,1776873318000
1776873320.025,20.025,0.46,0.47,0.53,0.54,0.01,0.01,79419.14,1776873318000
1776873320.436,20.436,0.46,0.47,0.53,0.54,0.01,0.01,79419.49,1776873319000
1776873320.77,20.77,0.46,0.47,0.53,0.54,0.01,0.01,79419.49,1776873319000
1776873321.109,21.109,0.46,0.47,0.53,0.54,0.01,0.01,79420.19,1776873320000
1776873321.463,21.463,0.46,0.47,0.53,0.54,0.01,0.01,79420.19,1776873320000
1776873322.018,22.018,0.46,0.47,0.53,0.54,0.01,0.01,79420.19,1776873320000
1776873322.566,22.566,0.46,0.48,0.53,0.54,0.02,0.01,79422.21,1776873321000
1776873323.02,23.02,0.47,0.48,0.52,0.53,0.01,0.01,79422.33,1776873322000
1776873323.48,23.48,0.47,0.48,0.52,0.53,0.01,0.01,79422.33,1776873322000
1776873323.939,23.939,0.46,0.47,0.53,0.54,0.01,0.01,79422.34,1776873323000
1776873324.333,24.333,0.47,0.48,0.52,0.54,0.01,0.02,79422.34,1776873323000
1776873324.687,24.687,0.47,0.48,0.52,0.53,0.01,0.01,79422.34,1776873323000
1776873325.205,25.205,0.47,0.48,0.52,0.53,0.01,0.01,79422.43,1776873324000
1776873325.733,25.733,0.47,0.48,0.52,0.53,0.01,0.01,79422.43,1776873324000
1776873326.59,26.59,0.47,0.48,0.52,0.53,0.01,0.01,79422.43,1776873325000
1776873327.058,27.058,0.46,0.47,0.53,0.54,0.01,0.01,79422.43,1776873326000
1776873327.455,27.455,0.47,0.48,0.52,0.53,0.01,0.01,79422.43,1776873326000
1776873327.951,27.951,0.48,0.49,0.51,0.53,0.01,0.02,79422.43,1776873326000
1776873328.322,28.322,0.48,0.49,0.51,0.52,0.01,0.01,79422.43,1776873326000
1776873328.746,28.746,0.48,0.49,0.51,0.52,0.01,0.01,79422.53,1776873327000
1776873329.124,29.124,0.48,0.49,0.51,0.52,0.01,0.01,79422.53,1776873327000
1776873329.613,29.613,0.48,0.49,0.51,0.52,0.01,0.01,79424.19,1776873328000
1776873329.971,29.971,0.48,0.49,0.51,0.52,0.01,0.01,79424.19,1776873328000
1776873330.456,30.456,0.48,0.49,0.51,0.52,0.01,0.01,79424.19,1776873328000
1776873330.793,30.793,0.48,0.49,0.51,0.52,0.01,0.01,79425.5,1776873329000
1776873331.135,31.135,0.48,0.49,0.51,0.52,0.01,0.01,79425.5,1776873329000
1776873331.578,31.578,0.48,0.49,0.51,0.52,0.01,0.01,79425.76,1776873330000
1776873331.965,31.965,0.48,0.49,0.51,0.52,0.01,0.01,79425.76,1776873330000
1776873332.36,32.36,0.48,0.49,0.51,0.52,0.01,0.01,79425.76,1776873330000
1776873332.952,32.952,0.48,0.49,0.51,0.52,0.01,0.01,79425.76,1776873331000
1776873333.358,33.358,0.48,0.49,0.51,0.52,0.01,0.01,79425.72,1776873332000
1776873333.747,33.747,0.48,0.49,0.51,0.52,0.01,0.01,79425.72,1776873332000
1776873334.119,34.119,0.48,0.49,0.51,0.52,0.01,0.01,79425.72,1776873332000
1776873334.514,34.514,0.48,0.49,0.51,0.52,0.01,0.01,79425.72,1776873332000
1776873335.299,35.299,0.48,0.49,0.51,0.52,0.01,0.01,79425.8,1776873333000
1776873335.781,35.781,0.48,0.49,0.51,0.52,0.01,0.01,79425.87,1776873334000
1776873336.261,36.261,0.48,0.49,0.51,0.52,0.01,0.01,79425.81,1776873335000
1776873336.772,36.772,0.48,0.49,0.51,0.52,0.01,0.01,79425.81,1776873335000
1776873337.54,37.54,0.47,0.48,0.52,0.53,0.01,0.01,79425.24,1776873336000
1776873337.949,37.949,0.47,0.48,0.52,0.53,0.01,0.01,79425.24,1776873336000
1776873338.397,38.397,0.47,0.48,0.52,0.54,0.01,0.02,79425.24,1776873336000
1776873338.858,38.858,0.47,0.48,0.52,0.53,0.01,0.01,79425.22,1776873337000
1776873339.229,39.229,0.47,0.48,0.52,0.53,0.01,0.01,79425.22,1776873337000
1776873339.566,39.566,0.46,0.47,0.52,0.54,0.01,0.02,79425.22,1776873337000
1776873339.957,39.957,0.46,0.48,0.52,0.54,0.02,0.02,79425.19,1776873338000
1776873340.35,40.35,0.46,0.47,0.53,0.54,0.01,0.01,79425.16,1776873339000
1776873340.78,40.78,0.46,0.47,0.53,0.54,0.01,0.01,79425.16,1776873339000
1776873341.131,41.131,0.46,0.47,0.53,0.54,0.01,0.01,79425.15,1776873340000
1776873341.532,41.532,0.46,0.47,0.53,0.54,0.01,0.01,79425.15,1776873340000
1776873341.971,41.971,0.46,0.47,0.53,0.54,0.01,0.01,79425.15,1776873340000
1776873342.359,42.359,0.46,0.47,0.53,0.54,0.01,0.01,79425.03,1776873341000
1776873342.953,42.953,0.46,0.47,0.53,0.54,0.01,0.01,79425.03,1776873341000
1776873343.296,43.296,0.46,0.47,0.53,0.54,0.01,0.01,79425.42,1776873342000
1776873343.67,43.67,0.45,0.46,0.53,0.55,0.01,0.02,79425.42,1776873342000
1776873344.319,44.319,0.44,0.45,0.55,0.56,0.01,0.01,79425.42,1776873342000
1776873344.7,44.7,0.44,0.45,0.55,0.56,0.01,0.01,79425.42,1776873342000
1776873345.336,45.336,0.44,0.45,0.55,0.56,0.01,0.01,79425.39,1776873344000
1776873345.684,45.684,0.45,0.46,0.54,0.55,0.01,0.01,79425.39,1776873344000
1776873346.031,46.031,0.45,0.46,0.54,0.55,0.01,0.01,79425.39,1776873344000
1776873346.419,46.419,0.45,0.46,0.54,0.55,0.01,0.01,79425.39,1776873344000
1776873346.906,46.906,0.44,0.46,0.54,0.56,0.02,0.02,79424.43,1776873345000
1776873347.519,47.519,0.44,0.45,0.55,0.56,0.01,0.01,79425.36,1776873346000
1776873348.023,48.023,0.44,0.45,0.55,0.56,0.01,0.01,79425.36,1776873346000
1776873348.646,48.646,0.44,0.45,0.55,0.56,0.01,0.01,79424.78,1776873347000
1776873349.158,49.158,0.44,0.45,0.55,0.56,0.01,0.01,79423.96,1776873348000
1776873349.551,49.551,0.4,0.42,0.57,0.6,0.02,0.03,79423.96,1776873348000
1776873349.892,49.892,0.41,0.42,0.58,0.59,0.01,0.01,79423.96,1776873348000
1776873350.377,50.377,0.41,0.42,0.58,0.59,0.01,0.01,79423.68,1776873349000
1776873350.915,50.915,0.41,0.42,0.58,0.59,0.01,0.01,79423.68,1776873349000
1776873352.109,52.109,0.41,0.42,0.58,0.59,0.01,0.01,79417.94,1776873351000
1776873352.865,52.865,0.41,0.42,0.58,0.59,0.01,0.01,79417.94,1776873351000
1776873353.378,53.378,0.41,0.42,0.58,0.59,0.01,0.01,79417.94,1776873351000
1776873353.754,53.754,0.41,0.42,0.58,0.59,0.01,0.01,79417.41,1776873352000
1776873354.173,54.173,0.41,0.42,0.58,0.59,0.01,0.01,79417.41,1776873352000
1776873354.564,54.564,0.4,0.42,0.58,0.59,0.02,0.01,79416.64,1776873353000
1776873354.987,54.987,0.4,0.41,0.59,0.6,0.01,0.01,79416.64,1776873353000
1776873355.882,55.882,0.4,0.41,0.59,0.6,0.01,0.01,79416.33,1776873354000
1776873356.289,56.289,0.4,0.41,0.59,0.6,0.01,0.01,79417.66,1776873355000
1776873356.657,56.657,0.4,0.41,0.59,0.6,0.01,0.01,79417.66,1776873355000
1776873357.011,57.011,0.4,0.41,0.59,0.6,0.01,0.01,79417.66,1776873355000
1776873357.45,57.45,0.4,0.41,0.59,0.6,0.01,0.01,79417.08,1776873356000
1776873357.987,57.987,0.4,0.41,0.59,0.6,0.01,0.01,79417.08,1776873356000
1776873358.542,58.542,0.4,0.41,0.59,0.6,0.01,0.01,79416.02,1776873357000
1776873359.002,59.002,0.4,0.41,0.59,0.6,0.01,0.01,79416.02,1776873357000
1776873359.511,59.511,0.4,0.41,0.59,0.6,0.01,0.01,79415.14,1776873358000
1776873360.022,60.022,0.4,0.41,0.59,0.6,0.01,0.01,79415.03,1776873359000
1776873360.422,60.422,0.4,0.41,0.59,0.6,0.01,0.01,79415.03,1776873359000
1776873360.872,60.872,0.39,0.4,0.59,0.61,0.01,0.02,79415.03,1776873359000
1776873361.222,61.222,0.39,0.4,0.6,0.61,0.01,0.01,79415.03,1776873359000
1776873361.579,61.579,0.39,0.4,0.6,0.61,0.01,0.01,79415.03,1776873359000
1776873361.936,61.936,0.39,0.4,0.6,0.61,0.01,0.01,79415.93,1776873360000
1776873362.316,62.316,0.39,0.4,0.6,0.61,0.01,0.01,79415.93,1776873360000
1776873362.991,62.991,0.38,0.4,0.6,0.61,0.02,0.01,79415.93,1776873360000
1776873363.468,63.468,0.38,0.39,0.61,0.62,0.01,0.01,79415.42,1776873361000
1776873363.846,63.846,0.38,0.39,0.61,0.62,0.01,0.01,79415.04,1776873362000
1776873364.233,64.233,0.38,0.39,0.61,0.62,0.01,0.01,79415.04,1776873362000
1776873364.642,64.642,0.38,0.39,0.61,0.62,0.01,0.01,79415.04,1776873362000
1776873365.288,65.288,0.38,0.39,0.61,0.62,0.01,0.01,79414.75,1776873363000
1776873365.709,65.709,0.38,0.39,0.61,0.62,0.01,0.01,79412.66,1776873364000
1776873366.799,66.799,0.38,0.39,0.61,0.62,0.01,0.01,79411.28,1776873365000
1776873367.132,67.132,0.38,0.39,0.61,0.62,0.01,0.01,79411.28,1776873365000
1776873367.578,67.578,0.39,0.4,0.6,0.61,0.01,0.01,79413.5,1776873366000
1776873368.023,68.023,0.39,0.4,0.6,0.61,0.01,0.01,79413.5,1776873366000
1776873368.391,68.391,0.39,0.4,0.6,0.61,0.01,0.01,79413.51,1776873367000
1776873369.014,69.014,0.39,0.4,0.6,0.61,0.01,0.01,79413.51,1776873367000
1776873369.493,69.493,0.46,0.48,0.52,0.54,0.02,0.02,79413.51,1776873367000
1776873369.829,69.829,0.46,0.47,0.53,0.54,0.01,0.01,79413.12,1776873368000
1776873370.246,70.246,0.46,0.47,0.53,0.54,0.01,0.01,79413.12,1776873368000
1776873370.811,70.811,0.44,0.46,0.54,0.55,0.02,0.01,79414.2,1776873369000
1776873371.164,71.164,0.44,0.45,0.54,0.56,0.01,0.02,79414.2,1776873369000
1776873371.561,71.561,0.42,0.45,0.55,0.56,0.03,0.01,79414.2,1776873369000
1776873372.049,72.049,0.38,0.42,0.58,0.62,0.04,0.04,79419.64,1776873370000
1776873372.447,72.447,0.38,0.42,0.58,0.62,0.04,0.04,79420.45,1776873371000
1776873372.836,72.836,0.37,0.4,0.58,0.62,0.03,0.04,79420.45,1776873371000
1776873373.241,73.241,0.39,0.4,0.6,0.62,0.01,0.02,79417.25,1776873372000
1776873373.738,73.738,0.39,0.4,0.6,0.63,0.01,0.03,79417.25,1776873372000
1776873374.121,74.121,0.38,0.4,0.6,0.62,0.02,0.02,79417.25,1776873372000
1776873374.454,74.454,0.35,0.36,0.64,0.65,0.01,0.01,79411.77,1776873373000
1776873374.955,74.955,0.34,0.35,0.65,0.66,0.01,0.01,79411.77,1776873373000
1776873375.3,75.3,0.34,0.35,0.65,0.67,0.01,0.02,79411.54,1776873374000
1776873375.707,75.707,0.34,0.35,0.65,0.66,0.01,0.01,79411.54,1776873374000
1776873376.557,76.557,0.34,0.35,0.65,0.66,0.01,0.01,79411.54,1776873374000
1776873376.91,76.91,0.39,0.4,0.6,0.61,0.01,0.01,79404.48,1776873375000
1776873377.249,77.249,0.39,0.4,0.6,0.61,0.01,0.01,79404.48,1776873375000
1776873378.216,78.216,0.39,0.4,0.6,0.61,0.01,0.01,79404.54,1776873377000
1776873378.751,78.751,0.39,0.41,0.59,0.61,0.02,0.02,79404.54,1776873377000
1776873379.104,79.104,0.39,0.4,0.6,0.61,0.01,0.01,79404.54,1776873377000
1776873379.481,79.481,0.39,0.4,0.6,0.61,0.01,0.01,79404.54,1776873377000
1776873379.827,79.827,0.39,0.4,0.6,0.61,0.01,0.01,79411.51,1776873378000
1776873380.173,80.173,0.39,0.4,0.6,0.61,0.01,0.01,79411.51,1776873378000
1776873380.515,80.515,0.39,0.4,0.6,0.61,0.01,0.01,79411.63,1776873379000
1776873380.952,80.952,0.39,0.4,0.6,0.61,0.01,0.01,79411.63,1776873379000
1776873381.378,81.378,0.38,0.39,0.61,0.62,0.01,0.01,79411.37,1776873380000
1776873381.786,81.786,0.38,0.39,0.61,0.62,0.01,0.01,79411.37,1776873380000
1776873382.142,82.142,0.38,0.39,0.61,0.62,0.01,0.01,79411.37,1776873380000
1776873382.554,82.554,0.38,0.39,0.61,0.62,0.01,0.01,79410.93,1776873381000
1776873382.979,82.979,0.38,0.39,0.61,0.62,0.01,0.01,79410.93,1776873381000
1776873383.357,83.357,0.38,0.39,0.61,0.62,0.01,0.01,79410.77,1776873382000
1776873383.768,83.768,0.38,0.39,0.61,0.62,0.01,0.01,79410.77,1776873382000
1776873384.215,84.215,0.38,0.39,0.61,0.62,0.01,0.01,79410.76,1776873383000
1776873384.644,84.644,0.38,0.39,0.61,0.62,0.01,0.01,79410.76,1776873383000
1776873385.025,85.025,0.38,0.39,0.61,0.62,0.01,0.01,79410.76,1776873383000
1776873385.364,85.364,0.38,0.39,0.61,0.62,0.01,0.01,79410.76,1776873383000
1776873385.701,85.701,0.38,0.39,0.61,0.62,0.01,0.01,79410.76,1776873384000
1776873386.205,86.205,0.38,0.39,0.61,0.62,0.01,0.01,79410.76,1776873384000
1776873386.601,86.601,0.38,0.39,0.61,0.62,0.01,0.01,79410.89,1776873385000
1776873386.952,86.952,0.38,0.39,0.61,0.62,0.01,0.01,79410.84,1776873386000
1776873387.302,87.302,0.38,0.39,0.61,0.62,0.01,0.01,79410.84,1776873386000
1776873387.969,87.969,0.38,0.39,0.61,0.62,0.01,0.01,79410.85,1776873387000
1776873388.496,88.496,0.36,0.37,0.61,0.64,0.01,0.03,79410.85,1776873387000
1776873388.853,88.853,0.36,0.37,0.63,0.64,0.01,0.01,79410.85,1776873387000
1776873389.214,89.214,0.36,0.37,0.63,0.64,0.01,0.01,79410.82,1776873388000
1776873389.643,89.643,0.36,0.37,0.63,0.64,0.01,0.01,79410.82,1776873388000
1776873389.997,89.997,0.36,0.37,0.63,0.64,0.01,0.01,79410.21,1776873389000
1776873390.407,90.407,0.35,0.37,0.63,0.64,0.02,0.01,79410.21,1776873389000
1776873390.861,90.861,0.35,0.36,0.64,0.65,0.01,0.01,79410.21,1776873389000
1776873391.252,91.252,0.35,0.36,0.64,0.65,0.01,0.01,79408.77,1776873390000
1776873391.612,91.612,0.35,0.36,0.64,0.65,0.01,0.01,79408.77,1776873390000
1776873391.962,91.962,0.35,0.36,0.64,0.65,0.01,0.01,79408.77,1776873390000
1776873392.419,92.419,0.35,0.36,0.64,0.65,0.01,0.01,79408.2,1776873391000
1776873392.85,92.85,0.35,0.36,0.64,0.65,0.01,0.01,79408.2,1776873391000
1776873393.347,93.347,0.35,0.36,0.64,0.65,0.01,0.01,79408.18,1776873392000
1776873393.691,93.691,0.33,0.34,0.64,0.66,0.01,0.02,79408.18,1776873392000
1776873394.051,94.051,0.31,0.36,0.64,0.69,0.05,0.05,79408.18,1776873392000
1776873394.402,94.402,0.31,0.33,0.67,0.69,0.02,0.02,79408.44,1776873393000
1776873394.897,94.897,0.3,0.31,0.69,0.7,0.01,0.01,79408.44,1776873393000
1776873395.411,95.411,0.3,0.31,0.69,0.7,0.01,0.01,79407.27,1776873394000
1776873395.942,95.942,0.3,0.31,0.69,0.7,0.01,0.01,79407.27,1776873394000
1776873396.297,96.297,0.3,0.32,0.68,0.7,0.02,0.02,79401.54,1776873395000
1776873396.669,96.669,0.3,0.31,0.69,0.7,0.01,0.01,79401.54,1776873395000
1776873397.144,97.144,0.3,0.31,0.69,0.7,0.01,0.01,79400.98,1776873396000
1776873397.796,97.796,0.3,0.31,0.68,0.7,0.01,0.02,79400.98,1776873396000
1776873398.191,98.191,0.31,0.32,0.68,0.7,0.01,0.02,79400.59,1776873397000
1776873398.556,98.556,0.31,0.32,0.68,0.69,0.01,0.01,79400.59,1776873397000
1776873398.914,98.914,0.32,0.33,0.67,0.68,0.01,0.01,79400.59,1776873397000
1776873399.377,99.377,0.31,0.33,0.67,0.69,0.02,0.02,79400.21,1776873398000
1776873399.711,99.711,0.29,0.3,0.7,0.71,0.01,0.01,79400.21,1776873398000
1776873400.056,100.056,0.3,0.31,0.69,0.7,0.01,0.01,79400.21,1776873398000
1776873400.4,100.4,0.3,0.31,0.69,0.7,0.01,0.01,79400.21,1776873398000
1776873400.799,100.799,0.31,0.32,0.68,0.69,0.01,0.01,79400.11,1776873399000
1776873401.333,101.333,0.31,0.32,0.68,0.69,0.01,0.01,79399.26,1776873400000
1776873401.71,101.71,0.31,0.32,0.68,0.69,0.01,0.01,79399.26,1776873400000
1776873402.167,102.167,0.31,0.32,0.68,0.69,0.01,0.01,79398.21,1776873401000
1776873402.664,102.664,0.31,0.32,0.68,0.69,0.01,0.01,79398.21,1776873401000
1776873403.115,103.115,0.31,0.32,0.68,0.69,0.01,0.01,79398.6,1776873402000
1776873403.494,103.494,0.31,0.32,0.68,0.69,0.01,0.01,79398.6,1776873402000
1776873403.838,103.838,0.31,0.32,0.68,0.69,0.01,0.01,79398.6,1776873402000
1776873404.172,104.172,0.31,0.32,0.68,0.69,0.01,0.01,79397.38,1776873403000
1776873404.597,104.597,0.31,0.32,0.68,0.69,0.01,0.01,79397.38,1776873403000
1776873405.036,105.036,0.32,0.33,0.67,0.69,0.01,0.02,79397.38,1776873403000
1776873405.374,105.374,0.32,0.33,0.67,0.68,0.01,0.01,79396.6,1776873404000
1776873405.812,105.812,0.32,0.34,0.66,0.68,0.02,0.02,79396.6,1776873404000
1776873406.216,106.216,0.37,0.38,0.62,0.63,0.01,0.01,79396.6,1776873404000
1776873406.572,106.572,0.36,0.37,0.62,0.64,0.01,0.02,79396.6,1776873405000
1776873406.906,106.906,0.36,0.37,0.63,0.64,0.01,0.01,79396.6,1776873405000
1776873407.248,107.248,0.35,0.36,0.64,0.65,0.01,0.01,79396.6,1776873405000
1776873407.624,107.624,0.35,0.36,0.64,0.65,0.01,0.01,79396.6,1776873405000
1776873408.056,108.056,0.34,0.36,0.64,0.66,0.02,0.02,79396.6,1776873405000
1776873408.418,108.418,0.34,0.35,0.65,0.66,0.01,0.01,79396.6,1776873405000
1776873409.004,109.004,0.34,0.35,0.65,0.66,0.01,0.01,79396.6,1776873405000
1776873409.342,109.342,0.35,0.36,0.64,0.66,0.01,0.02,79396.6,1776873405000
1776873409.824,109.824,0.35,0.36,0.64,0.65,0.01,0.01,79396.6,1776873405000
1776873410.191,110.191,0.35,0.36,0.64,0.65,0.01,0.01,79396.6,1776873405000
1776873410.658,110.658,0.35,0.36,0.64,0.65,0.01,0.01,79396.6,1776873405000
1776873411.299,111.299,0.32,0.33,0.67,0.68,0.01,0.01,79396.6,1776873405000
1776873411.698,111.698,0.32,0.33,0.67,0.68,0.01,0.01,79396.6,1776873405000
1776873412.308,112.308,0.32,0.33,0.67,0.68,0.01,0.01,79396.6,1776873405000
1776873412.642,112.642,0.32,0.33,0.67,0.68,0.01,0.01,79396.6,1776873405000
1776873413.322,113.322,0.32,0.33,0.67,0.68,0.01,0.01,79396.6,1776873405000
1776873413.679,113.679,0.32,0.33,0.67,0.68,0.01,0.01,79396.6,1776873405000
1776873414.283,114.283,0.32,0.33,0.67,0.68,0.01,0.01,79396.6,1776873405000
1776873414.617,114.617,0.24,0.25,0.75,0.76,0.01,0.01,79396.6,1776873405000
1776873414.951,114.951,0.25,0.26,0.72,0.75,0.01,0.03,79401.54,1776873413000
1776873415.315,115.315,0.27,0.29,0.72,0.73,0.02,0.01,79401.54,1776873414000
1776873415.706,115.706,0.28,0.29,0.71,0.72,0.01,0.01,79401.54,1776873414000
1776873416.159,116.159,0.28,0.29,0.71,0.72,0.01,0.01,79391.39,1776873415000
1776873416.545,116.545,0.28,0.29,0.71,0.72,0.01,0.01,79391.39,1776873415000
1776873416.96,116.96,0.27,0.29,0.71,0.73,0.02,0.02,79390.93,1776873416000
1776873417.357,117.357,0.27,0.28,0.72,0.73,0.01,0.01,79390.93,1776873416000
1776873417.777,117.777,0.28,0.29,0.72,0.73,0.01,0.01,79390.93,1776873416000
1776873418.147,118.147,0.28,0.29,0.71,0.72,0.01,0.01,79391.14,1776873417000
1776873418.753,118.753,0.3,0.31,0.71,0.72,0.01,0.01,79391.14,1776873417000
1776873419.096,119.096,0.32,0.34,0.67,0.68,0.02,0.01,79391.14,1776873417000
1776873419.869,119.869,0.32,0.33,0.66,0.68,0.01,0.02,79391.14,1776873418000
1776873420.243,120.243,0.32,0.33,0.67,0.68,0.01,0.01,79392.94,1776873419000
1776873420.662,120.662,0.32,0.33,0.67,0.68,0.01,0.01,79392.94,1776873419000
1776873421.02,121.02,0.32,0.33,0.67,0.68,0.01,0.01,79392.94,1776873419000
1776873421.573,121.573,0.32,0.33,0.67,0.68,0.01,0.01,79396.86,1776873420000
1776873422.102,122.102,0.32,0.33,0.67,0.68,0.01,0.01,79396.84,1776873421000
1776873423.049,123.049,0.32,0.33,0.67,0.68,0.01,0.01,79396.84,1776873421000
1776873423.546,123.546,0.32,0.33,0.67,0.68,0.01,0.01,79395.77,1776873422000
1776873424.188,124.188,0.32,0.33,0.67,0.68,0.01,0.01,79395.77,1776873422000
1776873424.541,124.541,0.32,0.33,0.67,0.68,0.01,0.01,79395.76,1776873423000
1776873424.892,124.892,0.3,0.33,0.67,0.7,0.03,0.03,79395.74,1776873424000
1776873425.317,125.317,0.31,0.32,0.67,0.69,0.01,0.02,79395.74,1776873424000
1776873425.653,125.653,0.31,0.33,0.68,0.69,0.02,0.01,79395.74,1776873424000
1776873426.102,126.102,0.33,0.34,0.66,0.67,0.01,0.01,79395.74,1776873424000
1776873426.435,126.435,0.33,0.35,0.65,0.67,0.02,0.02,79395.79,1776873425000
1776873426.788,126.788,0.34,0.35,0.65,0.66,0.01,0.01,79395.79,1776873425000
1776873427.272,127.272,0.34,0.35,0.65,0.66,0.01,0.01,79395.79,1776873425000
1776873427.743,127.743,0.34,0.35,0.65,0.66,0.01,0.01,79398.13,1776873426000
1776873428.156,128.156,0.34,0.35,0.65,0.66,0.01,0.01,79398.16,1776873427000
1776873428.53,128.53,0.34,0.35,0.65,0.66,0.01,0.01,79398.16,1776873427000
1776873428.945,128.945,0.34,0.35,0.65,0.66,0.01,0.01,79398.16,1776873427000
1776873429.279,129.279,0.34,0.35,0.65,0.66,0.01,0.01,79400.31,1776873428000
1776873429.685,129.685,0.34,0.35,0.65,0.66,0.01,0.01,79400.31,1776873428000
1776873430.294,130.294,0.34,0.35,0.65,0.66,0.01,0.01,79400.31,1776873429000
1776873430.725,130.725,0.34,0.35,0.65,0.66,0.01,0.01,79400.31,1776873429000
1776873431.092,131.092,0.34,0.35,0.65,0.66,0.01,0.01,79400.31,1776873429000
1776873431.469,131.469,0.34,0.35,0.65,0.66,0.01,0.01,79400.31,1776873429000
1776873431.817,131.817,0.34,0.35,0.65,0.66,0.01,0.01,79400.31,1776873430000
1776873432.266,132.266,0.34,0.35,0.65,0.66,0.01,0.01,79400.31,1776873431000
1776873432.992,132.992,0.34,0.35,0.65,0.66,0.01,0.01,79400.31,1776873431000
1776873433.335,133.335,0.32,0.33,0.67,0.68,0.01,0.01,79400.31,1776873432000
1776873433.679,133.679,0.31,0.32,0.68,0.69,0.01,0.01,79400.31,1776873432000
1776873434.084,134.084,0.31,0.32,0.68,0.69,0.01,0.01,79400.31,1776873432000
1776873434.49,134.49,0.3,0.31,0.69,0.7,0.01,0.01,79398.68,1776873433000
1776873434.86,134.86,0.3,0.31,0.69,0.71,0.01,0.02,79398.68,1776873433000
1776873435.217,135.217,0.29,0.3,0.7,0.71,0.01,0.01,79398.68,1776873433000
1776873435.564,135.564,0.29,0.3,0.7,0.71,0.01,0.01,79398.68,1776873433000
1776873435.898,135.898,0.29,0.3,0.7,0.71,0.01,0.01,79398.16,1776873434000
1776873436.336,136.336,0.29,0.3,0.7,0.71,0.01,0.01,79398.16,1776873434000
1776873436.772,136.772,0.28,0.29,0.71,0.72,0.01,0.01,79398.16,1776873435000
1776873437.29,137.29,0.28,0.29,0.71,0.72,0.01,0.01,79397.93,1776873436000
1776873437.718,137.718,0.28,0.29,0.71,0.72,0.01,0.01,79397.93,1776873436000
1776873438.318,138.318,0.28,0.29,0.71,0.72,0.01,0.01,79396.97,1776873437000
1776873439.305,139.305,0.28,0.29,0.71,0.72,0.01,0.01,79395.01,1776873438000
1776873439.899,139.899,0.28,0.29,0.71,0.72,0.01,0.01,79395.01,1776873438000
1776873440.352,140.352,0.28,0.29,0.71,0.72,0.01,0.01,79394.53,1776873439000
1776873440.766,140.766,0.28,0.29,0.71,0.72,0.01,0.01,79394.53,1776873439000
1776873441.124,141.124,0.27,0.29,0.71,0.73,0.02,0.02,79394.53,1776873439000
1776873441.533,141.533,0.27,0.29,0.71,0.73,0.02,0.02,79394.35,1776873440000
1776873441.886,141.886,0.27,0.28,0.71,0.73,0.01,0.02,79394.35,1776873440000
1776873442.247,142.247,0.27,0.29,0.71,0.73,0.02,0.02,79394.35,1776873440000
1776873442.587,142.587,0.28,0.29,0.71,0.72,0.01,0.01,79395.0,1776873441000
1776873443.03,143.03,0.28,0.29,0.71,0.72,0.01,0.01,79395.0,1776873441000
1776873443.463,143.463,0.28,0.29,0.71,0.72,0.01,0.01,79395.25,1776873442000
1776873443.84,143.84,0.28,0.29,0.71,0.72,0.01,0.01,79395.25,1776873442000
1776873444.253,144.253,0.27,0.28,0.72,0.73,0.01,0.01,79395.25,1776873443000
1776873444.78,144.78,0.25,0.26,0.73,0.75,0.01,0.02,79395.25,1776873443000
1776873445.179,145.179,0.25,0.26,0.74,0.75,0.01,0.01,79395.25,1776873443000
1776873445.752,145.752,0.25,0.26,0.74,0.75,0.01,0.01,79395.34,1776873444000
1776873446.327,146.327,0.25,0.26,0.74,0.75,0.01,0.01,79394.3,1776873445000
1776873447.025,147.025,0.25,0.26,0.74,0.75,0.01,0.01,79394.3,1776873445000
1776873447.429,147.429,0.25,0.26,0.74,0.75,0.01,0.01,79393.49,1776873446000
1776873447.851,147.851,0.25,0.26,0.74,0.75,0.01,0.01,79393.49,1776873446000
1776873448.637,148.637,0.25,0.26,0.74,0.76,0.01,0.02,79393.49,1776873446000
1776873449.035,149.035,0.24,0.26,0.74,0.76,0.02,0.02,79392.67,1776873447000
1776873449.63,149.63,0.25,0.26,0.74,0.76,0.01,0.02,79392.67,1776873447000
1776873449.963,149.963,0.25,0.26,0.74,0.75,0.01,0.01,79392.67,1776873447000
1776873450.465,150.465,0.25,0.26,0.74,0.75,0.01,0.01,79392.68,1776873448000
1776873450.819,150.819,0.25,0.26,0.74,0.75,0.01,0.01,79392.67,1776873449000
1776873451.454,151.454,0.25,0.26,0.74,0.75,0.01,0.01,79392.67,1776873449000
1776873451.796,151.796,0.25,0.27,0.72,0.75,0.02,0.03,79392.67,1776873450000
1776873452.239,152.239,0.25,0.26,0.74,0.75,0.01,0.01,79392.67,1776873451000
1776873452.617,152.617,0.25,0.26,0.74,0.75,0.01,0.01,79392.67,1776873451000
1776873452.975,152.975,0.26,0.27,0.73,0.75,0.01,0.02,79392.67,1776873451000
1776873453.406,153.406,0.26,0.27,0.73,0.74,0.01,0.01,79392.67,1776873451000
1776873454.124,154.124,0.27,0.28,0.72,0.73,0.01,0.01,79392.54,1776873452000
1776873454.555,154.555,0.26,0.28,0.72,0.73,0.02,0.01,79392.32,1776873453000
1776873455.423,155.423,0.26,0.27,0.73,0.74,0.01,0.01,79393.08,1776873454000
1776873456.044,156.044,0.26,0.27,0.73,0.74,0.01,0.01,79393.08,1776873454000
1776873457.28,157.28,0.26,0.27,0.73,0.75,0.01,0.02,79392.78,1776873455000
1776873457.857,157.857,0.26,0.27,0.73,0.74,0.01,0.01,79392.2,1776873456000
1776873458.503,158.503,0.26,0.27,0.73,0.74,0.01,0.01,79392.16,1776873457000
1776873458.998,158.998,0.25,0.27,0.73,0.75,0.02,0.02,79392.16,1776873457000
1776873459.338,159.338,0.26,0.27,0.73,0.75,0.01,0.02,79392.2,1776873458000
1776873459.996,159.996,0.26,0.27,0.73,0.74,0.01,0.01,79392.2,1776873458000
1776873460.331,160.331,0.26,0.27,0.73,0.74,0.01,0.01,79392.2,1776873458000
1776873460.752,160.752,0.26,0.27,0.73,0.74,0.01,0.01,79392.2,1776873458000
1776873461.196,161.196,0.26,0.27,0.73,0.74,0.01,0.01,79392.2,1776873459000
1776873461.549,161.549,0.25,0.26,0.74,0.75,0.01,0.01,79392.2,1776873459000
1776873461.997,161.997,0.25,0.26,0.74,0.76,0.01,0.02,79392.32,1776873460000
1776873462.359,162.359,0.25,0.26,0.74,0.75,0.01,0.01,79392.32,1776873460000
1776873462.717,162.717,0.24,0.25,0.75,0.76,0.01,0.01,79392.55,1776873461000
1776873463.177,163.177,0.24,0.25,0.75,0.76,0.01,0.01,79392.55,1776873461000
1776873463.576,163.576,0.24,0.25,0.75,0.76,0.01,0.01,79392.55,1776873461000
1776873463.925,163.925,0.24,0.25,0.75,0.76,0.01,0.01,79392.55,1776873462000
1776873464.313,164.313,0.24,0.25,0.75,0.76,0.01,0.01,79392.24,1776873463000
1776873464.696,164.696,0.24,0.25,0.75,0.76,0.01,0.01,79392.24,1776873463000
1776873465.126,165.126,0.24,0.25,0.75,0.76,0.01,0.01,79392.17,1776873464000
1776873465.531,165.531,0.24,0.25,0.75,0.76,0.01,0.01,79392.17,1776873464000
1776873466.704,166.704,0.24,0.25,0.75,0.76,0.01,0.01,79392.29,1776873465000
1776873467.538,167.538,0.24,0.25,0.75,0.76,0.01,0.01,79392.23,1776873466000
1776873467.936,167.936,0.24,0.25,0.75,0.76,0.01,0.01,79392.23,1776873466000
1776873468.335,168.335,0.24,0.26,0.74,0.76,0.02,0.02,79392.23,1776873466000
1776873468.695,168.695,0.24,0.25,0.75,0.76,0.01,0.01,79393.05,1776873467000
1776873469.401,169.401,0.24,0.25,0.75,0.76,0.01,0.01,79393.35,1776873468000
1776873469.831,169.831,0.24,0.25,0.75,0.76,0.01,0.01,79393.35,1776873468000
1776873470.276,170.276,0.24,0.25,0.75,0.76,0.01,0.01,79392.88,1776873469000
1776873470.644,170.644,0.24,0.25,0.75,0.76,0.01,0.01,79392.88,1776873469000
1776873470.993,170.993,0.23,0.24,0.75,0.76,0.01,0.01,79392.88,1776873469000
1776873471.543,171.543,0.22,0.24,0.76,0.77,0.02,0.01,79392.79,1776873470000
1776873471.9,171.9,0.21,0.23,0.77,0.79,0.02,0.02,79392.79,1776873470000
1776873472.242,172.242,0.17,0.18,0.82,0.83,0.01,0.01,79392.79,1776873470000
1776873472.665,172.665,0.17,0.18,0.82,0.83,0.01,0.01,79392.73,1776873471000
1776873473.012,173.012,0.14,0.15,0.84,0.86,0.01,0.02,79392.73,1776873471000
1776873473.463,173.463,0.14,0.16,0.84,0.85,0.02,0.01,79392.73,1776873471000
1776873473.858,173.858,0.14,0.15,0.84,0.86,0.01,0.02,79392.49,1776873472000
1776873474.361,174.361,0.14,0.15,0.85,0.86,0.01,0.01,79382.24,1776873473000
1776873475.057,175.057,0.14,0.15,0.85,0.86,0.01,0.01,79371.01,1776873474000
1776873476.201,176.201,0.13,0.15,0.85,0.87,0.02,0.02,79363.62,1776873475000
1776873477.233,177.233,0.13,0.15,0.85,0.87,0.02,0.02,79360.01,1776873476000
1776873477.767,177.767,0.12,0.15,0.85,0.88,0.03,0.03,79360.01,1776873476000
1776873478.255,178.255,0.12,0.13,0.87,0.88,0.01,0.01,79360.01,1776873476000
1776873478.87,178.87,0.12,0.13,0.87,0.88,0.01,0.01,79354.14,1776873477000
1776873479.275,179.275,0.13,0.15,0.85,0.88,0.02,0.03,79354.14,1776873477000
1776873479.792,179.792,0.12,0.15,0.85,0.88,0.03,0.03,79348.57,1776873478000
1776873480.268,180.268,0.12,0.15,0.85,0.88,0.03,0.03,79347.17,1776873479000
1776873480.603,180.603,0.11,0.14,0.86,0.89,0.03,0.03,79347.17,1776873479000
1776873480.961,180.961,0.11,0.13,0.87,0.89,0.02,0.02,79347.17,1776873479000
1776873481.303,181.303,0.12,0.14,0.86,0.88,0.02,0.02,79346.44,1776873480000
1776873481.644,181.644,0.09,0.1,0.9,0.91,0.01,0.01,79346.44,1776873480000
1776873482.088,182.088,0.07,0.09,0.91,0.93,0.02,0.02,79346.44,1776873480000
1776873482.542,182.542,0.07,0.08,0.92,0.93,0.01,0.01,79346.44,1776873480000
1776873482.939,182.939,0.07,0.09,0.92,0.93,0.02,0.01,79337.51,1776873481000
1776873483.336,183.336,0.06,0.08,0.92,0.94,0.02,0.02,79337.51,1776873481000
1776873483.845,183.845,0.06,0.08,0.92,0.94,0.02,0.02,79329.22,1776873482000
1776873484.643,184.643,0.06,0.08,0.92,0.94,0.02,0.02,79329.22,1776873482000
1776873485.165,185.165,0.07,0.08,0.92,0.93,0.01,0.01,79333.69,1776873484000
1776873486.059,186.059,0.07,0.08,0.92,0.93,0.01,0.01,79333.69,1776873484000
1776873486.422,186.422,0.07,0.08,0.92,0.93,0.01,0.01,79333.69,1776873484000
1776873487.207,187.207,0.07,0.08,0.92,0.93,0.01,0.01,79335.84,1776873485000
1776873487.56,187.56,0.07,0.08,0.92,0.93,0.01,0.01,79343.8,1776873486000
1776873487.947,187.947,0.07,0.09,0.91,0.93,0.02,0.02,79343.8,1776873486000
1776873488.312,188.312,0.07,0.08,0.92,0.93,0.01,0.01,79343.8,1776873486000
1776873488.66,188.66,0.07,0.08,0.92,0.93,0.01,0.01,79345.4,1776873487000
1776873489.038,189.038,0.07,0.09,0.91,0.93,0.02,0.02,79345.4,1776873487000
1776873489.388,189.388,0.07,0.1,0.9,0.93,0.03,0.03,79345.4,1776873487000
1776873489.771,189.771,0.07,0.1,0.9,0.93,0.03,0.03,79345.4,1776873488000
1776873490.122,190.122,0.06,0.14,0.86,0.94,0.08,0.08,79345.4,1776873488000
1776873490.457,190.457,0.07,0.1,0.9,0.93,0.03,0.03,79345.29,1776873489000
1776873490.797,190.797,0.08,0.09,0.91,0.92,0.01,0.01,79345.29,1776873489000
1776873491.134,191.134,0.08,0.09,0.91,0.92,0.01,0.01,79345.29,1776873489000
1776873491.592,191.592,0.07,0.08,0.92,0.93,0.01,0.01,79345.31,1776873490000
1776873491.938,191.938,0.07,0.08,0.92,0.93,0.01,0.01,79345.31,1776873490000
1776873492.271,192.271,0.07,0.08,0.92,0.93,0.01,0.01,79345.31,1776873491000
1776873492.615,192.615,0.07,0.08,0.92,0.93,0.01,0.01,79345.31,1776873491000
1776873492.971,192.971,0.07,0.08,0.92,0.93,0.01,0.01,79340.91,1776873492000
1776873493.311,193.311,0.07,0.08,0.92,0.93,0.01,0.01,79340.91,1776873492000
1776873494.068,194.068,0.06,0.07,0.92,0.94,0.01,0.02,79340.91,1776873492000
1776873494.595,194.595,0.06,0.07,0.93,0.94,0.01,0.01,79339.01,1776873493000
1776873495.074,195.074,0.06,0.07,0.93,0.94,0.01,0.01,79339.01,1776873493000
1776873495.824,195.824,0.06,0.07,0.93,0.94,0.01,0.01,79335.91,1776873494000
1776873496.767,196.767,0.06,0.07,0.93,0.94,0.01,0.01,79328.95,1776873495000
1776873497.117,197.117,0.06,0.07,0.93,0.94,0.01,0.01,79328.95,1776873495000
1776873497.604,197.604,0.06,0.07,0.93,0.94,0.01,0.01,79328.81,1776873496000
1776873498.025,198.025,0.06,0.07,0.93,0.94,0.01,0.01,79328.81,1776873496000
1776873498.372,198.372,0.06,0.07,0.93,0.94,0.01,0.01,79328.81,1776873496000
1776873498.709,198.709,0.06,0.07,0.93,0.94,0.01,0.01,79333.55,1776873497000
1776873499.059,199.059,0.06,0.07,0.93,0.94,0.01,0.01,79334.23,1776873498000
1776873499.436,199.436,0.05,0.07,0.93,0.95,0.02,0.02,79334.23,1776873498000
1776873499.822,199.822,0.05,0.07,0.93,0.95,0.02,0.02,79334.23,1776873498000
1776873500.265,200.265,0.06,0.07,0.93,0.94,0.01,0.01,79339.54,1776873499000
1776873501.073,201.073,0.06,0.07,0.93,0.94,0.01,0.01,79339.54,1776873499000
1776873501.416,201.416,0.06,0.07,0.93,0.94,0.01,0.01,79339.54,1776873499000
1776873501.765,201.765,0.06,0.07,0.91,0.94,0.01,0.03,79334.86,1776873500000
1776873502.193,202.193,0.06,0.07,0.93,0.94,0.01,0.01,79334.86,1776873500000
1776873502.535,202.535,0.06,0.07,0.93,0.94,0.01,0.01,79332.87,1776873501000
1776873502.89,202.89,0.05,0.07,0.93,0.94,0.02,0.01,79332.87,1776873501000
1776873503.263,203.263,0.05,0.06,0.94,0.95,0.01,0.01,79332.87,1776873501000
1776873503.779,203.779,0.05,0.06,0.94,0.95,0.01,0.01,79332.12,1776873502000
1776873504.35,204.35,0.05,0.06,0.94,0.95,0.01,0.01,79332.09,1776873503000
1776873505.116,205.116,0.05,0.06,0.94,0.95,0.01,0.01,79332.09,1776873503000
1776873505.507,205.507,0.05,0.06,0.94,0.95,0.01,0.01,79332.16,1776873504000
1776873506.249,206.249,0.05,0.06,0.94,0.95,0.01,0.01,79332.16,1776873504000
1776873506.692,206.692,0.05,0.06,0.94,0.95,0.01,0.01,79331.67,1776873505000
1776873507.222,207.222,0.05,0.06,0.94,0.95,0.01,0.01,79331.67,1776873505000
1776873507.571,207.571,0.05,0.06,0.94,0.95,0.01,0.01,79331.67,1776873506000
1776873507.914,207.914,0.05,0.06,0.94,0.95,0.01,0.01,79331.67,1776873506000
1776873508.333,208.333,0.05,0.06,0.94,0.95,0.01,0.01,79331.76,1776873507000
1776873508.973,208.973,0.05,0.06,0.94,0.95,0.01,0.01,79331.76,1776873507000
1776873509.421,209.421,0.05,0.06,0.94,0.95,0.01,0.01,79334.41,1776873508000
1776873509.823,209.823,0.05,0.06,0.94,0.95,0.01,0.01,79334.41,1776873508000
1776873510.235,210.235,0.04,0.06,0.94,0.96,0.02,0.02,79336.56,1776873509000
1776873510.659,210.659,0.04,0.05,0.95,0.96,0.01,0.01,79336.56,1776873509000
1776873510.999,210.999,0.04,0.05,0.95,0.96,0.01,0.01,79336.56,1776873509000
1776873511.371,211.371,0.04,0.05,0.95,0.96,0.01,0.01,79336.56,1776873509000
1776873511.811,211.811,0.04,0.05,0.95,0.96,0.01,0.01,79334.41,1776873510000
1776873512.303,212.303,0.04,0.05,0.95,0.96,0.01,0.01,79332.49,1776873511000
1776873512.791,212.791,0.04,0.05,0.95,0.96,0.01,0.01,79332.49,1776873511000
1776873513.223,213.223,0.04,0.05,0.95,0.96,0.01,0.01,79332.49,1776873511000
1776873513.631,213.631,0.05,0.06,0.94,0.95,0.01,0.01,79331.4,1776873512000
1776873513.972,213.972,0.05,0.06,0.94,0.95,0.01,0.01,79331.4,1776873512000
1776873514.331,214.331,0.05,0.06,0.94,0.95,0.01,0.01,79331.17,1776873513000
1776873514.75,214.75,0.05,0.06,0.94,0.95,0.01,0.01,79331.17,1776873513000
1776873515.372,215.372,0.05,0.06,0.94,0.95,0.01,0.01,79332.67,1776873514000
1776873515.761,215.761,0.06,0.07,0.93,0.94,0.01,0.01,79332.67,1776873514000
1776873516.109,216.109,0.06,0.07,0.93,0.94,0.01,0.01,79342.3,1776873515000
1776873516.45,216.45,0.07,0.08,0.92,0.93,0.01,0.01,79342.3,1776873515000
1776873516.93,216.93,0.07,0.09,0.91,0.93,0.02,0.02,79342.02,1776873516000
1776873517.291,217.291,0.08,0.09,0.91,0.92,0.01,0.01,79342.02,1776873516000
1776873517.77,217.77,0.08,0.09,0.91,0.92,0.01,0.01,79342.02,1776873516000
1776873518.285,218.285,0.08,0.09,0.91,0.92,0.01,0.01,79347.98,1776873517000
1776873518.794,218.794,0.08,0.09,0.91,0.92,0.01,0.01,79347.98,1776873517000
1776873519.206,219.206,0.07,0.08,0.92,0.93,0.01,0.01,79355.1,1776873518000
1776873519.593,219.593,0.07,0.08,0.92,0.93,0.01,0.01,79355.1,1776873518000
1776873519.945,219.945,0.07,0.08,0.92,0.93,0.01,0.01,79355.1,1776873518000
1776873520.388,220.388,0.07,0.08,0.92,0.93,0.01,0.01,79355.66,1776873519000
1776873520.783,220.783,0.07,0.08,0.92,0.93,0.01,0.01,79355.66,1776873519000
1776873521.119,221.119,0.06,0.07,0.93,0.94,0.01,0.01,79355.66,1776873519000
1776873521.577,221.577,0.06,0.07,0.93,0.94,0.01,0.01,79353.18,1776873520000
1776873522.222,222.222,0.07,0.08,0.92,0.94,0.01,0.02,79353.18,1776873520000
1776873522.639,222.639,0.07,0.09,0.92,0.93,0.02,0.01,79352.48,1776873521000
1776873523.072,223.072,0.08,0.09,0.91,0.92,0.01,0.01,79352.48,1776873521000
1776873523.511,223.511,0.07,0.08,0.91,0.93,0.01,0.02,79352.55,1776873522000
1776873523.859,223.859,0.07,0.08,0.92,0.93,0.01,0.01,79352.55,1776873522000
1776873524.279,224.279,0.08,0.09,0.91,0.92,0.01,0.01,79352.55,1776873522000
1776873524.717,224.717,0.07,0.09,0.91,0.92,0.02,0.01,79354.35,1776873523000
1776873525.404,225.404,0.07,0.08,0.92,0.93,0.01,0.01,79354.35,1776873523000
1776873526.091,226.091,0.08,0.09,0.9,0.93,0.01,0.03,79353.79,1776873524000
1776873526.441,226.441,0.08,0.09,0.91,0.92,0.01,0.01,79353.79,1776873524000
1776873526.808,226.808,0.06,0.09,0.91,0.92,0.03,0.01,79353.79,1776873524000
1776873527.266,227.266,0.05,0.07,0.93,0.95,0.02,0.02,79354.34,1776873526000
1776873527.967,227.967,0.06,0.07,0.93,0.95,0.01,0.02,79354.34,1776873526000
1776873528.352,228.352,0.06,0.07,0.93,0.94,0.01,0.01,79354.34,1776873526000
1776873528.79,228.79,0.05,0.06,0.94,0.95,0.01,0.01,79354.43,1776873527000
1776873529.213,229.213,0.05,0.06,0.94,0.95,0.01,0.01,79354.43,1776873527000
1776873530.113,230.113,0.05,0.06,0.94,0.95,0.01,0.01,79348.87,1776873528000
1776873530.536,230.536,0.05,0.06,0.94,0.95,0.01,0.01,79348.87,1776873528000
1776873530.952,230.952,0.05,0.06,0.94,0.95,0.01,0.01,79343.07,1776873529000
1776873531.315,231.315,0.05,0.06,0.94,0.95,0.01,0.01,79343.07,1776873529000
1776873531.748,231.748,0.05,0.06,0.94,0.95,0.01,0.01,79341.61,1776873530000
1776873532.098,232.098,0.04,0.05,0.95,0.96,0.01,0.01,79341.54,1776873531000
1776873532.433,232.433,0.04,0.05,0.95,0.96,0.01,0.01,79341.54,1776873531000
1776873532.812,232.812,0.04,0.05,0.95,0.96,0.01,0.01,79341.54,1776873531000
1776873533.192,233.192,0.04,0.05,0.95,0.96,0.01,0.01,79341.54,1776873531000
1776873533.617,233.617,0.04,0.05,0.95,0.96,0.01,0.01,79340.03,1776873532000
1776873533.979,233.979,0.04,0.05,0.95,0.96,0.01,0.01,79340.03,1776873532000
1776873534.387,234.387,0.04,0.05,0.95,0.96,0.01,0.01,79339.64,1776873533000
1776873534.829,234.829,0.04,0.05,0.95,0.96,0.01,0.01,79339.64,1776873533000
1776873535.274,235.274,0.04,0.05,0.95,0.96,0.01,0.01,79339.64,1776873533000
1776873535.664,235.664,0.04,0.05,0.95,0.96,0.01,0.01,79337.1,1776873534000
1776873536.21,236.21,0.04,0.05,0.95,0.96,0.01,0.01,79337.1,1776873534000
1776873536.586,236.586,0.04,0.05,0.95,0.96,0.01,0.01,79337.1,1776873535000
1776873537.222,237.222,0.04,0.05,0.95,0.96,0.01,0.01,79337.1,1776873535000
1776873537.771,237.771,0.04,0.05,0.95,0.96,0.01,0.01,79337.13,1776873536000
1776873538.414,238.414,0.03,0.04,0.95,0.96,0.01,0.01,79337.13,1776873536000
1776873538.78,238.78,0.03,0.04,0.96,0.97,0.01,0.01,79334.96,1776873537000
1776873539.211,239.211,0.03,0.04,0.96,0.97,0.01,0.01,79334.96,1776873537000
1776873539.606,239.606,0.03,0.04,0.96,0.97,0.01,0.01,79334.66,1776873538000
1776873540.059,240.059,0.03,0.04,0.96,0.97,0.01,0.01,79334.66,1776873538000
1776873540.449,240.449,0.03,0.04,0.96,0.97,0.01,0.01,79334.66,1776873538000
1776873540.806,240.806,0.03,0.04,0.96,0.97,0.01,0.01,79331.01,1776873539000
1776873541.4,241.4,0.03,0.04,0.96,0.97,0.01,0.01,79331.92,1776873540000
1776873541.785,241.785,0.03,0.04,0.96,0.97,0.01,0.01,79331.92,1776873540000
1776873542.225,242.225,0.02,0.04,0.96,0.97,0.02,0.01,79331.92,1776873540000
1776873542.687,242.687,0.02,0.03,0.97,0.98,0.01,0.01,79331.92,1776873540000
1776873543.233,243.233,0.02,0.03,0.97,0.98,0.01,0.01,79335.44,1776873541000
1776873543.592,243.592,0.02,0.03,0.97,0.98,0.01,0.01,79335.44,1776873541000
1776873544.028,244.028,0.02,0.03,0.97,0.98,0.01,0.01,79335.27,1776873542000
1776873544.393,244.393,0.02,0.03,0.97,0.98,0.01,0.01,79335.27,1776873543000
1776873544.837,244.837,0.02,0.03,0.97,0.98,0.01,0.01,79335.27,1776873543000
1776873545.261,245.261,0.02,0.03,0.97,0.98,0.01,0.01,79334.07,1776873544000
1776873545.737,245.737,0.02,0.03,0.97,0.98,0.01,0.01,79334.07,1776873544000
1776873546.162,246.162,0.02,0.03,0.97,0.98,0.01,0.01,79334.07,1776873544000
1776873546.505,246.505,0.02,0.03,0.97,0.98,0.01,0.01,79333.18,1776873545000
1776873546.846,246.846,0.02,0.03,0.97,0.98,0.01,0.01,79333.18,1776873545000
1776873547.222,247.222,0.01,0.03,0.97,0.99,0.02,0.02,79333.1,1776873546000
1776873547.641,247.641,0.01,0.02,0.98,0.99,0.01,0.01,79333.1,1776873546000
1776873548.006,248.006,0.01,0.02,0.98,0.99,0.01,0.01,79333.1,1776873546000
1776873548.485,248.485,0.01,0.02,0.98,0.99,0.01,0.01,79333.14,1776873547000
1776873548.891,248.891,0.01,0.02,0.98,0.99,0.01,0.01,79333.14,1776873547000
1776873549.403,249.403,0.01,0.02,0.98,0.99,0.01,0.01,79333.05,1776873548000
1776873549.768,249.768,0.01,0.02,0.98,0.99,0.01,0.01,79333.05,1776873548000
1776873550.143,250.143,0.01,0.02,0.98,0.99,0.01,0.01,79333.05,1776873548000
1776873550.477,250.477,0.01,0.02,0.98,0.99,0.01,0.01,79330.92,1776873549000
1776873550.881,250.881,0.01,0.02,0.98,0.99,0.01,0.01,79330.92,1776873549000
1776873551.215,251.215,0.01,0.02,0.98,0.99,0.01,0.01,79326.67,1776873550000
1776873551.557,251.557,0.01,0.02,0.98,0.99,0.01,0.01,79326.67,1776873550000
1776873551.919,251.919,0.01,0.02,0.98,0.99,0.01,0.01,79326.67,1776873550000
1776873552.348,252.348,0.01,0.02,0.98,0.99,0.01,0.01,79322.73,1776873551000
1776873552.73,252.73,0.01,0.02,0.98,0.99,0.01,0.01,79322.73,1776873551000
1776873553.216,253.216,0.01,0.01,0.99,0.99,0.0,0.0,79321.98,1776873552000
1776873553.601,253.601,0.01,0.01,0.99,0.99,0.0,0.0,79321.98,1776873552000
1776873554.004,254.004,0.01,0.01,0.99,0.99,0.0,0.0,79321.98,1776873552000
1776873554.542,254.542,0.01,0.01,0.99,0.99,0.0,0.0,79323.71,1776873553000
1776873555.12,255.12,0.01,0.01,0.99,0.99,0.0,0.0,79323.71,1776873553000
1776873555.471,255.471,0.01,0.01,0.99,0.99,0.0,0.0,79324.08,1776873554000
1776873556.712,256.712,0.01,0.01,0.99,0.99,0.0,0.0,79324.08,1776873554000
1776873557.068,257.068,0.01,0.01,0.99,0.99,0.0,0.0,79322.87,1776873555000
1776873557.506,257.506,0.01,0.01,0.99,0.99,0.0,0.0,79322.87,1776873556000
1776873557.873,257.873,0.01,0.01,0.99,0.99,0.0,0.0,79322.87,1776873556000
1776873558.457,258.457,0.01,0.01,0.99,0.99,0.0,0.0,79322.87,1776873557000
1776873558.876,258.876,0.01,0.01,0.99,0.99,0.0,0.0,79322.97,1776873558000
1776873559.838,259.838,0.01,0.01,0.99,0.99,0.0,0.0,79322.97,1776873558000
1776873560.838,260.838,0.01,0.01,0.99,0.99,0.0,0.0,79317.59,1776873560000
1776873561.289,261.289,0.01,0.01,0.99,0.99,0.0,0.0,79317.59,1776873560000
1776873561.698,261.698,0.01,0.01,0.99,0.99,0.0,0.0,79317.59,1776873560000
1776873562.52,262.52,0.01,0.01,0.99,0.99,0.0,0.0,79317.27,1776873561000
1776873562.974,262.974,0.01,0.01,0.99,0.99,0.0,0.0,79316.51,1776873562000
1776873563.924,263.924,0.01,0.01,0.99,0.99,0.0,0.0,79316.16,1776873563000
1776873564.924,264.924,0.01,0.01,0.99,0.99,0.0,0.0,79316.16,1776873563000
1776873565.843,265.843,0.01,0.01,0.99,0.99,0.0,0.0,79315.82,1776873564000
1776873566.349,266.349,0.01,0.01,0.99,0.99,0.0,0.0,79313.68,1776873565000
1776873566.69,266.69,0.01,0.01,0.99,0.99,0.0,0.0,79313.68,1776873565000
1776873567.452,267.452,0.01,0.01,0.99,0.99,0.0,0.0,79314.25,1776873566000
1776873567.939,267.939,0.01,0.01,0.99,0.99,0.0,0.0,79314.44,1776873567000
1776873568.826,268.826,0.01,0.01,0.99,0.99,0.0,0.0,79315.96,1776873568000
1776873569.758,269.758,0.01,0.01,0.99,0.99,0.0,0.0,79315.96,1776873568000
1776873570.444,270.444,0.01,0.01,0.99,0.99,0.0,0.0,79316.11,1776873569000
1776873571.0,271.0,0.01,0.01,0.99,0.99,0.0,0.0,79316.11,1776873570000
1776873572.033,272.033,0.01,0.01,0.99,0.99,0.0,0.0,79316.11,1776873570000
1776873573.29,273.29,0.01,0.01,0.99,0.99,0.0,0.0,79320.14,1776873571000
1776873574.095,274.095,0.01,0.01,0.99,0.99,0.0,0.0,79320.53,1776873572000
1776873574.78,274.78,0.01,0.01,0.99,0.99,0.0,0.0,79319.58,1776873573000
1776873576.033,276.033,0.01,0.01,0.99,0.99,0.0,0.0,79319.47,1776873575000
1776873577.336,277.336,0.01,0.01,0.99,0.99,0.0,0.0,79319.07,1776873576000
1776873578.353,278.353,0.01,0.01,0.99,0.99,0.0,0.0,79315.8,1776873577000
1776873579.383,279.383,0.01,0.01,0.99,0.99,0.0,0.0,79318.02,1776873578000
1776873580.311,280.311,0.01,0.01,0.99,0.99,0.0,0.0,79317.69,1776873579000
1776873581.393,281.393,0.01,0.01,0.99,0.99,0.0,0.0,79317.69,1776873579000
1776873582.076,282.076,0.01,0.01,0.99,0.99,0.0,0.0,79315.48,1776873581000
1776873582.951,282.951,0.01,0.01,0.99,0.99,0.0,0.0,79314.92,1776873582000
1776873584.17,284.17,0.01,0.01,0.99,0.99,0.0,0.0,79314.92,1776873582000
1776873584.679,284.679,0.01,0.01,0.99,0.99,0.0,0.0,79313.59,1776873583000
1776873585.818,285.818,0.01,0.01,0.99,0.99,0.0,0.0,79310.7,1776873584000
1776873586.239,286.239,0.01,0.01,0.99,0.99,0.0,0.0,79309.67,1776873585000
1776873586.816,286.816,0.01,0.01,0.99,0.99,0.0,0.0,79309.67,1776873585000
1776873587.661,287.661,0.01,0.01,0.99,0.99,0.0,0.0,79309.69,1776873586000
1776873588.21,288.21,0.01,0.01,0.99,0.99,0.0,0.0,79311.1,1776873587000
1776873589.26,289.26,0.01,0.01,0.99,0.99,0.0,0.0,79301.38,1776873588000
1776873590.619,290.619,0.01,0.01,0.99,0.99,0.0,0.0,79299.67,1776873589000
1776873591.471,291.471,0.01,0.01,0.99,0.99,0.0,0.0,79299.61,1776873590000
1776873592.063,292.063,0.01,0.01,0.99,0.99,0.0,0.0,79299.82,1776873591000
1776873592.595,292.595,0.01,0.01,0.99,0.99,0.0,0.0,79299.82,1776873591000
1776873593.63,293.63,0.01,0.01,0.99,0.99,0.0,0.0,79300.48,1776873592000
1776873594.069,294.069,0.01,0.01,0.99,0.99,0.0,0.0,79300.75,1776873593000
1776873595.018,295.018,0.01,0.01,0.99,0.99,0.0,0.0,79300.75,1776873593000
1776873595.638,295.638,0.01,0.01,0.99,0.99,0.0,0.0,79299.76,1776873594000
1776873596.001,296.001,0.01,0.01,0.99,0.99,0.0,0.0,79299.68,1776873595000
1776873597.48,297.48,0.01,0.01,0.99,0.99,0.0,0.0,79300.25,1776873596000
1776873598.043,298.043,0.01,0.01,0.99,0.99,0.0,0.0,79300.25,1776873597000
1776873598.789,298.789,0.01,0.01,0.99,0.99,0.0,0.0,79300.25,1776873597000
1776873599.357,299.357,0.01,0.01,0.99,0.99,0.0,0.0,79302.53,1776873598000
1776873600.484,300.484,0.01,0.01,0.99,0.99,0.0,0.0,79302.53,1776873598000
1776873600.963,300.963,0.01,0.01,0.99,0.99,0.0,0.0,79302.53,1776873598000
1776873601.468,301.468,0.01,0.01,0.99,0.99,0.0,0.0,79305.33,1776873600000
1776873602.22,302.22,0.01,0.01,0.99,0.99,0.0,0.0,79308.05,1776873601000

# RESULT,winner=Down,slug=btc-updown-5m-1776873300,ticks=622
