timestamp,elapsed_sec,up_bid,up_ask,down_bid,down_ask,up_spread,down_spread,btc_price,btc_oracle_ts
1777311000.576,0.576,0.46,0.47,0.53,0.54,0.01,0.01,76827.75,1777310999000
1777311000.918,0.918,0.46,0.47,0.53,0.54,0.01,0.01,76827.75,1777310999000
1777311001.395,1.395,0.46,0.48,0.53,0.54,0.02,0.01,76827.75,1777310999000
1777311002.258,2.258,0.46,0.48,0.52,0.54,0.02,0.02,76824.25,1777311001000
1777311002.709,2.709,0.46,0.48,0.52,0.54,0.02,0.02,76824.25,1777311001000
1777311003.194,3.194,0.46,0.48,0.52,0.54,0.02,0.02,76824.25,1777311002000
1777311003.694,3.694,0.46,0.47,0.53,0.54,0.01,0.01,76824.25,1777311002000
1777311004.058,4.058,0.46,0.48,0.52,0.54,0.02,0.02,76824.58,1777311003000
1777311004.507,4.507,0.46,0.48,0.52,0.54,0.02,0.02,76824.58,1777311003000
1777311004.975,4.975,0.47,0.48,0.52,0.54,0.01,0.02,76824.58,1777311003000
1777311005.479,5.479,0.47,0.48,0.52,0.53,0.01,0.01,76824.65,1777311004000
1777311005.879,5.879,0.47,0.48,0.52,0.53,0.01,0.01,76824.65,1777311004000
1777311006.37,6.37,0.47,0.48,0.52,0.53,0.01,0.01,76824.68,1777311005000
1777311006.747,6.747,0.47,0.49,0.51,0.53,0.02,0.02,76824.68,1777311005000
1777311007.144,7.144,0.48,0.49,0.51,0.52,0.01,0.01,76825.84,1777311006000
1777311007.568,7.568,0.48,0.49,0.51,0.52,0.01,0.01,76825.84,1777311006000
1777311008.156,8.156,0.48,0.49,0.51,0.52,0.01,0.01,76825.84,1777311006000
1777311008.823,8.823,0.48,0.49,0.51,0.52,0.01,0.01,76828.95,1777311007000
1777311009.223,9.223,0.51,0.52,0.48,0.49,0.01,0.01,76828.95,1777311007000
1777311009.571,9.571,0.51,0.52,0.48,0.49,0.01,0.01,76829.37,1777311008000
1777311009.963,9.963,0.51,0.52,0.48,0.49,0.01,0.01,76829.37,1777311008000
1777311011.137,11.137,0.51,0.52,0.48,0.49,0.01,0.01,76829.37,1777311008000
1777311011.501,11.501,0.51,0.52,0.48,0.49,0.01,0.01,76838.65,1777311010000
1777311011.86,11.86,0.51,0.64,0.48,0.49,0.13,0.01,76838.65,1777311010000
1777311012.327,12.327,0.58,0.59,0.36,0.42,0.01,0.06,76838.65,1777311010000
1777311012.7,12.7,0.62,0.64,0.36,0.38,0.02,0.02,76839.89,1777311011000
1777311013.054,13.054,0.64,0.65,0.35,0.37,0.01,0.02,76839.89,1777311011000
1777311013.417,13.417,0.64,0.65,0.35,0.36,0.01,0.01,76844.36,1777311012000
1777311013.776,13.776,0.64,0.65,0.35,0.36,0.01,0.01,76844.36,1777311012000
1777311014.223,14.223,0.64,0.65,0.35,0.36,0.01,0.01,76844.36,1777311012000
1777311014.704,14.704,0.65,0.66,0.35,0.36,0.01,0.01,76844.36,1777311012000
1777311015.128,15.128,0.65,0.66,0.34,0.35,0.01,0.01,76858.49,1777311013000
1777311015.492,15.492,0.65,0.66,0.34,0.35,0.01,0.01,76858.49,1777311013000
1777311015.921,15.921,0.66,0.67,0.33,0.35,0.01,0.02,76859.84,1777311014000
1777311016.258,16.258,0.66,0.67,0.33,0.34,0.01,0.01,76860.61,1777311015000
1777311016.603,16.603,0.66,0.68,0.33,0.34,0.02,0.01,76860.61,1777311015000
1777311017.117,17.117,0.67,0.68,0.32,0.33,0.01,0.01,76860.61,1777311015000
1777311017.454,17.454,0.67,0.68,0.32,0.33,0.01,0.01,76860.61,1777311015000
1777311017.88,17.88,0.67,0.71,0.32,0.33,0.04,0.01,76869.3,1777311016000
1777311018.262,18.262,0.72,0.73,0.27,0.28,0.01,0.01,76870.96,1777311017000
1777311018.649,18.649,0.72,0.73,0.27,0.28,0.01,0.01,76870.96,1777311017000
1777311019.131,19.131,0.72,0.73,0.27,0.28,0.01,0.01,76870.96,1777311017000
1777311019.567,19.567,0.72,0.73,0.27,0.28,0.01,0.01,76870.96,1777311017000
1777311020.19,20.19,0.72,0.75,0.25,0.28,0.03,0.03,76873.1,1777311019000
1777311020.535,20.535,0.74,0.75,0.25,0.26,0.01,0.01,76873.1,1777311019000
1777311020.872,20.872,0.74,0.75,0.25,0.26,0.01,0.01,76873.1,1777311019000
1777311021.213,21.213,0.77,0.78,0.22,0.26,0.01,0.04,76873.1,1777311019000
1777311021.549,21.549,0.77,0.78,0.22,0.23,0.01,0.01,76873.1,1777311019000
1777311021.893,21.893,0.77,0.78,0.22,0.23,0.01,0.01,76880.34,1777311020000
1777311022.226,22.226,0.77,0.78,0.22,0.23,0.01,0.01,76880.34,1777311020000
1777311022.582,22.582,0.77,0.78,0.22,0.23,0.01,0.01,76884.22,1777311021000
1777311022.936,22.936,0.77,0.78,0.22,0.23,0.01,0.01,76884.22,1777311021000
1777311023.551,23.551,0.77,0.78,0.22,0.23,0.01,0.01,76884.22,1777311021000
1777311024.079,24.079,0.74,0.75,0.24,0.26,0.01,0.02,76891.23,1777311022000
1777311024.43,24.43,0.76,0.78,0.23,0.24,0.02,0.01,76890.4,1777311023000
1777311024.826,24.826,0.77,0.78,0.22,0.23,0.01,0.01,76890.4,1777311023000
1777311025.169,25.169,0.77,0.78,0.22,0.23,0.01,0.01,76889.23,1777311024000
1777311025.579,25.579,0.77,0.78,0.22,0.23,0.01,0.01,76889.23,1777311024000
1777311026.447,26.447,0.78,0.79,0.21,0.22,0.01,0.01,76889.23,1777311024000
1777311027.043,27.043,0.77,0.78,0.21,0.23,0.01,0.02,76889.23,1777311024000
1777311027.498,27.498,0.77,0.78,0.22,0.23,0.01,0.01,76891.96,1777311026000
1777311028.528,28.528,0.77,0.78,0.22,0.23,0.01,0.01,76892.12,1777311027000
1777311029.07,29.07,0.77,0.78,0.22,0.23,0.01,0.01,76892.11,1777311028000
1777311029.412,29.412,0.77,0.78,0.22,0.23,0.01,0.01,76892.11,1777311028000
1777311029.93,29.93,0.76,0.77,0.23,0.24,0.01,0.01,76892.11,1777311028000
1777311030.269,30.269,0.76,0.77,0.23,0.24,0.01,0.01,76890.85,1777311029000
1777311030.647,30.647,0.76,0.77,0.23,0.24,0.01,0.01,76890.85,1777311029000
1777311031.129,31.129,0.74,0.75,0.23,0.26,0.01,0.03,76890.85,1777311029000
1777311031.471,31.471,0.74,0.75,0.25,0.26,0.01,0.01,76890.77,1777311030000
1777311031.859,31.859,0.75,0.76,0.24,0.25,0.01,0.01,76890.77,1777311030000
1777311032.234,32.234,0.75,0.76,0.24,0.25,0.01,0.01,76890.77,1777311030000
1777311032.622,32.622,0.75,0.76,0.24,0.25,0.01,0.01,76889.84,1777311031000
1777311033.103,33.103,0.75,0.76,0.24,0.25,0.01,0.01,76889.84,1777311031000
1777311033.445,33.445,0.75,0.76,0.24,0.25,0.01,0.01,76889.84,1777311032000
1777311033.93,33.93,0.75,0.76,0.24,0.25,0.01,0.01,76889.84,1777311032000
1777311034.305,34.305,0.75,0.76,0.24,0.25,0.01,0.01,76889.82,1777311033000
1777311034.646,34.646,0.75,0.76,0.24,0.25,0.01,0.01,76889.82,1777311033000
1777311035.028,35.028,0.75,0.76,0.24,0.25,0.01,0.01,76889.82,1777311033000
1777311035.424,35.424,0.75,0.76,0.24,0.25,0.01,0.01,76888.53,1777311034000
1777311035.766,35.766,0.75,0.76,0.24,0.25,0.01,0.01,76888.53,1777311034000
1777311036.121,36.121,0.75,0.76,0.24,0.25,0.01,0.01,76888.53,1777311034000
1777311036.524,36.524,0.75,0.76,0.24,0.25,0.01,0.01,76888.4,1777311035000
1777311036.914,36.914,0.72,0.73,0.27,0.28,0.01,0.01,76888.4,1777311035000
1777311037.273,37.273,0.71,0.72,0.28,0.29,0.01,0.01,76888.4,1777311035000
1777311037.66,37.66,0.71,0.72,0.28,0.29,0.01,0.01,76889.18,1777311036000
1777311038.038,38.038,0.71,0.72,0.28,0.29,0.01,0.01,76889.18,1777311037000
1777311038.385,38.385,0.71,0.72,0.28,0.29,0.01,0.01,76889.18,1777311037000
1777311038.719,38.719,0.71,0.72,0.28,0.29,0.01,0.01,76889.18,1777311037000
1777311039.096,39.096,0.71,0.72,0.28,0.29,0.01,0.01,76889.18,1777311037000
1777311039.459,39.459,0.71,0.72,0.28,0.29,0.01,0.01,76885.1,1777311038000
1777311039.83,39.83,0.71,0.72,0.28,0.29,0.01,0.01,76885.1,1777311038000
1777311040.171,40.171,0.62,0.72,0.28,0.29,0.1,0.01,76885.1,1777311038000
1777311040.539,40.539,0.69,0.7,0.3,0.31,0.01,0.01,76885.1,1777311039000
1777311040.904,40.904,0.69,0.7,0.3,0.31,0.01,0.01,76885.1,1777311039000
1777311041.285,41.285,0.69,0.7,0.3,0.31,0.01,0.01,76885.1,1777311039000
1777311041.624,41.624,0.69,0.7,0.3,0.31,0.01,0.01,76885.1,1777311039000
1777311041.97,41.97,0.69,0.7,0.3,0.31,0.01,0.01,76884.58,1777311040000
1777311042.342,42.342,0.69,0.7,0.3,0.31,0.01,0.01,76884.75,1777311041000
1777311042.68,42.68,0.69,0.7,0.3,0.31,0.01,0.01,76884.75,1777311041000
1777311043.028,43.028,0.69,0.7,0.3,0.31,0.01,0.01,76884.75,1777311041000
1777311043.367,43.367,0.69,0.7,0.3,0.31,0.01,0.01,76884.75,1777311041000
1777311043.911,43.911,0.69,0.7,0.3,0.31,0.01,0.01,76885.91,1777311042000
1777311044.356,44.356,0.68,0.69,0.3,0.32,0.01,0.02,76885.91,1777311043000
1777311044.691,44.691,0.68,0.69,0.31,0.32,0.01,0.01,76885.91,1777311043000
1777311045.146,45.146,0.68,0.69,0.31,0.32,0.01,0.01,76886.19,1777311044000
1777311045.499,45.499,0.68,0.69,0.31,0.32,0.01,0.01,76886.19,1777311044000
1777311045.843,45.843,0.65,0.69,0.31,0.32,0.04,0.01,76886.19,1777311044000
1777311046.176,46.176,0.65,0.66,0.34,0.35,0.01,0.01,76886.19,1777311044000
1777311046.51,46.51,0.64,0.65,0.35,0.36,0.01,0.01,76886.21,1777311045000
1777311046.862,46.862,0.64,0.65,0.35,0.36,0.01,0.01,76886.21,1777311045000
1777311047.24,47.24,0.64,0.65,0.35,0.36,0.01,0.01,76886.21,1777311045000
1777311047.626,47.626,0.64,0.65,0.35,0.36,0.01,0.01,76886.35,1777311046000
1777311047.998,47.998,0.64,0.65,0.35,0.36,0.01,0.01,76886.35,1777311046000
1777311048.412,48.412,0.64,0.65,0.35,0.36,0.01,0.01,76886.35,1777311047000
1777311048.762,48.762,0.65,0.66,0.34,0.35,0.01,0.01,76886.35,1777311047000
1777311049.108,49.108,0.65,0.66,0.34,0.35,0.01,0.01,76886.21,1777311048000
1777311049.534,49.534,0.58,0.66,0.34,0.42,0.08,0.08,76886.21,1777311048000
1777311049.93,49.93,0.65,0.66,0.34,0.35,0.01,0.01,76886.21,1777311048000
1777311050.275,50.275,0.63,0.64,0.36,0.37,0.01,0.01,76886.21,1777311049000
1777311050.619,50.619,0.63,0.64,0.36,0.38,0.01,0.02,76886.21,1777311049000
1777311050.964,50.964,0.62,0.63,0.37,0.38,0.01,0.01,76886.21,1777311049000
1777311051.303,51.303,0.61,0.62,0.38,0.39,0.01,0.01,76886.21,1777311049000
1777311051.696,51.696,0.61,0.62,0.38,0.39,0.01,0.01,76886.24,1777311050000
1777311052.067,52.067,0.61,0.62,0.38,0.39,0.01,0.01,76886.24,1777311050000
1777311052.409,52.409,0.59,0.62,0.38,0.39,0.03,0.01,76886.24,1777311051000
1777311052.785,52.785,0.6,0.61,0.39,0.42,0.01,0.03,76886.24,1777311051000
1777311053.125,53.125,0.64,0.66,0.34,0.36,0.02,0.02,76886.36,1777311052000
1777311053.458,53.458,0.67,0.68,0.32,0.33,0.01,0.01,76886.36,1777311052000
1777311053.84,53.84,0.67,0.68,0.32,0.33,0.01,0.01,76886.36,1777311052000
1777311054.182,54.182,0.67,0.68,0.32,0.33,0.01,0.01,76887.11,1777311053000
1777311054.527,54.527,0.66,0.67,0.33,0.34,0.01,0.01,76887.11,1777311053000
1777311054.869,54.869,0.66,0.67,0.33,0.34,0.01,0.01,76887.11,1777311053000
1777311055.224,55.224,0.66,0.67,0.33,0.34,0.01,0.01,76887.11,1777311053000
1777311055.619,55.619,0.65,0.67,0.33,0.34,0.02,0.01,76895.4,1777311054000
1777311056.16,56.16,0.64,0.65,0.34,0.36,0.01,0.02,76895.4,1777311054000
1777311056.579,56.579,0.63,0.64,0.36,0.37,0.01,0.01,76895.4,1777311054000
1777311056.933,56.933,0.63,0.64,0.36,0.37,0.01,0.01,76893.56,1777311055000
1777311057.267,57.267,0.62,0.63,0.37,0.38,0.01,0.01,76893.56,1777311055000
1777311057.61,57.61,0.62,0.63,0.37,0.38,0.01,0.01,76894.76,1777311056000
1777311057.954,57.954,0.61,0.62,0.38,0.39,0.01,0.01,76894.76,1777311057000
1777311058.37,58.37,0.61,0.62,0.38,0.39,0.01,0.01,76894.76,1777311057000
1777311058.756,58.756,0.61,0.62,0.38,0.39,0.01,0.01,76894.76,1777311057000
1777311059.103,59.103,0.61,0.62,0.38,0.39,0.01,0.01,76894.76,1777311057000
1777311059.457,59.457,0.63,0.64,0.36,0.37,0.01,0.01,76894.76,1777311057000
1777311059.865,59.865,0.63,0.64,0.36,0.37,0.01,0.01,76894.76,1777311057000
1777311060.336,60.336,0.63,0.64,0.36,0.37,0.01,0.01,76895.42,1777311058000
1777311060.675,60.675,0.64,0.65,0.35,0.36,0.01,0.01,76895.22,1777311059000
1777311061.013,61.013,0.65,0.66,0.34,0.35,0.01,0.01,76895.22,1777311059000
1777311061.351,61.351,0.61,0.66,0.34,0.39,0.05,0.05,76895.42,1777311060000
1777311061.711,61.711,0.59,0.6,0.4,0.41,0.01,0.01,76895.42,1777311060000
1777311062.137,62.137,0.6,0.62,0.39,0.41,0.02,0.02,76895.42,1777311060000
1777311062.532,62.532,0.61,0.62,0.38,0.39,0.01,0.01,76895.42,1777311060000
1777311062.871,62.871,0.61,0.62,0.38,0.39,0.01,0.01,76895.06,1777311061000
1777311063.209,63.209,0.59,0.63,0.37,0.38,0.04,0.01,76895.06,1777311061000
1777311063.575,63.575,0.62,0.63,0.37,0.38,0.01,0.01,76895.06,1777311061000
1777311063.981,63.981,0.61,0.63,0.37,0.39,0.02,0.02,76888.56,1777311062000
1777311064.333,64.333,0.58,0.59,0.41,0.42,0.01,0.01,76888.56,1777311062000
1777311064.714,64.714,0.58,0.59,0.41,0.44,0.01,0.03,76887.56,1777311063000
1777311065.071,65.071,0.6,0.61,0.39,0.4,0.01,0.01,76886.56,1777311064000
1777311065.553,65.553,0.6,0.61,0.39,0.4,0.01,0.01,76886.56,1777311064000
1777311065.899,65.899,0.65,0.66,0.34,0.37,0.01,0.03,76886.56,1777311064000
1777311066.282,66.282,0.65,0.66,0.34,0.35,0.01,0.01,76886.56,1777311064000
1777311066.653,66.653,0.65,0.66,0.34,0.35,0.01,0.01,76882.32,1777311065000
1777311067.014,67.014,0.65,0.66,0.34,0.35,0.01,0.01,76882.32,1777311065000
1777311067.379,67.379,0.65,0.66,0.34,0.35,0.01,0.01,76882.32,1777311065000
1777311067.713,67.713,0.66,0.67,0.33,0.34,0.01,0.01,76882.7,1777311066000
1777311068.095,68.095,0.66,0.67,0.33,0.34,0.01,0.01,76882.7,1777311066000
1777311068.526,68.526,0.66,0.67,0.33,0.34,0.01,0.01,76882.7,1777311066000
1777311068.893,68.893,0.68,0.69,0.31,0.32,0.01,0.01,76890.17,1777311067000
1777311069.261,69.261,0.68,0.69,0.31,0.32,0.01,0.01,76890.17,1777311067000
1777311069.645,69.645,0.68,0.69,0.31,0.32,0.01,0.01,76890.16,1777311068000
1777311069.99,69.99,0.69,0.7,0.3,0.31,0.01,0.01,76890.16,1777311068000
1777311070.332,70.332,0.69,0.7,0.3,0.31,0.01,0.01,76891.1,1777311069000
1777311070.679,70.679,0.69,0.7,0.3,0.31,0.01,0.01,76891.1,1777311069000
1777311071.094,71.094,0.69,0.7,0.3,0.31,0.01,0.01,76891.1,1777311069000
1777311071.435,71.435,0.69,0.7,0.3,0.31,0.01,0.01,76891.1,1777311069000
1777311071.77,71.77,0.69,0.71,0.29,0.31,0.02,0.02,76891.09,1777311070000
1777311072.109,72.109,0.69,0.7,0.3,0.31,0.01,0.01,76891.09,1777311070000
1777311072.444,72.444,0.69,0.7,0.3,0.31,0.01,0.01,76893.5,1777311071000
1777311072.805,72.805,0.69,0.7,0.3,0.31,0.01,0.01,76893.5,1777311071000
1777311073.214,73.214,0.69,0.7,0.3,0.31,0.01,0.01,76905.89,1777311072000
1777311073.577,73.577,0.69,0.7,0.3,0.31,0.01,0.01,76905.89,1777311072000
1777311073.938,73.938,0.73,0.74,0.26,0.27,0.01,0.01,76905.89,1777311072000
1777311074.293,74.293,0.73,0.74,0.26,0.27,0.01,0.01,76905.89,1777311072000
1777311074.644,74.644,0.73,0.74,0.26,0.27,0.01,0.01,76905.89,1777311072000
1777311074.996,74.996,0.73,0.74,0.26,0.27,0.01,0.01,76911.85,1777311073000
1777311075.33,75.33,0.74,0.75,0.25,0.26,0.01,0.01,76911.85,1777311073000
1777311075.689,75.689,0.74,0.75,0.25,0.26,0.01,0.01,76911.85,1777311073000
1777311076.14,76.14,0.74,0.75,0.25,0.26,0.01,0.01,76910.29,1777311074000
1777311076.475,76.475,0.74,0.75,0.25,0.26,0.01,0.01,76910.28,1777311075000
1777311076.84,76.84,0.73,0.74,0.25,0.27,0.01,0.02,76910.28,1777311075000
1777311077.29,77.29,0.73,0.74,0.26,0.27,0.01,0.01,76910.28,1777311075000
1777311077.665,77.665,0.74,0.75,0.25,0.27,0.01,0.02,76910.07,1777311076000
1777311078.048,78.048,0.75,0.76,0.24,0.25,0.01,0.01,76910.07,1777311076000
1777311078.465,78.465,0.75,0.76,0.24,0.25,0.01,0.01,76910.15,1777311077000
1777311078.824,78.824,0.75,0.76,0.24,0.25,0.01,0.01,76910.15,1777311077000
1777311079.254,79.254,0.75,0.76,0.24,0.25,0.01,0.01,76909.15,1777311078000
1777311079.588,79.588,0.76,0.77,0.23,0.24,0.01,0.01,76909.15,1777311078000
1777311079.954,79.954,0.76,0.77,0.23,0.24,0.01,0.01,76909.15,1777311078000
1777311080.306,80.306,0.76,0.77,0.23,0.24,0.01,0.01,76909.15,1777311078000
1777311080.641,80.641,0.76,0.77,0.23,0.24,0.01,0.01,76909.1,1777311079000
1777311080.979,80.979,0.76,0.77,0.23,0.24,0.01,0.01,76909.1,1777311079000
1777311081.327,81.327,0.77,0.78,0.22,0.24,0.01,0.02,76909.1,1777311079000
1777311081.746,81.746,0.77,0.78,0.22,0.23,0.01,0.01,76909.72,1777311080000
1777311082.127,82.127,0.78,0.79,0.21,0.22,0.01,0.01,76909.79,1777311081000
1777311082.483,82.483,0.79,0.8,0.2,0.21,0.01,0.01,76909.79,1777311081000
1777311082.821,82.821,0.8,0.82,0.19,0.21,0.02,0.02,76909.79,1777311081000
1777311083.19,83.19,0.8,0.81,0.19,0.2,0.01,0.01,76911.78,1777311082000
1777311083.531,83.531,0.8,0.81,0.19,0.2,0.01,0.01,76911.78,1777311082000
1777311083.902,83.902,0.8,0.81,0.19,0.2,0.01,0.01,76911.78,1777311082000
1777311084.277,84.277,0.81,0.82,0.18,0.19,0.01,0.01,76912.97,1777311083000
1777311084.649,84.649,0.81,0.82,0.18,0.19,0.01,0.01,76912.97,1777311083000
1777311085.062,85.062,0.81,0.82,0.18,0.19,0.01,0.01,76912.97,1777311083000
1777311085.422,85.422,0.81,0.82,0.18,0.19,0.01,0.01,76917.88,1777311084000
1777311086.143,86.143,0.8,0.81,0.19,0.2,0.01,0.01,76917.88,1777311084000
1777311086.558,86.558,0.8,0.81,0.19,0.2,0.01,0.01,76919.78,1777311085000
1777311086.984,86.984,0.8,0.81,0.19,0.2,0.01,0.01,76919.78,1777311085000
1777311087.417,87.417,0.8,0.81,0.19,0.2,0.01,0.01,76919.78,1777311085000
1777311087.872,87.872,0.78,0.79,0.21,0.22,0.01,0.01,76919.46,1777311086000
1777311088.211,88.211,0.78,0.79,0.21,0.22,0.01,0.01,76918.31,1777311087000
1777311088.689,88.689,0.78,0.79,0.21,0.22,0.01,0.01,76918.31,1777311087000
1777311089.147,89.147,0.78,0.79,0.21,0.22,0.01,0.01,76914.89,1777311088000
1777311089.671,89.671,0.78,0.79,0.21,0.22,0.01,0.01,76914.89,1777311088000
1777311090.112,90.112,0.78,0.79,0.21,0.22,0.01,0.01,76914.89,1777311088000
1777311090.54,90.54,0.78,0.79,0.21,0.22,0.01,0.01,76908.22,1777311089000
1777311090.959,90.959,0.78,0.79,0.21,0.22,0.01,0.01,76908.22,1777311089000
1777311091.481,91.481,0.78,0.79,0.21,0.22,0.01,0.01,76908.22,1777311089000
1777311091.855,91.855,0.78,0.79,0.21,0.22,0.01,0.01,76908.48,1777311090000
1777311092.266,92.266,0.78,0.79,0.21,0.22,0.01,0.01,76908.48,1777311090000
1777311092.648,92.648,0.78,0.79,0.21,0.22,0.01,0.01,76907.59,1777311091000
1777311092.988,92.988,0.77,0.78,0.22,0.23,0.01,0.01,76907.59,1777311091000
1777311093.343,93.343,0.77,0.78,0.22,0.23,0.01,0.01,76907.59,1777311091000
1777311093.722,93.722,0.77,0.78,0.22,0.23,0.01,0.01,76907.59,1777311091000
1777311094.397,94.397,0.77,0.78,0.22,0.23,0.01,0.01,76908.34,1777311092000
1777311094.733,94.733,0.78,0.79,0.21,0.22,0.01,0.01,76907.17,1777311093000
1777311095.106,95.106,0.78,0.79,0.21,0.22,0.01,0.01,76907.17,1777311094000
1777311095.456,95.456,0.78,0.79,0.21,0.22,0.01,0.01,76907.17,1777311094000
1777311095.992,95.992,0.78,0.79,0.21,0.22,0.01,0.01,76907.17,1777311094000
1777311096.366,96.366,0.78,0.79,0.21,0.22,0.01,0.01,76907.54,1777311095000
1777311096.754,96.754,0.78,0.79,0.21,0.22,0.01,0.01,76907.54,1777311095000
1777311097.101,97.101,0.78,0.79,0.21,0.22,0.01,0.01,76907.54,1777311095000
1777311097.448,97.448,0.78,0.79,0.21,0.22,0.01,0.01,76907.54,1777311095000
1777311097.873,97.873,0.77,0.78,0.22,0.23,0.01,0.01,76907.75,1777311096000
1777311098.234,98.234,0.77,0.78,0.22,0.23,0.01,0.01,76907.75,1777311096000
1777311098.576,98.576,0.76,0.77,0.23,0.24,0.01,0.01,76907.97,1777311097000
1777311099.118,99.118,0.76,0.8,0.23,0.24,0.04,0.01,76907.97,1777311097000
1777311099.627,99.627,0.78,0.79,0.2,0.24,0.01,0.04,76905.3,1777311098000
1777311099.968,99.968,0.78,0.79,0.21,0.22,0.01,0.01,76905.3,1777311098000
1777311100.549,100.549,0.78,0.79,0.21,0.22,0.01,0.01,76902.97,1777311099000
1777311100.941,100.941,0.78,0.79,0.21,0.22,0.01,0.01,76902.97,1777311099000
1777311101.378,101.378,0.78,0.79,0.21,0.22,0.01,0.01,76902.97,1777311099000
1777311102.01,102.01,0.77,0.78,0.21,0.22,0.01,0.01,76902.73,1777311100000
1777311102.434,102.434,0.78,0.79,0.21,0.23,0.01,0.02,76902.73,1777311100000
1777311102.862,102.862,0.78,0.79,0.21,0.22,0.01,0.01,76903.85,1777311101000
1777311103.199,103.199,0.78,0.79,0.21,0.22,0.01,0.01,76903.85,1777311101000
1777311103.542,103.542,0.75,0.79,0.21,0.22,0.04,0.01,76903.85,1777311102000
1777311103.881,103.881,0.74,0.76,0.21,0.25,0.02,0.04,76903.85,1777311102000
1777311104.244,104.244,0.73,0.74,0.25,0.28,0.01,0.03,76903.85,1777311102000
1777311104.619,104.619,0.73,0.74,0.26,0.27,0.01,0.01,76903.86,1777311103000
1777311104.99,104.99,0.73,0.78,0.26,0.27,0.05,0.01,76903.86,1777311103000
1777311105.775,105.775,0.73,0.74,0.26,0.27,0.01,0.01,76903.29,1777311104000
1777311106.128,106.128,0.73,0.74,0.26,0.27,0.01,0.01,76903.29,1777311104000
1777311106.513,106.513,0.66,0.67,0.32,0.34,0.01,0.02,76903.29,1777311104000
1777311106.865,106.865,0.65,0.66,0.34,0.35,0.01,0.01,76893.13,1777311105000
1777311107.279,107.279,0.65,0.66,0.34,0.35,0.01,0.01,76893.13,1777311106000
1777311107.652,107.652,0.65,0.66,0.34,0.35,0.01,0.01,76893.13,1777311106000
1777311108.034,108.034,0.65,0.66,0.34,0.35,0.01,0.01,76893.13,1777311106000
1777311108.523,108.523,0.65,0.66,0.34,0.35,0.01,0.01,76883.23,1777311107000
1777311108.943,108.943,0.65,0.66,0.34,0.35,0.01,0.01,76883.23,1777311107000
1777311109.287,109.287,0.65,0.66,0.34,0.35,0.01,0.01,76876.26,1777311108000
1777311109.73,109.73,0.65,0.66,0.34,0.35,0.01,0.01,76876.26,1777311108000
1777311110.104,110.104,0.65,0.66,0.34,0.35,0.01,0.01,76876.26,1777311108000
1777311110.458,110.458,0.65,0.68,0.34,0.35,0.03,0.01,76871.95,1777311109000
1777311110.815,110.815,0.67,0.68,0.32,0.33,0.01,0.01,76871.95,1777311109000
1777311111.195,111.195,0.67,0.68,0.32,0.33,0.01,0.01,76868.57,1777311110000
1777311111.728,111.728,0.67,0.68,0.32,0.33,0.01,0.01,76868.57,1777311110000
1777311112.126,112.126,0.67,0.68,0.32,0.33,0.01,0.01,76868.25,1777311111000
1777311112.503,112.503,0.67,0.68,0.32,0.33,0.01,0.01,76868.25,1777311111000
1777311113.046,113.046,0.67,0.68,0.32,0.33,0.01,0.01,76868.25,1777311111000
1777311113.493,113.493,0.67,0.68,0.32,0.33,0.01,0.01,76868.7,1777311112000
1777311114.021,114.021,0.67,0.68,0.32,0.33,0.01,0.01,76868.7,1777311112000
1777311114.71,114.71,0.63,0.68,0.32,0.33,0.05,0.01,76868.49,1777311113000
1777311115.14,115.14,0.65,0.66,0.34,0.35,0.01,0.01,76868.09,1777311114000
1777311115.632,115.632,0.65,0.66,0.34,0.35,0.01,0.01,76868.09,1777311114000
1777311116.046,116.046,0.64,0.65,0.35,0.36,0.01,0.01,76868.09,1777311114000
1777311116.434,116.434,0.64,0.65,0.35,0.36,0.01,0.01,76868.09,1777311115000
1777311116.993,116.993,0.64,0.65,0.35,0.36,0.01,0.01,76870.01,1777311116000
1777311117.326,117.326,0.64,0.66,0.34,0.36,0.02,0.02,76870.01,1777311116000
1777311117.708,117.708,0.64,0.65,0.35,0.36,0.01,0.01,76870.01,1777311116000
1777311118.059,118.059,0.64,0.66,0.35,0.36,0.02,0.01,76869.8,1777311117000
1777311118.472,118.472,0.65,0.67,0.34,0.35,0.02,0.01,76869.8,1777311117000
1777311118.808,118.808,0.67,0.68,0.32,0.33,0.01,0.01,76869.8,1777311117000
1777311119.563,119.563,0.68,0.69,0.31,0.33,0.01,0.02,76869.8,1777311117000
1777311120.118,120.118,0.68,0.69,0.31,0.32,0.01,0.01,76871.32,1777311119000
1777311120.504,120.504,0.68,0.69,0.31,0.32,0.01,0.01,76871.32,1777311119000
1777311120.842,120.842,0.68,0.71,0.31,0.32,0.03,0.01,76871.32,1777311119000
1777311121.246,121.246,0.7,0.72,0.28,0.3,0.02,0.02,76870.26,1777311120000
1777311121.671,121.671,0.71,0.72,0.28,0.29,0.01,0.01,76870.26,1777311120000
1777311122.024,122.024,0.71,0.72,0.28,0.29,0.01,0.01,76870.26,1777311120000
1777311122.362,122.362,0.71,0.72,0.28,0.29,0.01,0.01,76870.26,1777311120000
1777311122.759,122.759,0.71,0.72,0.28,0.29,0.01,0.01,76870.52,1777311121000
1777311123.149,123.149,0.71,0.72,0.28,0.29,0.01,0.01,76870.52,1777311121000
1777311123.486,123.486,0.71,0.72,0.28,0.29,0.01,0.01,76870.52,1777311121000
1777311123.905,123.905,0.71,0.72,0.28,0.29,0.01,0.01,76873.65,1777311122000
1777311124.325,124.325,0.71,0.72,0.28,0.29,0.01,0.01,76873.78,1777311123000
1777311124.972,124.972,0.71,0.72,0.28,0.29,0.01,0.01,76874.61,1777311124000
1777311125.461,125.461,0.7,0.71,0.28,0.32,0.01,0.04,76874.61,1777311124000
1777311125.987,125.987,0.7,0.71,0.29,0.3,0.01,0.01,76874.44,1777311125000
1777311126.35,126.35,0.69,0.71,0.29,0.3,0.02,0.01,76874.44,1777311125000
1777311126.738,126.738,0.69,0.7,0.3,0.31,0.01,0.01,76874.44,1777311125000
1777311127.079,127.079,0.69,0.7,0.3,0.31,0.01,0.01,76874.68,1777311126000
1777311127.584,127.584,0.69,0.7,0.3,0.31,0.01,0.01,76874.68,1777311126000
1777311128.086,128.086,0.7,0.71,0.29,0.3,0.01,0.01,76874.68,1777311126000
1777311128.455,128.455,0.71,0.72,0.28,0.29,0.01,0.01,76873.65,1777311127000
1777311128.971,128.971,0.71,0.72,0.28,0.29,0.01,0.01,76873.65,1777311127000
1777311129.393,129.393,0.71,0.72,0.28,0.29,0.01,0.01,76872.32,1777311128000
1777311129.94,129.94,0.69,0.7,0.28,0.29,0.01,0.01,76872.32,1777311128000
1777311130.399,130.399,0.69,0.7,0.3,0.31,0.01,0.01,76874.08,1777311129000
1777311131.332,131.332,0.69,0.7,0.3,0.31,0.01,0.01,76874.08,1777311129000
1777311132.001,132.001,0.69,0.7,0.3,0.31,0.01,0.01,76873.64,1777311130000
1777311132.486,132.486,0.69,0.7,0.3,0.31,0.01,0.01,76872.77,1777311131000
1777311132.965,132.965,0.69,0.7,0.3,0.31,0.01,0.01,76872.77,1777311131000
1777311133.35,133.35,0.63,0.65,0.34,0.37,0.02,0.03,76872.77,1777311131000
1777311133.763,133.763,0.64,0.65,0.35,0.36,0.01,0.01,76872.7,1777311132000
1777311134.233,134.233,0.64,0.65,0.35,0.36,0.01,0.01,76872.7,1777311132000
1777311134.603,134.603,0.64,0.65,0.35,0.36,0.01,0.01,76871.37,1777311133000
1777311134.983,134.983,0.64,0.65,0.35,0.36,0.01,0.01,76871.37,1777311133000
1777311135.702,135.702,0.64,0.65,0.35,0.36,0.01,0.01,76866.24,1777311134000
1777311136.096,136.096,0.64,0.65,0.35,0.36,0.01,0.01,76866.24,1777311134000
1777311136.576,136.576,0.64,0.65,0.35,0.36,0.01,0.01,76865.29,1777311135000
1777311137.205,137.205,0.65,0.66,0.35,0.36,0.01,0.01,76865.29,1777311135000
1777311137.585,137.585,0.65,0.66,0.34,0.35,0.01,0.01,76865.43,1777311136000
1777311137.939,137.939,0.65,0.66,0.34,0.35,0.01,0.01,76865.43,1777311136000
1777311138.293,138.293,0.65,0.66,0.34,0.35,0.01,0.01,76865.43,1777311136000
1777311138.725,138.725,0.65,0.66,0.34,0.35,0.01,0.01,76866.21,1777311137000
1777311139.112,139.112,0.65,0.66,0.34,0.35,0.01,0.01,76866.21,1777311137000
1777311139.453,139.453,0.65,0.68,0.32,0.35,0.03,0.03,76866.21,1777311138000
1777311140.024,140.024,0.67,0.68,0.32,0.33,0.01,0.01,76866.21,1777311138000
1777311140.476,140.476,0.67,0.68,0.32,0.33,0.01,0.01,76866.21,1777311138000
1777311141.024,141.024,0.67,0.68,0.32,0.33,0.01,0.01,76866.75,1777311140000
1777311141.796,141.796,0.68,0.7,0.31,0.33,0.02,0.02,76866.75,1777311140000
1777311142.148,142.148,0.69,0.7,0.3,0.31,0.01,0.01,76868.03,1777311141000
1777311142.586,142.586,0.69,0.7,0.3,0.31,0.01,0.01,76868.03,1777311141000
1777311143.195,143.195,0.69,0.7,0.3,0.31,0.01,0.01,76868.03,1777311141000
1777311143.619,143.619,0.7,0.71,0.29,0.3,0.01,0.01,76867.95,1777311142000
1777311143.98,143.98,0.7,0.71,0.29,0.3,0.01,0.01,76867.95,1777311142000
1777311144.633,144.633,0.7,0.71,0.29,0.3,0.01,0.01,76868.01,1777311143000
1777311144.975,144.975,0.7,0.71,0.29,0.3,0.01,0.01,76868.01,1777311143000
1777311145.548,145.548,0.7,0.71,0.29,0.3,0.01,0.01,76868.03,1777311144000
1777311146.133,146.133,0.7,0.71,0.29,0.3,0.01,0.01,76868.03,1777311144000
1777311146.63,146.63,0.7,0.71,0.29,0.3,0.01,0.01,76868.84,1777311145000
1777311147.948,147.948,0.7,0.71,0.29,0.3,0.01,0.01,76868.83,1777311146000
1777311148.448,148.448,0.7,0.71,0.29,0.3,0.01,0.01,76868.83,1777311146000
1777311148.867,148.867,0.69,0.7,0.29,0.31,0.01,0.02,76868.73,1777311147000
1777311149.324,149.324,0.69,0.7,0.3,0.31,0.01,0.01,76868.73,1777311148000
1777311149.952,149.952,0.69,0.7,0.3,0.31,0.01,0.01,76868.73,1777311148000
1777311150.316,150.316,0.69,0.7,0.3,0.31,0.01,0.01,76868.73,1777311148000
1777311150.861,150.861,0.69,0.7,0.3,0.31,0.01,0.01,76866.59,1777311149000
1777311151.32,151.32,0.69,0.7,0.3,0.31,0.01,0.01,76866.59,1777311150000
1777311151.659,151.659,0.69,0.7,0.3,0.31,0.01,0.01,76866.59,1777311150000
1777311152.168,152.168,0.69,0.7,0.3,0.31,0.01,0.01,76865.2,1777311151000
1777311152.634,152.634,0.69,0.7,0.3,0.31,0.01,0.01,76865.2,1777311151000
1777311152.985,152.985,0.69,0.7,0.3,0.31,0.01,0.01,76865.2,1777311151000
1777311153.32,153.32,0.69,0.7,0.3,0.31,0.01,0.01,76865.2,1777311152000
1777311154.208,154.208,0.67,0.68,0.29,0.31,0.01,0.02,76865.2,1777311152000
1777311154.605,154.605,0.65,0.67,0.33,0.35,0.02,0.02,76865.08,1777311153000
1777311155.001,155.001,0.61,0.66,0.34,0.39,0.05,0.05,76865.19,1777311154000
1777311155.335,155.335,0.6,0.64,0.36,0.39,0.04,0.03,76865.19,1777311154000
1777311155.671,155.671,0.55,0.65,0.35,0.45,0.1,0.1,76865.19,1777311154000
1777311156.044,156.044,0.54,0.65,0.35,0.46,0.11,0.11,76865.41,1777311155000
1777311156.457,156.457,0.62,0.64,0.35,0.46,0.02,0.11,76865.41,1777311155000
1777311156.811,156.811,0.61,0.63,0.37,0.39,0.02,0.02,76865.41,1777311155000
1777311157.215,157.215,0.57,0.61,0.42,0.45,0.04,0.03,76865.41,1777311155000
1777311157.636,157.636,0.6,0.62,0.39,0.41,0.02,0.02,76854.02,1777311156000
1777311157.983,157.983,0.6,0.61,0.39,0.4,0.01,0.01,76851.6,1777311157000
1777311158.479,158.479,0.62,0.63,0.37,0.38,0.01,0.01,76851.6,1777311157000
1777311158.945,158.945,0.62,0.63,0.37,0.38,0.01,0.01,76851.6,1777311157000
1777311159.364,159.364,0.62,0.63,0.37,0.38,0.01,0.01,76851.9,1777311158000
1777311159.728,159.728,0.66,0.67,0.32,0.35,0.01,0.03,76851.9,1777311158000
1777311160.089,160.089,0.67,0.69,0.32,0.34,0.02,0.02,76851.9,1777311158000
1777311160.518,160.518,0.68,0.69,0.31,0.32,0.01,0.01,76854.14,1777311159000
1777311160.905,160.905,0.68,0.69,0.31,0.32,0.01,0.01,76854.14,1777311159000
1777311161.27,161.27,0.68,0.69,0.31,0.32,0.01,0.01,76854.14,1777311159000
1777311161.802,161.802,0.68,0.69,0.31,0.32,0.01,0.01,76860.92,1777311160000
1777311162.292,162.292,0.68,0.69,0.31,0.32,0.01,0.01,76862.61,1777311161000
1777311162.683,162.683,0.7,0.71,0.29,0.31,0.01,0.02,76862.61,1777311161000
1777311163.695,163.695,0.64,0.7,0.29,0.3,0.06,0.01,76862.61,1777311161000
1777311164.03,164.03,0.65,0.66,0.3,0.36,0.01,0.06,76865.17,1777311162000
1777311164.376,164.376,0.65,0.66,0.34,0.35,0.01,0.01,76865.17,1777311162000
1777311164.723,164.723,0.65,0.66,0.34,0.35,0.01,0.01,76865.17,1777311163000
1777311165.175,165.175,0.65,0.66,0.34,0.35,0.01,0.01,76863.9,1777311164000
1777311165.624,165.624,0.65,0.66,0.34,0.35,0.01,0.01,76863.9,1777311164000
1777311166.296,166.296,0.65,0.66,0.34,0.35,0.01,0.01,76863.9,1777311164000
1777311166.656,166.656,0.65,0.66,0.34,0.35,0.01,0.01,76863.9,1777311164000
1777311167.277,167.277,0.65,0.66,0.34,0.35,0.01,0.01,76864.67,1777311165000
1777311167.743,167.743,0.64,0.65,0.34,0.51,0.01,0.17,76864.67,1777311165000
1777311168.108,168.108,0.64,0.65,0.35,0.36,0.01,0.01,76864.68,1777311166000
1777311168.498,168.498,0.64,0.65,0.35,0.36,0.01,0.01,76864.68,1777311166000
1777311168.892,168.892,0.64,0.65,0.35,0.36,0.01,0.01,76864.75,1777311167000
1777311169.262,169.262,0.6,0.61,0.39,0.4,0.01,0.01,76864.75,1777311167000
1777311169.68,169.68,0.6,0.61,0.39,0.4,0.01,0.01,76864.74,1777311168000
1777311170.104,170.104,0.6,0.61,0.39,0.4,0.01,0.01,76864.74,1777311169000
1777311170.473,170.473,0.6,0.61,0.39,0.4,0.01,0.01,76864.74,1777311169000
1777311170.828,170.828,0.6,0.61,0.39,0.4,0.01,0.01,76864.74,1777311169000
1777311171.294,171.294,0.6,0.61,0.39,0.4,0.01,0.01,76864.74,1777311169000
1777311171.698,171.698,0.57,0.58,0.39,0.43,0.01,0.04,76865.32,1777311170000
1777311172.057,172.057,0.59,0.6,0.4,0.41,0.01,0.01,76865.36,1777311171000
1777311172.399,172.399,0.59,0.6,0.4,0.41,0.01,0.01,76865.36,1777311171000
1777311172.8,172.8,0.59,0.6,0.4,0.41,0.01,0.01,76865.36,1777311171000
1777311173.136,173.136,0.59,0.6,0.4,0.41,0.01,0.01,76865.36,1777311171000
1777311173.479,173.479,0.59,0.6,0.4,0.41,0.01,0.01,76865.36,1777311171000
1777311173.872,173.872,0.59,0.6,0.4,0.41,0.01,0.01,76865.29,1777311172000
1777311174.284,174.284,0.59,0.6,0.4,0.41,0.01,0.01,76865.35,1777311173000
1777311174.647,174.647,0.6,0.62,0.39,0.41,0.02,0.02,76865.35,1777311173000
1777311175.053,175.053,0.61,0.62,0.38,0.39,0.01,0.01,76865.35,1777311173000
1777311175.409,175.409,0.61,0.62,0.38,0.39,0.01,0.01,76865.35,1777311173000
1777311175.78,175.78,0.61,0.65,0.35,0.39,0.04,0.04,76865.19,1777311174000
1777311176.145,176.145,0.63,0.64,0.36,0.37,0.01,0.01,76865.19,1777311174000
1777311176.502,176.502,0.63,0.64,0.36,0.37,0.01,0.01,76865.19,1777311175000
1777311176.857,176.857,0.63,0.65,0.36,0.37,0.02,0.01,76865.19,1777311175000
1777311177.255,177.255,0.64,0.65,0.35,0.36,0.01,0.01,76865.19,1777311175000
1777311177.614,177.614,0.64,0.65,0.35,0.36,0.01,0.01,76865.19,1777311175000
1777311177.991,177.991,0.64,0.65,0.35,0.36,0.01,0.01,76865.65,1777311176000
1777311178.368,178.368,0.64,0.66,0.35,0.36,0.02,0.01,76865.65,1777311176000
1777311178.792,178.792,0.65,0.66,0.34,0.35,0.01,0.01,76865.43,1777311177000
1777311179.198,179.198,0.65,0.66,0.34,0.35,0.01,0.01,76865.44,1777311178000
1777311179.589,179.589,0.65,0.66,0.34,0.35,0.01,0.01,76865.44,1777311178000
1777311179.946,179.946,0.63,0.64,0.36,0.37,0.01,0.01,76865.44,1777311178000
1777311180.319,180.319,0.63,0.64,0.36,0.37,0.01,0.01,76865.44,1777311178000
1777311180.665,180.665,0.63,0.64,0.36,0.37,0.01,0.01,76865.5,1777311179000
1777311181.132,181.132,0.63,0.64,0.36,0.37,0.01,0.01,76865.46,1777311180000
1777311181.551,181.551,0.62,0.64,0.36,0.37,0.02,0.01,76865.46,1777311180000
1777311181.949,181.949,0.62,0.64,0.36,0.38,0.02,0.02,76865.46,1777311180000
1777311182.33,182.33,0.62,0.63,0.36,0.38,0.01,0.02,76865.71,1777311181000
1777311182.753,182.753,0.63,0.64,0.36,0.37,0.01,0.01,76865.71,1777311181000
1777311183.185,183.185,0.63,0.64,0.36,0.37,0.01,0.01,76865.71,1777311181000
1777311183.544,183.544,0.63,0.64,0.36,0.37,0.01,0.01,76865.52,1777311182000
1777311184.046,184.046,0.62,0.63,0.36,0.38,0.01,0.02,76865.52,1777311182000
1777311184.43,184.43,0.62,0.63,0.37,0.38,0.01,0.01,76865.52,1777311183000
1777311184.807,184.807,0.62,0.63,0.37,0.38,0.01,0.01,76865.52,1777311183000
1777311185.242,185.242,0.62,0.63,0.37,0.38,0.01,0.01,76865.52,1777311183000
1777311185.602,185.602,0.63,0.65,0.36,0.38,0.02,0.02,76865.44,1777311184000
1777311185.969,185.969,0.64,0.65,0.35,0.36,0.01,0.01,76865.09,1777311185000
1777311186.386,186.386,0.65,0.66,0.34,0.35,0.01,0.01,76865.09,1777311185000
1777311186.743,186.743,0.65,0.66,0.34,0.35,0.01,0.01,76865.09,1777311185000
1777311187.107,187.107,0.51,0.66,0.34,0.35,0.15,0.01,76865.09,1777311185000
1777311187.528,187.528,0.65,0.66,0.34,0.35,0.01,0.01,76865.78,1777311186000
1777311187.915,187.915,0.65,0.66,0.34,0.35,0.01,0.01,76865.78,1777311186000
1777311188.365,188.365,0.61,0.65,0.35,0.39,0.04,0.04,76867.16,1777311187000
1777311188.775,188.775,0.64,0.65,0.35,0.36,0.01,0.01,76867.16,1777311187000
1777311189.227,189.227,0.64,0.65,0.35,0.36,0.01,0.01,76867.16,1777311187000
1777311189.588,189.588,0.64,0.65,0.35,0.36,0.01,0.01,76867.53,1777311188000
1777311189.938,189.938,0.64,0.65,0.35,0.36,0.01,0.01,76868.37,1777311189000
1777311190.369,190.369,0.54,0.65,0.35,0.46,0.11,0.11,76868.37,1777311189000
1777311190.709,190.709,0.6,0.61,0.39,0.4,0.01,0.01,76868.37,1777311189000
1777311191.094,191.094,0.6,0.61,0.39,0.4,0.01,0.01,76868.37,1777311189000
1777311191.467,191.467,0.6,0.61,0.39,0.4,0.01,0.01,76868.67,1777311190000
1777311191.823,191.823,0.6,0.61,0.39,0.4,0.01,0.01,76868.67,1777311190000
1777311192.16,192.16,0.59,0.6,0.39,0.41,0.01,0.02,76868.67,1777311190000
1777311192.525,192.525,0.58,0.59,0.41,0.42,0.01,0.01,76868.05,1777311191000
1777311192.885,192.885,0.58,0.59,0.41,0.42,0.01,0.01,76868.05,1777311191000
1777311193.336,193.336,0.58,0.59,0.41,0.42,0.01,0.01,76868.05,1777311191000
1777311193.685,193.685,0.58,0.59,0.41,0.42,0.01,0.01,76868.05,1777311191000
1777311194.02,194.02,0.58,0.59,0.41,0.42,0.01,0.01,76868.63,1777311192000
1777311194.513,194.513,0.58,0.59,0.41,0.42,0.01,0.01,76868.43,1777311193000
1777311195.103,195.103,0.59,0.6,0.4,0.42,0.01,0.02,76868.43,1777311193000
1777311195.572,195.572,0.59,0.6,0.4,0.41,0.01,0.01,76868.64,1777311194000
1777311196.033,196.033,0.6,0.61,0.39,0.4,0.01,0.01,76868.64,1777311194000
1777311196.509,196.509,0.56,0.57,0.43,0.44,0.01,0.01,76868.61,1777311195000
1777311196.921,196.921,0.56,0.58,0.43,0.44,0.02,0.01,76868.61,1777311195000
1777311197.368,197.368,0.58,0.59,0.41,0.43,0.01,0.02,76868.61,1777311195000
1777311197.751,197.751,0.58,0.59,0.41,0.42,0.01,0.01,76868.61,1777311195000
1777311198.11,198.11,0.58,0.59,0.41,0.42,0.01,0.01,76868.75,1777311196000
1777311198.561,198.561,0.58,0.59,0.41,0.42,0.01,0.01,76868.75,1777311196000
1777311199.09,199.09,0.58,0.59,0.41,0.42,0.01,0.01,76868.57,1777311197000
1777311199.506,199.506,0.57,0.59,0.41,0.42,0.02,0.01,76868.48,1777311198000
1777311199.866,199.866,0.57,0.58,0.42,0.43,0.01,0.01,76868.48,1777311198000
1777311200.546,200.546,0.57,0.58,0.42,0.43,0.01,0.01,76868.2,1777311199000
1777311200.897,200.897,0.57,0.58,0.42,0.43,0.01,0.01,76868.2,1777311199000
1777311201.257,201.257,0.57,0.63,0.37,0.4,0.06,0.03,76868.2,1777311200000
1777311201.63,201.63,0.6,0.65,0.35,0.41,0.05,0.06,76868.2,1777311200000
1777311202.05,202.05,0.64,0.65,0.35,0.4,0.01,0.05,76868.2,1777311200000
1777311202.384,202.384,0.64,0.65,0.35,0.36,0.01,0.01,76868.18,1777311201000
1777311202.818,202.818,0.64,0.65,0.35,0.44,0.01,0.09,76868.18,1777311201000
1777311203.198,203.198,0.64,0.65,0.35,0.36,0.01,0.01,76868.18,1777311201000
1777311203.533,203.533,0.64,0.65,0.35,0.36,0.01,0.01,76868.18,1777311201000
1777311203.932,203.932,0.64,0.65,0.35,0.36,0.01,0.01,76871.38,1777311202000
1777311204.326,204.326,0.62,0.63,0.36,0.42,0.01,0.06,76872.91,1777311203000
1777311204.722,204.722,0.58,0.59,0.38,0.42,0.01,0.04,76872.91,1777311203000
1777311205.125,205.125,0.58,0.59,0.41,0.42,0.01,0.01,76872.91,1777311203000
1777311205.512,205.512,0.59,0.6,0.4,0.41,0.01,0.01,76872.95,1777311204000
1777311205.991,205.991,0.59,0.6,0.4,0.41,0.01,0.01,76872.86,1777311205000
1777311206.372,206.372,0.59,0.6,0.4,0.41,0.01,0.01,76872.86,1777311205000
1777311206.742,206.742,0.59,0.6,0.4,0.41,0.01,0.01,76872.86,1777311205000
1777311207.138,207.138,0.59,0.6,0.4,0.41,0.01,0.01,76872.86,1777311205000
1777311207.479,207.479,0.59,0.6,0.4,0.41,0.01,0.01,76871.98,1777311206000
1777311208.134,208.134,0.6,0.61,0.4,0.41,0.01,0.01,76871.98,1777311206000
1777311208.476,208.476,0.6,0.61,0.39,0.4,0.01,0.01,76871.85,1777311207000
1777311209.172,209.172,0.6,0.62,0.38,0.4,0.02,0.02,76871.68,1777311208000
1777311209.546,209.546,0.63,0.7,0.3,0.39,0.07,0.09,76871.68,1777311208000
1777311209.889,209.889,0.68,0.69,0.31,0.32,0.01,0.01,76871.68,1777311208000
1777311210.246,210.246,0.69,0.71,0.3,0.31,0.02,0.01,76871.68,1777311208000
1777311210.647,210.647,0.7,0.71,0.29,0.3,0.01,0.01,76872.56,1777311209000
1777311211.122,211.122,0.71,0.72,0.28,0.29,0.01,0.01,76872.56,1777311209000
1777311211.462,211.462,0.72,0.73,0.27,0.29,0.01,0.02,76872.56,1777311209000
1777311211.836,211.836,0.72,0.74,0.27,0.28,0.02,0.01,76878.91,1777311210000
1777311212.186,212.186,0.73,0.74,0.26,0.27,0.01,0.01,76882.53,1777311211000
1777311212.535,212.535,0.74,0.75,0.25,0.27,0.01,0.02,76882.53,1777311211000
1777311212.884,212.884,0.74,0.75,0.25,0.26,0.01,0.01,76882.53,1777311211000
1777311213.264,213.264,0.73,0.76,0.24,0.25,0.03,0.01,76882.53,1777311211000
1777311213.65,213.65,0.77,0.78,0.21,0.23,0.01,0.02,76882.53,1777311211000
1777311213.985,213.985,0.77,0.78,0.22,0.23,0.01,0.01,76882.53,1777311211000
1777311214.351,214.351,0.77,0.78,0.22,0.23,0.01,0.01,76883.71,1777311212000
1777311214.736,214.736,0.76,0.77,0.23,0.24,0.01,0.01,76883.71,1777311212000
1777311215.105,215.105,0.76,0.77,0.23,0.24,0.01,0.01,76884.53,1777311214000
1777311215.69,215.69,0.77,0.78,0.21,0.23,0.01,0.02,76884.53,1777311214000
1777311216.052,216.052,0.77,0.78,0.22,0.23,0.01,0.01,76884.53,1777311214000
1777311216.421,216.421,0.77,0.78,0.22,0.23,0.01,0.01,76884.53,1777311214000
1777311216.76,216.76,0.77,0.78,0.22,0.23,0.01,0.01,76889.64,1777311215000
1777311217.218,217.218,0.76,0.78,0.22,0.23,0.02,0.01,76889.64,1777311215000
1777311217.582,217.582,0.76,0.77,0.22,0.24,0.01,0.02,76888.86,1777311216000
1777311217.982,217.982,0.76,0.77,0.23,0.24,0.01,0.01,76888.86,1777311216000
1777311218.328,218.328,0.77,0.79,0.21,0.23,0.02,0.02,76888.86,1777311217000
1777311218.72,218.72,0.78,0.79,0.21,0.22,0.01,0.01,76888.86,1777311217000
1777311219.073,219.073,0.79,0.8,0.2,0.21,0.01,0.01,76888.86,1777311218000
1777311219.444,219.444,0.79,0.81,0.2,0.21,0.02,0.01,76888.86,1777311218000
1777311219.788,219.788,0.76,0.8,0.2,0.21,0.04,0.01,76888.86,1777311218000
1777311220.155,220.155,0.76,0.78,0.23,0.25,0.02,0.02,76888.86,1777311218000
1777311220.519,220.519,0.76,0.77,0.23,0.24,0.01,0.01,76891.39,1777311219000
1777311220.905,220.905,0.76,0.77,0.23,0.24,0.01,0.01,76891.39,1777311219000
1777311221.316,221.316,0.76,0.77,0.23,0.24,0.01,0.01,76891.39,1777311219000
1777311221.676,221.676,0.76,0.77,0.23,0.24,0.01,0.01,76894.82,1777311220000
1777311222.062,222.062,0.76,0.77,0.23,0.24,0.01,0.01,76894.82,1777311220000
1777311222.523,222.523,0.76,0.77,0.23,0.24,0.01,0.01,76894.82,1777311220000
1777311222.927,222.927,0.81,0.82,0.18,0.2,0.01,0.02,76894,1777311221000
1777311223.468,223.468,0.82,0.85,0.17,0.18,0.03,0.01,76894,1777311221000
1777311223.854,223.854,0.84,0.85,0.15,0.16,0.01,0.01,76893.81,1777311222000
1777311224.229,224.229,0.84,0.85,0.14,0.15,0.01,0.01,76893.81,1777311222000
1777311224.596,224.596,0.85,0.86,0.14,0.15,0.01,0.01,76893.48,1777311223000
1777311225.022,225.022,0.85,0.86,0.14,0.15,0.01,0.01,76893.48,1777311223000
1777311225.377,225.377,0.85,0.86,0.14,0.15,0.01,0.01,76893.48,1777311223000
1777311225.754,225.754,0.85,0.86,0.14,0.15,0.01,0.01,76893.57,1777311224000
1777311226.1,226.1,0.85,0.87,0.14,0.15,0.02,0.01,76893.57,1777311224000
1777311226.506,226.506,0.86,0.87,0.13,0.14,0.01,0.01,76893.69,1777311225000
1777311226.904,226.904,0.85,0.86,0.14,0.15,0.01,0.01,76893.69,1777311225000
1777311227.26,227.26,0.86,0.87,0.13,0.14,0.01,0.01,76893.83,1777311226000
1777311227.776,227.776,0.87,0.88,0.12,0.14,0.01,0.02,76893.83,1777311226000
1777311228.114,228.114,0.87,0.88,0.12,0.13,0.01,0.01,76893.83,1777311226000
1777311228.464,228.464,0.87,0.88,0.12,0.13,0.01,0.01,76893.83,1777311226000
1777311228.826,228.826,0.89,0.9,0.09,0.13,0.01,0.04,76894.03,1777311227000
1777311229.166,229.166,0.89,0.9,0.1,0.11,0.01,0.01,76894.03,1777311227000
1777311229.659,229.659,0.89,0.9,0.1,0.11,0.01,0.01,76894.03,1777311228000
1777311230.016,230.016,0.91,0.92,0.08,0.09,0.01,0.01,76894.03,1777311228000
1777311230.388,230.388,0.92,0.93,0.08,0.09,0.01,0.01,76894.18,1777311229000
1777311230.788,230.788,0.93,0.94,0.06,0.07,0.01,0.01,76894.18,1777311229000
1777311231.136,231.136,0.94,0.95,0.05,0.06,0.01,0.01,76894.18,1777311229000
1777311231.487,231.487,0.94,0.95,0.05,0.06,0.01,0.01,76894.18,1777311229000
1777311231.829,231.829,0.94,0.95,0.05,0.06,0.01,0.01,76894.4,1777311230000
1777311232.165,232.165,0.94,0.95,0.05,0.06,0.01,0.01,76894.4,1777311230000
1777311232.513,232.513,0.95,0.96,0.04,0.06,0.01,0.02,76899.22,1777311231000
1777311232.919,232.919,0.95,0.96,0.04,0.05,0.01,0.01,76899.22,1777311231000
1777311233.339,233.339,0.85,0.96,0.04,0.05,0.11,0.01,76899.22,1777311231000
1777311233.735,233.735,0.95,0.96,0.04,0.05,0.01,0.01,76901.69,1777311232000
1777311234.073,234.073,0.92,0.93,0.07,0.08,0.01,0.01,76902.3,1777311233000
1777311234.425,234.425,0.92,0.93,0.07,0.08,0.01,0.01,76902.3,1777311233000
1777311234.79,234.79,0.88,0.89,0.11,0.12,0.01,0.01,76902.3,1777311233000
1777311235.188,235.188,0.87,0.88,0.12,0.13,0.01,0.01,76902.39,1777311234000
1777311235.56,235.56,0.86,0.87,0.13,0.14,0.01,0.01,76902.39,1777311234000
1777311235.894,235.894,0.88,0.89,0.11,0.12,0.01,0.01,76902.39,1777311234000
1777311236.268,236.268,0.91,0.92,0.08,0.09,0.01,0.01,76902.77,1777311235000
1777311236.652,236.652,0.94,0.96,0.03,0.09,0.02,0.06,76902.77,1777311235000
1777311237.005,237.005,0.94,0.95,0.05,0.06,0.01,0.01,76902.77,1777311235000
1777311237.393,237.393,0.94,0.95,0.05,0.06,0.01,0.01,76901.59,1777311236000
1777311237.811,237.811,0.93,0.95,0.05,0.06,0.02,0.01,76901.59,1777311236000
1777311238.157,238.157,0.94,0.96,0.05,0.06,0.02,0.01,76901.59,1777311236000
1777311238.495,238.495,0.94,0.95,0.05,0.06,0.01,0.01,76901.6,1777311237000
1777311238.931,238.931,0.95,0.96,0.04,0.05,0.01,0.01,76901.6,1777311237000
1777311239.323,239.323,0.95,0.96,0.04,0.05,0.01,0.01,76902.14,1777311238000
1777311239.776,239.776,0.95,0.96,0.04,0.05,0.01,0.01,76902.14,1777311238000
1777311240.116,240.116,0.95,0.96,0.04,0.05,0.01,0.01,76902.14,1777311239000
1777311240.456,240.456,0.95,0.96,0.04,0.05,0.01,0.01,76902.14,1777311239000
1777311240.798,240.798,0.96,0.97,0.03,0.04,0.01,0.01,76902.14,1777311239000
1777311241.138,241.138,0.96,0.97,0.03,0.04,0.01,0.01,76902.14,1777311239000
1777311241.473,241.473,0.97,0.98,0.02,0.03,0.01,0.01,76901.57,1777311240000
1777311241.826,241.826,0.97,0.98,0.02,0.03,0.01,0.01,76901.57,1777311240000
1777311242.172,242.172,0.97,0.98,0.02,0.03,0.01,0.01,76901.57,1777311240000
1777311242.506,242.506,0.97,0.98,0.02,0.03,0.01,0.01,76901.87,1777311241000
1777311242.844,242.844,0.94,0.95,0.02,0.03,0.01,0.01,76901.87,1777311241000
1777311243.212,243.212,0.96,0.97,0.03,0.04,0.01,0.01,76901.87,1777311241000
1777311243.57,243.57,0.95,0.96,0.04,0.05,0.01,0.01,76913.27,1777311242000
1777311243.914,243.914,0.95,0.96,0.04,0.05,0.01,0.01,76913.27,1777311242000
1777311244.322,244.322,0.95,0.96,0.04,0.05,0.01,0.01,76913.27,1777311242000
1777311244.684,244.684,0.95,0.96,0.04,0.05,0.01,0.01,76913.9,1777311243000
1777311245.057,245.057,0.96,0.97,0.03,0.05,0.01,0.02,76913.9,1777311243000
1777311245.418,245.418,0.96,0.97,0.02,0.04,0.01,0.02,76913.9,1777311243000
1777311245.824,245.824,0.96,0.97,0.03,0.04,0.01,0.01,76912.4,1777311244000
1777311246.159,246.159,0.96,0.97,0.03,0.04,0.01,0.01,76912.4,1777311245000
1777311246.529,246.529,0.96,0.97,0.03,0.04,0.01,0.01,76912.4,1777311245000
1777311246.922,246.922,0.96,0.97,0.03,0.04,0.01,0.01,76912.4,1777311245000
1777311247.346,247.346,0.96,0.97,0.03,0.04,0.01,0.01,76912.4,1777311245000
1777311247.807,247.807,0.96,0.97,0.03,0.04,0.01,0.01,76911.5,1777311246000
1777311248.191,248.191,0.96,0.97,0.03,0.04,0.01,0.01,76911.19,1777311247000
1777311248.648,248.648,0.96,0.97,0.03,0.04,0.01,0.01,76911.19,1777311247000
1777311249.027,249.027,0.96,0.97,0.03,0.04,0.01,0.01,76911.19,1777311247000
1777311249.37,249.37,0.96,0.97,0.03,0.04,0.01,0.01,76910.48,1777311248000
1777311249.751,249.751,0.94,0.95,0.05,0.06,0.01,0.01,76910.48,1777311248000
1777311250.092,250.092,0.95,0.96,0.04,0.05,0.01,0.01,76910.63,1777311249000
1777311250.441,250.441,0.92,0.93,0.07,0.08,0.01,0.01,76910.63,1777311249000
1777311250.817,250.817,0.92,0.93,0.07,0.08,0.01,0.01,76910.63,1777311249000
1777311251.29,251.29,0.93,0.94,0.06,0.07,0.01,0.01,76905.67,1777311250000
1777311251.674,251.674,0.93,0.94,0.06,0.07,0.01,0.01,76905.67,1777311250000
1777311252.036,252.036,0.93,0.94,0.06,0.07,0.01,0.01,76905.67,1777311250000
1777311252.417,252.417,0.93,0.95,0.05,0.07,0.02,0.02,76898.26,1777311251000
1777311252.995,252.995,0.93,0.94,0.06,0.07,0.01,0.01,76898.26,1777311251000
1777311253.362,253.362,0.93,0.94,0.06,0.07,0.01,0.01,76895.26,1777311252000
1777311253.735,253.735,0.91,0.92,0.07,0.09,0.01,0.02,76895.26,1777311252000
1777311254.149,254.149,0.91,0.92,0.08,0.09,0.01,0.01,76895.26,1777311252000
1777311254.508,254.508,0.91,0.92,0.08,0.09,0.01,0.01,76895.26,1777311253000
1777311254.858,254.858,0.92,0.93,0.07,0.08,0.01,0.01,76895.26,1777311253000
1777311255.21,255.21,0.92,0.93,0.07,0.08,0.01,0.01,76895.26,1777311254000
1777311255.567,255.567,0.94,0.95,0.05,0.06,0.01,0.01,76895.26,1777311254000
1777311255.975,255.975,0.94,0.95,0.05,0.06,0.01,0.01,76895.26,1777311254000
1777311256.365,256.365,0.94,0.96,0.05,0.06,0.02,0.01,76893.47,1777311255000
1777311256.725,256.725,0.95,0.96,0.04,0.05,0.01,0.01,76893.47,1777311255000
1777311257.081,257.081,0.95,0.96,0.04,0.05,0.01,0.01,76893.47,1777311255000
1777311257.519,257.519,0.94,0.97,0.03,0.04,0.03,0.01,76892.98,1777311256000
1777311257.951,257.951,0.94,0.95,0.05,0.06,0.01,0.01,76892.98,1777311256000
1777311258.312,258.312,0.94,0.96,0.04,0.06,0.02,0.02,76892.12,1777311257000
1777311258.696,258.696,0.96,0.97,0.03,0.04,0.01,0.01,76892.12,1777311257000
1777311259.1,259.1,0.96,0.97,0.03,0.04,0.01,0.01,76892.12,1777311257000
1777311259.468,259.468,0.96,0.98,0.02,0.04,0.02,0.02,76889.64,1777311258000
1777311259.801,259.801,0.97,0.98,0.02,0.03,0.01,0.01,76889.64,1777311258000
1777311260.359,260.359,0.97,0.98,0.02,0.03,0.01,0.01,76887.94,1777311259000
1777311260.765,260.765,0.97,0.98,0.02,0.03,0.01,0.01,76887.94,1777311259000
1777311261.178,261.178,0.96,0.98,0.03,0.04,0.02,0.01,76887.94,1777311259000
1777311261.666,261.666,0.97,0.98,0.02,0.03,0.01,0.01,76889.0,1777311260000
1777311262.007,262.007,0.97,0.98,0.02,0.03,0.01,0.01,76889.0,1777311260000
1777311262.394,262.394,0.97,0.98,0.02,0.03,0.01,0.01,76889.0,1777311260000
1777311262.772,262.772,0.96,0.97,0.03,0.04,0.01,0.01,76890.32,1777311261000
1777311263.147,263.147,0.97,0.98,0.02,0.04,0.01,0.02,76889.88,1777311262000
1777311263.615,263.615,0.97,0.98,0.02,0.03,0.01,0.01,76889.88,1777311262000
1777311263.953,263.953,0.97,0.98,0.02,0.03,0.01,0.01,76889.88,1777311263000
1777311264.611,264.611,0.97,0.98,0.02,0.03,0.01,0.01,76889.88,1777311263000
1777311265.067,265.067,0.97,0.98,0.02,0.03,0.01,0.01,76890.32,1777311264000
1777311265.458,265.458,0.97,0.98,0.02,0.03,0.01,0.01,76890.32,1777311264000
1777311266.001,266.001,0.96,0.97,0.02,0.05,0.01,0.03,76890.32,1777311264000
1777311266.418,266.418,0.96,0.98,0.03,0.04,0.02,0.01,76894.38,1777311265000
1777311266.856,266.856,0.95,0.96,0.04,0.05,0.01,0.01,76894.38,1777311265000
1777311267.199,267.199,0.97,0.98,0.02,0.03,0.01,0.01,76896.28,1777311266000
1777311267.607,267.607,0.97,0.98,0.02,0.03,0.01,0.01,76896.28,1777311266000
1777311268.045,268.045,0.98,0.99,0.02,0.03,0.01,0.01,76896.28,1777311266000
1777311268.406,268.406,0.98,0.99,0.01,0.02,0.01,0.01,76894.53,1777311267000
1777311268.751,268.751,0.98,0.99,0.01,0.02,0.01,0.01,76894.53,1777311267000
1777311269.085,269.085,0.98,0.99,0.01,0.02,0.01,0.01,76894.53,1777311267000
1777311269.433,269.433,0.98,0.99,0.01,0.02,0.01,0.01,76894.53,1777311267000
1777311269.805,269.805,0.98,0.99,0.01,0.02,0.01,0.01,76895.44,1777311268000
1777311270.192,270.192,0.98,0.99,0.01,0.02,0.01,0.01,76895.44,1777311268000
1777311270.596,270.596,0.98,0.99,0.01,0.02,0.01,0.01,76895.65,1777311269000
1777311270.957,270.957,0.89,0.99,0.01,0.02,0.1,0.01,76895.65,1777311269000
1777311271.298,271.298,0.98,0.99,0.01,0.02,0.01,0.01,76900.39,1777311270000
1777311271.66,271.66,0.98,0.99,0.01,0.02,0.01,0.01,76900.39,1777311270000
1777311272.004,272.004,0.98,0.99,0.01,0.02,0.01,0.01,76900.39,1777311270000
1777311272.561,272.561,0.98,0.99,0.01,0.02,0.01,0.01,76903.4,1777311271000
1777311272.933,272.933,0.98,0.99,0.01,0.02,0.01,0.01,76903.4,1777311271000
1777311273.275,273.275,0.98,0.99,0.01,0.02,0.01,0.01,76903.4,1777311271000
1777311273.655,273.655,0.98,0.99,0.01,0.02,0.01,0.01,76903.36,1777311272000
1777311273.999,273.999,0.98,0.99,0.01,0.02,0.01,0.01,76903.36,1777311272000
1777311274.514,274.514,0.98,0.99,0.01,0.02,0.01,0.01,76902.78,1777311273000
1777311274.865,274.865,0.98,0.99,0.01,0.02,0.01,0.01,76902.78,1777311273000
1777311275.367,275.367,0.98,0.99,0.01,0.02,0.01,0.01,76902.78,1777311273000
1777311275.835,275.835,0.99,0.99,0.01,0.01,0.0,0.0,76902.76,1777311274000
1777311276.186,276.186,0.99,0.99,0.01,0.01,0.0,0.0,76902.76,1777311274000
1777311276.797,276.797,0.99,0.99,0.01,0.01,0.0,0.0,76902.95,1777311275000
1777311277.259,277.259,0.99,0.99,0.01,0.01,0.0,0.0,76902.95,1777311275000
1777311278.245,278.245,0.99,0.99,0.01,0.01,0.0,0.0,76903.06,1777311277000
1777311278.859,278.859,0.99,0.99,0.01,0.01,0.0,0.0,76903.06,1777311277000
1777311279.245,279.245,0.99,0.99,0.01,0.01,0.0,0.0,76902.91,1777311278000
1777311279.815,279.815,0.99,0.99,0.01,0.01,0.0,0.0,76902.91,1777311278000
1777311280.285,280.285,0.99,0.99,0.01,0.01,0.0,0.0,76902.91,1777311278000
1777311280.753,280.753,0.99,0.99,0.01,0.01,0.0,0.0,76901.25,1777311279000
1777311281.319,281.319,0.99,0.99,0.01,0.01,0.0,0.0,76901.25,1777311279000
1777311282.314,282.314,0.99,0.99,0.01,0.01,0.0,0.0,76901.12,1777311280000
1777311282.809,282.809,0.99,0.99,0.01,0.01,0.0,0.0,76902.46,1777311281000
1777311283.31,283.31,0.99,0.99,0.01,0.01,0.0,0.0,76902.34,1777311282000
1777311284.365,284.365,0.99,0.99,0.01,0.01,0.0,0.0,76902.34,1777311282000
1777311284.915,284.915,0.99,0.99,0.01,0.01,0.0,0.0,76902.89,1777311284000
1777311285.464,285.464,0.99,0.99,0.01,0.01,0.0,0.0,76902.89,1777311284000
1777311285.844,285.844,0.99,0.99,0.01,0.01,0.0,0.0,76902.89,1777311284000
1777311286.315,286.315,0.99,0.99,0.01,0.01,0.0,0.0,76904.98,1777311285000
1777311286.663,286.663,0.99,0.99,0.01,0.01,0.0,0.0,76904.98,1777311285000
1777311287.868,287.868,0.99,0.99,0.01,0.01,0.0,0.0,76904.98,1777311285000
1777311288.318,288.318,0.99,0.99,0.01,0.01,0.0,0.0,76911.87,1777311287000
1777311288.951,288.951,0.99,0.99,0.01,0.01,0.0,0.0,76912.5,1777311288000
1777311289.63,289.63,0.99,0.99,0.01,0.01,0.0,0.0,76912.5,1777311288000
1777311290.327,290.327,0.99,0.99,0.01,0.01,0.0,0.0,76912.04,1777311289000
1777311291.164,291.164,0.99,0.99,0.01,0.01,0.0,0.0,76906.05,1777311290000
1777311292.367,292.367,0.99,0.99,0.01,0.01,0.0,0.0,76904.92,1777311291000
1777311293.074,293.074,0.99,0.99,0.01,0.01,0.0,0.0,76903.92,1777311292000
1777311293.899,293.899,0.99,0.99,0.01,0.01,0.0,0.0,76903.92,1777311292000
1777311294.608,294.608,0.99,0.99,0.01,0.01,0.0,0.0,76896.75,1777311293000
1777311295.112,295.112,0.99,0.99,0.01,0.01,0.0,0.0,76896.76,1777311294000
1777311295.499,295.499,0.99,0.99,0.01,0.01,0.0,0.0,76896.76,1777311294000
1777311296.291,296.291,0.99,0.99,0.01,0.01,0.0,0.0,76900.5,1777311295000
1777311296.983,296.983,0.99,0.99,0.01,0.01,0.0,0.0,76903.29,1777311296000
1777311297.964,297.964,0.99,0.99,0.01,0.01,0.0,0.0,76903.29,1777311296000
1777311298.322,298.322,0.99,0.99,0.01,0.01,0.0,0.0,76903.61,1777311297000
1777311298.978,298.978,0.99,0.99,0.01,0.01,0.0,0.0,76903.58,1777311298000
1777311299.398,299.398,0.99,0.99,0.01,0.01,0.0,0.0,76903.58,1777311298000
1777311299.831,299.831,0.99,0.99,0.01,0.01,0.0,0.0,76903.58,1777311298000
1777311300.165,300.165,0.99,0.99,0.01,0.01,0.0,0.0,76912.15,1777311299000
1777311300.505,300.505,0.99,0.99,0.01,0.01,0.0,0.0,76912.15,1777311299000

# RESULT,winner=Up,slug=btc-updown-5m-1777311000,ticks=711
