timestamp,elapsed_sec,up_bid,up_ask,down_bid,down_ask,up_spread,down_spread,btc_price,btc_oracle_ts
1775941800.526,0.526,0.4,0.44,0.56,0.61,0.04,0.05,73430.26,1775941798000
1775941800.906,0.906,0.4,0.44,0.59,0.6,0.04,0.01,73432.9,1775941799000
1775941801.377,1.377,0.42,0.44,0.57,0.58,0.02,0.01,73433.46,1775941800000
1775941801.826,1.826,0.47,0.48,0.51,0.57,0.01,0.06,73433.46,1775941800000
1775941802.284,2.284,0.53,0.54,0.46,0.47,0.01,0.01,73433.46,1775941800000
1775941802.632,2.632,0.54,0.55,0.45,0.47,0.01,0.02,73435.25,1775941801000
1775941802.975,2.975,0.57,0.59,0.42,0.43,0.02,0.01,73435.25,1775941801000
1775941803.326,3.326,0.58,0.59,0.41,0.42,0.01,0.01,73435.25,1775941801000
1775941803.849,3.849,0.59,0.6,0.4,0.41,0.01,0.01,73435.25,1775941801000
1775941804.201,4.201,0.59,0.6,0.4,0.41,0.01,0.01,73438.36,1775941802000
1775941804.659,4.659,0.59,0.6,0.4,0.41,0.01,0.01,73440.22,1775941803000
1775941805.1,5.1,0.59,0.6,0.4,0.41,0.01,0.01,73440.84,1775941804000
1775941805.449,5.449,0.61,0.62,0.38,0.41,0.01,0.03,73440.84,1775941804000
1775941805.838,5.838,0.62,0.63,0.37,0.38,0.01,0.01,73440.84,1775941804000
1775941806.24,6.24,0.62,0.63,0.37,0.38,0.01,0.01,73441.78,1775941805000
1775941806.701,6.701,0.59,0.6,0.4,0.41,0.01,0.01,73441.78,1775941805000
1775941807.188,7.188,0.59,0.6,0.4,0.41,0.01,0.01,73441.78,1775941805000
1775941807.558,7.558,0.59,0.6,0.4,0.41,0.01,0.01,73443.02,1775941806000
1775941808.008,8.008,0.59,0.6,0.4,0.41,0.01,0.01,73443.02,1775941806000
1775941808.427,8.427,0.59,0.6,0.4,0.41,0.01,0.01,73443.82,1775941807000
1775941808.8,8.8,0.62,0.63,0.36,0.39,0.01,0.03,73443.82,1775941807000
1775941809.25,9.25,0.63,0.68,0.36,0.37,0.05,0.01,73443.82,1775941807000
1775941809.597,9.597,0.66,0.67,0.33,0.34,0.01,0.01,73444.12,1775941808000
1775941809.937,9.937,0.66,0.67,0.33,0.34,0.01,0.01,73444.12,1775941808000
1775941810.337,10.337,0.66,0.67,0.33,0.34,0.01,0.01,73444.12,1775941809000
1775941810.708,10.708,0.68,0.69,0.31,0.32,0.01,0.01,73444.12,1775941809000
1775941811.247,11.247,0.67,0.68,0.31,0.33,0.01,0.02,73444.12,1775941809000
1775941811.703,11.703,0.67,0.68,0.32,0.34,0.01,0.02,73445.26,1775941810000
1775941812.124,12.124,0.67,0.68,0.32,0.33,0.01,0.01,73445.26,1775941810000
1775941812.463,12.463,0.69,0.7,0.3,0.31,0.01,0.01,73447.38,1775941811000
1775941812.869,12.869,0.7,0.71,0.29,0.3,0.01,0.01,73447.38,1775941811000
1775941813.204,13.204,0.7,0.71,0.29,0.3,0.01,0.01,73447.38,1775941811000
1775941813.581,13.581,0.7,0.71,0.29,0.3,0.01,0.01,73448.9,1775941812000
1775941813.938,13.938,0.7,0.71,0.29,0.3,0.01,0.01,73448.9,1775941812000
1775941814.275,14.275,0.7,0.71,0.29,0.3,0.01,0.01,73450.07,1775941813000
1775941814.644,14.644,0.7,0.71,0.29,0.3,0.01,0.01,73450.07,1775941813000
1775941815.327,15.327,0.7,0.71,0.29,0.3,0.01,0.01,73450.07,1775941813000
1775941815.798,15.798,0.69,0.7,0.3,0.31,0.01,0.01,73451.84,1775941814000
1775941816.188,16.188,0.68,0.7,0.3,0.31,0.02,0.01,73451.84,1775941814000
1775941816.6,16.6,0.63,0.64,0.35,0.42,0.01,0.07,73453.6,1775941815000
1775941816.957,16.957,0.61,0.62,0.38,0.39,0.01,0.01,73453.6,1775941815000
1775941817.321,17.321,0.61,0.62,0.38,0.39,0.01,0.01,73453.67,1775941816000
1775941817.674,17.674,0.61,0.62,0.38,0.39,0.01,0.01,73453.67,1775941816000
1775941818.157,18.157,0.61,0.62,0.38,0.39,0.01,0.01,73453.67,1775941816000
1775941818.496,18.496,0.61,0.62,0.38,0.39,0.01,0.01,73450.74,1775941817000
1775941819.028,19.028,0.6,0.61,0.39,0.4,0.01,0.01,73448.11,1775941818000
1775941819.489,19.489,0.59,0.6,0.39,0.41,0.01,0.02,73448.11,1775941818000
1775941819.824,19.824,0.59,0.6,0.4,0.41,0.01,0.01,73448.11,1775941818000
1775941820.172,20.172,0.59,0.6,0.4,0.41,0.01,0.01,73446.8,1775941819000
1775941820.566,20.566,0.59,0.6,0.4,0.41,0.01,0.01,73446.8,1775941819000
1775941820.937,20.937,0.59,0.6,0.4,0.41,0.01,0.01,73446.42,1775941820000
1775941821.302,21.302,0.59,0.6,0.4,0.41,0.01,0.01,73446.42,1775941820000
1775941821.646,21.646,0.58,0.59,0.41,0.42,0.01,0.01,73446.42,1775941820000
1775941822.014,22.014,0.58,0.59,0.41,0.42,0.01,0.01,73446.42,1775941820000
1775941822.422,22.422,0.58,0.59,0.41,0.42,0.01,0.01,73446.43,1775941821000
1775941822.769,22.769,0.58,0.59,0.4,0.43,0.01,0.03,73446.43,1775941821000
1775941823.179,23.179,0.58,0.59,0.41,0.42,0.01,0.01,73446.43,1775941821000
1775941823.551,23.551,0.58,0.59,0.41,0.42,0.01,0.01,73446.83,1775941822000
1775941823.935,23.935,0.57,0.58,0.42,0.43,0.01,0.01,73446.83,1775941822000
1775941824.544,24.544,0.57,0.58,0.42,0.43,0.01,0.01,73446.83,1775941822000
1775941824.896,24.896,0.64,0.65,0.35,0.36,0.01,0.01,73446.9,1775941823000
1775941825.261,25.261,0.65,0.66,0.34,0.35,0.01,0.01,73446.9,1775941823000
1775941825.639,25.639,0.65,0.66,0.32,0.35,0.01,0.03,73446.9,1775941824000
1775941826.073,26.073,0.65,0.66,0.34,0.35,0.01,0.01,73446.9,1775941824000
1775941826.506,26.506,0.64,0.65,0.35,0.36,0.01,0.01,73447.07,1775941825000
1775941826.849,26.849,0.65,0.66,0.34,0.35,0.01,0.01,73447.07,1775941825000
1775941827.199,27.199,0.65,0.66,0.34,0.35,0.01,0.01,73447.07,1775941825000
1775941827.738,27.738,0.65,0.66,0.34,0.35,0.01,0.01,73451.12,1775941826000
1775941828.137,28.137,0.65,0.66,0.34,0.35,0.01,0.01,73451.12,1775941827000
1775941828.494,28.494,0.64,0.65,0.34,0.36,0.01,0.02,73451.12,1775941827000
1775941828.936,28.936,0.65,0.67,0.34,0.35,0.02,0.01,73451.12,1775941827000
1775941829.273,29.273,0.66,0.67,0.33,0.34,0.01,0.01,73451.08,1775941828000
1775941829.722,29.722,0.66,0.67,0.33,0.34,0.01,0.01,73451.08,1775941828000
1775941830.071,30.071,0.66,0.67,0.33,0.34,0.01,0.01,73451.08,1775941829000
1775941830.412,30.412,0.66,0.67,0.33,0.34,0.01,0.01,73451.08,1775941829000
1775941830.778,30.778,0.63,0.64,0.34,0.38,0.01,0.04,73451.08,1775941829000
1775941831.168,31.168,0.63,0.64,0.36,0.37,0.01,0.01,73451.08,1775941830000
1775941831.515,31.515,0.58,0.61,0.35,0.43,0.03,0.08,73451.08,1775941830000
1775941831.995,31.995,0.58,0.59,0.41,0.42,0.01,0.01,73451.08,1775941830000
1775941832.576,32.576,0.58,0.59,0.41,0.42,0.01,0.01,73450.98,1775941831000
1775941832.935,32.935,0.58,0.59,0.41,0.42,0.01,0.01,73450.98,1775941831000
1775941833.322,33.322,0.59,0.6,0.4,0.42,0.01,0.02,73450.98,1775941831000
1775941833.677,33.677,0.6,0.61,0.39,0.41,0.01,0.02,73450.15,1775941832000
1775941834.098,34.098,0.6,0.61,0.39,0.4,0.01,0.01,73450.15,1775941832000
1775941834.568,34.568,0.6,0.61,0.39,0.41,0.01,0.02,73449.98,1775941833000
1775941835.004,35.004,0.6,0.61,0.39,0.4,0.01,0.01,73449.98,1775941833000
1775941835.553,35.553,0.6,0.62,0.38,0.4,0.02,0.02,73450.02,1775941834000
1775941835.908,35.908,0.61,0.62,0.38,0.39,0.01,0.01,73450.02,1775941834000
1775941836.596,36.596,0.6,0.61,0.38,0.39,0.01,0.01,73450.24,1775941835000
1775941836.943,36.943,0.6,0.62,0.39,0.4,0.02,0.01,73450.24,1775941835000
1775941837.379,37.379,0.61,0.62,0.38,0.39,0.01,0.01,73450.22,1775941836000
1775941837.752,37.752,0.6,0.61,0.39,0.4,0.01,0.01,73450.22,1775941836000
1775941838.15,38.15,0.6,0.61,0.39,0.4,0.01,0.01,73450.21,1775941837000
1775941838.671,38.671,0.6,0.61,0.39,0.4,0.01,0.01,73450.21,1775941837000
1775941839.058,39.058,0.6,0.61,0.39,0.4,0.01,0.01,73450.21,1775941837000
1775941839.42,39.42,0.6,0.61,0.39,0.4,0.01,0.01,73450.21,1775941838000
1775941839.894,39.894,0.6,0.61,0.39,0.4,0.01,0.01,73450.21,1775941838000
1775941840.27,40.27,0.58,0.6,0.39,0.41,0.02,0.02,73450.21,1775941839000
1775941840.639,40.639,0.58,0.59,0.41,0.42,0.01,0.01,73450.21,1775941839000
1775941841.117,41.117,0.58,0.61,0.41,0.42,0.03,0.01,73450.21,1775941839000
1775941841.459,41.459,0.59,0.6,0.4,0.41,0.01,0.01,73450.31,1775941840000
1775941841.978,41.978,0.59,0.6,0.4,0.41,0.01,0.01,73450.31,1775941840000
1775941842.332,42.332,0.59,0.6,0.4,0.41,0.01,0.01,73450.31,1775941840000
1775941842.757,42.757,0.59,0.6,0.4,0.41,0.01,0.01,73450.3,1775941841000
1775941843.141,43.141,0.6,0.61,0.4,0.41,0.01,0.01,73450.3,1775941841000
1775941843.515,43.515,0.6,0.61,0.39,0.4,0.01,0.01,73449.15,1775941842000
1775941843.862,43.862,0.66,0.68,0.33,0.34,0.02,0.01,73449.15,1775941842000
1775941844.198,44.198,0.67,0.68,0.31,0.33,0.01,0.02,73449.15,1775941842000
1775941844.558,44.558,0.68,0.69,0.31,0.32,0.01,0.01,73449.15,1775941842000
1775941845.018,45.018,0.68,0.69,0.31,0.32,0.01,0.01,73450.3,1775941843000
1775941845.408,45.408,0.67,0.68,0.31,0.33,0.01,0.02,73450.3,1775941843000
1775941845.799,45.799,0.67,0.68,0.32,0.33,0.01,0.01,73451.29,1775941844000
1775941846.133,46.133,0.67,0.68,0.32,0.33,0.01,0.01,73451.29,1775941844000
1775941846.559,46.559,0.64,0.65,0.35,0.36,0.01,0.01,73455.56,1775941845000
1775941846.905,46.905,0.63,0.65,0.35,0.38,0.02,0.03,73455.56,1775941845000
1775941847.487,47.487,0.61,0.62,0.38,0.39,0.01,0.01,73455.56,1775941845000
1775941847.826,47.826,0.61,0.62,0.38,0.39,0.01,0.01,73458.14,1775941846000
1775941848.298,48.298,0.6,0.61,0.38,0.4,0.01,0.02,73458.14,1775941846000
1775941848.829,48.829,0.6,0.61,0.39,0.4,0.01,0.01,73453.32,1775941847000
1775941849.214,49.214,0.57,0.59,0.41,0.43,0.02,0.02,73453.32,1775941847000
1775941849.576,49.576,0.53,0.54,0.46,0.47,0.01,0.01,73453.32,1775941847000
1775941849.911,49.911,0.52,0.53,0.47,0.48,0.01,0.01,73452.86,1775941848000
1775941850.251,50.251,0.53,0.54,0.46,0.47,0.01,0.01,73451.7,1775941849000
1775941850.618,50.618,0.53,0.54,0.46,0.47,0.01,0.01,73451.7,1775941849000
1775941850.972,50.972,0.53,0.54,0.46,0.47,0.01,0.01,73451.7,1775941849000
1775941851.377,51.377,0.56,0.57,0.42,0.44,0.01,0.02,73445.71,1775941850000
1775941851.845,51.845,0.59,0.6,0.4,0.41,0.01,0.01,73445.71,1775941850000
1775941852.2,52.2,0.59,0.6,0.4,0.41,0.01,0.01,73445.71,1775941850000
1775941852.539,52.539,0.59,0.6,0.4,0.41,0.01,0.01,73444.97,1775941851000
1775941852.872,52.872,0.59,0.6,0.4,0.41,0.01,0.01,73444.97,1775941851000
1775941853.335,53.335,0.58,0.59,0.41,0.42,0.01,0.01,73444.97,1775941851000
1775941853.733,53.733,0.58,0.59,0.41,0.42,0.01,0.01,73447.58,1775941852000
1775941854.134,54.134,0.58,0.59,0.41,0.42,0.01,0.01,73447.58,1775941852000
1775941854.492,54.492,0.58,0.59,0.41,0.42,0.01,0.01,73448.91,1775941853000
1775941854.843,54.843,0.55,0.56,0.44,0.45,0.01,0.01,73448.91,1775941853000
1775941855.185,55.185,0.55,0.56,0.44,0.45,0.01,0.01,73448.91,1775941853000
1775941855.536,55.536,0.59,0.6,0.4,0.41,0.01,0.01,73448.97,1775941854000
1775941855.874,55.874,0.59,0.6,0.4,0.41,0.01,0.01,73448.97,1775941854000
1775941856.389,56.389,0.59,0.6,0.4,0.41,0.01,0.01,73448.97,1775941855000
1775941856.91,56.91,0.59,0.6,0.4,0.41,0.01,0.01,73448.97,1775941855000
1775941857.41,57.41,0.59,0.6,0.4,0.41,0.01,0.01,73448.92,1775941856000
1775941857.911,57.911,0.59,0.6,0.4,0.41,0.01,0.01,73448.9,1775941857000
1775941858.261,58.261,0.53,0.56,0.41,0.45,0.03,0.04,73448.9,1775941857000
1775941858.621,58.621,0.52,0.54,0.46,0.47,0.02,0.01,73448.9,1775941857000
1775941859.0,59.0,0.51,0.52,0.48,0.49,0.01,0.01,73448.9,1775941857000
1775941859.354,59.354,0.51,0.52,0.48,0.49,0.01,0.01,73448.91,1775941858000
1775941859.71,59.71,0.51,0.52,0.48,0.49,0.01,0.01,73448.91,1775941858000
1775941860.045,60.045,0.51,0.52,0.48,0.49,0.01,0.01,73444.93,1775941859000
1775941860.4,60.4,0.51,0.52,0.48,0.49,0.01,0.01,73444.93,1775941859000
1775941860.739,60.739,0.5,0.51,0.49,0.51,0.01,0.02,73444.93,1775941859000
1775941861.08,61.08,0.49,0.5,0.5,0.51,0.01,0.01,73443.57,1775941860000
1775941861.447,61.447,0.49,0.5,0.5,0.51,0.01,0.01,73443.57,1775941860000
1775941861.813,61.813,0.49,0.51,0.5,0.51,0.02,0.01,73443.57,1775941860000
1775941862.196,62.196,0.5,0.51,0.49,0.5,0.01,0.01,73442.93,1775941861000
1775941862.568,62.568,0.49,0.51,0.49,0.5,0.02,0.01,73442.93,1775941861000
1775941862.934,62.934,0.49,0.5,0.5,0.51,0.01,0.01,73442.93,1775941861000
1775941863.32,63.32,0.5,0.51,0.49,0.5,0.01,0.01,73440.79,1775941862000
1775941863.732,63.732,0.5,0.51,0.48,0.5,0.01,0.02,73440.79,1775941862000
1775941864.192,64.192,0.51,0.52,0.48,0.49,0.01,0.01,73440.79,1775941862000
1775941864.726,64.726,0.51,0.52,0.48,0.49,0.01,0.01,73440.57,1775941863000
1775941865.12,65.12,0.5,0.52,0.49,0.5,0.02,0.01,73440.57,1775941863000
1775941865.463,65.463,0.51,0.52,0.48,0.49,0.01,0.01,73442.18,1775941864000
1775941865.852,65.852,0.51,0.52,0.48,0.49,0.01,0.01,73442.18,1775941864000
1775941866.333,66.333,0.5,0.51,0.48,0.5,0.01,0.02,73442.18,1775941864000
1775941866.844,66.844,0.49,0.5,0.5,0.52,0.01,0.02,73442.18,1775941865000
1775941867.346,67.346,0.49,0.5,0.5,0.51,0.01,0.01,73442.26,1775941866000
1775941867.7,67.7,0.48,0.49,0.51,0.52,0.01,0.01,73442.26,1775941866000
1775941868.11,68.11,0.47,0.48,0.51,0.53,0.01,0.02,73442.26,1775941866000
1775941868.456,68.456,0.47,0.48,0.52,0.53,0.01,0.01,73441.32,1775941867000
1775941868.8,68.8,0.49,0.5,0.5,0.51,0.01,0.01,73441.32,1775941867000
1775941869.208,69.208,0.48,0.49,0.5,0.52,0.01,0.02,73439.82,1775941868000
1775941869.635,69.635,0.48,0.49,0.51,0.52,0.01,0.01,73439.82,1775941868000
1775941870.162,70.162,0.48,0.49,0.51,0.52,0.01,0.01,73440.58,1775941869000
1775941870.546,70.546,0.49,0.5,0.5,0.51,0.01,0.01,73440.58,1775941869000
1775941870.881,70.881,0.49,0.5,0.5,0.51,0.01,0.01,73440.58,1775941869000
1775941871.251,71.251,0.49,0.5,0.5,0.51,0.01,0.01,73440.49,1775941870000
1775941872.026,72.026,0.49,0.5,0.5,0.51,0.01,0.01,73440.49,1775941871000
1775941872.403,72.403,0.49,0.5,0.5,0.51,0.01,0.01,73440.49,1775941871000
1775941872.78,72.78,0.51,0.52,0.5,0.51,0.01,0.01,73440.49,1775941871000
1775941873.114,73.114,0.51,0.52,0.48,0.49,0.01,0.01,73440.77,1775941872000
1775941873.456,73.456,0.51,0.52,0.48,0.49,0.01,0.01,73440.77,1775941872000
1775941873.884,73.884,0.51,0.52,0.48,0.49,0.01,0.01,73440.77,1775941872000
1775941874.318,74.318,0.51,0.52,0.48,0.49,0.01,0.01,73441.8,1775941873000
1775941874.688,74.688,0.51,0.52,0.47,0.49,0.01,0.02,73441.8,1775941873000
1775941875.147,75.147,0.51,0.52,0.48,0.49,0.01,0.01,73441.85,1775941874000
1775941875.668,75.668,0.52,0.53,0.47,0.48,0.01,0.01,73441.85,1775941874000
1775941876.061,76.061,0.52,0.53,0.47,0.48,0.01,0.01,73441.88,1775941875000
1775941876.479,76.479,0.51,0.52,0.48,0.49,0.01,0.01,73441.88,1775941875000
1775941877.022,77.022,0.52,0.53,0.47,0.48,0.01,0.01,73441.88,1775941875000
1775941877.409,77.409,0.52,0.53,0.47,0.48,0.01,0.01,73441.88,1775941876000
1775941877.799,77.799,0.52,0.53,0.47,0.48,0.01,0.01,73441.88,1775941876000
1775941878.147,78.147,0.52,0.53,0.47,0.48,0.01,0.01,73441.9,1775941877000
1775941878.584,78.584,0.52,0.53,0.47,0.48,0.01,0.01,73441.9,1775941877000
1775941878.972,78.972,0.52,0.55,0.47,0.48,0.03,0.01,73441.9,1775941877000
1775941879.342,79.342,0.54,0.55,0.45,0.46,0.01,0.01,73441.89,1775941878000
1775941879.724,79.724,0.53,0.55,0.45,0.46,0.02,0.01,73441.89,1775941878000
1775941880.112,80.112,0.53,0.54,0.46,0.47,0.01,0.01,73441.89,1775941878000
1775941880.471,80.471,0.53,0.54,0.46,0.47,0.01,0.01,73441.89,1775941879000
1775941880.925,80.925,0.53,0.54,0.46,0.47,0.01,0.01,73441.89,1775941879000
1775941881.261,81.261,0.53,0.54,0.46,0.47,0.01,0.01,73441.89,1775941880000
1775941881.661,81.661,0.53,0.54,0.46,0.47,0.01,0.01,73441.89,1775941880000
1775941882.152,82.152,0.53,0.54,0.46,0.47,0.01,0.01,73441.89,1775941880000
1775941882.57,82.57,0.53,0.54,0.46,0.47,0.01,0.01,73441.72,1775941881000
1775941883.027,83.027,0.53,0.54,0.46,0.47,0.01,0.01,73441.72,1775941881000
1775941883.488,83.488,0.52,0.54,0.46,0.47,0.02,0.01,73441.72,1775941882000
1775941883.831,83.831,0.53,0.54,0.46,0.48,0.01,0.02,73441.72,1775941882000
1775941884.423,84.423,0.53,0.54,0.46,0.47,0.01,0.01,73441.72,1775941883000
1775941885.097,85.097,0.53,0.54,0.46,0.47,0.01,0.01,73441.73,1775941884000
1775941885.453,85.453,0.53,0.54,0.46,0.47,0.01,0.01,73441.73,1775941884000
1775941886.113,86.113,0.53,0.54,0.46,0.47,0.01,0.01,73441.67,1775941885000
1775941886.45,86.45,0.53,0.54,0.46,0.47,0.01,0.01,73441.67,1775941885000
1775941887.032,87.032,0.53,0.54,0.46,0.47,0.01,0.01,73441.69,1775941886000
1775941887.681,87.681,0.53,0.54,0.46,0.47,0.01,0.01,73441.69,1775941886000
1775941888.055,88.055,0.53,0.54,0.46,0.47,0.01,0.01,73441.7,1775941887000
1775941888.946,88.946,0.53,0.54,0.46,0.47,0.01,0.01,73441.7,1775941887000
1775941889.279,89.279,0.52,0.54,0.46,0.48,0.02,0.02,73441.68,1775941888000
1775941889.761,89.761,0.52,0.53,0.47,0.48,0.01,0.01,73441.68,1775941888000
1775941890.167,90.167,0.52,0.53,0.47,0.48,0.01,0.01,73441.68,1775941888000
1775941890.504,90.504,0.52,0.53,0.47,0.48,0.01,0.01,73441.68,1775941888000
1775941891.032,91.032,0.52,0.53,0.47,0.48,0.01,0.01,73441.59,1775941890000
1775941891.379,91.379,0.52,0.53,0.47,0.48,0.01,0.01,73441.59,1775941890000
1775941891.807,91.807,0.52,0.53,0.47,0.48,0.01,0.01,73441.59,1775941890000
1775941892.146,92.146,0.52,0.53,0.47,0.48,0.01,0.01,73441.59,1775941890000
1775941892.487,92.487,0.52,0.53,0.47,0.48,0.01,0.01,73441.6,1775941891000
1775941892.97,92.97,0.52,0.53,0.47,0.48,0.01,0.01,73441.6,1775941891000
1775941893.598,93.598,0.52,0.53,0.47,0.48,0.01,0.01,73441.59,1775941892000
1775941894.26,94.26,0.52,0.53,0.47,0.48,0.01,0.01,73441.59,1775941892000
1775941894.698,94.698,0.51,0.53,0.47,0.48,0.02,0.01,73441.61,1775941893000
1775941895.042,95.042,0.51,0.52,0.48,0.49,0.01,0.01,73441.61,1775941893000
1775941895.436,95.436,0.51,0.52,0.48,0.49,0.01,0.01,73441.61,1775941893000
1775941895.826,95.826,0.51,0.52,0.48,0.49,0.01,0.01,73440.9,1775941894000
1775941896.229,96.229,0.51,0.52,0.48,0.49,0.01,0.01,73440.84,1775941895000
1775941896.594,96.594,0.51,0.52,0.48,0.49,0.01,0.01,73440.84,1775941895000
1775941896.964,96.964,0.51,0.52,0.48,0.49,0.01,0.01,73440.84,1775941895000
1775941897.31,97.31,0.51,0.52,0.48,0.49,0.01,0.01,73440.85,1775941896000
1775941898.137,98.137,0.51,0.53,0.48,0.49,0.02,0.01,73440.85,1775941896000
1775941898.483,98.483,0.52,0.53,0.47,0.48,0.01,0.01,73440.85,1775941896000
1775941898.836,98.836,0.53,0.54,0.46,0.47,0.01,0.01,73440.9,1775941897000
1775941899.677,99.677,0.53,0.54,0.46,0.47,0.01,0.01,73440.9,1775941898000
1775941900.011,100.011,0.4,0.43,0.57,0.6,0.03,0.03,73440.9,1775941898000
1775941900.432,100.432,0.4,0.41,0.57,0.62,0.01,0.05,73438.85,1775941899000
1775941900.778,100.778,0.31,0.36,0.64,0.68,0.05,0.04,73438.85,1775941899000
1775941901.129,101.129,0.32,0.34,0.65,0.71,0.02,0.06,73438.85,1775941899000
1775941901.49,101.49,0.27,0.3,0.7,0.73,0.03,0.03,73434.38,1775941900000
1775941901.85,101.85,0.25,0.27,0.73,0.75,0.02,0.02,73434.38,1775941900000
1775941902.2,102.2,0.25,0.26,0.74,0.75,0.01,0.01,73423.01,1775941901000
1775941902.6,102.6,0.24,0.25,0.75,0.76,0.01,0.01,73423.01,1775941901000
1775941903.013,103.013,0.24,0.25,0.75,0.76,0.01,0.01,73423.01,1775941901000
1775941903.382,103.382,0.24,0.25,0.75,0.76,0.01,0.01,73411.06,1775941902000
1775941903.762,103.762,0.24,0.25,0.75,0.76,0.01,0.01,73411.06,1775941902000
1775941904.147,104.147,0.24,0.25,0.75,0.76,0.01,0.01,73411.06,1775941902000
1775941904.483,104.483,0.24,0.25,0.75,0.76,0.01,0.01,73411.06,1775941902000
1775941904.852,104.852,0.24,0.25,0.75,0.76,0.01,0.01,73411.06,1775941902000
1775941905.201,105.201,0.24,0.25,0.75,0.76,0.01,0.01,73406.24,1775941903000
1775941905.559,105.559,0.23,0.24,0.76,0.77,0.01,0.01,73408.52,1775941904000
1775941905.894,105.894,0.23,0.24,0.76,0.77,0.01,0.01,73408.52,1775941904000
1775941906.254,106.254,0.23,0.24,0.76,0.77,0.01,0.01,73407.76,1775941905000
1775941906.676,106.676,0.2,0.21,0.79,0.8,0.01,0.01,73407.76,1775941905000
1775941907.023,107.023,0.19,0.2,0.79,0.81,0.01,0.02,73407.76,1775941905000
1775941907.497,107.497,0.19,0.2,0.8,0.81,0.01,0.01,73407.76,1775941905000
1775941907.875,107.875,0.19,0.2,0.8,0.81,0.01,0.01,73407.69,1775941906000
1775941908.248,108.248,0.19,0.2,0.79,0.81,0.01,0.02,73407.69,1775941906000
1775941908.594,108.594,0.2,0.21,0.79,0.8,0.01,0.01,73405.73,1775941907000
1775941909.042,109.042,0.21,0.22,0.78,0.79,0.01,0.01,73405.73,1775941907000
1775941909.382,109.382,0.21,0.22,0.78,0.79,0.01,0.01,73405.73,1775941907000
1775941909.722,109.722,0.21,0.23,0.77,0.78,0.02,0.01,73400.53,1775941908000
1775941910.097,110.097,0.21,0.22,0.78,0.79,0.01,0.01,73399,1775941909000
1775941910.5,110.5,0.2,0.21,0.77,0.8,0.01,0.03,73399,1775941909000
1775941910.97,110.97,0.19,0.2,0.78,0.81,0.01,0.03,73399,1775941909000
1775941911.337,111.337,0.19,0.21,0.8,0.81,0.02,0.01,73399.22,1775941910000
1775941911.67,111.67,0.21,0.22,0.78,0.79,0.01,0.01,73399.22,1775941910000
1775941912.063,112.063,0.21,0.23,0.78,0.79,0.02,0.01,73401.15,1775941911000
1775941912.438,112.438,0.25,0.27,0.74,0.75,0.02,0.01,73401.15,1775941911000
1775941912.775,112.775,0.3,0.32,0.68,0.71,0.02,0.03,73401.15,1775941911000
1775941913.319,113.319,0.32,0.34,0.66,0.69,0.02,0.03,73401.07,1775941912000
1775941913.654,113.654,0.33,0.35,0.66,0.67,0.02,0.01,73401.07,1775941912000
1775941914.218,114.218,0.34,0.35,0.65,0.66,0.01,0.01,73407.7,1775941913000
1775941914.659,114.659,0.34,0.35,0.65,0.66,0.01,0.01,73407.7,1775941913000
1775941915.037,115.037,0.35,0.36,0.64,0.66,0.01,0.02,73407.7,1775941913000
1775941915.388,115.388,0.35,0.36,0.64,0.65,0.01,0.01,73416.4,1775941914000
1775941915.733,115.733,0.35,0.36,0.64,0.65,0.01,0.01,73416.4,1775941914000
1775941916.127,116.127,0.35,0.36,0.64,0.65,0.01,0.01,73419.04,1775941915000
1775941916.699,116.699,0.35,0.36,0.64,0.65,0.01,0.01,73419.04,1775941915000
1775941917.181,117.181,0.35,0.36,0.64,0.65,0.01,0.01,73419.04,1775941915000
1775941917.777,117.777,0.35,0.36,0.64,0.65,0.01,0.01,73417.49,1775941916000
1775941918.264,118.264,0.35,0.36,0.64,0.65,0.01,0.01,73419.06,1775941917000
1775941918.599,118.599,0.35,0.36,0.64,0.65,0.01,0.01,73419.06,1775941917000
1775941918.949,118.949,0.35,0.36,0.64,0.65,0.01,0.01,73419.06,1775941917000
1775941919.292,119.292,0.35,0.36,0.64,0.65,0.01,0.01,73419.47,1775941918000
1775941919.677,119.677,0.36,0.37,0.63,0.64,0.01,0.01,73419.47,1775941918000
1775941920.052,120.052,0.38,0.39,0.61,0.62,0.01,0.01,73419.47,1775941919000
1775941920.428,120.428,0.38,0.39,0.61,0.62,0.01,0.01,73419.47,1775941919000
1775941920.774,120.774,0.39,0.4,0.6,0.62,0.01,0.02,73419.47,1775941919000
1775941921.15,121.15,0.39,0.44,0.6,0.61,0.05,0.01,73419.47,1775941919000
1775941921.507,121.507,0.42,0.43,0.57,0.58,0.01,0.01,73419.48,1775941920000
1775941921.913,121.913,0.42,0.43,0.57,0.58,0.01,0.01,73419.48,1775941920000
1775941922.46,122.46,0.42,0.43,0.58,0.59,0.01,0.01,73419.48,1775941921000
1775941922.81,122.81,0.42,0.43,0.57,0.58,0.01,0.01,73419.48,1775941921000
1775941923.145,123.145,0.43,0.44,0.56,0.57,0.01,0.01,73419.48,1775941921000
1775941923.519,123.519,0.43,0.44,0.56,0.57,0.01,0.01,73419.47,1775941922000
1775941923.872,123.872,0.43,0.44,0.56,0.57,0.01,0.01,73419.47,1775941922000
1775941924.324,124.324,0.42,0.44,0.56,0.58,0.02,0.02,73421.95,1775941923000
1775941925.251,125.251,0.43,0.45,0.57,0.58,0.02,0.01,73421.95,1775941923000
1775941925.834,125.834,0.44,0.45,0.55,0.56,0.01,0.01,73421.93,1775941924000
1775941926.169,126.169,0.44,0.45,0.55,0.56,0.01,0.01,73421.93,1775941925000
1775941926.526,126.526,0.44,0.45,0.55,0.56,0.01,0.01,73421.93,1775941925000
1775941926.882,126.882,0.45,0.46,0.54,0.55,0.01,0.01,73421.93,1775941925000
1775941927.221,127.221,0.45,0.46,0.54,0.55,0.01,0.01,73421.93,1775941926000
1775941927.68,127.68,0.44,0.46,0.54,0.55,0.02,0.01,73421.93,1775941926000
1775941928.02,128.02,0.45,0.46,0.54,0.56,0.01,0.02,73422.2,1775941927000
1775941928.591,128.591,0.44,0.45,0.54,0.55,0.01,0.01,73422.2,1775941927000
1775941929.042,129.042,0.44,0.45,0.54,0.55,0.01,0.01,73422.16,1775941928000
1775941929.402,129.402,0.44,0.45,0.55,0.56,0.01,0.01,73422.16,1775941928000
1775941929.874,129.874,0.44,0.45,0.55,0.56,0.01,0.01,73422.17,1775941929000
1775941930.399,130.399,0.46,0.47,0.53,0.54,0.01,0.01,73422.17,1775941929000
1775941930.814,130.814,0.47,0.48,0.52,0.53,0.01,0.01,73422.17,1775941929000
1775941931.206,131.206,0.47,0.48,0.52,0.53,0.01,0.01,73421.76,1775941930000
1775941931.638,131.638,0.47,0.48,0.52,0.53,0.01,0.01,73421.76,1775941930000
1775941932.027,132.027,0.47,0.48,0.52,0.53,0.01,0.01,73421.76,1775941930000
1775941932.512,132.512,0.47,0.48,0.52,0.53,0.01,0.01,73422.2,1775941931000
1775941932.853,132.853,0.47,0.48,0.52,0.53,0.01,0.01,73422.2,1775941931000
1775941933.296,133.296,0.47,0.48,0.52,0.53,0.01,0.01,73421.51,1775941932000
1775941933.764,133.764,0.48,0.49,0.51,0.53,0.01,0.02,73421.51,1775941932000
1775941934.183,134.183,0.47,0.48,0.52,0.53,0.01,0.01,73421.51,1775941932000
1775941934.566,134.566,0.46,0.48,0.52,0.53,0.02,0.01,73421.51,1775941932000
1775941934.922,134.922,0.46,0.47,0.53,0.54,0.01,0.01,73418.87,1775941933000
1775941935.353,135.353,0.46,0.47,0.53,0.54,0.01,0.01,73418.83,1775941934000
1775941936.196,136.196,0.46,0.47,0.53,0.54,0.01,0.01,73418.83,1775941934000
1775941936.539,136.539,0.45,0.46,0.53,0.55,0.01,0.02,73419.52,1775941935000
1775941937.029,137.029,0.45,0.46,0.54,0.55,0.01,0.01,73419.52,1775941935000
1775941937.368,137.368,0.47,0.48,0.52,0.53,0.01,0.01,73420.95,1775941936000
1775941937.907,137.907,0.45,0.46,0.54,0.55,0.01,0.01,73420.95,1775941936000
1775941938.472,138.472,0.46,0.47,0.53,0.55,0.01,0.02,73423.23,1775941937000
1775941938.806,138.806,0.46,0.47,0.53,0.54,0.01,0.01,73423.23,1775941937000
1775941939.338,139.338,0.46,0.47,0.53,0.54,0.01,0.01,73423.23,1775941938000
1775941939.847,139.847,0.45,0.47,0.53,0.55,0.02,0.02,73423.23,1775941938000
1775941940.229,140.229,0.46,0.47,0.53,0.54,0.01,0.01,73423.29,1775941939000
1775941940.568,140.568,0.47,0.49,0.52,0.53,0.02,0.01,73423.29,1775941939000
1775941940.924,140.924,0.49,0.5,0.5,0.51,0.01,0.01,73423.29,1775941939000
1775941941.302,141.302,0.49,0.5,0.5,0.51,0.01,0.01,73423.3,1775941940000
1775941941.749,141.749,0.49,0.5,0.5,0.51,0.01,0.01,73423.3,1775941940000
1775941942.114,142.114,0.52,0.53,0.47,0.48,0.01,0.01,73423.3,1775941940000
1775941942.476,142.476,0.52,0.53,0.47,0.48,0.01,0.01,73423.32,1775941941000
1775941942.962,142.962,0.52,0.53,0.47,0.48,0.01,0.01,73423.33,1775941942000
1775941943.304,143.304,0.52,0.53,0.47,0.48,0.01,0.01,73423.33,1775941942000
1775941943.686,143.686,0.53,0.54,0.46,0.47,0.01,0.01,73423.33,1775941942000
1775941944.05,144.05,0.53,0.54,0.46,0.47,0.01,0.01,73426.3,1775941943000
1775941944.404,144.404,0.53,0.54,0.46,0.47,0.01,0.01,73426.3,1775941943000
1775941944.852,144.852,0.53,0.54,0.46,0.47,0.01,0.01,73426.3,1775941943000
1775941945.201,145.201,0.53,0.54,0.46,0.47,0.01,0.01,73428.27,1775941944000
1775941945.659,145.659,0.53,0.54,0.46,0.47,0.01,0.01,73428.27,1775941944000
1775941946.028,146.028,0.53,0.54,0.46,0.47,0.01,0.01,73428.27,1775941944000
1775941946.388,146.388,0.55,0.56,0.44,0.45,0.01,0.01,73428.38,1775941945000
1775941946.757,146.757,0.54,0.55,0.45,0.46,0.01,0.01,73428.38,1775941945000
1775941947.155,147.155,0.54,0.55,0.45,0.46,0.01,0.01,73428.39,1775941946000
1775941947.865,147.865,0.54,0.55,0.45,0.46,0.01,0.01,73428.39,1775941947000
1775941948.31,148.31,0.54,0.57,0.45,0.46,0.03,0.01,73428.39,1775941947000
1775941948.653,148.653,0.56,0.57,0.43,0.44,0.01,0.01,73428.39,1775941947000
1775941949.045,149.045,0.54,0.56,0.44,0.46,0.02,0.02,73429.17,1775941948000
1775941949.639,149.639,0.54,0.55,0.44,0.45,0.01,0.01,73429.17,1775941948000
1775941950.263,150.263,0.55,0.56,0.44,0.45,0.01,0.01,73429.17,1775941948000
1775941950.615,150.615,0.55,0.56,0.44,0.45,0.01,0.01,73429.28,1775941949000
1775941950.963,150.963,0.55,0.56,0.44,0.45,0.01,0.01,73429.28,1775941949000
1775941951.298,151.298,0.55,0.56,0.44,0.45,0.01,0.01,73429.29,1775941950000
1775941952.16,152.16,0.53,0.56,0.44,0.45,0.03,0.01,73429.29,1775941950000
1775941952.501,152.501,0.44,0.45,0.55,0.56,0.01,0.01,73429.3,1775941951000
1775941952.84,152.84,0.44,0.45,0.55,0.56,0.01,0.01,73429.3,1775941951000
1775941953.275,153.275,0.45,0.46,0.54,0.55,0.01,0.01,73429.53,1775941952000
1775941953.725,153.725,0.44,0.45,0.55,0.57,0.01,0.02,73429.53,1775941952000
1775941954.214,154.214,0.43,0.44,0.56,0.58,0.01,0.02,73429.53,1775941952000
1775941954.716,154.716,0.43,0.44,0.56,0.57,0.01,0.01,73423.86,1775941953000
1775941955.135,155.135,0.41,0.43,0.57,0.59,0.02,0.02,73423.4,1775941954000
1775941955.719,155.719,0.41,0.42,0.58,0.59,0.01,0.01,73423.4,1775941954000
1775941956.164,156.164,0.41,0.42,0.58,0.59,0.01,0.01,73423.4,1775941954000
1775941956.608,156.608,0.4,0.41,0.59,0.6,0.01,0.01,73422.76,1775941955000
1775941957.096,157.096,0.4,0.41,0.59,0.6,0.01,0.01,73422.76,1775941956000
1775941957.575,157.575,0.36,0.37,0.61,0.65,0.01,0.04,73422.76,1775941956000
1775941958.196,158.196,0.35,0.36,0.63,0.65,0.01,0.02,73422.76,1775941956000
1775941958.638,158.638,0.35,0.36,0.64,0.65,0.01,0.01,73422.71,1775941957000
1775941959.022,159.022,0.35,0.36,0.64,0.65,0.01,0.01,73419.63,1775941958000
1775941959.363,159.363,0.36,0.37,0.63,0.64,0.01,0.01,73419.63,1775941958000
1775941959.941,159.941,0.36,0.37,0.63,0.64,0.01,0.01,73419.63,1775941958000
1775941960.302,160.302,0.36,0.37,0.63,0.64,0.01,0.01,73416.66,1775941959000
1775941960.919,160.919,0.36,0.37,0.63,0.64,0.01,0.01,73416.66,1775941959000
1775941961.274,161.274,0.36,0.37,0.63,0.64,0.01,0.01,73416.77,1775941960000
1775941961.614,161.614,0.36,0.37,0.63,0.64,0.01,0.01,73416.77,1775941960000
1775941962.156,162.156,0.36,0.37,0.63,0.64,0.01,0.01,73416.77,1775941960000
1775941962.508,162.508,0.37,0.38,0.62,0.64,0.01,0.02,73416.77,1775941961000
1775941962.85,162.85,0.37,0.38,0.62,0.63,0.01,0.01,73416.77,1775941961000
1775941963.267,163.267,0.37,0.38,0.62,0.63,0.01,0.01,73416.77,1775941961000
1775941963.685,163.685,0.37,0.38,0.62,0.63,0.01,0.01,73416.83,1775941962000
1775941964.019,164.019,0.39,0.4,0.6,0.61,0.01,0.01,73418.35,1775941963000
1775941964.502,164.502,0.39,0.4,0.6,0.61,0.01,0.01,73418.35,1775941963000
1775941965.005,165.005,0.38,0.4,0.6,0.62,0.02,0.02,73420.43,1775941964000
1775941965.338,165.338,0.37,0.38,0.62,0.63,0.01,0.01,73420.43,1775941964000
1775941965.708,165.708,0.37,0.38,0.62,0.63,0.01,0.01,73420.43,1775941964000
1775941966.062,166.062,0.37,0.38,0.62,0.64,0.01,0.02,73420.43,1775941964000
1775941966.691,166.691,0.37,0.38,0.62,0.63,0.01,0.01,73420.43,1775941965000
1775941967.25,167.25,0.37,0.38,0.62,0.63,0.01,0.01,73420.43,1775941965000
1775941967.76,167.76,0.37,0.38,0.62,0.63,0.01,0.01,73420.42,1775941966000
1775941968.163,168.163,0.37,0.38,0.62,0.63,0.01,0.01,73420.42,1775941966000
1775941968.645,168.645,0.37,0.38,0.62,0.63,0.01,0.01,73420.39,1775941967000
1775941969.031,169.031,0.36,0.37,0.62,0.64,0.01,0.02,73420.39,1775941967000
1775941969.418,169.418,0.36,0.37,0.63,0.64,0.01,0.01,73420.4,1775941968000
1775941969.864,169.864,0.38,0.39,0.61,0.62,0.01,0.01,73420.4,1775941968000
1775941970.498,170.498,0.36,0.37,0.62,0.64,0.01,0.02,73420.4,1775941968000
1775941970.877,170.877,0.38,0.39,0.61,0.62,0.01,0.01,73420.41,1775941970000
1775941971.221,171.221,0.38,0.39,0.61,0.62,0.01,0.01,73420.41,1775941970000
1775941971.588,171.588,0.36,0.37,0.63,0.64,0.01,0.01,73420.41,1775941970000
1775941971.947,171.947,0.36,0.4,0.63,0.64,0.04,0.01,73420.41,1775941970000
1775941972.37,172.37,0.36,0.4,0.6,0.64,0.04,0.04,73420.41,1775941971000
1775941972.799,172.799,0.37,0.39,0.6,0.63,0.02,0.03,73420.41,1775941971000
1775941973.41,173.41,0.37,0.38,0.62,0.63,0.01,0.01,73420.4,1775941972000
1775941973.748,173.748,0.37,0.4,0.62,0.63,0.03,0.01,73420.4,1775941972000
1775941974.373,174.373,0.37,0.38,0.62,0.63,0.01,0.01,73419.21,1775941973000
1775941974.857,174.857,0.38,0.39,0.61,0.63,0.01,0.02,73419.21,1775941973000
1775941975.331,175.331,0.38,0.4,0.61,0.62,0.02,0.01,73419.21,1775941974000
1775941975.736,175.736,0.37,0.38,0.62,0.63,0.01,0.01,73419.21,1775941974000
1775941976.146,176.146,0.38,0.39,0.61,0.63,0.01,0.02,73421.01,1775941975000
1775941976.682,176.682,0.37,0.39,0.61,0.62,0.02,0.01,73421.01,1775941975000
1775941977.278,177.278,0.37,0.38,0.62,0.63,0.01,0.01,73421.01,1775941976000
1775941977.671,177.671,0.37,0.38,0.62,0.63,0.01,0.01,73421.01,1775941976000
1775941978.006,178.006,0.37,0.4,0.62,0.63,0.03,0.01,73421.01,1775941976000
1775941978.355,178.355,0.38,0.39,0.61,0.62,0.01,0.01,73421.4,1775941977000
1775941978.874,178.874,0.37,0.38,0.61,0.63,0.01,0.02,73421.4,1775941977000
1775941979.314,179.314,0.38,0.39,0.61,0.63,0.01,0.02,73421.56,1775941978000
1775941979.797,179.797,0.38,0.39,0.61,0.62,0.01,0.01,73421.56,1775941978000
1775941980.172,180.172,0.37,0.38,0.62,0.63,0.01,0.01,73421.56,1775941979000
1775941980.565,180.565,0.37,0.38,0.62,0.63,0.01,0.01,73421.56,1775941979000
1775941980.947,180.947,0.43,0.48,0.52,0.57,0.05,0.05,73421.56,1775941980000
1775941981.351,181.351,0.46,0.52,0.53,0.54,0.06,0.01,73421.56,1775941980000
1775941981.746,181.746,0.5,0.51,0.46,0.52,0.01,0.06,73421.56,1775941980000
1775941982.115,182.115,0.5,0.52,0.49,0.5,0.02,0.01,73421.56,1775941981000
1775941982.481,182.481,0.52,0.53,0.47,0.48,0.01,0.01,73421.56,1775941981000
1775941982.815,182.815,0.52,0.53,0.47,0.48,0.01,0.01,73421.56,1775941981000
1775941983.15,183.15,0.51,0.52,0.48,0.49,0.01,0.01,73424.87,1775941982000
1775941983.53,183.53,0.51,0.52,0.48,0.49,0.01,0.01,73424.87,1775941982000
1775941983.969,183.969,0.52,0.53,0.47,0.48,0.01,0.01,73424.87,1775941982000
1775941984.345,184.345,0.52,0.53,0.47,0.48,0.01,0.01,73426.92,1775941983000
1775941984.705,184.705,0.52,0.53,0.47,0.48,0.01,0.01,73426.92,1775941983000
1775941985.267,185.267,0.52,0.53,0.47,0.48,0.01,0.01,73426.92,1775941983000
1775941985.653,185.653,0.51,0.53,0.47,0.48,0.02,0.01,73426.92,1775941983000
1775941985.995,185.995,0.36,0.44,0.56,0.63,0.08,0.07,73427.9,1775941984000
1775941986.331,186.331,0.42,0.44,0.56,0.62,0.02,0.06,73427.9,1775941984000
1775941986.664,186.664,0.42,0.43,0.57,0.58,0.01,0.01,73427.97,1775941985000
1775941987.002,187.002,0.41,0.43,0.57,0.6,0.02,0.03,73427.97,1775941985000
1775941987.344,187.344,0.4,0.42,0.58,0.59,0.02,0.01,73427.97,1775941985000
1775941987.699,187.699,0.39,0.41,0.59,0.6,0.02,0.01,73426.33,1775941986000
1775941988.04,188.04,0.4,0.42,0.58,0.6,0.02,0.02,73426.33,1775941986000
1775941988.444,188.444,0.41,0.42,0.58,0.59,0.01,0.01,73426.33,1775941986000
1775941988.8,188.8,0.41,0.43,0.58,0.59,0.02,0.01,73421.8,1775941987000
1775941989.137,189.137,0.42,0.43,0.57,0.58,0.01,0.01,73421.8,1775941987000
1775941989.571,189.571,0.43,0.44,0.56,0.58,0.01,0.02,73421.76,1775941988000
1775941989.97,189.97,0.42,0.43,0.57,0.58,0.01,0.01,73421.76,1775941988000
1775941990.355,190.355,0.42,0.43,0.57,0.58,0.01,0.01,73422.53,1775941989000
1775941990.839,190.839,0.42,0.43,0.57,0.58,0.01,0.01,73422.53,1775941989000
1775941991.196,191.196,0.45,0.46,0.54,0.55,0.01,0.01,73422.53,1775941989000
1775941991.576,191.576,0.46,0.47,0.53,0.54,0.01,0.01,73423.47,1775941990000
1775941991.91,191.91,0.46,0.47,0.53,0.54,0.01,0.01,73423.47,1775941990000
1775941992.322,192.322,0.46,0.47,0.53,0.54,0.01,0.01,73423.47,1775941990000
1775941992.671,192.671,0.48,0.51,0.49,0.54,0.03,0.05,73423.47,1775941991000
1775941993.09,193.09,0.48,0.49,0.51,0.52,0.01,0.01,73424.27,1775941992000
1775941993.458,193.458,0.49,0.5,0.5,0.52,0.01,0.02,73424.27,1775941992000
1775941993.792,193.792,0.49,0.5,0.5,0.51,0.01,0.01,73424.27,1775941992000
1775941994.13,194.13,0.49,0.51,0.5,0.51,0.02,0.01,73424.27,1775941992000
1775941994.658,194.658,0.51,0.52,0.48,0.5,0.01,0.02,73424.27,1775941992000
1775941995.008,195.008,0.55,0.56,0.44,0.45,0.01,0.01,73424.33,1775941993000
1775941995.42,195.42,0.55,0.56,0.44,0.45,0.01,0.01,73424.97,1775941994000
1775941995.768,195.768,0.56,0.57,0.42,0.44,0.01,0.02,73424.97,1775941994000
1775941996.189,196.189,0.56,0.57,0.43,0.44,0.01,0.01,73424.97,1775941994000
1775941996.559,196.559,0.56,0.57,0.43,0.44,0.01,0.01,73424.97,1775941994000
1775941997.12,197.12,0.57,0.58,0.42,0.43,0.01,0.01,73425.89,1775941995000
1775941997.483,197.483,0.56,0.59,0.42,0.44,0.03,0.02,73428.64,1775941996000
1775941997.819,197.819,0.58,0.59,0.41,0.42,0.01,0.01,73428.64,1775941996000
1775941998.152,198.152,0.58,0.6,0.41,0.42,0.02,0.01,73428.64,1775941996000
1775941998.612,198.612,0.59,0.61,0.4,0.42,0.02,0.02,73428.64,1775941996000
1775941998.958,198.958,0.61,0.62,0.38,0.39,0.01,0.01,73429.6,1775941997000
1775941999.296,199.296,0.62,0.63,0.37,0.38,0.01,0.01,73429.6,1775941997000
1775941999.654,199.654,0.62,0.63,0.37,0.38,0.01,0.01,73429.67,1775941998000
1775942000.022,200.022,0.61,0.62,0.37,0.39,0.01,0.02,73429.67,1775941998000
1775942000.462,200.462,0.61,0.62,0.38,0.39,0.01,0.01,73429.69,1775941999000
1775942000.854,200.854,0.61,0.65,0.38,0.39,0.04,0.01,73429.69,1775941999000
1775942001.335,201.335,0.64,0.65,0.35,0.36,0.01,0.01,73432.15,1775942000000
1775942001.808,201.808,0.62,0.63,0.35,0.38,0.01,0.03,73432.15,1775942000000
1775942002.146,202.146,0.62,0.63,0.37,0.38,0.01,0.01,73433.38,1775942001000
1775942002.518,202.518,0.63,0.64,0.36,0.37,0.01,0.01,73433.38,1775942001000
1775942002.862,202.862,0.62,0.65,0.35,0.38,0.03,0.03,73433.38,1775942001000
1775942003.239,203.239,0.64,0.65,0.35,0.36,0.01,0.01,73433.71,1775942002000
1775942003.611,203.611,0.65,0.66,0.34,0.35,0.01,0.01,73433.71,1775942002000
1775942004.0,204.0,0.64,0.65,0.35,0.36,0.01,0.01,73433.71,1775942002000
1775942004.384,204.384,0.64,0.65,0.35,0.36,0.01,0.01,73433.84,1775942003000
1775942004.75,204.75,0.66,0.67,0.35,0.36,0.01,0.01,73433.84,1775942003000
1775942005.123,205.123,0.71,0.73,0.28,0.3,0.02,0.02,73433.84,1775942003000
1775942005.475,205.475,0.74,0.76,0.24,0.26,0.02,0.02,73433.86,1775942004000
1775942005.839,205.839,0.75,0.76,0.24,0.25,0.01,0.01,73433.86,1775942004000
1775942006.252,206.252,0.75,0.76,0.24,0.25,0.01,0.01,73436.29,1775942005000
1775942006.605,206.605,0.75,0.77,0.23,0.24,0.02,0.01,73436.29,1775942005000
1775942006.953,206.953,0.76,0.77,0.23,0.24,0.01,0.01,73436.29,1775942005000
1775942007.332,207.332,0.76,0.77,0.23,0.24,0.01,0.01,73442.33,1775942006000
1775942007.685,207.685,0.76,0.77,0.23,0.24,0.01,0.01,73442.33,1775942006000
1775942008.049,208.049,0.75,0.76,0.24,0.25,0.01,0.01,73442.33,1775942006000
1775942008.411,208.411,0.77,0.79,0.21,0.24,0.02,0.03,73444.01,1775942007000
1775942008.802,208.802,0.77,0.78,0.22,0.23,0.01,0.01,73444.01,1775942007000
1775942009.158,209.158,0.76,0.77,0.23,0.25,0.01,0.02,73444.01,1775942007000
1775942009.503,209.503,0.74,0.76,0.23,0.28,0.02,0.05,73445.39,1775942008000
1775942009.876,209.876,0.74,0.75,0.25,0.26,0.01,0.01,73445.39,1775942008000
1775942010.211,210.211,0.7,0.71,0.29,0.3,0.01,0.01,73445.57,1775942009000
1775942010.564,210.564,0.71,0.72,0.28,0.29,0.01,0.01,73445.57,1775942009000
1775942010.924,210.924,0.73,0.75,0.25,0.27,0.02,0.02,73445.57,1775942009000
1775942011.284,211.284,0.76,0.77,0.23,0.24,0.01,0.01,73445.57,1775942009000
1775942011.63,211.63,0.76,0.78,0.22,0.24,0.02,0.02,73445.57,1775942010000
1775942012.108,212.108,0.77,0.78,0.22,0.23,0.01,0.01,73445.57,1775942010000
1775942012.456,212.456,0.79,0.8,0.19,0.21,0.01,0.02,73444.21,1775942011000
1775942012.818,212.818,0.79,0.8,0.2,0.21,0.01,0.01,73444.21,1775942011000
1775942013.177,213.177,0.8,0.81,0.19,0.2,0.01,0.01,73444.21,1775942011000
1775942013.529,213.529,0.82,0.83,0.17,0.18,0.01,0.01,73446.72,1775942012000
1775942013.863,213.863,0.82,0.83,0.17,0.18,0.01,0.01,73446.72,1775942012000
1775942014.231,214.231,0.81,0.83,0.17,0.2,0.02,0.03,73448.33,1775942013000
1775942014.629,214.629,0.82,0.83,0.17,0.18,0.01,0.01,73448.33,1775942013000
1775942014.966,214.966,0.82,0.83,0.17,0.18,0.01,0.01,73448.33,1775942013000
1775942015.426,215.426,0.82,0.84,0.17,0.18,0.02,0.01,73449.85,1775942014000
1775942015.766,215.766,0.84,0.86,0.15,0.16,0.02,0.01,73449.85,1775942014000
1775942016.23,216.23,0.85,0.86,0.14,0.15,0.01,0.01,73450.01,1775942015000
1775942016.68,216.68,0.86,0.87,0.13,0.14,0.01,0.01,73450.01,1775942015000
1775942017.015,217.015,0.83,0.84,0.16,0.17,0.01,0.01,73450.01,1775942015000
1775942017.485,217.485,0.79,0.81,0.19,0.2,0.02,0.01,73450.01,1775942015000
1775942017.835,217.835,0.76,0.77,0.23,0.24,0.01,0.01,73451.11,1775942016000
1775942018.178,218.178,0.72,0.77,0.23,0.26,0.05,0.03,73451.11,1775942016000
1775942018.621,218.621,0.73,0.74,0.26,0.27,0.01,0.01,73455.0,1775942017000
1775942018.959,218.959,0.72,0.73,0.27,0.28,0.01,0.01,73455.0,1775942017000
1775942019.301,219.301,0.72,0.73,0.27,0.28,0.01,0.01,73455.0,1775942017000
1775942019.639,219.639,0.72,0.73,0.27,0.28,0.01,0.01,73454.14,1775942018000
1775942020.119,220.119,0.72,0.73,0.27,0.28,0.01,0.01,73454.14,1775942018000
1775942020.637,220.637,0.72,0.73,0.27,0.28,0.01,0.01,73445.28,1775942019000
1775942020.977,220.977,0.68,0.7,0.3,0.32,0.02,0.02,73445.28,1775942019000
1775942021.377,221.377,0.66,0.68,0.32,0.33,0.02,0.01,73445.28,1775942020000
1775942021.781,221.781,0.67,0.68,0.32,0.33,0.01,0.01,73445.28,1775942020000
1775942022.213,222.213,0.65,0.66,0.33,0.35,0.01,0.02,73445.28,1775942020000
1775942022.592,222.592,0.64,0.65,0.35,0.36,0.01,0.01,73443.61,1775942021000
1775942023.041,223.041,0.64,0.65,0.35,0.36,0.01,0.01,73443.61,1775942021000
1775942023.383,223.383,0.55,0.62,0.38,0.45,0.07,0.07,73443.61,1775942021000
1775942023.748,223.748,0.58,0.59,0.41,0.42,0.01,0.01,73441.04,1775942022000
1775942024.121,224.121,0.58,0.59,0.41,0.42,0.01,0.01,73441.04,1775942023000
1775942024.483,224.483,0.57,0.58,0.41,0.43,0.01,0.02,73441.04,1775942023000
1775942025.039,225.039,0.57,0.58,0.42,0.43,0.01,0.01,73441.04,1775942023000
1775942025.38,225.38,0.57,0.58,0.42,0.43,0.01,0.01,73436.48,1775942024000
1775942025.742,225.742,0.56,0.58,0.42,0.44,0.02,0.02,73436.48,1775942024000
1775942026.088,226.088,0.46,0.5,0.49,0.54,0.04,0.05,73436.48,1775942024000
1775942026.44,226.44,0.49,0.5,0.5,0.51,0.01,0.01,73436.48,1775942024000
1775942026.821,226.821,0.49,0.5,0.5,0.51,0.01,0.01,73435.78,1775942025000
1775942027.163,227.163,0.46,0.47,0.53,0.54,0.01,0.01,73435.78,1775942025000
1775942027.522,227.522,0.44,0.45,0.53,0.54,0.01,0.01,73435.78,1775942025000
1775942027.887,227.887,0.5,0.51,0.49,0.5,0.01,0.01,73431.77,1775942026000
1775942028.22,228.22,0.5,0.55,0.45,0.5,0.05,0.05,73437.65,1775942027000
1775942028.623,228.623,0.51,0.53,0.48,0.5,0.02,0.02,73437.65,1775942027000
1775942029.077,229.077,0.52,0.53,0.47,0.48,0.01,0.01,73437.65,1775942027000
1775942029.411,229.411,0.54,0.55,0.45,0.46,0.01,0.01,73437.72,1775942028000
1775942029.745,229.745,0.54,0.55,0.45,0.46,0.01,0.01,73437.72,1775942028000
1775942030.127,230.127,0.55,0.56,0.44,0.45,0.01,0.01,73437.72,1775942028000
1775942030.511,230.511,0.56,0.57,0.43,0.44,0.01,0.01,73437.7,1775942029000
1775942030.94,230.94,0.58,0.59,0.42,0.43,0.01,0.01,73437.7,1775942029000
1775942031.281,231.281,0.63,0.64,0.36,0.38,0.01,0.02,73437.78,1775942030000
1775942031.636,231.636,0.64,0.65,0.35,0.36,0.01,0.01,73437.78,1775942030000
1775942032.001,232.001,0.64,0.65,0.35,0.36,0.01,0.01,73437.78,1775942030000
1775942032.337,232.337,0.64,0.65,0.35,0.36,0.01,0.01,73438.18,1775942031000
1775942032.681,232.681,0.66,0.67,0.33,0.34,0.01,0.01,73438.18,1775942031000
1775942033.056,233.056,0.65,0.66,0.33,0.35,0.01,0.02,73438.18,1775942031000
1775942033.426,233.426,0.63,0.64,0.34,0.37,0.01,0.03,73438.2,1775942032000
1775942033.94,233.94,0.61,0.62,0.38,0.39,0.01,0.01,73438.2,1775942032000
1775942034.278,234.278,0.61,0.62,0.38,0.39,0.01,0.01,73439.97,1775942033000
1775942034.847,234.847,0.6,0.63,0.39,0.4,0.03,0.01,73439.97,1775942033000
1775942035.191,235.191,0.6,0.61,0.39,0.4,0.01,0.01,73440.77,1775942034000
1775942035.526,235.526,0.59,0.61,0.39,0.4,0.02,0.01,73440.77,1775942034000
1775942035.864,235.864,0.58,0.6,0.4,0.41,0.02,0.01,73440.77,1775942034000
1775942036.262,236.262,0.57,0.58,0.42,0.43,0.01,0.01,73440.77,1775942035000
1775942036.763,236.763,0.58,0.59,0.42,0.43,0.01,0.01,73440.77,1775942035000
1775942037.137,237.137,0.59,0.6,0.41,0.42,0.01,0.01,73440.77,1775942035000
1775942037.567,237.567,0.59,0.6,0.4,0.41,0.01,0.01,73440.49,1775942036000
1775942037.917,237.917,0.59,0.6,0.4,0.41,0.01,0.01,73440.49,1775942036000
1775942038.362,238.362,0.59,0.6,0.4,0.41,0.01,0.01,73439.45,1775942037000
1775942038.723,238.723,0.59,0.6,0.4,0.41,0.01,0.01,73439.45,1775942037000
1775942039.148,239.148,0.59,0.6,0.4,0.41,0.01,0.01,73437.37,1775942038000
1775942039.543,239.543,0.59,0.6,0.4,0.41,0.01,0.01,73437.37,1775942038000
1775942039.928,239.928,0.58,0.6,0.4,0.41,0.02,0.01,73437.37,1775942038000
1775942040.316,240.316,0.59,0.61,0.4,0.41,0.02,0.01,73439.42,1775942039000
1775942040.707,240.707,0.57,0.58,0.4,0.43,0.01,0.03,73439.42,1775942039000
1775942041.216,241.216,0.57,0.58,0.42,0.43,0.01,0.01,73439.42,1775942040000
1775942041.637,241.637,0.59,0.6,0.4,0.42,0.01,0.02,73439.42,1775942040000
1775942042.221,242.221,0.59,0.6,0.4,0.41,0.01,0.01,73439.42,1775942041000
1775942042.555,242.555,0.59,0.6,0.4,0.41,0.01,0.01,73439.42,1775942041000
1775942043.23,243.23,0.59,0.6,0.4,0.41,0.01,0.01,73439.42,1775942041000
1775942043.566,243.566,0.59,0.61,0.4,0.41,0.02,0.01,73439.4,1775942042000
1775942043.909,243.909,0.6,0.61,0.39,0.4,0.01,0.01,73439.4,1775942042000
1775942044.326,244.326,0.6,0.61,0.39,0.4,0.01,0.01,73439.42,1775942043000
1775942044.683,244.683,0.6,0.62,0.39,0.4,0.02,0.01,73439.42,1775942043000
1775942045.038,245.038,0.61,0.62,0.38,0.41,0.01,0.03,73439.42,1775942043000
1775942045.451,245.451,0.6,0.61,0.38,0.39,0.01,0.01,73439.42,1775942044000
1775942045.797,245.797,0.58,0.59,0.41,0.42,0.01,0.01,73439.42,1775942044000
1775942046.252,246.252,0.59,0.61,0.41,0.42,0.02,0.01,73439.42,1775942044000
1775942046.643,246.643,0.6,0.61,0.39,0.4,0.01,0.01,73439.42,1775942045000
1775942046.979,246.979,0.61,0.62,0.38,0.39,0.01,0.01,73439.42,1775942045000
1775942047.461,247.461,0.62,0.63,0.37,0.38,0.01,0.01,73439.42,1775942046000
1775942047.928,247.928,0.62,0.63,0.37,0.38,0.01,0.01,73439.42,1775942046000
1775942048.293,248.293,0.62,0.63,0.37,0.38,0.01,0.01,73439.42,1775942047000
1775942048.793,248.793,0.61,0.62,0.38,0.39,0.01,0.01,73439.42,1775942047000
1775942049.344,249.344,0.61,0.62,0.38,0.39,0.01,0.01,73439.56,1775942048000
1775942049.748,249.748,0.61,0.62,0.38,0.39,0.01,0.01,73439.56,1775942048000
1775942050.121,250.121,0.61,0.62,0.38,0.39,0.01,0.01,73439.56,1775942048000
1775942050.492,250.492,0.61,0.62,0.38,0.39,0.01,0.01,73439.56,1775942049000
1775942050.886,250.886,0.62,0.63,0.37,0.38,0.01,0.01,73439.56,1775942050000
1775942051.258,251.258,0.64,0.65,0.36,0.38,0.01,0.02,73439.56,1775942050000
1775942051.885,251.885,0.6,0.61,0.39,0.4,0.01,0.01,73439.49,1775942051000
1775942052.383,252.383,0.62,0.63,0.37,0.38,0.01,0.01,73439.49,1775942051000
1775942052.779,252.779,0.62,0.63,0.37,0.38,0.01,0.01,73439.49,1775942051000
1775942053.177,253.177,0.62,0.63,0.37,0.38,0.01,0.01,73437.1,1775942052000
1775942053.746,253.746,0.62,0.63,0.36,0.37,0.01,0.01,73437.1,1775942052000
1775942054.166,254.166,0.62,0.63,0.37,0.38,0.01,0.01,73437.1,1775942052000
1775942054.544,254.544,0.64,0.65,0.36,0.37,0.01,0.01,73439.3,1775942053000
1775942054.895,254.895,0.63,0.64,0.36,0.37,0.01,0.01,73439.3,1775942053000
1775942055.356,255.356,0.64,0.65,0.36,0.37,0.01,0.01,73439.3,1775942054000
1775942056.053,256.053,0.64,0.65,0.35,0.36,0.01,0.01,73439.3,1775942054000
1775942056.44,256.44,0.63,0.64,0.35,0.36,0.01,0.01,73439.3,1775942054000
1775942056.971,256.971,0.63,0.65,0.36,0.37,0.02,0.01,73439.31,1775942055000
1775942057.372,257.372,0.64,0.65,0.35,0.36,0.01,0.01,73439.31,1775942055000
1775942057.823,257.823,0.64,0.65,0.35,0.36,0.01,0.01,73439.31,1775942056000
1775942058.333,258.333,0.64,0.65,0.35,0.36,0.01,0.01,73439.31,1775942056000
1775942058.763,258.763,0.64,0.65,0.35,0.42,0.01,0.07,73439.33,1775942057000
1775942059.13,259.13,0.62,0.63,0.37,0.38,0.01,0.01,73439.33,1775942058000
1775942059.602,259.602,0.63,0.65,0.37,0.38,0.02,0.01,73439.33,1775942058000
1775942060.127,260.127,0.61,0.63,0.37,0.39,0.02,0.02,73439.3,1775942059000
1775942060.48,260.48,0.66,0.69,0.33,0.34,0.03,0.01,73439.3,1775942059000
1775942060.864,260.864,0.67,0.68,0.32,0.33,0.01,0.01,73439.3,1775942059000
1775942061.226,261.226,0.67,0.68,0.32,0.33,0.01,0.01,73439.3,1775942059000
1775942061.674,261.674,0.67,0.68,0.32,0.34,0.01,0.02,73439.29,1775942060000
1775942062.019,262.019,0.67,0.68,0.32,0.33,0.01,0.01,73439.29,1775942060000
1775942062.514,262.514,0.68,0.69,0.32,0.33,0.01,0.01,73439.31,1775942061000
1775942062.952,262.952,0.68,0.69,0.31,0.32,0.01,0.01,73439.31,1775942061000
1775942063.366,263.366,0.68,0.69,0.31,0.32,0.01,0.01,73440.63,1775942062000
1775942063.759,263.759,0.67,0.68,0.32,0.33,0.01,0.01,73440.63,1775942062000
1775942064.266,264.266,0.67,0.68,0.32,0.33,0.01,0.01,73440.63,1775942062000
1775942064.625,264.625,0.67,0.69,0.32,0.33,0.02,0.01,73440.66,1775942063000
1775942064.978,264.978,0.67,0.68,0.32,0.33,0.01,0.01,73440.66,1775942063000
1775942065.477,265.477,0.69,0.7,0.31,0.32,0.01,0.01,73440.66,1775942063000
1775942065.818,265.818,0.69,0.7,0.3,0.31,0.01,0.01,73441.04,1775942064000
1775942066.156,266.156,0.7,0.71,0.29,0.3,0.01,0.01,73441.01,1775942065000
1775942066.547,266.547,0.7,0.72,0.29,0.3,0.02,0.01,73441.01,1775942065000
1775942066.902,266.902,0.71,0.72,0.28,0.3,0.01,0.02,73441.01,1775942065000
1775942067.293,267.293,0.7,0.71,0.29,0.3,0.01,0.01,73441.01,1775942066000
1775942068.052,268.052,0.7,0.71,0.29,0.3,0.01,0.01,73441.01,1775942066000
1775942068.527,268.527,0.71,0.72,0.29,0.3,0.01,0.01,73441.01,1775942067000
1775942068.934,268.934,0.72,0.73,0.27,0.28,0.01,0.01,73441.01,1775942067000
1775942069.351,269.351,0.72,0.73,0.27,0.28,0.01,0.01,73440.64,1775942068000
1775942069.692,269.692,0.73,0.74,0.26,0.27,0.01,0.01,73440.64,1775942068000
1775942070.27,270.27,0.73,0.74,0.26,0.27,0.01,0.01,73441.01,1775942069000
1775942070.63,270.63,0.74,0.75,0.25,0.26,0.01,0.01,73441.01,1775942069000
1775942071.023,271.023,0.73,0.74,0.26,0.27,0.01,0.01,73441.01,1775942069000
1775942071.397,271.397,0.72,0.73,0.26,0.27,0.01,0.01,73441.01,1775942069000
1775942071.852,271.852,0.71,0.72,0.28,0.29,0.01,0.01,73441.0,1775942070000
1775942072.221,272.221,0.72,0.74,0.27,0.29,0.02,0.02,73441.0,1775942070000
1775942072.566,272.566,0.73,0.74,0.26,0.27,0.01,0.01,73441.0,1775942070000
1775942073.045,273.045,0.74,0.75,0.26,0.27,0.01,0.01,73441.0,1775942070000
1775942073.552,273.552,0.74,0.75,0.25,0.26,0.01,0.01,73441.04,1775942072000
1775942073.974,273.974,0.73,0.76,0.26,0.27,0.03,0.01,73441.04,1775942072000
1775942074.322,274.322,0.75,0.76,0.24,0.25,0.01,0.01,73441.04,1775942072000
1775942074.72,274.72,0.75,0.76,0.26,0.27,0.01,0.01,73441.01,1775942073000
1775942075.069,275.069,0.74,0.75,0.25,0.26,0.01,0.01,73441.0,1775942074000
1775942075.55,275.55,0.74,0.75,0.25,0.26,0.01,0.01,73441.0,1775942074000
1775942076.151,276.151,0.74,0.75,0.25,0.26,0.01,0.01,73440.98,1775942075000
1775942076.492,276.492,0.75,0.76,0.24,0.25,0.01,0.01,73440.98,1775942075000
1775942076.943,276.943,0.76,0.77,0.25,0.26,0.01,0.01,73440.98,1775942075000
1775942077.293,277.293,0.76,0.77,0.23,0.24,0.01,0.01,73440.98,1775942076000
1775942077.869,277.869,0.76,0.77,0.23,0.24,0.01,0.01,73440.98,1775942076000
1775942078.206,278.206,0.77,0.78,0.22,0.23,0.01,0.01,73440.98,1775942076000
1775942078.57,278.57,0.79,0.8,0.2,0.23,0.01,0.03,73440.67,1775942077000
1775942078.917,278.917,0.79,0.8,0.2,0.21,0.01,0.01,73440.67,1775942078000
1775942079.292,279.292,0.76,0.77,0.23,0.24,0.01,0.01,73440.67,1775942078000
1775942079.716,279.716,0.7,0.71,0.29,0.3,0.01,0.01,73440.67,1775942078000
1775942080.068,280.068,0.73,0.75,0.26,0.27,0.02,0.01,73441.05,1775942079000
1775942080.454,280.454,0.74,0.75,0.25,0.26,0.01,0.01,73441.05,1775942079000
1775942080.801,280.801,0.74,0.76,0.25,0.26,0.02,0.01,73441.05,1775942079000
1775942081.149,281.149,0.74,0.75,0.25,0.26,0.01,0.01,73441.03,1775942080000
1775942081.536,281.536,0.74,0.75,0.25,0.26,0.01,0.01,73441.03,1775942080000
1775942081.983,281.983,0.75,0.76,0.24,0.26,0.01,0.02,73441.03,1775942080000
1775942082.552,282.552,0.75,0.76,0.24,0.25,0.01,0.01,73441.02,1775942081000
1775942082.892,282.892,0.75,0.76,0.24,0.25,0.01,0.01,73441.02,1775942081000
1775942083.228,283.228,0.75,0.76,0.24,0.25,0.01,0.01,73441.02,1775942081000
1775942083.579,283.579,0.75,0.76,0.24,0.25,0.01,0.01,73441.02,1775942082000
1775942084.061,284.061,0.66,0.69,0.24,0.37,0.03,0.13,73440.71,1775942083000
1775942084.456,284.456,0.72,0.74,0.28,0.29,0.02,0.01,73440.71,1775942083000
1775942084.836,284.836,0.73,0.74,0.26,0.28,0.01,0.02,73440.71,1775942083000
1775942085.173,285.173,0.73,0.74,0.26,0.27,0.01,0.01,73440.71,1775942084000
1775942085.555,285.555,0.74,0.75,0.26,0.27,0.01,0.01,73440.71,1775942084000
1775942086.026,286.026,0.76,0.77,0.23,0.24,0.01,0.01,73440.71,1775942084000
1775942086.361,286.361,0.76,0.77,0.23,0.24,0.01,0.01,73440.97,1775942085000
1775942086.8,286.8,0.76,0.77,0.23,0.24,0.01,0.01,73440.97,1775942085000
1775942087.139,287.139,0.76,0.77,0.23,0.24,0.01,0.01,73440.97,1775942085000
1775942087.666,287.666,0.76,0.77,0.23,0.24,0.01,0.01,73440.97,1775942085000
1775942088.172,288.172,0.79,0.8,0.16,0.24,0.01,0.08,73440.95,1775942086000
1775942088.546,288.546,0.79,0.8,0.2,0.21,0.01,0.01,73441.16,1775942087000
1775942088.897,288.897,0.83,0.84,0.2,0.21,0.01,0.01,73441.16,1775942087000
1775942089.231,289.231,0.83,0.84,0.16,0.17,0.01,0.01,73441.16,1775942087000
1775942089.574,289.574,0.83,0.84,0.16,0.17,0.01,0.01,73441.19,1775942088000
1775942089.932,289.932,0.83,0.84,0.16,0.17,0.01,0.01,73441.19,1775942088000
1775942090.288,290.288,0.83,0.84,0.16,0.17,0.01,0.01,73441.19,1775942089000
1775942090.719,290.719,0.83,0.84,0.16,0.17,0.01,0.01,73441.19,1775942089000
1775942091.189,291.189,0.83,0.84,0.16,0.17,0.01,0.01,73441.19,1775942090000
1775942091.594,291.594,0.84,0.85,0.15,0.16,0.01,0.01,73441.19,1775942090000
1775942091.944,291.944,0.91,0.92,0.06,0.09,0.01,0.03,73441.19,1775942090000
1775942092.337,292.337,0.95,0.96,0.04,0.05,0.01,0.01,73441.19,1775942091000
1775942092.68,292.68,0.95,0.97,0.03,0.05,0.02,0.02,73441.19,1775942091000
1775942093.014,293.014,0.96,0.97,0.03,0.04,0.01,0.01,73441.19,1775942091000
1775942093.382,293.382,0.95,0.96,0.03,0.05,0.01,0.02,73441.21,1775942092000
1775942093.727,293.727,0.95,0.97,0.04,0.05,0.02,0.01,73441.21,1775942092000
1775942094.136,294.136,0.95,0.96,0.04,0.05,0.01,0.01,73447.17,1775942093000
1775942094.509,294.509,0.95,0.96,0.04,0.05,0.01,0.01,73447.17,1775942093000
1775942094.853,294.853,0.92,0.93,0.07,0.09,0.01,0.02,73447.17,1775942093000
1775942095.188,295.188,0.91,0.92,0.08,0.09,0.01,0.01,73447.17,1775942093000
1775942095.544,295.544,0.93,0.94,0.05,0.09,0.01,0.04,73448.34,1775942094000
1775942095.959,295.959,0.95,0.96,0.03,0.06,0.01,0.03,73448.34,1775942094000
1775942096.322,296.322,0.96,0.97,0.03,0.04,0.01,0.01,73447.92,1775942095000
1775942096.676,296.676,0.96,0.97,0.03,0.04,0.01,0.01,73447.92,1775942095000
1775942097.02,297.02,0.96,0.98,0.03,0.04,0.02,0.01,73447.92,1775942095000
1775942097.368,297.368,0.97,0.98,0.02,0.03,0.01,0.01,73444.68,1775942096000
1775942097.73,297.73,0.97,0.98,0.02,0.03,0.01,0.01,73444.68,1775942096000
1775942098.066,298.066,0.97,0.98,0.02,0.03,0.01,0.01,73444.48,1775942097000
1775942098.423,298.423,0.98,0.99,0.01,0.02,0.01,0.01,73444.48,1775942097000
1775942098.762,298.762,0.98,0.99,0.01,0.02,0.01,0.01,73444.48,1775942097000
1775942099.145,299.145,0.98,0.99,0.01,0.02,0.01,0.01,73444.48,1775942097000
1775942099.501,299.501,0.99,0.99,0.01,0.01,0.0,0.0,73444.48,1775942098000
1775942100.002,300.002,0.99,0.99,0.01,0.01,0.0,0.0,73444.48,1775942098000
1775942100.345,300.345,0.99,0.99,0.01,0.01,0.0,0.0,73444.48,1775942098000
1775942100.922,300.922,0.99,0.99,0.01,0.01,0.0,0.0,73443.99,1775942099000

# RESULT,winner=Up,slug=btc-updown-5m-1775941800,ticks=732
