timestamp,elapsed_sec,up_bid,up_ask,down_bid,down_ask,up_spread,down_spread,btc_price,btc_oracle_ts
1776542400.817,0.817,0.53,0.55,0.45,0.46,0.02,0.01,75674.34,1776542399000
1776542401.159,1.159,0.54,0.55,0.45,0.46,0.01,0.01,75674.34,1776542399000
1776542401.556,1.556,0.5,0.54,0.45,0.46,0.04,0.01,75674.69,1776542400000
1776542401.901,1.901,0.51,0.52,0.48,0.49,0.01,0.01,75674.69,1776542400000
1776542402.387,2.387,0.47,0.49,0.5,0.54,0.02,0.04,75674.69,1776542401000
1776542402.72,2.72,0.48,0.49,0.51,0.52,0.01,0.01,75674.69,1776542401000
1776542403.122,3.122,0.52,0.54,0.46,0.49,0.02,0.03,75675.63,1776542402000
1776542403.482,3.482,0.56,0.57,0.43,0.44,0.01,0.01,75675.63,1776542402000
1776542403.847,3.847,0.56,0.57,0.43,0.44,0.01,0.01,75675.63,1776542402000
1776542404.18,4.18,0.56,0.57,0.43,0.44,0.01,0.01,75674.71,1776542403000
1776542404.604,4.604,0.57,0.58,0.42,0.44,0.01,0.02,75674.71,1776542403000
1776542404.951,4.951,0.57,0.58,0.42,0.43,0.01,0.01,75674.71,1776542403000
1776542405.301,5.301,0.57,0.58,0.42,0.43,0.01,0.01,75682.51,1776542404000
1776542405.684,5.684,0.57,0.58,0.42,0.43,0.01,0.01,75682.51,1776542404000
1776542406.1,6.1,0.57,0.58,0.42,0.43,0.01,0.01,75682.51,1776542404000
1776542406.439,6.439,0.55,0.57,0.42,0.45,0.02,0.03,75682.51,1776542404000
1776542407.195,7.195,0.55,0.56,0.44,0.45,0.01,0.01,75682.63,1776542405000
1776542407.686,7.686,0.55,0.56,0.44,0.45,0.01,0.01,75682.63,1776542406000
1776542408.198,8.198,0.54,0.55,0.44,0.46,0.01,0.02,75682.63,1776542406000
1776542408.633,8.633,0.54,0.55,0.45,0.46,0.01,0.01,75682.26,1776542407000
1776542409.075,9.075,0.54,0.55,0.45,0.46,0.01,0.01,75682.26,1776542407000
1776542409.595,9.595,0.54,0.55,0.45,0.46,0.01,0.01,75682.26,1776542408000
1776542410.1,10.1,0.54,0.55,0.45,0.46,0.01,0.01,75682.26,1776542408000
1776542410.434,10.434,0.54,0.55,0.45,0.46,0.01,0.01,75682.29,1776542409000
1776542410.874,10.874,0.54,0.56,0.45,0.46,0.02,0.01,75682.29,1776542409000
1776542411.251,11.251,0.55,0.56,0.44,0.45,0.01,0.01,75682.28,1776542410000
1776542411.715,11.715,0.56,0.57,0.43,0.45,0.01,0.02,75682.28,1776542410000
1776542412.052,12.052,0.56,0.57,0.43,0.44,0.01,0.01,75682.28,1776542410000
1776542412.457,12.457,0.56,0.57,0.43,0.44,0.01,0.01,75682.28,1776542410000
1776542412.915,12.915,0.57,0.58,0.42,0.44,0.01,0.02,75682.29,1776542411000
1776542413.433,13.433,0.57,0.58,0.42,0.43,0.01,0.01,75682.29,1776542411000
1776542413.892,13.892,0.57,0.58,0.42,0.43,0.01,0.01,75682.29,1776542411000
1776542414.357,14.357,0.57,0.59,0.42,0.43,0.02,0.01,75682.49,1776542412000
1776542414.714,14.714,0.58,0.59,0.41,0.42,0.01,0.01,75682.49,1776542412000
1776542415.122,15.122,0.58,0.59,0.41,0.42,0.01,0.01,75682.79,1776542413000
1776542415.525,15.525,0.58,0.59,0.41,0.42,0.01,0.01,75682.79,1776542413000
1776542416.053,16.053,0.58,0.59,0.41,0.42,0.01,0.01,75682.79,1776542414000
1776542416.443,16.443,0.58,0.59,0.41,0.42,0.01,0.01,75682.72,1776542415000
1776542417.114,17.114,0.58,0.59,0.41,0.42,0.01,0.01,75682.89,1776542416000
1776542417.514,17.514,0.58,0.59,0.41,0.43,0.01,0.02,75682.89,1776542416000
1776542418.179,18.179,0.58,0.59,0.41,0.42,0.01,0.01,75682.89,1776542416000
1776542418.531,18.531,0.58,0.59,0.41,0.42,0.01,0.01,75683.02,1776542417000
1776542419.186,19.186,0.58,0.59,0.41,0.42,0.01,0.01,75683.05,1776542418000
1776542419.742,19.742,0.58,0.59,0.41,0.42,0.01,0.01,75683.05,1776542418000
1776542420.292,20.292,0.57,0.59,0.41,0.42,0.02,0.01,75683.05,1776542418000
1776542420.639,20.639,0.58,0.59,0.41,0.42,0.01,0.01,75683.05,1776542418000
1776542421.014,21.014,0.58,0.59,0.41,0.42,0.01,0.01,75683.06,1776542419000
1776542421.552,21.552,0.58,0.59,0.41,0.42,0.01,0.01,75683.12,1776542420000
1776542422.291,22.291,0.58,0.59,0.41,0.42,0.01,0.01,75683.11,1776542421000
1776542422.671,22.671,0.58,0.59,0.41,0.42,0.01,0.01,75683.11,1776542421000
1776542423.273,23.273,0.58,0.59,0.41,0.42,0.01,0.01,75683.11,1776542421000
1776542423.665,23.665,0.58,0.59,0.41,0.42,0.01,0.01,75683.11,1776542421000
1776542424.055,24.055,0.58,0.59,0.41,0.42,0.01,0.01,75683.07,1776542422000
1776542424.502,24.502,0.58,0.59,0.41,0.42,0.01,0.01,75683.14,1776542423000
1776542424.991,24.991,0.58,0.59,0.41,0.42,0.01,0.01,75683.14,1776542423000
1776542425.43,25.43,0.58,0.59,0.41,0.42,0.01,0.01,75683.22,1776542424000
1776542425.934,25.934,0.58,0.59,0.41,0.42,0.01,0.01,75683.22,1776542424000
1776542426.686,26.686,0.58,0.59,0.41,0.42,0.01,0.01,75684.36,1776542425000
1776542427.451,27.451,0.58,0.59,0.41,0.42,0.01,0.01,75684.86,1776542426000
1776542427.853,27.853,0.58,0.59,0.41,0.42,0.01,0.01,75684.86,1776542426000
1776542428.235,28.235,0.57,0.59,0.41,0.42,0.02,0.01,75683.75,1776542427000
1776542428.728,28.728,0.58,0.59,0.41,0.42,0.01,0.01,75683.75,1776542427000
1776542429.56,29.56,0.57,0.58,0.41,0.43,0.01,0.02,75683.75,1776542427000
1776542429.899,29.899,0.57,0.58,0.42,0.43,0.01,0.01,75683.94,1776542428000
1776542430.278,30.278,0.57,0.58,0.42,0.43,0.01,0.01,75683.94,1776542428000
1776542430.629,30.629,0.57,0.58,0.42,0.43,0.01,0.01,75683.84,1776542429000
1776542431.015,31.015,0.57,0.58,0.42,0.44,0.01,0.02,75683.84,1776542429000
1776542431.379,31.379,0.57,0.58,0.42,0.43,0.01,0.01,75683.82,1776542430000
1776542431.904,31.904,0.56,0.58,0.42,0.43,0.02,0.01,75683.82,1776542430000
1776542432.383,32.383,0.56,0.57,0.43,0.44,0.01,0.01,75683.82,1776542431000
1776542432.877,32.877,0.56,0.57,0.43,0.44,0.01,0.01,75683.82,1776542431000
1776542433.419,33.419,0.56,0.57,0.43,0.44,0.01,0.01,75683.82,1776542431000
1776542433.881,33.881,0.56,0.57,0.43,0.44,0.01,0.01,75682.65,1776542432000
1776542434.258,34.258,0.56,0.57,0.43,0.44,0.01,0.01,75682.65,1776542432000
1776542434.983,34.983,0.56,0.57,0.43,0.44,0.01,0.01,75683.86,1776542433000
1776542435.42,35.42,0.56,0.57,0.43,0.44,0.01,0.01,75683.96,1776542434000
1776542435.923,35.923,0.56,0.57,0.43,0.44,0.01,0.01,75688.86,1776542435000
1776542436.352,36.352,0.56,0.57,0.43,0.44,0.01,0.01,75688.86,1776542435000
1776542436.724,36.724,0.56,0.57,0.43,0.44,0.01,0.01,75688.86,1776542435000
1776542437.168,37.168,0.56,0.57,0.43,0.44,0.01,0.01,75683.91,1776542436000
1776542437.96,37.96,0.56,0.57,0.43,0.44,0.01,0.01,75683.91,1776542436000
1776542438.558,38.558,0.56,0.57,0.43,0.44,0.01,0.01,75683.91,1776542436000
1776542439.191,39.191,0.56,0.57,0.43,0.44,0.01,0.01,75683.88,1776542437000
1776542439.937,39.937,0.56,0.57,0.43,0.44,0.01,0.01,75686.32,1776542438000
1776542440.59,40.59,0.56,0.57,0.43,0.44,0.01,0.01,75685.58,1776542439000
1776542440.954,40.954,0.56,0.57,0.43,0.44,0.01,0.01,75685.58,1776542439000
1776542441.392,41.392,0.56,0.57,0.43,0.44,0.01,0.01,75683.99,1776542440000
1776542441.836,41.836,0.56,0.57,0.43,0.44,0.01,0.01,75683.99,1776542440000
1776542442.618,42.618,0.56,0.57,0.43,0.44,0.01,0.01,75683.98,1776542441000
1776542443.157,43.157,0.56,0.57,0.43,0.44,0.01,0.01,75683.98,1776542441000
1776542443.495,43.495,0.56,0.57,0.43,0.44,0.01,0.01,75683.82,1776542442000
1776542444.152,44.152,0.56,0.57,0.43,0.44,0.01,0.01,75683.82,1776542442000
1776542444.816,44.816,0.55,0.57,0.43,0.44,0.02,0.01,75683.86,1776542443000
1776542445.263,45.263,0.55,0.56,0.44,0.45,0.01,0.01,75683.86,1776542444000
1776542445.655,45.655,0.55,0.56,0.44,0.45,0.01,0.01,75683.86,1776542444000
1776542445.99,45.99,0.55,0.56,0.44,0.45,0.01,0.01,75683.86,1776542444000
1776542447.208,47.208,0.54,0.56,0.44,0.45,0.02,0.01,75683.45,1776542445000
1776542447.745,47.745,0.54,0.55,0.45,0.46,0.01,0.01,75683.41,1776542446000
1776542448.377,48.377,0.54,0.55,0.45,0.46,0.01,0.01,75683.41,1776542447000
1776542448.922,48.922,0.54,0.55,0.45,0.46,0.01,0.01,75683.44,1776542448000
1776542449.355,49.355,0.54,0.55,0.45,0.46,0.01,0.01,75683.44,1776542448000
1776542450.121,50.121,0.54,0.55,0.45,0.46,0.01,0.01,75683.44,1776542448000
1776542450.952,50.952,0.54,0.55,0.45,0.46,0.01,0.01,75683.57,1776542450000
1776542451.377,51.377,0.54,0.55,0.45,0.46,0.01,0.01,75683.57,1776542450000
1776542451.92,51.92,0.54,0.55,0.45,0.46,0.01,0.01,75683.46,1776542451000
1776542452.639,52.639,0.54,0.55,0.45,0.46,0.01,0.01,75683.46,1776542451000
1776542453.06,53.06,0.52,0.53,0.47,0.48,0.01,0.01,75683.45,1776542452000
1776542453.421,53.421,0.46,0.47,0.53,0.54,0.01,0.01,75683.45,1776542452000
1776542453.77,53.77,0.45,0.47,0.53,0.56,0.02,0.03,75683.45,1776542452000
1776542454.125,54.125,0.44,0.45,0.55,0.56,0.01,0.01,75683.45,1776542452000
1776542454.532,54.532,0.43,0.45,0.55,0.58,0.02,0.03,75676.89,1776542453000
1776542454.99,54.99,0.41,0.43,0.57,0.58,0.02,0.01,75676.89,1776542453000
1776542455.579,55.579,0.42,0.43,0.57,0.59,0.01,0.02,75673.46,1776542454000
1776542456.123,56.123,0.42,0.43,0.57,0.58,0.01,0.01,75673.46,1776542454000
1776542456.665,56.665,0.45,0.46,0.53,0.55,0.01,0.02,75672.48,1776542455000
1776542457.044,57.044,0.45,0.48,0.54,0.55,0.03,0.01,75672.48,1776542455000
1776542457.378,57.378,0.45,0.46,0.54,0.55,0.01,0.01,75670.03,1776542456000
1776542457.741,57.741,0.45,0.46,0.54,0.55,0.01,0.01,75670.03,1776542456000
1776542458.212,58.212,0.45,0.46,0.54,0.55,0.01,0.01,75670.03,1776542456000
1776542458.864,58.864,0.45,0.46,0.54,0.55,0.01,0.01,75671.89,1776542457000
1776542459.23,59.23,0.45,0.46,0.54,0.55,0.01,0.01,75673.99,1776542458000
1776542459.885,59.885,0.45,0.46,0.54,0.55,0.01,0.01,75673.99,1776542458000
1776542460.283,60.283,0.42,0.45,0.55,0.56,0.03,0.01,75673.99,1776542458000
1776542460.684,60.684,0.44,0.45,0.55,0.56,0.01,0.01,75673.99,1776542459000
1776542461.02,61.02,0.43,0.44,0.56,0.57,0.01,0.01,75673.99,1776542459000
1776542461.753,61.753,0.43,0.44,0.56,0.57,0.01,0.01,75673.21,1776542460000
1776542462.127,62.127,0.33,0.37,0.63,0.68,0.04,0.05,75673.21,1776542460000
1776542462.471,62.471,0.33,0.34,0.66,0.67,0.01,0.01,75671.61,1776542461000
1776542462.824,62.824,0.33,0.34,0.66,0.67,0.01,0.01,75671.61,1776542461000
1776542463.158,63.158,0.33,0.34,0.66,0.67,0.01,0.01,75671.61,1776542461000
1776542463.538,63.538,0.33,0.34,0.66,0.67,0.01,0.01,75659.65,1776542462000
1776542463.918,63.918,0.33,0.34,0.66,0.67,0.01,0.01,75659.65,1776542462000
1776542464.27,64.27,0.33,0.34,0.66,0.67,0.01,0.01,75659.65,1776542462000
1776542464.603,64.603,0.32,0.33,0.67,0.68,0.01,0.01,75660.14,1776542463000
1776542465.005,65.005,0.32,0.33,0.67,0.68,0.01,0.01,75660.14,1776542463000
1776542465.38,65.38,0.32,0.33,0.67,0.68,0.01,0.01,75660.14,1776542463000
1776542465.715,65.715,0.32,0.33,0.67,0.68,0.01,0.01,75656.93,1776542464000
1776542466.199,66.199,0.32,0.33,0.67,0.68,0.01,0.01,75656.93,1776542464000
1776542466.532,66.532,0.31,0.32,0.68,0.69,0.01,0.01,75656.93,1776542464000
1776542467.06,67.06,0.31,0.32,0.68,0.69,0.01,0.01,75657.82,1776542466000
1776542467.395,67.395,0.3,0.32,0.68,0.69,0.02,0.01,75657.82,1776542466000
1776542467.757,67.757,0.24,0.26,0.74,0.76,0.02,0.02,75657.82,1776542466000
1776542468.097,68.097,0.24,0.25,0.75,0.76,0.01,0.01,75657.82,1776542466000
1776542468.436,68.436,0.22,0.25,0.75,0.78,0.03,0.03,75658.99,1776542467000
1776542468.874,68.874,0.23,0.24,0.76,0.77,0.01,0.01,75658.99,1776542467000
1776542469.241,69.241,0.23,0.24,0.76,0.77,0.01,0.01,75647.94,1776542468000
1776542469.729,69.729,0.23,0.24,0.76,0.77,0.01,0.01,75647.94,1776542468000
1776542470.092,70.092,0.27,0.28,0.7,0.73,0.01,0.03,75647.94,1776542468000
1776542470.458,70.458,0.28,0.29,0.71,0.72,0.01,0.01,75644.47,1776542469000
1776542470.956,70.956,0.28,0.29,0.71,0.72,0.01,0.01,75644.47,1776542469000
1776542471.302,71.302,0.28,0.29,0.71,0.72,0.01,0.01,75644.61,1776542470000
1776542471.643,71.643,0.25,0.29,0.71,0.75,0.04,0.04,75644.61,1776542470000
1776542471.991,71.991,0.26,0.27,0.73,0.74,0.01,0.01,75644.61,1776542470000
1776542472.37,72.37,0.26,0.27,0.73,0.74,0.01,0.01,75644.61,1776542470000
1776542472.725,72.725,0.25,0.26,0.73,0.74,0.01,0.01,75649.7,1776542471000
1776542473.151,73.151,0.25,0.26,0.74,0.75,0.01,0.01,75649.7,1776542471000
1776542473.518,73.518,0.24,0.25,0.75,0.76,0.01,0.01,75647.5,1776542472000
1776542473.869,73.869,0.24,0.25,0.75,0.76,0.01,0.01,75647.5,1776542472000
1776542474.317,74.317,0.24,0.25,0.75,0.76,0.01,0.01,75647.5,1776542473000
1776542474.731,74.731,0.24,0.25,0.75,0.76,0.01,0.01,75647.5,1776542473000
1776542475.309,75.309,0.24,0.25,0.75,0.76,0.01,0.01,75647.5,1776542474000
1776542475.689,75.689,0.24,0.25,0.74,0.76,0.01,0.02,75647.5,1776542474000
1776542476.027,76.027,0.24,0.25,0.75,0.76,0.01,0.01,75647.5,1776542474000
1776542476.411,76.411,0.24,0.25,0.75,0.76,0.01,0.01,75647.19,1776542475000
1776542476.774,76.774,0.23,0.25,0.75,0.76,0.02,0.01,75647.19,1776542475000
1776542477.165,77.165,0.23,0.24,0.76,0.77,0.01,0.01,75647.19,1776542475000
1776542477.708,77.708,0.23,0.24,0.76,0.77,0.01,0.01,75645.91,1776542476000
1776542478.202,78.202,0.22,0.24,0.76,0.77,0.02,0.01,75646.72,1776542477000
1776542478.553,78.553,0.22,0.23,0.77,0.78,0.01,0.01,75646.72,1776542477000
1776542478.99,78.99,0.22,0.23,0.77,0.78,0.01,0.01,75646.72,1776542477000
1776542479.5,79.5,0.21,0.23,0.77,0.78,0.02,0.01,75647.87,1776542478000
1776542479.854,79.854,0.2,0.21,0.78,0.8,0.01,0.02,75647.87,1776542478000
1776542480.251,80.251,0.18,0.21,0.79,0.82,0.03,0.03,75646.09,1776542479000
1776542480.584,80.584,0.19,0.2,0.8,0.81,0.01,0.01,75646.09,1776542479000
1776542480.927,80.927,0.19,0.2,0.8,0.81,0.01,0.01,75646.09,1776542479000
1776542481.418,81.418,0.18,0.19,0.8,0.82,0.01,0.02,75642.19,1776542480000
1776542481.778,81.778,0.18,0.19,0.81,0.82,0.01,0.01,75642.19,1776542480000
1776542482.15,82.15,0.18,0.19,0.81,0.82,0.01,0.01,75642.19,1776542480000
1776542482.559,82.559,0.18,0.19,0.81,0.82,0.01,0.01,75639.95,1776542481000
1776542483.123,83.123,0.18,0.19,0.81,0.82,0.01,0.01,75639.57,1776542482000
1776542483.513,83.513,0.18,0.19,0.81,0.82,0.01,0.01,75639.57,1776542482000
1776542483.933,83.933,0.17,0.18,0.82,0.83,0.01,0.01,75639.57,1776542482000
1776542484.423,84.423,0.17,0.18,0.82,0.83,0.01,0.01,75638.92,1776542483000
1776542484.79,84.79,0.17,0.18,0.82,0.83,0.01,0.01,75638.92,1776542483000
1776542485.215,85.215,0.17,0.18,0.82,0.83,0.01,0.01,75638.92,1776542483000
1776542485.555,85.555,0.17,0.18,0.82,0.83,0.01,0.01,75638.92,1776542483000
1776542485.94,85.94,0.15,0.16,0.84,0.85,0.01,0.01,75637.6,1776542484000
1776542486.387,86.387,0.15,0.16,0.84,0.85,0.01,0.01,75637.31,1776542485000
1776542486.897,86.897,0.14,0.15,0.84,0.85,0.01,0.01,75637.31,1776542485000
1776542487.419,87.419,0.14,0.15,0.85,0.86,0.01,0.01,75635.31,1776542486000
1776542487.82,87.82,0.14,0.15,0.85,0.86,0.01,0.01,75635.31,1776542486000
1776542488.269,88.269,0.15,0.16,0.84,0.85,0.01,0.01,75635.31,1776542486000
1776542488.665,88.665,0.16,0.18,0.83,0.84,0.02,0.01,75636.22,1776542487000
1776542489.033,89.033,0.17,0.18,0.82,0.83,0.01,0.01,75636.22,1776542487000
1776542489.395,89.395,0.17,0.18,0.82,0.83,0.01,0.01,75636.22,1776542487000
1776542489.863,89.863,0.17,0.18,0.82,0.83,0.01,0.01,75633.87,1776542488000
1776542490.23,90.23,0.15,0.18,0.82,0.85,0.03,0.03,75633.87,1776542488000
1776542490.567,90.567,0.16,0.17,0.82,0.84,0.01,0.02,75633.87,1776542488000
1776542491.109,91.109,0.16,0.17,0.83,0.84,0.01,0.01,75633.87,1776542489000
1776542491.527,91.527,0.16,0.17,0.83,0.84,0.01,0.01,75633.87,1776542490000
1776542491.867,91.867,0.16,0.18,0.83,0.84,0.02,0.01,75633.87,1776542490000
1776542492.314,92.314,0.17,0.18,0.82,0.83,0.01,0.01,75633.87,1776542490000
1776542493.165,93.165,0.17,0.18,0.82,0.83,0.01,0.01,75633.86,1776542491000
1776542493.523,93.523,0.17,0.18,0.82,0.83,0.01,0.01,75633.86,1776542492000
1776542493.901,93.901,0.17,0.18,0.82,0.83,0.01,0.01,75633.86,1776542492000
1776542494.421,94.421,0.17,0.18,0.82,0.83,0.01,0.01,75636.85,1776542493000
1776542495.022,95.022,0.15,0.16,0.84,0.85,0.01,0.01,75636.64,1776542494000
1776542495.366,95.366,0.15,0.16,0.84,0.85,0.01,0.01,75636.64,1776542494000
1776542495.704,95.704,0.14,0.15,0.85,0.86,0.01,0.01,75636.64,1776542494000
1776542496.226,96.226,0.14,0.15,0.85,0.86,0.01,0.01,75636.64,1776542494000
1776542497.17,97.17,0.14,0.15,0.85,0.86,0.01,0.01,75633.87,1776542495000
1776542497.609,97.609,0.14,0.15,0.85,0.86,0.01,0.01,75633.23,1776542496000
1776542497.999,97.999,0.14,0.15,0.85,0.86,0.01,0.01,75633.23,1776542496000
1776542498.482,98.482,0.14,0.15,0.85,0.86,0.01,0.01,75633.23,1776542496000
1776542498.863,98.863,0.14,0.15,0.85,0.86,0.01,0.01,75633.04,1776542497000
1776542499.21,99.21,0.14,0.15,0.85,0.86,0.01,0.01,75633.04,1776542498000
1776542499.628,99.628,0.13,0.14,0.85,0.87,0.01,0.02,75633.04,1776542498000
1776542499.996,99.996,0.13,0.14,0.86,0.87,0.01,0.01,75633.04,1776542498000
1776542500.33,100.33,0.13,0.14,0.86,0.87,0.01,0.01,75633.04,1776542498000
1776542500.695,100.695,0.13,0.14,0.86,0.87,0.01,0.01,75633.88,1776542499000
1776542501.122,101.122,0.13,0.14,0.86,0.87,0.01,0.01,75633.88,1776542499000
1776542501.479,101.479,0.13,0.14,0.86,0.87,0.01,0.01,75633.88,1776542499000
1776542501.815,101.815,0.13,0.14,0.86,0.87,0.01,0.01,75633.89,1776542500000
1776542502.241,102.241,0.13,0.14,0.86,0.87,0.01,0.01,75633.9,1776542501000
1776542502.648,102.648,0.13,0.14,0.86,0.87,0.01,0.01,75633.9,1776542501000
1776542503.305,103.305,0.13,0.14,0.86,0.87,0.01,0.01,75633.9,1776542501000
1776542503.98,103.98,0.13,0.14,0.86,0.87,0.01,0.01,75632.87,1776542502000
1776542504.346,104.346,0.13,0.15,0.85,0.87,0.02,0.02,75632.86,1776542503000
1776542504.88,104.88,0.14,0.15,0.85,0.86,0.01,0.01,75632.86,1776542503000
1776542505.214,105.214,0.14,0.15,0.85,0.86,0.01,0.01,75632.86,1776542503000
1776542505.825,105.825,0.14,0.15,0.85,0.86,0.01,0.01,75633.91,1776542504000
1776542506.463,106.463,0.14,0.15,0.85,0.86,0.01,0.01,75633.91,1776542504000
1776542506.837,106.837,0.14,0.16,0.85,0.86,0.02,0.01,75633.46,1776542505000
1776542507.279,107.279,0.14,0.15,0.85,0.86,0.01,0.01,75633.31,1776542506000
1776542507.998,107.998,0.14,0.15,0.85,0.86,0.01,0.01,75633.31,1776542506000
1776542508.493,108.493,0.14,0.15,0.85,0.86,0.01,0.01,75633.31,1776542506000
1776542508.907,108.907,0.14,0.15,0.85,0.86,0.01,0.01,75633.05,1776542507000
1776542509.262,109.262,0.14,0.15,0.85,0.86,0.01,0.01,75633.05,1776542507000
1776542509.606,109.606,0.14,0.15,0.85,0.86,0.01,0.01,75632.99,1776542508000
1776542509.959,109.959,0.14,0.15,0.85,0.86,0.01,0.01,75632.99,1776542508000
1776542510.309,110.309,0.14,0.15,0.85,0.86,0.01,0.01,75632.91,1776542509000
1776542510.954,110.954,0.14,0.15,0.85,0.86,0.01,0.01,75632.91,1776542509000
1776542511.665,111.665,0.15,0.16,0.84,0.85,0.01,0.01,75628.76,1776542510000
1776542512.122,112.122,0.15,0.16,0.84,0.85,0.01,0.01,75628.76,1776542510000
1776542512.766,112.766,0.15,0.16,0.84,0.85,0.01,0.01,75632.81,1776542511000
1776542513.365,113.365,0.15,0.16,0.84,0.85,0.01,0.01,75632.81,1776542511000
1776542513.726,113.726,0.15,0.16,0.84,0.85,0.01,0.01,75632.81,1776542511000
1776542514.668,114.668,0.15,0.16,0.84,0.85,0.01,0.01,75632.81,1776542511000
1776542515.285,115.285,0.15,0.16,0.84,0.85,0.01,0.01,75632.81,1776542511000
1776542515.627,115.627,0.15,0.16,0.84,0.85,0.01,0.01,75633.88,1776542513000
1776542516.319,116.319,0.15,0.16,0.84,0.85,0.01,0.01,75633.88,1776542514000
1776542517.178,117.178,0.15,0.16,0.84,0.85,0.01,0.01,75633.88,1776542516000
1776542518.008,118.008,0.15,0.16,0.84,0.85,0.01,0.01,75633.88,1776542516000
1776542518.665,118.665,0.15,0.16,0.84,0.85,0.01,0.01,75633.21,1776542517000
1776542519.206,119.206,0.15,0.16,0.84,0.85,0.01,0.01,75633.21,1776542517000
1776542519.727,119.727,0.15,0.16,0.84,0.85,0.01,0.01,75633.24,1776542518000
1776542520.221,120.221,0.15,0.16,0.84,0.85,0.01,0.01,75633.24,1776542518000
1776542520.588,120.588,0.15,0.16,0.84,0.85,0.01,0.01,75633.27,1776542519000
1776542521.007,121.007,0.15,0.16,0.84,0.85,0.01,0.01,75633.27,1776542519000
1776542521.628,121.628,0.15,0.16,0.84,0.85,0.01,0.01,75633.29,1776542520000
1776542522.626,122.626,0.15,0.16,0.84,0.85,0.01,0.01,75633.29,1776542520000
1776542523.052,123.052,0.14,0.15,0.84,0.85,0.01,0.01,75633.9,1776542521000
1776542523.409,123.409,0.14,0.15,0.85,0.86,0.01,0.01,75633.9,1776542521000
1776542524.103,124.103,0.14,0.15,0.85,0.86,0.01,0.01,75633.34,1776542522000
1776542524.554,124.554,0.14,0.15,0.85,0.86,0.01,0.01,75633.34,1776542522000
1776542524.931,124.931,0.14,0.15,0.85,0.86,0.01,0.01,75633.25,1776542523000
1776542525.286,125.286,0.14,0.15,0.84,0.86,0.01,0.02,75633.25,1776542523000
1776542525.69,125.69,0.14,0.15,0.85,0.86,0.01,0.01,75633.91,1776542524000
1776542526.046,126.046,0.14,0.15,0.85,0.86,0.01,0.01,75633.91,1776542524000
1776542527.19,127.19,0.15,0.16,0.84,0.85,0.01,0.01,75633.12,1776542525000
1776542527.574,127.574,0.15,0.16,0.84,0.85,0.01,0.01,75633.12,1776542525000
1776542528.014,128.014,0.15,0.16,0.84,0.85,0.01,0.01,75633.13,1776542526000
1776542528.352,128.352,0.15,0.16,0.84,0.85,0.01,0.01,75634.62,1776542527000
1776542529.403,129.403,0.15,0.16,0.84,0.85,0.01,0.01,75634.62,1776542527000
1776542530.127,130.127,0.15,0.16,0.84,0.85,0.01,0.01,75633.47,1776542528000
1776542530.746,130.746,0.14,0.16,0.84,0.85,0.02,0.01,75635.0,1776542529000
1776542531.093,131.093,0.13,0.14,0.86,0.87,0.01,0.01,75635.0,1776542529000
1776542531.822,131.822,0.13,0.14,0.86,0.87,0.01,0.01,75635.0,1776542530000
1776542532.304,132.304,0.13,0.14,0.86,0.87,0.01,0.01,75635.0,1776542530000
1776542532.697,132.697,0.13,0.14,0.86,0.87,0.01,0.01,75633.9,1776542531000
1776542533.217,133.217,0.13,0.14,0.86,0.87,0.01,0.01,75633.9,1776542532000
1776542533.649,133.649,0.13,0.14,0.86,0.87,0.01,0.01,75633.9,1776542532000
1776542534.132,134.132,0.12,0.13,0.87,0.88,0.01,0.01,75633.9,1776542532000
1776542534.483,134.483,0.12,0.13,0.87,0.88,0.01,0.01,75633.42,1776542533000
1776542534.955,134.955,0.12,0.13,0.87,0.88,0.01,0.01,75633.42,1776542533000
1776542535.29,135.29,0.12,0.13,0.87,0.88,0.01,0.01,75633.42,1776542533000
1776542535.663,135.663,0.11,0.13,0.87,0.88,0.02,0.01,75633.56,1776542534000
1776542536.062,136.062,0.11,0.12,0.88,0.89,0.01,0.01,75633.56,1776542534000
1776542536.432,136.432,0.1,0.11,0.88,0.9,0.01,0.02,75633.56,1776542534000
1776542536.77,136.77,0.1,0.11,0.89,0.9,0.01,0.01,75633.56,1776542534000
1776542537.113,137.113,0.1,0.11,0.89,0.9,0.01,0.01,75633.59,1776542535000
1776542537.458,137.458,0.13,0.14,0.86,0.87,0.01,0.01,75631.02,1776542536000
1776542537.824,137.824,0.13,0.14,0.86,0.87,0.01,0.01,75631.02,1776542536000
1776542538.175,138.175,0.14,0.15,0.85,0.86,0.01,0.01,75631.02,1776542536000
1776542538.573,138.573,0.14,0.15,0.85,0.86,0.01,0.01,75630.81,1776542537000
1776542538.945,138.945,0.14,0.15,0.85,0.86,0.01,0.01,75630.81,1776542537000
1776542539.642,139.642,0.14,0.15,0.85,0.86,0.01,0.01,75630.81,1776542537000
1776542540.16,140.16,0.14,0.15,0.85,0.86,0.01,0.01,75632.08,1776542538000
1776542540.688,140.688,0.14,0.16,0.85,0.86,0.02,0.01,75633.32,1776542539000
1776542541.032,141.032,0.18,0.2,0.8,0.82,0.02,0.02,75633.32,1776542539000
1776542541.385,141.385,0.19,0.21,0.79,0.81,0.02,0.02,75633.32,1776542539000
1776542541.754,141.754,0.2,0.21,0.79,0.8,0.01,0.01,75633.32,1776542539000
1776542542.492,142.492,0.2,0.21,0.79,0.8,0.01,0.01,75633.97,1776542540000
1776542542.846,142.846,0.2,0.22,0.78,0.8,0.02,0.02,75642.08,1776542541000
1776542543.385,143.385,0.2,0.22,0.79,0.8,0.02,0.01,75642.08,1776542541000
1776542543.727,143.727,0.21,0.22,0.78,0.79,0.01,0.01,75642.08,1776542541000
1776542544.117,144.117,0.21,0.22,0.78,0.79,0.01,0.01,75642.08,1776542541000
1776542544.646,144.646,0.21,0.23,0.78,0.79,0.02,0.01,75642.08,1776542541000
1776542545.011,145.011,0.22,0.23,0.77,0.78,0.01,0.01,75642.08,1776542541000
1776542545.403,145.403,0.22,0.23,0.77,0.78,0.01,0.01,75642.08,1776542541000
1776542545.773,145.773,0.22,0.23,0.77,0.78,0.01,0.01,75642.08,1776542541000
1776542546.356,146.356,0.22,0.23,0.77,0.78,0.01,0.01,75642.08,1776542541000
1776542546.978,146.978,0.22,0.23,0.77,0.78,0.01,0.01,75642.08,1776542541000
1776542547.549,147.549,0.22,0.23,0.77,0.78,0.01,0.01,75642.08,1776542541000
1776542547.915,147.915,0.22,0.23,0.77,0.78,0.01,0.01,75642.08,1776542541000
1776542548.392,148.392,0.22,0.23,0.77,0.78,0.01,0.01,75642.08,1776542541000
1776542548.744,148.744,0.22,0.23,0.77,0.78,0.01,0.01,75642.08,1776542541000
1776542549.162,149.162,0.22,0.23,0.77,0.78,0.01,0.01,75642.08,1776542541000
1776542549.833,149.833,0.22,0.23,0.77,0.78,0.01,0.01,75642.08,1776542541000
1776542550.406,150.406,0.22,0.23,0.77,0.78,0.01,0.01,75642.08,1776542541000
1776542550.937,150.937,0.21,0.22,0.77,0.81,0.01,0.04,75642.08,1776542541000
1776542551.461,151.461,0.19,0.2,0.8,0.81,0.01,0.01,75642.08,1776542541000
1776542551.83,151.83,0.19,0.2,0.8,0.81,0.01,0.01,75642.08,1776542541000
1776542552.327,152.327,0.19,0.2,0.8,0.81,0.01,0.01,75642.08,1776542541000
1776542552.673,152.673,0.19,0.2,0.8,0.81,0.01,0.01,75642.08,1776542541000
1776542553.068,153.068,0.19,0.2,0.8,0.81,0.01,0.01,75642.08,1776542541000
1776542553.65,153.65,0.19,0.2,0.8,0.81,0.01,0.01,75642.08,1776542541000
1776542554.136,154.136,0.19,0.2,0.8,0.81,0.01,0.01,75642.08,1776542541000
1776542554.632,154.632,0.19,0.2,0.8,0.81,0.01,0.01,75642.08,1776542541000
1776542555.266,155.266,0.19,0.2,0.8,0.81,0.01,0.01,75642.08,1776542541000
1776542555.845,155.845,0.19,0.2,0.8,0.81,0.01,0.01,75642.08,1776542541000
1776542556.386,156.386,0.19,0.2,0.8,0.81,0.01,0.01,75642.08,1776542541000
1776542556.984,156.984,0.18,0.19,0.8,0.81,0.01,0.01,75642.01,1776542555000
1776542557.485,157.485,0.18,0.19,0.81,0.82,0.01,0.01,75643.89,1776542556000
1776542557.952,157.952,0.18,0.19,0.81,0.82,0.01,0.01,75643.89,1776542556000
1776542558.552,158.552,0.18,0.19,0.81,0.82,0.01,0.01,75643.83,1776542557000
1776542559.214,159.214,0.18,0.19,0.81,0.82,0.01,0.01,75643.83,1776542558000
1776542559.661,159.661,0.17,0.19,0.81,0.82,0.02,0.01,75643.83,1776542558000
1776542560.285,160.285,0.15,0.16,0.84,0.85,0.01,0.01,75643.68,1776542559000
1776542560.682,160.682,0.15,0.16,0.84,0.85,0.01,0.01,75643.68,1776542559000
1776542561.033,161.033,0.15,0.16,0.84,0.85,0.01,0.01,75643.68,1776542559000
1776542561.526,161.526,0.15,0.16,0.84,0.85,0.01,0.01,75643.54,1776542560000
1776542561.981,161.981,0.15,0.16,0.84,0.85,0.01,0.01,75643.54,1776542560000
1776542562.375,162.375,0.15,0.16,0.84,0.85,0.01,0.01,75643.03,1776542561000
1776542562.866,162.866,0.16,0.17,0.8,0.85,0.01,0.05,75643.03,1776542561000
1776542563.238,163.238,0.16,0.17,0.83,0.84,0.01,0.01,75643.03,1776542561000
1776542563.701,163.701,0.16,0.17,0.83,0.84,0.01,0.01,75643.0,1776542562000
1776542564.038,164.038,0.16,0.17,0.83,0.84,0.01,0.01,75643.0,1776542563000
1776542564.586,164.586,0.16,0.17,0.83,0.84,0.01,0.01,75643.0,1776542563000
1776542565.523,165.523,0.16,0.17,0.83,0.84,0.01,0.01,75643.0,1776542563000
1776542566.201,166.201,0.16,0.17,0.83,0.84,0.01,0.01,75643.0,1776542563000
1776542567.084,167.084,0.16,0.17,0.83,0.84,0.01,0.01,75643.09,1776542564000
1776542567.605,167.605,0.16,0.17,0.83,0.84,0.01,0.01,75643.29,1776542566000
1776542568.046,168.046,0.16,0.17,0.83,0.84,0.01,0.01,75643.29,1776542566000
1776542568.595,168.595,0.16,0.19,0.83,0.84,0.03,0.01,75643.31,1776542567000
1776542568.932,168.932,0.16,0.18,0.81,0.84,0.02,0.03,75643.31,1776542567000
1776542569.559,169.559,0.17,0.18,0.82,0.83,0.01,0.01,75643.3,1776542568000
1776542569.938,169.938,0.17,0.18,0.82,0.83,0.01,0.01,75643.3,1776542568000
1776542570.484,170.484,0.17,0.18,0.82,0.83,0.01,0.01,75643.32,1776542569000
1776542571.11,171.11,0.17,0.18,0.82,0.83,0.01,0.01,75643.32,1776542570000
1776542572.078,172.078,0.17,0.18,0.82,0.83,0.01,0.01,75643.32,1776542571000
1776542572.989,172.989,0.17,0.18,0.82,0.83,0.01,0.01,75643.32,1776542571000
1776542573.57,173.57,0.17,0.18,0.82,0.83,0.01,0.01,75643.86,1776542572000
1776542574.194,174.194,0.17,0.18,0.82,0.83,0.01,0.01,75643.86,1776542573000
1776542574.676,174.676,0.17,0.18,0.82,0.83,0.01,0.01,75643.86,1776542573000
1776542575.059,175.059,0.17,0.18,0.82,0.83,0.01,0.01,75643.86,1776542573000
1776542575.826,175.826,0.17,0.19,0.81,0.83,0.02,0.02,75643.84,1776542574000
1776542576.241,176.241,0.18,0.19,0.81,0.83,0.01,0.02,75643.84,1776542575000
1776542576.958,176.958,0.18,0.19,0.81,0.82,0.01,0.01,75643.84,1776542575000
1776542577.328,177.328,0.18,0.2,0.8,0.82,0.02,0.02,75643.84,1776542576000
1776542577.73,177.73,0.25,0.28,0.73,0.75,0.03,0.02,75643.84,1776542576000
1776542578.07,178.07,0.25,0.27,0.73,0.75,0.02,0.02,75643.85,1776542577000
1776542578.435,178.435,0.26,0.27,0.73,0.74,0.01,0.01,75643.85,1776542577000
1776542578.78,178.78,0.26,0.27,0.73,0.74,0.01,0.01,75643.85,1776542577000
1776542579.145,179.145,0.26,0.27,0.73,0.74,0.01,0.01,75648.85,1776542578000
1776542579.6,179.6,0.26,0.27,0.73,0.74,0.01,0.01,75648.85,1776542578000
1776542579.937,179.937,0.26,0.27,0.73,0.74,0.01,0.01,75648.85,1776542578000
1776542581.312,181.312,0.26,0.27,0.73,0.74,0.01,0.01,75651.79,1776542580000
1776542582.05,182.05,0.26,0.27,0.73,0.74,0.01,0.01,75651.82,1776542581000
1776542582.999,182.999,0.26,0.27,0.73,0.74,0.01,0.01,75651.82,1776542581000
1776542583.39,183.39,0.26,0.27,0.73,0.74,0.01,0.01,75653.41,1776542582000
1776542583.724,183.724,0.26,0.3,0.7,0.74,0.04,0.04,75653.41,1776542582000
1776542584.058,184.058,0.27,0.3,0.7,0.72,0.03,0.02,75658.56,1776542583000
1776542584.392,184.392,0.3,0.32,0.68,0.7,0.02,0.02,75658.56,1776542583000
1776542584.733,184.733,0.31,0.33,0.67,0.69,0.02,0.02,75658.56,1776542583000
1776542585.098,185.098,0.32,0.33,0.67,0.69,0.01,0.02,75658.56,1776542583000
1776542585.468,185.468,0.32,0.33,0.67,0.68,0.01,0.01,75658.56,1776542584000
1776542585.832,185.832,0.32,0.33,0.67,0.68,0.01,0.01,75658.56,1776542584000
1776542586.18,186.18,0.32,0.33,0.67,0.68,0.01,0.01,75658.56,1776542584000
1776542586.546,186.546,0.34,0.35,0.66,0.67,0.01,0.01,75658.56,1776542585000
1776542586.903,186.903,0.34,0.35,0.64,0.66,0.01,0.02,75658.56,1776542585000
1776542587.237,187.237,0.34,0.35,0.65,0.66,0.01,0.01,75658.56,1776542585000
1776542587.579,187.579,0.34,0.35,0.65,0.66,0.01,0.01,75661.63,1776542586000
1776542587.973,187.973,0.34,0.36,0.65,0.66,0.02,0.01,75661.63,1776542586000
1776542588.314,188.314,0.35,0.36,0.64,0.65,0.01,0.01,75661.63,1776542587000
1776542588.929,188.929,0.36,0.37,0.64,0.65,0.01,0.01,75661.63,1776542587000
1776542589.303,189.303,0.36,0.37,0.63,0.64,0.01,0.01,75661.63,1776542587000
1776542589.806,189.806,0.36,0.37,0.63,0.64,0.01,0.01,75663.1,1776542588000
1776542590.302,190.302,0.36,0.37,0.63,0.64,0.01,0.01,75662.57,1776542589000
1776542590.799,190.799,0.36,0.37,0.63,0.64,0.01,0.01,75662.57,1776542589000
1776542591.313,191.313,0.36,0.37,0.63,0.64,0.01,0.01,75663.0,1776542590000
1776542591.851,191.851,0.36,0.37,0.63,0.65,0.01,0.02,75663.0,1776542590000
1776542592.276,192.276,0.36,0.37,0.63,0.64,0.01,0.01,75663.06,1776542591000
1776542593.354,193.354,0.36,0.37,0.63,0.64,0.01,0.01,75663.0,1776542592000
1776542593.999,193.999,0.36,0.37,0.63,0.64,0.01,0.01,75663.0,1776542593000
1776542594.667,194.667,0.36,0.37,0.63,0.64,0.01,0.01,75663.0,1776542593000
1776542595.004,195.004,0.36,0.37,0.63,0.64,0.01,0.01,75663.1,1776542594000
1776542595.627,195.627,0.36,0.37,0.63,0.64,0.01,0.01,75663.1,1776542594000
1776542596.149,196.149,0.38,0.43,0.57,0.62,0.05,0.05,75663.0,1776542595000
1776542596.483,196.483,0.43,0.47,0.53,0.58,0.04,0.05,75663.0,1776542595000
1776542596.837,196.837,0.47,0.48,0.49,0.56,0.01,0.07,75663.0,1776542595000
1776542597.551,197.551,0.48,0.5,0.5,0.53,0.02,0.03,75663.89,1776542596000
1776542597.887,197.887,0.49,0.5,0.5,0.51,0.01,0.01,75663.89,1776542596000
1776542598.247,198.247,0.5,0.51,0.49,0.51,0.01,0.02,75663.89,1776542596000
1776542598.608,198.608,0.5,0.51,0.49,0.5,0.01,0.01,75663.89,1776542596000
1776542598.97,198.97,0.5,0.51,0.49,0.5,0.01,0.01,75669.29,1776542597000
1776542599.308,199.308,0.5,0.51,0.49,0.5,0.01,0.01,75669.29,1776542597000
1776542599.933,199.933,0.51,0.52,0.48,0.5,0.01,0.02,75673.4,1776542598000
1776542600.338,200.338,0.44,0.46,0.53,0.56,0.02,0.03,75673.14,1776542599000
1776542600.674,200.674,0.43,0.45,0.55,0.57,0.02,0.02,75673.14,1776542599000
1776542601.11,201.11,0.42,0.43,0.57,0.58,0.01,0.01,75673.14,1776542599000
1776542601.452,201.452,0.42,0.43,0.57,0.58,0.01,0.01,75673.18,1776542600000
1776542601.828,201.828,0.42,0.43,0.57,0.58,0.01,0.01,75673.18,1776542600000
1776542602.201,202.201,0.42,0.43,0.57,0.58,0.01,0.01,75671.8,1776542601000
1776542602.842,202.842,0.42,0.43,0.57,0.58,0.01,0.01,75671.8,1776542601000
1776542603.192,203.192,0.42,0.43,0.57,0.58,0.01,0.01,75671.8,1776542601000
1776542603.551,203.551,0.42,0.43,0.57,0.58,0.01,0.01,75671.72,1776542602000
1776542603.93,203.93,0.41,0.42,0.57,0.6,0.01,0.03,75671.72,1776542602000
1776542604.323,204.323,0.41,0.42,0.58,0.59,0.01,0.01,75670.57,1776542603000
1776542604.711,204.711,0.35,0.38,0.61,0.63,0.03,0.02,75670.57,1776542603000
1776542605.096,205.096,0.34,0.35,0.64,0.66,0.01,0.02,75670.57,1776542603000
1776542605.507,205.507,0.34,0.35,0.65,0.66,0.01,0.01,75670.57,1776542604000
1776542605.963,205.963,0.34,0.35,0.65,0.66,0.01,0.01,75670.57,1776542604000
1776542606.307,206.307,0.33,0.34,0.66,0.67,0.01,0.01,75666.06,1776542605000
1776542606.825,206.825,0.33,0.34,0.66,0.67,0.01,0.01,75666.06,1776542605000
1776542607.213,207.213,0.32,0.33,0.67,0.68,0.01,0.01,75666.06,1776542605000
1776542607.705,207.705,0.32,0.33,0.67,0.68,0.01,0.01,75665.76,1776542606000
1776542608.195,208.195,0.32,0.33,0.67,0.68,0.01,0.01,75665.76,1776542607000
1776542608.57,208.57,0.32,0.33,0.67,0.68,0.01,0.01,75665.76,1776542607000
1776542609.211,209.211,0.31,0.33,0.67,0.69,0.02,0.02,75665.76,1776542607000
1776542609.816,209.816,0.32,0.33,0.67,0.68,0.01,0.01,75665.75,1776542608000
1776542610.166,210.166,0.18,0.25,0.75,0.81,0.07,0.06,75665.75,1776542608000
1776542610.611,210.611,0.2,0.23,0.77,0.78,0.03,0.01,75652.14,1776542609000
1776542610.973,210.973,0.2,0.25,0.76,0.8,0.05,0.04,75652.14,1776542609000
1776542611.315,211.315,0.15,0.21,0.79,0.8,0.06,0.01,75645.95,1776542610000
1776542611.654,211.654,0.13,0.14,0.86,0.87,0.01,0.01,75645.95,1776542610000
1776542612.006,212.006,0.13,0.14,0.86,0.88,0.01,0.02,75645.95,1776542610000
1776542612.339,212.339,0.12,0.14,0.86,0.87,0.02,0.01,75645.95,1776542610000
1776542612.68,212.68,0.12,0.13,0.87,0.88,0.01,0.01,75641.61,1776542611000
1776542613.024,213.024,0.11,0.13,0.87,0.89,0.02,0.02,75641.57,1776542612000
1776542613.362,213.362,0.11,0.12,0.88,0.92,0.01,0.04,75641.57,1776542612000
1776542613.882,213.882,0.07,0.08,0.92,0.93,0.01,0.01,75641.57,1776542612000
1776542614.22,214.22,0.07,0.08,0.92,0.93,0.01,0.01,75641.57,1776542612000
1776542614.626,214.626,0.06,0.08,0.92,0.94,0.02,0.02,75641.57,1776542612000
1776542615.0,215.0,0.06,0.08,0.92,0.93,0.02,0.01,75639.77,1776542613000
1776542615.474,215.474,0.06,0.07,0.93,0.94,0.01,0.01,75639.77,1776542613000
1776542615.951,215.951,0.06,0.07,0.93,0.94,0.01,0.01,75635.32,1776542614000
1776542616.347,216.347,0.06,0.07,0.93,0.94,0.01,0.01,75635.32,1776542614000
1776542616.685,216.685,0.06,0.07,0.93,0.94,0.01,0.01,75633.91,1776542615000
1776542617.024,217.024,0.06,0.07,0.93,0.94,0.01,0.01,75633.91,1776542615000
1776542617.363,217.363,0.06,0.07,0.93,0.94,0.01,0.01,75633.59,1776542616000
1776542617.826,217.826,0.06,0.07,0.93,0.94,0.01,0.01,75633.59,1776542616000
1776542618.347,218.347,0.06,0.07,0.93,0.94,0.01,0.01,75633.59,1776542616000
1776542618.699,218.699,0.06,0.07,0.93,0.94,0.01,0.01,75633.59,1776542616000
1776542619.052,219.052,0.06,0.07,0.93,0.94,0.01,0.01,75634.49,1776542617000
1776542619.446,219.446,0.06,0.07,0.93,0.94,0.01,0.01,75634.49,1776542617000
1776542619.931,219.931,0.06,0.07,0.93,0.94,0.01,0.01,75634.48,1776542618000
1776542620.284,220.284,0.06,0.07,0.93,0.94,0.01,0.01,75634.48,1776542618000
1776542620.634,220.634,0.06,0.07,0.93,0.94,0.01,0.01,75634.47,1776542619000
1776542620.987,220.987,0.06,0.07,0.93,0.94,0.01,0.01,75634.47,1776542619000
1776542621.559,221.559,0.06,0.07,0.93,0.94,0.01,0.01,75634.47,1776542620000
1776542621.943,221.943,0.06,0.07,0.93,0.94,0.01,0.01,75634.47,1776542620000
1776542622.343,222.343,0.06,0.07,0.92,0.94,0.01,0.02,75634.47,1776542620000
1776542622.829,222.829,0.06,0.07,0.93,0.94,0.01,0.01,75634.54,1776542621000
1776542623.31,223.31,0.06,0.07,0.93,0.94,0.01,0.01,75634.56,1776542622000
1776542623.838,223.838,0.06,0.07,0.93,0.94,0.01,0.01,75634.56,1776542622000
1776542624.431,224.431,0.06,0.07,0.93,0.94,0.01,0.01,75634.56,1776542622000
1776542624.864,224.864,0.07,0.08,0.92,0.93,0.01,0.01,75634.6,1776542623000
1776542625.258,225.258,0.07,0.08,0.92,0.93,0.01,0.01,75634.6,1776542623000
1776542625.648,225.648,0.07,0.08,0.92,0.93,0.01,0.01,75632.74,1776542624000
1776542626.119,226.119,0.07,0.08,0.92,0.93,0.01,0.01,75634.68,1776542625000
1776542626.511,226.511,0.07,0.08,0.92,0.93,0.01,0.01,75634.68,1776542625000
1776542626.934,226.934,0.07,0.08,0.92,0.93,0.01,0.01,75634.68,1776542625000
1776542627.29,227.29,0.07,0.08,0.92,0.93,0.01,0.01,75634.68,1776542625000
1776542627.824,227.824,0.07,0.08,0.92,0.93,0.01,0.01,75634.76,1776542626000
1776542628.208,228.208,0.07,0.08,0.92,0.93,0.01,0.01,75633.81,1776542627000
1776542628.61,228.61,0.07,0.08,0.92,0.93,0.01,0.01,75633.81,1776542627000
1776542629.507,229.507,0.07,0.08,0.92,0.93,0.01,0.01,75633.81,1776542628000
1776542629.917,229.917,0.07,0.08,0.92,0.93,0.01,0.01,75633.81,1776542628000
1776542630.471,230.471,0.07,0.08,0.92,0.93,0.01,0.01,75634.35,1776542629000
1776542631.084,231.084,0.07,0.08,0.92,0.93,0.01,0.01,75634.35,1776542629000
1776542631.453,231.453,0.07,0.08,0.89,0.93,0.01,0.04,75634.35,1776542629000
1776542631.875,231.875,0.07,0.08,0.92,0.93,0.01,0.01,75633.71,1776542630000
1776542632.225,232.225,0.07,0.08,0.92,0.93,0.01,0.01,75633.66,1776542631000
1776542632.775,232.775,0.07,0.08,0.92,0.93,0.01,0.01,75633.66,1776542631000
1776542633.379,233.379,0.07,0.08,0.92,0.93,0.01,0.01,75633.66,1776542631000
1776542633.933,233.933,0.07,0.08,0.92,0.93,0.01,0.01,75634.23,1776542632000
1776542634.487,234.487,0.07,0.08,0.92,0.93,0.01,0.01,75634.83,1776542633000
1776542634.835,234.835,0.07,0.08,0.92,0.93,0.01,0.01,75634.83,1776542633000
1776542635.17,235.17,0.07,0.08,0.92,0.93,0.01,0.01,75634.83,1776542634000
1776542635.68,235.68,0.07,0.08,0.92,0.93,0.01,0.01,75634.83,1776542634000
1776542636.056,236.056,0.07,0.08,0.92,0.93,0.01,0.01,75634.83,1776542634000
1776542636.445,236.445,0.07,0.08,0.92,0.93,0.01,0.01,75634.81,1776542635000
1776542636.871,236.871,0.06,0.08,0.92,0.93,0.02,0.01,75634.81,1776542635000
1776542637.317,237.317,0.06,0.08,0.92,0.94,0.02,0.02,75633.97,1776542636000
1776542637.741,237.741,0.06,0.07,0.93,0.94,0.01,0.01,75633.97,1776542636000
1776542638.342,238.342,0.06,0.07,0.93,0.94,0.01,0.01,75633.87,1776542637000
1776542638.807,238.807,0.06,0.07,0.93,0.94,0.01,0.01,75633.87,1776542637000
1776542639.215,239.215,0.06,0.07,0.93,0.94,0.01,0.01,75633.04,1776542638000
1776542639.6,239.6,0.06,0.07,0.93,0.94,0.01,0.01,75633.04,1776542638000
1776542639.998,239.998,0.06,0.07,0.93,0.94,0.01,0.01,75633.04,1776542638000
1776542640.39,240.39,0.05,0.07,0.93,0.94,0.02,0.01,75633.04,1776542639000
1776542640.739,240.739,0.05,0.06,0.94,0.95,0.01,0.01,75633.04,1776542639000
1776542641.178,241.178,0.06,0.07,0.93,0.95,0.01,0.02,75633.04,1776542639000
1776542641.52,241.52,0.07,0.08,0.92,0.93,0.01,0.01,75632.61,1776542640000
1776542641.924,241.924,0.07,0.08,0.92,0.93,0.01,0.01,75632.61,1776542640000
1776542642.287,242.287,0.07,0.08,0.92,0.93,0.01,0.01,75632.44,1776542641000
1776542643.094,243.094,0.07,0.08,0.92,0.93,0.01,0.01,75632.44,1776542641000
1776542643.888,243.888,0.07,0.08,0.92,0.93,0.01,0.01,75633.04,1776542642000
1776542644.313,244.313,0.07,0.08,0.92,0.93,0.01,0.01,75633.04,1776542643000
1776542644.668,244.668,0.07,0.12,0.88,0.93,0.05,0.05,75633.04,1776542643000
1776542645.033,245.033,0.05,0.12,0.88,0.93,0.07,0.05,75633.04,1776542643000
1776542645.373,245.373,0.06,0.11,0.93,0.94,0.05,0.01,75640.66,1776542644000
1776542645.714,245.714,0.08,0.1,0.9,0.91,0.02,0.01,75640.66,1776542644000
1776542646.279,246.279,0.09,0.1,0.9,0.92,0.01,0.02,75640.66,1776542644000
1776542646.833,246.833,0.09,0.1,0.9,0.91,0.01,0.01,75641.86,1776542645000
1776542647.225,247.225,0.09,0.1,0.9,0.91,0.01,0.01,75641.88,1776542646000
1776542647.718,247.718,0.09,0.1,0.9,0.91,0.01,0.01,75641.88,1776542646000
1776542648.077,248.077,0.09,0.1,0.9,0.91,0.01,0.01,75641.88,1776542646000
1776542648.449,248.449,0.09,0.1,0.9,0.91,0.01,0.01,75642.38,1776542647000
1776542649.011,249.011,0.09,0.1,0.9,0.91,0.01,0.01,75642.59,1776542648000
1776542649.622,249.622,0.09,0.1,0.9,0.91,0.01,0.01,75642.59,1776542648000
1776542650.076,250.076,0.09,0.1,0.9,0.91,0.01,0.01,75642.57,1776542649000
1776542650.455,250.455,0.09,0.1,0.9,0.91,0.01,0.01,75642.57,1776542649000
1776542650.857,250.857,0.09,0.1,0.9,0.91,0.01,0.01,75642.57,1776542649000
1776542651.223,251.223,0.09,0.1,0.9,0.91,0.01,0.01,75642.61,1776542650000
1776542651.735,251.735,0.09,0.1,0.9,0.91,0.01,0.01,75642.61,1776542650000
1776542652.084,252.084,0.09,0.1,0.9,0.91,0.01,0.01,75642.6,1776542651000
1776542652.585,252.585,0.09,0.1,0.9,0.91,0.01,0.01,75642.6,1776542651000
1776542653.018,253.018,0.09,0.1,0.9,0.91,0.01,0.01,75642.6,1776542651000
1776542653.407,253.407,0.09,0.1,0.9,0.91,0.01,0.01,75642.59,1776542652000
1776542653.946,253.946,0.09,0.1,0.9,0.91,0.01,0.01,75642.59,1776542652000
1776542654.34,254.34,0.09,0.1,0.9,0.91,0.01,0.01,75642.6,1776542653000
1776542654.712,254.712,0.09,0.1,0.9,0.91,0.01,0.01,75642.6,1776542653000
1776542655.048,255.048,0.12,0.13,0.87,0.89,0.01,0.02,75642.6,1776542653000
1776542655.469,255.469,0.14,0.15,0.86,0.88,0.01,0.02,75642.94,1776542654000
1776542656.078,256.078,0.14,0.15,0.85,0.86,0.01,0.01,75642.94,1776542654000
1776542656.474,256.474,0.16,0.17,0.83,0.85,0.01,0.02,75642.94,1776542655000
1776542656.831,256.831,0.16,0.17,0.83,0.84,0.01,0.01,75642.94,1776542655000
1776542657.236,257.236,0.16,0.17,0.83,0.84,0.01,0.01,75647.07,1776542656000
1776542657.624,257.624,0.16,0.17,0.83,0.84,0.01,0.01,75647.07,1776542656000
1776542657.958,257.958,0.16,0.17,0.83,0.84,0.01,0.01,75647.07,1776542656000
1776542658.298,258.298,0.16,0.17,0.83,0.84,0.01,0.01,75647.07,1776542656000
1776542658.652,258.652,0.16,0.17,0.83,0.84,0.01,0.01,75650.75,1776542657000
1776542659.025,259.025,0.16,0.17,0.83,0.86,0.01,0.03,75650.75,1776542657000
1776542659.642,259.642,0.15,0.16,0.84,0.85,0.01,0.01,75651.11,1776542658000
1776542659.977,259.977,0.16,0.19,0.81,0.82,0.03,0.01,75651.11,1776542658000
1776542660.384,260.384,0.15,0.16,0.81,0.85,0.01,0.04,75651.39,1776542659000
1776542660.771,260.771,0.15,0.16,0.83,0.85,0.01,0.02,75651.39,1776542659000
1776542661.104,261.104,0.15,0.16,0.84,0.85,0.01,0.01,75651.39,1776542659000
1776542661.556,261.556,0.14,0.16,0.84,0.86,0.02,0.02,75651.65,1776542660000
1776542661.95,261.95,0.15,0.16,0.84,0.85,0.01,0.01,75651.65,1776542660000
1776542662.349,262.349,0.15,0.16,0.84,0.85,0.01,0.01,75651.65,1776542661000
1776542663.132,263.132,0.15,0.16,0.84,0.85,0.01,0.01,75652.06,1776542662000
1776542663.547,263.547,0.14,0.15,0.84,0.85,0.01,0.01,75652.06,1776542662000
1776542663.972,263.972,0.12,0.15,0.85,0.86,0.03,0.01,75652.06,1776542662000
1776542664.375,264.375,0.1,0.11,0.89,0.9,0.01,0.01,75652.06,1776542662000
1776542664.92,264.92,0.09,0.1,0.9,0.91,0.01,0.01,75652.06,1776542663000
1776542665.527,265.527,0.08,0.09,0.9,0.92,0.01,0.02,75652.12,1776542664000
1776542666.107,266.107,0.07,0.08,0.92,0.93,0.01,0.01,75651.55,1776542665000
1776542666.476,266.476,0.07,0.08,0.92,0.93,0.01,0.01,75651.55,1776542665000
1776542666.929,266.929,0.07,0.08,0.92,0.93,0.01,0.01,75651.55,1776542665000
1776542667.379,267.379,0.07,0.08,0.92,0.93,0.01,0.01,75650.78,1776542666000
1776542667.805,267.805,0.07,0.08,0.92,0.93,0.01,0.01,75650.78,1776542666000
1776542668.158,268.158,0.07,0.08,0.92,0.93,0.01,0.01,75650.78,1776542666000
1776542668.513,268.513,0.07,0.08,0.92,0.93,0.01,0.01,75650.83,1776542667000
1776542668.918,268.918,0.07,0.08,0.92,0.93,0.01,0.01,75650.83,1776542667000
1776542669.266,269.266,0.07,0.08,0.92,0.93,0.01,0.01,75650.86,1776542668000
1776542669.957,269.957,0.07,0.08,0.92,0.93,0.01,0.01,75650.86,1776542668000
1776542670.38,270.38,0.06,0.07,0.92,0.94,0.01,0.02,75650.9,1776542669000
1776542670.891,270.891,0.06,0.07,0.93,0.94,0.01,0.01,75650.9,1776542669000
1776542671.231,271.231,0.06,0.07,0.93,0.94,0.01,0.01,75650.86,1776542670000
1776542671.712,271.712,0.05,0.06,0.94,0.95,0.01,0.01,75650.86,1776542670000
1776542672.065,272.065,0.29,0.35,0.67,0.76,0.06,0.09,75650.86,1776542670000
1776542672.402,272.402,0.3,0.32,0.68,0.7,0.02,0.02,75650.87,1776542671000
1776542672.738,272.738,0.3,0.31,0.69,0.7,0.01,0.01,75650.87,1776542671000
1776542673.132,273.132,0.29,0.3,0.69,0.75,0.01,0.06,75650.87,1776542671000
1776542673.522,273.522,0.24,0.26,0.74,0.76,0.02,0.02,75656.11,1776542672000
1776542673.872,273.872,0.21,0.22,0.78,0.79,0.01,0.01,75656.11,1776542672000
1776542674.208,274.208,0.21,0.22,0.78,0.79,0.01,0.01,75656.11,1776542673000
1776542674.572,274.572,0.17,0.18,0.82,0.84,0.01,0.02,75656.11,1776542673000
1776542674.984,274.984,0.16,0.17,0.83,0.84,0.01,0.01,75656.11,1776542673000
1776542675.382,275.382,0.16,0.17,0.83,0.84,0.01,0.01,75659.62,1776542674000
1776542675.735,275.735,0.15,0.16,0.84,0.85,0.01,0.01,75659.62,1776542674000
1776542676.176,276.176,0.15,0.16,0.84,0.85,0.01,0.01,75659.62,1776542674000
1776542676.583,276.583,0.13,0.14,0.84,0.86,0.01,0.02,75657.37,1776542675000
1776542677.172,277.172,0.12,0.14,0.85,0.89,0.02,0.04,75657.37,1776542675000
1776542677.614,277.614,0.11,0.13,0.87,0.89,0.02,0.02,75657.37,1776542676000
1776542677.958,277.958,0.1,0.11,0.89,0.91,0.01,0.02,75657.37,1776542676000
1776542678.326,278.326,0.09,0.11,0.89,0.91,0.02,0.02,75657.37,1776542676000
1776542678.752,278.752,0.09,0.1,0.9,0.91,0.01,0.01,75656.36,1776542677000
1776542679.229,279.229,0.09,0.1,0.9,0.91,0.01,0.01,75656.36,1776542677000
1776542679.564,279.564,0.09,0.1,0.9,0.91,0.01,0.01,75653.43,1776542678000
1776542680.108,280.108,0.08,0.09,0.9,0.92,0.01,0.02,75653.43,1776542678000
1776542680.49,280.49,0.06,0.07,0.92,0.94,0.01,0.02,75653.43,1776542679000
1776542680.859,280.859,0.06,0.07,0.93,0.94,0.01,0.01,75653.43,1776542679000
1776542681.203,281.203,0.06,0.07,0.93,0.94,0.01,0.01,75653.43,1776542679000
1776542681.552,281.552,0.06,0.07,0.93,0.94,0.01,0.01,75653.24,1776542680000
1776542681.916,281.916,0.06,0.07,0.93,0.94,0.01,0.01,75653.24,1776542680000
1776542682.266,282.266,0.05,0.06,0.93,0.95,0.01,0.02,75653.24,1776542680000
1776542682.605,282.605,0.05,0.06,0.94,0.95,0.01,0.01,75652.9,1776542681000
1776542682.967,282.967,0.05,0.06,0.94,0.95,0.01,0.01,75652.9,1776542681000
1776542683.338,283.338,0.05,0.06,0.94,0.95,0.01,0.01,75651.55,1776542682000
1776542683.691,283.691,0.05,0.06,0.94,0.95,0.01,0.01,75651.55,1776542682000
1776542684.026,284.026,0.05,0.06,0.94,0.95,0.01,0.01,75646.83,1776542683000
1776542684.38,284.38,0.05,0.06,0.94,0.95,0.01,0.01,75646.83,1776542683000
1776542684.802,284.802,0.05,0.06,0.94,0.95,0.01,0.01,75646.83,1776542683000
1776542685.155,285.155,0.04,0.06,0.94,0.96,0.02,0.02,75640.0,1776542684000
1776542685.588,285.588,0.04,0.05,0.95,0.96,0.01,0.01,75640.0,1776542684000
1776542685.927,285.927,0.04,0.05,0.95,0.96,0.01,0.01,75640.0,1776542684000
1776542686.323,286.323,0.03,0.04,0.95,0.97,0.01,0.02,75637.06,1776542685000
1776542686.694,286.694,0.03,0.04,0.96,0.97,0.01,0.01,75637.06,1776542685000
1776542687.036,287.036,0.03,0.04,0.96,0.97,0.01,0.01,75637.06,1776542685000
1776542687.395,287.395,0.03,0.04,0.96,0.97,0.01,0.01,75637.72,1776542686000
1776542687.739,287.739,0.02,0.04,0.96,0.98,0.02,0.02,75637.72,1776542686000
1776542688.134,288.134,0.02,0.03,0.97,0.98,0.01,0.01,75637.72,1776542686000
1776542688.481,288.481,0.02,0.03,0.97,0.98,0.01,0.01,75637.85,1776542687000
1776542688.835,288.835,0.02,0.03,0.97,0.98,0.01,0.01,75637.85,1776542687000
1776542689.345,289.345,0.02,0.03,0.97,0.98,0.01,0.01,75637.85,1776542687000
1776542689.709,289.709,0.02,0.03,0.97,0.98,0.01,0.01,75637.85,1776542687000
1776542690.198,290.198,0.02,0.03,0.97,0.98,0.01,0.01,75636.08,1776542688000
1776542690.545,290.545,0.02,0.03,0.97,0.98,0.01,0.01,75636.08,1776542688000
1776542690.907,290.907,0.01,0.02,0.97,0.99,0.01,0.02,75637.89,1776542689000
1776542691.24,291.24,0.01,0.02,0.98,0.99,0.01,0.01,75637.89,1776542689000
1776542691.901,291.901,0.01,0.01,0.99,0.99,0.0,0.0,75636.9,1776542690000
1776542692.318,292.318,0.01,0.01,0.99,0.99,0.0,0.0,75636.9,1776542690000
1776542692.668,292.668,0.01,0.01,0.99,0.99,0.0,0.0,75636.9,1776542690000
1776542693.175,293.175,0.01,0.01,0.99,0.99,0.0,0.0,75636.9,1776542691000
1776542693.76,293.76,0.01,0.01,0.99,0.99,0.0,0.0,75637.17,1776542692000
1776542694.491,294.491,0.01,0.01,0.99,0.99,0.0,0.0,75637.42,1776542693000
1776542694.828,294.828,0.01,0.01,0.99,0.99,0.0,0.0,75637.42,1776542693000
1776542695.254,295.254,0.01,0.01,0.99,0.99,0.0,0.0,75635.46,1776542694000
1776542695.975,295.975,0.01,0.01,0.99,0.99,0.0,0.0,75635.46,1776542694000
1776542696.597,296.597,0.01,0.01,0.99,0.99,0.0,0.0,75635.46,1776542694000
1776542697.287,297.287,0.01,0.01,0.99,0.99,0.0,0.0,75637.5,1776542695000
1776542697.652,297.652,0.01,0.01,0.99,0.99,0.0,0.0,75637.5,1776542696000
1776542698.156,298.156,0.01,0.01,0.99,0.99,0.0,0.0,75635.46,1776542697000
1776542698.723,298.723,0.01,0.01,0.99,0.99,0.0,0.0,75635.46,1776542697000
1776542699.263,299.263,0.01,0.01,0.99,0.99,0.0,0.0,75635.46,1776542697000
1776542699.701,299.701,0.01,0.01,0.99,0.99,0.0,0.0,75637.44,1776542698000
1776542700.258,300.258,0.01,0.01,0.99,0.99,0.0,0.0,75637.45,1776542699000
1776542700.602,300.602,0.01,0.01,0.99,0.99,0.0,0.0,75637.45,1776542699000
1776542700.94,300.94,0.01,0.01,0.99,0.99,0.0,0.0,75637.45,1776542699000

# RESULT,winner=Down,slug=btc-updown-5m-1776542400,ticks=653
