timestamp,elapsed_sec,up_bid,up_ask,down_bid,down_ask,up_spread,down_spread,btc_price,btc_oracle_ts
1776195600.521,0.521,0.52,0.53,0.47,0.48,0.01,0.01,74211.53,1776195599000
1776195600.964,0.964,0.52,0.53,0.47,0.49,0.01,0.02,74211.53,1776195599000
1776195601.395,1.395,0.52,0.53,0.47,0.48,0.01,0.01,74211.21,1776195600000
1776195601.914,1.914,0.52,0.53,0.47,0.48,0.01,0.01,74211.21,1776195600000
1776195602.307,2.307,0.52,0.53,0.47,0.48,0.01,0.01,74211.21,1776195600000
1776195602.753,2.753,0.52,0.53,0.47,0.48,0.01,0.01,74211.21,1776195600000
1776195603.106,3.106,0.52,0.53,0.47,0.48,0.01,0.01,74211.12,1776195601000
1776195603.538,3.538,0.52,0.53,0.47,0.48,0.01,0.01,74211.12,1776195601000
1776195604.238,4.238,0.52,0.53,0.47,0.48,0.01,0.01,74210.89,1776195602000
1776195604.749,4.749,0.52,0.53,0.47,0.48,0.01,0.01,74210.89,1776195603000
1776195605.381,5.381,0.52,0.53,0.47,0.48,0.01,0.01,74210.89,1776195603000
1776195605.716,5.716,0.52,0.53,0.47,0.48,0.01,0.01,74219.38,1776195604000
1776195606.063,6.063,0.52,0.53,0.47,0.48,0.01,0.01,74219.38,1776195604000
1776195606.408,6.408,0.52,0.53,0.47,0.48,0.01,0.01,74218.92,1776195605000
1776195606.758,6.758,0.52,0.53,0.47,0.48,0.01,0.01,74218.92,1776195605000
1776195607.128,7.128,0.52,0.53,0.47,0.48,0.01,0.01,74218.92,1776195605000
1776195607.639,7.639,0.52,0.53,0.47,0.48,0.01,0.01,74218.41,1776195606000
1776195607.986,7.986,0.51,0.52,0.47,0.48,0.01,0.01,74218.41,1776195606000
1776195608.435,8.435,0.51,0.52,0.48,0.49,0.01,0.01,74218.42,1776195607000
1776195609.192,9.192,0.51,0.52,0.48,0.49,0.01,0.01,74218.42,1776195607000
1776195609.675,9.675,0.51,0.52,0.48,0.49,0.01,0.01,74218.85,1776195608000
1776195610.056,10.056,0.51,0.52,0.48,0.49,0.01,0.01,74218.85,1776195608000
1776195610.463,10.463,0.51,0.52,0.48,0.49,0.01,0.01,74218.94,1776195609000
1776195611.251,11.251,0.51,0.52,0.48,0.49,0.01,0.01,74218.94,1776195609000
1776195611.764,11.764,0.51,0.52,0.48,0.49,0.01,0.01,74218.34,1776195610000
1776195612.108,12.108,0.51,0.52,0.48,0.49,0.01,0.01,74218.15,1776195611000
1776195612.881,12.881,0.51,0.52,0.48,0.49,0.01,0.01,74218.15,1776195611000
1776195613.215,13.215,0.51,0.52,0.48,0.49,0.01,0.01,74218.15,1776195611000
1776195613.888,13.888,0.51,0.52,0.48,0.49,0.01,0.01,74218.8,1776195612000
1776195614.589,14.589,0.51,0.52,0.48,0.49,0.01,0.01,74218.93,1776195613000
1776195614.971,14.971,0.51,0.52,0.48,0.49,0.01,0.01,74218.93,1776195613000
1776195615.308,15.308,0.53,0.55,0.45,0.47,0.02,0.02,74218.93,1776195613000
1776195615.702,15.702,0.53,0.54,0.46,0.47,0.01,0.01,74218.97,1776195614000
1776195616.056,16.056,0.52,0.54,0.46,0.47,0.02,0.01,74218.97,1776195614000
1776195616.436,16.436,0.53,0.54,0.46,0.47,0.01,0.01,74220.0,1776195615000
1776195616.884,16.884,0.53,0.54,0.46,0.47,0.01,0.01,74220.0,1776195615000
1776195617.237,17.237,0.52,0.53,0.46,0.47,0.01,0.01,74222.4,1776195616000
1776195617.968,17.968,0.52,0.53,0.47,0.48,0.01,0.01,74222.4,1776195616000
1776195618.303,18.303,0.51,0.52,0.48,0.49,0.01,0.01,74220.23,1776195617000
1776195618.641,18.641,0.51,0.52,0.48,0.49,0.01,0.01,74220.23,1776195617000
1776195618.988,18.988,0.51,0.52,0.48,0.49,0.01,0.01,74217.24,1776195618000
1776195619.322,19.322,0.51,0.52,0.48,0.49,0.01,0.01,74217.24,1776195618000
1776195619.697,19.697,0.51,0.52,0.48,0.49,0.01,0.01,74217.24,1776195618000
1776195620.031,20.031,0.51,0.52,0.48,0.49,0.01,0.01,74217.24,1776195618000
1776195620.642,20.642,0.51,0.52,0.48,0.49,0.01,0.01,74203.36,1776195619000
1776195620.983,20.983,0.51,0.52,0.48,0.49,0.01,0.01,74203.36,1776195619000
1776195621.574,21.574,0.51,0.52,0.48,0.49,0.01,0.01,74201.65,1776195620000
1776195621.924,21.924,0.51,0.52,0.48,0.49,0.01,0.01,74201.65,1776195620000
1776195622.29,22.29,0.51,0.52,0.48,0.49,0.01,0.01,74202.14,1776195621000
1776195622.759,22.759,0.51,0.52,0.48,0.49,0.01,0.01,74202.14,1776195621000
1776195623.134,23.134,0.51,0.52,0.48,0.49,0.01,0.01,74202.14,1776195621000
1776195624.14,24.14,0.51,0.52,0.48,0.49,0.01,0.01,74202.13,1776195622000
1776195624.756,24.756,0.5,0.51,0.49,0.5,0.01,0.01,74202.18,1776195623000
1776195625.185,25.185,0.5,0.51,0.49,0.5,0.01,0.01,74202.18,1776195623000
1776195625.671,25.671,0.5,0.51,0.49,0.5,0.01,0.01,74202.13,1776195624000
1776195626.321,26.321,0.5,0.51,0.49,0.5,0.01,0.01,74202.13,1776195624000
1776195626.683,26.683,0.5,0.51,0.49,0.5,0.01,0.01,74202.13,1776195625000
1776195627.36,27.36,0.5,0.51,0.49,0.5,0.01,0.01,74202.13,1776195625000
1776195627.747,27.747,0.5,0.51,0.49,0.5,0.01,0.01,74202.13,1776195625000
1776195628.261,28.261,0.5,0.51,0.49,0.5,0.01,0.01,74201.68,1776195626000
1776195628.977,28.977,0.49,0.5,0.5,0.51,0.01,0.01,74201.72,1776195628000
1776195629.329,29.329,0.48,0.5,0.5,0.52,0.02,0.02,74201.72,1776195628000
1776195629.688,29.688,0.48,0.49,0.51,0.52,0.01,0.01,74201.72,1776195628000
1776195630.027,30.027,0.48,0.49,0.51,0.52,0.01,0.01,74201.72,1776195628000
1776195630.492,30.492,0.48,0.49,0.51,0.52,0.01,0.01,74202.22,1776195629000
1776195630.876,30.876,0.48,0.49,0.51,0.52,0.01,0.01,74202.22,1776195629000
1776195631.341,31.341,0.48,0.49,0.51,0.52,0.01,0.01,74200.02,1776195630000
1776195631.851,31.851,0.48,0.49,0.51,0.52,0.01,0.01,74200.02,1776195630000
1776195632.437,32.437,0.48,0.49,0.51,0.52,0.01,0.01,74200.02,1776195630000
1776195633.104,33.104,0.47,0.48,0.51,0.52,0.01,0.01,74197.19,1776195631000
1776195633.443,33.443,0.47,0.48,0.52,0.53,0.01,0.01,74198.06,1776195632000
1776195633.836,33.836,0.47,0.48,0.52,0.53,0.01,0.01,74198.06,1776195632000
1776195634.329,34.329,0.47,0.48,0.52,0.53,0.01,0.01,74198.06,1776195632000
1776195634.962,34.962,0.47,0.48,0.52,0.53,0.01,0.01,74198.08,1776195633000
1776195635.524,35.524,0.47,0.48,0.52,0.53,0.01,0.01,74198.21,1776195634000
1776195636.012,36.012,0.47,0.48,0.52,0.53,0.01,0.01,74198.21,1776195634000
1776195636.538,36.538,0.47,0.48,0.52,0.53,0.01,0.01,74198.31,1776195635000
1776195636.88,36.88,0.47,0.48,0.52,0.53,0.01,0.01,74198.31,1776195635000
1776195637.607,37.607,0.47,0.48,0.52,0.53,0.01,0.01,74198.31,1776195635000
1776195638.08,38.08,0.47,0.48,0.52,0.53,0.01,0.01,74198.61,1776195637000
1776195638.449,38.449,0.47,0.48,0.52,0.53,0.01,0.01,74198.61,1776195637000
1776195639.346,39.346,0.47,0.48,0.52,0.53,0.01,0.01,74199.04,1776195638000
1776195639.765,39.765,0.47,0.48,0.52,0.53,0.01,0.01,74199.04,1776195638000
1776195640.242,40.242,0.47,0.48,0.52,0.53,0.01,0.01,74199.04,1776195638000
1776195640.771,40.771,0.47,0.48,0.52,0.53,0.01,0.01,74199.1,1776195639000
1776195641.631,41.631,0.47,0.48,0.52,0.53,0.01,0.01,74199.09,1776195640000
1776195641.97,41.97,0.47,0.48,0.52,0.53,0.01,0.01,74199.09,1776195640000
1776195642.618,42.618,0.47,0.48,0.52,0.53,0.01,0.01,74199.04,1776195641000
1776195642.953,42.953,0.47,0.48,0.52,0.53,0.01,0.01,74199.04,1776195641000
1776195643.854,43.854,0.47,0.48,0.52,0.53,0.01,0.01,74199.01,1776195642000
1776195644.3,44.3,0.47,0.48,0.52,0.53,0.01,0.01,74198.93,1776195643000
1776195644.891,44.891,0.47,0.48,0.52,0.53,0.01,0.01,74198.93,1776195643000
1776195645.226,45.226,0.48,0.49,0.51,0.52,0.01,0.01,74198.98,1776195644000
1776195645.56,45.56,0.48,0.49,0.51,0.52,0.01,0.01,74198.98,1776195644000
1776195646.0,46.0,0.49,0.5,0.5,0.51,0.01,0.01,74198.98,1776195644000
1776195646.35,46.35,0.49,0.5,0.5,0.51,0.01,0.01,74202.08,1776195645000
1776195646.744,46.744,0.49,0.5,0.5,0.51,0.01,0.01,74202.08,1776195645000
1776195647.098,47.098,0.49,0.51,0.5,0.51,0.02,0.01,74202.08,1776195645000
1776195647.438,47.438,0.49,0.5,0.5,0.51,0.01,0.01,74213.61,1776195646000
1776195647.79,47.79,0.49,0.5,0.5,0.51,0.01,0.01,74213.61,1776195646000
1776195648.134,48.134,0.49,0.5,0.5,0.51,0.01,0.01,74213.61,1776195646000
1776195648.554,48.554,0.49,0.5,0.5,0.51,0.01,0.01,74214.93,1776195647000
1776195648.934,48.934,0.49,0.5,0.5,0.51,0.01,0.01,74214.93,1776195647000
1776195649.271,49.271,0.49,0.5,0.5,0.51,0.01,0.01,74212.93,1776195648000
1776195649.689,49.689,0.49,0.5,0.5,0.51,0.01,0.01,74212.93,1776195648000
1776195650.049,50.049,0.49,0.5,0.5,0.51,0.01,0.01,74212.93,1776195648000
1776195650.413,50.413,0.49,0.5,0.5,0.51,0.01,0.01,74205.74,1776195649000
1776195651.274,51.274,0.48,0.49,0.5,0.52,0.01,0.02,74205.74,1776195649000
1776195651.626,51.626,0.48,0.49,0.51,0.52,0.01,0.01,74205.74,1776195650000
1776195652.186,52.186,0.48,0.49,0.51,0.52,0.01,0.01,74206.74,1776195651000
1776195652.606,52.606,0.47,0.49,0.51,0.52,0.02,0.01,74206.74,1776195651000
1776195652.942,52.942,0.48,0.49,0.51,0.52,0.01,0.01,74207.39,1776195652000
1776195653.373,53.373,0.48,0.49,0.51,0.52,0.01,0.01,74207.39,1776195652000
1776195653.763,53.763,0.48,0.49,0.51,0.52,0.01,0.01,74207.39,1776195652000
1776195654.523,54.523,0.48,0.49,0.51,0.52,0.01,0.01,74207.45,1776195653000
1776195655.037,55.037,0.48,0.49,0.51,0.52,0.01,0.01,74206.14,1776195654000
1776195655.417,55.417,0.48,0.49,0.51,0.52,0.01,0.01,74206.14,1776195654000
1776195655.775,55.775,0.48,0.49,0.51,0.52,0.01,0.01,74206.14,1776195654000
1776195656.536,56.536,0.48,0.49,0.51,0.52,0.01,0.01,74206.5,1776195655000
1776195656.891,56.891,0.48,0.49,0.51,0.52,0.01,0.01,74206.5,1776195655000
1776195657.236,57.236,0.47,0.48,0.51,0.52,0.01,0.01,74206.5,1776195656000
1776195657.644,57.644,0.47,0.48,0.52,0.53,0.01,0.01,74206.5,1776195656000
1776195658.223,58.223,0.47,0.48,0.52,0.53,0.01,0.01,74205.67,1776195657000
1776195658.588,58.588,0.47,0.48,0.52,0.53,0.01,0.01,74205.67,1776195657000
1776195659.362,59.362,0.47,0.48,0.52,0.53,0.01,0.01,74206.67,1776195658000
1776195659.92,59.92,0.47,0.48,0.52,0.53,0.01,0.01,74206.67,1776195658000
1776195660.405,60.405,0.47,0.48,0.52,0.53,0.01,0.01,74206.67,1776195658000
1776195660.991,60.991,0.47,0.48,0.52,0.53,0.01,0.01,74206.67,1776195659000
1776195661.583,61.583,0.47,0.48,0.52,0.53,0.01,0.01,74205.82,1776195660000
1776195662.206,62.206,0.47,0.48,0.52,0.53,0.01,0.01,74206.67,1776195661000
1776195663.354,63.354,0.47,0.48,0.52,0.53,0.01,0.01,74206.67,1776195662000
1776195663.692,63.692,0.47,0.48,0.52,0.53,0.01,0.01,74206.67,1776195662000
1776195664.145,64.145,0.51,0.52,0.48,0.49,0.01,0.01,74206.67,1776195663000
1776195664.479,64.479,0.53,0.56,0.44,0.47,0.03,0.03,74206.67,1776195663000
1776195664.828,64.828,0.55,0.57,0.43,0.45,0.02,0.02,74206.67,1776195663000
1776195665.213,65.213,0.58,0.6,0.4,0.42,0.02,0.02,74254.49,1776195664000
1776195665.563,65.563,0.59,0.6,0.4,0.41,0.01,0.01,74254.49,1776195664000
1776195665.899,65.899,0.58,0.6,0.4,0.42,0.02,0.02,74254.49,1776195664000
1776195666.236,66.236,0.59,0.6,0.4,0.41,0.01,0.01,74254.72,1776195665000
1776195666.591,66.591,0.59,0.61,0.39,0.41,0.02,0.02,74254.72,1776195665000
1776195667.033,67.033,0.6,0.61,0.39,0.4,0.01,0.01,74254.72,1776195665000
1776195667.42,67.42,0.6,0.61,0.39,0.4,0.01,0.01,74254.26,1776195666000
1776195667.875,67.875,0.61,0.62,0.38,0.4,0.01,0.02,74254.26,1776195666000
1776195668.214,68.214,0.61,0.62,0.38,0.39,0.01,0.01,74254.26,1776195666000
1776195668.62,68.62,0.62,0.64,0.36,0.39,0.02,0.03,74254.25,1776195667000
1776195668.967,68.967,0.64,0.67,0.33,0.36,0.03,0.03,74254.25,1776195667000
1776195669.387,69.387,0.65,0.66,0.34,0.35,0.01,0.01,74254.75,1776195668000
1776195669.72,69.72,0.65,0.66,0.34,0.35,0.01,0.01,74254.75,1776195668000
1776195670.077,70.077,0.65,0.66,0.34,0.35,0.01,0.01,74254.75,1776195668000
1776195670.413,70.413,0.65,0.66,0.34,0.35,0.01,0.01,74260.07,1776195669000
1776195670.788,70.788,0.66,0.67,0.33,0.34,0.01,0.01,74260.07,1776195669000
1776195671.181,71.181,0.66,0.67,0.33,0.34,0.01,0.01,74260.07,1776195669000
1776195671.55,71.55,0.66,0.67,0.33,0.34,0.01,0.01,74262.31,1776195670000
1776195671.941,71.941,0.67,0.68,0.32,0.33,0.01,0.01,74262.31,1776195670000
1776195672.403,72.403,0.68,0.69,0.31,0.32,0.01,0.01,74262.31,1776195670000
1776195672.755,72.755,0.68,0.69,0.31,0.32,0.01,0.01,74261.0,1776195671000
1776195673.094,73.094,0.68,0.69,0.31,0.32,0.01,0.01,74261.0,1776195671000
1776195673.492,73.492,0.68,0.69,0.31,0.32,0.01,0.01,74260.56,1776195672000
1776195673.868,73.868,0.68,0.69,0.31,0.32,0.01,0.01,74260.56,1776195672000
1776195674.218,74.218,0.68,0.69,0.31,0.32,0.01,0.01,74260.56,1776195672000
1776195674.597,74.597,0.68,0.69,0.31,0.32,0.01,0.01,74261.97,1776195673000
1776195675.077,75.077,0.68,0.69,0.31,0.32,0.01,0.01,74263.44,1776195674000
1776195675.457,75.457,0.69,0.7,0.3,0.31,0.01,0.01,74263.44,1776195674000
1776195675.841,75.841,0.69,0.7,0.3,0.31,0.01,0.01,74263.44,1776195674000
1776195676.242,76.242,0.69,0.7,0.3,0.31,0.01,0.01,74263.44,1776195674000
1776195676.587,76.587,0.69,0.7,0.3,0.31,0.01,0.01,74262.81,1776195675000
1776195676.925,76.925,0.65,0.67,0.3,0.35,0.02,0.05,74262.81,1776195675000
1776195677.264,77.264,0.63,0.64,0.36,0.37,0.01,0.01,74262.81,1776195675000
1776195677.621,77.621,0.63,0.64,0.36,0.37,0.01,0.01,74262.81,1776195675000
1776195678.008,78.008,0.65,0.66,0.34,0.35,0.01,0.01,74263.03,1776195676000
1776195678.373,78.373,0.65,0.66,0.34,0.35,0.01,0.01,74262.16,1776195677000
1776195678.715,78.715,0.65,0.66,0.34,0.35,0.01,0.01,74262.16,1776195677000
1776195679.076,79.076,0.65,0.66,0.34,0.35,0.01,0.01,74262.16,1776195677000
1776195679.427,79.427,0.65,0.66,0.34,0.35,0.01,0.01,74262.16,1776195677000
1776195679.834,79.834,0.65,0.66,0.34,0.35,0.01,0.01,74249.37,1776195678000
1776195680.186,80.186,0.65,0.66,0.34,0.35,0.01,0.01,74249.37,1776195679000
1776195680.56,80.56,0.65,0.66,0.34,0.35,0.01,0.01,74249.37,1776195679000
1776195680.97,80.97,0.66,0.67,0.33,0.34,0.01,0.01,74249.37,1776195679000
1776195681.314,81.314,0.66,0.67,0.33,0.34,0.01,0.01,74249.37,1776195679000
1776195681.667,81.667,0.66,0.67,0.33,0.34,0.01,0.01,74250.2,1776195680000
1776195682.048,82.048,0.66,0.67,0.33,0.34,0.01,0.01,74250.2,1776195680000
1776195682.417,82.417,0.66,0.67,0.33,0.34,0.01,0.01,74250.2,1776195680000
1776195682.801,82.801,0.66,0.67,0.33,0.34,0.01,0.01,74250.23,1776195681000
1776195683.2,83.2,0.66,0.67,0.33,0.34,0.01,0.01,74250.23,1776195681000
1776195683.834,83.834,0.66,0.67,0.33,0.34,0.01,0.01,74250.27,1776195682000
1776195684.253,84.253,0.66,0.67,0.33,0.34,0.01,0.01,74250.27,1776195682000
1776195684.621,84.621,0.66,0.67,0.33,0.34,0.01,0.01,74250.99,1776195683000
1776195684.967,84.967,0.66,0.67,0.33,0.34,0.01,0.01,74250.99,1776195683000
1776195685.305,85.305,0.66,0.67,0.33,0.34,0.01,0.01,74251.01,1776195684000
1776195685.695,85.695,0.66,0.67,0.33,0.34,0.01,0.01,74251.01,1776195684000
1776195686.236,86.236,0.67,0.68,0.32,0.34,0.01,0.02,74251.01,1776195684000
1776195686.664,86.664,0.68,0.69,0.31,0.32,0.01,0.01,74250.75,1776195685000
1776195687.207,87.207,0.69,0.7,0.3,0.32,0.01,0.02,74250.75,1776195685000
1776195687.564,87.564,0.7,0.71,0.29,0.31,0.01,0.02,74250.39,1776195686000
1776195687.943,87.943,0.7,0.71,0.29,0.3,0.01,0.01,74250.39,1776195686000
1776195688.312,88.312,0.7,0.71,0.29,0.3,0.01,0.01,74256.0,1776195687000
1776195688.906,88.906,0.7,0.71,0.29,0.3,0.01,0.01,74256.0,1776195687000
1776195689.29,89.29,0.7,0.71,0.29,0.3,0.01,0.01,74256.0,1776195687000
1776195689.632,89.632,0.7,0.71,0.29,0.3,0.01,0.01,74259.74,1776195688000
1776195690.041,90.041,0.7,0.71,0.29,0.3,0.01,0.01,74257.9,1776195689000
1776195690.399,90.399,0.7,0.71,0.29,0.3,0.01,0.01,74257.9,1776195689000
1776195690.745,90.745,0.7,0.71,0.29,0.3,0.01,0.01,74257.9,1776195689000
1776195691.09,91.09,0.7,0.71,0.29,0.3,0.01,0.01,74257.9,1776195689000
1776195691.428,91.428,0.7,0.71,0.29,0.3,0.01,0.01,74257.03,1776195690000
1776195691.91,91.91,0.71,0.72,0.28,0.29,0.01,0.01,74257.94,1776195691000
1776195692.355,92.355,0.71,0.72,0.28,0.29,0.01,0.01,74257.94,1776195691000
1776195693.089,93.089,0.71,0.72,0.28,0.29,0.01,0.01,74258.98,1776195692000
1776195693.44,93.44,0.71,0.72,0.28,0.29,0.01,0.01,74258.98,1776195692000
1776195693.918,93.918,0.71,0.72,0.28,0.29,0.01,0.01,74258.98,1776195692000
1776195694.392,94.392,0.71,0.72,0.28,0.29,0.01,0.01,74258.98,1776195693000
1776195694.757,94.757,0.71,0.72,0.28,0.29,0.01,0.01,74258.98,1776195693000
1776195695.131,95.131,0.7,0.71,0.29,0.3,0.01,0.01,74258.98,1776195693000
1776195695.693,95.693,0.7,0.71,0.29,0.3,0.01,0.01,74258.82,1776195694000
1776195696.275,96.275,0.7,0.71,0.29,0.3,0.01,0.01,74258.82,1776195694000
1776195696.674,96.674,0.69,0.7,0.29,0.31,0.01,0.02,74257.07,1776195695000
1776195697.014,97.014,0.69,0.7,0.3,0.31,0.01,0.01,74257.07,1776195695000
1776195697.406,97.406,0.69,0.7,0.3,0.31,0.01,0.01,74257.07,1776195696000
1776195697.741,97.741,0.69,0.7,0.3,0.31,0.01,0.01,74257.07,1776195696000
1776195698.08,98.08,0.69,0.7,0.3,0.31,0.01,0.01,74257.15,1776195697000
1776195698.506,98.506,0.69,0.7,0.3,0.31,0.01,0.01,74257.15,1776195697000
1776195698.919,98.919,0.69,0.7,0.3,0.31,0.01,0.01,74257.15,1776195697000
1776195699.306,99.306,0.69,0.7,0.3,0.31,0.01,0.01,74257.19,1776195698000
1776195699.645,99.645,0.69,0.7,0.3,0.31,0.01,0.01,74257.19,1776195698000
1776195700.155,100.155,0.69,0.7,0.3,0.31,0.01,0.01,74257.19,1776195699000
1776195700.513,100.513,0.69,0.7,0.3,0.31,0.01,0.01,74257.19,1776195699000
1776195700.99,100.99,0.69,0.7,0.3,0.31,0.01,0.01,74257.24,1776195700000
1776195701.412,101.412,0.69,0.7,0.3,0.31,0.01,0.01,74257.24,1776195700000
1776195702.016,102.016,0.69,0.7,0.3,0.31,0.01,0.01,74257.24,1776195700000
1776195702.426,102.426,0.69,0.7,0.3,0.31,0.01,0.01,74257.27,1776195701000
1776195702.909,102.909,0.69,0.7,0.3,0.31,0.01,0.01,74257.27,1776195702000
1776195703.306,103.306,0.69,0.7,0.3,0.31,0.01,0.01,74257.27,1776195702000
1776195703.726,103.726,0.69,0.7,0.3,0.31,0.01,0.01,74257.27,1776195702000
1776195704.194,104.194,0.69,0.7,0.3,0.31,0.01,0.01,74257.26,1776195703000
1776195704.573,104.573,0.69,0.7,0.3,0.31,0.01,0.01,74257.26,1776195703000
1776195704.918,104.918,0.69,0.71,0.29,0.3,0.02,0.01,74257.26,1776195703000
1776195705.587,105.587,0.71,0.72,0.28,0.3,0.01,0.02,74257.25,1776195704000
1776195705.973,105.973,0.71,0.72,0.28,0.29,0.01,0.01,74257.25,1776195704000
1776195706.438,106.438,0.71,0.72,0.28,0.29,0.01,0.01,74257.39,1776195705000
1776195706.856,106.856,0.71,0.72,0.28,0.29,0.01,0.01,74257.39,1776195705000
1776195707.813,107.813,0.71,0.72,0.28,0.29,0.01,0.01,74260.01,1776195706000
1776195708.147,108.147,0.71,0.72,0.28,0.29,0.01,0.01,74260.01,1776195706000
1776195708.668,108.668,0.71,0.72,0.28,0.29,0.01,0.01,74259.8,1776195707000
1776195709.198,109.198,0.71,0.72,0.28,0.29,0.01,0.01,74259.8,1776195707000
1776195709.605,109.605,0.72,0.73,0.28,0.29,0.01,0.01,74259.81,1776195708000
1776195710.011,110.011,0.72,0.73,0.27,0.28,0.01,0.01,74259.81,1776195708000
1776195710.384,110.384,0.72,0.73,0.27,0.28,0.01,0.01,74259.9,1776195709000
1776195710.804,110.804,0.72,0.73,0.27,0.28,0.01,0.01,74259.9,1776195709000
1776195711.243,111.243,0.72,0.73,0.27,0.28,0.01,0.01,74260.48,1776195710000
1776195711.757,111.757,0.72,0.73,0.27,0.28,0.01,0.01,74260.48,1776195710000
1776195712.164,112.164,0.72,0.73,0.27,0.28,0.01,0.01,74260.48,1776195710000
1776195712.625,112.625,0.72,0.73,0.27,0.28,0.01,0.01,74261.45,1776195711000
1776195712.961,112.961,0.72,0.73,0.27,0.28,0.01,0.01,74261.45,1776195711000
1776195713.321,113.321,0.72,0.73,0.27,0.28,0.01,0.01,74262.17,1776195712000
1776195714.033,114.033,0.73,0.74,0.26,0.28,0.01,0.02,74262.17,1776195712000
1776195714.747,114.747,0.73,0.74,0.26,0.27,0.01,0.01,74262.84,1776195713000
1776195715.54,115.54,0.73,0.74,0.26,0.27,0.01,0.01,74262.84,1776195713000
1776195716.218,116.218,0.73,0.74,0.26,0.27,0.01,0.01,74262.94,1776195714000
1776195716.884,116.884,0.73,0.74,0.26,0.27,0.01,0.01,74263.01,1776195715000
1776195717.367,117.367,0.73,0.74,0.26,0.27,0.01,0.01,74263.54,1776195716000
1776195717.811,117.811,0.74,0.75,0.25,0.27,0.01,0.02,74263.54,1776195716000
1776195718.148,118.148,0.74,0.75,0.25,0.26,0.01,0.01,74263.54,1776195716000
1776195718.927,118.927,0.74,0.75,0.25,0.26,0.01,0.01,74263.84,1776195717000
1776195719.298,119.298,0.77,0.8,0.2,0.23,0.03,0.03,74263.85,1776195718000
1776195719.652,119.652,0.8,0.82,0.18,0.2,0.02,0.02,74263.85,1776195718000
1776195720.0,120.0,0.8,0.82,0.18,0.2,0.02,0.02,74263.85,1776195718000
1776195720.366,120.366,0.81,0.85,0.15,0.18,0.04,0.03,74263.85,1776195718000
1776195720.795,120.795,0.83,0.85,0.15,0.17,0.02,0.02,74268.14,1776195719000
1776195721.145,121.145,0.85,0.87,0.13,0.15,0.02,0.02,74268.14,1776195719000
1776195721.504,121.504,0.85,0.87,0.14,0.15,0.02,0.01,74289.51,1776195720000
1776195721.838,121.838,0.85,0.86,0.14,0.15,0.01,0.01,74289.51,1776195720000
1776195722.198,122.198,0.84,0.86,0.14,0.16,0.02,0.02,74289.51,1776195720000
1776195722.536,122.536,0.82,0.83,0.15,0.17,0.01,0.02,74300.55,1776195721000
1776195722.869,122.869,0.81,0.84,0.16,0.19,0.03,0.03,74300.55,1776195721000
1776195723.29,123.29,0.82,0.83,0.17,0.18,0.01,0.01,74299.34,1776195722000
1776195723.635,123.635,0.81,0.83,0.17,0.18,0.02,0.01,74299.34,1776195722000
1776195723.996,123.996,0.8,0.81,0.19,0.2,0.01,0.01,74299.34,1776195722000
1776195724.438,124.438,0.8,0.81,0.19,0.2,0.01,0.01,74299.34,1776195722000
1776195724.786,124.786,0.79,0.81,0.19,0.2,0.02,0.01,74279.69,1776195723000
1776195725.12,125.12,0.79,0.8,0.2,0.21,0.01,0.01,74279.69,1776195723000
1776195725.614,125.614,0.79,0.8,0.2,0.21,0.01,0.01,74277.85,1776195724000
1776195725.971,125.971,0.79,0.8,0.2,0.21,0.01,0.01,74277.85,1776195724000
1776195726.306,126.306,0.79,0.8,0.2,0.21,0.01,0.01,74277.85,1776195724000
1776195726.643,126.643,0.79,0.8,0.2,0.21,0.01,0.01,74264.55,1776195725000
1776195726.981,126.981,0.79,0.8,0.2,0.21,0.01,0.01,74264.55,1776195725000
1776195727.37,127.37,0.78,0.79,0.2,0.21,0.01,0.01,74264.12,1776195726000
1776195727.723,127.723,0.78,0.79,0.21,0.22,0.01,0.01,74264.12,1776195726000
1776195728.063,128.063,0.78,0.79,0.21,0.22,0.01,0.01,74264.12,1776195726000
1776195728.416,128.416,0.77,0.79,0.21,0.23,0.02,0.02,74264.44,1776195727000
1776195728.887,128.887,0.77,0.78,0.22,0.23,0.01,0.01,74264.44,1776195727000
1776195729.305,129.305,0.77,0.78,0.22,0.23,0.01,0.01,74264.48,1776195728000
1776195729.922,129.922,0.77,0.78,0.22,0.23,0.01,0.01,74264.48,1776195728000
1776195730.424,130.424,0.77,0.78,0.22,0.23,0.01,0.01,74264.48,1776195728000
1776195730.95,130.95,0.77,0.78,0.22,0.23,0.01,0.01,74264.63,1776195729000
1776195731.331,131.331,0.77,0.78,0.22,0.23,0.01,0.01,74264.7,1776195730000
1776195731.701,131.701,0.77,0.78,0.22,0.23,0.01,0.01,74264.7,1776195730000
1776195732.233,132.233,0.77,0.78,0.22,0.23,0.01,0.01,74264.7,1776195730000
1776195732.583,132.583,0.77,0.78,0.22,0.23,0.01,0.01,74264.7,1776195730000
1776195732.957,132.957,0.77,0.78,0.22,0.24,0.01,0.02,74264.69,1776195731000
1776195733.415,133.415,0.77,0.78,0.22,0.23,0.01,0.01,74264.69,1776195731000
1776195733.763,133.763,0.77,0.78,0.22,0.23,0.01,0.01,74264.69,1776195732000
1776195734.224,134.224,0.77,0.78,0.22,0.23,0.01,0.01,74264.8,1776195733000
1776195734.641,134.641,0.77,0.78,0.22,0.23,0.01,0.01,74264.8,1776195733000
1776195735.103,135.103,0.77,0.78,0.22,0.23,0.01,0.01,74264.8,1776195733000
1776195735.438,135.438,0.77,0.78,0.22,0.23,0.01,0.01,74264.76,1776195734000
1776195735.822,135.822,0.77,0.78,0.22,0.23,0.01,0.01,74264.76,1776195734000
1776195736.262,136.262,0.77,0.78,0.22,0.23,0.01,0.01,74264.76,1776195734000
1776195736.608,136.608,0.77,0.78,0.22,0.23,0.01,0.01,74264.83,1776195735000
1776195736.973,136.973,0.77,0.78,0.22,0.23,0.01,0.01,74264.83,1776195735000
1776195737.326,137.326,0.77,0.78,0.22,0.23,0.01,0.01,74264.83,1776195736000
1776195737.696,137.696,0.77,0.78,0.22,0.23,0.01,0.01,74264.83,1776195736000
1776195738.118,138.118,0.77,0.78,0.22,0.23,0.01,0.01,74264.83,1776195736000
1776195738.467,138.467,0.77,0.78,0.22,0.23,0.01,0.01,74264.83,1776195737000
1776195738.812,138.812,0.78,0.79,0.21,0.22,0.01,0.01,74264.83,1776195737000
1776195739.185,139.185,0.78,0.79,0.21,0.22,0.01,0.01,74264.83,1776195737000
1776195739.585,139.585,0.77,0.79,0.21,0.22,0.02,0.01,74264.83,1776195737000
1776195739.928,139.928,0.75,0.76,0.24,0.25,0.01,0.01,74264.69,1776195738000
1776195740.271,140.271,0.75,0.76,0.24,0.25,0.01,0.01,74264.69,1776195739000
1776195740.616,140.616,0.74,0.75,0.24,0.26,0.01,0.02,74264.69,1776195739000
1776195740.972,140.972,0.74,0.75,0.25,0.26,0.01,0.01,74264.69,1776195739000
1776195741.352,141.352,0.73,0.74,0.25,0.26,0.01,0.01,74259.67,1776195740000
1776195741.721,141.721,0.73,0.74,0.26,0.27,0.01,0.01,74259.67,1776195740000
1776195742.06,142.06,0.73,0.74,0.26,0.27,0.01,0.01,74259.67,1776195740000
1776195742.466,142.466,0.73,0.74,0.26,0.27,0.01,0.01,74259.67,1776195740000
1776195742.83,142.83,0.73,0.74,0.26,0.27,0.01,0.01,74254.34,1776195741000
1776195743.379,143.379,0.73,0.74,0.26,0.27,0.01,0.01,74252.53,1776195742000
1776195743.793,143.793,0.73,0.74,0.26,0.27,0.01,0.01,74252.53,1776195742000
1776195744.197,144.197,0.73,0.74,0.26,0.27,0.01,0.01,74252.53,1776195742000
1776195744.604,144.604,0.73,0.74,0.26,0.27,0.01,0.01,74251.12,1776195743000
1776195744.94,144.94,0.73,0.74,0.26,0.27,0.01,0.01,74251.12,1776195743000
1776195745.316,145.316,0.73,0.74,0.26,0.27,0.01,0.01,74251.12,1776195743000
1776195745.679,145.679,0.73,0.74,0.26,0.27,0.01,0.01,74250.37,1776195744000
1776195746.013,146.013,0.73,0.74,0.26,0.27,0.01,0.01,74250.29,1776195745000
1776195746.406,146.406,0.73,0.74,0.26,0.27,0.01,0.01,74250.29,1776195745000
1776195746.821,146.821,0.73,0.74,0.26,0.27,0.01,0.01,74250.29,1776195745000
1776195747.179,147.179,0.73,0.74,0.26,0.27,0.01,0.01,74250.84,1776195746000
1776195747.527,147.527,0.73,0.74,0.26,0.27,0.01,0.01,74250.84,1776195746000
1776195747.864,147.864,0.73,0.78,0.22,0.27,0.05,0.05,74250.84,1776195746000
1776195748.205,148.205,0.75,0.76,0.24,0.25,0.01,0.01,74250.84,1776195747000
1776195748.581,148.581,0.75,0.76,0.24,0.25,0.01,0.01,74250.84,1776195747000
1776195748.927,148.927,0.75,0.76,0.24,0.25,0.01,0.01,74250.84,1776195747000
1776195749.274,149.274,0.75,0.76,0.24,0.25,0.01,0.01,74250.62,1776195748000
1776195749.656,149.656,0.74,0.75,0.25,0.26,0.01,0.01,74250.62,1776195748000
1776195750.039,150.039,0.74,0.75,0.25,0.26,0.01,0.01,74250.62,1776195748000
1776195750.916,150.916,0.74,0.75,0.25,0.26,0.01,0.01,74250.63,1776195749000
1776195751.264,151.264,0.74,0.75,0.25,0.26,0.01,0.01,74250.63,1776195749000
1776195752.129,152.129,0.74,0.75,0.25,0.26,0.01,0.01,74250.65,1776195750000
1776195752.513,152.513,0.74,0.75,0.25,0.26,0.01,0.01,74250.7,1776195751000
1776195753.326,153.326,0.74,0.75,0.25,0.26,0.01,0.01,74250.7,1776195752000
1776195753.698,153.698,0.73,0.74,0.25,0.27,0.01,0.02,74250.7,1776195752000
1776195754.046,154.046,0.73,0.74,0.26,0.27,0.01,0.01,74250.7,1776195753000
1776195755.023,155.023,0.73,0.74,0.26,0.27,0.01,0.01,74250.7,1776195753000
1776195755.465,155.465,0.73,0.74,0.26,0.27,0.01,0.01,74250.69,1776195754000
1776195755.92,155.92,0.73,0.74,0.26,0.27,0.01,0.01,74250.7,1776195755000
1776195756.264,156.264,0.73,0.74,0.26,0.27,0.01,0.01,74250.7,1776195755000
1776195756.963,156.963,0.73,0.74,0.26,0.27,0.01,0.01,74250.71,1776195756000
1776195757.604,157.604,0.73,0.74,0.26,0.27,0.01,0.01,74250.71,1776195756000
1776195758.237,158.237,0.73,0.74,0.26,0.27,0.01,0.01,74250.71,1776195757000
1776195758.829,158.829,0.73,0.74,0.26,0.27,0.01,0.01,74252.72,1776195758000
1776195759.227,159.227,0.73,0.74,0.26,0.27,0.01,0.01,74252.72,1776195758000
1776195759.588,159.588,0.72,0.74,0.26,0.27,0.02,0.01,74252.72,1776195758000
1776195760.051,160.051,0.73,0.74,0.26,0.28,0.01,0.02,74252.72,1776195758000
1776195760.728,160.728,0.73,0.74,0.26,0.27,0.01,0.01,74253.13,1776195759000
1776195761.287,161.287,0.73,0.74,0.26,0.27,0.01,0.01,74253.13,1776195759000
1776195761.623,161.623,0.73,0.74,0.26,0.27,0.01,0.01,74253.13,1776195759000
1776195762.03,162.03,0.73,0.74,0.26,0.27,0.01,0.01,74253.13,1776195759000
1776195763.098,163.098,0.73,0.74,0.26,0.27,0.01,0.01,74253.17,1776195761000
1776195763.552,163.552,0.73,0.74,0.26,0.27,0.01,0.01,74253.17,1776195761000
1776195764.063,164.063,0.73,0.74,0.26,0.27,0.01,0.01,74253.26,1776195762000
1776195764.542,164.542,0.73,0.74,0.26,0.27,0.01,0.01,74253.26,1776195762000
1776195765.22,165.22,0.73,0.74,0.26,0.27,0.01,0.01,74253.2,1776195763000
1776195766.036,166.036,0.73,0.74,0.26,0.27,0.01,0.01,74253.69,1776195764000
1776195766.709,166.709,0.73,0.74,0.26,0.27,0.01,0.01,74253.69,1776195764000
1776195767.603,167.603,0.73,0.74,0.26,0.27,0.01,0.01,74253.83,1776195765000
1776195768.109,168.109,0.73,0.74,0.26,0.27,0.01,0.01,74253.69,1776195766000
1776195768.455,168.455,0.73,0.74,0.26,0.27,0.01,0.01,74253.7,1776195767000
1776195768.973,168.973,0.73,0.74,0.26,0.27,0.01,0.01,74253.7,1776195767000
1776195769.513,169.513,0.73,0.74,0.26,0.27,0.01,0.01,74253.7,1776195767000
1776195770.375,170.375,0.73,0.74,0.26,0.27,0.01,0.01,74253.43,1776195769000
1776195771.145,171.145,0.73,0.74,0.26,0.27,0.01,0.01,74253.43,1776195770000
1776195772.847,172.847,0.73,0.74,0.26,0.27,0.01,0.01,74254.08,1776195771000
1776195773.24,173.24,0.73,0.74,0.26,0.27,0.01,0.01,74254.08,1776195771000
1776195773.585,173.585,0.72,0.74,0.26,0.28,0.02,0.02,74252.31,1776195772000
1776195773.938,173.938,0.71,0.72,0.27,0.29,0.01,0.02,74252.31,1776195772000
1776195774.272,174.272,0.65,0.67,0.33,0.35,0.02,0.02,74239.44,1776195773000
1776195774.607,174.607,0.64,0.67,0.33,0.36,0.03,0.03,74239.44,1776195773000
1776195774.942,174.942,0.61,0.65,0.34,0.39,0.04,0.05,74239.44,1776195773000
1776195775.294,175.294,0.62,0.64,0.36,0.38,0.02,0.02,74239.44,1776195773000
1776195775.726,175.726,0.6,0.63,0.37,0.4,0.03,0.03,74222.72,1776195774000
1776195776.445,176.445,0.6,0.63,0.37,0.4,0.03,0.03,74220.17,1776195775000
1776195777.257,177.257,0.6,0.64,0.36,0.4,0.04,0.04,74219.85,1776195776000
1776195777.684,177.684,0.6,0.63,0.36,0.4,0.03,0.04,74219.85,1776195776000
1776195778.169,178.169,0.6,0.63,0.37,0.4,0.03,0.03,74219.85,1776195776000
1776195778.545,178.545,0.61,0.62,0.37,0.4,0.01,0.03,74219.85,1776195776000
1776195779.178,179.178,0.58,0.61,0.39,0.42,0.03,0.03,74204.56,1776195777000
1776195779.512,179.512,0.57,0.6,0.4,0.43,0.03,0.03,74204.28,1776195778000
1776195780.027,180.027,0.54,0.55,0.43,0.46,0.01,0.03,74204.28,1776195778000
1776195780.362,180.362,0.53,0.57,0.44,0.47,0.04,0.03,74205.12,1776195779000
1776195780.736,180.736,0.53,0.55,0.45,0.46,0.02,0.01,74205.12,1776195779000
1776195781.105,181.105,0.52,0.54,0.46,0.48,0.02,0.02,74205.12,1776195779000
1776195781.51,181.51,0.51,0.53,0.47,0.49,0.02,0.02,74205.12,1776195779000
1776195782.128,182.128,0.5,0.51,0.49,0.5,0.01,0.01,74202.36,1776195780000
1776195782.794,182.794,0.5,0.52,0.49,0.5,0.02,0.01,74202.36,1776195780000
1776195783.567,183.567,0.5,0.51,0.49,0.5,0.01,0.01,74193.87,1776195782000
1776195784.063,184.063,0.5,0.51,0.49,0.5,0.01,0.01,74193.87,1776195782000
1776195784.744,184.744,0.5,0.51,0.49,0.5,0.01,0.01,74193.68,1776195783000
1776195785.234,185.234,0.5,0.51,0.49,0.5,0.01,0.01,74193.68,1776195783000
1776195785.644,185.644,0.49,0.51,0.49,0.51,0.02,0.02,74193.9,1776195784000
1776195785.989,185.989,0.46,0.5,0.5,0.54,0.04,0.04,74193.9,1776195784000
1776195786.334,186.334,0.5,0.51,0.49,0.5,0.01,0.01,74193.9,1776195784000
1776195786.689,186.689,0.5,0.52,0.49,0.5,0.02,0.01,74193.9,1776195784000
1776195787.028,187.028,0.51,0.54,0.46,0.49,0.03,0.03,74193.84,1776195785000
1776195787.387,187.387,0.49,0.5,0.5,0.53,0.01,0.03,74193.84,1776195785000
1776195787.728,187.728,0.47,0.48,0.5,0.53,0.01,0.03,74199.96,1776195786000
1776195788.395,188.395,0.47,0.5,0.5,0.53,0.03,0.03,74201.78,1776195787000
1776195789.079,189.079,0.47,0.5,0.5,0.53,0.03,0.03,74199.6,1776195788000
1776195789.532,189.532,0.47,0.5,0.5,0.53,0.03,0.03,74199.6,1776195788000
1776195790.079,190.079,0.47,0.49,0.5,0.53,0.02,0.03,74199.6,1776195788000
1776195790.667,190.667,0.47,0.49,0.51,0.53,0.02,0.02,74176.12,1776195789000
1776195791.541,191.541,0.48,0.49,0.51,0.52,0.01,0.01,74175.87,1776195790000
1776195791.941,191.941,0.48,0.5,0.5,0.52,0.02,0.02,74175.87,1776195790000
1776195792.302,192.302,0.48,0.49,0.51,0.52,0.01,0.01,74174.7,1776195791000
1776195792.639,192.639,0.4,0.46,0.54,0.59,0.06,0.05,74174.7,1776195791000
1776195792.986,192.986,0.4,0.46,0.54,0.6,0.06,0.06,74174.7,1776195791000
1776195793.323,193.323,0.39,0.46,0.54,0.61,0.07,0.07,74174.7,1776195791000
1776195793.732,193.732,0.39,0.46,0.54,0.61,0.07,0.07,74160.04,1776195792000
1776195794.107,194.107,0.39,0.46,0.6,0.61,0.07,0.01,74160.04,1776195792000
1776195794.44,194.44,0.37,0.38,0.62,0.63,0.01,0.01,74146.22,1776195793000
1776195794.822,194.822,0.36,0.38,0.62,0.63,0.02,0.01,74146.22,1776195793000
1776195795.17,195.17,0.37,0.38,0.62,0.63,0.01,0.01,74133.92,1776195794000
1776195795.526,195.526,0.34,0.41,0.59,0.66,0.07,0.07,74133.92,1776195794000
1776195796.031,196.031,0.33,0.41,0.59,0.67,0.08,0.08,74133.92,1776195794000
1776195796.388,196.388,0.33,0.34,0.66,0.67,0.01,0.01,74133.92,1776195794000
1776195796.734,196.734,0.3,0.34,0.66,0.7,0.04,0.04,74141.18,1776195795000
1776195797.075,197.075,0.19,0.38,0.62,0.81,0.19,0.19,74141.18,1776195795000
1776195797.421,197.421,0.23,0.39,0.62,0.77,0.16,0.15,74141.18,1776195795000
1776195797.756,197.756,0.33,0.34,0.66,0.67,0.01,0.01,74138.06,1776195796000
1776195798.099,198.099,0.2,0.29,0.71,0.8,0.09,0.09,74138.06,1776195796000
1776195798.434,198.434,0.23,0.31,0.69,0.77,0.08,0.08,74142.7,1776195797000
1776195798.781,198.781,0.22,0.25,0.75,0.79,0.03,0.04,74142.7,1776195797000
1776195799.141,199.141,0.25,0.31,0.69,0.75,0.06,0.06,74142.7,1776195797000
1776195799.514,199.514,0.24,0.26,0.74,0.76,0.02,0.02,74142.7,1776195797000
1776195799.851,199.851,0.23,0.26,0.73,0.76,0.03,0.03,74156.09,1776195798000
1776195800.192,200.192,0.24,0.28,0.72,0.76,0.04,0.04,74156.09,1776195798000
1776195800.529,200.529,0.24,0.26,0.73,0.76,0.02,0.03,74156.03,1776195799000
1776195800.872,200.872,0.24,0.25,0.75,0.76,0.01,0.01,74156.03,1776195799000
1776195801.247,201.247,0.25,0.26,0.74,0.75,0.01,0.01,74156.03,1776195799000
1776195801.602,201.602,0.25,0.26,0.74,0.75,0.01,0.01,74156.03,1776195799000
1776195802.041,202.041,0.25,0.26,0.74,0.75,0.01,0.01,74156.68,1776195800000
1776195802.409,202.409,0.24,0.25,0.74,0.76,0.01,0.02,74156.68,1776195800000
1776195802.766,202.766,0.24,0.25,0.75,0.76,0.01,0.01,74157.43,1776195801000
1776195803.123,203.123,0.24,0.25,0.75,0.76,0.01,0.01,74157.43,1776195801000
1776195803.464,203.464,0.24,0.25,0.75,0.76,0.01,0.01,74157.43,1776195802000
1776195803.839,203.839,0.24,0.25,0.75,0.76,0.01,0.01,74157.43,1776195802000
1776195804.191,204.191,0.23,0.25,0.75,0.77,0.02,0.02,74157.43,1776195802000
1776195804.531,204.531,0.23,0.24,0.76,0.77,0.01,0.01,74157.49,1776195803000
1776195805.046,205.046,0.22,0.23,0.76,0.78,0.01,0.02,74157.49,1776195803000
1776195805.588,205.588,0.22,0.23,0.77,0.78,0.01,0.01,74157.55,1776195804000
1776195805.93,205.93,0.22,0.23,0.77,0.78,0.01,0.01,74157.55,1776195804000
1776195806.295,206.295,0.22,0.23,0.77,0.78,0.01,0.01,74157.55,1776195804000
1776195806.689,206.689,0.22,0.23,0.77,0.78,0.01,0.01,74157.54,1776195805000
1776195807.096,207.096,0.22,0.23,0.77,0.78,0.01,0.01,74157.56,1776195806000
1776195807.475,207.475,0.29,0.3,0.7,0.71,0.01,0.01,74157.56,1776195806000
1776195807.842,207.842,0.29,0.32,0.68,0.71,0.03,0.03,74157.56,1776195806000
1776195808.223,208.223,0.28,0.3,0.7,0.72,0.02,0.02,74157.56,1776195806000
1776195808.619,208.619,0.28,0.29,0.71,0.73,0.01,0.02,74166.26,1776195807000
1776195808.98,208.98,0.26,0.29,0.71,0.72,0.03,0.01,74166.26,1776195807000
1776195809.319,209.319,0.28,0.29,0.71,0.72,0.01,0.01,74166.59,1776195808000
1776195809.683,209.683,0.28,0.29,0.71,0.72,0.01,0.01,74166.59,1776195808000
1776195810.062,210.062,0.27,0.28,0.72,0.73,0.01,0.01,74166.59,1776195808000
1776195810.527,210.527,0.26,0.28,0.72,0.74,0.02,0.02,74165.35,1776195809000
1776195811.004,211.004,0.26,0.27,0.73,0.74,0.01,0.01,74165.35,1776195809000
1776195811.362,211.362,0.26,0.27,0.73,0.74,0.01,0.01,74165.82,1776195810000
1776195811.861,211.861,0.25,0.26,0.73,0.75,0.01,0.02,74165.82,1776195810000
1776195812.317,212.317,0.25,0.26,0.74,0.75,0.01,0.01,74165.82,1776195810000
1776195812.673,212.673,0.26,0.27,0.73,0.74,0.01,0.01,74166.51,1776195811000
1776195813.035,213.035,0.26,0.28,0.72,0.74,0.02,0.02,74165.97,1776195812000
1776195813.481,213.481,0.26,0.27,0.73,0.74,0.01,0.01,74165.97,1776195812000
1776195813.944,213.944,0.26,0.27,0.72,0.74,0.01,0.02,74165.97,1776195812000
1776195814.278,214.278,0.26,0.27,0.73,0.74,0.01,0.01,74165.97,1776195812000
1776195814.688,214.688,0.26,0.27,0.73,0.74,0.01,0.01,74171.07,1776195813000
1776195815.045,215.045,0.26,0.27,0.73,0.74,0.01,0.01,74171.07,1776195813000
1776195815.391,215.391,0.23,0.26,0.76,0.77,0.03,0.01,74171.07,1776195813000
1776195815.846,215.846,0.21,0.22,0.78,0.79,0.01,0.01,74170.62,1776195814000
1776195816.179,216.179,0.21,0.22,0.78,0.79,0.01,0.01,74170.62,1776195814000
1776195816.546,216.546,0.21,0.22,0.78,0.79,0.01,0.01,74167.16,1776195815000
1776195816.902,216.902,0.21,0.22,0.78,0.79,0.01,0.01,74167.16,1776195815000
1776195817.248,217.248,0.2,0.21,0.79,0.8,0.01,0.01,74167.16,1776195815000
1776195817.583,217.583,0.2,0.21,0.79,0.8,0.01,0.01,74157.47,1776195816000
1776195817.93,217.93,0.2,0.21,0.79,0.8,0.01,0.01,74157.47,1776195816000
1776195818.294,218.294,0.19,0.2,0.8,0.81,0.01,0.01,74157.47,1776195816000
1776195818.644,218.644,0.19,0.2,0.8,0.81,0.01,0.01,74156.56,1776195817000
1776195819.083,219.083,0.18,0.19,0.8,0.82,0.01,0.02,74156.56,1776195817000
1776195819.436,219.436,0.18,0.19,0.81,0.82,0.01,0.01,74155.65,1776195818000
1776195819.776,219.776,0.18,0.19,0.81,0.82,0.01,0.01,74155.65,1776195818000
1776195820.11,220.11,0.18,0.19,0.81,0.82,0.01,0.01,74155.65,1776195818000
1776195820.629,220.629,0.17,0.18,0.81,0.83,0.01,0.02,74155.23,1776195819000
1776195821.094,221.094,0.17,0.19,0.82,0.83,0.02,0.01,74155.23,1776195819000
1776195821.431,221.431,0.16,0.18,0.83,0.84,0.02,0.01,74155.17,1776195820000
1776195821.77,221.77,0.16,0.17,0.83,0.84,0.01,0.01,74155.17,1776195820000
1776195822.133,222.133,0.16,0.17,0.83,0.84,0.01,0.01,74155.17,1776195820000
1776195822.473,222.473,0.16,0.17,0.83,0.84,0.01,0.01,74154.25,1776195821000
1776195823.106,223.106,0.15,0.16,0.84,0.85,0.01,0.01,74154.25,1776195821000
1776195823.461,223.461,0.15,0.16,0.84,0.86,0.01,0.02,74148.88,1776195822000
1776195823.87,223.87,0.14,0.15,0.85,0.86,0.01,0.01,74148.88,1776195822000
1776195824.204,224.204,0.13,0.15,0.85,0.87,0.02,0.02,74148.88,1776195822000
1776195824.57,224.57,0.13,0.14,0.86,0.87,0.01,0.01,74148.09,1776195823000
1776195824.946,224.946,0.13,0.14,0.86,0.88,0.01,0.02,74146.51,1776195824000
1776195825.299,225.299,0.12,0.13,0.86,0.88,0.01,0.02,74146.51,1776195824000
1776195825.637,225.637,0.12,0.13,0.87,0.88,0.01,0.01,74146.51,1776195824000
1776195825.984,225.984,0.11,0.12,0.87,0.89,0.01,0.02,74139.75,1776195825000
1776195826.322,226.322,0.11,0.12,0.88,0.89,0.01,0.01,74139.75,1776195825000
1776195826.739,226.739,0.11,0.12,0.88,0.89,0.01,0.01,74139.75,1776195825000
1776195827.073,227.073,0.11,0.12,0.88,0.89,0.01,0.01,74133.68,1776195826000
1776195827.462,227.462,0.11,0.12,0.88,0.89,0.01,0.01,74133.68,1776195826000
1776195827.816,227.816,0.1,0.12,0.88,0.9,0.02,0.02,74133.68,1776195826000
1776195828.249,228.249,0.1,0.11,0.89,0.9,0.01,0.01,74133.01,1776195827000
1776195828.597,228.597,0.1,0.11,0.89,0.9,0.01,0.01,74133.01,1776195827000
1776195828.931,228.931,0.09,0.1,0.9,0.91,0.01,0.01,74133.01,1776195827000
1776195829.32,229.32,0.09,0.1,0.9,0.91,0.01,0.01,74132.81,1776195828000
1776195829.669,229.669,0.09,0.1,0.9,0.91,0.01,0.01,74132.81,1776195828000
1776195830.048,230.048,0.09,0.1,0.9,0.91,0.01,0.01,74131.47,1776195829000
1776195830.445,230.445,0.08,0.09,0.91,0.92,0.01,0.01,74131.47,1776195829000
1776195830.933,230.933,0.08,0.09,0.91,0.92,0.01,0.01,74131.47,1776195829000
1776195831.284,231.284,0.08,0.09,0.91,0.92,0.01,0.01,74129.23,1776195830000
1776195831.619,231.619,0.07,0.09,0.91,0.93,0.02,0.02,74129.23,1776195830000
1776195831.968,231.968,0.08,0.09,0.91,0.92,0.01,0.01,74129.23,1776195830000
1776195832.441,232.441,0.08,0.1,0.9,0.92,0.02,0.02,74128.28,1776195831000
1776195832.782,232.782,0.1,0.11,0.89,0.9,0.01,0.01,74128.28,1776195831000
1776195833.122,233.122,0.11,0.12,0.88,0.89,0.01,0.01,74127.92,1776195832000
1776195833.495,233.495,0.14,0.15,0.85,0.86,0.01,0.01,74127.92,1776195832000
1776195833.829,233.829,0.11,0.12,0.88,0.89,0.01,0.01,74127.92,1776195832000
1776195834.18,234.18,0.12,0.13,0.85,0.88,0.01,0.03,74142.09,1776195833000
1776195834.537,234.537,0.12,0.14,0.86,0.87,0.02,0.01,74142.09,1776195833000
1776195834.898,234.898,0.13,0.14,0.86,0.87,0.01,0.01,74142.09,1776195833000
1776195835.245,235.245,0.13,0.14,0.86,0.87,0.01,0.01,74142.09,1776195833000
1776195835.584,235.584,0.13,0.14,0.86,0.87,0.01,0.01,74150.07,1776195834000
1776195835.959,235.959,0.13,0.14,0.86,0.87,0.01,0.01,74150.07,1776195834000
1776195836.321,236.321,0.13,0.14,0.86,0.87,0.01,0.01,74150.05,1776195835000
1776195836.696,236.696,0.13,0.14,0.86,0.87,0.01,0.01,74150.05,1776195835000
1776195837.031,237.031,0.13,0.14,0.86,0.87,0.01,0.01,74150.05,1776195835000
1776195837.378,237.378,0.13,0.14,0.86,0.87,0.01,0.01,74150.19,1776195836000
1776195837.803,237.803,0.13,0.14,0.86,0.87,0.01,0.01,74150.19,1776195836000
1776195838.274,238.274,0.13,0.14,0.86,0.87,0.01,0.01,74150.19,1776195836000
1776195838.738,238.738,0.13,0.14,0.86,0.87,0.01,0.01,74150.19,1776195837000
1776195839.097,239.097,0.13,0.14,0.86,0.87,0.01,0.01,74150.19,1776195837000
1776195839.445,239.445,0.12,0.13,0.87,0.88,0.01,0.01,74150.19,1776195838000
1776195839.837,239.837,0.12,0.13,0.87,0.88,0.01,0.01,74150.19,1776195838000
1776195840.523,240.523,0.12,0.13,0.87,0.88,0.01,0.01,74150.06,1776195839000
1776195840.953,240.953,0.12,0.13,0.87,0.88,0.01,0.01,74150.06,1776195839000
1776195841.31,241.31,0.12,0.13,0.87,0.88,0.01,0.01,74150.19,1776195840000
1776195841.657,241.657,0.12,0.13,0.87,0.88,0.01,0.01,74150.19,1776195840000
1776195842.015,242.015,0.12,0.13,0.87,0.88,0.01,0.01,74150.19,1776195840000
1776195842.41,242.41,0.12,0.13,0.87,0.88,0.01,0.01,74152.69,1776195841000
1776195842.747,242.747,0.12,0.13,0.87,0.88,0.01,0.01,74152.69,1776195841000
1776195843.104,243.104,0.12,0.13,0.87,0.88,0.01,0.01,74152.69,1776195841000
1776195843.467,243.467,0.12,0.13,0.87,0.88,0.01,0.01,74152.69,1776195842000
1776195843.854,243.854,0.12,0.13,0.87,0.88,0.01,0.01,74152.69,1776195842000
1776195844.284,244.284,0.1,0.11,0.88,0.9,0.01,0.02,74152.69,1776195843000
1776195844.633,244.633,0.09,0.1,0.9,0.91,0.01,0.01,74152.69,1776195843000
1776195844.998,244.998,0.09,0.1,0.9,0.91,0.01,0.01,74152.69,1776195843000
1776195845.368,245.368,0.09,0.1,0.9,0.91,0.01,0.01,74152.67,1776195844000
1776195845.759,245.759,0.09,0.1,0.9,0.91,0.01,0.01,74152.67,1776195844000
1776195846.13,246.13,0.09,0.1,0.9,0.91,0.01,0.01,74152.67,1776195844000
1776195846.519,246.519,0.09,0.1,0.9,0.91,0.01,0.01,74147.02,1776195845000
1776195847.105,247.105,0.08,0.09,0.9,0.91,0.01,0.01,74147.02,1776195845000
1776195847.499,247.499,0.08,0.09,0.91,0.92,0.01,0.01,74147.02,1776195845000
1776195848.087,248.087,0.08,0.09,0.91,0.92,0.01,0.01,74145.87,1776195846000
1776195848.441,248.441,0.07,0.08,0.92,0.93,0.01,0.01,74146.03,1776195847000
1776195848.798,248.798,0.07,0.08,0.92,0.93,0.01,0.01,74146.03,1776195847000
1776195849.146,249.146,0.07,0.08,0.92,0.93,0.01,0.01,74146.03,1776195847000
1776195849.481,249.481,0.07,0.08,0.92,0.93,0.01,0.01,74145.12,1776195848000
1776195849.879,249.879,0.06,0.07,0.93,0.94,0.01,0.01,74145.12,1776195848000
1776195850.413,250.413,0.06,0.07,0.93,0.94,0.01,0.01,74145.12,1776195848000
1776195850.747,250.747,0.06,0.07,0.93,0.94,0.01,0.01,74143.13,1776195849000
1776195851.087,251.087,0.06,0.07,0.93,0.94,0.01,0.01,74143.13,1776195849000
1776195851.487,251.487,0.05,0.07,0.93,0.94,0.02,0.01,74141.58,1776195850000
1776195851.824,251.824,0.05,0.06,0.94,0.95,0.01,0.01,74141.58,1776195850000
1776195852.166,252.166,0.05,0.06,0.94,0.95,0.01,0.01,74134.23,1776195851000
1776195852.552,252.552,0.05,0.06,0.94,0.95,0.01,0.01,74134.23,1776195851000
1776195852.895,252.895,0.05,0.06,0.94,0.95,0.01,0.01,74134.23,1776195851000
1776195853.244,253.244,0.05,0.06,0.94,0.95,0.01,0.01,74134.23,1776195851000
1776195853.765,253.765,0.05,0.06,0.94,0.95,0.01,0.01,74129.1,1776195852000
1776195854.274,254.274,0.05,0.06,0.94,0.95,0.01,0.01,74129.1,1776195852000
1776195854.616,254.616,0.05,0.06,0.94,0.95,0.01,0.01,74128.68,1776195853000
1776195855.07,255.07,0.05,0.06,0.94,0.95,0.01,0.01,74128.68,1776195853000
1776195855.49,255.49,0.04,0.05,0.95,0.96,0.01,0.01,74128.47,1776195854000
1776195855.849,255.849,0.04,0.05,0.95,0.96,0.01,0.01,74128.47,1776195854000
1776195856.221,256.221,0.04,0.05,0.95,0.96,0.01,0.01,74128.48,1776195855000
1776195856.643,256.643,0.04,0.05,0.95,0.96,0.01,0.01,74128.48,1776195855000
1776195857.042,257.042,0.04,0.05,0.95,0.96,0.01,0.01,74128.48,1776195855000
1776195857.418,257.418,0.03,0.05,0.95,0.96,0.02,0.01,74128.47,1776195856000
1776195857.795,257.795,0.03,0.04,0.96,0.97,0.01,0.01,74128.47,1776195856000
1776195858.14,258.14,0.03,0.04,0.96,0.97,0.01,0.01,74128.47,1776195856000
1776195858.632,258.632,0.03,0.04,0.96,0.97,0.01,0.01,74128.47,1776195857000
1776195858.969,258.969,0.03,0.04,0.96,0.97,0.01,0.01,74128.47,1776195857000
1776195859.388,259.388,0.03,0.04,0.96,0.97,0.01,0.01,74128.47,1776195858000
1776195859.762,259.762,0.03,0.04,0.96,0.97,0.01,0.01,74128.47,1776195858000
1776195860.421,260.421,0.03,0.04,0.96,0.97,0.01,0.01,74128.47,1776195859000
1776195860.798,260.798,0.03,0.04,0.96,0.97,0.01,0.01,74128.47,1776195859000
1776195861.288,261.288,0.02,0.03,0.97,0.98,0.01,0.01,74128.47,1776195860000
1776195861.712,261.712,0.02,0.03,0.97,0.98,0.01,0.01,74128.47,1776195860000
1776195862.068,262.068,0.02,0.03,0.97,0.98,0.01,0.01,74128.47,1776195860000
1776195862.423,262.423,0.03,0.05,0.95,0.97,0.02,0.02,74128.47,1776195861000
1776195862.758,262.758,0.03,0.06,0.94,0.97,0.03,0.03,74128.47,1776195861000
1776195863.122,263.122,0.03,0.04,0.93,0.97,0.01,0.04,74128.47,1776195861000
1776195863.507,263.507,0.06,0.12,0.84,0.93,0.06,0.09,74128.47,1776195861000
1776195863.851,263.851,0.05,0.14,0.86,0.95,0.09,0.09,74128.47,1776195862000
1776195864.226,264.226,0.07,0.08,0.92,0.93,0.01,0.01,74128.47,1776195862000
1776195864.559,264.559,0.07,0.13,0.87,0.93,0.06,0.06,74173.91,1776195863000
1776195864.892,264.892,0.09,0.12,0.88,0.91,0.03,0.03,74173.91,1776195863000
1776195865.245,265.245,0.1,0.11,0.89,0.9,0.01,0.01,74176.21,1776195864000
1776195865.58,265.58,0.1,0.11,0.89,0.9,0.01,0.01,74176.21,1776195864000
1776195865.921,265.921,0.1,0.11,0.89,0.9,0.01,0.01,74176.21,1776195864000
1776195866.28,266.28,0.1,0.11,0.89,0.94,0.01,0.05,74176.21,1776195864000
1776195866.668,266.668,0.1,0.11,0.89,0.9,0.01,0.01,74166.45,1776195865000
1776195867.062,267.062,0.14,0.16,0.85,0.86,0.02,0.01,74166.45,1776195865000
1776195867.441,267.441,0.14,0.15,0.85,0.86,0.01,0.01,74163.79,1776195866000
1776195867.789,267.789,0.15,0.16,0.84,0.85,0.01,0.01,74163.79,1776195866000
1776195868.142,268.142,0.15,0.16,0.84,0.85,0.01,0.01,74163.79,1776195866000
1776195868.488,268.488,0.15,0.16,0.84,0.85,0.01,0.01,74164.33,1776195867000
1776195868.828,268.828,0.15,0.16,0.84,0.85,0.01,0.01,74164.33,1776195867000
1776195869.197,269.197,0.15,0.16,0.84,0.85,0.01,0.01,74174.71,1776195868000
1776195869.543,269.543,0.15,0.16,0.84,0.85,0.01,0.01,74174.71,1776195868000
1776195869.883,269.883,0.15,0.16,0.84,0.85,0.01,0.01,74174.71,1776195868000
1776195870.232,270.232,0.15,0.16,0.84,0.85,0.01,0.01,74174.71,1776195868000
1776195870.721,270.721,0.12,0.16,0.84,0.88,0.04,0.04,74179.24,1776195869000
1776195871.058,271.058,0.11,0.13,0.87,0.89,0.02,0.02,74177.44,1776195870000
1776195871.404,271.404,0.09,0.11,0.88,0.9,0.02,0.02,74177.44,1776195870000
1776195871.741,271.741,0.09,0.1,0.9,0.91,0.01,0.01,74177.44,1776195870000
1776195872.1,272.1,0.1,0.11,0.89,0.9,0.01,0.01,74177.44,1776195870000
1776195872.469,272.469,0.1,0.11,0.89,0.9,0.01,0.01,74170.13,1776195871000
1776195872.811,272.811,0.12,0.14,0.86,0.88,0.02,0.02,74170.13,1776195871000
1776195873.2,273.2,0.15,0.17,0.85,0.87,0.02,0.02,74164.06,1776195872000
1776195873.675,273.675,0.15,0.16,0.84,0.85,0.01,0.01,74164.06,1776195872000
1776195874.05,274.05,0.15,0.16,0.84,0.85,0.01,0.01,74164.06,1776195872000
1776195874.438,274.438,0.15,0.16,0.84,0.85,0.01,0.01,74175.87,1776195873000
1776195874.797,274.797,0.15,0.16,0.84,0.85,0.01,0.01,74175.87,1776195873000
1776195875.189,275.189,0.15,0.16,0.84,0.85,0.01,0.01,74178.36,1776195874000
1776195875.549,275.549,0.14,0.15,0.84,0.86,0.01,0.02,74178.36,1776195874000
1776195875.939,275.939,0.14,0.15,0.85,0.86,0.01,0.01,74178.36,1776195874000
1776195876.279,276.279,0.14,0.15,0.85,0.86,0.01,0.01,74178.36,1776195874000
1776195876.848,276.848,0.14,0.15,0.85,0.86,0.01,0.01,74178.52,1776195875000
1776195877.195,277.195,0.14,0.15,0.85,0.86,0.01,0.01,74178.52,1776195875000
1776195877.623,277.623,0.14,0.15,0.85,0.86,0.01,0.01,74176.54,1776195876000
1776195877.967,277.967,0.14,0.15,0.85,0.86,0.01,0.01,74176.54,1776195876000
1776195878.323,278.323,0.14,0.15,0.85,0.86,0.01,0.01,74176.54,1776195876000
1776195878.667,278.667,0.14,0.15,0.85,0.86,0.01,0.01,74176.45,1776195877000
1776195879.017,279.017,0.14,0.15,0.85,0.86,0.01,0.01,74176.45,1776195877000
1776195879.567,279.567,0.13,0.14,0.85,0.86,0.01,0.01,74176.45,1776195877000
1776195879.987,279.987,0.13,0.14,0.86,0.87,0.01,0.01,74179.61,1776195878000
1776195880.323,280.323,0.13,0.14,0.86,0.87,0.01,0.01,74179.61,1776195878000
1776195880.73,280.73,0.13,0.14,0.86,0.87,0.01,0.01,74179.49,1776195879000
1776195881.114,281.114,0.13,0.14,0.86,0.87,0.01,0.01,74179.49,1776195879000
1776195881.464,281.464,0.13,0.14,0.86,0.87,0.01,0.01,74179.71,1776195880000
1776195881.827,281.827,0.13,0.14,0.86,0.87,0.01,0.01,74179.71,1776195880000
1776195882.175,282.175,0.13,0.14,0.86,0.87,0.01,0.01,74179.71,1776195880000
1776195882.602,282.602,0.13,0.14,0.86,0.87,0.01,0.01,74179.71,1776195880000
1776195882.979,282.979,0.13,0.14,0.86,0.87,0.01,0.01,74179.95,1776195881000
1776195883.322,283.322,0.13,0.14,0.86,0.87,0.01,0.01,74179.95,1776195881000
1776195883.662,283.662,0.13,0.14,0.86,0.87,0.01,0.01,74179.95,1776195881000
1776195884.081,284.081,0.13,0.14,0.86,0.87,0.01,0.01,74180.03,1776195882000
1776195884.432,284.432,0.13,0.14,0.86,0.87,0.01,0.01,74180.03,1776195883000
1776195884.784,284.784,0.13,0.14,0.86,0.87,0.01,0.01,74180.03,1776195883000
1776195885.128,285.128,0.13,0.14,0.86,0.87,0.01,0.01,74180.03,1776195883000
1776195885.467,285.467,0.13,0.14,0.86,0.87,0.01,0.01,74180.03,1776195883000
1776195885.802,285.802,0.13,0.14,0.86,0.87,0.01,0.01,74179.86,1776195884000
1776195886.175,286.175,0.13,0.14,0.86,0.87,0.01,0.01,74179.86,1776195884000
1776195886.561,286.561,0.13,0.14,0.86,0.87,0.01,0.01,74179.32,1776195885000
1776195886.997,286.997,0.13,0.14,0.86,0.87,0.01,0.01,74179.32,1776195885000
1776195887.369,287.369,0.13,0.14,0.86,0.87,0.01,0.01,74179.32,1776195885000
1776195887.729,287.729,0.13,0.14,0.86,0.87,0.01,0.01,74179.96,1776195886000
1776195888.112,288.112,0.14,0.15,0.85,0.86,0.01,0.01,74179.96,1776195886000
1776195888.463,288.463,0.12,0.13,0.86,0.88,0.01,0.02,74179.98,1776195887000
1776195888.88,288.88,0.12,0.13,0.86,0.88,0.01,0.02,74179.98,1776195887000
1776195889.268,289.268,0.14,0.15,0.87,0.88,0.01,0.01,74179.98,1776195887000
1776195889.631,289.631,0.1,0.11,0.88,0.9,0.01,0.02,74180.14,1776195888000
1776195889.973,289.973,0.1,0.11,0.89,0.9,0.01,0.01,74180.14,1776195888000
1776195890.322,290.322,0.1,0.11,0.89,0.9,0.01,0.01,74180.15,1776195889000
1776195890.668,290.668,0.11,0.12,0.88,0.89,0.01,0.01,74180.15,1776195889000
1776195891.039,291.039,0.12,0.13,0.87,0.89,0.01,0.02,74180.15,1776195889000
1776195891.405,291.405,0.12,0.13,0.87,0.88,0.01,0.01,74180.08,1776195890000
1776195891.745,291.745,0.11,0.12,0.88,0.89,0.01,0.01,74180.08,1776195890000
1776195892.116,292.116,0.05,0.06,0.94,0.95,0.01,0.01,74180.08,1776195890000
1776195892.457,292.457,0.03,0.06,0.94,0.95,0.03,0.01,74179.96,1776195891000
1776195892.79,292.79,0.03,0.04,0.95,0.96,0.01,0.01,74179.96,1776195891000
1776195893.149,293.149,0.03,0.04,0.96,0.97,0.01,0.01,74180.09,1776195892000
1776195893.578,293.578,0.03,0.04,0.96,0.97,0.01,0.01,74180.09,1776195892000
1776195894.181,294.181,0.03,0.04,0.96,0.97,0.01,0.01,74173.84,1776195893000
1776195894.559,294.559,0.02,0.03,0.97,0.98,0.01,0.01,74173.84,1776195893000
1776195894.904,294.904,0.02,0.03,0.97,0.98,0.01,0.01,74173.84,1776195893000
1776195895.247,295.247,0.02,0.03,0.97,0.98,0.01,0.01,74173.84,1776195893000
1776195895.594,295.594,0.02,0.03,0.97,0.98,0.01,0.01,74170.74,1776195894000
1776195895.961,295.961,0.01,0.02,0.98,0.99,0.01,0.01,74170.74,1776195894000
1776195896.31,296.31,0.01,0.02,0.98,0.99,0.01,0.01,74170.74,1776195894000
1776195896.674,296.674,0.01,0.01,0.99,0.99,0.0,0.0,74170.29,1776195895000
1776195897.012,297.012,0.01,0.01,0.99,0.99,0.0,0.0,74170.29,1776195895000
1776195897.406,297.406,0.01,0.01,0.99,0.99,0.0,0.0,74166.8,1776195896000
1776195897.875,297.875,0.01,0.01,0.99,0.99,0.0,0.0,74165.22,1776195897000
1776195898.21,298.21,0.01,0.01,0.99,0.99,0.0,0.0,74165.22,1776195897000
1776195898.75,298.75,0.01,0.01,0.99,0.99,0.0,0.0,74165.22,1776195897000
1776195899.234,299.234,0.01,0.01,0.99,0.99,0.0,0.0,74170.08,1776195898000
1776195899.615,299.615,0.01,0.01,0.99,0.99,0.0,0.0,74170.08,1776195898000
1776195900.395,300.395,0.01,0.01,0.99,0.99,0.0,0.0,74170.07,1776195899000
1776195900.822,300.822,0.01,0.01,0.99,0.99,0.0,0.0,74170.07,1776195899000
1776195901.304,301.304,0.01,0.01,0.99,0.99,0.0,0.0,74167.14,1776195900000
1776195902.304,302.304,0.01,0.01,0.99,0.99,0.0,0.0,74162.55,1776195901000

# RESULT,winner=Down,slug=btc-updown-5m-1776195600,ticks=706
