timestamp,elapsed_sec,up_bid,up_ask,down_bid,down_ask,up_spread,down_spread,btc_price,btc_oracle_ts
1777132500.598,0.598,0.61,0.63,0.37,0.38,0.02,0.01,77350.71,1777132499000
1777132500.961,0.961,0.62,0.63,0.4,0.41,0.01,0.01,77350.71,1777132499000
1777132501.37,1.37,0.62,0.63,0.37,0.38,0.01,0.01,77352.03,1777132500000
1777132501.705,1.705,0.62,0.63,0.37,0.38,0.01,0.01,77352.03,1777132500000
1777132502.052,2.052,0.6,0.61,0.37,0.4,0.01,0.03,77352.03,1777132500000
1777132502.404,2.404,0.59,0.61,0.39,0.4,0.02,0.01,77352.04,1777132501000
1777132502.783,2.783,0.6,0.61,0.39,0.4,0.01,0.01,77352.04,1777132501000
1777132503.119,3.119,0.59,0.6,0.4,0.41,0.01,0.01,77352.04,1777132501000
1777132503.639,3.639,0.59,0.6,0.4,0.41,0.01,0.01,77352,1777132502000
1777132503.975,3.975,0.59,0.6,0.4,0.41,0.01,0.01,77352,1777132502000
1777132504.311,4.311,0.59,0.61,0.39,0.41,0.02,0.02,77352,1777132503000
1777132504.646,4.646,0.6,0.61,0.39,0.4,0.01,0.01,77352,1777132503000
1777132504.979,4.979,0.63,0.64,0.36,0.37,0.01,0.01,77352,1777132503000
1777132505.406,5.406,0.62,0.63,0.35,0.36,0.01,0.01,77352.91,1777132504000
1777132505.792,5.792,0.62,0.63,0.37,0.38,0.01,0.01,77352.91,1777132504000
1777132506.174,6.174,0.62,0.63,0.37,0.38,0.01,0.01,77352.91,1777132504000
1777132506.526,6.526,0.62,0.63,0.37,0.38,0.01,0.01,77352.91,1777132504000
1777132506.877,6.877,0.63,0.64,0.36,0.38,0.01,0.02,77357.8,1777132505000
1777132507.217,7.217,0.63,0.64,0.36,0.37,0.01,0.01,77357.8,1777132505000
1777132507.555,7.555,0.63,0.64,0.36,0.37,0.01,0.01,77360.08,1777132506000
1777132507.926,7.926,0.66,0.67,0.33,0.34,0.01,0.01,77360.08,1777132506000
1777132508.33,8.33,0.66,0.67,0.33,0.34,0.01,0.01,77362.27,1777132507000
1777132508.936,8.936,0.66,0.67,0.33,0.34,0.01,0.01,77362.27,1777132507000
1777132509.278,9.278,0.66,0.67,0.33,0.34,0.01,0.01,77365.32,1777132508000
1777132509.639,9.639,0.66,0.67,0.33,0.34,0.01,0.01,77365.32,1777132508000
1777132510.025,10.025,0.65,0.66,0.33,0.35,0.01,0.02,77365.32,1777132508000
1777132510.371,10.371,0.64,0.65,0.35,0.36,0.01,0.01,77367.67,1777132509000
1777132510.722,10.722,0.62,0.63,0.37,0.38,0.01,0.01,77367.67,1777132509000
1777132511.171,11.171,0.61,0.62,0.38,0.39,0.01,0.01,77369.52,1777132510000
1777132511.546,11.546,0.6,0.62,0.38,0.39,0.02,0.01,77369.52,1777132510000
1777132511.886,11.886,0.6,0.61,0.39,0.4,0.01,0.01,77369.52,1777132510000
1777132512.284,12.284,0.6,0.61,0.39,0.4,0.01,0.01,77369.52,1777132510000
1777132512.691,12.691,0.6,0.61,0.39,0.4,0.01,0.01,77369.52,1777132510000
1777132513.192,13.192,0.6,0.61,0.39,0.4,0.01,0.01,77369.52,1777132510000
1777132513.885,13.885,0.6,0.62,0.39,0.4,0.02,0.01,77369.52,1777132510000
1777132514.711,14.711,0.61,0.62,0.38,0.39,0.01,0.01,77369.52,1777132510000
1777132515.1,15.1,0.61,0.62,0.38,0.39,0.01,0.01,77369.52,1777132510000
1777132515.439,15.439,0.61,0.62,0.38,0.39,0.01,0.01,77369.52,1777132510000
1777132515.859,15.859,0.61,0.62,0.38,0.39,0.01,0.01,77369.52,1777132510000
1777132516.23,16.23,0.61,0.62,0.38,0.39,0.01,0.01,77369.52,1777132510000
1777132516.583,16.583,0.61,0.62,0.38,0.39,0.01,0.01,77369.52,1777132510000
1777132517.105,17.105,0.61,0.62,0.38,0.39,0.01,0.01,77369.52,1777132510000
1777132517.482,17.482,0.61,0.62,0.38,0.39,0.01,0.01,77369.52,1777132510000
1777132517.817,17.817,0.6,0.61,0.39,0.4,0.01,0.01,77369.52,1777132510000
1777132518.185,18.185,0.58,0.59,0.41,0.42,0.01,0.01,77369.52,1777132510000
1777132518.525,18.525,0.58,0.59,0.41,0.42,0.01,0.01,77369.52,1777132510000
1777132518.859,18.859,0.58,0.59,0.41,0.42,0.01,0.01,77369.52,1777132510000
1777132519.198,19.198,0.58,0.59,0.41,0.42,0.01,0.01,77369.52,1777132510000
1777132519.554,19.554,0.58,0.59,0.41,0.42,0.01,0.01,77369.52,1777132510000
1777132519.921,19.921,0.56,0.58,0.42,0.43,0.02,0.01,77362.52,1777132518000
1777132520.666,20.666,0.56,0.57,0.43,0.44,0.01,0.01,77351.72,1777132519000
1777132521.028,21.028,0.56,0.57,0.43,0.44,0.01,0.01,77351.72,1777132519000
1777132521.386,21.386,0.56,0.57,0.43,0.44,0.01,0.01,77351.72,1777132519000
1777132521.811,21.811,0.56,0.57,0.43,0.44,0.01,0.01,77351.72,1777132519000
1777132522.186,22.186,0.57,0.58,0.42,0.44,0.01,0.02,77351.1,1777132520000
1777132522.543,22.543,0.57,0.58,0.42,0.43,0.01,0.01,77351.1,1777132521000
1777132522.908,22.908,0.57,0.65,0.42,0.43,0.08,0.01,77351.1,1777132521000
1777132523.245,23.245,0.61,0.62,0.38,0.39,0.01,0.01,77351.1,1777132521000
1777132523.606,23.606,0.62,0.63,0.37,0.38,0.01,0.01,77351.67,1777132522000
1777132524.0,24.0,0.66,0.67,0.33,0.35,0.01,0.02,77351.67,1777132522000
1777132524.358,24.358,0.66,0.67,0.33,0.34,0.01,0.01,77351.67,1777132523000
1777132524.764,24.764,0.66,0.67,0.33,0.34,0.01,0.01,77351.67,1777132523000
1777132525.107,25.107,0.66,0.67,0.33,0.34,0.01,0.01,77351.67,1777132523000
1777132525.482,25.482,0.66,0.67,0.33,0.34,0.01,0.01,77356.59,1777132524000
1777132525.837,25.837,0.63,0.64,0.35,0.37,0.01,0.02,77356.59,1777132524000
1777132526.275,26.275,0.59,0.61,0.36,0.43,0.02,0.07,77356.59,1777132524000
1777132526.63,26.63,0.59,0.6,0.4,0.41,0.01,0.01,77356.59,1777132524000
1777132527.087,27.087,0.59,0.6,0.4,0.41,0.01,0.01,77360.57,1777132525000
1777132527.48,27.48,0.59,0.6,0.4,0.41,0.01,0.01,77360.75,1777132526000
1777132527.864,27.864,0.59,0.6,0.4,0.41,0.01,0.01,77360.75,1777132526000
1777132528.669,28.669,0.59,0.6,0.4,0.41,0.01,0.01,77360.81,1777132527000
1777132529.02,29.02,0.61,0.62,0.38,0.39,0.01,0.01,77360.81,1777132527000
1777132529.373,29.373,0.61,0.62,0.38,0.39,0.01,0.01,77360.77,1777132528000
1777132529.832,29.832,0.61,0.62,0.38,0.39,0.01,0.01,77360.77,1777132528000
1777132530.203,30.203,0.61,0.62,0.38,0.39,0.01,0.01,77360.77,1777132528000
1777132530.537,30.537,0.61,0.62,0.38,0.39,0.01,0.01,77360.77,1777132529000
1777132530.924,30.924,0.59,0.6,0.4,0.41,0.01,0.01,77360.77,1777132529000
1777132531.318,31.318,0.56,0.57,0.4,0.44,0.01,0.04,77360.8,1777132530000
1777132531.653,31.653,0.56,0.57,0.43,0.44,0.01,0.01,77360.8,1777132530000
1777132532.237,32.237,0.56,0.57,0.43,0.44,0.01,0.01,77360.8,1777132530000
1777132532.603,32.603,0.56,0.57,0.43,0.44,0.01,0.01,77360.46,1777132531000
1777132532.972,32.972,0.56,0.57,0.43,0.44,0.01,0.01,77358.2,1777132532000
1777132533.445,33.445,0.56,0.57,0.43,0.44,0.01,0.01,77358.2,1777132532000
1777132533.992,33.992,0.56,0.57,0.43,0.44,0.01,0.01,77358.2,1777132532000
1777132534.658,34.658,0.57,0.58,0.43,0.44,0.01,0.01,77357.75,1777132533000
1777132535.101,35.101,0.6,0.61,0.4,0.41,0.01,0.01,77357.75,1777132533000
1777132535.645,35.645,0.6,0.61,0.39,0.4,0.01,0.01,77358.36,1777132534000
1777132536.029,36.029,0.6,0.61,0.39,0.4,0.01,0.01,77358.36,1777132535000
1777132536.478,36.478,0.6,0.61,0.39,0.4,0.01,0.01,77358.36,1777132535000
1777132536.831,36.831,0.59,0.6,0.4,0.41,0.01,0.01,77358.36,1777132535000
1777132537.222,37.222,0.59,0.6,0.4,0.41,0.01,0.01,77358.36,1777132535000
1777132537.638,37.638,0.59,0.6,0.4,0.41,0.01,0.01,77358.51,1777132536000
1777132537.993,37.993,0.59,0.6,0.4,0.41,0.01,0.01,77358.51,1777132536000
1777132538.625,38.625,0.6,0.61,0.39,0.4,0.01,0.01,77359.41,1777132537000
1777132539.13,39.13,0.6,0.61,0.39,0.4,0.01,0.01,77357.95,1777132538000
1777132539.495,39.495,0.6,0.63,0.39,0.4,0.03,0.01,77357.95,1777132538000
1777132539.955,39.955,0.63,0.64,0.36,0.37,0.01,0.01,77357.95,1777132538000
1777132540.333,40.333,0.63,0.64,0.36,0.37,0.01,0.01,77357.95,1777132539000
1777132540.674,40.674,0.63,0.64,0.36,0.37,0.01,0.01,77357.95,1777132539000
1777132541.216,41.216,0.63,0.64,0.36,0.37,0.01,0.01,77359.81,1777132540000
1777132541.644,41.644,0.67,0.68,0.32,0.33,0.01,0.01,77359.81,1777132540000
1777132542.02,42.02,0.67,0.68,0.32,0.33,0.01,0.01,77359.81,1777132540000
1777132542.414,42.414,0.67,0.68,0.32,0.33,0.01,0.01,77360.5,1777132541000
1777132542.838,42.838,0.68,0.69,0.31,0.32,0.01,0.01,77360.5,1777132541000
1777132543.249,43.249,0.68,0.69,0.31,0.32,0.01,0.01,77360.5,1777132541000
1777132543.591,43.591,0.68,0.69,0.31,0.32,0.01,0.01,77364.24,1777132542000
1777132543.992,43.992,0.68,0.69,0.31,0.32,0.01,0.01,77364.24,1777132542000
1777132544.368,44.368,0.68,0.69,0.31,0.32,0.01,0.01,77366.49,1777132543000
1777132544.919,44.919,0.68,0.69,0.31,0.32,0.01,0.01,77367.38,1777132544000
1777132545.282,45.282,0.68,0.69,0.31,0.32,0.01,0.01,77367.38,1777132544000
1777132545.746,45.746,0.68,0.69,0.31,0.32,0.01,0.01,77367.38,1777132544000
1777132546.108,46.108,0.67,0.68,0.32,0.33,0.01,0.01,77367.55,1777132545000
1777132546.461,46.461,0.65,0.66,0.34,0.35,0.01,0.01,77367.55,1777132545000
1777132546.821,46.821,0.65,0.66,0.34,0.35,0.01,0.01,77367.55,1777132545000
1777132547.174,47.174,0.66,0.67,0.33,0.35,0.01,0.02,77367.53,1777132546000
1777132547.559,47.559,0.62,0.66,0.34,0.38,0.04,0.04,77367.53,1777132546000
1777132548.046,48.046,0.61,0.63,0.37,0.39,0.02,0.02,77367.54,1777132547000
1777132548.42,48.42,0.62,0.63,0.37,0.38,0.01,0.01,77367.54,1777132547000
1777132548.937,48.937,0.62,0.63,0.37,0.38,0.01,0.01,77367.54,1777132547000
1777132549.579,49.579,0.62,0.63,0.37,0.38,0.01,0.01,77368.2,1777132548000
1777132549.963,49.963,0.62,0.63,0.37,0.38,0.01,0.01,77368.2,1777132548000
1777132550.34,50.34,0.61,0.63,0.37,0.38,0.02,0.01,77363.89,1777132549000
1777132551.138,51.138,0.61,0.63,0.37,0.39,0.02,0.02,77363.3,1777132550000
1777132551.51,51.51,0.61,0.62,0.38,0.39,0.01,0.01,77363.3,1777132550000
1777132551.857,51.857,0.61,0.62,0.38,0.39,0.01,0.01,77363.3,1777132550000
1777132552.718,52.718,0.61,0.63,0.38,0.39,0.02,0.01,77363.3,1777132550000
1777132553.21,53.21,0.62,0.63,0.37,0.38,0.01,0.01,77361.88,1777132552000
1777132553.581,53.581,0.63,0.64,0.37,0.38,0.01,0.01,77361.88,1777132552000
1777132553.99,53.99,0.6,0.61,0.38,0.4,0.01,0.02,77361.88,1777132552000
1777132554.446,54.446,0.6,0.61,0.39,0.4,0.01,0.01,77363.9,1777132553000
1777132555.226,55.226,0.6,0.61,0.39,0.4,0.01,0.01,77363.9,1777132553000
1777132555.711,55.711,0.62,0.64,0.38,0.39,0.02,0.01,77365.04,1777132554000
1777132556.192,56.192,0.61,0.64,0.36,0.37,0.03,0.01,77365.17,1777132555000
1777132556.565,56.565,0.63,0.64,0.36,0.37,0.01,0.01,77365.17,1777132555000
1777132556.939,56.939,0.64,0.65,0.35,0.36,0.01,0.01,77365.17,1777132555000
1777132557.468,57.468,0.64,0.65,0.35,0.36,0.01,0.01,77365.57,1777132556000
1777132557.808,57.808,0.55,0.63,0.37,0.44,0.08,0.07,77365.57,1777132556000
1777132558.241,58.241,0.56,0.58,0.42,0.44,0.02,0.02,77365.63,1777132557000
1777132558.61,58.61,0.55,0.56,0.43,0.45,0.01,0.02,77365.63,1777132557000
1777132559.033,59.033,0.54,0.55,0.45,0.46,0.01,0.01,77365.63,1777132557000
1777132559.376,59.376,0.54,0.55,0.45,0.46,0.01,0.01,77365.34,1777132558000
1777132559.744,59.744,0.54,0.55,0.45,0.46,0.01,0.01,77365.34,1777132558000
1777132560.285,60.285,0.54,0.55,0.45,0.46,0.01,0.01,77365.34,1777132558000
1777132560.638,60.638,0.61,0.66,0.36,0.39,0.05,0.03,77355.95,1777132559000
1777132560.984,60.984,0.64,0.68,0.32,0.36,0.04,0.04,77355.95,1777132559000
1777132561.353,61.353,0.67,0.69,0.31,0.35,0.02,0.04,77354.88,1777132560000
1777132561.965,61.965,0.69,0.7,0.3,0.32,0.01,0.02,77354.88,1777132560000
1777132562.369,62.369,0.69,0.7,0.3,0.31,0.01,0.01,77358.76,1777132561000
1777132562.782,62.782,0.69,0.72,0.29,0.31,0.03,0.02,77358.76,1777132561000
1777132563.549,63.549,0.69,0.72,0.28,0.31,0.03,0.03,77373.99,1777132562000
1777132564.039,64.039,0.69,0.7,0.28,0.31,0.01,0.03,77373.99,1777132562000
1777132564.465,64.465,0.7,0.74,0.27,0.3,0.04,0.03,77374.06,1777132563000
1777132564.801,64.801,0.75,0.79,0.21,0.25,0.04,0.04,77374.06,1777132563000
1777132565.195,65.195,0.77,0.78,0.22,0.23,0.01,0.01,77374.06,1777132563000
1777132565.531,65.531,0.77,0.79,0.21,0.23,0.02,0.02,77391.51,1777132564000
1777132565.878,65.878,0.77,0.78,0.22,0.23,0.01,0.01,77391.51,1777132564000
1777132566.35,66.35,0.77,0.78,0.22,0.23,0.01,0.01,77391.51,1777132564000
1777132566.684,66.684,0.77,0.79,0.21,0.23,0.02,0.02,77394.28,1777132565000
1777132567.084,67.084,0.79,0.8,0.2,0.22,0.01,0.02,77394.28,1777132565000
1777132567.462,67.462,0.8,0.81,0.19,0.21,0.01,0.02,77394.28,1777132566000
1777132567.839,67.839,0.81,0.82,0.18,0.2,0.01,0.02,77394.28,1777132566000
1777132568.257,68.257,0.81,0.82,0.18,0.19,0.01,0.01,77394.28,1777132566000
1777132568.609,68.609,0.81,0.82,0.18,0.19,0.01,0.01,77394.28,1777132567000
1777132569.105,69.105,0.81,0.82,0.18,0.19,0.01,0.01,77394.38,1777132568000
1777132569.45,69.45,0.81,0.82,0.18,0.19,0.01,0.01,77394.38,1777132568000
1777132570.218,70.218,0.81,0.82,0.18,0.19,0.01,0.01,77396.06,1777132569000
1777132570.6,70.6,0.81,0.82,0.18,0.19,0.01,0.01,77396.06,1777132569000
1777132570.938,70.938,0.81,0.82,0.18,0.19,0.01,0.01,77396.06,1777132569000
1777132571.271,71.271,0.74,0.75,0.25,0.26,0.01,0.01,77396.06,1777132569000
1777132571.606,71.606,0.72,0.74,0.26,0.28,0.02,0.02,77396.06,1777132569000
1777132571.986,71.986,0.7,0.71,0.29,0.3,0.01,0.01,77396.73,1777132570000
1777132572.352,72.352,0.7,0.71,0.29,0.3,0.01,0.01,77394.2,1777132571000
1777132572.745,72.745,0.7,0.71,0.29,0.3,0.01,0.01,77394.2,1777132571000
1777132573.148,73.148,0.7,0.71,0.29,0.3,0.01,0.01,77394.2,1777132571000
1777132573.6,73.6,0.7,0.71,0.29,0.3,0.01,0.01,77380.58,1777132572000
1777132573.99,73.99,0.7,0.71,0.29,0.3,0.01,0.01,77380.58,1777132572000
1777132574.375,74.375,0.7,0.71,0.29,0.3,0.01,0.01,77380.58,1777132572000
1777132574.708,74.708,0.7,0.71,0.29,0.3,0.01,0.01,77382.1,1777132573000
1777132575.233,75.233,0.7,0.71,0.29,0.3,0.01,0.01,77382.1,1777132574000
1777132576.202,76.202,0.7,0.71,0.29,0.3,0.01,0.01,77382.1,1777132574000
1777132576.574,76.574,0.7,0.71,0.29,0.3,0.01,0.01,77380.27,1777132575000
1777132577.391,77.391,0.7,0.71,0.29,0.3,0.01,0.01,77380.27,1777132575000
1777132577.866,77.866,0.69,0.7,0.3,0.31,0.01,0.01,77381.52,1777132576000
1777132578.202,78.202,0.8,0.82,0.18,0.2,0.02,0.02,77381.52,1777132577000
1777132578.549,78.549,0.79,0.81,0.19,0.21,0.02,0.02,77381.52,1777132577000
1777132578.891,78.891,0.78,0.79,0.21,0.22,0.01,0.01,77381.52,1777132577000
1777132579.346,79.346,0.74,0.76,0.22,0.24,0.02,0.02,77381.37,1777132578000
1777132579.717,79.717,0.66,0.67,0.33,0.34,0.01,0.01,77381.37,1777132578000
1777132580.062,80.062,0.65,0.66,0.33,0.35,0.01,0.02,77381.37,1777132578000
1777132580.458,80.458,0.65,0.66,0.34,0.35,0.01,0.01,77398.37,1777132579000
1777132580.908,80.908,0.63,0.64,0.34,0.37,0.01,0.03,77398.37,1777132579000
1777132581.502,81.502,0.62,0.63,0.37,0.38,0.01,0.01,77384.81,1777132580000
1777132581.881,81.881,0.72,0.73,0.38,0.39,0.01,0.01,77384.81,1777132580000
1777132582.232,82.232,0.72,0.73,0.27,0.28,0.01,0.01,77375.2,1777132581000
1777132582.565,82.565,0.72,0.73,0.27,0.28,0.01,0.01,77375.2,1777132581000
1777132582.962,82.962,0.72,0.73,0.27,0.28,0.01,0.01,77375.2,1777132581000
1777132583.361,83.361,0.7,0.71,0.29,0.32,0.01,0.03,77375.2,1777132581000
1777132583.73,83.73,0.7,0.73,0.27,0.3,0.03,0.03,77375.2,1777132581000
1777132584.32,84.32,0.71,0.73,0.27,0.29,0.02,0.02,77372.68,1777132583000
1777132584.723,84.723,0.72,0.73,0.27,0.28,0.01,0.01,77372.68,1777132583000
1777132585.278,85.278,0.72,0.73,0.27,0.28,0.01,0.01,77372.68,1777132583000
1777132585.806,85.806,0.72,0.73,0.27,0.28,0.01,0.01,77374.82,1777132584000
1777132586.373,86.373,0.72,0.73,0.27,0.28,0.01,0.01,77378.37,1777132585000
1777132586.708,86.708,0.73,0.74,0.26,0.28,0.01,0.02,77378.37,1777132585000
1777132587.069,87.069,0.74,0.75,0.25,0.27,0.01,0.02,77379.51,1777132586000
1777132587.675,87.675,0.74,0.75,0.25,0.26,0.01,0.01,77379.51,1777132586000
1777132588.028,88.028,0.74,0.75,0.25,0.26,0.01,0.01,77379.51,1777132586000
1777132588.501,88.501,0.74,0.75,0.25,0.26,0.01,0.01,77379.5,1777132587000
1777132589.087,89.087,0.74,0.76,0.25,0.26,0.02,0.01,77379.5,1777132587000
1777132589.433,89.433,0.81,0.82,0.18,0.19,0.01,0.01,77379.36,1777132588000
1777132589.788,89.788,0.82,0.83,0.17,0.18,0.01,0.01,77379.36,1777132588000
1777132590.301,90.301,0.82,0.85,0.15,0.18,0.03,0.03,77380.05,1777132589000
1777132590.639,90.639,0.82,0.85,0.15,0.18,0.03,0.03,77380.05,1777132589000
1777132591.022,91.022,0.82,0.83,0.17,0.18,0.01,0.01,77380.05,1777132589000
1777132591.433,91.433,0.78,0.8,0.2,0.22,0.02,0.02,77380.05,1777132589000
1777132591.789,91.789,0.79,0.8,0.2,0.22,0.01,0.02,77385.61,1777132590000
1777132592.153,92.153,0.79,0.8,0.2,0.21,0.01,0.01,77385.61,1777132590000
1777132592.502,92.502,0.54,0.8,0.2,0.21,0.26,0.01,77385.87,1777132591000
1777132592.841,92.841,0.7,0.77,0.28,0.3,0.07,0.02,77385.87,1777132591000
1777132593.19,93.19,0.7,0.74,0.27,0.3,0.04,0.03,77385.87,1777132591000
1777132593.528,93.528,0.72,0.73,0.27,0.28,0.01,0.01,77385.87,1777132591000
1777132593.867,93.867,0.73,0.74,0.26,0.27,0.01,0.01,77392.18,1777132592000
1777132594.215,94.215,0.65,0.66,0.3,0.35,0.01,0.05,77392.18,1777132593000
1777132594.557,94.557,0.64,0.66,0.34,0.35,0.02,0.01,77392.18,1777132593000
1777132594.899,94.899,0.65,0.7,0.29,0.36,0.05,0.07,77392.18,1777132593000
1777132595.246,95.246,0.69,0.7,0.3,0.32,0.01,0.02,77397.33,1777132594000
1777132595.703,95.703,0.69,0.7,0.3,0.31,0.01,0.01,77397.33,1777132594000
1777132596.037,96.037,0.7,0.71,0.29,0.3,0.01,0.01,77397.33,1777132594000
1777132596.467,96.467,0.65,0.66,0.34,0.37,0.01,0.03,77400.52,1777132595000
1777132596.811,96.811,0.61,0.62,0.38,0.39,0.01,0.01,77400.52,1777132595000
1777132597.289,97.289,0.61,0.62,0.38,0.39,0.01,0.01,77400.52,1777132595000
1777132597.676,97.676,0.61,0.62,0.38,0.39,0.01,0.01,77400.52,1777132595000
1777132598.166,98.166,0.61,0.62,0.38,0.39,0.01,0.01,77400.52,1777132596000
1777132598.56,98.56,0.61,0.62,0.38,0.48,0.01,0.1,77400.52,1777132596000
1777132599.015,99.015,0.56,0.63,0.42,0.47,0.07,0.05,77400.52,1777132596000
1777132599.351,99.351,0.56,0.57,0.43,0.47,0.01,0.04,77391.53,1777132597000
1777132599.686,99.686,0.52,0.63,0.37,0.38,0.11,0.01,77391.53,1777132597000
1777132600.191,100.191,0.57,0.58,0.4,0.43,0.01,0.03,77391.53,1777132597000
1777132600.583,100.583,0.55,0.56,0.44,0.45,0.01,0.01,77388.08,1777132598000
1777132600.948,100.948,0.55,0.56,0.44,0.45,0.01,0.01,77388.08,1777132598000
1777132601.32,101.32,0.57,0.59,0.42,0.43,0.02,0.01,77385.02,1777132599000
1777132601.663,101.663,0.58,0.59,0.41,0.42,0.01,0.01,77385.02,1777132599000
1777132601.997,101.997,0.58,0.59,0.41,0.42,0.01,0.01,77385.01,1777132600000
1777132602.355,102.355,0.6,0.61,0.39,0.41,0.01,0.02,77385.01,1777132600000
1777132602.744,102.744,0.62,0.63,0.37,0.38,0.01,0.01,77384.8,1777132601000
1777132603.195,103.195,0.6,0.61,0.39,0.4,0.01,0.01,77384.8,1777132601000
1777132603.804,103.804,0.59,0.6,0.4,0.41,0.01,0.01,77384.69,1777132602000
1777132604.14,104.14,0.59,0.61,0.4,0.41,0.02,0.01,77384.69,1777132602000
1777132604.954,104.954,0.6,0.61,0.39,0.4,0.01,0.01,77385.91,1777132603000
1777132605.288,105.288,0.6,0.61,0.39,0.4,0.01,0.01,77385.91,1777132603000
1777132605.793,105.793,0.6,0.61,0.39,0.4,0.01,0.01,77388.48,1777132604000
1777132606.142,106.142,0.6,0.61,0.39,0.4,0.01,0.01,77388.48,1777132604000
1777132606.479,106.479,0.61,0.62,0.38,0.39,0.01,0.01,77388.48,1777132604000
1777132606.866,106.866,0.6,0.64,0.39,0.4,0.04,0.01,77388.53,1777132605000
1777132607.223,107.223,0.64,0.65,0.35,0.36,0.01,0.01,77388.53,1777132605000
1777132607.6,107.6,0.57,0.59,0.41,0.43,0.02,0.02,77391.1,1777132606000
1777132607.951,107.951,0.58,0.59,0.41,0.46,0.01,0.05,77391.1,1777132606000
1777132608.302,108.302,0.52,0.55,0.45,0.46,0.03,0.01,77393.65,1777132607000
1777132608.686,108.686,0.53,0.54,0.46,0.47,0.01,0.01,77393.65,1777132607000
1777132609.043,109.043,0.53,0.54,0.46,0.47,0.01,0.01,77393.65,1777132607000
1777132609.392,109.392,0.53,0.54,0.46,0.47,0.01,0.01,77393.65,1777132607000
1777132609.786,109.786,0.54,0.55,0.45,0.46,0.01,0.01,77393.67,1777132608000
1777132610.144,110.144,0.54,0.55,0.45,0.46,0.01,0.01,77393.67,1777132608000
1777132610.535,110.535,0.56,0.57,0.43,0.44,0.01,0.01,77393.43,1777132609000
1777132610.868,110.868,0.56,0.57,0.43,0.44,0.01,0.01,77393.43,1777132609000
1777132611.296,111.296,0.54,0.56,0.45,0.46,0.02,0.01,77393.37,1777132610000
1777132611.689,111.689,0.54,0.55,0.45,0.46,0.01,0.01,77393.37,1777132610000
1777132612.311,112.311,0.54,0.6,0.43,0.46,0.06,0.03,77393.37,1777132610000
1777132612.755,112.755,0.55,0.58,0.42,0.45,0.03,0.03,77393.37,1777132610000
1777132613.091,113.091,0.56,0.59,0.43,0.44,0.03,0.01,77393.41,1777132611000
1777132613.548,113.548,0.56,0.58,0.42,0.44,0.02,0.02,77393.41,1777132612000
1777132613.948,113.948,0.58,0.59,0.42,0.43,0.01,0.01,77393.41,1777132612000
1777132614.307,114.307,0.58,0.6,0.4,0.42,0.02,0.02,77393.45,1777132613000
1777132614.788,114.788,0.57,0.59,0.41,0.43,0.02,0.02,77393.45,1777132613000
1777132615.152,115.152,0.56,0.57,0.41,0.45,0.01,0.04,77393.45,1777132613000
1777132615.571,115.571,0.56,0.57,0.42,0.44,0.01,0.02,77393.48,1777132614000
1777132616.05,116.05,0.56,0.57,0.43,0.44,0.01,0.01,77393.48,1777132614000
1777132616.549,116.549,0.58,0.59,0.4,0.43,0.01,0.03,77393.48,1777132614000
1777132616.995,116.995,0.59,0.6,0.4,0.41,0.01,0.01,77393.46,1777132615000
1777132617.394,117.394,0.59,0.6,0.4,0.41,0.01,0.01,77393.46,1777132615000
1777132617.754,117.754,0.6,0.61,0.39,0.4,0.01,0.01,77393.46,1777132616000
1777132618.2,118.2,0.6,0.61,0.39,0.4,0.01,0.01,77393.46,1777132616000
1777132618.545,118.545,0.61,0.62,0.38,0.39,0.01,0.01,77393.46,1777132616000
1777132618.954,118.954,0.61,0.62,0.38,0.39,0.01,0.01,77393.48,1777132617000
1777132619.288,119.288,0.61,0.62,0.38,0.39,0.01,0.01,77393.48,1777132618000
1777132619.998,119.998,0.61,0.62,0.38,0.39,0.01,0.01,77393.48,1777132618000
1777132620.333,120.333,0.61,0.62,0.38,0.39,0.01,0.01,77393.48,1777132618000
1777132620.67,120.67,0.62,0.63,0.37,0.38,0.01,0.01,77393.48,1777132619000
1777132621.026,121.026,0.62,0.63,0.37,0.38,0.01,0.01,77393.3,1777132620000
1777132621.548,121.548,0.62,0.63,0.37,0.38,0.01,0.01,77393.3,1777132620000
1777132621.886,121.886,0.62,0.65,0.35,0.38,0.03,0.03,77393.3,1777132620000
1777132622.239,122.239,0.64,0.65,0.35,0.36,0.01,0.01,77393.28,1777132621000
1777132622.576,122.576,0.65,0.66,0.34,0.35,0.01,0.01,77393.28,1777132621000
1777132622.973,122.973,0.65,0.66,0.33,0.35,0.01,0.02,77393.28,1777132621000
1777132623.367,123.367,0.66,0.67,0.33,0.34,0.01,0.01,77393.41,1777132622000
1777132623.803,123.803,0.68,0.69,0.3,0.34,0.01,0.04,77393.41,1777132622000
1777132624.312,124.312,0.68,0.69,0.31,0.32,0.01,0.01,77396.3,1777132623000
1777132624.649,124.649,0.69,0.7,0.3,0.31,0.01,0.01,77396.3,1777132623000
1777132625.037,125.037,0.68,0.72,0.28,0.31,0.04,0.03,77396.3,1777132623000
1777132625.381,125.381,0.73,0.75,0.25,0.27,0.02,0.02,77398.46,1777132624000
1777132625.724,125.724,0.74,0.75,0.25,0.26,0.01,0.01,77398.46,1777132624000
1777132626.286,126.286,0.74,0.75,0.25,0.26,0.01,0.01,77398.71,1777132625000
1777132626.824,126.824,0.74,0.76,0.25,0.26,0.02,0.01,77398.71,1777132625000
1777132627.2,127.2,0.75,0.76,0.24,0.25,0.01,0.01,77405.36,1777132626000
1777132627.696,127.696,0.75,0.76,0.24,0.25,0.01,0.01,77405.36,1777132626000
1777132628.163,128.163,0.76,0.77,0.23,0.24,0.01,0.01,77405.36,1777132626000
1777132628.588,128.588,0.8,0.81,0.19,0.2,0.01,0.01,77406.5,1777132627000
1777132628.93,128.93,0.8,0.81,0.19,0.2,0.01,0.01,77406.5,1777132627000
1777132629.389,129.389,0.76,0.78,0.22,0.24,0.02,0.02,77409.12,1777132628000
1777132629.779,129.779,0.75,0.76,0.24,0.25,0.01,0.01,77409.12,1777132628000
1777132630.125,130.125,0.73,0.74,0.26,0.27,0.01,0.01,77409.36,1777132629000
1777132630.573,130.573,0.73,0.74,0.26,0.27,0.01,0.01,77409.36,1777132629000
1777132630.935,130.935,0.73,0.74,0.26,0.27,0.01,0.01,77409.36,1777132629000
1777132631.301,131.301,0.74,0.75,0.25,0.27,0.01,0.02,77418.6,1777132630000
1777132632.048,132.048,0.74,0.75,0.25,0.26,0.01,0.01,77418.6,1777132630000
1777132632.472,132.472,0.75,0.76,0.24,0.26,0.01,0.02,77417.11,1777132631000
1777132632.988,132.988,0.75,0.78,0.24,0.25,0.03,0.01,77417.11,1777132631000
1777132633.376,133.376,0.75,0.78,0.22,0.25,0.03,0.03,77417.82,1777132632000
1777132633.903,133.903,0.75,0.76,0.22,0.25,0.01,0.03,77417.82,1777132632000
1777132634.325,134.325,0.75,0.76,0.24,0.25,0.01,0.01,77417.82,1777132633000
1777132634.976,134.976,0.78,0.79,0.21,0.22,0.01,0.01,77417.82,1777132633000
1777132635.341,135.341,0.79,0.8,0.21,0.22,0.01,0.01,77418.76,1777132634000
1777132635.758,135.758,0.81,0.82,0.18,0.19,0.01,0.01,77418.76,1777132634000
1777132636.134,136.134,0.82,0.83,0.17,0.18,0.01,0.01,77418.76,1777132634000
1777132636.523,136.523,0.82,0.83,0.17,0.18,0.01,0.01,77418.99,1777132635000
1777132636.954,136.954,0.83,0.84,0.16,0.17,0.01,0.01,77420.63,1777132636000
1777132637.289,137.289,0.83,0.84,0.16,0.17,0.01,0.01,77420.63,1777132636000
1777132637.835,137.835,0.83,0.84,0.16,0.17,0.01,0.01,77420.63,1777132636000
1777132638.315,138.315,0.83,0.84,0.16,0.17,0.01,0.01,77420.63,1777132636000
1777132638.667,138.667,0.82,0.83,0.17,0.18,0.01,0.01,77421.85,1777132637000
1777132639.127,139.127,0.82,0.83,0.17,0.18,0.01,0.01,77421.85,1777132637000
1777132639.48,139.48,0.83,0.84,0.16,0.17,0.01,0.01,77423.76,1777132638000
1777132639.972,139.972,0.83,0.84,0.16,0.17,0.01,0.01,77423.85,1777132639000
1777132640.43,140.43,0.82,0.83,0.17,0.18,0.01,0.01,77423.85,1777132639000
1777132640.905,140.905,0.76,0.77,0.22,0.24,0.01,0.02,77423.85,1777132639000
1777132641.36,141.36,0.76,0.77,0.23,0.24,0.01,0.01,77423.95,1777132640000
1777132641.773,141.773,0.76,0.77,0.23,0.24,0.01,0.01,77423.95,1777132640000
1777132642.34,142.34,0.76,0.77,0.23,0.24,0.01,0.01,77421.8,1777132641000
1777132642.788,142.788,0.77,0.78,0.22,0.23,0.01,0.01,77421.8,1777132641000
1777132643.297,143.297,0.77,0.79,0.22,0.23,0.02,0.01,77420.72,1777132642000
1777132643.757,143.757,0.78,0.79,0.21,0.22,0.01,0.01,77420.72,1777132642000
1777132644.155,144.155,0.78,0.79,0.2,0.21,0.01,0.01,77420.72,1777132642000
1777132644.498,144.498,0.78,0.8,0.21,0.22,0.02,0.01,77420.72,1777132643000
1777132644.981,144.981,0.79,0.8,0.2,0.21,0.01,0.01,77420.72,1777132643000
1777132645.502,145.502,0.8,0.81,0.19,0.21,0.01,0.02,77420.86,1777132644000
1777132645.922,145.922,0.8,0.81,0.19,0.2,0.01,0.01,77420.86,1777132644000
1777132646.267,146.267,0.8,0.81,0.19,0.2,0.01,0.01,77422.47,1777132645000
1777132646.985,146.985,0.79,0.81,0.19,0.2,0.02,0.01,77422.47,1777132645000
1777132647.515,147.515,0.8,0.81,0.19,0.21,0.01,0.02,77422.15,1777132646000
1777132647.898,147.898,0.8,0.81,0.19,0.2,0.01,0.01,77422.24,1777132647000
1777132648.279,148.279,0.81,0.82,0.18,0.19,0.01,0.01,77422.24,1777132647000
1777132649.004,149.004,0.82,0.83,0.17,0.19,0.01,0.02,77422.24,1777132647000
1777132649.413,149.413,0.81,0.83,0.17,0.19,0.02,0.02,77422.24,1777132647000
1777132649.901,149.901,0.81,0.82,0.18,0.19,0.01,0.01,77421.94,1777132648000
1777132650.261,150.261,0.8,0.82,0.18,0.19,0.02,0.01,77421.94,1777132649000
1777132650.704,150.704,0.8,0.81,0.19,0.2,0.01,0.01,77421.94,1777132649000
1777132651.194,151.194,0.77,0.78,0.22,0.23,0.01,0.01,77421.94,1777132649000
1777132651.561,151.561,0.75,0.78,0.22,0.23,0.03,0.01,77421.94,1777132649000
1777132651.967,151.967,0.75,0.76,0.24,0.25,0.01,0.01,77421.94,1777132649000
1777132652.759,152.759,0.75,0.76,0.24,0.25,0.01,0.01,77419.39,1777132651000
1777132653.169,153.169,0.75,0.76,0.24,0.25,0.01,0.01,77419.39,1777132651000
1777132653.568,153.568,0.73,0.74,0.26,0.27,0.01,0.01,77419.15,1777132652000
1777132653.937,153.937,0.72,0.74,0.26,0.28,0.02,0.02,77419.15,1777132652000
1777132654.337,154.337,0.67,0.68,0.32,0.33,0.01,0.01,77419.15,1777132652000
1777132654.683,154.683,0.67,0.68,0.32,0.33,0.01,0.01,77419.15,1777132652000
1777132655.184,155.184,0.68,0.72,0.29,0.32,0.04,0.03,77417.6,1777132653000
1777132655.583,155.583,0.71,0.72,0.27,0.31,0.01,0.04,77417.6,1777132653000
1777132656.001,156.001,0.71,0.72,0.28,0.29,0.01,0.01,77413.34,1777132654000
1777132656.493,156.493,0.71,0.72,0.28,0.29,0.01,0.01,77409.76,1777132655000
1777132656.857,156.857,0.72,0.73,0.27,0.29,0.01,0.02,77409.76,1777132655000
1777132657.299,157.299,0.74,0.75,0.25,0.26,0.01,0.01,77409.76,1777132655000
1777132657.768,157.768,0.72,0.73,0.27,0.28,0.01,0.01,77409.76,1777132655000
1777132658.545,158.545,0.72,0.73,0.27,0.28,0.01,0.01,77410.66,1777132656000
1777132658.88,158.88,0.78,0.79,0.21,0.22,0.01,0.01,77410.88,1777132657000
1777132659.222,159.222,0.78,0.79,0.21,0.22,0.01,0.01,77410.88,1777132657000
1777132659.575,159.575,0.78,0.79,0.21,0.22,0.01,0.01,77410.83,1777132658000
1777132660.476,160.476,0.78,0.79,0.21,0.22,0.01,0.01,77410.83,1777132658000
1777132660.903,160.903,0.74,0.75,0.21,0.23,0.01,0.02,77410.82,1777132659000
1777132661.242,161.242,0.74,0.75,0.25,0.26,0.01,0.01,77413.31,1777132660000
1777132661.6,161.6,0.71,0.73,0.25,0.28,0.02,0.03,77413.31,1777132660000
1777132662.001,162.001,0.72,0.74,0.27,0.29,0.02,0.02,77413.31,1777132660000
1777132662.342,162.342,0.73,0.74,0.26,0.27,0.01,0.01,77413.31,1777132660000
1777132662.811,162.811,0.72,0.74,0.26,0.28,0.02,0.02,77414.85,1777132661000
1777132663.156,163.156,0.73,0.74,0.26,0.27,0.01,0.01,77414.85,1777132661000
1777132663.552,163.552,0.74,0.75,0.25,0.26,0.01,0.01,77414.91,1777132662000
1777132663.95,163.95,0.74,0.75,0.25,0.26,0.01,0.01,77414.91,1777132662000
1777132664.361,164.361,0.72,0.73,0.25,0.29,0.01,0.04,77414.91,1777132662000
1777132664.74,164.74,0.72,0.73,0.27,0.28,0.01,0.01,77414.94,1777132663000
1777132665.14,165.14,0.73,0.74,0.26,0.27,0.01,0.01,77414.94,1777132663000
1777132665.557,165.557,0.73,0.74,0.26,0.27,0.01,0.01,77414.9,1777132664000
1777132665.964,165.964,0.73,0.74,0.26,0.27,0.01,0.01,77414.9,1777132664000
1777132666.349,166.349,0.69,0.73,0.26,0.28,0.04,0.02,77414.87,1777132665000
1777132667.189,167.189,0.7,0.73,0.27,0.28,0.03,0.01,77414.87,1777132665000
1777132667.701,167.701,0.69,0.73,0.27,0.31,0.04,0.04,77413.11,1777132666000
1777132668.037,168.037,0.7,0.71,0.29,0.3,0.01,0.01,77413.11,1777132666000
1777132668.39,168.39,0.7,0.71,0.29,0.3,0.01,0.01,77413.11,1777132666000
1777132668.788,168.788,0.68,0.71,0.29,0.3,0.03,0.01,77414.84,1777132667000
1777132669.186,169.186,0.63,0.64,0.36,0.37,0.01,0.01,77414.84,1777132667000
1777132669.525,169.525,0.63,0.64,0.36,0.37,0.01,0.01,77414.84,1777132668000
1777132669.974,169.974,0.64,0.65,0.35,0.37,0.01,0.02,77414.84,1777132668000
1777132670.31,170.31,0.64,0.65,0.35,0.36,0.01,0.01,77414.84,1777132668000
1777132670.788,170.788,0.64,0.65,0.35,0.36,0.01,0.01,77414.84,1777132668000
1777132671.213,171.213,0.64,0.65,0.35,0.36,0.01,0.01,77411.14,1777132669000
1777132671.585,171.585,0.64,0.65,0.35,0.36,0.01,0.01,77406.14,1777132670000
1777132672.133,172.133,0.62,0.63,0.37,0.38,0.01,0.01,77406.14,1777132670000
1777132672.65,172.65,0.6,0.63,0.37,0.4,0.03,0.03,77406.14,1777132671000
1777132673.092,173.092,0.61,0.62,0.38,0.39,0.01,0.01,77406.14,1777132671000
1777132673.585,173.585,0.6,0.62,0.38,0.39,0.02,0.01,77406.14,1777132671000
1777132674.086,174.086,0.6,0.69,0.38,0.4,0.09,0.02,77405.03,1777132672000
1777132674.518,174.518,0.6,0.61,0.39,0.4,0.01,0.01,77405.03,1777132672000
1777132675.004,175.004,0.59,0.61,0.39,0.4,0.02,0.01,77403.08,1777132673000
1777132675.338,175.338,0.58,0.59,0.41,0.42,0.01,0.01,77402.69,1777132674000
1777132675.762,175.762,0.58,0.59,0.41,0.42,0.01,0.01,77402.69,1777132674000
1777132676.237,176.237,0.59,0.6,0.4,0.41,0.01,0.01,77402.69,1777132674000
1777132676.606,176.606,0.63,0.64,0.32,0.41,0.01,0.09,77402.69,1777132674000
1777132677.247,177.247,0.61,0.62,0.38,0.39,0.01,0.01,77402.75,1777132675000
1777132677.585,177.585,0.61,0.62,0.38,0.39,0.01,0.01,77402.06,1777132676000
1777132677.981,177.981,0.57,0.62,0.38,0.43,0.05,0.05,77402.06,1777132677000
1777132678.32,178.32,0.6,0.61,0.39,0.4,0.01,0.01,77402.06,1777132677000
1777132678.685,178.685,0.58,0.6,0.39,0.41,0.02,0.02,77402.06,1777132677000
1777132679.113,179.113,0.58,0.69,0.41,0.42,0.11,0.01,77402.06,1777132677000
1777132679.808,179.808,0.58,0.59,0.31,0.42,0.01,0.11,77401.33,1777132678000
1777132680.147,180.147,0.58,0.6,0.41,0.42,0.02,0.01,77401.33,1777132678000
1777132680.706,180.706,0.58,0.59,0.4,0.42,0.01,0.02,77401.33,1777132679000
1777132681.161,181.161,0.58,0.6,0.4,0.42,0.02,0.02,77401.33,1777132679000
1777132681.711,181.711,0.59,0.61,0.39,0.41,0.02,0.02,77401.34,1777132680000
1777132682.096,182.096,0.64,0.74,0.27,0.36,0.1,0.09,77401.34,1777132680000
1777132682.772,182.772,0.65,0.69,0.31,0.35,0.04,0.04,77401.49,1777132681000
1777132683.118,183.118,0.55,0.57,0.43,0.45,0.02,0.02,77401.49,1777132681000
1777132683.451,183.451,0.53,0.54,0.46,0.47,0.01,0.01,77401.49,1777132681000
1777132683.787,183.787,0.52,0.53,0.47,0.48,0.01,0.01,77401.15,1777132682000
1777132684.13,184.13,0.51,0.52,0.48,0.49,0.01,0.01,77401.15,1777132682000
1777132684.509,184.509,0.51,0.52,0.48,0.5,0.01,0.02,77400.05,1777132683000
1777132684.857,184.857,0.51,0.52,0.48,0.49,0.01,0.01,77400.05,1777132683000
1777132685.339,185.339,0.53,0.55,0.45,0.47,0.02,0.02,77391.9,1777132684000
1777132685.787,185.787,0.52,0.53,0.46,0.48,0.01,0.02,77391.9,1777132684000
1777132686.162,186.162,0.54,0.55,0.45,0.46,0.01,0.01,77389.23,1777132685000
1777132686.505,186.505,0.51,0.52,0.48,0.49,0.01,0.01,77389.23,1777132685000
1777132686.972,186.972,0.52,0.53,0.38,0.48,0.01,0.1,77389.23,1777132685000
1777132687.413,187.413,0.52,0.53,0.47,0.48,0.01,0.01,77389.32,1777132686000
1777132688.215,188.215,0.52,0.53,0.47,0.48,0.01,0.01,77389.32,1777132686000
1777132688.593,188.593,0.47,0.53,0.47,0.53,0.06,0.06,77389.32,1777132687000
1777132688.936,188.936,0.39,0.4,0.6,0.61,0.01,0.01,77389.32,1777132687000
1777132689.531,189.531,0.37,0.4,0.6,0.65,0.03,0.05,77378.1,1777132688000
1777132689.867,189.867,0.38,0.47,0.53,0.56,0.09,0.03,77378.1,1777132688000
1777132690.202,190.202,0.43,0.44,0.56,0.58,0.01,0.02,77372.85,1777132689000
1777132690.553,190.553,0.43,0.44,0.56,0.57,0.01,0.01,77372.85,1777132689000
1777132690.904,190.904,0.36,0.39,0.63,0.68,0.03,0.05,77372.85,1777132689000
1777132691.249,191.249,0.34,0.35,0.64,0.66,0.01,0.02,77372.85,1777132689000
1777132691.711,191.711,0.34,0.4,0.6,0.66,0.06,0.06,77372.8,1777132690000
1777132692.048,192.048,0.38,0.39,0.61,0.62,0.01,0.01,77372.8,1777132690000
1777132692.477,192.477,0.4,0.41,0.59,0.61,0.01,0.02,77372.8,1777132690000
1777132692.836,192.836,0.4,0.41,0.59,0.6,0.01,0.01,77370.7,1777132691000
1777132693.184,193.184,0.39,0.4,0.6,0.61,0.01,0.01,77371.39,1777132692000
1777132693.599,193.599,0.39,0.4,0.6,0.61,0.01,0.01,77371.39,1777132692000
1777132694.34,194.34,0.38,0.39,0.61,0.62,0.01,0.01,77371.39,1777132693000
1777132694.764,194.764,0.38,0.39,0.59,0.6,0.01,0.01,77371.39,1777132693000
1777132695.278,195.278,0.36,0.37,0.63,0.64,0.01,0.01,77371.53,1777132694000
1777132695.66,195.66,0.36,0.37,0.63,0.64,0.01,0.01,77371.53,1777132694000
1777132696.006,196.006,0.36,0.37,0.63,0.64,0.01,0.01,77371.53,1777132694000
1777132696.612,196.612,0.36,0.4,0.63,0.64,0.04,0.01,77371.6,1777132695000
1777132697.255,197.255,0.39,0.4,0.6,0.61,0.01,0.01,77367.8,1777132696000
1777132697.754,197.754,0.39,0.4,0.6,0.61,0.01,0.01,77367.8,1777132696000
1777132698.098,198.098,0.39,0.4,0.6,0.61,0.01,0.01,77367.8,1777132696000
1777132698.476,198.476,0.39,0.4,0.6,0.61,0.01,0.01,77367.8,1777132696000
1777132698.825,198.825,0.38,0.39,0.61,0.62,0.01,0.01,77367.8,1777132697000
1777132699.174,199.174,0.37,0.38,0.62,0.63,0.01,0.01,77367.8,1777132697000
1777132699.548,199.548,0.37,0.38,0.62,0.63,0.01,0.01,77368.01,1777132698000
1777132699.887,199.887,0.39,0.4,0.6,0.61,0.01,0.01,77368.01,1777132698000
1777132700.276,200.276,0.39,0.4,0.6,0.61,0.01,0.01,77368.01,1777132698000
1777132700.716,200.716,0.39,0.4,0.6,0.61,0.01,0.01,77369.17,1777132699000
1777132701.094,201.094,0.39,0.4,0.6,0.61,0.01,0.01,77369.17,1777132699000
1777132701.496,201.496,0.41,0.42,0.58,0.59,0.01,0.01,77366.92,1777132700000
1777132701.891,201.891,0.41,0.42,0.58,0.59,0.01,0.01,77366.92,1777132700000
1777132702.262,202.262,0.42,0.43,0.57,0.59,0.01,0.02,77366.92,1777132700000
1777132702.738,202.738,0.42,0.43,0.57,0.58,0.01,0.01,77372.53,1777132701000
1777132703.13,203.13,0.41,0.42,0.57,0.59,0.01,0.02,77372.53,1777132701000
1777132703.477,203.477,0.4,0.41,0.59,0.6,0.01,0.01,77372.69,1777132702000
1777132703.813,203.813,0.4,0.41,0.59,0.6,0.01,0.01,77372.69,1777132702000
1777132704.204,204.204,0.4,0.42,0.59,0.6,0.02,0.01,77372.69,1777132702000
1777132704.646,204.646,0.41,0.42,0.58,0.59,0.01,0.01,77372.67,1777132703000
1777132705.627,205.627,0.41,0.42,0.58,0.59,0.01,0.01,77372.59,1777132704000
1777132706.094,206.094,0.41,0.42,0.58,0.59,0.01,0.01,77372.59,1777132704000
1777132706.442,206.442,0.42,0.43,0.58,0.59,0.01,0.01,77372.59,1777132704000
1777132706.788,206.788,0.42,0.45,0.55,0.58,0.03,0.03,77372.6,1777132705000
1777132707.16,207.16,0.53,0.54,0.46,0.47,0.01,0.01,77372.69,1777132706000
1777132707.499,207.499,0.53,0.54,0.46,0.47,0.01,0.01,77372.69,1777132706000
1777132707.946,207.946,0.51,0.52,0.48,0.49,0.01,0.01,77372.69,1777132706000
1777132708.352,208.352,0.52,0.53,0.47,0.49,0.01,0.02,77372.73,1777132707000
1777132708.742,208.742,0.52,0.53,0.47,0.48,0.01,0.01,77372.73,1777132707000
1777132709.109,209.109,0.52,0.53,0.47,0.48,0.01,0.01,77378.09,1777132708000
1777132709.445,209.445,0.52,0.53,0.47,0.48,0.01,0.01,77378.09,1777132708000
1777132709.962,209.962,0.52,0.53,0.47,0.48,0.01,0.01,77378.09,1777132708000
1777132710.296,210.296,0.52,0.53,0.47,0.48,0.01,0.01,77380.77,1777132709000
1777132710.693,210.693,0.54,0.55,0.45,0.46,0.01,0.01,77380.77,1777132709000
1777132711.123,211.123,0.54,0.55,0.45,0.46,0.01,0.01,77380.77,1777132709000
1777132711.517,211.517,0.54,0.55,0.45,0.46,0.01,0.01,77380.74,1777132710000
1777132711.957,211.957,0.54,0.55,0.45,0.46,0.01,0.01,77380.74,1777132710000
1777132712.402,212.402,0.54,0.55,0.45,0.46,0.01,0.01,77380.72,1777132711000
1777132712.812,212.812,0.54,0.55,0.45,0.46,0.01,0.01,77380.72,1777132711000
1777132713.18,213.18,0.54,0.55,0.45,0.46,0.01,0.01,77380.72,1777132711000
1777132713.634,213.634,0.54,0.55,0.45,0.46,0.01,0.01,77382.6,1777132712000
1777132714.049,214.049,0.5,0.51,0.48,0.5,0.01,0.02,77382.6,1777132712000
1777132714.577,214.577,0.5,0.51,0.49,0.5,0.01,0.01,77382.6,1777132712000
1777132714.987,214.987,0.5,0.51,0.49,0.5,0.01,0.01,77383.66,1777132713000
1777132715.422,215.422,0.5,0.52,0.48,0.5,0.02,0.02,77383.66,1777132713000
1777132715.826,215.826,0.51,0.52,0.48,0.49,0.01,0.01,77383.83,1777132714000
1777132716.204,216.204,0.55,0.56,0.43,0.49,0.01,0.06,77382.73,1777132715000
1777132716.663,216.663,0.55,0.56,0.44,0.45,0.01,0.01,77382.73,1777132715000
1777132717.257,217.257,0.57,0.58,0.42,0.45,0.01,0.03,77382.73,1777132716000
1777132717.636,217.636,0.57,0.58,0.42,0.43,0.01,0.01,77382.73,1777132716000
1777132717.985,217.985,0.6,0.61,0.38,0.43,0.01,0.05,77382.73,1777132716000
1777132718.52,218.52,0.59,0.6,0.39,0.41,0.01,0.02,77382.98,1777132717000
1777132719.165,219.165,0.59,0.6,0.4,0.41,0.01,0.01,77382.99,1777132718000
1777132719.543,219.543,0.49,0.5,0.44,0.52,0.01,0.08,77382.99,1777132718000
1777132719.879,219.879,0.47,0.48,0.5,0.53,0.01,0.03,77382.99,1777132718000
1777132720.212,220.212,0.47,0.48,0.52,0.53,0.01,0.01,77382.99,1777132718000
1777132720.585,220.585,0.48,0.49,0.51,0.53,0.01,0.02,77383.01,1777132719000
1777132720.939,220.939,0.48,0.49,0.51,0.52,0.01,0.01,77383.01,1777132719000
1777132721.314,221.314,0.5,0.56,0.44,0.5,0.06,0.06,77381.52,1777132720000
1777132721.822,221.822,0.49,0.5,0.5,0.51,0.01,0.01,77381.52,1777132720000
1777132722.279,222.279,0.49,0.5,0.5,0.51,0.01,0.01,77381.52,1777132721000
1777132722.644,222.644,0.49,0.5,0.5,0.51,0.01,0.01,77381.52,1777132721000
1777132723.056,223.056,0.5,0.53,0.47,0.5,0.03,0.03,77381.52,1777132721000
1777132723.404,223.404,0.55,0.56,0.44,0.45,0.01,0.01,77380.69,1777132722000
1777132723.838,223.838,0.55,0.56,0.44,0.45,0.01,0.01,77380.69,1777132722000
1777132724.184,224.184,0.55,0.56,0.44,0.45,0.01,0.01,77380.69,1777132722000
1777132724.575,224.575,0.55,0.56,0.44,0.45,0.01,0.01,77380.81,1777132723000
1777132724.943,224.943,0.51,0.55,0.44,0.45,0.04,0.01,77380.81,1777132723000
1777132725.332,225.332,0.54,0.55,0.45,0.46,0.01,0.01,77380.81,1777132723000
1777132725.687,225.687,0.54,0.55,0.45,0.46,0.01,0.01,77381.05,1777132724000
1777132726.211,226.211,0.53,0.54,0.46,0.47,0.01,0.01,77381.05,1777132724000
1777132726.803,226.803,0.58,0.59,0.42,0.47,0.01,0.05,77380.99,1777132725000
1777132727.262,227.262,0.58,0.59,0.41,0.42,0.01,0.01,77380.99,1777132725000
1777132727.682,227.682,0.5,0.51,0.49,0.5,0.01,0.01,77381.02,1777132726000
1777132728.057,228.057,0.5,0.51,0.49,0.5,0.01,0.01,77381.02,1777132727000
1777132728.434,228.434,0.5,0.51,0.49,0.5,0.01,0.01,77381.02,1777132727000
1777132728.784,228.784,0.46,0.47,0.53,0.54,0.01,0.01,77381.02,1777132727000
1777132729.193,229.193,0.44,0.45,0.53,0.56,0.01,0.03,77381.02,1777132727000
1777132729.577,229.577,0.43,0.44,0.56,0.57,0.01,0.01,77368.32,1777132728000
1777132729.939,229.939,0.42,0.43,0.57,0.58,0.01,0.01,77368.32,1777132728000
1777132730.286,230.286,0.42,0.43,0.57,0.58,0.01,0.01,77368.32,1777132728000
1777132730.62,230.62,0.4,0.41,0.59,0.6,0.01,0.01,77359.12,1777132729000
1777132730.963,230.963,0.4,0.41,0.59,0.6,0.01,0.01,77359.12,1777132729000
1777132731.444,231.444,0.4,0.41,0.59,0.6,0.01,0.01,77359.12,1777132730000
1777132731.785,231.785,0.39,0.41,0.59,0.6,0.02,0.01,77359.12,1777132730000
1777132732.124,232.124,0.39,0.4,0.6,0.61,0.01,0.01,77356.46,1777132731000
1777132732.564,232.564,0.36,0.37,0.6,0.61,0.01,0.01,77356.46,1777132731000
1777132732.927,232.927,0.32,0.41,0.59,0.6,0.09,0.01,77356.46,1777132731000
1777132733.28,233.28,0.41,0.42,0.58,0.59,0.01,0.01,77356.46,1777132731000
1777132733.656,233.656,0.43,0.44,0.56,0.59,0.01,0.03,77356.78,1777132732000
1777132734.006,234.006,0.43,0.45,0.56,0.57,0.02,0.01,77356.78,1777132733000
1777132734.369,234.369,0.43,0.44,0.56,0.57,0.01,0.01,77356.78,1777132733000
1777132734.866,234.866,0.43,0.44,0.56,0.57,0.01,0.01,77356.78,1777132733000
1777132735.26,235.26,0.41,0.42,0.58,0.59,0.01,0.01,77359.28,1777132734000
1777132735.646,235.646,0.31,0.42,0.58,0.59,0.11,0.01,77359.28,1777132734000
1777132735.999,235.999,0.32,0.33,0.58,0.69,0.01,0.11,77359.28,1777132734000
1777132736.357,236.357,0.37,0.38,0.67,0.68,0.01,0.01,77360.05,1777132735000
1777132736.787,236.787,0.38,0.4,0.59,0.62,0.02,0.03,77360.05,1777132735000
1777132737.221,237.221,0.3,0.34,0.62,0.66,0.04,0.04,77360.05,1777132735000
1777132737.616,237.616,0.3,0.32,0.68,0.69,0.02,0.01,77360.82,1777132736000
1777132737.985,237.985,0.33,0.35,0.64,0.7,0.02,0.06,77360.82,1777132736000
1777132738.34,238.34,0.34,0.35,0.65,0.66,0.01,0.01,77360.82,1777132737000
1777132738.717,238.717,0.34,0.35,0.65,0.66,0.01,0.01,77360.82,1777132737000
1777132739.077,239.077,0.35,0.36,0.64,0.65,0.01,0.01,77359.1,1777132738000
1777132739.416,239.416,0.35,0.36,0.64,0.65,0.01,0.01,77359.1,1777132738000
1777132739.813,239.813,0.22,0.25,0.75,0.78,0.03,0.03,77359.1,1777132738000
1777132740.159,240.159,0.17,0.2,0.82,0.83,0.03,0.01,77359.1,1777132738000
1777132740.498,240.498,0.17,0.18,0.82,0.83,0.01,0.01,77357.82,1777132739000
1777132740.855,240.855,0.19,0.2,0.8,0.81,0.01,0.01,77357.82,1777132739000
1777132741.32,241.32,0.21,0.32,0.7,0.79,0.11,0.09,77357.82,1777132739000
1777132741.72,241.72,0.28,0.29,0.7,0.72,0.01,0.02,77352.81,1777132740000
1777132742.075,242.075,0.29,0.3,0.7,0.72,0.01,0.02,77352.81,1777132740000
1777132742.449,242.449,0.3,0.31,0.69,0.7,0.01,0.01,77349.87,1777132741000
1777132742.874,242.874,0.3,0.31,0.69,0.7,0.01,0.01,77349.87,1777132741000
1777132743.369,243.369,0.3,0.31,0.69,0.7,0.01,0.01,77349.87,1777132741000
1777132743.709,243.709,0.16,0.3,0.7,0.84,0.14,0.14,77350.24,1777132742000
1777132744.044,244.044,0.16,0.17,0.83,0.84,0.01,0.01,77350.24,1777132742000
1777132744.385,244.385,0.27,0.29,0.7,0.73,0.02,0.03,77350.24,1777132742000
1777132744.742,244.742,0.26,0.29,0.71,0.72,0.03,0.01,77352.94,1777132743000
1777132745.086,245.086,0.22,0.23,0.76,0.77,0.01,0.01,77352.94,1777132743000
1777132745.443,245.443,0.19,0.21,0.77,0.83,0.02,0.06,77350.48,1777132744000
1777132745.795,245.795,0.27,0.28,0.72,0.73,0.01,0.01,77350.48,1777132744000
1777132746.129,246.129,0.26,0.27,0.73,0.74,0.01,0.01,77350.48,1777132744000
1777132746.464,246.464,0.26,0.27,0.73,0.74,0.01,0.01,77348.65,1777132745000
1777132746.812,246.812,0.26,0.27,0.73,0.74,0.01,0.01,77348.65,1777132745000
1777132747.258,247.258,0.29,0.3,0.68,0.74,0.01,0.06,77348.65,1777132745000
1777132747.593,247.593,0.3,0.31,0.69,0.7,0.01,0.01,77348.21,1777132746000
1777132747.969,247.969,0.3,0.31,0.69,0.7,0.01,0.01,77348.21,1777132746000
1777132748.382,248.382,0.31,0.32,0.65,0.7,0.01,0.05,77347.87,1777132747000
1777132748.745,248.745,0.33,0.34,0.66,0.67,0.01,0.01,77347.87,1777132747000
1777132749.15,249.15,0.33,0.34,0.66,0.67,0.01,0.01,77347.87,1777132748000
1777132749.579,249.579,0.3,0.31,0.69,0.7,0.01,0.01,77347.87,1777132748000
1777132749.998,249.998,0.3,0.31,0.69,0.7,0.01,0.01,77347.87,1777132748000
1777132750.345,250.345,0.3,0.31,0.69,0.7,0.01,0.01,77347.91,1777132749000
1777132750.707,250.707,0.32,0.34,0.65,0.69,0.02,0.04,77347.91,1777132749000
1777132751.07,251.07,0.32,0.34,0.65,0.67,0.02,0.02,77347.91,1777132749000
1777132751.403,251.403,0.32,0.33,0.67,0.68,0.01,0.01,77350.22,1777132750000
1777132751.92,251.92,0.33,0.34,0.67,0.68,0.01,0.01,77350.22,1777132750000
1777132752.357,252.357,0.33,0.34,0.66,0.67,0.01,0.01,77350.24,1777132751000
1777132752.836,252.836,0.33,0.34,0.66,0.67,0.01,0.01,77350.24,1777132751000
1777132753.185,253.185,0.33,0.34,0.66,0.67,0.01,0.01,77350.74,1777132752000
1777132753.622,253.622,0.33,0.34,0.66,0.67,0.01,0.01,77350.74,1777132752000
1777132754.074,254.074,0.33,0.34,0.66,0.67,0.01,0.01,77350.71,1777132753000
1777132754.673,254.673,0.34,0.35,0.65,0.66,0.01,0.01,77350.71,1777132753000
1777132755.15,255.15,0.36,0.37,0.63,0.64,0.01,0.01,77351.93,1777132754000
1777132755.494,255.494,0.36,0.37,0.63,0.64,0.01,0.01,77351.93,1777132754000
1777132756.003,256.003,0.36,0.37,0.63,0.64,0.01,0.01,77351.93,1777132754000
1777132756.465,256.465,0.38,0.39,0.61,0.62,0.01,0.01,77352.64,1777132755000
1777132756.934,256.934,0.35,0.37,0.63,0.64,0.02,0.01,77352.64,1777132755000
1777132757.442,257.442,0.34,0.35,0.65,0.66,0.01,0.01,77352.64,1777132755000
1777132757.797,257.797,0.29,0.3,0.7,0.71,0.01,0.01,77353.97,1777132756000
1777132758.165,258.165,0.28,0.29,0.71,0.72,0.01,0.01,77353.97,1777132757000
1777132758.532,258.532,0.35,0.36,0.63,0.67,0.01,0.04,77353.97,1777132757000
1777132758.923,258.923,0.36,0.37,0.63,0.64,0.01,0.01,77353.97,1777132757000
1777132759.291,259.291,0.36,0.37,0.63,0.64,0.01,0.01,77353.97,1777132757000
1777132759.645,259.645,0.37,0.38,0.63,0.64,0.01,0.01,77353.97,1777132757000
1777132760.06,260.06,0.38,0.43,0.62,0.63,0.05,0.01,77353.97,1777132757000
1777132760.409,260.409,0.42,0.43,0.57,0.58,0.01,0.01,77353.97,1777132757000
1777132760.788,260.788,0.42,0.43,0.57,0.58,0.01,0.01,77353.97,1777132757000
1777132761.122,261.122,0.44,0.45,0.55,0.56,0.01,0.01,77353.97,1777132757000
1777132761.466,261.466,0.44,0.45,0.55,0.56,0.01,0.01,77353.84,1777132760000
1777132761.846,261.846,0.44,0.45,0.55,0.56,0.01,0.01,77353.84,1777132760000
1777132762.189,262.189,0.44,0.46,0.55,0.56,0.02,0.01,77353.84,1777132760000
1777132762.64,262.64,0.46,0.5,0.5,0.54,0.04,0.04,77353.84,1777132760000
1777132762.975,262.975,0.49,0.5,0.5,0.51,0.01,0.01,77354.49,1777132761000
1777132763.349,263.349,0.49,0.51,0.5,0.51,0.02,0.01,77354.49,1777132761000
1777132763.682,263.682,0.5,0.51,0.49,0.5,0.01,0.01,77356.4,1777132762000
1777132764.033,264.033,0.5,0.51,0.49,0.5,0.01,0.01,77356.41,1777132763000
1777132764.457,264.457,0.5,0.51,0.49,0.5,0.01,0.01,77356.41,1777132763000
1777132764.865,264.865,0.5,0.51,0.49,0.5,0.01,0.01,77356.41,1777132763000
1777132765.199,265.199,0.44,0.45,0.55,0.56,0.01,0.01,77357.92,1777132764000
1777132765.539,265.539,0.44,0.45,0.55,0.56,0.01,0.01,77357.92,1777132764000
1777132765.955,265.955,0.43,0.44,0.55,0.57,0.01,0.02,77357.92,1777132764000
1777132766.302,266.302,0.39,0.4,0.6,0.61,0.01,0.01,77357.92,1777132764000
1777132766.715,266.715,0.35,0.39,0.61,0.62,0.04,0.01,77358.65,1777132765000
1777132767.151,267.151,0.36,0.37,0.63,0.64,0.01,0.01,77358.65,1777132765000
1777132767.575,267.575,0.36,0.37,0.63,0.65,0.01,0.02,77358.65,1777132765000
1777132768.342,268.342,0.34,0.37,0.63,0.66,0.03,0.03,77358.83,1777132767000
1777132768.705,268.705,0.32,0.33,0.67,0.68,0.01,0.01,77358.83,1777132767000
1777132769.33,269.33,0.34,0.36,0.66,0.68,0.02,0.02,77358.83,1777132767000
1777132769.665,269.665,0.34,0.35,0.65,0.66,0.01,0.01,77358.83,1777132768000
1777132770.141,270.141,0.34,0.35,0.65,0.66,0.01,0.01,77358.83,1777132768000
1777132770.485,270.485,0.35,0.36,0.64,0.65,0.01,0.01,77358.84,1777132769000
1777132770.904,270.904,0.35,0.36,0.64,0.65,0.01,0.01,77358.84,1777132769000
1777132771.248,271.248,0.42,0.43,0.55,0.6,0.01,0.05,77358.84,1777132769000
1777132771.607,271.607,0.44,0.45,0.55,0.56,0.01,0.01,77358.84,1777132769000
1777132771.972,271.972,0.22,0.44,0.56,0.57,0.22,0.01,77358.84,1777132770000
1777132772.316,272.316,0.25,0.26,0.74,0.75,0.01,0.01,77358.8,1777132771000
1777132772.675,272.675,0.26,0.27,0.73,0.74,0.01,0.01,77358.8,1777132771000
1777132773.03,273.03,0.26,0.27,0.73,0.74,0.01,0.01,77358.8,1777132771000
1777132773.448,273.448,0.26,0.27,0.73,0.74,0.01,0.01,77358.8,1777132771000
1777132773.892,273.892,0.26,0.27,0.73,0.74,0.01,0.01,77362.2,1777132772000
1777132774.255,274.255,0.27,0.28,0.72,0.73,0.01,0.01,77361.92,1777132773000
1777132774.669,274.669,0.34,0.35,0.65,0.67,0.01,0.02,77361.92,1777132773000
1777132775.055,275.055,0.34,0.35,0.65,0.66,0.01,0.01,77361.92,1777132773000
1777132775.42,275.42,0.33,0.34,0.65,0.67,0.01,0.02,77361.92,1777132773000
1777132775.786,275.786,0.33,0.34,0.66,0.67,0.01,0.01,77361.78,1777132774000
1777132776.141,276.141,0.33,0.34,0.66,0.67,0.01,0.01,77361.78,1777132775000
1777132776.478,276.478,0.33,0.34,0.66,0.67,0.01,0.01,77361.78,1777132775000
1777132776.985,276.985,0.45,0.46,0.57,0.58,0.01,0.01,77361.78,1777132775000
1777132777.359,277.359,0.43,0.44,0.5,0.51,0.01,0.01,77361.78,1777132775000
1777132777.697,277.697,0.49,0.5,0.5,0.51,0.01,0.01,77361.78,1777132775000
1777132778.072,278.072,0.46,0.47,0.53,0.54,0.01,0.01,77362.23,1777132776000
1777132778.41,278.41,0.41,0.42,0.55,0.58,0.01,0.03,77362.23,1777132776000
1777132778.842,278.842,0.49,0.5,0.5,0.54,0.01,0.04,77362.39,1777132777000
1777132779.2,279.2,0.5,0.51,0.49,0.5,0.01,0.01,77362.51,1777132778000
1777132779.552,279.552,0.5,0.51,0.49,0.5,0.01,0.01,77362.51,1777132778000
1777132779.885,279.885,0.5,0.51,0.49,0.5,0.01,0.01,77362.51,1777132778000
1777132780.232,280.232,0.49,0.5,0.49,0.5,0.01,0.01,77362.51,1777132778000
1777132780.567,280.567,0.47,0.5,0.5,0.54,0.03,0.04,77362.62,1777132779000
1777132780.989,280.989,0.48,0.49,0.51,0.52,0.01,0.01,77362.62,1777132779000
1777132781.328,281.328,0.41,0.42,0.57,0.59,0.01,0.02,77364.32,1777132780000
1777132781.681,281.681,0.41,0.42,0.58,0.59,0.01,0.01,77364.32,1777132780000
1777132782.066,282.066,0.36,0.38,0.63,0.64,0.02,0.01,77364.82,1777132781000
1777132782.452,282.452,0.37,0.38,0.62,0.63,0.01,0.01,77364.82,1777132781000
1777132783.025,283.025,0.36,0.43,0.56,0.59,0.07,0.03,77364.82,1777132781000
1777132783.369,283.369,0.38,0.39,0.61,0.62,0.01,0.01,77364.82,1777132782000
1777132783.713,283.713,0.36,0.4,0.6,0.63,0.04,0.03,77364.82,1777132782000
1777132784.136,284.136,0.39,0.4,0.6,0.62,0.01,0.02,77364.82,1777132782000
1777132784.518,284.518,0.36,0.37,0.6,0.61,0.01,0.01,77364.82,1777132783000
1777132784.878,284.878,0.36,0.37,0.63,0.64,0.01,0.01,77364.82,1777132783000
1777132785.228,285.228,0.36,0.37,0.63,0.64,0.01,0.01,77364.82,1777132783000
1777132785.562,285.562,0.27,0.28,0.72,0.73,0.01,0.01,77364.83,1777132784000
1777132785.936,285.936,0.27,0.28,0.72,0.73,0.01,0.01,77364.83,1777132784000
1777132786.322,286.322,0.27,0.28,0.72,0.73,0.01,0.01,77364.95,1777132785000
1777132786.695,286.695,0.32,0.33,0.6,0.73,0.01,0.13,77364.95,1777132785000
1777132787.08,287.08,0.38,0.39,0.6,0.63,0.01,0.03,77364.95,1777132785000
1777132787.463,287.463,0.38,0.39,0.61,0.62,0.01,0.01,77364.43,1777132786000
1777132787.848,287.848,0.39,0.4,0.6,0.61,0.01,0.01,77364.43,1777132786000
1777132788.297,288.297,0.39,0.4,0.6,0.61,0.01,0.01,77362.96,1777132787000
1777132788.719,288.719,0.38,0.4,0.62,0.63,0.02,0.01,77362.96,1777132787000
1777132789.063,289.063,0.38,0.4,0.62,0.64,0.02,0.02,77362.96,1777132787000
1777132789.43,289.43,0.37,0.38,0.62,0.63,0.01,0.01,77362.96,1777132788000
1777132789.763,289.763,0.32,0.4,0.66,0.68,0.08,0.02,77362.96,1777132788000
1777132790.336,290.336,0.38,0.39,0.61,0.62,0.01,0.01,77363.51,1777132789000
1777132790.67,290.67,0.32,0.36,0.62,0.63,0.04,0.01,77363.51,1777132789000
1777132791.013,291.013,0.32,0.33,0.67,0.68,0.01,0.01,77363.51,1777132789000
1777132791.413,291.413,0.32,0.33,0.67,0.68,0.01,0.01,77363.5,1777132790000
1777132791.82,291.82,0.32,0.33,0.67,0.68,0.01,0.01,77363.5,1777132790000
1777132792.311,292.311,0.34,0.36,0.6,0.68,0.02,0.08,77363.5,1777132790000
1777132792.662,292.662,0.35,0.36,0.64,0.65,0.01,0.01,77363.5,1777132790000
1777132793.132,293.132,0.39,0.4,0.64,0.65,0.01,0.01,77362.88,1777132791000
1777132793.509,293.509,0.39,0.88,0.6,0.61,0.49,0.01,77360.52,1777132792000
1777132793.871,293.871,0.03,0.22,0.78,0.79,0.19,0.01,77360.52,1777132792000
1777132794.235,294.235,0.09,0.12,0.87,0.92,0.03,0.05,77360.42,1777132793000
1777132794.599,294.599,0.19,0.2,0.8,0.81,0.01,0.01,77360.42,1777132793000
1777132795.016,295.016,0.27,0.28,0.67,0.77,0.01,0.1,77360.42,1777132793000
1777132795.355,295.355,0.26,0.27,0.73,0.74,0.01,0.01,77359.42,1777132794000
1777132795.814,295.814,0.32,0.35,0.65,0.69,0.03,0.04,77359.42,1777132794000
1777132796.203,296.203,0.34,0.36,0.65,0.66,0.02,0.01,77359.42,1777132794000
1777132796.563,296.563,0.38,0.4,0.5,0.62,0.02,0.12,77351.31,1777132795000
1777132796.904,296.904,0.39,0.42,0.58,0.59,0.03,0.01,77351.31,1777132795000
1777132797.275,297.275,0.4,0.41,0.59,0.6,0.01,0.01,77349.21,1777132796000
1777132797.618,297.618,0.35,0.38,0.62,0.63,0.03,0.01,77349.21,1777132796000
1777132797.967,297.967,0.31,0.35,0.65,0.66,0.04,0.01,77349.21,1777132796000
1777132798.33,298.33,0.16,0.17,0.83,0.84,0.01,0.01,77351.09,1777132797000
1777132798.672,298.672,0.11,0.12,0.88,0.89,0.01,0.01,77351.09,1777132797000
1777132799.013,299.013,0.08,0.09,0.91,0.92,0.01,0.01,77351.09,1777132797000
1777132799.349,299.349,0.03,0.08,0.92,0.97,0.05,0.05,77348.83,1777132798000
1777132799.72,299.72,0.01,0.02,0.98,0.99,0.01,0.01,77348.83,1777132798000
1777132800.057,300.057,0.02,0.03,0.93,0.98,0.01,0.05,77348.83,1777132798000
1777132800.404,300.404,0.01,0.08,0.98,0.99,0.07,0.01,77348.83,1777132798000
1777132800.74,300.74,0.01,0.01,0.99,0.99,0.0,0.0,77348.63,1777132799000

# RESULT,winner=Down,slug=btc-updown-5m-1777132500,ticks=724
