timestamp,elapsed_sec,up_bid,up_ask,down_bid,down_ask,up_spread,down_spread,btc_price,btc_oracle_ts
1776903300.628,0.628,0.54,0.55,0.45,0.46,0.01,0.01,77928.15,1776903299000
1776903300.98,0.98,0.54,0.55,0.45,0.46,0.01,0.01,77928.15,1776903299000
1776903301.316,1.316,0.54,0.55,0.45,0.46,0.01,0.01,77917.86,1776903300000
1776903301.658,1.658,0.54,0.55,0.45,0.46,0.01,0.01,77917.86,1776903300000
1776903302.004,2.004,0.52,0.54,0.46,0.48,0.02,0.02,77917.86,1776903300000
1776903302.4,2.4,0.5,0.52,0.47,0.49,0.02,0.02,77917.86,1776903300000
1776903302.736,2.736,0.5,0.51,0.48,0.5,0.01,0.02,77915.04,1776903301000
1776903303.127,3.127,0.47,0.48,0.52,0.53,0.01,0.01,77915.04,1776903301000
1776903303.502,3.502,0.48,0.49,0.51,0.53,0.01,0.02,77913.46,1776903302000
1776903303.898,3.898,0.46,0.47,0.53,0.54,0.01,0.01,77913.46,1776903302000
1776903304.27,4.27,0.49,0.5,0.5,0.52,0.01,0.02,77913.46,1776903302000
1776903304.606,4.606,0.49,0.5,0.5,0.51,0.01,0.01,77893.89,1776903303000
1776903304.964,4.964,0.48,0.5,0.5,0.52,0.02,0.02,77893.84,1776903304000
1776903305.34,5.34,0.45,0.46,0.53,0.55,0.01,0.02,77893.84,1776903304000
1776903305.726,5.726,0.45,0.46,0.54,0.55,0.01,0.01,77893.84,1776903304000
1776903306.105,6.105,0.44,0.45,0.55,0.56,0.01,0.01,77893.84,1776903304000
1776903306.452,6.452,0.44,0.45,0.55,0.56,0.01,0.01,77898.75,1776903305000
1776903306.833,6.833,0.44,0.45,0.55,0.56,0.01,0.01,77898.75,1776903305000
1776903307.172,7.172,0.44,0.45,0.55,0.56,0.01,0.01,77898.75,1776903305000
1776903307.535,7.535,0.44,0.45,0.55,0.56,0.01,0.01,77896.12,1776903306000
1776903307.881,7.881,0.44,0.45,0.55,0.56,0.01,0.01,77896.12,1776903306000
1776903308.261,8.261,0.44,0.45,0.55,0.56,0.01,0.01,77896.12,1776903306000
1776903308.596,8.596,0.42,0.43,0.57,0.58,0.01,0.01,77891.76,1776903307000
1776903309.052,9.052,0.41,0.42,0.58,0.59,0.01,0.01,77891.76,1776903307000
1776903309.387,9.387,0.37,0.4,0.6,0.63,0.03,0.03,77889.4,1776903308000
1776903309.737,9.737,0.36,0.37,0.63,0.64,0.01,0.01,77889.4,1776903308000
1776903310.192,10.192,0.36,0.37,0.63,0.64,0.01,0.01,77881.23,1776903309000
1776903310.53,10.53,0.36,0.4,0.63,0.64,0.04,0.01,77881.23,1776903309000
1776903310.955,10.955,0.39,0.4,0.6,0.61,0.01,0.01,77881.23,1776903309000
1776903311.31,11.31,0.39,0.4,0.6,0.61,0.01,0.01,77881.23,1776903309000
1776903311.663,11.663,0.38,0.39,0.61,0.62,0.01,0.01,77881.23,1776903309000
1776903312.031,12.031,0.38,0.39,0.61,0.62,0.01,0.01,77876.12,1776903310000
1776903312.365,12.365,0.36,0.37,0.63,0.64,0.01,0.01,77869.28,1776903311000
1776903312.699,12.699,0.36,0.37,0.63,0.64,0.01,0.01,77869.28,1776903311000
1776903313.091,13.091,0.36,0.37,0.63,0.64,0.01,0.01,77869.28,1776903311000
1776903313.538,13.538,0.36,0.37,0.63,0.64,0.01,0.01,77873.07,1776903312000
1776903314.045,14.045,0.36,0.37,0.63,0.64,0.01,0.01,77873.07,1776903312000
1776903314.482,14.482,0.36,0.37,0.63,0.64,0.01,0.01,77873.07,1776903312000
1776903315.664,15.664,0.36,0.37,0.63,0.64,0.01,0.01,77861.52,1776903314000
1776903316.026,16.026,0.36,0.37,0.63,0.64,0.01,0.01,77861.52,1776903314000
1776903316.512,16.512,0.36,0.37,0.63,0.64,0.01,0.01,77860.85,1776903315000
1776903316.852,16.852,0.36,0.37,0.63,0.64,0.01,0.01,77860.85,1776903315000
1776903317.268,17.268,0.36,0.37,0.63,0.64,0.01,0.01,77860.85,1776903315000
1776903317.649,17.649,0.36,0.37,0.63,0.64,0.01,0.01,77860.85,1776903315000
1776903318.4,18.4,0.36,0.37,0.63,0.64,0.01,0.01,77869.62,1776903316000
1776903318.77,18.77,0.36,0.37,0.63,0.64,0.01,0.01,77867.45,1776903317000
1776903319.394,19.394,0.36,0.37,0.63,0.64,0.01,0.01,77867.45,1776903317000
1776903319.727,19.727,0.36,0.37,0.63,0.64,0.01,0.01,77867.45,1776903317000
1776903320.239,20.239,0.36,0.37,0.63,0.64,0.01,0.01,77867.55,1776903318000
1776903320.614,20.614,0.35,0.37,0.63,0.65,0.02,0.02,77867.55,1776903319000
1776903320.95,20.95,0.28,0.31,0.69,0.72,0.03,0.03,77867.55,1776903319000
1776903321.285,21.285,0.29,0.3,0.7,0.71,0.01,0.01,77867.55,1776903319000
1776903321.619,21.619,0.29,0.3,0.7,0.71,0.01,0.01,77867.55,1776903319000
1776903321.983,21.983,0.29,0.3,0.7,0.71,0.01,0.01,77865.76,1776903320000
1776903322.402,22.402,0.29,0.3,0.7,0.71,0.01,0.01,77865.76,1776903320000
1776903322.748,22.748,0.29,0.3,0.7,0.71,0.01,0.01,77856.73,1776903321000
1776903323.39,23.39,0.29,0.3,0.7,0.71,0.01,0.01,77845.53,1776903322000
1776903323.965,23.965,0.3,0.31,0.69,0.7,0.01,0.01,77845.53,1776903322000
1776903325.179,25.179,0.3,0.31,0.69,0.7,0.01,0.01,77842.36,1776903323000
1776903325.611,25.611,0.3,0.31,0.69,0.7,0.01,0.01,77845.6,1776903324000
1776903325.946,25.946,0.28,0.31,0.69,0.72,0.03,0.03,77845.6,1776903324000
1776903326.344,26.344,0.28,0.29,0.71,0.72,0.01,0.01,77845.6,1776903324000
1776903326.678,26.678,0.3,0.31,0.69,0.7,0.01,0.01,77839.7,1776903325000
1776903327.015,27.015,0.28,0.29,0.71,0.72,0.01,0.01,77839.7,1776903325000
1776903327.503,27.503,0.28,0.29,0.71,0.72,0.01,0.01,77838.73,1776903326000
1776903327.845,27.845,0.28,0.29,0.71,0.72,0.01,0.01,77838.73,1776903326000
1776903328.398,28.398,0.28,0.29,0.71,0.72,0.01,0.01,77838.73,1776903326000
1776903328.743,28.743,0.28,0.29,0.71,0.72,0.01,0.01,77833.95,1776903327000
1776903329.129,29.129,0.28,0.29,0.71,0.72,0.01,0.01,77833.38,1776903328000
1776903329.488,29.488,0.28,0.29,0.71,0.72,0.01,0.01,77833.38,1776903328000
1776903329.831,29.831,0.28,0.29,0.71,0.72,0.01,0.01,77833.38,1776903328000
1776903330.173,30.173,0.27,0.28,0.72,0.73,0.01,0.01,77833.38,1776903328000
1776903330.555,30.555,0.27,0.28,0.72,0.73,0.01,0.01,77841.68,1776903329000
1776903330.905,30.905,0.27,0.28,0.72,0.73,0.01,0.01,77841.68,1776903329000
1776903331.259,31.259,0.26,0.28,0.72,0.73,0.02,0.01,77841.68,1776903329000
1776903331.612,31.612,0.26,0.27,0.73,0.74,0.01,0.01,77840.37,1776903330000
1776903331.988,31.988,0.26,0.27,0.73,0.74,0.01,0.01,77840.37,1776903330000
1776903332.328,32.328,0.26,0.27,0.73,0.74,0.01,0.01,77838.07,1776903331000
1776903333.182,33.182,0.25,0.26,0.73,0.75,0.01,0.02,77838.07,1776903331000
1776903333.518,33.518,0.25,0.26,0.74,0.75,0.01,0.01,77838.07,1776903331000
1776903334.032,34.032,0.25,0.26,0.74,0.75,0.01,0.01,77830.16,1776903333000
1776903334.872,34.872,0.25,0.27,0.74,0.75,0.02,0.01,77830.16,1776903333000
1776903335.261,35.261,0.25,0.27,0.73,0.75,0.02,0.02,77812.99,1776903334000
1776903335.703,35.703,0.25,0.26,0.73,0.75,0.01,0.02,77812.99,1776903334000
1776903336.211,36.211,0.25,0.26,0.74,0.75,0.01,0.01,77812.82,1776903335000
1776903336.544,36.544,0.25,0.26,0.74,0.75,0.01,0.01,77812.82,1776903335000
1776903336.907,36.907,0.25,0.26,0.74,0.75,0.01,0.01,77812.82,1776903335000
1776903337.487,37.487,0.24,0.25,0.74,0.77,0.01,0.03,77811.61,1776903336000
1776903337.821,37.821,0.23,0.24,0.76,0.77,0.01,0.01,77811.61,1776903336000
1776903338.162,38.162,0.22,0.23,0.76,0.78,0.01,0.02,77812.72,1776903337000
1776903338.593,38.593,0.25,0.26,0.74,0.75,0.01,0.01,77812.72,1776903337000
1776903338.969,38.969,0.24,0.25,0.75,0.76,0.01,0.01,77812.71,1776903338000
1776903339.31,39.31,0.24,0.25,0.75,0.76,0.01,0.01,77812.71,1776903338000
1776903339.753,39.753,0.24,0.25,0.75,0.76,0.01,0.01,77812.71,1776903338000
1776903340.105,40.105,0.24,0.25,0.75,0.76,0.01,0.01,77819.31,1776903339000
1776903340.553,40.553,0.24,0.25,0.75,0.76,0.01,0.01,77819.31,1776903339000
1776903340.919,40.919,0.24,0.25,0.75,0.76,0.01,0.01,77819.31,1776903339000
1776903341.268,41.268,0.24,0.25,0.75,0.76,0.01,0.01,77823.55,1776903340000
1776903341.7,41.7,0.24,0.25,0.75,0.76,0.01,0.01,77823.55,1776903340000
1776903342.145,42.145,0.24,0.25,0.75,0.76,0.01,0.01,77823.55,1776903340000
1776903343.023,43.023,0.24,0.25,0.75,0.76,0.01,0.01,77826.83,1776903341000
1776903343.453,43.453,0.24,0.25,0.75,0.76,0.01,0.01,77828.03,1776903342000
1776903343.983,43.983,0.24,0.25,0.75,0.76,0.01,0.01,77828.03,1776903342000
1776903344.751,44.751,0.24,0.25,0.75,0.76,0.01,0.01,77827.09,1776903343000
1776903345.09,45.09,0.24,0.25,0.75,0.76,0.01,0.01,77825.26,1776903344000
1776903345.434,45.434,0.22,0.23,0.77,0.79,0.01,0.02,77825.26,1776903344000
1776903345.789,45.789,0.22,0.23,0.77,0.78,0.01,0.01,77825.26,1776903344000
1776903346.143,46.143,0.22,0.23,0.77,0.78,0.01,0.01,77817.76,1776903345000
1776903346.506,46.506,0.22,0.23,0.77,0.78,0.01,0.01,77817.76,1776903345000
1776903346.891,46.891,0.21,0.22,0.78,0.79,0.01,0.01,77817.76,1776903345000
1776903347.478,47.478,0.21,0.22,0.78,0.79,0.01,0.01,77812.79,1776903346000
1776903347.83,47.83,0.2,0.21,0.79,0.8,0.01,0.01,77812.79,1776903346000
1776903348.168,48.168,0.2,0.21,0.79,0.8,0.01,0.01,77812.51,1776903347000
1776903348.505,48.505,0.2,0.21,0.79,0.8,0.01,0.01,77812.51,1776903347000
1776903348.992,48.992,0.2,0.21,0.79,0.8,0.01,0.01,77812.51,1776903347000
1776903349.325,49.325,0.2,0.21,0.79,0.8,0.01,0.01,77807.77,1776903348000
1776903349.714,49.714,0.2,0.21,0.79,0.8,0.01,0.01,77807.77,1776903348000
1776903350.101,50.101,0.2,0.21,0.79,0.8,0.01,0.01,77807.77,1776903348000
1776903350.533,50.533,0.2,0.21,0.79,0.8,0.01,0.01,77805.78,1776903349000
1776903350.878,50.878,0.19,0.2,0.79,0.81,0.01,0.02,77805.78,1776903349000
1776903351.336,51.336,0.19,0.2,0.8,0.81,0.01,0.01,77805.78,1776903349000
1776903351.957,51.957,0.18,0.2,0.8,0.81,0.02,0.01,77808.11,1776903350000
1776903352.428,52.428,0.18,0.2,0.8,0.82,0.02,0.02,77807.34,1776903351000
1776903353.275,53.275,0.18,0.2,0.8,0.82,0.02,0.02,77803.73,1776903352000
1776903354.01,54.01,0.18,0.19,0.81,0.82,0.01,0.01,77803.73,1776903352000
1776903354.494,54.494,0.18,0.19,0.81,0.82,0.01,0.01,77800.74,1776903353000
1776903354.935,54.935,0.18,0.19,0.81,0.82,0.01,0.01,77800.74,1776903353000
1776903355.309,55.309,0.18,0.19,0.81,0.82,0.01,0.01,77800.74,1776903353000
1776903355.69,55.69,0.18,0.19,0.81,0.82,0.01,0.01,77796.8,1776903354000
1776903356.036,56.036,0.16,0.19,0.81,0.83,0.03,0.02,77792.76,1776903355000
1776903356.473,56.473,0.18,0.19,0.81,0.82,0.01,0.01,77792.76,1776903355000
1776903356.807,56.807,0.18,0.19,0.81,0.82,0.01,0.01,77792.76,1776903355000
1776903357.151,57.151,0.18,0.19,0.81,0.82,0.01,0.01,77791.3,1776903356000
1776903357.557,57.557,0.18,0.19,0.81,0.82,0.01,0.01,77791.3,1776903356000
1776903357.926,57.926,0.18,0.19,0.81,0.82,0.01,0.01,77791.3,1776903356000
1776903358.375,58.375,0.18,0.19,0.81,0.82,0.01,0.01,77792.53,1776903357000
1776903358.796,58.796,0.18,0.19,0.81,0.82,0.01,0.01,77792.53,1776903357000
1776903359.461,59.461,0.17,0.18,0.82,0.83,0.01,0.01,77792.53,1776903357000
1776903359.831,59.831,0.17,0.19,0.82,0.83,0.02,0.01,77798.57,1776903358000
1776903360.206,60.206,0.18,0.19,0.81,0.82,0.01,0.01,77798.57,1776903358000
1776903360.564,60.564,0.16,0.17,0.81,0.83,0.01,0.02,77802.1,1776903359000
1776903360.955,60.955,0.16,0.17,0.83,0.84,0.01,0.01,77802.1,1776903359000
1776903361.294,61.294,0.15,0.16,0.84,0.85,0.01,0.01,77802.1,1776903359000
1776903361.852,61.852,0.15,0.16,0.84,0.85,0.01,0.01,77798.06,1776903360000
1776903363.14,63.14,0.15,0.16,0.84,0.85,0.01,0.01,77788.94,1776903362000
1776903363.663,63.663,0.15,0.16,0.84,0.85,0.01,0.01,77788.94,1776903362000
1776903364.025,64.025,0.15,0.16,0.84,0.85,0.01,0.01,77788.94,1776903362000
1776903364.364,64.364,0.13,0.16,0.84,0.87,0.03,0.03,77776.55,1776903363000
1776903364.715,64.715,0.15,0.16,0.84,0.85,0.01,0.01,77776.55,1776903363000
1776903365.09,65.09,0.15,0.16,0.84,0.85,0.01,0.01,77779.02,1776903364000
1776903365.459,65.459,0.15,0.16,0.84,0.85,0.01,0.01,77779.02,1776903364000
1776903366.005,66.005,0.15,0.16,0.84,0.85,0.01,0.01,77779.02,1776903364000
1776903366.339,66.339,0.15,0.16,0.84,0.85,0.01,0.01,77777.59,1776903365000
1776903366.798,66.798,0.14,0.15,0.85,0.86,0.01,0.01,77777.59,1776903365000
1776903367.366,67.366,0.15,0.16,0.84,0.85,0.01,0.01,77777.59,1776903365000
1776903367.723,67.723,0.15,0.16,0.84,0.85,0.01,0.01,77771.65,1776903366000
1776903368.129,68.129,0.14,0.16,0.84,0.86,0.02,0.02,77771.78,1776903367000
1776903368.651,68.651,0.14,0.15,0.85,0.86,0.01,0.01,77771.78,1776903367000
1776903369.185,69.185,0.14,0.15,0.85,0.86,0.01,0.01,77771.78,1776903367000
1776903369.912,69.912,0.13,0.15,0.85,0.87,0.02,0.02,77775.04,1776903368000
1776903370.274,70.274,0.13,0.14,0.86,0.87,0.01,0.01,77775.04,1776903368000
1776903371.11,71.11,0.12,0.14,0.86,0.87,0.02,0.01,77774.78,1776903369000
1776903372.392,72.392,0.13,0.14,0.86,0.88,0.01,0.02,77763.44,1776903370000
1776903372.853,72.853,0.13,0.14,0.86,0.87,0.01,0.01,77756.71,1776903371000
1776903373.19,73.19,0.13,0.14,0.86,0.87,0.01,0.01,77756.71,1776903371000
1776903373.682,73.682,0.12,0.13,0.87,0.88,0.01,0.01,77755.8,1776903372000
1776903374.032,74.032,0.12,0.14,0.86,0.88,0.02,0.02,77755.8,1776903372000
1776903374.435,74.435,0.13,0.14,0.86,0.87,0.01,0.01,77766.02,1776903373000
1776903375.066,75.066,0.13,0.14,0.86,0.87,0.01,0.01,77766.02,1776903373000
1776903375.445,75.445,0.13,0.14,0.86,0.87,0.01,0.01,77761.86,1776903374000
1776903375.781,75.781,0.13,0.14,0.86,0.87,0.01,0.01,77761.86,1776903374000
1776903376.196,76.196,0.13,0.14,0.86,0.87,0.01,0.01,77758.2,1776903375000
1776903376.551,76.551,0.13,0.14,0.86,0.87,0.01,0.01,77758.2,1776903375000
1776903376.889,76.889,0.12,0.13,0.86,0.88,0.01,0.02,77758.2,1776903375000
1776903377.301,77.301,0.11,0.12,0.88,0.89,0.01,0.01,77762.96,1776903376000
1776903377.798,77.798,0.11,0.12,0.88,0.9,0.01,0.02,77762.96,1776903376000
1776903378.155,78.155,0.11,0.12,0.88,0.89,0.01,0.01,77762.96,1776903376000
1776903378.736,78.736,0.12,0.13,0.87,0.88,0.01,0.01,77759.73,1776903377000
1776903379.125,79.125,0.12,0.13,0.87,0.88,0.01,0.01,77759.73,1776903377000
1776903379.58,79.58,0.12,0.13,0.87,0.88,0.01,0.01,77750.41,1776903378000
1776903380.206,80.206,0.12,0.13,0.87,0.88,0.01,0.01,77749.45,1776903379000
1776903380.811,80.811,0.12,0.13,0.87,0.88,0.01,0.01,77749.45,1776903379000
1776903381.149,81.149,0.12,0.13,0.87,0.88,0.01,0.01,77748.8,1776903380000
1776903381.498,81.498,0.12,0.13,0.87,0.88,0.01,0.01,77748.8,1776903380000
1776903381.945,81.945,0.12,0.13,0.87,0.88,0.01,0.01,77742.87,1776903381000
1776903382.335,82.335,0.12,0.13,0.87,0.88,0.01,0.01,77742.87,1776903381000
1776903382.892,82.892,0.12,0.13,0.87,0.88,0.01,0.01,77742.87,1776903381000
1776903383.229,83.229,0.12,0.13,0.87,0.88,0.01,0.01,77729.43,1776903382000
1776903383.566,83.566,0.07,0.13,0.87,0.93,0.06,0.06,77729.43,1776903382000
1776903383.904,83.904,0.12,0.13,0.87,0.88,0.01,0.01,77727.45,1776903383000
1776903384.387,84.387,0.12,0.13,0.87,0.88,0.01,0.01,77727.45,1776903383000
1776903384.752,84.752,0.06,0.07,0.93,0.94,0.01,0.01,77727.45,1776903383000
1776903385.099,85.099,0.06,0.09,0.91,0.94,0.03,0.03,77725.35,1776903384000
1776903385.467,85.467,0.06,0.07,0.93,0.94,0.01,0.01,77725.35,1776903384000
1776903385.845,85.845,0.06,0.07,0.93,0.94,0.01,0.01,77725.35,1776903384000
1776903386.222,86.222,0.06,0.07,0.93,0.94,0.01,0.01,77715.97,1776903385000
1776903386.621,86.621,0.06,0.07,0.93,0.94,0.01,0.01,77715.97,1776903385000
1776903387.016,87.016,0.06,0.07,0.93,0.94,0.01,0.01,77715.97,1776903385000
1776903387.807,87.807,0.06,0.07,0.93,0.94,0.01,0.01,77723.8,1776903386000
1776903388.404,88.404,0.06,0.07,0.93,0.94,0.01,0.01,77722.34,1776903387000
1776903388.896,88.896,0.06,0.07,0.93,0.94,0.01,0.01,77722.34,1776903387000
1776903389.229,89.229,0.06,0.07,0.93,0.94,0.01,0.01,77722.34,1776903387000
1776903389.698,89.698,0.06,0.07,0.93,0.95,0.01,0.02,77722.34,1776903387000
1776903390.131,90.131,0.06,0.07,0.93,0.94,0.01,0.01,77722.34,1776903387000
1776903390.478,90.478,0.06,0.07,0.93,0.94,0.01,0.01,77722.66,1776903388000
1776903390.846,90.846,0.06,0.07,0.93,0.94,0.01,0.01,77722.66,1776903388000
1776903391.198,91.198,0.05,0.06,0.94,0.95,0.01,0.01,77712.03,1776903389000
1776903391.555,91.555,0.04,0.06,0.94,0.95,0.02,0.01,77712.03,1776903389000
1776903391.896,91.896,0.04,0.05,0.95,0.96,0.01,0.01,77697.75,1776903390000
1776903392.231,92.231,0.04,0.05,0.95,0.96,0.01,0.01,77697.75,1776903390000
1776903392.853,92.853,0.04,0.05,0.95,0.96,0.01,0.01,77694.3,1776903391000
1776903393.384,93.384,0.04,0.05,0.94,0.96,0.01,0.02,77694.92,1776903392000
1776903393.72,93.72,0.04,0.05,0.95,0.96,0.01,0.01,77694.92,1776903392000
1776903394.06,94.06,0.04,0.05,0.95,0.96,0.01,0.01,77694.92,1776903392000
1776903394.393,94.393,0.04,0.05,0.95,0.97,0.01,0.02,77694.92,1776903392000
1776903394.728,94.728,0.03,0.05,0.95,0.97,0.02,0.02,77678.36,1776903393000
1776903395.096,95.096,0.03,0.04,0.96,0.97,0.01,0.01,77678.36,1776903393000
1776903395.773,95.773,0.03,0.04,0.96,0.97,0.01,0.01,77659.13,1776903394000
1776903396.121,96.121,0.03,0.04,0.96,0.97,0.01,0.01,77659.13,1776903394000
1776903396.581,96.581,0.03,0.04,0.96,0.97,0.01,0.01,77655.4,1776903395000
1776903396.961,96.961,0.03,0.04,0.96,0.97,0.01,0.01,77655.4,1776903395000
1776903397.358,97.358,0.03,0.04,0.96,0.97,0.01,0.01,77655.03,1776903396000
1776903398.489,98.489,0.03,0.04,0.96,0.97,0.01,0.01,77655.03,1776903396000
1776903398.915,98.915,0.03,0.04,0.96,0.97,0.01,0.01,77655.03,1776903396000
1776903399.62,99.62,0.03,0.04,0.96,0.97,0.01,0.01,77652.1,1776903397000
1776903400.058,100.058,0.03,0.04,0.96,0.97,0.01,0.01,77647.27,1776903398000
1776903400.448,100.448,0.03,0.04,0.96,0.97,0.01,0.01,77647.73,1776903399000
1776903400.851,100.851,0.03,0.04,0.96,0.97,0.01,0.01,77647.73,1776903399000
1776903401.531,101.531,0.02,0.03,0.96,0.98,0.01,0.02,77647.73,1776903399000
1776903401.867,101.867,0.02,0.04,0.96,0.98,0.02,0.02,77649.16,1776903400000
1776903402.317,102.317,0.02,0.03,0.97,0.98,0.01,0.01,77648.67,1776903401000
1776903402.652,102.652,0.02,0.03,0.97,0.98,0.01,0.01,77648.67,1776903401000
1776903403.08,103.08,0.02,0.03,0.97,0.98,0.01,0.01,77648.67,1776903401000
1776903403.709,103.709,0.01,0.02,0.98,0.99,0.01,0.01,77648.67,1776903402000
1776903404.148,104.148,0.01,0.02,0.98,0.99,0.01,0.01,77648.67,1776903402000
1776903404.517,104.517,0.01,0.02,0.98,0.99,0.01,0.01,77635.44,1776903403000
1776903404.863,104.863,0.01,0.02,0.98,0.99,0.01,0.01,77635.44,1776903403000
1776903405.237,105.237,0.01,0.02,0.98,0.99,0.01,0.01,77635.44,1776903403000
1776903405.575,105.575,0.01,0.02,0.98,0.99,0.01,0.01,77635.44,1776903404000
1776903406.074,106.074,0.01,0.02,0.98,0.99,0.01,0.01,77635.44,1776903404000
1776903406.524,106.524,0.01,0.02,0.98,0.99,0.01,0.01,77635.44,1776903404000
1776903406.88,106.88,0.01,0.02,0.98,0.99,0.01,0.01,77631.52,1776903405000
1776903407.258,107.258,0.01,0.02,0.98,0.99,0.01,0.01,77631.52,1776903405000
1776903407.637,107.637,0.01,0.02,0.98,0.99,0.01,0.01,77631.21,1776903406000
1776903408.082,108.082,0.01,0.02,0.98,0.99,0.01,0.01,77631.21,1776903406000
1776903408.627,108.627,0.01,0.02,0.98,0.99,0.01,0.01,77626.97,1776903407000
1776903409.341,109.341,0.01,0.02,0.98,0.99,0.01,0.01,77626.97,1776903407000
1776903409.758,109.758,0.01,0.02,0.98,0.99,0.01,0.01,77624.79,1776903408000
1776903410.281,110.281,0.01,0.02,0.98,0.99,0.01,0.01,77624.79,1776903409000
1776903410.662,110.662,0.01,0.02,0.98,0.99,0.01,0.01,77624.79,1776903409000
1776903411.031,111.031,0.01,0.02,0.98,0.99,0.01,0.01,77624.79,1776903409000
1776903411.463,111.463,0.01,0.02,0.98,0.99,0.01,0.01,77617.78,1776903410000
1776903412.003,112.003,0.01,0.02,0.98,0.99,0.01,0.01,77617.78,1776903410000
1776903412.516,112.516,0.01,0.02,0.98,0.99,0.01,0.01,77630.91,1776903411000
1776903413.17,113.17,0.01,0.02,0.98,0.99,0.01,0.01,77630.91,1776903411000
1776903413.761,113.761,0.01,0.02,0.98,0.99,0.01,0.01,77641.22,1776903412000
1776903414.103,114.103,0.01,0.02,0.98,0.99,0.01,0.01,77641.22,1776903412000
1776903414.548,114.548,0.01,0.02,0.98,0.99,0.01,0.01,77641.71,1776903413000
1776903414.896,114.896,0.01,0.02,0.98,0.99,0.01,0.01,77641.71,1776903413000
1776903415.291,115.291,0.01,0.02,0.98,0.99,0.01,0.01,77614.24,1776903414000
1776903415.691,115.691,0.01,0.02,0.98,0.99,0.01,0.01,77614.24,1776903414000
1776903416.146,116.146,0.01,0.02,0.98,0.99,0.01,0.01,77614.71,1776903415000
1776903416.526,116.526,0.01,0.02,0.98,0.99,0.01,0.01,77614.71,1776903415000
1776903416.918,116.918,0.01,0.02,0.98,0.99,0.01,0.01,77614.71,1776903415000
1776903417.304,117.304,0.01,0.02,0.98,0.99,0.01,0.01,77614.71,1776903415000
1776903417.671,117.671,0.01,0.02,0.98,0.99,0.01,0.01,77625.46,1776903416000
1776903418.107,118.107,0.01,0.02,0.98,0.99,0.01,0.01,77625.46,1776903417000
1776903418.667,118.667,0.01,0.02,0.98,0.99,0.01,0.01,77625.46,1776903417000
1776903419.26,119.26,0.01,0.02,0.98,0.99,0.01,0.01,77629.44,1776903418000
1776903419.743,119.743,0.01,0.02,0.98,0.99,0.01,0.01,77629.44,1776903418000
1776903420.107,120.107,0.01,0.02,0.98,0.99,0.01,0.01,77629.44,1776903418000
1776903420.455,120.455,0.01,0.02,0.98,0.99,0.01,0.01,77635.68,1776903419000
1776903420.857,120.857,0.01,0.02,0.98,0.99,0.01,0.01,77635.68,1776903419000
1776903421.196,121.196,0.01,0.02,0.98,0.99,0.01,0.01,77635.68,1776903419000
1776903421.542,121.542,0.01,0.02,0.98,0.99,0.01,0.01,77645.73,1776903420000
1776903421.968,121.968,0.01,0.02,0.98,0.99,0.01,0.01,77645.73,1776903420000
1776903422.305,122.305,0.01,0.02,0.98,0.99,0.01,0.01,77647.75,1776903421000
1776903422.644,122.644,0.01,0.02,0.98,0.99,0.01,0.01,77647.75,1776903421000
1776903423.038,123.038,0.01,0.01,0.99,0.99,0.0,0.0,77647.75,1776903421000
1776903423.495,123.495,0.01,0.01,0.99,0.99,0.0,0.0,77636.35,1776903422000
1776903423.894,123.894,0.01,0.01,0.99,0.99,0.0,0.0,77636.35,1776903422000
1776903424.265,124.265,0.01,0.01,0.99,0.99,0.0,0.0,77630.37,1776903423000
1776903424.845,124.845,0.01,0.01,0.99,0.99,0.0,0.0,77630.37,1776903423000
1776903425.304,125.304,0.01,0.02,0.98,0.99,0.01,0.01,77633.76,1776903424000
1776903425.787,125.787,0.01,0.02,0.98,0.99,0.01,0.01,77633.76,1776903424000
1776903426.216,126.216,0.01,0.02,0.98,0.99,0.01,0.01,77633.76,1776903424000
1776903426.56,126.56,0.01,0.02,0.98,0.99,0.01,0.01,77633.76,1776903424000
1776903426.955,126.955,0.01,0.02,0.98,0.99,0.01,0.01,77633.76,1776903424000
1776903427.413,127.413,0.01,0.02,0.98,0.99,0.01,0.01,77633.76,1776903424000
1776903427.992,127.992,0.01,0.02,0.98,0.99,0.01,0.01,77659.09,1776903426000
1776903428.819,128.819,0.01,0.02,0.98,0.99,0.01,0.01,77670.13,1776903427000
1776903429.95,129.95,0.01,0.02,0.98,0.99,0.01,0.01,77700.42,1776903429000
1776903430.475,130.475,0.01,0.02,0.98,0.99,0.01,0.01,77700.42,1776903429000
1776903430.808,130.808,0.01,0.02,0.98,0.99,0.01,0.01,77700.42,1776903429000
1776903431.177,131.177,0.01,0.02,0.98,0.99,0.01,0.01,77728.12,1776903430000
1776903431.601,131.601,0.01,0.02,0.98,0.99,0.01,0.01,77728.12,1776903430000
1776903432.02,132.02,0.01,0.02,0.98,0.99,0.01,0.01,77765.42,1776903431000
1776903432.37,132.37,0.01,0.02,0.98,0.99,0.01,0.01,77765.42,1776903431000
1776903432.714,132.714,0.01,0.03,0.97,0.99,0.02,0.02,77765.42,1776903431000
1776903433.12,133.12,0.01,0.04,0.96,0.99,0.03,0.03,77781.31,1776903432000
1776903433.466,133.466,0.02,0.05,0.95,0.98,0.03,0.03,77781.31,1776903432000
1776903433.846,133.846,0.05,0.11,0.89,0.95,0.06,0.06,77781.31,1776903432000
1776903434.276,134.276,0.02,0.12,0.88,0.98,0.1,0.1,77799.27,1776903433000
1776903434.611,134.611,0.14,0.15,0.88,0.9,0.01,0.02,77799.27,1776903433000
1776903434.946,134.946,0.11,0.13,0.87,0.9,0.02,0.03,77799.27,1776903433000
1776903435.287,135.287,0.11,0.12,0.88,0.89,0.01,0.01,77799.14,1776903434000
1776903435.639,135.639,0.11,0.12,0.88,0.89,0.01,0.01,77799.14,1776903434000
1776903436.011,136.011,0.11,0.12,0.88,0.89,0.01,0.01,77799.14,1776903434000
1776903436.382,136.382,0.11,0.12,0.88,0.89,0.01,0.01,77777.87,1776903435000
1776903436.79,136.79,0.11,0.12,0.88,0.89,0.01,0.01,77777.87,1776903435000
1776903437.152,137.152,0.11,0.12,0.88,0.89,0.01,0.01,77775.96,1776903436000
1776903437.802,137.802,0.11,0.12,0.88,0.89,0.01,0.01,77775.96,1776903436000
1776903438.232,138.232,0.1,0.12,0.88,0.9,0.02,0.02,77775.96,1776903436000
1776903438.694,138.694,0.1,0.12,0.88,0.9,0.02,0.02,77763.73,1776903437000
1776903439.538,139.538,0.1,0.12,0.88,0.9,0.02,0.02,77763.73,1776903437000
1776903439.873,139.873,0.1,0.12,0.88,0.9,0.02,0.02,77756.44,1776903438000
1776903440.218,140.218,0.1,0.12,0.88,0.9,0.02,0.02,77756.44,1776903438000
1776903440.612,140.612,0.09,0.12,0.88,0.91,0.03,0.03,77756.44,1776903438000
1776903440.996,140.996,0.09,0.12,0.88,0.91,0.03,0.03,77816.57,1776903439000
1776903441.606,141.606,0.08,0.09,0.91,0.92,0.01,0.01,77851.63,1776903440000
1776903441.96,141.96,0.08,0.1,0.9,0.92,0.02,0.02,77851.63,1776903440000
1776903442.323,142.323,0.09,0.1,0.9,0.91,0.01,0.01,77851.63,1776903441000
1776903442.666,142.666,0.09,0.12,0.88,0.91,0.03,0.03,77851.63,1776903441000
1776903443.045,143.045,0.17,0.18,0.82,0.83,0.01,0.01,77850.35,1776903442000
1776903443.379,143.379,0.12,0.21,0.8,0.88,0.09,0.08,77850.35,1776903442000
1776903443.727,143.727,0.08,0.34,0.66,0.92,0.26,0.26,77850.35,1776903442000
1776903444.079,144.079,0.13,0.31,0.69,0.87,0.18,0.18,77844.61,1776903443000
1776903444.414,144.414,0.22,0.31,0.69,0.78,0.09,0.09,77844.61,1776903443000
1776903444.782,144.782,0.27,0.28,0.7,0.74,0.01,0.04,77844.61,1776903443000
1776903445.152,145.152,0.25,0.26,0.73,0.75,0.01,0.02,77845.18,1776903444000
1776903445.521,145.521,0.25,0.26,0.74,0.75,0.01,0.01,77845.18,1776903444000
1776903445.933,145.933,0.23,0.26,0.74,0.77,0.03,0.03,77845.18,1776903444000
1776903446.355,146.355,0.24,0.27,0.74,0.76,0.03,0.02,77845.18,1776903445000
1776903446.868,146.868,0.26,0.27,0.73,0.74,0.01,0.01,77845.18,1776903445000
1776903447.212,147.212,0.16,0.26,0.74,0.84,0.1,0.1,77816.72,1776903446000
1776903448.035,148.035,0.24,0.26,0.74,0.84,0.02,0.1,77816.72,1776903446000
1776903448.469,148.469,0.24,0.26,0.74,0.76,0.02,0.02,77810.98,1776903447000
1776903448.834,148.834,0.24,0.26,0.74,0.76,0.02,0.02,77810.98,1776903447000
1776903449.175,149.175,0.23,0.26,0.74,0.76,0.03,0.02,77810.98,1776903447000
1776903449.559,149.559,0.24,0.25,0.74,0.77,0.01,0.03,77810.98,1776903447000
1776903450.009,150.009,0.23,0.25,0.75,0.77,0.02,0.02,77803.77,1776903448000
1776903450.388,150.388,0.19,0.25,0.75,0.81,0.06,0.06,77803.77,1776903448000
1776903451.08,151.08,0.19,0.22,0.74,0.81,0.03,0.07,77803.46,1776903449000
1776903451.43,151.43,0.19,0.23,0.77,0.81,0.04,0.04,77795.97,1776903450000
1776903451.962,151.962,0.18,0.25,0.75,0.81,0.07,0.06,77795.97,1776903450000
1776903452.307,152.307,0.18,0.25,0.75,0.82,0.07,0.07,77793.0,1776903451000
1776903452.647,152.647,0.15,0.19,0.8,0.85,0.04,0.05,77793.0,1776903451000
1776903452.984,152.984,0.19,0.23,0.77,0.81,0.04,0.04,77793.0,1776903451000
1776903453.44,153.44,0.2,0.26,0.74,0.8,0.06,0.06,77793.0,1776903451000
1776903453.776,153.776,0.23,0.24,0.76,0.77,0.01,0.01,77795.91,1776903452000
1776903454.132,154.132,0.25,0.26,0.74,0.76,0.01,0.02,77795.91,1776903452000
1776903454.471,154.471,0.25,0.26,0.74,0.75,0.01,0.01,77822.81,1776903453000
1776903454.923,154.923,0.26,0.27,0.73,0.74,0.01,0.01,77822.81,1776903453000
1776903455.261,155.261,0.27,0.29,0.72,0.73,0.02,0.01,77822.81,1776903453000
1776903455.608,155.608,0.27,0.32,0.7,0.73,0.05,0.03,77822.81,1776903453000
1776903455.956,155.956,0.26,0.34,0.67,0.74,0.08,0.07,77830.56,1776903454000
1776903456.313,156.313,0.3,0.35,0.65,0.7,0.05,0.05,77830.56,1776903454000
1776903456.673,156.673,0.3,0.36,0.64,0.7,0.06,0.06,77847.6,1776903455000
1776903457.034,157.034,0.3,0.39,0.61,0.7,0.09,0.09,77847.6,1776903455000
1776903457.372,157.372,0.3,0.4,0.6,0.7,0.1,0.1,77847.6,1776903455000
1776903457.88,157.88,0.3,0.4,0.6,0.7,0.1,0.1,77872.13,1776903456000
1776903458.224,158.224,0.3,0.4,0.6,0.7,0.1,0.1,77872.13,1776903456000
1776903458.563,158.563,0.3,0.4,0.6,0.7,0.1,0.1,77880.0,1776903457000
1776903459.139,159.139,0.31,0.42,0.58,0.69,0.11,0.11,77880.0,1776903457000
1776903459.578,159.578,0.3,0.31,0.69,0.7,0.01,0.01,77880.0,1776903457000
1776903460.126,160.126,0.29,0.36,0.64,0.72,0.07,0.08,77887.57,1776903458000
1776903460.501,160.501,0.29,0.42,0.7,0.71,0.13,0.01,77887.57,1776903458000
1776903460.852,160.852,0.29,0.43,0.57,0.71,0.14,0.14,77887.57,1776903458000
1776903461.185,161.185,0.27,0.35,0.65,0.73,0.08,0.08,77888.77,1776903460000
1776903461.57,161.57,0.31,0.32,0.68,0.69,0.01,0.01,77888.77,1776903460000
1776903461.965,161.965,0.35,0.4,0.6,0.69,0.05,0.09,77888.77,1776903460000
1776903462.299,162.299,0.3,0.35,0.65,0.7,0.05,0.05,77880.31,1776903461000
1776903462.639,162.639,0.34,0.35,0.65,0.66,0.01,0.01,77880.31,1776903461000
1776903462.974,162.974,0.35,0.38,0.62,0.66,0.03,0.04,77880.31,1776903461000
1776903463.324,163.324,0.36,0.37,0.63,0.64,0.01,0.01,77875.5,1776903462000
1776903463.686,163.686,0.36,0.37,0.63,0.64,0.01,0.01,77875.5,1776903462000
1776903464.037,164.037,0.36,0.37,0.63,0.64,0.01,0.01,77875.5,1776903462000
1776903464.376,164.376,0.36,0.37,0.63,0.64,0.01,0.01,77875.5,1776903462000
1776903464.776,164.776,0.36,0.37,0.63,0.64,0.01,0.01,77877.35,1776903463000
1776903465.12,165.12,0.36,0.37,0.63,0.64,0.01,0.01,77877.35,1776903463000
1776903466.629,166.629,0.36,0.37,0.63,0.64,0.01,0.01,77890.99,1776903465000
1776903467.182,167.182,0.36,0.37,0.63,0.64,0.01,0.01,77888.59,1776903466000
1776903467.754,167.754,0.35,0.37,0.63,0.65,0.02,0.02,77888.59,1776903466000
1776903468.378,168.378,0.35,0.37,0.63,0.65,0.02,0.02,77887.22,1776903467000
1776903468.806,168.806,0.36,0.37,0.63,0.65,0.01,0.02,77887.22,1776903467000
1776903469.191,169.191,0.36,0.37,0.63,0.64,0.01,0.01,77887.22,1776903467000
1776903469.549,169.549,0.36,0.37,0.63,0.64,0.01,0.01,77887.22,1776903467000
1776903469.908,169.908,0.36,0.37,0.63,0.64,0.01,0.01,77895.11,1776903468000
1776903470.284,170.284,0.36,0.37,0.63,0.65,0.01,0.02,77895.11,1776903468000
1776903470.983,170.983,0.36,0.37,0.63,0.64,0.01,0.01,77923.43,1776903469000
1776903471.531,171.531,0.36,0.37,0.63,0.66,0.01,0.03,77927.97,1776903470000
1776903471.901,171.901,0.36,0.37,0.63,0.64,0.01,0.01,77927.97,1776903470000
1776903472.27,172.27,0.36,0.37,0.63,0.64,0.01,0.01,77928.47,1776903471000
1776903472.623,172.623,0.43,0.5,0.5,0.57,0.07,0.07,77928.47,1776903471000
1776903472.964,172.964,0.5,0.52,0.49,0.5,0.02,0.01,77928.47,1776903471000
1776903473.311,173.311,0.43,0.47,0.53,0.57,0.04,0.04,77928.47,1776903471000
1776903473.655,173.655,0.48,0.51,0.49,0.52,0.03,0.03,77912.09,1776903472000
1776903474.017,174.017,0.5,0.51,0.49,0.5,0.01,0.01,77912.86,1776903473000
1776903474.357,174.357,0.46,0.49,0.51,0.54,0.03,0.03,77912.86,1776903473000
1776903474.702,174.702,0.46,0.47,0.53,0.54,0.01,0.01,77912.86,1776903473000
1776903475.056,175.056,0.46,0.47,0.53,0.54,0.01,0.01,77912.86,1776903473000
1776903475.501,175.501,0.46,0.47,0.53,0.54,0.01,0.01,77920.56,1776903474000
1776903476.401,176.401,0.46,0.47,0.53,0.54,0.01,0.01,77923.66,1776903475000
1776903476.822,176.822,0.46,0.47,0.53,0.54,0.01,0.01,77923.66,1776903475000
1776903477.173,177.173,0.46,0.47,0.53,0.54,0.01,0.01,77923.66,1776903475000
1776903477.526,177.526,0.45,0.47,0.53,0.55,0.02,0.02,77923.66,1776903475000
1776903477.892,177.892,0.45,0.47,0.53,0.55,0.02,0.02,77903.99,1776903476000
1776903478.225,178.225,0.45,0.47,0.53,0.55,0.02,0.02,77899.56,1776903477000
1776903478.588,178.588,0.44,0.47,0.53,0.56,0.03,0.03,77899.56,1776903477000
1776903478.959,178.959,0.43,0.46,0.54,0.57,0.03,0.03,77899.56,1776903477000
1776903479.309,179.309,0.45,0.46,0.54,0.57,0.01,0.03,77899.56,1776903477000
1776903479.813,179.813,0.43,0.47,0.53,0.54,0.04,0.01,77894.23,1776903478000
1776903480.158,180.158,0.41,0.47,0.54,0.59,0.06,0.05,77894.23,1776903478000
1776903480.525,180.525,0.4,0.41,0.59,0.6,0.01,0.01,77894.23,1776903479000
1776903480.946,180.946,0.4,0.41,0.59,0.6,0.01,0.01,77894.23,1776903479000
1776903481.281,181.281,0.39,0.4,0.6,0.62,0.01,0.02,77894.14,1776903480000
1776903481.618,181.618,0.38,0.39,0.61,0.62,0.01,0.01,77894.14,1776903480000
1776903482.092,182.092,0.38,0.39,0.61,0.62,0.01,0.01,77894.14,1776903480000
1776903482.436,182.436,0.38,0.39,0.61,0.62,0.01,0.01,77891.15,1776903481000
1776903482.787,182.787,0.38,0.39,0.59,0.62,0.01,0.03,77891.15,1776903481000
1776903483.193,183.193,0.4,0.41,0.59,0.6,0.01,0.01,77891.15,1776903481000
1776903483.535,183.535,0.4,0.41,0.59,0.6,0.01,0.01,77889.16,1776903482000
1776903483.901,183.901,0.4,0.41,0.59,0.6,0.01,0.01,77889.16,1776903482000
1776903484.239,184.239,0.45,0.46,0.54,0.55,0.01,0.01,77889.16,1776903482000
1776903484.613,184.613,0.47,0.48,0.52,0.54,0.01,0.02,77894.96,1776903483000
1776903484.974,184.974,0.47,0.48,0.52,0.53,0.01,0.01,77902.73,1776903484000
1776903485.332,185.332,0.48,0.49,0.51,0.52,0.01,0.01,77902.73,1776903484000
1776903485.748,185.748,0.48,0.49,0.51,0.52,0.01,0.01,77902.73,1776903484000
1776903486.218,186.218,0.48,0.5,0.51,0.52,0.02,0.01,77902.73,1776903484000
1776903486.681,186.681,0.48,0.5,0.5,0.52,0.02,0.02,77913.25,1776903485000
1776903487.201,187.201,0.48,0.5,0.5,0.52,0.02,0.02,77916.91,1776903486000
1776903487.694,187.694,0.48,0.51,0.5,0.52,0.03,0.02,77916.91,1776903486000
1776903488.028,188.028,0.48,0.51,0.49,0.52,0.03,0.03,77916.91,1776903486000
1776903488.766,188.766,0.48,0.51,0.49,0.52,0.03,0.03,77940.72,1776903487000
1776903489.155,189.155,0.48,0.51,0.49,0.52,0.03,0.03,77940.72,1776903487000
1776903489.491,189.491,0.48,0.51,0.49,0.52,0.03,0.03,77940.72,1776903487000
1776903489.849,189.849,0.49,0.51,0.49,0.52,0.02,0.03,77944.12,1776903488000
1776903490.198,190.198,0.49,0.53,0.47,0.51,0.04,0.04,77941.58,1776903489000
1776903490.577,190.577,0.52,0.53,0.47,0.48,0.01,0.01,77941.58,1776903489000
1776903490.915,190.915,0.49,0.57,0.43,0.51,0.08,0.08,77941.58,1776903489000
1776903491.26,191.26,0.49,0.52,0.48,0.51,0.03,0.03,77941.58,1776903489000
1776903491.616,191.616,0.49,0.6,0.41,0.51,0.11,0.1,77940.07,1776903490000
1776903491.961,191.961,0.49,0.5,0.5,0.51,0.01,0.01,77940.07,1776903490000
1776903492.35,192.35,0.49,0.5,0.5,0.51,0.01,0.01,77940.07,1776903490000
1776903492.687,192.687,0.49,0.55,0.49,0.51,0.06,0.02,77943.05,1776903491000
1776903493.022,193.022,0.49,0.51,0.49,0.51,0.02,0.02,77943.05,1776903491000
1776903493.358,193.358,0.45,0.49,0.51,0.54,0.04,0.03,77943.45,1776903492000
1776903493.693,193.693,0.35,0.39,0.61,0.65,0.04,0.04,77943.45,1776903492000
1776903494.027,194.027,0.35,0.38,0.63,0.65,0.03,0.02,77943.45,1776903492000
1776903494.373,194.373,0.33,0.36,0.64,0.67,0.03,0.03,77943.45,1776903492000
1776903494.763,194.763,0.31,0.36,0.64,0.68,0.05,0.04,77944.34,1776903493000
1776903495.185,195.185,0.34,0.36,0.64,0.66,0.02,0.02,77944.34,1776903493000
1776903495.533,195.533,0.33,0.36,0.64,0.66,0.03,0.02,77905.6,1776903494000
1776903496.044,196.044,0.31,0.36,0.64,0.69,0.05,0.05,77905.6,1776903494000
1776903496.478,196.478,0.34,0.36,0.64,0.66,0.02,0.02,77889.97,1776903495000
1776903497.014,197.014,0.34,0.36,0.64,0.66,0.02,0.02,77889.97,1776903495000
1776903497.632,197.632,0.34,0.36,0.64,0.66,0.02,0.02,77889.97,1776903495000
1776903498.531,198.531,0.31,0.36,0.64,0.69,0.05,0.05,77877.91,1776903497000
1776903498.878,198.878,0.33,0.36,0.65,0.67,0.03,0.02,77877.91,1776903497000
1776903499.218,199.218,0.34,0.36,0.64,0.66,0.02,0.02,77877.91,1776903497000
1776903499.559,199.559,0.33,0.36,0.64,0.66,0.03,0.02,77877.91,1776903497000
1776903499.927,199.927,0.32,0.34,0.66,0.68,0.02,0.02,77862.58,1776903498000
1776903500.412,200.412,0.32,0.34,0.66,0.68,0.02,0.02,77862.58,1776903498000
1776903500.764,200.764,0.32,0.34,0.66,0.68,0.02,0.02,77856.31,1776903499000
1776903501.125,201.125,0.24,0.31,0.69,0.76,0.07,0.07,77856.31,1776903499000
1776903501.465,201.465,0.23,0.25,0.75,0.77,0.02,0.02,77856.31,1776903499000
1776903501.819,201.819,0.43,0.44,0.56,0.57,0.01,0.01,77856.31,1776903499000
1776903502.159,202.159,0.3,0.31,0.69,0.7,0.01,0.01,77856.31,1776903499000
1776903502.501,202.501,0.43,0.45,0.55,0.67,0.02,0.12,77908.64,1776903501000
1776903502.837,202.837,0.33,0.36,0.64,0.67,0.03,0.03,77908.64,1776903501000
1776903503.176,203.176,0.47,0.49,0.51,0.53,0.02,0.02,77912.15,1776903502000
1776903503.514,203.514,0.41,0.48,0.52,0.58,0.07,0.06,77912.15,1776903502000
1776903503.982,203.982,0.46,0.48,0.52,0.55,0.02,0.03,77912.15,1776903502000
1776903504.478,204.478,0.4,0.48,0.52,0.59,0.08,0.07,77942.86,1776903503000
1776903504.815,204.815,0.4,0.48,0.52,0.6,0.08,0.08,77942.86,1776903503000
1776903505.386,205.386,0.41,0.43,0.57,0.59,0.02,0.02,77945.65,1776903504000
1776903505.796,205.796,0.41,0.43,0.57,0.59,0.02,0.02,77945.65,1776903504000
1776903506.199,206.199,0.41,0.46,0.54,0.59,0.05,0.05,77945.65,1776903504000
1776903506.655,206.655,0.41,0.46,0.54,0.59,0.05,0.05,77951.26,1776903505000
1776903507.01,207.01,0.41,0.46,0.54,0.59,0.05,0.05,77951.26,1776903505000
1776903507.389,207.389,0.41,0.47,0.54,0.59,0.06,0.05,77951.26,1776903505000
1776903507.801,207.801,0.4,0.46,0.53,0.59,0.06,0.06,77962.92,1776903506000
1776903508.15,208.15,0.41,0.47,0.53,0.61,0.06,0.08,77962.92,1776903506000
1776903508.826,208.826,0.46,0.47,0.53,0.54,0.01,0.01,77997,1776903507000
1776903509.235,209.235,0.44,0.47,0.53,0.54,0.03,0.01,77997,1776903507000
1776903509.95,209.95,0.44,0.47,0.53,0.56,0.03,0.03,78039.12,1776903509000
1776903510.289,210.289,0.44,0.47,0.53,0.56,0.03,0.03,78039.12,1776903509000
1776903510.711,210.711,0.44,0.46,0.54,0.56,0.02,0.02,78039.12,1776903509000
1776903511.277,211.277,0.44,0.46,0.54,0.56,0.02,0.02,78029.02,1776903510000
1776903511.618,211.618,0.43,0.46,0.54,0.57,0.03,0.03,78029.02,1776903510000
1776903512.216,212.216,0.43,0.46,0.54,0.57,0.03,0.03,78020.92,1776903511000
1776903512.567,212.567,0.44,0.49,0.51,0.57,0.05,0.06,78020.92,1776903511000
1776903512.902,212.902,0.41,0.5,0.5,0.59,0.09,0.09,78020.92,1776903511000
1776903513.246,213.246,0.42,0.5,0.5,0.58,0.08,0.08,78021.43,1776903512000
1776903513.629,213.629,0.42,0.71,0.36,0.58,0.29,0.22,78021.43,1776903512000
1776903513.974,213.974,0.46,0.51,0.56,0.58,0.05,0.02,78021.43,1776903512000
1776903514.33,214.33,0.55,0.74,0.26,0.45,0.19,0.19,78024.09,1776903513000
1776903514.67,214.67,0.52,0.74,0.26,0.27,0.22,0.01,78024.09,1776903513000
1776903515.116,215.116,0.52,0.8,0.2,0.25,0.28,0.05,78024.09,1776903513000
1776903515.468,215.468,0.52,0.8,0.2,0.48,0.28,0.28,78028.56,1776903514000
1776903516.015,216.015,0.47,0.49,0.34,0.52,0.02,0.18,78028.56,1776903514000
1776903516.441,216.441,0.46,0.65,0.34,0.54,0.19,0.2,78026.09,1776903515000
1776903516.915,216.915,0.46,0.65,0.35,0.54,0.19,0.19,78011.12,1776903516000
1776903517.384,217.384,0.53,0.65,0.35,0.47,0.12,0.12,78011.12,1776903516000
1776903517.722,217.722,0.49,0.67,0.33,0.46,0.18,0.13,78011.12,1776903516000
1776903518.105,218.105,0.48,0.49,0.25,0.54,0.01,0.29,78011.87,1776903517000
1776903518.455,218.455,0.48,0.77,0.23,0.52,0.29,0.29,78011.87,1776903517000
1776903518.794,218.794,0.48,0.64,0.36,0.52,0.16,0.16,78011.87,1776903517000
1776903519.137,219.137,0.66,0.77,0.23,0.34,0.11,0.11,78011.87,1776903517000
1776903519.482,219.482,0.65,0.73,0.23,0.37,0.08,0.14,78015.74,1776903518000
1776903519.82,219.82,0.65,0.78,0.22,0.28,0.13,0.06,78015.74,1776903518000
1776903520.155,220.155,0.75,0.79,0.21,0.25,0.04,0.04,78014.76,1776903519000
1776903520.78,220.78,0.65,0.79,0.21,0.27,0.14,0.06,78014.76,1776903519000
1776903521.191,221.191,0.65,0.79,0.21,0.35,0.14,0.14,78021.42,1776903520000
1776903521.655,221.655,0.66,0.79,0.23,0.34,0.13,0.11,78021.42,1776903520000
1776903521.993,221.993,0.79,0.8,0.2,0.45,0.01,0.25,78021.42,1776903520000
1776903522.327,222.327,0.83,0.86,0.15,0.17,0.03,0.02,78021.42,1776903520000
1776903522.665,222.665,0.85,0.88,0.12,0.17,0.03,0.05,78050.08,1776903521000
1776903523.009,223.009,0.8,0.82,0.14,0.22,0.02,0.08,78050.08,1776903521000
1776903523.353,223.353,0.84,0.86,0.14,0.16,0.02,0.02,78055.39,1776903522000
1776903523.688,223.688,0.84,0.85,0.15,0.16,0.01,0.01,78055.39,1776903522000
1776903524.023,224.023,0.85,0.86,0.14,0.15,0.01,0.01,78055.39,1776903522000
1776903524.36,224.36,0.86,0.87,0.13,0.14,0.01,0.01,78046.23,1776903523000
1776903524.697,224.697,0.86,0.87,0.13,0.14,0.01,0.01,78046.23,1776903523000
1776903525.074,225.074,0.86,0.87,0.13,0.14,0.01,0.01,78041.99,1776903524000
1776903525.407,225.407,0.86,0.87,0.13,0.14,0.01,0.01,78041.99,1776903524000
1776903525.791,225.791,0.86,0.88,0.13,0.14,0.02,0.01,78041.99,1776903524000
1776903526.374,226.374,0.86,0.87,0.12,0.14,0.01,0.02,78042.75,1776903525000
1776903526.875,226.875,0.86,0.88,0.12,0.14,0.02,0.02,78042.75,1776903525000
1776903527.256,227.256,0.86,0.88,0.12,0.14,0.02,0.02,78051.02,1776903526000
1776903527.943,227.943,0.86,0.87,0.12,0.14,0.01,0.02,78051.02,1776903526000
1776903528.29,228.29,0.87,0.88,0.12,0.14,0.01,0.02,78051.02,1776903526000
1776903528.823,228.823,0.87,0.88,0.12,0.13,0.01,0.01,78051.02,1776903526000
1776903529.264,229.264,0.86,0.88,0.12,0.13,0.02,0.01,78051.02,1776903526000
1776903529.617,229.617,0.86,0.87,0.13,0.14,0.01,0.01,78043.55,1776903528000
1776903529.991,229.991,0.86,0.89,0.11,0.14,0.03,0.03,78043.55,1776903528000
1776903530.335,230.335,0.87,0.89,0.11,0.13,0.02,0.02,78036.99,1776903529000
1776903530.8,230.8,0.86,0.89,0.11,0.14,0.03,0.03,78036.99,1776903529000
1776903531.201,231.201,0.85,0.87,0.1,0.15,0.02,0.05,78031.9,1776903530000
1776903531.576,231.576,0.87,0.88,0.07,0.19,0.01,0.12,78031.9,1776903530000
1776903532.1,232.1,0.76,0.87,0.13,0.24,0.11,0.11,78046.23,1776903531000
1776903532.434,232.434,0.87,0.88,0.12,0.14,0.01,0.02,78046.23,1776903531000
1776903532.777,232.777,0.84,0.88,0.12,0.16,0.04,0.04,78046.23,1776903531000
1776903533.135,233.135,0.9,0.94,0.06,0.1,0.04,0.04,78054.36,1776903532000
1776903533.492,233.492,0.9,0.91,0.09,0.1,0.01,0.01,78054.36,1776903532000
1776903533.852,233.852,0.89,0.91,0.09,0.11,0.02,0.02,78054.36,1776903532000
1776903534.189,234.189,0.84,0.89,0.11,0.16,0.05,0.05,78054.36,1776903532000
1776903534.526,234.526,0.86,0.87,0.13,0.14,0.01,0.01,78051.7,1776903533000
1776903534.862,234.862,0.86,0.862,0.138,0.14,0.002,0.002,78051.7,1776903533000
1776903535.218,235.218,0.86,0.87,0.131,0.14,0.01,0.009,78039.41,1776903534000
1776903535.566,235.566,0.87,0.89,0.11,0.13,0.02,0.02,78039.41,1776903534000
1776903535.959,235.959,0.883,0.89,0.1,0.117,0.007,0.017,78039.41,1776903534000
1776903536.543,236.543,0.88,0.94,0.06,0.09,0.06,0.03,78009.14,1776903535000
1776903537.009,237.009,0.9,0.94,0.06,0.12,0.04,0.06,78009.14,1776903535000
1776903537.444,237.444,0.9,0.94,0.06,0.11,0.04,0.05,78041.61,1776903536000
1776903537.855,237.855,0.9,0.93,0.06,0.1,0.03,0.04,78041.61,1776903536000
1776903538.199,238.199,0.91,0.93,0.07,0.1,0.02,0.03,78041.61,1776903536000
1776903538.76,238.76,0.91,0.94,0.07,0.09,0.03,0.02,78054.16,1776903537000
1776903539.122,239.122,0.9,0.94,0.06,0.1,0.04,0.04,78054.16,1776903537000
1776903539.638,239.638,0.91,0.95,0.05,0.09,0.04,0.04,78054.14,1776903538000
1776903540.299,240.299,0.91,0.94,0.05,0.09,0.03,0.04,78054.14,1776903538000
1776903540.637,240.637,0.9,0.93,0.079,0.1,0.03,0.021,78037.67,1776903539000
1776903541.282,241.282,0.91,0.94,0.06,0.09,0.03,0.03,78037.67,1776903539000
1776903541.651,241.651,0.94,0.96,0.04,0.06,0.02,0.02,78042.9,1776903540000
1776903542.017,242.017,0.94,0.95,0.05,0.09,0.01,0.04,78042.9,1776903540000
1776903542.367,242.367,0.91,0.95,0.05,0.09,0.04,0.04,78042.9,1776903540000
1776903542.733,242.733,0.94,0.95,0.05,0.06,0.01,0.01,78050.68,1776903541000
1776903543.173,243.173,0.96,0.97,0.03,0.04,0.01,0.01,78050.68,1776903541000
1776903543.533,243.533,0.96,0.97,0.03,0.039,0.01,0.009,78052.53,1776903542000
1776903543.869,243.869,0.965,0.97,0.03,0.035,0.005,0.005,78052.53,1776903542000
1776903544.216,244.216,0.97,0.98,0.03,0.034,0.01,0.004,78052.53,1776903542000
1776903544.59,244.59,0.97,0.98,0.02,0.03,0.01,0.01,78052.53,1776903542000
1776903544.954,244.954,0.97,0.971,0.02,0.03,0.001,0.01,78069.17,1776903543000
1776903545.291,245.291,0.97,0.98,0.02,0.03,0.01,0.01,78078.7,1776903544000
1776903545.631,245.631,0.972,0.98,0.011,0.028,0.008,0.017,78078.7,1776903544000
1776903546.152,246.152,0.972,0.98,0.02,0.028,0.008,0.008,78078.7,1776903544000
1776903546.716,246.716,0.98,0.99,0.02,0.028,0.01,0.008,78102.48,1776903545000
1776903547.107,247.107,0.98,0.99,0.01,0.02,0.01,0.01,78102.48,1776903545000
1776903547.532,247.532,0.98,0.99,0.01,0.02,0.01,0.01,78102.48,1776903545000
1776903548.192,248.192,0.98,0.99,0.01,0.02,0.01,0.01,78117.71,1776903546000
1776903548.553,248.553,0.98,0.99,0.01,0.02,0.01,0.01,78119.13,1776903547000
1776903548.918,248.918,0.98,0.99,0.01,0.02,0.01,0.01,78119.13,1776903547000
1776903549.261,249.261,0.98,0.99,0.01,0.02,0.01,0.01,78125.3,1776903548000
1776903549.604,249.604,0.98,0.99,0.01,0.02,0.01,0.01,78125.3,1776903548000
1776903550.038,250.038,0.98,0.99,0.01,0.02,0.01,0.01,78125.3,1776903548000
1776903550.411,250.411,0.985,0.99,0.01,0.015,0.005,0.005,78140.45,1776903549000
1776903550.781,250.781,0.985,0.99,0.01,0.015,0.005,0.005,78140.45,1776903549000
1776903551.373,251.373,0.991,0.998,0.002,0.009,0.007,0.007,78142.44,1776903550000
1776903552.055,252.055,0.991,0.993,0.007,0.009,0.002,0.002,78142.44,1776903550000
1776903552.425,252.425,0.991,0.999,0.001,0.009,0.008,0.008,78154.03,1776903551000
1776903552.792,252.792,0.991,0.999,0.001,0.009,0.008,0.008,78154.03,1776903551000
1776903553.471,253.471,0.998,0.999,0.001,0.002,0.001,0.001,78161.75,1776903552000
1776903553.834,253.834,0.998,0.999,0.001,0.002,0.001,0.001,78161.75,1776903552000
1776903554.261,254.261,0.998,0.999,0.001,0.002,0.001,0.001,78190.04,1776903553000
1776903555.337,255.337,0.998,0.999,0.001,0.002,0.001,0.001,78190.04,1776903553000
1776903555.693,255.693,0.991,0.999,0.001,0.002,0.008,0.001,78208.83,1776903554000
1776903556.069,256.069,0.991,0.999,0.001,0.009,0.008,0.008,78208.83,1776903554000
1776903556.539,256.539,0.992,0.994,0.001,0.008,0.002,0.007,78208.83,1776903554000
1776903557.085,257.085,0.992,0.994,0.006,0.008,0.002,0.002,78263.58,1776903556000
1776903558.022,258.022,0.993,0.998,0.006,0.008,0.005,0.002,78263.58,1776903556000
1776903558.649,258.649,0.994,0.998,0.002,0.006,0.004,0.004,78266.34,1776903557000
1776903558.989,258.989,0.994,0.998,0.002,0.006,0.004,0.004,78266.34,1776903557000
1776903559.394,259.394,0.994,0.998,0.002,0.006,0.004,0.004,78291.94,1776903558000
1776903559.768,259.768,0.997,0.998,0.002,0.001,0.001,-0.001,78291.94,1776903558000
1776903560.36,260.36,0.997,0.998,0.002,0.003,0.001,0.001,78291.7,1776903559000
1776903560.813,260.813,0.999,0.999,0.001,0.006,0.0,0.005,78291.7,1776903559000
1776903561.207,261.207,0.999,0.999,0.001,0.001,0.0,0.0,78285.87,1776903560000
1776903561.698,261.698,0.998,0.999,0.001,0.001,0.001,0.0,78285.87,1776903560000
1776903562.179,262.179,0.998,0.999,0.001,0.002,0.001,0.001,78282.8,1776903561000
1776903563.213,263.213,0.999,0.999,0.001,0.001,0.0,0.0,78284.8,1776903562000
1776903564.033,264.033,0.995,0.999,0.001,0.001,0.004,0.0,78284.8,1776903562000
1776903564.546,264.546,0.998,0.999,0.001,0.005,0.001,0.004,78273.69,1776903563000
1776903564.937,264.937,0.998,0.999,0.001,0.002,0.001,0.001,78273.69,1776903563000
1776903565.427,265.427,0.998,0.999,0.001,0.002,0.001,0.001,78278.39,1776903564000
1776903566.061,266.061,0.998,0.999,0.001,0.002,0.001,0.001,78264.81,1776903565000
1776903566.988,266.988,0.999,0.999,0.001,0.002,0.0,0.001,78264.81,1776903565000
1776903568.324,268.324,0.999,0.999,0.001,0.001,0.0,0.0,78290.16,1776903567000
1776903569.513,269.513,0.999,0.999,0.001,0.001,0.0,0.0,78282.66,1776903568000
1776903570.099,270.099,0.999,0.999,0.001,0.001,0.0,0.0,78281.37,1776903569000
1776903570.651,270.651,0.999,0.999,0.001,0.001,0.0,0.0,78281.37,1776903569000
1776903571.053,271.053,0.999,0.999,0.001,0.001,0.0,0.0,78281.37,1776903569000
1776903572.35,272.35,0.999,0.999,0.001,0.001,0.0,0.0,78308.57,1776903571000
1776903573.28,273.28,0.999,0.999,0.001,0.001,0.0,0.0,78314.43,1776903572000
1776903573.613,273.613,0.998,0.999,0.001,0.001,0.001,0.0,78314.43,1776903572000
1776903574.566,274.566,0.998,0.999,0.001,0.002,0.001,0.001,78298.65,1776903573000
1776903575.024,275.024,0.994,0.999,0.001,0.002,0.005,0.001,78298.65,1776903573000
1776903575.515,275.515,0.999,0.999,0.001,0.001,0.0,0.0,78301.5,1776903574000
1776903576.309,276.309,0.999,0.999,0.001,0.001,0.0,0.0,78301.5,1776903574000
1776903576.805,276.805,0.999,0.999,0.001,0.001,0.0,0.0,78323.55,1776903575000
1776903577.141,277.141,0.999,0.999,0.001,0.001,0.0,0.0,78333.92,1776903576000
1776903578.233,278.233,0.999,0.999,0.001,0.001,0.0,0.0,78333.92,1776903576000
1776903578.768,278.768,0.999,0.999,0.001,0.001,0.0,0.0,78333.92,1776903576000
1776903579.182,279.182,0.999,0.999,0.001,0.001,0.0,0.0,78346.93,1776903577000
1776903579.762,279.762,0.999,0.999,0.001,0.001,0.0,0.0,78374.27,1776903578000
1776903580.316,280.316,0.999,0.999,0.001,0.001,0.0,0.0,78359.32,1776903579000
1776903581.738,281.738,0.999,0.999,0.001,0.001,0.0,0.0,78341.54,1776903580000
1776903582.306,282.306,0.999,0.999,0.001,0.001,0.0,0.0,78336.09,1776903581000
1776903582.811,282.811,0.999,0.999,0.001,0.001,0.0,0.0,78336.09,1776903581000
1776903584.333,284.333,0.999,0.999,0.001,0.001,0.0,0.0,78352.97,1776903583000
1776903585.228,285.228,0.999,0.999,0.001,0.001,0.0,0.0,78348.37,1776903584000
1776903586.385,286.385,0.999,0.999,0.001,0.001,0.0,0.0,78348.37,1776903584000
1776903587.441,287.441,0.999,0.999,0.001,0.001,0.0,0.0,78353.27,1776903586000
1776903588.065,288.065,0.999,0.999,0.001,0.001,0.0,0.0,78350.5,1776903587000
1776903589.543,289.543,0.999,0.999,0.001,0.001,0.0,0.0,78343.73,1776903588000
1776903590.435,290.435,0.999,0.999,0.001,0.001,0.0,0.0,78344.41,1776903589000
1776903591.59,291.59,0.999,0.999,0.001,0.001,0.0,0.0,78344.08,1776903590000
1776903592.113,292.113,0.999,0.999,0.001,0.001,0.0,0.0,78344.66,1776903591000
1776903593.024,293.024,0.999,0.999,0.001,0.001,0.0,0.0,78343.41,1776903592000
1776903594.079,294.079,0.999,0.999,0.001,0.001,0.0,0.0,78358.28,1776903593000
1776903595.017,295.017,0.999,0.999,0.001,0.001,0.0,0.0,78388.13,1776903594000
1776903596.106,296.106,0.999,0.999,0.001,0.001,0.0,0.0,78400.1,1776903595000
1776903597.173,297.173,0.999,0.999,0.001,0.001,0.0,0.0,78408.83,1776903596000
1776903597.651,297.651,0.999,0.999,0.001,0.001,0.0,0.0,78408.83,1776903596000
1776903598.182,298.182,0.999,0.999,0.001,0.001,0.0,0.0,78444.43,1776903597000
1776903599.186,299.186,0.999,0.999,0.001,0.001,0.0,0.0,78450.25,1776903598000
1776903600.201,300.201,0.999,0.999,0.001,0.001,0.0,0.0,78450.48,1776903599000

# RESULT,winner=Up,slug=btc-updown-5m-1776903300,ticks=656
