timestamp,elapsed_sec,up_bid,up_ask,down_bid,down_ask,up_spread,down_spread,btc_price,btc_oracle_ts
1777097400.825,0.825,0.51,0.52,0.48,0.49,0.01,0.01,77582.72,1777097399000
1777097401.471,1.471,0.51,0.52,0.48,0.49,0.01,0.01,77582.5,1777097400000
1777097401.807,1.807,0.51,0.52,0.48,0.49,0.01,0.01,77582.5,1777097400000
1777097402.234,2.234,0.51,0.52,0.48,0.49,0.01,0.01,77582.66,1777097401000
1777097402.64,2.64,0.51,0.52,0.48,0.49,0.01,0.01,77582.66,1777097401000
1777097403.068,3.068,0.51,0.52,0.48,0.49,0.01,0.01,77582.66,1777097401000
1777097403.447,3.447,0.51,0.52,0.48,0.49,0.01,0.01,77582.71,1777097402000
1777097404.333,4.333,0.51,0.52,0.48,0.49,0.01,0.01,77582.64,1777097403000
1777097405.451,5.451,0.51,0.52,0.48,0.49,0.01,0.01,77580.52,1777097404000
1777097405.79,5.79,0.37,0.41,0.59,0.63,0.04,0.04,77580.52,1777097404000
1777097406.192,6.192,0.35,0.36,0.64,0.65,0.01,0.01,77580.52,1777097405000
1777097406.727,6.727,0.35,0.36,0.64,0.65,0.01,0.01,77580.52,1777097405000
1777097407.074,7.074,0.35,0.36,0.64,0.65,0.01,0.01,77580.33,1777097406000
1777097407.415,7.415,0.35,0.36,0.64,0.65,0.01,0.01,77580.33,1777097406000
1777097407.819,7.819,0.35,0.36,0.64,0.65,0.01,0.01,77580.33,1777097406000
1777097408.301,8.301,0.34,0.35,0.64,0.65,0.01,0.01,77575.99,1777097407000
1777097408.686,8.686,0.34,0.35,0.65,0.66,0.01,0.01,77575.99,1777097407000
1777097409.173,9.173,0.34,0.35,0.65,0.66,0.01,0.01,77575.99,1777097407000
1777097409.816,9.816,0.34,0.35,0.65,0.66,0.01,0.01,77575.99,1777097407000
1777097410.388,10.388,0.34,0.35,0.65,0.66,0.01,0.01,77574.78,1777097408000
1777097410.741,10.741,0.34,0.35,0.65,0.66,0.01,0.01,77573.98,1777097409000
1777097411.212,11.212,0.34,0.35,0.65,0.66,0.01,0.01,77573.98,1777097409000
1777097411.546,11.546,0.34,0.35,0.65,0.66,0.01,0.01,77573.98,1777097409000
1777097412.479,12.479,0.34,0.35,0.65,0.66,0.01,0.01,77573.98,1777097410000
1777097412.887,12.887,0.34,0.35,0.65,0.66,0.01,0.01,77573.99,1777097411000
1777097413.284,13.284,0.34,0.35,0.65,0.66,0.01,0.01,77573.99,1777097411000
1777097413.674,13.674,0.34,0.35,0.65,0.66,0.01,0.01,77573.99,1777097412000
1777097414.01,14.01,0.34,0.35,0.65,0.66,0.01,0.01,77573.99,1777097412000
1777097414.639,14.639,0.34,0.35,0.65,0.66,0.01,0.01,77574.05,1777097413000
1777097414.991,14.991,0.34,0.35,0.65,0.66,0.01,0.01,77574.05,1777097413000
1777097415.408,15.408,0.34,0.35,0.65,0.66,0.01,0.01,77574,1777097414000
1777097415.924,15.924,0.34,0.35,0.65,0.66,0.01,0.01,77574,1777097414000
1777097416.289,16.289,0.31,0.33,0.65,0.68,0.02,0.03,77574,1777097414000
1777097416.63,16.63,0.26,0.27,0.73,0.74,0.01,0.01,77574,1777097415000
1777097416.964,16.964,0.25,0.26,0.73,0.75,0.01,0.02,77574,1777097415000
1777097417.307,17.307,0.24,0.25,0.75,0.76,0.01,0.01,77574,1777097415000
1777097417.66,17.66,0.24,0.25,0.75,0.76,0.01,0.01,77574.16,1777097416000
1777097418.045,18.045,0.24,0.25,0.75,0.76,0.01,0.01,77574.16,1777097416000
1777097418.518,18.518,0.24,0.25,0.75,0.76,0.01,0.01,77572.33,1777097417000
1777097419.009,19.009,0.24,0.25,0.75,0.76,0.01,0.01,77572.33,1777097417000
1777097419.354,19.354,0.25,0.26,0.74,0.76,0.01,0.02,77572.33,1777097417000
1777097419.985,19.985,0.27,0.28,0.72,0.75,0.01,0.03,77572.33,1777097417000
1777097420.641,20.641,0.27,0.28,0.72,0.73,0.01,0.01,77569.95,1777097418000
1777097421.645,21.645,0.27,0.3,0.7,0.73,0.03,0.03,77570.2,1777097420000
1777097422.233,22.233,0.28,0.29,0.7,0.73,0.01,0.03,77570.2,1777097420000
1777097422.702,22.702,0.28,0.29,0.71,0.72,0.01,0.01,77570.2,1777097421000
1777097423.338,23.338,0.28,0.29,0.71,0.72,0.01,0.01,77570.2,1777097421000
1777097423.69,23.69,0.28,0.29,0.71,0.72,0.01,0.01,77570.2,1777097421000
1777097424.218,24.218,0.28,0.29,0.71,0.72,0.01,0.01,77570.87,1777097422000
1777097424.818,24.818,0.28,0.29,0.71,0.72,0.01,0.01,77570.87,1777097422000
1777097425.532,25.532,0.28,0.29,0.71,0.72,0.01,0.01,77570.37,1777097423000
1777097426.079,26.079,0.28,0.29,0.71,0.72,0.01,0.01,77570.39,1777097424000
1777097426.523,26.523,0.28,0.29,0.71,0.72,0.01,0.01,77570.39,1777097424000
1777097427.17,27.17,0.3,0.31,0.69,0.72,0.01,0.03,77570.46,1777097425000
1777097427.569,27.569,0.3,0.31,0.69,0.7,0.01,0.01,77570.45,1777097426000
1777097428.003,28.003,0.33,0.34,0.66,0.7,0.01,0.04,77570.45,1777097426000
1777097428.427,28.427,0.32,0.33,0.66,0.68,0.01,0.02,77570.45,1777097426000
1777097428.794,28.794,0.32,0.33,0.67,0.68,0.01,0.01,77570.52,1777097427000
1777097429.444,29.444,0.32,0.33,0.67,0.68,0.01,0.01,77570.52,1777097427000
1777097429.81,29.81,0.34,0.35,0.65,0.68,0.01,0.03,77570.57,1777097428000
1777097430.152,30.152,0.34,0.35,0.65,0.66,0.01,0.01,77570.57,1777097428000
1777097431.134,31.134,0.34,0.35,0.65,0.66,0.01,0.01,77570.82,1777097429000
1777097431.667,31.667,0.33,0.34,0.65,0.66,0.01,0.01,77570.62,1777097430000
1777097432.135,32.135,0.33,0.34,0.66,0.67,0.01,0.01,77570.62,1777097430000
1777097432.884,32.884,0.32,0.33,0.67,0.68,0.01,0.01,77570.75,1777097431000
1777097433.246,33.246,0.32,0.34,0.66,0.68,0.02,0.02,77570.75,1777097431000
1777097433.705,33.705,0.32,0.33,0.67,0.68,0.01,0.01,77570.71,1777097432000
1777097434.218,34.218,0.32,0.33,0.67,0.68,0.01,0.01,77570.73,1777097433000
1777097434.906,34.906,0.32,0.33,0.67,0.68,0.01,0.01,77570.73,1777097433000
1777097435.248,35.248,0.32,0.33,0.67,0.68,0.01,0.01,77570.66,1777097434000
1777097435.59,35.59,0.32,0.33,0.67,0.68,0.01,0.01,77570.66,1777097434000
1777097435.974,35.974,0.32,0.33,0.67,0.68,0.01,0.01,77570.66,1777097434000
1777097436.35,36.35,0.32,0.33,0.67,0.68,0.01,0.01,77570.7,1777097435000
1777097436.895,36.895,0.32,0.33,0.67,0.68,0.01,0.01,77570.7,1777097435000
1777097437.281,37.281,0.32,0.33,0.67,0.68,0.01,0.01,77570.7,1777097435000
1777097437.694,37.694,0.32,0.33,0.67,0.68,0.01,0.01,77570.79,1777097436000
1777097438.036,38.036,0.32,0.33,0.67,0.68,0.01,0.01,77570.79,1777097437000
1777097438.487,38.487,0.32,0.33,0.67,0.68,0.01,0.01,77570.79,1777097437000
1777097438.952,38.952,0.32,0.33,0.67,0.68,0.01,0.01,77570.79,1777097437000
1777097439.53,39.53,0.32,0.33,0.67,0.69,0.01,0.02,77570.74,1777097438000
1777097439.866,39.866,0.32,0.33,0.67,0.68,0.01,0.01,77570.74,1777097438000
1777097440.441,40.441,0.29,0.32,0.67,0.68,0.03,0.01,77570.58,1777097439000
1777097440.92,40.92,0.31,0.32,0.7,0.71,0.01,0.01,77570.58,1777097439000
1777097441.283,41.283,0.32,0.33,0.68,0.69,0.01,0.01,77570.58,1777097439000
1777097441.676,41.676,0.32,0.33,0.67,0.68,0.01,0.01,77570.63,1777097440000
1777097442.04,42.04,0.28,0.29,0.68,0.71,0.01,0.03,77570.63,1777097440000
1777097442.393,42.393,0.28,0.29,0.71,0.72,0.01,0.01,77570.66,1777097441000
1777097442.785,42.785,0.28,0.29,0.71,0.72,0.01,0.01,77570.66,1777097441000
1777097443.168,43.168,0.28,0.29,0.71,0.72,0.01,0.01,77570.66,1777097441000
1777097443.577,43.577,0.3,0.31,0.7,0.72,0.01,0.02,77570.66,1777097441000
1777097444.112,44.112,0.29,0.3,0.7,0.71,0.01,0.01,77570.66,1777097441000
1777097444.515,44.515,0.29,0.3,0.7,0.71,0.01,0.01,77570.87,1777097443000
1777097444.883,44.883,0.3,0.31,0.69,0.7,0.01,0.01,77570.87,1777097443000
1777097445.281,45.281,0.29,0.3,0.7,0.71,0.01,0.01,77570.87,1777097443000
1777097445.665,45.665,0.3,0.31,0.69,0.7,0.01,0.01,77570.53,1777097444000
1777097446.03,46.03,0.29,0.31,0.69,0.71,0.02,0.02,77570.53,1777097444000
1777097446.619,46.619,0.29,0.3,0.69,0.71,0.01,0.02,77570.89,1777097445000
1777097447.303,47.303,0.29,0.3,0.7,0.71,0.01,0.01,77570.8,1777097446000
1777097447.638,47.638,0.29,0.3,0.7,0.71,0.01,0.01,77570.8,1777097446000
1777097448.001,48.001,0.31,0.32,0.68,0.71,0.01,0.03,77570.8,1777097446000
1777097448.676,48.676,0.33,0.34,0.66,0.67,0.01,0.01,77570.95,1777097447000
1777097449.278,49.278,0.33,0.34,0.66,0.67,0.01,0.01,77570.98,1777097448000
1777097449.81,49.81,0.33,0.34,0.66,0.67,0.01,0.01,77570.98,1777097448000
1777097450.325,50.325,0.33,0.34,0.66,0.67,0.01,0.01,77570.99,1777097449000
1777097450.837,50.837,0.33,0.34,0.66,0.67,0.01,0.01,77570.99,1777097449000
1777097451.324,51.324,0.33,0.34,0.66,0.67,0.01,0.01,77570.93,1777097450000
1777097451.979,51.979,0.33,0.34,0.66,0.67,0.01,0.01,77570.93,1777097450000
1777097452.347,52.347,0.33,0.34,0.66,0.67,0.01,0.01,77570.9,1777097451000
1777097452.997,52.997,0.33,0.34,0.66,0.67,0.01,0.01,77570.9,1777097451000
1777097453.347,53.347,0.33,0.34,0.66,0.67,0.01,0.01,77571.1,1777097452000
1777097453.68,53.68,0.33,0.34,0.66,0.67,0.01,0.01,77571.1,1777097452000
1777097454.093,54.093,0.33,0.34,0.66,0.67,0.01,0.01,77571.1,1777097453000
1777097454.638,54.638,0.33,0.34,0.66,0.67,0.01,0.01,77571.1,1777097453000
1777097455.175,55.175,0.33,0.34,0.66,0.67,0.01,0.01,77571.11,1777097454000
1777097455.77,55.77,0.33,0.34,0.66,0.67,0.01,0.01,77571.11,1777097454000
1777097456.13,56.13,0.33,0.34,0.66,0.67,0.01,0.01,77571.2,1777097455000
1777097456.479,56.479,0.33,0.34,0.66,0.67,0.01,0.01,77571.2,1777097455000
1777097457.015,57.015,0.33,0.34,0.66,0.67,0.01,0.01,77571.2,1777097455000
1777097457.44,57.44,0.33,0.34,0.66,0.67,0.01,0.01,77571.2,1777097455000
1777097457.846,57.846,0.33,0.34,0.66,0.67,0.01,0.01,77571.52,1777097456000
1777097458.194,58.194,0.33,0.34,0.66,0.67,0.01,0.01,77571.52,1777097456000
1777097458.87,58.87,0.33,0.34,0.66,0.67,0.01,0.01,77571.55,1777097457000
1777097459.383,59.383,0.33,0.34,0.66,0.67,0.01,0.01,77571.53,1777097458000
1777097459.826,59.826,0.33,0.34,0.66,0.67,0.01,0.01,77571.53,1777097458000
1777097460.182,60.182,0.33,0.34,0.66,0.67,0.01,0.01,77571.53,1777097458000
1777097460.521,60.521,0.33,0.34,0.66,0.67,0.01,0.01,77571.53,1777097459000
1777097460.933,60.933,0.33,0.34,0.66,0.67,0.01,0.01,77571.53,1777097459000
1777097461.275,61.275,0.33,0.34,0.66,0.67,0.01,0.01,77571.49,1777097460000
1777097461.8,61.8,0.33,0.34,0.66,0.67,0.01,0.01,77571.49,1777097460000
1777097462.592,62.592,0.33,0.34,0.66,0.67,0.01,0.01,77571.49,1777097460000
1777097462.975,62.975,0.33,0.34,0.66,0.67,0.01,0.01,77571.5,1777097461000
1777097463.316,63.316,0.33,0.34,0.66,0.67,0.01,0.01,77571.5,1777097461000
1777097464.054,64.054,0.33,0.34,0.66,0.67,0.01,0.01,77571.16,1777097462000
1777097464.953,64.953,0.33,0.34,0.66,0.67,0.01,0.01,77571.61,1777097463000
1777097465.416,65.416,0.33,0.34,0.66,0.67,0.01,0.01,77571.61,1777097463000
1777097466.153,66.153,0.33,0.34,0.66,0.67,0.01,0.01,77571.52,1777097465000
1777097466.766,66.766,0.33,0.34,0.66,0.67,0.01,0.01,77571.52,1777097465000
1777097467.175,67.175,0.33,0.34,0.66,0.67,0.01,0.01,77571.52,1777097465000
1777097467.608,67.608,0.33,0.34,0.66,0.67,0.01,0.01,77571.52,1777097466000
1777097468.159,68.159,0.33,0.34,0.66,0.67,0.01,0.01,77571.52,1777097466000
1777097468.598,68.598,0.33,0.34,0.66,0.67,0.01,0.01,77571.52,1777097467000
1777097468.97,68.97,0.33,0.34,0.66,0.67,0.01,0.01,77571.52,1777097467000
1777097469.517,69.517,0.33,0.34,0.66,0.67,0.01,0.01,77571.52,1777097467000
1777097470.004,70.004,0.33,0.34,0.66,0.67,0.01,0.01,77571.55,1777097468000
1777097470.518,70.518,0.34,0.35,0.65,0.66,0.01,0.01,77571.52,1777097469000
1777097470.923,70.923,0.33,0.35,0.65,0.67,0.02,0.02,77571.52,1777097469000
1777097471.479,71.479,0.33,0.34,0.66,0.67,0.01,0.01,77571.52,1777097469000
1777097472.052,72.052,0.33,0.34,0.66,0.67,0.01,0.01,77571.34,1777097470000
1777097472.466,72.466,0.33,0.34,0.66,0.67,0.01,0.01,77571.34,1777097471000
1777097473.0,73.0,0.33,0.34,0.66,0.67,0.01,0.01,77571.34,1777097471000
1777097473.45,73.45,0.33,0.34,0.66,0.67,0.01,0.01,77571.34,1777097471000
1777097474.317,74.317,0.33,0.34,0.66,0.67,0.01,0.01,77571.44,1777097472000
1777097474.818,74.818,0.33,0.34,0.66,0.67,0.01,0.01,77571.44,1777097473000
1777097475.332,75.332,0.33,0.34,0.66,0.67,0.01,0.01,77571.41,1777097474000
1777097475.671,75.671,0.33,0.34,0.66,0.67,0.01,0.01,77571.41,1777097474000
1777097476.406,76.406,0.33,0.34,0.66,0.67,0.01,0.01,77571.41,1777097474000
1777097476.926,76.926,0.33,0.34,0.66,0.67,0.01,0.01,77571.46,1777097475000
1777097477.39,77.39,0.33,0.34,0.66,0.67,0.01,0.01,77571.43,1777097476000
1777097477.773,77.773,0.33,0.34,0.66,0.67,0.01,0.01,77571.43,1777097476000
1777097478.25,78.25,0.33,0.34,0.66,0.67,0.01,0.01,77571.41,1777097477000
1777097479.343,79.343,0.33,0.34,0.66,0.67,0.01,0.01,77571.05,1777097478000
1777097479.774,79.774,0.33,0.34,0.66,0.67,0.01,0.01,77571.05,1777097478000
1777097480.487,80.487,0.33,0.34,0.66,0.67,0.01,0.01,77571.05,1777097479000
1777097481.113,81.113,0.33,0.34,0.66,0.67,0.01,0.01,77571.06,1777097480000
1777097481.839,81.839,0.33,0.34,0.66,0.67,0.01,0.01,77571.06,1777097480000
1777097482.296,82.296,0.33,0.34,0.66,0.67,0.01,0.01,77570.91,1777097481000
1777097483.177,83.177,0.33,0.34,0.66,0.67,0.01,0.01,77570.91,1777097481000
1777097483.583,83.583,0.33,0.34,0.66,0.67,0.01,0.01,77570.99,1777097482000
1777097484.167,84.167,0.33,0.34,0.66,0.67,0.01,0.01,77571.01,1777097483000
1777097484.75,84.75,0.33,0.34,0.66,0.67,0.01,0.01,77571.01,1777097483000
1777097485.487,85.487,0.33,0.34,0.66,0.67,0.01,0.01,77571.12,1777097484000
1777097486.047,86.047,0.33,0.34,0.66,0.67,0.01,0.01,77571.12,1777097485000
1777097487.271,87.271,0.33,0.34,0.66,0.67,0.01,0.01,77571.11,1777097486000
1777097488.458,88.458,0.33,0.34,0.66,0.67,0.01,0.01,77571.77,1777097487000
1777097489.027,89.027,0.33,0.34,0.66,0.67,0.01,0.01,77571.77,1777097488000
1777097489.912,89.912,0.33,0.34,0.66,0.67,0.01,0.01,77571.77,1777097488000
1777097490.697,90.697,0.33,0.34,0.66,0.67,0.01,0.01,77571.97,1777097489000
1777097491.162,91.162,0.33,0.34,0.66,0.67,0.01,0.01,77571.97,1777097490000
1777097492.242,92.242,0.33,0.34,0.66,0.67,0.01,0.01,77571.99,1777097491000
1777097492.781,92.781,0.33,0.34,0.66,0.67,0.01,0.01,77571.99,1777097491000
1777097493.365,93.365,0.33,0.34,0.66,0.67,0.01,0.01,77572.02,1777097492000
1777097493.894,93.894,0.33,0.34,0.66,0.67,0.01,0.01,77572.02,1777097492000
1777097494.877,94.877,0.33,0.34,0.66,0.67,0.01,0.01,77571.97,1777097493000
1777097495.227,95.227,0.33,0.34,0.66,0.67,0.01,0.01,77571.97,1777097494000
1777097496.277,96.277,0.33,0.34,0.66,0.67,0.01,0.01,77571.93,1777097495000
1777097497.306,97.306,0.33,0.34,0.66,0.67,0.01,0.01,77571.93,1777097496000
1777097498.118,98.118,0.33,0.34,0.66,0.67,0.01,0.01,77571.93,1777097496000
1777097498.493,98.493,0.33,0.34,0.66,0.67,0.01,0.01,77571.96,1777097497000
1777097498.886,98.886,0.33,0.34,0.66,0.67,0.01,0.01,77571.96,1777097497000
1777097499.473,99.473,0.33,0.34,0.66,0.67,0.01,0.01,77571.96,1777097498000
1777097500.156,100.156,0.33,0.34,0.66,0.67,0.01,0.01,77571.96,1777097498000
1777097500.678,100.678,0.33,0.34,0.66,0.67,0.01,0.01,77571.96,1777097499000
1777097501.13,101.13,0.33,0.34,0.66,0.67,0.01,0.01,77571.96,1777097499000
1777097501.926,101.926,0.29,0.3,0.66,0.71,0.01,0.05,77571.99,1777097500000
1777097502.374,102.374,0.29,0.3,0.7,0.71,0.01,0.01,77571.96,1777097501000
1777097502.862,102.862,0.29,0.3,0.7,0.71,0.01,0.01,77571.96,1777097501000
1777097503.444,103.444,0.28,0.29,0.7,0.71,0.01,0.01,77571.96,1777097502000
1777097503.989,103.989,0.28,0.3,0.71,0.72,0.02,0.01,77571.96,1777097502000
1777097504.389,104.389,0.3,0.31,0.68,0.71,0.01,0.03,77571.93,1777097503000
1777097504.749,104.749,0.3,0.31,0.69,0.7,0.01,0.01,77571.93,1777097503000
1777097505.103,105.103,0.3,0.31,0.69,0.7,0.01,0.01,77571.99,1777097504000
1777097505.962,105.962,0.3,0.31,0.69,0.7,0.01,0.01,77571.99,1777097504000
1777097507.25,107.25,0.3,0.31,0.69,0.7,0.01,0.01,77572.06,1777097505000
1777097507.792,107.792,0.3,0.31,0.69,0.7,0.01,0.01,77572.2,1777097506000
1777097508.174,108.174,0.3,0.31,0.69,0.7,0.01,0.01,77572.2,1777097506000
1777097508.509,108.509,0.3,0.31,0.69,0.7,0.01,0.01,77572.2,1777097507000
1777097508.872,108.872,0.3,0.31,0.69,0.7,0.01,0.01,77572.2,1777097508000
1777097509.985,109.985,0.3,0.31,0.69,0.7,0.01,0.01,77570.96,1777097509000
1777097510.964,110.964,0.3,0.31,0.69,0.7,0.01,0.01,77570.96,1777097509000
1777097511.478,111.478,0.3,0.31,0.69,0.7,0.01,0.01,77572.13,1777097510000
1777097511.871,111.871,0.3,0.31,0.69,0.7,0.01,0.01,77572.13,1777097510000
1777097513.152,113.152,0.3,0.31,0.69,0.7,0.01,0.01,77572.12,1777097512000
1777097513.888,113.888,0.3,0.31,0.69,0.7,0.01,0.01,77572.12,1777097512000
1777097514.29,114.29,0.3,0.31,0.69,0.7,0.01,0.01,77572.08,1777097513000
1777097515.185,115.185,0.3,0.31,0.69,0.7,0.01,0.01,77572.07,1777097514000
1777097516.194,116.194,0.3,0.31,0.69,0.7,0.01,0.01,77572.07,1777097515000
1777097516.533,116.533,0.3,0.31,0.69,0.7,0.01,0.01,77572.07,1777097515000
1777097517.216,117.216,0.3,0.31,0.69,0.7,0.01,0.01,77572.11,1777097516000
1777097517.802,117.802,0.29,0.3,0.7,0.71,0.01,0.01,77572.11,1777097516000
1777097518.79,118.79,0.29,0.3,0.7,0.71,0.01,0.01,77571.75,1777097517000
1777097519.266,119.266,0.28,0.29,0.71,0.72,0.01,0.01,77571.75,1777097517000
1777097519.909,119.909,0.28,0.29,0.71,0.72,0.01,0.01,77571.72,1777097518000
1777097520.306,120.306,0.28,0.29,0.71,0.72,0.01,0.01,77571.72,1777097518000
1777097521.041,121.041,0.28,0.29,0.71,0.72,0.01,0.01,77572.16,1777097519000
1777097521.604,121.604,0.28,0.29,0.71,0.72,0.01,0.01,77572.16,1777097520000
1777097522.239,122.239,0.28,0.29,0.71,0.72,0.01,0.01,77572.16,1777097520000
1777097523.072,123.072,0.28,0.29,0.71,0.72,0.01,0.01,77571.69,1777097522000
1777097523.663,123.663,0.28,0.29,0.71,0.72,0.01,0.01,77571.69,1777097522000
1777097524.21,124.21,0.28,0.29,0.71,0.72,0.01,0.01,77571.69,1777097522000
1777097524.832,124.832,0.27,0.28,0.72,0.73,0.01,0.01,77571.65,1777097523000
1777097525.323,125.323,0.27,0.28,0.72,0.73,0.01,0.01,77571.65,1777097524000
1777097525.729,125.729,0.27,0.28,0.72,0.73,0.01,0.01,77571.65,1777097524000
1777097526.516,126.516,0.27,0.28,0.72,0.73,0.01,0.01,77571.63,1777097525000
1777097526.948,126.948,0.26,0.28,0.72,0.74,0.02,0.02,77571.63,1777097525000
1777097527.409,127.409,0.26,0.27,0.73,0.74,0.01,0.01,77571.63,1777097526000
1777097528.026,128.026,0.26,0.27,0.73,0.74,0.01,0.01,77571.55,1777097527000
1777097528.737,128.737,0.26,0.27,0.73,0.74,0.01,0.01,77571.55,1777097527000
1777097529.446,129.446,0.23,0.27,0.73,0.74,0.04,0.01,77571.55,1777097527000
1777097529.965,129.965,0.25,0.26,0.74,0.76,0.01,0.02,77571.81,1777097528000
1777097530.345,130.345,0.25,0.26,0.74,0.75,0.01,0.01,77571.81,1777097529000
1777097531.639,131.639,0.25,0.26,0.74,0.75,0.01,0.01,77571.67,1777097530000
1777097532.376,132.376,0.25,0.26,0.74,0.75,0.01,0.01,77571.62,1777097531000
1777097533.045,133.045,0.25,0.26,0.74,0.75,0.01,0.01,77571.61,1777097532000
1777097533.484,133.484,0.24,0.25,0.75,0.76,0.01,0.01,77571.61,1777097532000
1777097534.412,134.412,0.23,0.25,0.75,0.76,0.02,0.01,77571.61,1777097532000
1777097534.783,134.783,0.23,0.24,0.75,0.77,0.01,0.02,77570.98,1777097533000
1777097535.126,135.126,0.23,0.24,0.76,0.77,0.01,0.01,77570.98,1777097533000
1777097536.246,136.246,0.24,0.25,0.76,0.77,0.01,0.01,77571.51,1777097534000
1777097536.878,136.878,0.24,0.25,0.75,0.76,0.01,0.01,77571.39,1777097535000
1777097537.385,137.385,0.25,0.26,0.74,0.75,0.01,0.01,77571.39,1777097536000
1777097537.911,137.911,0.22,0.23,0.77,0.78,0.01,0.01,77571.39,1777097536000
1777097538.589,138.589,0.22,0.23,0.77,0.78,0.01,0.01,77571.48,1777097537000
1777097539.163,139.163,0.22,0.23,0.77,0.78,0.01,0.01,77571.51,1777097538000
1777097539.531,139.531,0.22,0.23,0.77,0.78,0.01,0.01,77571.51,1777097538000
1777097539.912,139.912,0.22,0.23,0.77,0.78,0.01,0.01,77571.51,1777097538000
1777097540.245,140.245,0.22,0.23,0.77,0.78,0.01,0.01,77571.51,1777097539000
1777097541.053,141.053,0.22,0.36,0.77,0.78,0.14,0.01,77571.51,1777097539000
1777097541.427,141.427,0.26,0.28,0.72,0.74,0.02,0.02,77571.54,1777097540000
1777097542.025,142.025,0.25,0.26,0.72,0.74,0.01,0.02,77571.54,1777097540000
1777097543.415,143.415,0.25,0.26,0.74,0.75,0.01,0.01,77571.57,1777097542000
1777097543.864,143.864,0.25,0.26,0.74,0.75,0.01,0.01,77571.57,1777097543000
1777097544.745,144.745,0.25,0.26,0.74,0.75,0.01,0.01,77571.57,1777097543000
1777097545.672,145.672,0.25,0.26,0.74,0.75,0.01,0.01,77571.61,1777097544000
1777097546.054,146.054,0.25,0.26,0.74,0.75,0.01,0.01,77571.61,1777097544000
1777097546.394,146.394,0.25,0.26,0.74,0.75,0.01,0.01,77571.62,1777097545000
1777097546.763,146.763,0.25,0.26,0.74,0.75,0.01,0.01,77571.62,1777097545000
1777097547.941,147.941,0.25,0.26,0.74,0.75,0.01,0.01,77571.62,1777097546000
1777097548.303,148.303,0.25,0.26,0.74,0.75,0.01,0.01,77571.66,1777097547000
1777097549.32,149.32,0.25,0.26,0.74,0.75,0.01,0.01,77571.7,1777097548000
1777097550.137,150.137,0.25,0.26,0.74,0.75,0.01,0.01,77571.7,1777097548000
1777097550.652,150.652,0.25,0.26,0.74,0.75,0.01,0.01,77571.75,1777097549000
1777097551.007,151.007,0.3,0.31,0.69,0.75,0.01,0.06,77571.75,1777097549000
1777097551.487,151.487,0.3,0.31,0.69,0.7,0.01,0.01,77571.75,1777097549000
1777097551.905,151.905,0.3,0.31,0.69,0.7,0.01,0.01,77571.67,1777097550000
1777097552.516,152.516,0.3,0.31,0.69,0.7,0.01,0.01,77571.74,1777097551000
1777097552.88,152.88,0.28,0.31,0.69,0.72,0.03,0.03,77571.74,1777097551000
1777097553.333,153.333,0.28,0.29,0.69,0.72,0.01,0.03,77571.74,1777097552000
1777097554.145,154.145,0.28,0.29,0.71,0.72,0.01,0.01,77571.7,1777097553000
1777097554.519,154.519,0.28,0.29,0.71,0.72,0.01,0.01,77571.7,1777097553000
1777097554.985,154.985,0.26,0.28,0.73,0.74,0.02,0.01,77571.7,1777097553000
1777097555.647,155.647,0.27,0.28,0.72,0.74,0.01,0.02,77572.13,1777097554000
1777097556.346,156.346,0.27,0.28,0.72,0.73,0.01,0.01,77572.13,1777097554000
1777097556.897,156.897,0.27,0.39,0.72,0.73,0.12,0.01,77572.17,1777097555000
1777097558.165,158.165,0.27,0.28,0.72,0.73,0.01,0.01,77572.17,1777097557000
1777097559.024,159.024,0.27,0.28,0.72,0.73,0.01,0.01,77572.17,1777097557000
1777097559.426,159.426,0.27,0.28,0.72,0.73,0.01,0.01,77572.17,1777097558000
1777097560.276,160.276,0.27,0.28,0.72,0.73,0.01,0.01,77572.17,1777097558000
1777097561.449,161.449,0.27,0.28,0.72,0.73,0.01,0.01,77572.23,1777097560000
1777097561.992,161.992,0.27,0.28,0.72,0.73,0.01,0.01,77572.15,1777097561000
1777097563.012,163.012,0.27,0.28,0.72,0.73,0.01,0.01,77572.15,1777097562000
1777097563.598,163.598,0.27,0.28,0.72,0.73,0.01,0.01,77572.15,1777097562000
1777097564.009,164.009,0.27,0.28,0.72,0.73,0.01,0.01,77572.15,1777097563000
1777097564.853,164.853,0.27,0.28,0.72,0.73,0.01,0.01,77572.15,1777097563000
1777097565.874,165.874,0.27,0.28,0.72,0.73,0.01,0.01,77572.15,1777097564000
1777097566.214,166.214,0.27,0.28,0.72,0.73,0.01,0.01,77572.15,1777097565000
1777097566.786,166.786,0.27,0.28,0.72,0.73,0.01,0.01,77572.15,1777097565000
1777097567.27,167.27,0.27,0.28,0.72,0.73,0.01,0.01,77571.86,1777097566000
1777097568.417,168.417,0.27,0.28,0.72,0.73,0.01,0.01,77571.83,1777097567000
1777097568.893,168.893,0.27,0.28,0.72,0.73,0.01,0.01,77571.83,1777097567000
1777097569.418,169.418,0.25,0.26,0.72,0.77,0.01,0.05,77571.83,1777097568000
1777097570.07,170.07,0.25,0.26,0.74,0.75,0.01,0.01,77571.97,1777097569000
1777097570.535,170.535,0.25,0.26,0.74,0.75,0.01,0.01,77571.97,1777097569000
1777097571.083,171.083,0.25,0.26,0.74,0.75,0.01,0.01,77571.97,1777097570000
1777097571.905,171.905,0.25,0.26,0.74,0.75,0.01,0.01,77571.97,1777097570000
1777097572.278,172.278,0.25,0.26,0.74,0.75,0.01,0.01,77572.21,1777097571000
1777097572.81,172.81,0.25,0.26,0.74,0.75,0.01,0.01,77572.21,1777097571000
1777097573.356,173.356,0.25,0.26,0.74,0.75,0.01,0.01,77572.26,1777097572000
1777097574.346,174.346,0.25,0.26,0.74,0.75,0.01,0.01,77572.26,1777097573000
1777097574.837,174.837,0.24,0.25,0.74,0.75,0.01,0.01,77572.26,1777097573000
1777097575.221,175.221,0.24,0.25,0.75,0.76,0.01,0.01,77571.93,1777097574000
1777097575.988,175.988,0.24,0.25,0.75,0.76,0.01,0.01,77571.93,1777097575000
1777097576.675,176.675,0.24,0.25,0.75,0.76,0.01,0.01,77571.93,1777097575000
1777097577.212,177.212,0.24,0.25,0.75,0.76,0.01,0.01,77571.93,1777097576000
1777097578.323,178.323,0.24,0.25,0.75,0.76,0.01,0.01,77571.94,1777097577000
1777097579.508,179.508,0.24,0.25,0.75,0.76,0.01,0.01,77571.9,1777097578000
1777097580.582,180.582,0.24,0.25,0.75,0.76,0.01,0.01,77571.9,1777097578000
1777097580.937,180.937,0.21,0.24,0.76,0.77,0.03,0.01,77572.3,1777097579000
1777097581.402,181.402,0.21,0.22,0.78,0.79,0.01,0.01,77572.3,1777097579000
1777097581.741,181.741,0.21,0.22,0.78,0.79,0.01,0.01,77572.3,1777097579000
1777097582.175,182.175,0.21,0.22,0.78,0.79,0.01,0.01,77572.35,1777097580000
1777097582.539,182.539,0.21,0.22,0.78,0.79,0.01,0.01,77572.35,1777097581000
1777097582.922,182.922,0.21,0.22,0.78,0.79,0.01,0.01,77572.35,1777097581000
1777097583.362,183.362,0.19,0.22,0.78,0.79,0.03,0.01,77572.35,1777097581000
1777097583.708,183.708,0.13,0.16,0.84,0.85,0.03,0.01,77572.68,1777097582000
1777097584.042,184.042,0.09,0.11,0.89,0.91,0.02,0.02,77572.68,1777097582000
1777097584.377,184.377,0.08,0.1,0.9,0.91,0.02,0.01,77572.68,1777097583000
1777097584.721,184.721,0.08,0.09,0.9,0.92,0.01,0.02,77572.68,1777097583000
1777097585.131,185.131,0.08,0.09,0.91,0.92,0.01,0.01,77572.68,1777097583000
1777097585.503,185.503,0.08,0.09,0.91,0.92,0.01,0.01,77570.74,1777097584000
1777097586.062,186.062,0.08,0.09,0.91,0.92,0.01,0.01,77570.74,1777097584000
1777097586.652,186.652,0.08,0.09,0.91,0.92,0.01,0.01,77570.74,1777097584000
1777097587.125,187.125,0.08,0.09,0.91,0.92,0.01,0.01,77570.74,1777097584000
1777097587.474,187.474,0.08,0.09,0.91,0.92,0.01,0.01,77561.54,1777097585000
1777097587.904,187.904,0.08,0.09,0.91,0.92,0.01,0.01,77560.83,1777097586000
1777097588.403,188.403,0.07,0.08,0.92,0.93,0.01,0.01,77560.83,1777097586000
1777097589.055,189.055,0.07,0.08,0.92,0.93,0.01,0.01,77560.75,1777097587000
1777097589.509,189.509,0.07,0.08,0.92,0.93,0.01,0.01,77560.31,1777097588000
1777097589.844,189.844,0.07,0.08,0.92,0.93,0.01,0.01,77560.31,1777097588000
1777097590.524,190.524,0.07,0.08,0.92,0.93,0.01,0.01,77559.09,1777097589000
1777097591.036,191.036,0.07,0.08,0.92,0.93,0.01,0.01,77559.09,1777097589000
1777097591.758,191.758,0.07,0.08,0.92,0.93,0.01,0.01,77558.51,1777097590000
1777097592.158,192.158,0.07,0.08,0.92,0.93,0.01,0.01,77558.51,1777097590000
1777097592.762,192.762,0.07,0.08,0.92,0.93,0.01,0.01,77557.59,1777097591000
1777097593.126,193.126,0.07,0.08,0.92,0.93,0.01,0.01,77557.59,1777097591000
1777097593.632,193.632,0.06,0.07,0.93,0.94,0.01,0.01,77557.59,1777097592000
1777097594.03,194.03,0.06,0.07,0.93,0.94,0.01,0.01,77557.59,1777097592000
1777097594.844,194.844,0.06,0.07,0.93,0.94,0.01,0.01,77557.59,1777097592000
1777097595.231,195.231,0.06,0.07,0.93,0.94,0.01,0.01,77557.83,1777097593000
1777097595.584,195.584,0.06,0.07,0.93,0.94,0.01,0.01,77557.83,1777097593000
1777097595.951,195.951,0.06,0.07,0.93,0.94,0.01,0.01,77557.83,1777097594000
1777097596.534,196.534,0.06,0.07,0.93,0.94,0.01,0.01,77557.83,1777097594000
1777097597.105,197.105,0.06,0.07,0.93,0.94,0.01,0.01,77556.44,1777097595000
1777097597.452,197.452,0.06,0.07,0.93,0.94,0.01,0.01,77556.44,1777097595000
1777097598.097,198.097,0.06,0.07,0.93,0.94,0.01,0.01,77556.51,1777097596000
1777097598.433,198.433,0.06,0.07,0.93,0.94,0.01,0.01,77556.51,1777097596000
1777097598.843,198.843,0.06,0.07,0.93,0.94,0.01,0.01,77556.51,1777097596000
1777097599.287,199.287,0.06,0.07,0.93,0.94,0.01,0.01,77556.51,1777097596000
1777097599.96,199.96,0.06,0.07,0.93,0.94,0.01,0.01,77556.68,1777097597000
1777097600.305,200.305,0.06,0.07,0.93,0.94,0.01,0.01,77556.98,1777097598000
1777097600.682,200.682,0.06,0.07,0.93,0.94,0.01,0.01,77556.98,1777097598000
1777097601.276,201.276,0.06,0.07,0.93,0.94,0.01,0.01,77556.98,1777097598000
1777097601.644,201.644,0.06,0.07,0.93,0.94,0.01,0.01,77557.09,1777097600000
1777097602.104,202.104,0.06,0.07,0.93,0.94,0.01,0.01,77557.95,1777097601000
1777097602.465,202.465,0.06,0.07,0.93,0.94,0.01,0.01,77557.95,1777097601000
1777097602.967,202.967,0.06,0.07,0.93,0.94,0.01,0.01,77557.95,1777097601000
1777097603.462,203.462,0.06,0.07,0.93,0.94,0.01,0.01,77557.21,1777097602000
1777097603.804,203.804,0.06,0.07,0.93,0.94,0.01,0.01,77557.21,1777097602000
1777097604.26,204.26,0.06,0.07,0.93,0.94,0.01,0.01,77559.89,1777097603000
1777097604.751,204.751,0.06,0.07,0.93,0.94,0.01,0.01,77559.89,1777097603000
1777097605.16,205.16,0.06,0.07,0.93,0.94,0.01,0.01,77559.89,1777097603000
1777097605.525,205.525,0.06,0.07,0.93,0.94,0.01,0.01,77562.57,1777097604000
1777097605.873,205.873,0.06,0.07,0.93,0.94,0.01,0.01,77562.57,1777097604000
1777097606.389,206.389,0.06,0.07,0.93,0.94,0.01,0.01,77562.59,1777097605000
1777097606.741,206.741,0.06,0.07,0.93,0.94,0.01,0.01,77562.59,1777097605000
1777097607.236,207.236,0.06,0.07,0.93,0.94,0.01,0.01,77562.2,1777097606000
1777097607.892,207.892,0.06,0.07,0.93,0.94,0.01,0.01,77562.2,1777097606000
1777097609.005,209.005,0.06,0.07,0.93,0.94,0.01,0.01,77562.2,1777097607000
1777097609.477,209.477,0.06,0.07,0.93,0.94,0.01,0.01,77562.46,1777097608000
1777097610.246,210.246,0.06,0.07,0.93,0.94,0.01,0.01,77562.46,1777097608000
1777097610.626,210.626,0.06,0.07,0.93,0.94,0.01,0.01,77562.46,1777097609000
1777097611.112,211.112,0.06,0.07,0.93,0.94,0.01,0.01,77562.46,1777097609000
1777097611.562,211.562,0.06,0.07,0.93,0.94,0.01,0.01,77562.61,1777097610000
1777097611.952,211.952,0.06,0.07,0.93,0.94,0.01,0.01,77562.61,1777097611000
1777097612.679,212.679,0.06,0.07,0.93,0.94,0.01,0.01,77562.61,1777097611000
1777097613.093,213.093,0.05,0.06,0.94,0.95,0.01,0.01,77562.52,1777097612000
1777097613.429,213.429,0.05,0.06,0.94,0.95,0.01,0.01,77562.52,1777097612000
1777097614.007,214.007,0.05,0.06,0.94,0.95,0.01,0.01,77562.52,1777097612000
1777097614.43,214.43,0.05,0.06,0.94,0.95,0.01,0.01,77562.26,1777097613000
1777097614.881,214.881,0.05,0.06,0.94,0.95,0.01,0.01,77562.26,1777097613000
1777097615.447,215.447,0.05,0.06,0.94,0.95,0.01,0.01,77562.26,1777097613000
1777097615.793,215.793,0.05,0.06,0.94,0.95,0.01,0.01,77562.94,1777097614000
1777097616.276,216.276,0.05,0.06,0.94,0.95,0.01,0.01,77562.94,1777097614000
1777097616.86,216.86,0.05,0.06,0.94,0.95,0.01,0.01,77562.94,1777097615000
1777097617.389,217.389,0.05,0.06,0.94,0.95,0.01,0.01,77562.88,1777097616000
1777097618.016,218.016,0.05,0.06,0.94,0.95,0.01,0.01,77562.88,1777097616000
1777097618.591,218.591,0.05,0.06,0.94,0.95,0.01,0.01,77562.88,1777097617000
1777097619.505,219.505,0.05,0.06,0.94,0.95,0.01,0.01,77562.88,1777097617000
1777097620.201,220.201,0.05,0.06,0.94,0.95,0.01,0.01,77562.89,1777097618000
1777097620.56,220.56,0.05,0.06,0.94,0.95,0.01,0.01,77562.89,1777097619000
1777097621.138,221.138,0.05,0.06,0.94,0.95,0.01,0.01,77562.89,1777097619000
1777097621.733,221.733,0.05,0.06,0.94,0.95,0.01,0.01,77562.91,1777097620000
1777097622.162,222.162,0.05,0.08,0.94,0.95,0.03,0.01,77562.91,1777097621000
1777097623.074,223.074,0.05,0.08,0.92,0.95,0.03,0.03,77563.26,1777097622000
1777097623.484,223.484,0.07,0.08,0.92,0.93,0.01,0.01,77563.26,1777097622000
1777097624.414,224.414,0.07,0.08,0.92,0.93,0.01,0.01,77562.76,1777097623000
1777097625.225,225.225,0.07,0.08,0.92,0.93,0.01,0.01,77562.76,1777097623000
1777097625.776,225.776,0.06,0.07,0.92,0.94,0.01,0.02,77562.77,1777097624000
1777097626.359,226.359,0.05,0.06,0.93,0.94,0.01,0.01,77562.75,1777097625000
1777097626.703,226.703,0.06,0.08,0.93,0.95,0.02,0.02,77562.75,1777097625000
1777097627.199,227.199,0.07,0.08,0.92,0.93,0.01,0.01,77562.75,1777097626000
1777097627.732,227.732,0.05,0.08,0.92,0.93,0.03,0.01,77562.75,1777097626000
1777097628.344,228.344,0.06,0.07,0.93,0.94,0.01,0.01,77562.8,1777097627000
1777097629.098,229.098,0.06,0.07,0.93,0.94,0.01,0.01,77562.8,1777097627000
1777097629.576,229.576,0.06,0.07,0.93,0.94,0.01,0.01,77562.82,1777097628000
1777097630.033,230.033,0.07,0.08,0.93,0.95,0.01,0.02,77562.82,1777097628000
1777097630.562,230.562,0.07,0.08,0.92,0.93,0.01,0.01,77562.82,1777097629000
1777097631.158,231.158,0.07,0.08,0.92,0.93,0.01,0.01,77562.52,1777097630000
1777097631.654,231.654,0.06,0.07,0.92,0.94,0.01,0.02,77562.52,1777097630000
1777097632.175,232.175,0.06,0.07,0.93,0.94,0.01,0.01,77562.52,1777097630000
1777097633.194,233.194,0.06,0.07,0.93,0.94,0.01,0.01,77562.52,1777097631000
1777097633.543,233.543,0.17,0.18,0.82,0.83,0.01,0.01,77562.75,1777097632000
1777097633.913,233.913,0.17,0.18,0.82,0.83,0.01,0.01,77562.75,1777097632000
1777097634.293,234.293,0.17,0.18,0.82,0.83,0.01,0.01,77562.79,1777097633000
1777097634.658,234.658,0.15,0.16,0.82,0.84,0.01,0.02,77562.79,1777097633000
1777097635.223,235.223,0.15,0.16,0.84,0.85,0.01,0.01,77562.81,1777097634000
1777097635.728,235.728,0.15,0.16,0.84,0.9,0.01,0.06,77562.81,1777097634000
1777097636.113,236.113,0.13,0.16,0.84,0.85,0.03,0.01,77562.81,1777097634000
1777097636.528,236.528,0.12,0.13,0.87,0.88,0.01,0.01,77567.23,1777097635000
1777097636.919,236.919,0.11,0.13,0.87,0.89,0.02,0.02,77568.12,1777097636000
1777097637.338,237.338,0.1,0.11,0.89,0.9,0.01,0.01,77568.12,1777097636000
1777097637.722,237.722,0.09,0.1,0.9,0.91,0.01,0.01,77568.12,1777097636000
1777097638.554,238.554,0.07,0.09,0.9,0.91,0.02,0.01,77568.13,1777097637000
1777097639.225,239.225,0.05,0.08,0.92,0.95,0.03,0.03,77568.26,1777097638000
1777097640.002,240.002,0.05,0.06,0.94,0.95,0.01,0.01,77568.26,1777097638000
1777097640.363,240.363,0.05,0.06,0.94,0.95,0.01,0.01,77568.07,1777097639000
1777097640.711,240.711,0.05,0.06,0.94,0.95,0.01,0.01,77568.07,1777097639000
1777097641.133,241.133,0.05,0.06,0.94,0.95,0.01,0.01,77568.07,1777097639000
1777097641.492,241.492,0.05,0.06,0.94,0.95,0.01,0.01,77568.07,1777097639000
1777097641.948,241.948,0.05,0.06,0.94,0.95,0.01,0.01,77567.82,1777097640000
1777097643.057,243.057,0.05,0.06,0.94,0.95,0.01,0.01,77567.82,1777097641000
1777097643.462,243.462,0.05,0.06,0.94,0.95,0.01,0.01,77567.23,1777097642000
1777097643.814,243.814,0.05,0.06,0.94,0.95,0.01,0.01,77567.23,1777097642000
1777097644.17,244.17,0.05,0.06,0.94,0.95,0.01,0.01,77567.23,1777097642000
1777097644.548,244.548,0.05,0.06,0.94,0.95,0.01,0.01,77567.62,1777097643000
1777097645.383,245.383,0.05,0.06,0.94,0.95,0.01,0.01,77567.62,1777097643000
1777097645.877,245.877,0.05,0.06,0.94,0.95,0.01,0.01,77567.79,1777097644000
1777097646.234,246.234,0.05,0.06,0.94,0.95,0.01,0.01,77567.79,1777097644000
1777097646.616,246.616,0.05,0.06,0.94,0.95,0.01,0.01,77567.77,1777097645000
1777097647.054,247.054,0.05,0.06,0.94,0.95,0.01,0.01,77567.77,1777097645000
1777097647.534,247.534,0.05,0.06,0.94,0.95,0.01,0.01,77567.86,1777097646000
1777097647.92,247.92,0.05,0.06,0.94,0.95,0.01,0.01,77567.86,1777097646000
1777097648.323,248.323,0.05,0.06,0.94,0.96,0.01,0.02,77567.86,1777097646000
1777097649.352,249.352,0.05,0.06,0.94,0.95,0.01,0.01,77568.06,1777097648000
1777097649.704,249.704,0.04,0.05,0.95,0.96,0.01,0.01,77568.06,1777097648000
1777097650.085,250.085,0.04,0.05,0.95,0.96,0.01,0.01,77568.06,1777097649000
1777097650.577,250.577,0.04,0.05,0.95,0.96,0.01,0.01,77568.06,1777097649000
1777097650.917,250.917,0.04,0.05,0.95,0.96,0.01,0.01,77568.06,1777097649000
1777097651.341,251.341,0.04,0.05,0.95,0.96,0.01,0.01,77568.06,1777097649000
1777097651.806,251.806,0.04,0.05,0.95,0.96,0.01,0.01,77568.11,1777097650000
1777097652.238,252.238,0.04,0.05,0.95,0.96,0.01,0.01,77568.11,1777097650000
1777097652.572,252.572,0.04,0.05,0.95,0.96,0.01,0.01,77568.02,1777097651000
1777097653.22,253.22,0.04,0.05,0.95,0.96,0.01,0.01,77568.57,1777097652000
1777097653.648,253.648,0.04,0.05,0.95,0.96,0.01,0.01,77568.57,1777097652000
1777097654.166,254.166,0.04,0.05,0.94,0.95,0.01,0.01,77568.57,1777097652000
1777097654.589,254.589,0.06,0.07,0.95,0.96,0.01,0.01,77568.75,1777097653000
1777097654.934,254.934,0.03,0.05,0.95,0.97,0.02,0.02,77568.75,1777097653000
1777097655.31,255.31,0.03,0.04,0.96,0.97,0.01,0.01,77568.59,1777097654000
1777097655.72,255.72,0.03,0.04,0.96,0.97,0.01,0.01,77568.59,1777097654000
1777097656.197,256.197,0.03,0.04,0.96,0.97,0.01,0.01,77568.74,1777097655000
1777097656.613,256.613,0.03,0.04,0.96,0.97,0.01,0.01,77568.74,1777097655000
1777097657.022,257.022,0.03,0.04,0.96,0.97,0.01,0.01,77568.74,1777097655000
1777097657.371,257.371,0.03,0.04,0.96,0.97,0.01,0.01,77569.16,1777097656000
1777097657.726,257.726,0.03,0.04,0.96,0.97,0.01,0.01,77569.16,1777097656000
1777097658.334,258.334,0.03,0.04,0.96,0.97,0.01,0.01,77569.16,1777097656000
1777097658.741,258.741,0.03,0.04,0.96,0.97,0.01,0.01,77569.3,1777097657000
1777097659.388,259.388,0.03,0.04,0.96,0.97,0.01,0.01,77569.27,1777097658000
1777097659.782,259.782,0.03,0.04,0.96,0.97,0.01,0.01,77569.27,1777097658000
1777097660.124,260.124,0.03,0.04,0.96,0.97,0.01,0.01,77563.14,1777097659000
1777097660.894,260.894,0.03,0.04,0.96,0.97,0.01,0.01,77563.14,1777097659000
1777097661.437,261.437,0.03,0.04,0.96,0.97,0.01,0.01,77563.14,1777097659000
1777097662.037,262.037,0.03,0.04,0.96,0.97,0.01,0.01,77569.3,1777097660000
1777097662.678,262.678,0.03,0.04,0.96,0.97,0.01,0.01,77569.3,1777097661000
1777097663.187,263.187,0.03,0.04,0.96,0.97,0.01,0.01,77569.3,1777097661000
1777097663.863,263.863,0.04,0.05,0.96,0.97,0.01,0.01,77569.37,1777097662000
1777097664.694,264.694,0.04,0.05,0.95,0.96,0.01,0.01,77569.31,1777097663000
1777097665.104,265.104,0.04,0.05,0.95,0.96,0.01,0.01,77569.31,1777097663000
1777097665.491,265.491,0.04,0.05,0.95,0.96,0.01,0.01,77569.31,1777097664000
1777097665.83,265.83,0.04,0.05,0.95,0.96,0.01,0.01,77569.31,1777097664000
1777097666.168,266.168,0.04,0.05,0.95,0.96,0.01,0.01,77569.34,1777097665000
1777097666.819,266.819,0.04,0.05,0.95,0.96,0.01,0.01,77569.34,1777097665000
1777097667.419,267.419,0.03,0.05,0.95,0.96,0.02,0.01,77569.34,1777097665000
1777097668.107,268.107,0.02,0.03,0.95,0.97,0.01,0.02,77569.41,1777097666000
1777097668.546,268.546,0.02,0.03,0.97,0.98,0.01,0.01,77569.38,1777097667000
1777097669.028,269.028,0.02,0.03,0.97,0.98,0.01,0.01,77569.38,1777097667000
1777097669.374,269.374,0.02,0.03,0.95,0.98,0.01,0.03,77569.38,1777097667000
1777097670.316,270.316,0.02,0.03,0.97,0.98,0.01,0.01,77569.09,1777097668000
1777097670.701,270.701,0.02,0.06,0.94,0.95,0.04,0.01,77569.29,1777097669000
1777097671.084,271.084,0.02,0.04,0.96,0.98,0.02,0.02,77569.29,1777097669000
1777097671.688,271.688,0.02,0.03,0.97,0.98,0.01,0.01,77569.29,1777097669000
1777097672.157,272.157,0.02,0.03,0.97,0.98,0.01,0.01,77569.36,1777097670000
1777097672.981,272.981,0.02,0.04,0.97,0.98,0.02,0.01,77569.35,1777097671000
1777097673.394,273.394,0.02,0.03,0.97,0.98,0.01,0.01,77569.27,1777097672000
1777097673.857,273.857,0.02,0.03,0.97,0.98,0.01,0.01,77569.27,1777097672000
1777097674.574,274.574,0.02,0.03,0.97,0.98,0.01,0.01,77569.27,1777097672000
1777097675.062,275.062,0.02,0.04,0.97,0.98,0.02,0.01,77569.18,1777097673000
1777097675.517,275.517,0.02,0.04,0.96,0.98,0.02,0.02,77569.22,1777097674000
1777097675.914,275.914,0.03,0.04,0.96,0.98,0.01,0.02,77569.22,1777097674000
1777097676.556,276.556,0.02,0.03,0.97,0.98,0.01,0.01,77569.19,1777097675000
1777097677.282,277.282,0.02,0.03,0.97,0.98,0.01,0.01,77569.19,1777097675000
1777097677.697,277.697,0.02,0.03,0.97,0.98,0.01,0.01,77569.65,1777097676000
1777097678.082,278.082,0.01,0.02,0.97,0.98,0.01,0.01,77569.65,1777097676000
1777097678.434,278.434,0.01,0.02,0.98,0.99,0.01,0.01,77569.65,1777097677000
1777097679.184,279.184,0.01,0.02,0.98,0.99,0.01,0.01,77569.53,1777097678000
1777097679.55,279.55,0.01,0.02,0.98,0.99,0.01,0.01,77569.53,1777097678000
1777097680.053,280.053,0.01,0.02,0.98,0.99,0.01,0.01,77569.53,1777097678000
1777097680.458,280.458,0.01,0.02,0.98,0.99,0.01,0.01,77569.56,1777097679000
1777097680.811,280.811,0.01,0.02,0.98,0.99,0.01,0.01,77569.56,1777097679000
1777097681.17,281.17,0.01,0.02,0.98,0.99,0.01,0.01,77569.56,1777097679000
1777097681.624,281.624,0.01,0.02,0.98,0.99,0.01,0.01,77569.56,1777097680000
1777097682.275,282.275,0.01,0.02,0.98,0.99,0.01,0.01,77569.56,1777097680000
1777097682.83,282.83,0.01,0.02,0.98,0.99,0.01,0.01,77569.65,1777097681000
1777097683.277,283.277,0.01,0.03,0.98,0.99,0.02,0.01,77569.65,1777097681000
1777097683.882,283.882,0.01,0.03,0.97,0.99,0.02,0.02,77569.72,1777097682000
1777097684.563,284.563,0.03,0.04,0.96,0.97,0.01,0.01,77569.61,1777097683000
1777097685.063,285.063,0.01,0.02,0.98,0.99,0.01,0.01,77569.61,1777097684000
1777097685.438,285.438,0.02,0.04,0.92,0.99,0.02,0.07,77569.61,1777097684000
1777097685.796,285.796,0.02,0.03,0.97,0.98,0.01,0.01,77569.61,1777097684000
1777097686.254,286.254,0.02,0.03,0.97,0.98,0.01,0.01,77561.32,1777097685000
1777097686.588,286.588,0.03,0.04,0.96,0.98,0.01,0.02,77561.32,1777097685000
1777097687.003,287.003,0.03,0.04,0.96,0.97,0.01,0.01,77561.32,1777097685000
1777097687.89,287.89,0.02,0.03,0.97,0.98,0.01,0.01,77561.32,1777097686000
1777097688.281,288.281,0.02,0.03,0.97,0.98,0.01,0.01,77561.32,1777097686000
1777097688.628,288.628,0.01,0.02,0.97,0.99,0.01,0.02,77561.55,1777097687000
1777097689.026,289.026,0.01,0.03,0.97,0.99,0.02,0.02,77561.55,1777097688000
1777097689.659,289.659,0.01,0.03,0.98,0.99,0.02,0.01,77561.55,1777097688000
1777097690.334,290.334,0.01,0.03,0.97,0.99,0.02,0.02,77561.52,1777097689000
1777097690.686,290.686,0.01,0.02,0.98,0.99,0.01,0.01,77561.52,1777097689000
1777097691.098,291.098,0.01,0.02,0.98,0.99,0.01,0.01,77561.52,1777097689000
1777097691.651,291.651,0.01,0.02,0.98,0.99,0.01,0.01,77561.52,1777097690000
1777097692.039,292.039,0.01,0.02,0.98,0.99,0.01,0.01,77561.52,1777097690000
1777097692.428,292.428,0.01,0.02,0.98,0.99,0.01,0.01,77562.31,1777097691000
1777097693.06,293.06,0.01,0.02,0.98,0.99,0.01,0.01,77562.61,1777097692000
1777097693.742,293.742,0.01,0.02,0.98,0.99,0.01,0.01,77562.61,1777097692000
1777097694.142,294.142,0.01,0.02,0.98,0.99,0.01,0.01,77562.61,1777097692000
1777097694.487,294.487,0.01,0.02,0.98,0.99,0.01,0.01,77562.61,1777097693000
1777097694.856,294.856,0.01,0.02,0.98,0.99,0.01,0.01,77562.61,1777097693000
1777097695.391,295.391,0.01,0.02,0.98,0.99,0.01,0.01,77562.54,1777097694000
1777097695.76,295.76,0.01,0.02,0.98,0.99,0.01,0.01,77562.54,1777097694000
1777097696.102,296.102,0.01,0.02,0.98,0.99,0.01,0.01,77562.54,1777097694000
1777097696.448,296.448,0.01,0.02,0.98,0.99,0.01,0.01,77562.53,1777097695000
1777097696.804,296.804,0.01,0.02,0.98,0.99,0.01,0.01,77562.53,1777097695000
1777097697.189,297.189,0.01,0.02,0.98,0.99,0.01,0.01,77562.53,1777097695000
1777097697.618,297.618,0.01,0.01,0.98,0.99,0.0,0.01,77562.53,1777097696000
1777097697.968,297.968,0.01,0.01,0.99,0.99,0.0,0.0,77562.53,1777097696000
1777097698.493,298.493,0.01,0.01,0.99,0.99,0.0,0.0,77562.5,1777097697000
1777097699.45,299.45,0.01,0.01,0.99,0.99,0.0,0.0,77562.46,1777097698000
1777097700.224,300.224,0.01,0.01,0.99,0.99,0.0,0.0,77562.53,1777097699000
1777097700.778,300.778,0.01,0.01,0.99,0.99,0.0,0.0,77562.53,1777097699000

# RESULT,winner=Down,slug=btc-updown-5m-1777097400,ticks=558
