timestamp,elapsed_sec,up_bid,up_ask,down_bid,down_ask,up_spread,down_spread,btc_price,btc_oracle_ts
1777323600.575,0.575,0.49,0.5,0.5,0.51,0.01,0.01,76957.14,1777323599000
1777323601.011,1.011,0.49,0.5,0.5,0.51,0.01,0.01,76957.14,1777323599000
1777323601.344,1.344,0.43,0.44,0.56,0.57,0.01,0.01,76957.16,1777323600000
1777323601.721,1.721,0.41,0.43,0.56,0.59,0.02,0.03,76957.16,1777323600000
1777323602.201,2.201,0.41,0.42,0.58,0.59,0.01,0.01,76957.16,1777323600000
1777323602.539,2.539,0.41,0.42,0.58,0.59,0.01,0.01,76955.82,1777323601000
1777323602.877,2.877,0.37,0.38,0.62,0.63,0.01,0.01,76955.82,1777323601000
1777323603.304,3.304,0.36,0.37,0.63,0.65,0.01,0.02,76947.15,1777323602000
1777323603.704,3.704,0.35,0.36,0.64,0.65,0.01,0.01,76947.15,1777323602000
1777323604.286,4.286,0.35,0.36,0.64,0.65,0.01,0.01,76947.15,1777323602000
1777323604.638,4.638,0.35,0.36,0.64,0.65,0.01,0.01,76946.28,1777323603000
1777323605.233,5.233,0.35,0.36,0.64,0.65,0.01,0.01,76946.28,1777323603000
1777323605.595,5.595,0.35,0.36,0.64,0.65,0.01,0.01,76942.1,1777323604000
1777323606.272,6.272,0.35,0.36,0.64,0.65,0.01,0.01,76942.1,1777323604000
1777323606.765,6.765,0.35,0.36,0.64,0.65,0.01,0.01,76940.9,1777323605000
1777323607.279,7.279,0.35,0.36,0.64,0.65,0.01,0.01,76940.9,1777323605000
1777323607.644,7.644,0.35,0.36,0.64,0.65,0.01,0.01,76940.86,1777323606000
1777323607.987,7.987,0.35,0.36,0.64,0.65,0.01,0.01,76940.54,1777323607000
1777323608.332,8.332,0.34,0.36,0.64,0.65,0.02,0.01,76940.54,1777323607000
1777323609.06,9.06,0.33,0.34,0.65,0.67,0.01,0.02,76940.54,1777323607000
1777323609.554,9.554,0.32,0.33,0.67,0.68,0.01,0.01,76940.33,1777323608000
1777323609.926,9.926,0.32,0.33,0.67,0.68,0.01,0.01,76940.33,1777323608000
1777323610.435,10.435,0.32,0.33,0.67,0.68,0.01,0.01,76938.48,1777323609000
1777323611.012,11.012,0.32,0.33,0.67,0.68,0.01,0.01,76938.48,1777323609000
1777323611.644,11.644,0.32,0.33,0.67,0.68,0.01,0.01,76936.79,1777323610000
1777323611.98,11.98,0.31,0.32,0.67,0.68,0.01,0.01,76936.79,1777323610000
1777323612.349,12.349,0.31,0.32,0.68,0.69,0.01,0.01,76936.79,1777323610000
1777323612.72,12.72,0.31,0.32,0.68,0.69,0.01,0.01,76936.04,1777323611000
1777323613.153,13.153,0.31,0.32,0.68,0.69,0.01,0.01,76936.04,1777323611000
1777323613.955,13.955,0.31,0.32,0.68,0.69,0.01,0.01,76936.51,1777323612000
1777323614.615,14.615,0.31,0.32,0.68,0.69,0.01,0.01,76936.28,1777323613000
1777323614.956,14.956,0.31,0.32,0.68,0.69,0.01,0.01,76936.28,1777323613000
1777323615.414,15.414,0.31,0.32,0.68,0.69,0.01,0.01,76936.28,1777323613000
1777323616.402,16.402,0.31,0.32,0.68,0.69,0.01,0.01,76936.22,1777323614000
1777323616.909,16.909,0.31,0.32,0.68,0.69,0.01,0.01,76936.14,1777323615000
1777323617.292,17.292,0.31,0.32,0.68,0.69,0.01,0.01,76936.14,1777323615000
1777323617.81,17.81,0.31,0.32,0.68,0.69,0.01,0.01,76935.38,1777323616000
1777323618.159,18.159,0.31,0.32,0.68,0.69,0.01,0.01,76935.38,1777323616000
1777323618.519,18.519,0.31,0.32,0.68,0.69,0.01,0.01,76935.38,1777323616000
1777323619.217,19.217,0.31,0.32,0.68,0.69,0.01,0.01,76935.36,1777323617000
1777323619.68,19.68,0.3,0.31,0.68,0.7,0.01,0.02,76935.36,1777323617000
1777323620.256,20.256,0.3,0.31,0.69,0.7,0.01,0.01,76935.42,1777323618000
1777323620.748,20.748,0.3,0.31,0.69,0.7,0.01,0.01,76935.42,1777323618000
1777323621.177,21.177,0.3,0.31,0.69,0.7,0.01,0.01,76935.42,1777323618000
1777323621.563,21.563,0.3,0.31,0.69,0.7,0.01,0.01,76935.94,1777323619000
1777323621.971,21.971,0.3,0.31,0.69,0.7,0.01,0.01,76935.94,1777323619000
1777323622.577,22.577,0.3,0.31,0.69,0.7,0.01,0.01,76935.65,1777323621000
1777323623.143,23.143,0.3,0.31,0.69,0.7,0.01,0.01,76935.65,1777323621000
1777323623.587,23.587,0.3,0.32,0.69,0.7,0.02,0.01,76935.65,1777323621000
1777323624.123,24.123,0.31,0.32,0.68,0.69,0.01,0.01,76935.88,1777323622000
1777323624.498,24.498,0.31,0.32,0.68,0.69,0.01,0.01,76935.88,1777323622000
1777323624.933,24.933,0.31,0.32,0.68,0.69,0.01,0.01,76935.71,1777323623000
1777323625.447,25.447,0.31,0.32,0.68,0.69,0.01,0.01,76935.71,1777323623000
1777323626.347,26.347,0.31,0.32,0.68,0.69,0.01,0.01,76935.18,1777323624000
1777323626.689,26.689,0.31,0.32,0.68,0.69,0.01,0.01,76935.73,1777323625000
1777323627.595,27.595,0.31,0.32,0.68,0.69,0.01,0.01,76935.73,1777323625000
1777323628.079,28.079,0.31,0.32,0.68,0.69,0.01,0.01,76934.43,1777323627000
1777323628.427,28.427,0.31,0.32,0.68,0.69,0.01,0.01,76934.43,1777323627000
1777323628.782,28.782,0.31,0.32,0.68,0.69,0.01,0.01,76934.43,1777323627000
1777323629.116,29.116,0.31,0.32,0.68,0.69,0.01,0.01,76934.43,1777323627000
1777323629.565,29.565,0.31,0.32,0.68,0.69,0.01,0.01,76935.03,1777323628000
1777323630.055,30.055,0.31,0.32,0.68,0.69,0.01,0.01,76935.41,1777323629000
1777323630.447,30.447,0.3,0.33,0.69,0.7,0.03,0.01,76935.41,1777323629000
1777323631.11,31.11,0.32,0.33,0.67,0.68,0.01,0.01,76935.41,1777323629000
1777323631.456,31.456,0.32,0.33,0.67,0.68,0.01,0.01,76935.45,1777323630000
1777323632.112,32.112,0.32,0.33,0.67,0.68,0.01,0.01,76935.45,1777323630000
1777323632.482,32.482,0.32,0.33,0.67,0.68,0.01,0.01,76934.77,1777323631000
1777323632.977,32.977,0.32,0.33,0.67,0.68,0.01,0.01,76934.43,1777323632000
1777323633.443,33.443,0.32,0.33,0.67,0.68,0.01,0.01,76934.43,1777323632000
1777323633.821,33.821,0.32,0.33,0.67,0.68,0.01,0.01,76934.43,1777323632000
1777323634.212,34.212,0.32,0.33,0.67,0.68,0.01,0.01,76933.42,1777323633000
1777323634.744,34.744,0.32,0.33,0.67,0.68,0.01,0.01,76933.42,1777323633000
1777323635.96,35.96,0.32,0.33,0.67,0.68,0.01,0.01,76933.43,1777323634000
1777323636.837,36.837,0.32,0.33,0.67,0.68,0.01,0.01,76933.5,1777323635000
1777323637.656,37.656,0.32,0.33,0.67,0.68,0.01,0.01,76934.44,1777323636000
1777323638.168,38.168,0.32,0.33,0.67,0.68,0.01,0.01,76934.44,1777323636000
1777323638.785,38.785,0.32,0.33,0.67,0.68,0.01,0.01,76933.27,1777323637000
1777323639.171,39.171,0.32,0.33,0.67,0.68,0.01,0.01,76933.27,1777323637000
1777323639.649,39.649,0.32,0.33,0.67,0.68,0.01,0.01,76933.27,1777323637000
1777323640.128,40.128,0.32,0.33,0.67,0.68,0.01,0.01,76933.27,1777323637000
1777323640.938,40.938,0.31,0.32,0.67,0.69,0.01,0.02,76932.26,1777323639000
1777323641.316,41.316,0.31,0.36,0.64,0.69,0.05,0.05,76932.26,1777323639000
1777323641.988,41.988,0.31,0.32,0.64,0.69,0.01,0.05,76932.31,1777323640000
1777323642.938,42.938,0.31,0.32,0.68,0.69,0.01,0.01,76932.89,1777323641000
1777323643.738,43.738,0.31,0.32,0.68,0.69,0.01,0.01,76933.53,1777323642000
1777323644.15,44.15,0.31,0.32,0.68,0.69,0.01,0.01,76933.53,1777323642000
1777323644.539,44.539,0.32,0.33,0.67,0.68,0.01,0.01,76932.63,1777323643000
1777323644.96,44.96,0.32,0.33,0.67,0.68,0.01,0.01,76932.63,1777323643000
1777323645.631,45.631,0.32,0.33,0.67,0.68,0.01,0.01,76932.61,1777323644000
1777323646.031,46.031,0.32,0.33,0.67,0.68,0.01,0.01,76932.61,1777323644000
1777323646.443,46.443,0.32,0.33,0.67,0.68,0.01,0.01,76932.61,1777323644000
1777323646.926,46.926,0.32,0.33,0.67,0.68,0.01,0.01,76933.26,1777323645000
1777323647.348,47.348,0.32,0.33,0.67,0.68,0.01,0.01,76933.83,1777323646000
1777323648.16,48.16,0.34,0.35,0.65,0.68,0.01,0.03,76933.83,1777323646000
1777323648.791,48.791,0.34,0.35,0.65,0.66,0.01,0.01,76933.83,1777323646000
1777323649.726,49.726,0.34,0.35,0.65,0.66,0.01,0.01,76933.3,1777323648000
1777323650.232,50.232,0.34,0.35,0.65,0.66,0.01,0.01,76933.3,1777323648000
1777323650.609,50.609,0.34,0.35,0.65,0.66,0.01,0.01,76933.33,1777323649000
1777323650.99,50.99,0.34,0.35,0.65,0.66,0.01,0.01,76933.71,1777323650000
1777323651.333,51.333,0.34,0.35,0.65,0.66,0.01,0.01,76933.71,1777323650000
1777323651.69,51.69,0.35,0.36,0.64,0.66,0.01,0.02,76933.71,1777323650000
1777323652.549,52.549,0.35,0.36,0.64,0.65,0.01,0.01,76933.71,1777323650000
1777323652.947,52.947,0.35,0.36,0.64,0.65,0.01,0.01,76933.71,1777323650000
1777323653.391,53.391,0.35,0.36,0.64,0.65,0.01,0.01,76934.19,1777323652000
1777323654.02,54.02,0.35,0.36,0.64,0.65,0.01,0.01,76934.19,1777323652000
1777323654.599,54.599,0.35,0.36,0.64,0.65,0.01,0.01,76934.19,1777323653000
1777323655.004,55.004,0.34,0.36,0.64,0.66,0.02,0.02,76934.19,1777323653000
1777323655.451,55.451,0.33,0.34,0.66,0.67,0.01,0.01,76934.19,1777323653000
1777323655.996,55.996,0.33,0.34,0.66,0.67,0.01,0.01,76934.19,1777323655000
1777323656.508,56.508,0.33,0.34,0.66,0.67,0.01,0.01,76934.19,1777323655000
1777323656.874,56.874,0.33,0.34,0.66,0.67,0.01,0.01,76934.19,1777323655000
1777323657.396,57.396,0.32,0.33,0.67,0.68,0.01,0.01,76934.19,1777323655000
1777323657.976,57.976,0.32,0.33,0.67,0.68,0.01,0.01,76934.36,1777323656000
1777323658.338,58.338,0.28,0.29,0.7,0.72,0.01,0.02,76934.36,1777323656000
1777323658.739,58.739,0.27,0.28,0.72,0.73,0.01,0.01,76934.36,1777323656000
1777323659.102,59.102,0.27,0.28,0.72,0.73,0.01,0.01,76931.28,1777323657000
1777323659.58,59.58,0.27,0.28,0.72,0.73,0.01,0.01,76931.09,1777323658000
1777323660.027,60.027,0.27,0.28,0.72,0.73,0.01,0.01,76931.09,1777323658000
1777323660.43,60.43,0.28,0.29,0.71,0.72,0.01,0.01,76931.09,1777323658000
1777323660.853,60.853,0.28,0.29,0.71,0.72,0.01,0.01,76929.38,1777323659000
1777323661.246,61.246,0.28,0.29,0.71,0.72,0.01,0.01,76929.38,1777323659000
1777323661.622,61.622,0.28,0.29,0.71,0.72,0.01,0.01,76927.32,1777323660000
1777323661.962,61.962,0.21,0.22,0.75,0.78,0.01,0.03,76927.32,1777323660000
1777323662.342,62.342,0.21,0.22,0.78,0.79,0.01,0.01,76927.32,1777323660000
1777323662.711,62.711,0.21,0.22,0.78,0.79,0.01,0.01,76924.9,1777323661000
1777323663.212,63.212,0.21,0.22,0.78,0.79,0.01,0.01,76924.9,1777323661000
1777323663.553,63.553,0.21,0.22,0.78,0.79,0.01,0.01,76924.5,1777323662000
1777323663.899,63.899,0.2,0.24,0.79,0.8,0.04,0.01,76924.5,1777323662000
1777323664.235,64.235,0.22,0.23,0.76,0.78,0.01,0.02,76924.5,1777323662000
1777323664.573,64.573,0.22,0.23,0.77,0.78,0.01,0.01,76924.5,1777323662000
1777323665.001,65.001,0.19,0.2,0.8,0.81,0.01,0.01,76917.73,1777323663000
1777323665.341,65.341,0.19,0.2,0.8,0.81,0.01,0.01,76917.73,1777323663000
1777323665.869,65.869,0.19,0.2,0.8,0.81,0.01,0.01,76915.73,1777323664000
1777323666.31,66.31,0.19,0.21,0.79,0.8,0.02,0.01,76915.85,1777323665000
1777323666.7,66.7,0.19,0.2,0.8,0.81,0.01,0.01,76915.85,1777323665000
1777323667.036,67.036,0.19,0.2,0.8,0.81,0.01,0.01,76915.85,1777323665000
1777323667.385,67.385,0.19,0.2,0.8,0.81,0.01,0.01,76915.85,1777323665000
1777323667.73,67.73,0.18,0.19,0.8,0.81,0.01,0.01,76915.85,1777323665000
1777323668.156,68.156,0.18,0.19,0.81,0.82,0.01,0.01,76917.16,1777323666000
1777323668.576,68.576,0.18,0.19,0.81,0.82,0.01,0.01,76915.85,1777323667000
1777323669.031,69.031,0.18,0.19,0.81,0.82,0.01,0.01,76915.85,1777323667000
1777323669.408,69.408,0.18,0.19,0.81,0.82,0.01,0.01,76913.42,1777323668000
1777323669.792,69.792,0.18,0.19,0.81,0.82,0.01,0.01,76913.42,1777323668000
1777323670.13,70.13,0.18,0.19,0.81,0.82,0.01,0.01,76913.42,1777323668000
1777323670.638,70.638,0.18,0.19,0.81,0.82,0.01,0.01,76914.63,1777323669000
1777323671.201,71.201,0.18,0.19,0.81,0.82,0.01,0.01,76914.63,1777323669000
1777323671.735,71.735,0.18,0.19,0.81,0.82,0.01,0.01,76914.5,1777323670000
1777323672.153,72.153,0.17,0.18,0.82,0.83,0.01,0.01,76914.5,1777323670000
1777323672.561,72.561,0.16,0.18,0.82,0.84,0.02,0.02,76914.5,1777323670000
1777323672.902,72.902,0.17,0.18,0.82,0.83,0.01,0.01,76914.45,1777323671000
1777323673.279,73.279,0.18,0.19,0.81,0.83,0.01,0.02,76914.45,1777323671000
1777323673.706,73.706,0.18,0.19,0.81,0.82,0.01,0.01,76914.29,1777323672000
1777323674.084,74.084,0.17,0.18,0.82,0.83,0.01,0.01,76914.29,1777323672000
1777323674.613,74.613,0.17,0.18,0.82,0.83,0.01,0.01,76913.24,1777323673000
1777323674.966,74.966,0.17,0.18,0.82,0.83,0.01,0.01,76913.24,1777323673000
1777323675.416,75.416,0.17,0.18,0.82,0.84,0.01,0.02,76911.55,1777323674000
1777323676.179,76.179,0.16,0.18,0.82,0.83,0.02,0.01,76911.55,1777323674000
1777323676.634,76.634,0.16,0.17,0.83,0.84,0.01,0.01,76908.02,1777323675000
1777323676.977,76.977,0.16,0.17,0.83,0.84,0.01,0.01,76908.02,1777323675000
1777323677.34,77.34,0.16,0.17,0.83,0.84,0.01,0.01,76908.01,1777323676000
1777323677.747,77.747,0.16,0.17,0.83,0.84,0.01,0.01,76908.01,1777323676000
1777323678.147,78.147,0.16,0.17,0.83,0.84,0.01,0.01,76908.01,1777323676000
1777323678.729,78.729,0.16,0.17,0.83,0.84,0.01,0.01,76908.01,1777323677000
1777323679.219,79.219,0.18,0.19,0.79,0.85,0.01,0.06,76908.01,1777323677000
1777323679.846,79.846,0.15,0.16,0.81,0.84,0.01,0.03,76908,1777323678000
1777323680.269,80.269,0.14,0.15,0.85,0.86,0.01,0.01,76907.94,1777323679000
1777323680.602,80.602,0.14,0.15,0.85,0.86,0.01,0.01,76907.94,1777323679000
1777323680.943,80.943,0.15,0.16,0.84,0.85,0.01,0.01,76907.94,1777323679000
1777323681.282,81.282,0.16,0.17,0.83,0.85,0.01,0.02,76908.14,1777323680000
1777323681.85,81.85,0.16,0.17,0.83,0.84,0.01,0.01,76908.14,1777323680000
1777323682.267,82.267,0.16,0.17,0.83,0.84,0.01,0.01,76906.03,1777323681000
1777323682.677,82.677,0.16,0.17,0.83,0.85,0.01,0.02,76906.03,1777323681000
1777323683.046,83.046,0.15,0.17,0.83,0.84,0.02,0.01,76906.03,1777323681000
1777323683.461,83.461,0.13,0.14,0.85,0.86,0.01,0.01,76906.78,1777323682000
1777323683.856,83.856,0.12,0.13,0.87,0.88,0.01,0.01,76906.78,1777323682000
1777323684.198,84.198,0.11,0.12,0.88,0.89,0.01,0.01,76906.78,1777323682000
1777323684.553,84.553,0.09,0.1,0.89,0.91,0.01,0.02,76906.05,1777323683000
1777323684.888,84.888,0.09,0.1,0.88,0.91,0.01,0.03,76906.05,1777323683000
1777323685.269,85.269,0.1,0.11,0.89,0.9,0.01,0.01,76906.55,1777323684000
1777323685.748,85.748,0.1,0.11,0.89,0.9,0.01,0.01,76906.55,1777323684000
1777323686.143,86.143,0.1,0.12,0.88,0.9,0.02,0.02,76906.55,1777323685000
1777323686.605,86.605,0.11,0.12,0.88,0.89,0.01,0.01,76906.55,1777323685000
1777323686.943,86.943,0.11,0.12,0.88,0.89,0.01,0.01,76906.55,1777323685000
1777323687.293,87.293,0.11,0.12,0.88,0.89,0.01,0.01,76906.55,1777323686000
1777323687.678,87.678,0.11,0.12,0.88,0.89,0.01,0.01,76906.55,1777323686000
1777323688.112,88.112,0.11,0.12,0.88,0.89,0.01,0.01,76906.55,1777323686000
1777323688.559,88.559,0.1,0.11,0.89,0.9,0.01,0.01,76906.53,1777323687000
1777323688.97,88.97,0.1,0.11,0.89,0.9,0.01,0.01,76906.53,1777323687000
1777323689.511,89.511,0.1,0.11,0.89,0.9,0.01,0.01,76906.53,1777323687000
1777323689.867,89.867,0.1,0.11,0.89,0.9,0.01,0.01,76906.53,1777323687000
1777323690.301,90.301,0.1,0.11,0.89,0.9,0.01,0.01,76906.5,1777323688000
1777323690.706,90.706,0.1,0.12,0.88,0.9,0.02,0.02,76903.85,1777323689000
1777323691.099,91.099,0.11,0.12,0.88,0.89,0.01,0.01,76901.5,1777323690000
1777323691.676,91.676,0.11,0.12,0.88,0.89,0.01,0.01,76901.5,1777323690000
1777323692.015,92.015,0.11,0.12,0.88,0.89,0.01,0.01,76901.5,1777323690000
1777323692.44,92.44,0.11,0.12,0.88,0.89,0.01,0.01,76900.46,1777323691000
1777323692.782,92.782,0.11,0.12,0.88,0.89,0.01,0.01,76900.46,1777323691000
1777323693.151,93.151,0.11,0.12,0.88,0.89,0.01,0.01,76900.46,1777323691000
1777323693.515,93.515,0.11,0.12,0.88,0.89,0.01,0.01,76900.46,1777323692000
1777323693.909,93.909,0.11,0.12,0.88,0.89,0.01,0.01,76900.25,1777323693000
1777323694.46,94.46,0.12,0.13,0.87,0.89,0.01,0.02,76900.25,1777323693000
1777323694.994,94.994,0.12,0.13,0.87,0.88,0.01,0.01,76899.88,1777323694000
1777323695.358,95.358,0.12,0.13,0.87,0.88,0.01,0.01,76899.88,1777323694000
1777323695.772,95.772,0.13,0.14,0.86,0.87,0.01,0.01,76899.88,1777323694000
1777323696.489,96.489,0.14,0.15,0.85,0.87,0.01,0.02,76898.73,1777323695000
1777323697.157,97.157,0.15,0.16,0.84,0.86,0.01,0.02,76898.73,1777323695000
1777323697.527,97.527,0.15,0.16,0.84,0.85,0.01,0.01,76900.45,1777323696000
1777323697.938,97.938,0.15,0.16,0.84,0.85,0.01,0.01,76900.45,1777323696000
1777323698.408,98.408,0.15,0.16,0.84,0.85,0.01,0.01,76900.45,1777323696000
1777323698.998,98.998,0.15,0.16,0.84,0.85,0.01,0.01,76903.79,1777323698000
1777323699.443,99.443,0.15,0.16,0.84,0.85,0.01,0.01,76903.79,1777323698000
1777323699.959,99.959,0.15,0.16,0.84,0.85,0.01,0.01,76903.79,1777323698000
1777323700.633,100.633,0.15,0.16,0.84,0.85,0.01,0.01,76907.98,1777323699000
1777323701.104,101.104,0.15,0.16,0.84,0.85,0.01,0.01,76907.98,1777323699000
1777323701.7,101.7,0.15,0.16,0.84,0.85,0.01,0.01,76909.09,1777323700000
1777323702.188,102.188,0.14,0.15,0.85,0.86,0.01,0.01,76909.09,1777323700000
1777323702.532,102.532,0.11,0.15,0.85,0.86,0.04,0.01,76908.2,1777323701000
1777323702.945,102.945,0.12,0.13,0.87,0.88,0.01,0.01,76908.2,1777323701000
1777323703.332,103.332,0.12,0.13,0.87,0.88,0.01,0.01,76908.4,1777323702000
1777323704.067,104.067,0.12,0.13,0.87,0.88,0.01,0.01,76908.4,1777323702000
1777323704.545,104.545,0.13,0.15,0.85,0.88,0.02,0.03,76908.95,1777323703000
1777323704.916,104.916,0.13,0.15,0.85,0.87,0.02,0.02,76908.61,1777323704000
1777323705.274,105.274,0.14,0.15,0.85,0.86,0.01,0.01,76908.61,1777323704000
1777323705.781,105.781,0.14,0.16,0.85,0.86,0.02,0.01,76908.61,1777323704000
1777323706.131,106.131,0.15,0.16,0.84,0.85,0.01,0.01,76909.32,1777323705000
1777323706.924,106.924,0.15,0.16,0.84,0.85,0.01,0.01,76909.32,1777323705000
1777323707.296,107.296,0.15,0.16,0.84,0.85,0.01,0.01,76908.26,1777323706000
1777323707.786,107.786,0.15,0.16,0.84,0.85,0.01,0.01,76908.26,1777323706000
1777323708.484,108.484,0.15,0.16,0.84,0.85,0.01,0.01,76908.26,1777323706000
1777323708.933,108.933,0.15,0.16,0.84,0.85,0.01,0.01,76908.29,1777323708000
1777323709.32,109.32,0.16,0.17,0.83,0.85,0.01,0.02,76908.29,1777323708000
1777323709.913,109.913,0.16,0.17,0.83,0.84,0.01,0.01,76908.29,1777323708000
1777323710.322,110.322,0.23,0.26,0.73,0.8,0.03,0.07,76908.24,1777323709000
1777323710.697,110.697,0.23,0.24,0.76,0.77,0.01,0.01,76908.24,1777323709000
1777323711.076,111.076,0.23,0.24,0.76,0.77,0.01,0.01,76908.24,1777323709000
1777323711.534,111.534,0.23,0.24,0.76,0.77,0.01,0.01,76909.29,1777323710000
1777323712.003,112.003,0.23,0.24,0.76,0.77,0.01,0.01,76909.29,1777323710000
1777323712.391,112.391,0.23,0.24,0.76,0.77,0.01,0.01,76912.34,1777323711000
1777323712.9,112.9,0.23,0.24,0.76,0.77,0.01,0.01,76914.11,1777323712000
1777323713.318,113.318,0.23,0.24,0.76,0.77,0.01,0.01,76914.11,1777323712000
1777323713.774,113.774,0.23,0.24,0.76,0.77,0.01,0.01,76914.11,1777323712000
1777323714.136,114.136,0.23,0.24,0.76,0.77,0.01,0.01,76916.89,1777323713000
1777323714.526,114.526,0.23,0.24,0.76,0.77,0.01,0.01,76916.89,1777323713000
1777323714.996,114.996,0.23,0.24,0.76,0.77,0.01,0.01,76916.89,1777323713000
1777323715.386,115.386,0.22,0.23,0.76,0.77,0.01,0.01,76918.61,1777323714000
1777323715.773,115.773,0.22,0.23,0.77,0.78,0.01,0.01,76918.61,1777323714000
1777323716.288,116.288,0.22,0.23,0.77,0.78,0.01,0.01,76918.61,1777323714000
1777323716.718,116.718,0.22,0.23,0.77,0.78,0.01,0.01,76918.62,1777323715000
1777323717.216,117.216,0.22,0.23,0.77,0.78,0.01,0.01,76918.47,1777323716000
1777323717.6,117.6,0.22,0.23,0.77,0.78,0.01,0.01,76918.47,1777323716000
1777323718.0,118.0,0.22,0.23,0.77,0.78,0.01,0.01,76918.47,1777323716000
1777323718.333,118.333,0.22,0.23,0.77,0.78,0.01,0.01,76918.47,1777323717000
1777323719.108,119.108,0.22,0.23,0.77,0.78,0.01,0.01,76918.83,1777323718000
1777323719.764,119.764,0.22,0.23,0.77,0.78,0.01,0.01,76918.83,1777323718000
1777323720.097,120.097,0.22,0.23,0.77,0.78,0.01,0.01,76918.69,1777323719000
1777323720.44,120.44,0.22,0.23,0.77,0.78,0.01,0.01,76918.69,1777323719000
1777323720.774,120.774,0.22,0.23,0.77,0.78,0.01,0.01,76918.69,1777323719000
1777323721.148,121.148,0.22,0.23,0.77,0.78,0.01,0.01,76918.58,1777323720000
1777323721.493,121.493,0.21,0.22,0.78,0.79,0.01,0.01,76918.58,1777323720000
1777323721.85,121.85,0.21,0.22,0.78,0.79,0.01,0.01,76918.58,1777323720000
1777323722.656,122.656,0.21,0.22,0.78,0.79,0.01,0.01,76918.68,1777323721000
1777323723.044,123.044,0.21,0.22,0.78,0.79,0.01,0.01,76918.68,1777323721000
1777323723.486,123.486,0.21,0.22,0.78,0.79,0.01,0.01,76918.69,1777323722000
1777323723.861,123.861,0.21,0.22,0.78,0.79,0.01,0.01,76918.69,1777323722000
1777323724.499,124.499,0.21,0.22,0.78,0.79,0.01,0.01,76918.69,1777323723000
1777323724.95,124.95,0.21,0.22,0.78,0.79,0.01,0.01,76918.69,1777323723000
1777323725.294,125.294,0.21,0.22,0.78,0.79,0.01,0.01,76919.05,1777323724000
1777323725.693,125.693,0.2,0.21,0.78,0.79,0.01,0.01,76919.05,1777323724000
1777323726.117,126.117,0.2,0.21,0.79,0.8,0.01,0.01,76919.05,1777323724000
1777323726.721,126.721,0.19,0.2,0.79,0.81,0.01,0.02,76919.05,1777323725000
1777323727.13,127.13,0.19,0.2,0.8,0.81,0.01,0.01,76919.05,1777323725000
1777323727.528,127.528,0.19,0.2,0.8,0.81,0.01,0.01,76919.05,1777323726000
1777323727.9,127.9,0.19,0.2,0.8,0.81,0.01,0.01,76919.05,1777323726000
1777323728.239,128.239,0.19,0.2,0.8,0.81,0.01,0.01,76919.05,1777323727000
1777323728.599,128.599,0.19,0.2,0.8,0.81,0.01,0.01,76919.05,1777323727000
1777323729.178,129.178,0.19,0.2,0.8,0.81,0.01,0.01,76919.05,1777323728000
1777323729.573,129.573,0.17,0.19,0.8,0.81,0.02,0.01,76919.05,1777323728000
1777323730.187,130.187,0.17,0.18,0.82,0.83,0.01,0.01,76919.05,1777323729000
1777323730.929,130.929,0.16,0.17,0.82,0.83,0.01,0.01,76919.05,1777323729000
1777323731.748,131.748,0.16,0.17,0.83,0.84,0.01,0.01,76919.05,1777323730000
1777323732.236,132.236,0.16,0.17,0.83,0.84,0.01,0.01,76919.05,1777323731000
1777323732.654,132.654,0.16,0.17,0.83,0.84,0.01,0.01,76919.05,1777323731000
1777323733.506,133.506,0.16,0.17,0.83,0.84,0.01,0.01,76919.05,1777323732000
1777323733.964,133.964,0.16,0.17,0.83,0.84,0.01,0.01,76919.05,1777323733000
1777323734.495,134.495,0.16,0.17,0.83,0.84,0.01,0.01,76919.05,1777323733000
1777323734.857,134.857,0.16,0.19,0.83,0.84,0.03,0.01,76919.05,1777323733000
1777323735.233,135.233,0.19,0.2,0.8,0.81,0.01,0.01,76919.05,1777323734000
1777323735.795,135.795,0.2,0.21,0.79,0.8,0.01,0.01,76919.05,1777323734000
1777323736.166,136.166,0.2,0.21,0.79,0.8,0.01,0.01,76919.05,1777323734000
1777323736.521,136.521,0.2,0.21,0.79,0.8,0.01,0.01,76919.05,1777323735000
1777323736.971,136.971,0.2,0.21,0.79,0.8,0.01,0.01,76919.05,1777323735000
1777323737.378,137.378,0.2,0.21,0.79,0.8,0.01,0.01,76919.05,1777323735000
1777323737.742,137.742,0.21,0.22,0.79,0.8,0.01,0.01,76920.89,1777323736000
1777323738.172,138.172,0.21,0.22,0.78,0.79,0.01,0.01,76921.25,1777323737000
1777323738.825,138.825,0.21,0.22,0.78,0.79,0.01,0.01,76921.25,1777323737000
1777323739.863,139.863,0.21,0.22,0.78,0.79,0.01,0.01,76921.37,1777323738000
1777323740.276,140.276,0.21,0.22,0.78,0.79,0.01,0.01,76921.37,1777323738000
1777323740.616,140.616,0.21,0.22,0.78,0.79,0.01,0.01,76921.95,1777323739000
1777323741.094,141.094,0.21,0.22,0.78,0.79,0.01,0.01,76921.95,1777323739000
1777323741.526,141.526,0.21,0.22,0.78,0.79,0.01,0.01,76921.91,1777323740000
1777323741.973,141.973,0.21,0.22,0.78,0.79,0.01,0.01,76921.91,1777323740000
1777323742.426,142.426,0.21,0.22,0.78,0.79,0.01,0.01,76921.99,1777323741000
1777323742.773,142.773,0.21,0.22,0.78,0.79,0.01,0.01,76921.99,1777323741000
1777323743.114,143.114,0.21,0.22,0.78,0.79,0.01,0.01,76922.6,1777323742000
1777323743.621,143.621,0.21,0.22,0.78,0.79,0.01,0.01,76922.6,1777323742000
1777323744.072,144.072,0.21,0.22,0.78,0.79,0.01,0.01,76923.8,1777323743000
1777323744.584,144.584,0.21,0.28,0.78,0.79,0.07,0.01,76923.8,1777323743000
1777323745.106,145.106,0.21,0.22,0.78,0.79,0.01,0.01,76924.5,1777323744000
1777323745.449,145.449,0.24,0.25,0.75,0.76,0.01,0.01,76924.5,1777323744000
1777323745.838,145.838,0.24,0.25,0.75,0.76,0.01,0.01,76924.5,1777323744000
1777323746.284,146.284,0.24,0.25,0.75,0.76,0.01,0.01,76924.5,1777323744000
1777323746.651,146.651,0.24,0.25,0.75,0.76,0.01,0.01,76924.5,1777323744000
1777323747.231,147.231,0.22,0.23,0.75,0.78,0.01,0.03,76924.54,1777323745000
1777323747.678,147.678,0.22,0.23,0.77,0.78,0.01,0.01,76924.86,1777323746000
1777323748.174,148.174,0.22,0.23,0.77,0.78,0.01,0.01,76924.86,1777323746000
1777323748.76,148.76,0.22,0.23,0.77,0.78,0.01,0.01,76924.5,1777323747000
1777323749.347,149.347,0.22,0.23,0.77,0.78,0.01,0.01,76922.14,1777323748000
1777323749.693,149.693,0.2,0.21,0.79,0.8,0.01,0.01,76922.14,1777323748000
1777323750.079,150.079,0.19,0.21,0.79,0.8,0.02,0.01,76922.14,1777323749000
1777323750.552,150.552,0.18,0.2,0.8,0.81,0.02,0.01,76922.14,1777323749000
1777323750.898,150.898,0.18,0.19,0.81,0.82,0.01,0.01,76919.49,1777323750000
1777323751.235,151.235,0.17,0.18,0.82,0.83,0.01,0.01,76919.49,1777323750000
1777323751.761,151.761,0.17,0.18,0.82,0.83,0.01,0.01,76919.49,1777323750000
1777323752.208,152.208,0.17,0.18,0.82,0.83,0.01,0.01,76922.14,1777323751000
1777323752.657,152.657,0.17,0.18,0.82,0.83,0.01,0.01,76922.14,1777323751000
1777323753.037,153.037,0.17,0.18,0.82,0.83,0.01,0.01,76922.14,1777323752000
1777323753.497,153.497,0.17,0.18,0.82,0.83,0.01,0.01,76922.14,1777323752000
1777323753.989,153.989,0.17,0.18,0.82,0.83,0.01,0.01,76922.14,1777323752000
1777323754.759,154.759,0.17,0.18,0.82,0.83,0.01,0.01,76921.98,1777323753000
1777323755.122,155.122,0.17,0.18,0.82,0.84,0.01,0.02,76922.03,1777323754000
1777323755.568,155.568,0.17,0.18,0.82,0.83,0.01,0.01,76922.03,1777323754000
1777323756.021,156.021,0.17,0.18,0.82,0.83,0.01,0.01,76918.95,1777323755000
1777323756.408,156.408,0.17,0.18,0.82,0.83,0.01,0.01,76918.95,1777323755000
1777323756.784,156.784,0.16,0.18,0.82,0.83,0.02,0.01,76918.95,1777323755000
1777323757.391,157.391,0.16,0.17,0.83,0.84,0.01,0.01,76918.96,1777323756000
1777323757.983,157.983,0.16,0.17,0.83,0.84,0.01,0.01,76918.96,1777323756000
1777323758.421,158.421,0.15,0.16,0.83,0.85,0.01,0.02,76918.96,1777323757000
1777323759.019,159.019,0.15,0.16,0.84,0.85,0.01,0.01,76918.96,1777323757000
1777323759.405,159.405,0.15,0.16,0.84,0.85,0.01,0.01,76918.96,1777323758000
1777323760.095,160.095,0.15,0.16,0.84,0.85,0.01,0.01,76918.96,1777323758000
1777323760.68,160.68,0.15,0.16,0.84,0.85,0.01,0.01,76918.97,1777323759000
1777323761.258,161.258,0.15,0.16,0.84,0.85,0.01,0.01,76918.97,1777323759000
1777323761.615,161.615,0.15,0.16,0.84,0.85,0.01,0.01,76918.97,1777323760000
1777323762.12,162.12,0.15,0.18,0.84,0.85,0.03,0.01,76918.97,1777323760000
1777323762.455,162.455,0.15,0.16,0.84,0.85,0.01,0.01,76918.97,1777323761000
1777323762.872,162.872,0.16,0.17,0.83,0.84,0.01,0.01,76918.97,1777323761000
1777323763.446,163.446,0.16,0.17,0.83,0.84,0.01,0.01,76918.97,1777323761000
1777323763.957,163.957,0.16,0.17,0.83,0.84,0.01,0.01,76918.97,1777323762000
1777323764.415,164.415,0.16,0.17,0.83,0.84,0.01,0.01,76918.97,1777323763000
1777323765.189,165.189,0.16,0.17,0.83,0.84,0.01,0.01,76918.97,1777323764000
1777323765.635,165.635,0.16,0.2,0.83,0.84,0.04,0.01,76918.97,1777323764000
1777323766.376,166.376,0.16,0.2,0.8,0.84,0.04,0.04,76918.6,1777323765000
1777323766.909,166.909,0.16,0.2,0.8,0.84,0.04,0.04,76918.6,1777323766000
1777323767.78,167.78,0.17,0.18,0.82,0.83,0.01,0.01,76918.6,1777323766000
1777323768.182,168.182,0.17,0.18,0.82,0.83,0.01,0.01,76918.58,1777323767000
1777323769.325,169.325,0.17,0.18,0.82,0.83,0.01,0.01,76918.59,1777323768000
1777323770.287,170.287,0.17,0.18,0.82,0.83,0.01,0.01,76918.59,1777323768000
1777323770.915,170.915,0.17,0.18,0.82,0.83,0.01,0.01,76918.8,1777323770000
1777323771.562,171.562,0.17,0.18,0.82,0.83,0.01,0.01,76918.8,1777323770000
1777323771.994,171.994,0.17,0.18,0.82,0.83,0.01,0.01,76918.91,1777323771000
1777323772.487,172.487,0.17,0.18,0.82,0.83,0.01,0.01,76918.91,1777323771000
1777323772.925,172.925,0.17,0.18,0.82,0.83,0.01,0.01,76918.91,1777323771000
1777323773.363,173.363,0.17,0.18,0.82,0.83,0.01,0.01,76918.91,1777323771000
1777323773.75,173.75,0.17,0.18,0.82,0.83,0.01,0.01,76918.8,1777323772000
1777323774.355,174.355,0.17,0.18,0.82,0.83,0.01,0.01,76918.81,1777323773000
1777323775.284,175.284,0.17,0.18,0.82,0.83,0.01,0.01,76918.83,1777323774000
1777323775.649,175.649,0.17,0.18,0.82,0.83,0.01,0.01,76918.83,1777323774000
1777323776.283,176.283,0.17,0.18,0.82,0.83,0.01,0.01,76918.83,1777323774000
1777323776.659,176.659,0.17,0.18,0.82,0.83,0.01,0.01,76918.86,1777323775000
1777323777.276,177.276,0.17,0.18,0.82,0.83,0.01,0.01,76918.86,1777323775000
1777323777.829,177.829,0.16,0.17,0.83,0.84,0.01,0.01,76918.94,1777323776000
1777323778.194,178.194,0.15,0.16,0.83,0.84,0.01,0.01,76918.94,1777323776000
1777323778.609,178.609,0.15,0.16,0.84,0.85,0.01,0.01,76921.62,1777323777000
1777323778.972,178.972,0.15,0.16,0.84,0.85,0.01,0.01,76921.62,1777323777000
1777323779.364,179.364,0.15,0.16,0.84,0.85,0.01,0.01,76921.62,1777323777000
1777323779.822,179.822,0.15,0.16,0.84,0.85,0.01,0.01,76919.83,1777323778000
1777323780.384,180.384,0.14,0.15,0.84,0.85,0.01,0.01,76919.83,1777323778000
1777323780.728,180.728,0.14,0.15,0.85,0.86,0.01,0.01,76919.58,1777323779000
1777323781.152,181.152,0.14,0.15,0.85,0.86,0.01,0.01,76919.67,1777323780000
1777323781.544,181.544,0.14,0.15,0.85,0.86,0.01,0.01,76919.67,1777323780000
1777323781.877,181.877,0.13,0.15,0.85,0.86,0.02,0.01,76919.67,1777323780000
1777323782.558,182.558,0.13,0.14,0.85,0.87,0.01,0.02,76919.71,1777323781000
1777323782.964,182.964,0.13,0.14,0.86,0.87,0.01,0.01,76919.71,1777323781000
1777323783.313,183.313,0.13,0.14,0.86,0.87,0.01,0.01,76919.79,1777323782000
1777323783.846,183.846,0.13,0.14,0.86,0.87,0.01,0.01,76919.79,1777323782000
1777323784.225,184.225,0.13,0.14,0.86,0.87,0.01,0.01,76919.51,1777323783000
1777323784.828,184.828,0.13,0.14,0.86,0.87,0.01,0.01,76919.51,1777323783000
1777323785.214,185.214,0.13,0.14,0.86,0.87,0.01,0.01,76919.74,1777323784000
1777323785.602,185.602,0.13,0.17,0.86,0.87,0.04,0.01,76919.74,1777323784000
1777323786.011,186.011,0.13,0.14,0.86,0.87,0.01,0.01,76919.74,1777323784000
1777323786.347,186.347,0.13,0.14,0.86,0.87,0.01,0.01,76919.94,1777323785000
1777323786.782,186.782,0.13,0.14,0.86,0.87,0.01,0.01,76919.94,1777323785000
1777323787.125,187.125,0.13,0.14,0.86,0.87,0.01,0.01,76919.94,1777323785000
1777323787.489,187.489,0.13,0.14,0.86,0.87,0.01,0.01,76919.94,1777323786000
1777323787.823,187.823,0.13,0.14,0.86,0.87,0.01,0.01,76919.94,1777323786000
1777323788.301,188.301,0.13,0.14,0.86,0.87,0.01,0.01,76919.95,1777323787000
1777323788.879,188.879,0.13,0.14,0.86,0.87,0.01,0.01,76919.95,1777323787000
1777323789.227,189.227,0.13,0.14,0.86,0.87,0.01,0.01,76919.95,1777323787000
1777323789.664,189.664,0.12,0.14,0.86,0.88,0.02,0.02,76919.95,1777323787000
1777323790.025,190.025,0.12,0.14,0.86,0.88,0.02,0.02,76919.94,1777323788000
1777323790.452,190.452,0.12,0.13,0.87,0.88,0.01,0.01,76919.94,1777323788000
1777323791.126,191.126,0.12,0.13,0.87,0.88,0.01,0.01,76919.94,1777323788000
1777323791.796,191.796,0.12,0.13,0.87,0.88,0.01,0.01,76919.63,1777323789000
1777323792.231,192.231,0.12,0.13,0.87,0.88,0.01,0.01,76919.63,1777323789000
1777323792.64,192.64,0.12,0.13,0.87,0.88,0.01,0.01,76919.63,1777323789000
1777323793.385,193.385,0.12,0.13,0.87,0.88,0.01,0.01,76919.61,1777323790000
1777323793.829,193.829,0.12,0.13,0.87,0.88,0.01,0.01,76919.79,1777323792000
1777323794.43,194.43,0.11,0.13,0.87,0.88,0.02,0.01,76919.79,1777323792000
1777323794.872,194.872,0.12,0.13,0.87,0.89,0.01,0.02,76919.79,1777323792000
1777323795.28,195.28,0.11,0.12,0.87,0.89,0.01,0.02,76919.79,1777323792000
1777323795.993,195.993,0.11,0.12,0.88,0.89,0.01,0.01,76919.95,1777323793000
1777323796.521,196.521,0.11,0.12,0.88,0.89,0.01,0.01,76919.95,1777323793000
1777323797.02,197.02,0.11,0.12,0.88,0.89,0.01,0.01,76919.78,1777323795000
1777323797.404,197.404,0.12,0.13,0.87,0.89,0.01,0.02,76919.78,1777323795000
1777323797.933,197.933,0.12,0.13,0.87,0.88,0.01,0.01,76919.78,1777323795000
1777323798.318,198.318,0.12,0.13,0.87,0.88,0.01,0.01,76919.28,1777323796000
1777323798.809,198.809,0.12,0.13,0.87,0.88,0.01,0.01,76919.28,1777323796000
1777323799.32,199.32,0.11,0.12,0.88,0.89,0.01,0.01,76919.22,1777323797000
1777323800.207,200.207,0.11,0.12,0.88,0.89,0.01,0.01,76919.22,1777323797000
1777323800.818,200.818,0.11,0.12,0.88,0.89,0.01,0.01,76919.24,1777323798000
1777323801.222,201.222,0.11,0.12,0.88,0.89,0.01,0.01,76919.24,1777323798000
1777323801.72,201.72,0.1,0.11,0.89,0.9,0.01,0.01,76918.1,1777323800000
1777323802.137,202.137,0.1,0.11,0.89,0.9,0.01,0.01,76918.1,1777323800000
1777323802.476,202.476,0.1,0.11,0.89,0.9,0.01,0.01,76918.1,1777323800000
1777323802.885,202.885,0.1,0.11,0.89,0.9,0.01,0.01,76919.64,1777323801000
1777323803.702,203.702,0.1,0.11,0.89,0.9,0.01,0.01,76919.64,1777323801000
1777323804.335,204.335,0.1,0.11,0.89,0.9,0.01,0.01,76919.77,1777323802000
1777323804.82,204.82,0.1,0.11,0.89,0.9,0.01,0.01,76919.72,1777323803000
1777323805.723,205.723,0.1,0.11,0.89,0.9,0.01,0.01,76919.72,1777323803000
1777323806.435,206.435,0.1,0.11,0.89,0.9,0.01,0.01,76919.68,1777323804000
1777323806.918,206.918,0.1,0.11,0.89,0.9,0.01,0.01,76919.72,1777323805000
1777323807.59,207.59,0.1,0.11,0.89,0.9,0.01,0.01,76919.87,1777323806000
1777323808.234,208.234,0.11,0.12,0.88,0.9,0.01,0.02,76919.87,1777323806000
1777323808.741,208.741,0.11,0.12,0.88,0.89,0.01,0.01,76919.88,1777323807000
1777323809.141,209.141,0.11,0.12,0.88,0.89,0.01,0.01,76919.88,1777323807000
1777323809.567,209.567,0.11,0.12,0.88,0.89,0.01,0.01,76920.01,1777323808000
1777323809.932,209.932,0.11,0.12,0.88,0.89,0.01,0.01,76920.01,1777323808000
1777323810.426,210.426,0.11,0.12,0.88,0.89,0.01,0.01,76920.01,1777323808000
1777323810.839,210.839,0.11,0.12,0.88,0.89,0.01,0.01,76920.02,1777323809000
1777323811.207,211.207,0.11,0.12,0.88,0.89,0.01,0.01,76920.03,1777323810000
1777323811.63,211.63,0.11,0.12,0.88,0.89,0.01,0.01,76920.03,1777323810000
1777323812.181,212.181,0.11,0.12,0.88,0.89,0.01,0.01,76920.03,1777323810000
1777323812.722,212.722,0.11,0.12,0.88,0.89,0.01,0.01,76920.04,1777323811000
1777323813.11,213.11,0.11,0.12,0.88,0.89,0.01,0.01,76920.04,1777323811000
1777323813.447,213.447,0.11,0.12,0.88,0.89,0.01,0.01,76920.04,1777323812000
1777323813.799,213.799,0.11,0.12,0.88,0.89,0.01,0.01,76920.04,1777323812000
1777323814.205,214.205,0.11,0.12,0.88,0.89,0.01,0.01,76920.04,1777323813000
1777323814.767,214.767,0.13,0.14,0.88,0.89,0.01,0.01,76920.04,1777323813000
1777323815.118,215.118,0.13,0.14,0.86,0.87,0.01,0.01,76920.04,1777323813000
1777323815.464,215.464,0.14,0.15,0.85,0.86,0.01,0.01,76920.04,1777323813000
1777323815.807,215.807,0.17,0.25,0.75,0.84,0.08,0.09,76920.04,1777323813000
1777323816.141,216.141,0.18,0.19,0.81,0.82,0.01,0.01,76920.05,1777323814000
1777323816.49,216.49,0.27,0.28,0.72,0.73,0.01,0.01,76920.05,1777323815000
1777323816.863,216.863,0.22,0.26,0.73,0.78,0.04,0.05,76920.05,1777323815000
1777323817.305,217.305,0.23,0.24,0.76,0.77,0.01,0.01,76920.05,1777323816000
1777323817.643,217.643,0.22,0.23,0.77,0.78,0.01,0.01,76920.05,1777323816000
1777323818.03,218.03,0.21,0.22,0.78,0.79,0.01,0.01,76920.05,1777323816000
1777323818.427,218.427,0.2,0.22,0.78,0.79,0.02,0.01,76920.05,1777323816000
1777323818.844,218.844,0.2,0.21,0.79,0.8,0.01,0.01,76920.05,1777323817000
1777323819.301,219.301,0.2,0.21,0.79,0.8,0.01,0.01,76920.05,1777323817000
1777323819.653,219.653,0.2,0.21,0.79,0.8,0.01,0.01,76920.05,1777323818000
1777323820.113,220.113,0.19,0.2,0.8,0.81,0.01,0.01,76920.05,1777323818000
1777323820.542,220.542,0.19,0.2,0.8,0.81,0.01,0.01,76920.05,1777323819000
1777323821.018,221.018,0.21,0.22,0.57,0.8,0.01,0.23,76920.05,1777323819000
1777323821.354,221.354,0.25,0.29,0.71,0.75,0.04,0.04,76920.05,1777323819000
1777323821.747,221.747,0.27,0.28,0.72,0.73,0.01,0.01,76920.05,1777323820000
1777323822.095,222.095,0.37,0.38,0.61,0.63,0.01,0.02,76920.05,1777323820000
1777323822.44,222.44,0.34,0.35,0.65,0.66,0.01,0.01,76920.05,1777323821000
1777323822.884,222.884,0.3,0.32,0.68,0.69,0.02,0.01,76920.05,1777323821000
1777323823.287,223.287,0.28,0.31,0.69,0.7,0.03,0.01,76920.05,1777323821000
1777323823.645,223.645,0.3,0.31,0.69,0.7,0.01,0.01,76920.05,1777323821000
1777323823.989,223.989,0.22,0.27,0.73,0.74,0.05,0.01,76920.05,1777323822000
1777323824.334,224.334,0.23,0.45,0.76,0.77,0.22,0.01,76920.05,1777323822000
1777323824.693,224.693,0.22,0.23,0.77,0.78,0.01,0.01,76920.06,1777323823000
1777323825.073,225.073,0.22,0.23,0.77,0.78,0.01,0.01,76920.06,1777323823000
1777323825.418,225.418,0.22,0.23,0.77,0.78,0.01,0.01,76920.06,1777323823000
1777323825.782,225.782,0.23,0.24,0.76,0.77,0.01,0.01,76920.05,1777323824000
1777323826.121,226.121,0.24,0.25,0.75,0.77,0.01,0.02,76919.93,1777323825000
1777323826.537,226.537,0.23,0.24,0.76,0.78,0.01,0.02,76919.93,1777323825000
1777323826.896,226.896,0.23,0.24,0.76,0.77,0.01,0.01,76919.93,1777323825000
1777323827.294,227.294,0.23,0.24,0.76,0.77,0.01,0.01,76919.93,1777323825000
1777323827.645,227.645,0.23,0.42,0.76,0.77,0.19,0.01,76919.93,1777323825000
1777323827.986,227.986,0.28,0.29,0.71,0.72,0.01,0.01,76920.05,1777323826000
1777323828.382,228.382,0.25,0.27,0.72,0.74,0.02,0.02,76920.05,1777323826000
1777323828.723,228.723,0.24,0.25,0.74,0.77,0.01,0.03,76920.03,1777323827000
1777323829.078,229.078,0.18,0.25,0.75,0.82,0.07,0.07,76920.03,1777323827000
1777323829.416,229.416,0.21,0.22,0.78,0.79,0.01,0.01,76920.03,1777323828000
1777323829.862,229.862,0.23,0.24,0.77,0.78,0.01,0.01,76920.03,1777323828000
1777323830.568,230.568,0.23,0.24,0.76,0.77,0.01,0.01,76920.03,1777323828000
1777323830.972,230.972,0.23,0.24,0.76,0.77,0.01,0.01,76920.03,1777323829000
1777323831.378,231.378,0.21,0.22,0.77,0.79,0.01,0.02,76920.03,1777323829000
1777323831.771,231.771,0.21,0.22,0.78,0.79,0.01,0.01,76920.03,1777323830000
1777323832.105,232.105,0.21,0.22,0.78,0.79,0.01,0.01,76920.03,1777323830000
1777323832.457,232.457,0.15,0.16,0.84,0.85,0.01,0.01,76920.03,1777323831000
1777323832.799,232.799,0.15,0.16,0.84,0.85,0.01,0.01,76920.03,1777323831000
1777323833.154,233.154,0.15,0.16,0.84,0.85,0.01,0.01,76920.03,1777323832000
1777323833.522,233.522,0.15,0.16,0.84,0.85,0.01,0.01,76920.03,1777323832000
1777323833.856,233.856,0.15,0.16,0.84,0.85,0.01,0.01,76920.03,1777323832000
1777323834.196,234.196,0.15,0.16,0.84,0.85,0.01,0.01,76920.03,1777323832000
1777323834.545,234.545,0.13,0.14,0.84,0.88,0.01,0.04,76920.03,1777323832000
1777323834.904,234.904,0.13,0.14,0.86,0.87,0.01,0.01,76920.03,1777323832000
1777323835.239,235.239,0.13,0.14,0.86,0.87,0.01,0.01,76916.38,1777323834000
1777323835.595,235.595,0.13,0.14,0.86,0.87,0.01,0.01,76916.38,1777323834000
1777323835.946,235.946,0.14,0.15,0.85,0.86,0.01,0.01,76916.38,1777323834000
1777323836.28,236.28,0.14,0.15,0.85,0.86,0.01,0.01,76915.48,1777323835000
1777323836.626,236.626,0.14,0.15,0.85,0.86,0.01,0.01,76915.48,1777323835000
1777323837.021,237.021,0.16,0.17,0.83,0.84,0.01,0.01,76915.48,1777323835000
1777323837.41,237.41,0.22,0.23,0.76,0.78,0.01,0.02,76912.0,1777323836000
1777323837.75,237.75,0.18,0.19,0.81,0.82,0.01,0.01,76912.0,1777323836000
1777323838.084,238.084,0.2,0.23,0.79,0.8,0.03,0.01,76912.0,1777323836000
1777323838.423,238.423,0.18,0.19,0.8,0.82,0.01,0.02,76911.87,1777323837000
1777323838.814,238.814,0.15,0.16,0.83,0.85,0.01,0.02,76911.87,1777323837000
1777323839.168,239.168,0.13,0.14,0.86,0.87,0.01,0.01,76911.87,1777323837000
1777323839.556,239.556,0.11,0.12,0.87,0.9,0.01,0.03,76911.87,1777323838000
1777323839.91,239.91,0.1,0.11,0.89,0.9,0.01,0.01,76911.87,1777323838000
1777323840.272,240.272,0.09,0.1,0.9,0.91,0.01,0.01,76911.88,1777323839000
1777323840.616,240.616,0.09,0.1,0.9,0.91,0.01,0.01,76911.88,1777323839000
1777323840.969,240.969,0.09,0.1,0.9,0.91,0.01,0.01,76911.88,1777323839000
1777323841.365,241.365,0.1,0.15,0.85,0.9,0.05,0.05,76911.88,1777323840000
1777323841.771,241.771,0.13,0.14,0.86,0.87,0.01,0.01,76911.88,1777323840000
1777323842.188,242.188,0.13,0.14,0.86,0.87,0.01,0.01,76911.88,1777323840000
1777323842.582,242.582,0.1,0.14,0.86,0.87,0.04,0.01,76911.89,1777323841000
1777323843.031,243.031,0.11,0.12,0.88,0.89,0.01,0.01,76911.89,1777323842000
1777323843.412,243.412,0.11,0.12,0.88,0.89,0.01,0.01,76911.89,1777323842000
1777323843.824,243.824,0.12,0.13,0.87,0.88,0.01,0.01,76911.89,1777323842000
1777323844.278,244.278,0.11,0.13,0.87,0.88,0.02,0.01,76912.01,1777323843000
1777323844.703,244.703,0.11,0.12,0.88,0.89,0.01,0.01,76912.01,1777323843000
1777323845.047,245.047,0.11,0.12,0.88,0.89,0.01,0.01,76911.3,1777323844000
1777323845.607,245.607,0.12,0.13,0.87,0.89,0.01,0.02,76911.3,1777323844000
1777323845.978,245.978,0.12,0.13,0.87,0.88,0.01,0.01,76912.02,1777323845000
1777323846.357,246.357,0.12,0.13,0.87,0.88,0.01,0.01,76912.02,1777323845000
1777323846.692,246.692,0.12,0.13,0.87,0.88,0.01,0.01,76912.02,1777323845000
1777323847.029,247.029,0.12,0.13,0.87,0.89,0.01,0.02,76912.02,1777323845000
1777323847.367,247.367,0.12,0.13,0.87,0.88,0.01,0.01,76912.02,1777323846000
1777323847.726,247.726,0.11,0.13,0.87,0.88,0.02,0.01,76912.02,1777323846000
1777323848.177,248.177,0.11,0.12,0.88,0.89,0.01,0.01,76912.02,1777323846000
1777323848.689,248.689,0.11,0.12,0.88,0.89,0.01,0.01,76912.03,1777323847000
1777323849.07,249.07,0.1,0.11,0.88,0.9,0.01,0.02,76912.03,1777323847000
1777323849.569,249.569,0.11,0.15,0.85,0.9,0.04,0.05,76912.04,1777323848000
1777323850.283,250.283,0.11,0.12,0.88,0.89,0.01,0.01,76912.04,1777323849000
1777323850.669,250.669,0.11,0.12,0.88,0.89,0.01,0.01,76912.04,1777323849000
1777323851.183,251.183,0.11,0.12,0.88,0.89,0.01,0.01,76912.04,1777323849000
1777323851.541,251.541,0.13,0.14,0.86,0.87,0.01,0.01,76912.04,1777323850000
1777323851.946,251.946,0.12,0.14,0.86,0.87,0.02,0.01,76912.04,1777323850000
1777323852.318,252.318,0.12,0.24,0.87,0.88,0.12,0.01,76912.04,1777323851000
1777323852.695,252.695,0.17,0.18,0.81,0.83,0.01,0.02,76912.04,1777323851000
1777323853.068,253.068,0.15,0.16,0.84,0.85,0.01,0.01,76912.04,1777323851000
1777323853.428,253.428,0.14,0.15,0.85,0.86,0.01,0.01,76912.05,1777323852000
1777323853.776,253.776,0.1,0.11,0.89,0.9,0.01,0.01,76912.05,1777323852000
1777323854.129,254.129,0.1,0.11,0.89,0.9,0.01,0.01,76912.05,1777323852000
1777323854.463,254.463,0.1,0.11,0.89,0.9,0.01,0.01,76912.05,1777323853000
1777323855.03,255.03,0.09,0.1,0.89,0.91,0.01,0.02,76912.05,1777323853000
1777323855.394,255.394,0.09,0.1,0.9,0.91,0.01,0.01,76912.05,1777323853000
1777323855.753,255.753,0.08,0.09,0.91,0.92,0.01,0.01,76908.12,1777323854000
1777323856.09,256.09,0.08,0.09,0.91,0.92,0.01,0.01,76905.99,1777323855000
1777323856.479,256.479,0.08,0.09,0.91,0.92,0.01,0.01,76905.99,1777323855000
1777323856.871,256.871,0.09,0.1,0.9,0.92,0.01,0.02,76905.99,1777323855000
1777323857.28,257.28,0.07,0.08,0.92,0.93,0.01,0.01,76904.97,1777323856000
1777323857.659,257.659,0.08,0.09,0.91,0.93,0.01,0.02,76904.97,1777323856000
1777323858.05,258.05,0.06,0.08,0.93,0.94,0.02,0.01,76904.97,1777323856000
1777323858.463,258.463,0.07,0.08,0.92,0.93,0.01,0.01,76904.68,1777323857000
1777323859.084,259.084,0.06,0.07,0.92,0.94,0.01,0.02,76904.68,1777323857000
1777323859.439,259.439,0.06,0.08,0.93,0.94,0.02,0.01,76904.68,1777323857000
1777323860.023,260.023,0.06,0.07,0.93,0.94,0.01,0.01,76904.76,1777323858000
1777323860.52,260.52,0.05,0.06,0.94,0.95,0.01,0.01,76904.76,1777323859000
1777323860.853,260.853,0.05,0.06,0.94,0.95,0.01,0.01,76904.76,1777323859000
1777323861.19,261.19,0.05,0.06,0.94,0.95,0.01,0.01,76904.76,1777323860000
1777323861.561,261.561,0.05,0.06,0.94,0.95,0.01,0.01,76904.76,1777323860000
1777323862.214,262.214,0.05,0.06,0.94,0.95,0.01,0.01,76904.76,1777323860000
1777323862.597,262.597,0.05,0.06,0.94,0.95,0.01,0.01,76900.76,1777323861000
1777323863.027,263.027,0.05,0.06,0.94,0.95,0.01,0.01,76900.76,1777323861000
1777323863.629,263.629,0.05,0.06,0.94,0.95,0.01,0.01,76900.68,1777323862000
1777323864.122,264.122,0.04,0.05,0.94,0.95,0.01,0.01,76900.68,1777323862000
1777323864.483,264.483,0.03,0.04,0.95,0.97,0.01,0.02,76900.72,1777323863000
1777323864.848,264.848,0.03,0.04,0.96,0.97,0.01,0.01,76900.72,1777323864000
1777323865.362,265.362,0.03,0.04,0.96,0.97,0.01,0.01,76900.72,1777323864000
1777323865.748,265.748,0.04,0.05,0.95,0.97,0.01,0.02,76900.72,1777323864000
1777323866.434,266.434,0.03,0.04,0.96,0.97,0.01,0.01,76901.32,1777323865000
1777323866.906,266.906,0.03,0.04,0.96,0.97,0.01,0.01,76901.32,1777323865000
1777323867.291,267.291,0.04,0.05,0.95,0.96,0.01,0.01,76900.74,1777323866000
1777323867.629,267.629,0.03,0.04,0.96,0.97,0.01,0.01,76900.74,1777323866000
1777323867.999,267.999,0.02,0.05,0.95,0.97,0.03,0.02,76900.74,1777323867000
1777323868.523,268.523,0.04,0.05,0.95,0.96,0.01,0.01,76900.74,1777323867000
1777323868.924,268.924,0.03,0.05,0.95,0.97,0.02,0.02,76900.74,1777323867000
1777323869.55,269.55,0.02,0.03,0.97,0.98,0.01,0.01,76902.85,1777323868000
1777323869.903,269.903,0.02,0.03,0.97,0.98,0.01,0.01,76902.85,1777323868000
1777323870.417,270.417,0.02,0.03,0.97,0.98,0.01,0.01,76904.76,1777323869000
1777323870.793,270.793,0.02,0.03,0.97,0.98,0.01,0.01,76904.76,1777323869000
1777323871.141,271.141,0.02,0.03,0.97,0.98,0.01,0.01,76905.59,1777323870000
1777323871.513,271.513,0.02,0.03,0.97,0.98,0.01,0.01,76905.59,1777323870000
1777323872.021,272.021,0.02,0.03,0.97,0.98,0.01,0.01,76905.69,1777323871000
1777323872.356,272.356,0.01,0.03,0.97,0.98,0.02,0.01,76905.69,1777323871000
1777323872.712,272.712,0.01,0.02,0.98,0.99,0.01,0.01,76905.69,1777323871000
1777323873.077,273.077,0.04,0.05,0.94,0.99,0.01,0.05,76905.27,1777323872000
1777323873.413,273.413,0.04,0.05,0.95,0.96,0.01,0.01,76905.27,1777323872000
1777323873.765,273.765,0.03,0.04,0.96,0.97,0.01,0.01,76905.27,1777323872000
1777323874.098,274.098,0.02,0.03,0.96,0.97,0.01,0.01,76905.28,1777323873000
1777323874.463,274.463,0.03,0.04,0.96,0.97,0.01,0.01,76905.28,1777323873000
1777323875.007,275.007,0.01,0.02,0.98,0.99,0.01,0.01,76906.66,1777323874000
1777323875.341,275.341,0.01,0.02,0.98,0.99,0.01,0.01,76906.66,1777323874000
1777323875.845,275.845,0.05,0.06,0.97,0.98,0.01,0.01,76906.66,1777323874000
1777323876.233,276.233,0.05,0.06,0.94,0.95,0.01,0.01,76906.66,1777323874000
1777323876.584,276.584,0.05,0.06,0.94,0.95,0.01,0.01,76905.18,1777323875000
1777323876.928,276.928,0.05,0.06,0.94,0.95,0.01,0.01,76905.18,1777323875000
1777323877.335,277.335,0.09,0.1,0.9,0.91,0.01,0.01,76905.18,1777323875000
1777323877.893,277.893,0.05,0.08,0.91,0.93,0.03,0.02,76905.4,1777323876000
1777323878.244,278.244,0.06,0.07,0.93,0.94,0.01,0.01,76910.12,1777323877000
1777323878.653,278.653,0.04,0.05,0.94,0.96,0.01,0.02,76910.12,1777323877000
1777323878.99,278.99,0.03,0.05,0.95,0.96,0.02,0.01,76910.12,1777323877000
1777323879.343,279.343,0.01,0.04,0.96,0.97,0.03,0.01,76910.12,1777323877000
1777323879.766,279.766,0.01,0.02,0.98,0.99,0.01,0.01,76911.52,1777323878000
1777323880.148,280.148,0.01,0.02,0.98,0.99,0.01,0.01,76911.52,1777323878000
1777323880.672,280.672,0.01,0.02,0.98,0.99,0.01,0.01,76911.52,1777323879000
1777323881.021,281.021,0.01,0.02,0.98,0.99,0.01,0.01,76911.52,1777323879000
1777323881.434,281.434,0.01,0.02,0.98,0.99,0.01,0.01,76911.52,1777323879000
1777323881.774,281.774,0.01,0.02,0.98,0.99,0.01,0.01,76911.88,1777323880000
1777323882.459,282.459,0.01,0.02,0.98,0.99,0.01,0.01,76911.88,1777323880000
1777323882.999,282.999,0.01,0.02,0.98,0.99,0.01,0.01,76913.99,1777323882000
1777323883.355,283.355,0.01,0.02,0.98,0.99,0.01,0.01,76913.99,1777323882000
1777323883.711,283.711,0.03,0.04,0.96,0.98,0.01,0.02,76913.99,1777323882000
1777323884.076,284.076,0.03,0.04,0.96,0.97,0.01,0.01,76913.99,1777323882000
1777323884.494,284.494,0.03,0.04,0.96,0.97,0.01,0.01,76913.99,1777323882000
1777323884.949,284.949,0.03,0.04,0.96,0.97,0.01,0.01,76916.24,1777323883000
1777323885.35,285.35,0.02,0.04,0.96,0.97,0.02,0.01,76916.24,1777323883000
1777323885.709,285.709,0.02,0.03,0.97,0.99,0.01,0.02,76915.89,1777323884000
1777323886.164,286.164,0.01,0.03,0.97,0.98,0.02,0.01,76915.89,1777323884000
1777323886.556,286.556,0.01,0.03,0.97,0.99,0.02,0.02,76915.89,1777323884000
1777323886.947,286.947,0.02,0.03,0.97,0.98,0.01,0.01,76915.93,1777323885000
1777323887.284,287.284,0.01,0.03,0.97,0.98,0.02,0.01,76915.93,1777323885000
1777323887.834,287.834,0.01,0.03,0.97,0.99,0.02,0.02,76916.02,1777323886000
1777323888.243,288.243,0.02,0.03,0.97,0.98,0.01,0.01,76916.02,1777323886000
1777323888.694,288.694,0.02,0.03,0.97,0.98,0.01,0.01,76916.04,1777323887000
1777323889.169,289.169,0.02,0.03,0.97,0.98,0.01,0.01,76916.04,1777323887000
1777323889.567,289.567,0.02,0.03,0.97,0.98,0.01,0.01,76915.98,1777323888000
1777323889.945,289.945,0.02,0.03,0.97,0.99,0.01,0.02,76915.98,1777323888000
1777323890.329,290.329,0.02,0.03,0.97,0.98,0.01,0.01,76915.99,1777323889000
1777323890.72,290.72,0.01,0.02,0.97,0.99,0.01,0.02,76915.99,1777323889000
1777323891.101,291.101,0.02,0.03,0.97,0.99,0.01,0.02,76915.99,1777323889000
1777323891.498,291.498,0.01,0.03,0.97,0.99,0.02,0.02,76916.04,1777323890000
1777323891.873,291.873,0.01,0.02,0.98,0.99,0.01,0.01,76916.04,1777323890000
1777323892.299,292.299,0.01,0.02,0.98,0.99,0.01,0.01,76916.12,1777323891000
1777323892.632,292.632,0.01,0.02,0.98,0.99,0.01,0.01,76916.12,1777323891000
1777323893.154,293.154,0.01,0.02,0.98,0.99,0.01,0.01,76916.12,1777323891000
1777323893.532,293.532,0.01,0.01,0.99,0.99,0.0,0.0,76916.12,1777323891000
1777323893.886,293.886,0.01,0.02,0.99,0.99,0.01,0.0,76916.25,1777323892000
1777323894.219,294.219,0.01,0.02,0.98,0.99,0.01,0.01,76916.25,1777323892000
1777323894.654,294.654,0.01,0.01,0.99,0.99,0.0,0.0,76916.11,1777323893000
1777323895.038,295.038,0.01,0.01,0.99,0.99,0.0,0.0,76916.11,1777323893000
1777323895.405,295.405,0.01,0.01,0.99,0.99,0.0,0.0,76916.12,1777323894000
1777323895.82,295.82,0.01,0.5,0.99,0.99,0.49,0.0,76916.12,1777323894000
1777323896.204,296.204,0.01,0.02,0.46,0.99,0.01,0.53,76916.12,1777323894000
1777323896.553,296.553,0.01,0.7,0.99,0.99,0.69,0.0,76916.12,1777323895000
1777323896.893,296.893,0.05,0.21,0.79,0.95,0.16,0.16,76916.12,1777323895000
1777323897.269,297.269,0.05,0.07,0.94,0.97,0.02,0.03,76916.13,1777323896000
1777323897.606,297.606,0.03,0.01,0.98,0.97,-0.02,-0.01,76916.13,1777323896000
1777323898.145,298.145,0.03,0.01,0.99,0.97,-0.02,-0.02,76916.13,1777323896000
1777323898.695,298.695,0.03,0.01,0.99,0.97,-0.02,-0.02,76916.16,1777323897000
1777323899.033,299.033,0.03,0.01,0.99,0.97,-0.02,-0.02,76916.16,1777323897000
1777323899.426,299.426,0.03,0.01,0.99,0.97,-0.02,-0.02,76916.16,1777323898000
1777323900.158,300.158,0.03,0.01,0.99,0.97,-0.02,-0.02,76915.8,1777323899000
1777323900.666,300.666,0.03,0.01,0.99,0.97,-0.02,-0.02,76915.8,1777323899000
1777323901.156,301.156,0.03,0.01,0.99,0.97,-0.02,-0.02,76915.8,1777323900000
1777323902.365,302.365,0.03,0.01,0.99,0.97,-0.02,-0.02,76915.73,1777323901000

# RESULT,winner=Down,slug=btc-updown-5m-1777323600,ticks=663
