timestamp,elapsed_sec,up_bid,up_ask,down_bid,down_ask,up_spread,down_spread,btc_price,btc_oracle_ts
1776775500.62,0.62,0.58,0.59,0.41,0.42,0.01,0.01,75859.48,1776775499000
1776775500.967,0.967,0.58,0.6,0.4,0.42,0.02,0.02,75859.48,1776775499000
1776775501.54,1.54,0.58,0.59,0.41,0.42,0.01,0.01,75850.79,1776775500000
1776775502.136,2.136,0.58,0.59,0.41,0.42,0.01,0.01,75853.51,1776775501000
1776775502.523,2.523,0.56,0.59,0.41,0.44,0.03,0.03,75853.51,1776775501000
1776775502.877,2.877,0.54,0.55,0.41,0.44,0.01,0.03,75853.51,1776775501000
1776775503.216,3.216,0.54,0.55,0.45,0.46,0.01,0.01,75847.85,1776775502000
1776775503.556,3.556,0.54,0.55,0.45,0.46,0.01,0.01,75847.85,1776775502000
1776775504.014,4.014,0.54,0.55,0.45,0.46,0.01,0.01,75847.85,1776775502000
1776775504.379,4.379,0.53,0.54,0.46,0.47,0.01,0.01,75843.32,1776775503000
1776775504.792,4.792,0.53,0.54,0.46,0.47,0.01,0.01,75843.32,1776775503000
1776775505.142,5.142,0.53,0.54,0.46,0.47,0.01,0.01,75843.32,1776775503000
1776775505.475,5.475,0.52,0.54,0.46,0.48,0.02,0.02,75834.45,1776775504000
1776775505.837,5.837,0.52,0.54,0.46,0.48,0.02,0.02,75834.45,1776775504000
1776775506.178,6.178,0.52,0.54,0.46,0.47,0.02,0.01,75834.45,1776775504000
1776775506.517,6.517,0.52,0.54,0.46,0.48,0.02,0.02,75822.85,1776775505000
1776775506.857,6.857,0.51,0.53,0.47,0.49,0.02,0.02,75822.85,1776775505000
1776775507.202,7.202,0.51,0.55,0.47,0.49,0.04,0.02,75822.85,1776775505000
1776775507.624,7.624,0.5,0.52,0.48,0.5,0.02,0.02,75816.07,1776775506000
1776775507.971,7.971,0.5,0.52,0.48,0.5,0.02,0.02,75809.36,1776775507000
1776775508.392,8.392,0.5,0.53,0.48,0.5,0.03,0.02,75809.36,1776775507000
1776775508.761,8.761,0.5,0.51,0.49,0.5,0.01,0.01,75809.36,1776775507000
1776775509.234,9.234,0.48,0.51,0.49,0.52,0.03,0.03,75789.57,1776775508000
1776775509.572,9.572,0.48,0.5,0.49,0.52,0.02,0.03,75789.57,1776775508000
1776775510.012,10.012,0.47,0.49,0.51,0.53,0.02,0.02,75789.57,1776775508000
1776775510.373,10.373,0.47,0.52,0.48,0.53,0.05,0.05,75789.57,1776775508000
1776775510.856,10.856,0.45,0.51,0.49,0.55,0.06,0.06,75774.54,1776775509000
1776775511.205,11.205,0.5,0.51,0.49,0.51,0.01,0.02,75774.54,1776775509000
1776775511.582,11.582,0.49,0.5,0.5,0.51,0.01,0.01,75774.54,1776775509000
1776775511.922,11.922,0.44,0.45,0.53,0.56,0.01,0.03,75774.54,1776775509000
1776775512.271,12.271,0.45,0.49,0.51,0.55,0.04,0.04,75774.64,1776775510000
1776775512.636,12.636,0.45,0.46,0.54,0.55,0.01,0.01,75774.69,1776775511000
1776775512.988,12.988,0.45,0.46,0.54,0.55,0.01,0.01,75774.69,1776775511000
1776775513.322,13.322,0.45,0.46,0.54,0.55,0.01,0.01,75774.69,1776775511000
1776775513.672,13.672,0.44,0.45,0.55,0.57,0.01,0.02,75774.69,1776775511000
1776775514.014,14.014,0.43,0.44,0.56,0.57,0.01,0.01,75777.36,1776775512000
1776775514.362,14.362,0.4,0.42,0.58,0.6,0.02,0.02,75777.36,1776775512000
1776775514.71,14.71,0.4,0.41,0.59,0.6,0.01,0.01,75777.36,1776775512000
1776775515.098,15.098,0.4,0.41,0.59,0.6,0.01,0.01,75777.22,1776775513000
1776775517.192,17.192,0.4,0.41,0.59,0.6,0.01,0.01,75777.22,1776775513000
1776775517.661,17.661,0.4,0.41,0.59,0.6,0.01,0.01,75774.82,1776775515000
1776775518.291,18.291,0.4,0.41,0.59,0.6,0.01,0.01,75774.82,1776775515000
1776775518.649,18.649,0.4,0.41,0.59,0.6,0.01,0.01,75774.82,1776775515000
1776775518.985,18.985,0.4,0.41,0.59,0.6,0.01,0.01,75774.82,1776775515000
1776775519.578,19.578,0.4,0.41,0.59,0.6,0.01,0.01,75778.33,1776775516000
1776775519.918,19.918,0.4,0.41,0.59,0.6,0.01,0.01,75778.33,1776775516000
1776775520.277,20.277,0.4,0.41,0.59,0.6,0.01,0.01,75801.91,1776775517000
1776775520.666,20.666,0.4,0.41,0.59,0.6,0.01,0.01,75801.91,1776775517000
1776775521.001,21.001,0.43,0.44,0.56,0.6,0.01,0.04,75819.45,1776775518000
1776775521.343,21.343,0.43,0.49,0.52,0.57,0.06,0.05,75819.45,1776775518000
1776775521.683,21.683,0.43,0.45,0.55,0.57,0.02,0.02,75819.45,1776775518000
1776775522.03,22.03,0.41,0.42,0.58,0.59,0.01,0.01,75814.3,1776775519000
1776775522.365,22.365,0.41,0.44,0.56,0.59,0.03,0.03,75814.3,1776775519000
1776775522.768,22.768,0.36,0.4,0.6,0.62,0.04,0.02,75814.3,1776775519000
1776775523.107,23.107,0.35,0.36,0.64,0.65,0.01,0.01,75814.3,1776775519000
1776775523.466,23.466,0.37,0.4,0.61,0.63,0.03,0.02,75801.05,1776775520000
1776775523.807,23.807,0.37,0.38,0.62,0.63,0.01,0.01,75801.05,1776775520000
1776775524.178,24.178,0.38,0.39,0.61,0.62,0.01,0.01,75789.61,1776775521000
1776775524.546,24.546,0.39,0.4,0.6,0.61,0.01,0.01,75789.61,1776775521000
1776775524.882,24.882,0.39,0.4,0.6,0.61,0.01,0.01,75789.61,1776775521000
1776775525.24,25.24,0.39,0.41,0.59,0.61,0.02,0.02,75782.92,1776775522000
1776775525.575,25.575,0.42,0.44,0.56,0.58,0.02,0.02,75782.92,1776775522000
1776775525.935,25.935,0.43,0.46,0.55,0.57,0.03,0.02,75766.79,1776775523000
1776775526.3,26.3,0.46,0.5,0.47,0.54,0.04,0.07,75766.79,1776775523000
1776775526.635,26.635,0.46,0.49,0.51,0.54,0.03,0.03,75766.79,1776775523000
1776775526.984,26.984,0.47,0.49,0.5,0.53,0.02,0.03,75766.79,1776775523000
1776775527.335,27.335,0.47,0.49,0.51,0.53,0.02,0.02,75766.79,1776775523000
1776775527.686,27.686,0.47,0.48,0.52,0.53,0.01,0.01,75777.31,1776775524000
1776775528.02,28.02,0.47,0.48,0.52,0.53,0.01,0.01,75777.31,1776775524000
1776775528.367,28.367,0.47,0.48,0.52,0.53,0.01,0.01,75789.57,1776775525000
1776775528.705,28.705,0.47,0.48,0.52,0.53,0.01,0.01,75789.57,1776775525000
1776775529.048,29.048,0.47,0.48,0.52,0.53,0.01,0.01,75789.57,1776775525000
1776775529.404,29.404,0.47,0.48,0.52,0.53,0.01,0.01,75789.57,1776775525000
1776775529.741,29.741,0.47,0.48,0.52,0.53,0.01,0.01,75789.57,1776775525000
1776775530.128,30.128,0.46,0.48,0.52,0.54,0.02,0.02,75789.57,1776775525000
1776775530.469,30.469,0.46,0.47,0.53,0.54,0.01,0.01,75810.47,1776775526000
1776775530.839,30.839,0.46,0.47,0.53,0.54,0.01,0.01,75810.47,1776775526000
1776775531.219,31.219,0.46,0.48,0.52,0.54,0.02,0.02,75813.08,1776775527000
1776775531.893,31.893,0.46,0.48,0.52,0.54,0.02,0.02,75812.1,1776775528000
1776775533.438,33.438,0.47,0.48,0.52,0.53,0.01,0.01,75812.1,1776775528000
1776775533.92,33.92,0.47,0.48,0.52,0.53,0.01,0.01,75817.11,1776775529000
1776775534.283,34.283,0.49,0.5,0.5,0.51,0.01,0.01,75817.11,1776775529000
1776775534.674,34.674,0.49,0.5,0.5,0.51,0.01,0.01,75820.79,1776775530000
1776775535.014,35.014,0.49,0.51,0.49,0.51,0.02,0.02,75820.79,1776775530000
1776775535.348,35.348,0.49,0.52,0.48,0.51,0.03,0.03,75820.79,1776775530000
1776775535.75,35.75,0.49,0.55,0.45,0.51,0.06,0.06,75820.79,1776775530000
1776775536.083,36.083,0.48,0.5,0.5,0.52,0.02,0.02,75821.54,1776775531000
1776775536.416,36.416,0.49,0.5,0.5,0.51,0.01,0.01,75821.54,1776775531000
1776775536.753,36.753,0.49,0.5,0.5,0.51,0.01,0.01,75825.1,1776775532000
1776775537.117,37.117,0.49,0.5,0.5,0.51,0.01,0.01,75825.1,1776775532000
1776775537.455,37.455,0.49,0.5,0.5,0.51,0.01,0.01,75825.1,1776775532000
1776775537.795,37.795,0.49,0.5,0.5,0.51,0.01,0.01,75836.01,1776775533000
1776775538.159,38.159,0.5,0.52,0.48,0.5,0.02,0.02,75836.5,1776775534000
1776775538.54,38.54,0.51,0.52,0.48,0.49,0.01,0.01,75836.5,1776775534000
1776775538.873,38.873,0.52,0.55,0.45,0.48,0.03,0.03,75836.5,1776775534000
1776775539.214,39.214,0.55,0.56,0.44,0.45,0.01,0.01,75836.5,1776775534000
1776775539.582,39.582,0.55,0.56,0.44,0.45,0.01,0.01,75832.96,1776775535000
1776775540.02,40.02,0.56,0.57,0.43,0.44,0.01,0.01,75830.87,1776775536000
1776775540.358,40.358,0.56,0.57,0.43,0.44,0.01,0.01,75830.87,1776775536000
1776775540.8,40.8,0.56,0.57,0.43,0.44,0.01,0.01,75830.87,1776775536000
1776775541.168,41.168,0.56,0.57,0.43,0.44,0.01,0.01,75830.87,1776775536000
1776775541.506,41.506,0.56,0.57,0.43,0.44,0.01,0.01,75835.53,1776775537000
1776775541.902,41.902,0.56,0.57,0.43,0.44,0.01,0.01,75835.53,1776775537000
1776775542.245,42.245,0.56,0.57,0.43,0.44,0.01,0.01,75837.09,1776775538000
1776775542.621,42.621,0.56,0.57,0.43,0.44,0.01,0.01,75837.09,1776775538000
1776775543.03,43.03,0.56,0.58,0.42,0.44,0.02,0.02,75837.09,1776775538000
1776775543.398,43.398,0.55,0.56,0.44,0.45,0.01,0.01,75837.09,1776775538000
1776775543.778,43.778,0.55,0.56,0.44,0.45,0.01,0.01,75837.09,1776775538000
1776775544.113,44.113,0.53,0.56,0.44,0.46,0.03,0.02,75843.64,1776775539000
1776775544.448,44.448,0.52,0.56,0.44,0.48,0.04,0.04,75850.37,1776775540000
1776775544.787,44.787,0.5,0.54,0.46,0.5,0.04,0.04,75850.37,1776775540000
1776775545.142,45.142,0.53,0.54,0.46,0.47,0.01,0.01,75850.37,1776775540000
1776775545.528,45.528,0.53,0.54,0.46,0.47,0.01,0.01,75850.37,1776775540000
1776775545.899,45.899,0.53,0.54,0.46,0.47,0.01,0.01,75851.61,1776775541000
1776775546.286,46.286,0.54,0.55,0.46,0.47,0.01,0.01,75851.61,1776775541000
1776775546.635,46.635,0.54,0.55,0.45,0.46,0.01,0.01,75851.97,1776775542000
1776775546.978,46.978,0.54,0.55,0.45,0.46,0.01,0.01,75851.97,1776775542000
1776775547.916,47.916,0.54,0.55,0.45,0.46,0.01,0.01,75851.68,1776775543000
1776775548.293,48.293,0.54,0.57,0.43,0.46,0.03,0.03,75852.01,1776775544000
1776775548.626,48.626,0.55,0.58,0.42,0.45,0.03,0.03,75852.01,1776775544000
1776775549.021,49.021,0.56,0.57,0.43,0.44,0.01,0.01,75852.01,1776775544000
1776775549.355,49.355,0.57,0.58,0.42,0.43,0.01,0.01,75852.01,1776775544000
1776775549.688,49.688,0.57,0.58,0.42,0.43,0.01,0.01,75843.41,1776775545000
1776775550.067,50.067,0.57,0.58,0.42,0.43,0.01,0.01,75843.41,1776775545000
1776775550.497,50.497,0.58,0.59,0.41,0.42,0.01,0.01,75843.41,1776775545000
1776775550.915,50.915,0.58,0.59,0.41,0.42,0.01,0.01,75849.06,1776775546000
1776775551.25,51.25,0.58,0.6,0.4,0.42,0.02,0.02,75849.06,1776775546000
1776775551.588,51.588,0.59,0.6,0.4,0.42,0.01,0.02,75849.06,1776775546000
1776775551.924,51.924,0.59,0.6,0.4,0.41,0.01,0.01,75849.4,1776775547000
1776775552.398,52.398,0.59,0.6,0.4,0.41,0.01,0.01,75849.4,1776775547000
1776775552.805,52.805,0.59,0.6,0.4,0.41,0.01,0.01,75849.4,1776775547000
1776775553.259,53.259,0.59,0.6,0.4,0.41,0.01,0.01,75855.85,1776775549000
1776775553.593,53.593,0.59,0.61,0.39,0.41,0.02,0.02,75855.85,1776775549000
1776775554.094,54.094,0.61,0.63,0.38,0.39,0.02,0.01,75855.85,1776775549000
1776775554.465,54.465,0.62,0.63,0.37,0.38,0.01,0.01,75855.74,1776775550000
1776775554.98,54.98,0.62,0.63,0.37,0.38,0.01,0.01,75855.74,1776775550000
1776775555.369,55.369,0.62,0.63,0.37,0.38,0.01,0.01,75860.11,1776775551000
1776775555.83,55.83,0.62,0.63,0.37,0.38,0.01,0.01,75860.11,1776775551000
1776775556.182,56.182,0.62,0.63,0.37,0.38,0.01,0.01,75860.11,1776775551000
1776775556.527,56.527,0.62,0.63,0.37,0.38,0.01,0.01,75862.56,1776775552000
1776775556.913,56.913,0.58,0.59,0.41,0.42,0.01,0.01,75862.56,1776775552000
1776775557.395,57.395,0.58,0.59,0.41,0.42,0.01,0.01,75864.72,1776775553000
1776775557.728,57.728,0.58,0.59,0.41,0.42,0.01,0.01,75864.72,1776775553000
1776775558.158,58.158,0.58,0.59,0.41,0.42,0.01,0.01,75868.32,1776775554000
1776775558.562,58.562,0.58,0.59,0.41,0.42,0.01,0.01,75868.32,1776775554000
1776775558.896,58.896,0.58,0.59,0.41,0.42,0.01,0.01,75871.21,1776775555000
1776775559.264,59.264,0.58,0.59,0.41,0.42,0.01,0.01,75871.21,1776775555000
1776775559.644,59.644,0.58,0.59,0.41,0.42,0.01,0.01,75871.21,1776775555000
1776775560.235,60.235,0.58,0.59,0.41,0.42,0.01,0.01,75868.31,1776775556000
1776775560.579,60.579,0.58,0.59,0.41,0.42,0.01,0.01,75860.59,1776775557000
1776775560.926,60.926,0.61,0.62,0.38,0.39,0.01,0.01,75860.59,1776775557000
1776775561.325,61.325,0.61,0.62,0.38,0.39,0.01,0.01,75861.45,1776775558000
1776775561.7,61.7,0.61,0.62,0.38,0.39,0.01,0.01,75861.45,1776775558000
1776775562.052,62.052,0.61,0.62,0.38,0.39,0.01,0.01,75861.61,1776775559000
1776775562.478,62.478,0.61,0.62,0.38,0.39,0.01,0.01,75861.61,1776775559000
1776775562.885,62.885,0.61,0.62,0.38,0.39,0.01,0.01,75861.61,1776775559000
1776775563.249,63.249,0.62,0.63,0.37,0.39,0.01,0.02,75859.94,1776775560000
1776775563.774,63.774,0.62,0.63,0.37,0.38,0.01,0.01,75859.94,1776775560000
1776775564.152,64.152,0.56,0.58,0.42,0.44,0.02,0.02,75864.13,1776775561000
1776775564.534,64.534,0.57,0.58,0.42,0.43,0.01,0.01,75868.7,1776775562000
1776775565.005,65.005,0.57,0.58,0.42,0.43,0.01,0.01,75868.7,1776775562000
1776775565.432,65.432,0.56,0.57,0.43,0.44,0.01,0.01,75868.7,1776775562000
1776775565.8,65.8,0.56,0.58,0.43,0.44,0.02,0.01,75869.87,1776775563000
1776775566.26,66.26,0.58,0.59,0.41,0.42,0.01,0.01,75868.72,1776775564000
1776775566.685,66.685,0.58,0.59,0.41,0.42,0.01,0.01,75857.75,1776775565000
1776775567.091,67.091,0.58,0.59,0.41,0.42,0.01,0.01,75857.75,1776775565000
1776775567.485,67.485,0.57,0.59,0.41,0.42,0.02,0.01,75858.03,1776775566000
1776775567.828,67.828,0.57,0.58,0.42,0.43,0.01,0.01,75858.03,1776775566000
1776775568.252,68.252,0.57,0.58,0.42,0.43,0.01,0.01,75857.82,1776775567000
1776775568.589,68.589,0.57,0.59,0.42,0.43,0.02,0.01,75857.82,1776775567000
1776775569.101,69.101,0.57,0.58,0.42,0.43,0.01,0.01,75855.78,1776775568000
1776775569.573,69.573,0.58,0.59,0.42,0.43,0.01,0.01,75855.78,1776775568000
1776775569.997,69.997,0.58,0.59,0.41,0.42,0.01,0.01,75855.78,1776775568000
1776775570.449,70.449,0.58,0.59,0.41,0.42,0.01,0.01,75856.43,1776775569000
1776775570.954,70.954,0.58,0.59,0.41,0.42,0.01,0.01,75856.43,1776775569000
1776775571.32,71.32,0.58,0.59,0.41,0.42,0.01,0.01,75858.32,1776775570000
1776775571.831,71.831,0.58,0.59,0.41,0.42,0.01,0.01,75858.32,1776775570000
1776775572.254,72.254,0.58,0.59,0.41,0.42,0.01,0.01,75858.32,1776775570000
1776775572.602,72.602,0.58,0.6,0.41,0.42,0.02,0.01,75858.32,1776775571000
1776775573.118,73.118,0.59,0.6,0.4,0.41,0.01,0.01,75858.32,1776775571000
1776775573.476,73.476,0.59,0.6,0.4,0.41,0.01,0.01,75857.83,1776775572000
1776775573.912,73.912,0.59,0.6,0.4,0.41,0.01,0.01,75857.83,1776775572000
1776775574.247,74.247,0.6,0.61,0.39,0.41,0.01,0.02,75857.83,1776775573000
1776775574.794,74.794,0.6,0.61,0.39,0.4,0.01,0.01,75857.83,1776775573000
1776775575.251,75.251,0.6,0.61,0.39,0.4,0.01,0.01,75858.05,1776775574000
1776775575.612,75.612,0.62,0.63,0.37,0.39,0.01,0.02,75858.05,1776775574000
1776775576.009,76.009,0.62,0.63,0.37,0.38,0.01,0.01,75858.05,1776775574000
1776775576.499,76.499,0.62,0.63,0.37,0.38,0.01,0.01,75858.05,1776775574000
1776775576.87,76.87,0.62,0.63,0.37,0.38,0.01,0.01,75860.07,1776775575000
1776775577.507,77.507,0.62,0.63,0.37,0.38,0.01,0.01,75864.48,1776775576000
1776775578.014,78.014,0.62,0.63,0.37,0.38,0.01,0.01,75864.48,1776775576000
1776775578.457,78.457,0.62,0.63,0.37,0.38,0.01,0.01,75864.48,1776775576000
1776775578.79,78.79,0.62,0.65,0.35,0.38,0.03,0.03,75868.46,1776775577000
1776775579.297,79.297,0.64,0.66,0.34,0.36,0.02,0.02,75868.46,1776775578000
1776775579.705,79.705,0.64,0.65,0.34,0.36,0.01,0.02,75868.46,1776775578000
1776775580.073,80.073,0.65,0.66,0.34,0.35,0.01,0.01,75868.46,1776775578000
1776775580.448,80.448,0.65,0.66,0.34,0.35,0.01,0.01,75876.39,1776775579000
1776775580.862,80.862,0.65,0.66,0.34,0.35,0.01,0.01,75876.39,1776775579000
1776775581.199,81.199,0.66,0.68,0.33,0.35,0.02,0.02,75876.39,1776775579000
1776775581.533,81.533,0.68,0.69,0.31,0.32,0.01,0.01,75877.98,1776775580000
1776775582.069,82.069,0.69,0.7,0.3,0.31,0.01,0.01,75877.98,1776775580000
1776775582.445,82.445,0.69,0.7,0.3,0.31,0.01,0.01,75877.98,1776775580000
1776775582.84,82.84,0.69,0.7,0.3,0.31,0.01,0.01,75880.23,1776775581000
1776775583.199,83.199,0.72,0.74,0.26,0.28,0.02,0.02,75888.16,1776775582000
1776775583.556,83.556,0.73,0.75,0.25,0.26,0.02,0.01,75888.16,1776775582000
1776775583.891,83.891,0.74,0.75,0.25,0.26,0.01,0.01,75888.16,1776775582000
1776775584.262,84.262,0.72,0.73,0.27,0.28,0.01,0.01,75888.16,1776775582000
1776775585.195,85.195,0.72,0.73,0.27,0.28,0.01,0.01,75904.99,1776775584000
1776775585.677,85.677,0.72,0.73,0.27,0.28,0.01,0.01,75904.99,1776775584000
1776775586.039,86.039,0.72,0.73,0.27,0.28,0.01,0.01,75904.99,1776775584000
1776775586.429,86.429,0.72,0.73,0.27,0.28,0.01,0.01,75904.99,1776775584000
1776775586.845,86.845,0.72,0.73,0.27,0.28,0.01,0.01,75905.53,1776775585000
1776775587.257,87.257,0.72,0.73,0.27,0.28,0.01,0.01,75905.53,1776775585000
1776775587.688,87.688,0.72,0.73,0.27,0.28,0.01,0.01,75905.44,1776775586000
1776775588.024,88.024,0.73,0.74,0.26,0.27,0.01,0.01,75905.44,1776775586000
1776775588.4,88.4,0.73,0.74,0.26,0.27,0.01,0.01,75905.64,1776775587000
1776775588.748,88.748,0.73,0.74,0.26,0.27,0.01,0.01,75905.64,1776775587000
1776775589.275,89.275,0.73,0.74,0.26,0.27,0.01,0.01,75905.64,1776775587000
1776775589.69,89.69,0.72,0.73,0.26,0.27,0.01,0.01,75905.83,1776775588000
1776775590.054,90.054,0.72,0.73,0.27,0.28,0.01,0.01,75905.83,1776775588000
1776775590.502,90.502,0.72,0.73,0.27,0.28,0.01,0.01,75907.18,1776775589000
1776775590.855,90.855,0.72,0.73,0.27,0.28,0.01,0.01,75907.18,1776775589000
1776775591.275,91.275,0.72,0.73,0.27,0.28,0.01,0.01,75907.18,1776775589000
1776775591.767,91.767,0.71,0.73,0.27,0.28,0.02,0.01,75906.39,1776775590000
1776775592.196,92.196,0.71,0.73,0.27,0.29,0.02,0.02,75906.39,1776775590000
1776775592.646,92.646,0.71,0.73,0.27,0.29,0.02,0.02,75902.91,1776775591000
1776775593.014,93.014,0.71,0.72,0.28,0.29,0.01,0.01,75902.91,1776775591000
1776775593.347,93.347,0.69,0.72,0.28,0.31,0.03,0.03,75902.91,1776775591000
1776775593.755,93.755,0.69,0.72,0.28,0.31,0.03,0.03,75896.44,1776775592000
1776775594.111,94.111,0.69,0.72,0.28,0.29,0.03,0.01,75896.44,1776775592000
1776775594.529,94.529,0.68,0.71,0.29,0.31,0.03,0.02,75897.28,1776775593000
1776775594.868,94.868,0.7,0.71,0.29,0.3,0.01,0.01,75897.28,1776775593000
1776775595.208,95.208,0.65,0.7,0.3,0.32,0.05,0.02,75897.28,1776775593000
1776775595.577,95.577,0.69,0.7,0.3,0.31,0.01,0.01,75891.86,1776775594000
1776775596.039,96.039,0.69,0.7,0.3,0.31,0.01,0.01,75891.86,1776775594000
1776775596.389,96.389,0.69,0.7,0.3,0.31,0.01,0.01,75879.35,1776775595000
1776775596.752,96.752,0.68,0.69,0.31,0.35,0.01,0.04,75879.35,1776775595000
1776775597.092,97.092,0.68,0.69,0.31,0.32,0.01,0.01,75879.35,1776775595000
1776775597.432,97.432,0.64,0.68,0.32,0.36,0.04,0.04,75884.41,1776775596000
1776775597.854,97.854,0.64,0.65,0.35,0.36,0.01,0.01,75884.41,1776775596000
1776775598.194,98.194,0.64,0.65,0.35,0.36,0.01,0.01,75884.41,1776775596000
1776775598.544,98.544,0.64,0.65,0.35,0.36,0.01,0.01,75884.41,1776775596000
1776775599.074,99.074,0.64,0.65,0.35,0.36,0.01,0.01,75884.2,1776775597000
1776775599.429,99.429,0.64,0.65,0.35,0.36,0.01,0.01,75881.13,1776775598000
1776775599.964,99.964,0.64,0.65,0.35,0.36,0.01,0.01,75881.13,1776775598000
1776775600.343,100.343,0.64,0.65,0.35,0.36,0.01,0.01,75881.13,1776775598000
1776775600.737,100.737,0.64,0.65,0.35,0.36,0.01,0.01,75881.13,1776775598000
1776775601.257,101.257,0.64,0.65,0.35,0.36,0.01,0.01,75883.65,1776775599000
1776775601.671,101.671,0.64,0.65,0.35,0.36,0.01,0.01,75883.07,1776775600000
1776775602.017,102.017,0.64,0.65,0.35,0.36,0.01,0.01,75881.75,1776775601000
1776775602.409,102.409,0.64,0.65,0.35,0.36,0.01,0.01,75881.75,1776775601000
1776775602.75,102.75,0.64,0.65,0.35,0.36,0.01,0.01,75881.75,1776775601000
1776775603.178,103.178,0.64,0.65,0.35,0.36,0.01,0.01,75881.75,1776775601000
1776775603.529,103.529,0.65,0.66,0.34,0.35,0.01,0.01,75878.89,1776775602000
1776775604.114,104.114,0.65,0.66,0.34,0.35,0.01,0.01,75878.89,1776775602000
1776775604.56,104.56,0.65,0.66,0.34,0.35,0.01,0.01,75878.76,1776775603000
1776775604.907,104.907,0.65,0.66,0.34,0.35,0.01,0.01,75878.76,1776775603000
1776775605.26,105.26,0.65,0.66,0.34,0.35,0.01,0.01,75878.76,1776775603000
1776775605.632,105.632,0.65,0.66,0.34,0.35,0.01,0.01,75878.76,1776775603000
1776775606.001,106.001,0.71,0.72,0.28,0.29,0.01,0.01,75878.76,1776775604000
1776775606.576,106.576,0.71,0.72,0.28,0.29,0.01,0.01,75879.91,1776775605000
1776775607.045,107.045,0.71,0.72,0.28,0.29,0.01,0.01,75879.91,1776775605000
1776775607.703,107.703,0.71,0.73,0.28,0.29,0.02,0.01,75885.2,1776775606000
1776775608.081,108.081,0.71,0.73,0.27,0.29,0.02,0.02,75885.2,1776775606000
1776775608.443,108.443,0.72,0.74,0.26,0.29,0.02,0.03,75899.25,1776775607000
1776775608.782,108.782,0.72,0.73,0.27,0.28,0.01,0.01,75899.25,1776775607000
1776775609.178,109.178,0.72,0.73,0.27,0.28,0.01,0.01,75901.93,1776775608000
1776775609.739,109.739,0.72,0.73,0.27,0.28,0.01,0.01,75901.93,1776775608000
1776775610.13,110.13,0.75,0.76,0.24,0.25,0.01,0.01,75901.92,1776775609000
1776775610.528,110.528,0.77,0.78,0.22,0.23,0.01,0.01,75901.92,1776775609000
1776775610.9,110.9,0.77,0.78,0.22,0.23,0.01,0.01,75901.92,1776775609000
1776775611.376,111.376,0.77,0.78,0.22,0.23,0.01,0.01,75903.1,1776775610000
1776775611.768,111.768,0.77,0.78,0.22,0.23,0.01,0.01,75903.1,1776775610000
1776775612.181,112.181,0.77,0.78,0.22,0.23,0.01,0.01,75910.35,1776775611000
1776775612.557,112.557,0.77,0.78,0.22,0.23,0.01,0.01,75910.35,1776775611000
1776775612.908,112.908,0.77,0.78,0.22,0.23,0.01,0.01,75910.35,1776775611000
1776775613.348,113.348,0.77,0.78,0.21,0.23,0.01,0.02,75919.83,1776775612000
1776775613.812,113.812,0.78,0.79,0.21,0.22,0.01,0.01,75919.83,1776775612000
1776775614.172,114.172,0.76,0.79,0.21,0.24,0.03,0.03,75917.1,1776775613000
1776775614.517,114.517,0.76,0.77,0.23,0.24,0.01,0.01,75917.1,1776775613000
1776775615.066,115.066,0.76,0.77,0.23,0.24,0.01,0.01,75917.1,1776775613000
1776775615.457,115.457,0.76,0.77,0.23,0.24,0.01,0.01,75917.1,1776775613000
1776775615.842,115.842,0.76,0.77,0.23,0.24,0.01,0.01,75916.16,1776775614000
1776775616.358,116.358,0.76,0.77,0.23,0.24,0.01,0.01,75916.16,1776775614000
1776775616.935,116.935,0.76,0.77,0.23,0.24,0.01,0.01,75912.69,1776775615000
1776775617.276,117.276,0.76,0.77,0.23,0.24,0.01,0.01,75912.24,1776775616000
1776775617.696,117.696,0.76,0.77,0.23,0.24,0.01,0.01,75912.24,1776775616000
1776775618.035,118.035,0.75,0.76,0.23,0.25,0.01,0.02,75912.24,1776775616000
1776775618.398,118.398,0.76,0.77,0.23,0.24,0.01,0.01,75912.24,1776775616000
1776775618.907,118.907,0.76,0.77,0.23,0.24,0.01,0.01,75915.38,1776775617000
1776775619.24,119.24,0.76,0.77,0.23,0.24,0.01,0.01,75915.38,1776775617000
1776775619.603,119.603,0.76,0.77,0.23,0.24,0.01,0.01,75914.5,1776775618000
1776775619.948,119.948,0.76,0.78,0.23,0.24,0.02,0.01,75914.5,1776775618000
1776775620.282,120.282,0.77,0.78,0.22,0.23,0.01,0.01,75914.5,1776775619000
1776775620.715,120.715,0.77,0.78,0.22,0.23,0.01,0.01,75914.5,1776775619000
1776775621.108,121.108,0.76,0.78,0.22,0.24,0.02,0.02,75915.19,1776775620000
1776775622.137,122.137,0.76,0.78,0.22,0.24,0.02,0.02,75915.43,1776775621000
1776775623.202,123.202,0.76,0.77,0.22,0.24,0.01,0.02,75915.43,1776775621000
1776775623.546,123.546,0.73,0.77,0.23,0.27,0.04,0.04,75905.09,1776775622000
1776775623.892,123.892,0.73,0.76,0.24,0.27,0.03,0.03,75905.09,1776775622000
1776775624.265,124.265,0.76,0.77,0.23,0.29,0.01,0.06,75905.09,1776775622000
1776775624.611,124.611,0.73,0.74,0.26,0.27,0.01,0.01,75908.13,1776775623000
1776775625.001,125.001,0.73,0.74,0.26,0.27,0.01,0.01,75908.13,1776775623000
1776775625.399,125.399,0.73,0.74,0.26,0.27,0.01,0.01,75908.59,1776775624000
1776775625.766,125.766,0.73,0.74,0.26,0.27,0.01,0.01,75908.59,1776775624000
1776775626.153,126.153,0.73,0.74,0.26,0.27,0.01,0.01,75908.59,1776775624000
1776775626.634,126.634,0.73,0.74,0.26,0.27,0.01,0.01,75901.35,1776775625000
1776775627.024,127.024,0.72,0.73,0.27,0.28,0.01,0.01,75901.35,1776775625000
1776775627.359,127.359,0.72,0.73,0.27,0.28,0.01,0.01,75901.35,1776775625000
1776775627.736,127.736,0.72,0.73,0.27,0.28,0.01,0.01,75905.08,1776775626000
1776775628.115,128.115,0.72,0.73,0.27,0.28,0.01,0.01,75905.08,1776775626000
1776775628.46,128.46,0.72,0.74,0.27,0.28,0.02,0.01,75906.21,1776775627000
1776775628.86,128.86,0.75,0.76,0.24,0.25,0.01,0.01,75906.21,1776775627000
1776775629.249,129.249,0.75,0.76,0.24,0.25,0.01,0.01,75902.27,1776775628000
1776775629.598,129.598,0.75,0.76,0.24,0.25,0.01,0.01,75902.27,1776775628000
1776775630.062,130.062,0.77,0.78,0.22,0.23,0.01,0.01,75902.27,1776775628000
1776775630.446,130.446,0.77,0.78,0.22,0.23,0.01,0.01,75902.8,1776775629000
1776775630.791,130.791,0.77,0.78,0.22,0.23,0.01,0.01,75902.8,1776775629000
1776775631.177,131.177,0.77,0.78,0.22,0.23,0.01,0.01,75902.8,1776775629000
1776775631.724,131.724,0.77,0.78,0.22,0.23,0.01,0.01,75910.25,1776775630000
1776775632.097,132.097,0.76,0.78,0.22,0.24,0.02,0.02,75913.77,1776775631000
1776775632.441,132.441,0.77,0.78,0.22,0.23,0.01,0.01,75913.77,1776775631000
1776775632.774,132.774,0.77,0.78,0.22,0.23,0.01,0.01,75913.77,1776775631000
1776775633.122,133.122,0.77,0.78,0.22,0.23,0.01,0.01,75913.77,1776775631000
1776775633.467,133.467,0.75,0.76,0.24,0.25,0.01,0.01,75912.54,1776775632000
1776775633.822,133.822,0.75,0.76,0.24,0.25,0.01,0.01,75912.54,1776775632000
1776775634.342,134.342,0.75,0.77,0.23,0.25,0.02,0.02,75912.35,1776775633000
1776775634.678,134.678,0.76,0.77,0.23,0.24,0.01,0.01,75912.35,1776775633000
1776775635.143,135.143,0.76,0.77,0.23,0.24,0.01,0.01,75912.35,1776775633000
1776775635.608,135.608,0.76,0.77,0.23,0.24,0.01,0.01,75909.9,1776775634000
1776775635.993,135.993,0.76,0.77,0.23,0.24,0.01,0.01,75909.9,1776775634000
1776775636.467,136.467,0.78,0.79,0.21,0.22,0.01,0.01,75909.15,1776775635000
1776775636.863,136.863,0.78,0.79,0.21,0.22,0.01,0.01,75909.15,1776775635000
1776775637.5,137.5,0.78,0.79,0.21,0.22,0.01,0.01,75909.49,1776775636000
1776775637.938,137.938,0.79,0.8,0.2,0.21,0.01,0.01,75909.49,1776775636000
1776775638.297,138.297,0.79,0.8,0.2,0.21,0.01,0.01,75912.09,1776775637000
1776775638.643,138.643,0.83,0.84,0.15,0.18,0.01,0.03,75912.09,1776775637000
1776775638.978,138.978,0.83,0.84,0.16,0.17,0.01,0.01,75912.09,1776775637000
1776775639.316,139.316,0.81,0.84,0.16,0.18,0.03,0.02,75914.87,1776775638000
1776775639.691,139.691,0.81,0.84,0.16,0.19,0.03,0.03,75914.87,1776775638000
1776775640.062,140.062,0.83,0.85,0.15,0.17,0.02,0.02,75914.87,1776775638000
1776775640.444,140.444,0.83,0.84,0.16,0.17,0.01,0.01,75922.89,1776775639000
1776775640.81,140.81,0.83,0.84,0.16,0.17,0.01,0.01,75922.89,1776775639000
1776775641.202,141.202,0.83,0.84,0.16,0.17,0.01,0.01,75928.33,1776775640000
1776775641.737,141.737,0.83,0.84,0.16,0.17,0.01,0.01,75928.33,1776775640000
1776775642.331,142.331,0.83,0.84,0.16,0.17,0.01,0.01,75928.33,1776775640000
1776775642.712,142.712,0.79,0.8,0.18,0.21,0.01,0.03,75932.35,1776775641000
1776775643.075,143.075,0.79,0.8,0.2,0.21,0.01,0.01,75932.35,1776775641000
1776775643.572,143.572,0.81,0.82,0.19,0.21,0.01,0.02,75933.67,1776775642000
1776775643.909,143.909,0.82,0.83,0.17,0.18,0.01,0.01,75933.67,1776775642000
1776775644.244,144.244,0.82,0.83,0.17,0.18,0.01,0.01,75933.67,1776775642000
1776775644.663,144.663,0.82,0.83,0.17,0.18,0.01,0.01,75925.95,1776775643000
1776775645.094,145.094,0.82,0.83,0.17,0.18,0.01,0.01,75925.95,1776775643000
1776775645.506,145.506,0.82,0.83,0.17,0.18,0.01,0.01,75925.48,1776775644000
1776775646.121,146.121,0.82,0.83,0.17,0.18,0.01,0.01,75925.48,1776775644000
1776775646.456,146.456,0.82,0.83,0.17,0.18,0.01,0.01,75926.96,1776775645000
1776775646.829,146.829,0.82,0.83,0.17,0.18,0.01,0.01,75926.96,1776775645000
1776775647.282,147.282,0.82,0.83,0.17,0.18,0.01,0.01,75926.96,1776775645000
1776775647.636,147.636,0.81,0.82,0.18,0.19,0.01,0.01,75928.22,1776775646000
1776775648.373,148.373,0.81,0.82,0.18,0.19,0.01,0.01,75928.22,1776775646000
1776775648.774,148.774,0.79,0.8,0.2,0.21,0.01,0.01,75924.48,1776775647000
1776775649.162,149.162,0.79,0.8,0.2,0.21,0.01,0.01,75923.49,1776775648000
1776775649.634,149.634,0.79,0.8,0.2,0.21,0.01,0.01,75923.49,1776775648000
1776775650.057,150.057,0.79,0.8,0.2,0.21,0.01,0.01,75923.49,1776775648000
1776775650.418,150.418,0.79,0.8,0.2,0.21,0.01,0.01,75920.43,1776775649000
1776775650.871,150.871,0.79,0.8,0.2,0.21,0.01,0.01,75920.43,1776775649000
1776775651.244,151.244,0.8,0.81,0.19,0.2,0.01,0.01,75920.43,1776775649000
1776775651.775,151.775,0.8,0.81,0.19,0.2,0.01,0.01,75918.37,1776775650000
1776775652.132,152.132,0.81,0.82,0.18,0.2,0.01,0.02,75916.76,1776775651000
1776775652.969,152.969,0.81,0.82,0.18,0.19,0.01,0.01,75916.76,1776775651000
1776775653.357,153.357,0.81,0.82,0.18,0.19,0.01,0.01,75916.77,1776775652000
1776775653.712,153.712,0.81,0.82,0.18,0.19,0.01,0.01,75916.77,1776775652000
1776775654.058,154.058,0.81,0.82,0.18,0.19,0.01,0.01,75916.77,1776775652000
1776775654.438,154.438,0.81,0.82,0.18,0.19,0.01,0.01,75916.79,1776775653000
1776775654.79,154.79,0.81,0.82,0.18,0.19,0.01,0.01,75916.79,1776775653000
1776775655.208,155.208,0.81,0.82,0.18,0.19,0.01,0.01,75916.79,1776775653000
1776775655.589,155.589,0.81,0.82,0.18,0.19,0.01,0.01,75916.81,1776775654000
1776775656.033,156.033,0.81,0.82,0.18,0.19,0.01,0.01,75916.81,1776775654000
1776775656.749,156.749,0.81,0.82,0.18,0.19,0.01,0.01,75915.54,1776775655000
1776775657.145,157.145,0.82,0.83,0.17,0.18,0.01,0.01,75915.54,1776775655000
1776775657.513,157.513,0.82,0.83,0.17,0.18,0.01,0.01,75915.54,1776775655000
1776775657.872,157.872,0.82,0.84,0.17,0.18,0.02,0.01,75916.67,1776775656000
1776775658.287,158.287,0.83,0.84,0.16,0.17,0.01,0.01,75916.8,1776775657000
1776775658.756,158.756,0.83,0.84,0.16,0.17,0.01,0.01,75916.8,1776775657000
1776775659.124,159.124,0.83,0.84,0.16,0.19,0.01,0.03,75920.08,1776775658000
1776775659.47,159.47,0.83,0.84,0.16,0.17,0.01,0.01,75920.08,1776775658000
1776775660.13,160.13,0.83,0.84,0.16,0.17,0.01,0.01,75920.02,1776775659000
1776775660.47,160.47,0.82,0.83,0.16,0.17,0.01,0.01,75920.02,1776775659000
1776775660.857,160.857,0.82,0.84,0.17,0.18,0.02,0.01,75920.02,1776775659000
1776775661.241,161.241,0.83,0.84,0.16,0.17,0.01,0.01,75920.02,1776775659000
1776775661.689,161.689,0.82,0.85,0.15,0.18,0.03,0.03,75920.02,1776775659000
1776775662.028,162.028,0.8,0.83,0.17,0.18,0.03,0.01,75920.16,1776775660000
1776775662.41,162.41,0.78,0.83,0.17,0.22,0.05,0.05,75920.16,1776775660000
1776775662.763,162.763,0.77,0.79,0.19,0.23,0.02,0.04,75920.16,1776775660000
1776775663.126,163.126,0.79,0.81,0.19,0.23,0.02,0.04,75920.16,1776775660000
1776775663.463,163.463,0.79,0.8,0.2,0.21,0.01,0.01,75924.01,1776775661000
1776775663.89,163.89,0.79,0.8,0.2,0.21,0.01,0.01,75924.01,1776775661000
1776775664.273,164.273,0.79,0.81,0.2,0.21,0.02,0.01,75924.01,1776775661000
1776775664.648,164.648,0.8,0.81,0.18,0.2,0.01,0.02,75912.52,1776775662000
1776775664.994,164.994,0.8,0.81,0.19,0.2,0.01,0.01,75909.7,1776775663000
1776775665.653,165.653,0.8,0.81,0.19,0.2,0.01,0.01,75909.7,1776775663000
1776775666.002,166.002,0.8,0.81,0.19,0.2,0.01,0.01,75910.03,1776775664000
1776775666.612,166.612,0.8,0.81,0.19,0.2,0.01,0.01,75913.19,1776775665000
1776775667.196,167.196,0.8,0.81,0.19,0.2,0.01,0.01,75913.19,1776775665000
1776775667.569,167.569,0.8,0.81,0.19,0.2,0.01,0.01,75913.54,1776775666000
1776775667.933,167.933,0.8,0.81,0.19,0.2,0.01,0.01,75913.54,1776775666000
1776775668.298,168.298,0.8,0.81,0.19,0.2,0.01,0.01,75913.54,1776775666000
1776775668.677,168.677,0.8,0.82,0.18,0.2,0.02,0.02,75913.72,1776775667000
1776775669.024,169.024,0.83,0.85,0.15,0.18,0.02,0.03,75913.72,1776775667000
1776775669.367,169.367,0.84,0.86,0.15,0.16,0.02,0.01,75913.72,1776775667000
1776775669.771,169.771,0.85,0.86,0.14,0.15,0.01,0.01,75913.8,1776775668000
1776775670.129,170.129,0.85,0.86,0.14,0.15,0.01,0.01,75913.81,1776775669000
1776775670.507,170.507,0.85,0.86,0.14,0.15,0.01,0.01,75913.81,1776775669000
1776775671.027,171.027,0.85,0.86,0.14,0.15,0.01,0.01,75913.81,1776775669000
1776775671.683,171.683,0.85,0.86,0.14,0.15,0.01,0.01,75925.48,1776775670000
1776775672.335,172.335,0.85,0.86,0.14,0.15,0.01,0.01,75926.07,1776775671000
1776775672.741,172.741,0.85,0.86,0.14,0.15,0.01,0.01,75926.07,1776775671000
1776775673.156,173.156,0.85,0.86,0.14,0.15,0.01,0.01,75926.05,1776775672000
1776775674.247,174.247,0.83,0.86,0.14,0.15,0.03,0.01,75926.05,1776775672000
1776775675.123,175.123,0.83,0.86,0.14,0.17,0.03,0.03,75915.99,1776775674000
1776775675.481,175.481,0.83,0.86,0.14,0.17,0.03,0.03,75915.99,1776775674000
1776775675.838,175.838,0.82,0.84,0.14,0.17,0.02,0.03,75915.99,1776775674000
1776775676.286,176.286,0.82,0.84,0.16,0.18,0.02,0.02,75915.99,1776775674000
1776775676.718,176.718,0.83,0.84,0.16,0.19,0.01,0.03,75914.98,1776775675000
1776775677.203,177.203,0.83,0.84,0.16,0.17,0.01,0.01,75914.98,1776775675000
1776775677.574,177.574,0.83,0.84,0.16,0.17,0.01,0.01,75915.44,1776775676000
1776775677.935,177.935,0.83,0.84,0.16,0.17,0.01,0.01,75915.44,1776775676000
1776775678.284,178.284,0.85,0.86,0.14,0.15,0.01,0.01,75915.44,1776775676000
1776775678.636,178.636,0.85,0.86,0.14,0.15,0.01,0.01,75915.44,1776775676000
1776775679.034,179.034,0.85,0.86,0.14,0.15,0.01,0.01,75915.76,1776775677000
1776775679.432,179.432,0.85,0.86,0.14,0.15,0.01,0.01,75915.76,1776775677000
1776775679.997,179.997,0.85,0.86,0.14,0.15,0.01,0.01,75917.56,1776775678000
1776775680.354,180.354,0.85,0.86,0.14,0.15,0.01,0.01,75923.23,1776775679000
1776775680.77,180.77,0.85,0.86,0.14,0.15,0.01,0.01,75923.23,1776775679000
1776775681.169,181.169,0.86,0.87,0.13,0.14,0.01,0.01,75923.23,1776775679000
1776775681.855,181.855,0.86,0.87,0.13,0.14,0.01,0.01,75923.23,1776775679000
1776775682.369,182.369,0.86,0.87,0.13,0.14,0.01,0.01,75923.23,1776775679000
1776775682.704,182.704,0.86,0.87,0.13,0.14,0.01,0.01,75924.79,1776775681000
1776775683.068,183.068,0.86,0.87,0.13,0.14,0.01,0.01,75924.79,1776775681000
1776775683.416,183.416,0.86,0.87,0.13,0.14,0.01,0.01,75925.35,1776775682000
1776775683.876,183.876,0.86,0.87,0.13,0.14,0.01,0.01,75925.35,1776775682000
1776775684.236,184.236,0.8,0.85,0.15,0.2,0.05,0.05,75925.35,1776775682000
1776775684.586,184.586,0.8,0.81,0.18,0.2,0.01,0.02,75925.51,1776775683000
1776775684.923,184.923,0.8,0.81,0.19,0.2,0.01,0.01,75925.51,1776775684000
1776775685.388,185.388,0.79,0.8,0.19,0.21,0.01,0.02,75925.51,1776775684000
1776775685.78,185.78,0.82,0.83,0.17,0.2,0.01,0.03,75925.51,1776775684000
1776775686.172,186.172,0.82,0.83,0.17,0.18,0.01,0.01,75915.51,1776775685000
1776775686.512,186.512,0.82,0.84,0.17,0.18,0.02,0.01,75915.51,1776775685000
1776775686.861,186.861,0.83,0.84,0.16,0.17,0.01,0.01,75915.51,1776775685000
1776775687.236,187.236,0.86,0.87,0.13,0.14,0.01,0.01,75907.58,1776775686000
1776775687.872,187.872,0.86,0.87,0.13,0.14,0.01,0.01,75907.58,1776775686000
1776775688.704,188.704,0.86,0.87,0.13,0.14,0.01,0.01,75910.56,1776775687000
1776775689.068,189.068,0.86,0.87,0.13,0.14,0.01,0.01,75910.56,1776775687000
1776775689.461,189.461,0.86,0.87,0.13,0.14,0.01,0.01,75921.27,1776775688000
1776775690.218,190.218,0.86,0.88,0.13,0.14,0.02,0.01,75921.27,1776775688000
1776775690.559,190.559,0.87,0.88,0.12,0.14,0.01,0.02,75921.53,1776775689000
1776775690.898,190.898,0.87,0.88,0.12,0.13,0.01,0.01,75921.53,1776775689000
1776775691.232,191.232,0.87,0.88,0.12,0.13,0.01,0.01,75922.03,1776775690000
1776775691.725,191.725,0.87,0.88,0.12,0.13,0.01,0.01,75922.03,1776775690000
1776775692.083,192.083,0.87,0.88,0.12,0.13,0.01,0.01,75922.03,1776775690000
1776775692.435,192.435,0.86,0.88,0.12,0.14,0.02,0.02,75924.18,1776775691000
1776775692.795,192.795,0.86,0.87,0.13,0.14,0.01,0.01,75924.18,1776775691000
1776775693.322,193.322,0.86,0.87,0.13,0.14,0.01,0.01,75924.18,1776775691000
1776775693.677,193.677,0.86,0.87,0.13,0.14,0.01,0.01,75924.18,1776775691000
1776775694.128,194.128,0.86,0.87,0.13,0.14,0.01,0.01,75918.86,1776775693000
1776775694.556,194.556,0.86,0.87,0.13,0.14,0.01,0.01,75918.86,1776775693000
1776775695.033,195.033,0.86,0.87,0.13,0.14,0.01,0.01,75918.86,1776775693000
1776775695.57,195.57,0.86,0.87,0.13,0.14,0.01,0.01,75918.23,1776775694000
1776775695.912,195.912,0.86,0.87,0.13,0.14,0.01,0.01,75918.23,1776775694000
1776775696.697,196.697,0.86,0.87,0.13,0.14,0.01,0.01,75918.23,1776775695000
1776775697.09,197.09,0.86,0.87,0.13,0.14,0.01,0.01,75918.23,1776775695000
1776775697.463,197.463,0.86,0.87,0.13,0.14,0.01,0.01,75918.23,1776775696000
1776775697.849,197.849,0.86,0.87,0.13,0.14,0.01,0.01,75918.23,1776775696000
1776775698.27,198.27,0.85,0.86,0.14,0.15,0.01,0.01,75918.23,1776775696000
1776775698.771,198.771,0.84,0.86,0.14,0.15,0.02,0.01,75917.85,1776775697000
1776775699.332,199.332,0.84,0.86,0.14,0.16,0.02,0.02,75915.86,1776775698000
1776775699.712,199.712,0.79,0.83,0.18,0.21,0.04,0.03,75915.86,1776775698000
1776775700.075,200.075,0.79,0.82,0.18,0.21,0.03,0.03,75898.28,1776775699000
1776775700.457,200.457,0.78,0.8,0.2,0.22,0.02,0.02,75898.28,1776775699000
1776775700.903,200.903,0.78,0.79,0.21,0.22,0.01,0.01,75898.28,1776775699000
1776775701.242,201.242,0.74,0.79,0.21,0.26,0.05,0.05,75898.28,1776775699000
1776775701.575,201.575,0.76,0.77,0.23,0.24,0.01,0.01,75897.19,1776775700000
1776775701.934,201.934,0.77,0.78,0.22,0.23,0.01,0.01,75897.19,1776775700000
1776775702.373,202.373,0.77,0.78,0.22,0.23,0.01,0.01,75897.19,1776775700000
1776775702.993,202.993,0.77,0.78,0.22,0.23,0.01,0.01,75891.33,1776775702000
1776775703.761,203.761,0.77,0.78,0.22,0.23,0.01,0.01,75891.33,1776775702000
1776775704.16,204.16,0.77,0.78,0.22,0.23,0.01,0.01,75891.95,1776775703000
1776775705.246,205.246,0.77,0.78,0.22,0.23,0.01,0.01,75895.08,1776775704000
1776775705.601,205.601,0.77,0.79,0.21,0.23,0.02,0.02,75895.08,1776775704000
1776775705.943,205.943,0.79,0.8,0.21,0.23,0.01,0.02,75895.08,1776775704000
1776775706.358,206.358,0.78,0.8,0.2,0.22,0.02,0.02,75894.65,1776775705000
1776775706.698,206.698,0.78,0.79,0.21,0.22,0.01,0.01,75894.65,1776775705000
1776775707.051,207.051,0.77,0.78,0.22,0.23,0.01,0.01,75892.64,1776775706000
1776775707.577,207.577,0.77,0.78,0.22,0.23,0.01,0.01,75892.64,1776775706000
1776775707.915,207.915,0.77,0.78,0.22,0.23,0.01,0.01,75892.64,1776775706000
1776775708.32,208.32,0.77,0.78,0.21,0.23,0.01,0.02,75891.32,1776775707000
1776775708.718,208.718,0.77,0.78,0.22,0.23,0.01,0.01,75891.32,1776775707000
1776775709.053,209.053,0.77,0.78,0.22,0.23,0.01,0.01,75891.32,1776775707000
1776775709.573,209.573,0.77,0.78,0.22,0.23,0.01,0.01,75895.86,1776775708000
1776775710.096,210.096,0.77,0.78,0.22,0.23,0.01,0.01,75895.14,1776775709000
1776775710.963,210.963,0.77,0.79,0.22,0.23,0.02,0.01,75895.14,1776775709000
1776775711.857,211.857,0.77,0.79,0.21,0.23,0.02,0.02,75894.82,1776775710000
1776775712.292,212.292,0.77,0.78,0.21,0.23,0.01,0.02,75894.82,1776775710000
1776775712.843,212.843,0.77,0.78,0.22,0.23,0.01,0.01,75889.11,1776775711000
1776775714.23,214.23,0.77,0.79,0.22,0.23,0.02,0.01,75877.7,1776775712000
1776775714.688,214.688,0.77,0.78,0.22,0.23,0.01,0.01,75877.7,1776775712000
1776775715.042,215.042,0.76,0.78,0.22,0.24,0.02,0.02,75855.58,1776775713000
1776775715.389,215.389,0.76,0.8,0.2,0.24,0.04,0.04,75854.87,1776775714000
1776775715.767,215.767,0.77,0.78,0.22,0.23,0.01,0.01,75854.87,1776775714000
1776775716.106,216.106,0.75,0.78,0.23,0.25,0.03,0.02,75854.41,1776775715000
1776775716.44,216.44,0.67,0.77,0.23,0.33,0.1,0.1,75854.41,1776775715000
1776775716.777,216.777,0.66,0.68,0.32,0.34,0.02,0.02,75854.41,1776775715000
1776775717.169,217.169,0.56,0.68,0.32,0.44,0.12,0.12,75854.41,1776775715000
1776775717.602,217.602,0.65,0.68,0.32,0.35,0.03,0.03,75854.41,1776775715000
1776775718.215,218.215,0.65,0.68,0.32,0.35,0.03,0.03,75852.71,1776775716000
1776775718.591,218.591,0.56,0.71,0.29,0.44,0.15,0.15,75852.71,1776775716000
1776775719.053,219.053,0.56,0.71,0.29,0.44,0.15,0.15,75850.81,1776775718000
1776775719.763,219.763,0.69,0.71,0.29,0.44,0.02,0.15,75850.81,1776775718000
1776775720.149,220.149,0.55,0.71,0.29,0.45,0.16,0.16,75850.81,1776775718000
1776775720.515,220.515,0.7,0.71,0.29,0.3,0.01,0.01,75850.81,1776775718000
1776775720.928,220.928,0.68,0.71,0.29,0.32,0.03,0.03,75850.81,1776775718000
1776775721.297,221.297,0.68,0.71,0.29,0.32,0.03,0.03,75852.36,1776775719000
1776775721.704,221.704,0.52,0.59,0.41,0.48,0.07,0.07,75853.42,1776775720000
1776775722.064,222.064,0.52,0.59,0.41,0.48,0.07,0.07,75853.42,1776775720000
1776775723.722,223.722,0.6,0.63,0.37,0.4,0.03,0.03,75855.21,1776775722000
1776775724.677,224.677,0.58,0.63,0.37,0.4,0.05,0.03,75855.21,1776775722000
1776775725.025,225.025,0.6,0.63,0.37,0.43,0.03,0.06,75853.68,1776775723000
1776775725.382,225.382,0.55,0.58,0.42,0.45,0.03,0.03,75853.68,1776775723000
1776775725.736,225.736,0.58,0.62,0.38,0.42,0.04,0.04,75847.0,1776775724000
1776775726.166,226.166,0.49,0.62,0.38,0.51,0.13,0.13,75847.0,1776775724000
1776775726.502,226.502,0.49,0.6,0.38,0.51,0.11,0.13,75847.0,1776775724000
1776775726.884,226.884,0.52,0.55,0.45,0.48,0.03,0.03,75846.67,1776775725000
1776775727.258,227.258,0.52,0.59,0.41,0.48,0.07,0.07,75846.67,1776775725000
1776775727.915,227.915,0.57,0.58,0.42,0.48,0.01,0.06,75849.3,1776775726000
1776775728.251,228.251,0.52,0.58,0.42,0.48,0.06,0.06,75849.3,1776775726000
1776775728.809,228.809,0.52,0.58,0.42,0.48,0.06,0.06,75849.2,1776775727000
1776775729.179,229.179,0.53,0.56,0.44,0.5,0.03,0.06,75849.2,1776775727000
1776775729.514,229.514,0.53,0.59,0.41,0.47,0.06,0.06,75849.2,1776775727000
1776775729.879,229.879,0.53,0.58,0.38,0.47,0.05,0.09,75849.52,1776775728000
1776775730.259,230.259,0.53,0.59,0.41,0.43,0.06,0.02,75849.52,1776775728000
1776775730.61,230.61,0.54,0.58,0.41,0.47,0.04,0.06,75849.52,1776775728000
1776775731.013,231.013,0.47,0.59,0.41,0.53,0.12,0.12,75846.19,1776775729000
1776775731.39,231.39,0.51,0.55,0.46,0.49,0.04,0.03,75845.01,1776775730000
1776775731.734,231.734,0.51,0.54,0.46,0.49,0.03,0.03,75845.01,1776775730000
1776775732.168,232.168,0.51,0.55,0.43,0.44,0.04,0.01,75845.01,1776775730000
1776775732.579,232.579,0.54,0.55,0.46,0.49,0.01,0.03,75845.04,1776775731000
1776775732.919,232.919,0.48,0.53,0.47,0.52,0.05,0.05,75845.04,1776775731000
1776775733.258,233.258,0.48,0.51,0.49,0.52,0.03,0.03,75844.7,1776775732000
1776775733.607,233.607,0.47,0.49,0.51,0.53,0.02,0.02,75844.7,1776775732000
1776775733.964,233.964,0.49,0.5,0.5,0.51,0.01,0.01,75844.7,1776775732000
1776775734.321,234.321,0.48,0.5,0.5,0.52,0.02,0.02,75844.7,1776775732000
1776775734.667,234.667,0.48,0.5,0.5,0.52,0.02,0.02,75833.12,1776775733000
1776775735.034,235.034,0.47,0.49,0.51,0.53,0.02,0.02,75833.12,1776775733000
1776775735.418,235.418,0.47,0.48,0.51,0.53,0.01,0.02,75833.12,1776775733000
1776775735.755,235.755,0.46,0.48,0.52,0.53,0.02,0.01,75831.88,1776775734000
1776775736.104,236.104,0.46,0.47,0.53,0.54,0.01,0.01,75831.88,1776775734000
1776775736.472,236.472,0.43,0.44,0.54,0.57,0.01,0.03,75831.35,1776775735000
1776775736.86,236.86,0.42,0.43,0.56,0.58,0.01,0.02,75831.35,1776775735000
1776775737.197,237.197,0.42,0.43,0.57,0.58,0.01,0.01,75831.35,1776775735000
1776775737.554,237.554,0.42,0.43,0.57,0.58,0.01,0.01,75829.66,1776775736000
1776775737.891,237.891,0.42,0.43,0.57,0.58,0.01,0.01,75829.66,1776775736000
1776775738.268,238.268,0.41,0.42,0.57,0.58,0.01,0.01,75829.66,1776775736000
1776775738.603,238.603,0.4,0.41,0.59,0.6,0.01,0.01,75829.66,1776775736000
1776775738.956,238.956,0.4,0.41,0.59,0.6,0.01,0.01,75832.66,1776775737000
1776775739.29,239.29,0.38,0.39,0.61,0.62,0.01,0.01,75831.17,1776775738000
1776775739.674,239.674,0.41,0.43,0.57,0.59,0.02,0.02,75831.17,1776775738000
1776775740.026,240.026,0.43,0.44,0.56,0.58,0.01,0.02,75831.17,1776775738000
1776775740.364,240.364,0.45,0.46,0.54,0.55,0.01,0.01,75833.04,1776775739000
1776775740.739,240.739,0.46,0.48,0.51,0.54,0.02,0.03,75833.04,1776775739000
1776775741.199,241.199,0.46,0.49,0.49,0.52,0.03,0.03,75833.04,1776775739000
1776775741.542,241.542,0.47,0.48,0.52,0.53,0.01,0.01,75840.54,1776775740000
1776775741.893,241.893,0.43,0.48,0.52,0.57,0.05,0.05,75840.54,1776775740000
1776775742.23,242.23,0.39,0.41,0.57,0.61,0.02,0.04,75839.81,1776775741000
1776775742.685,242.685,0.36,0.4,0.6,0.63,0.04,0.03,75839.81,1776775741000
1776775743.028,243.028,0.31,0.37,0.63,0.69,0.06,0.06,75839.81,1776775741000
1776775743.366,243.366,0.31,0.33,0.67,0.69,0.02,0.02,75839.81,1776775741000
1776775743.734,243.734,0.32,0.35,0.65,0.68,0.03,0.03,75839.0,1776775742000
1776775744.618,244.618,0.32,0.33,0.67,0.68,0.01,0.01,75832.36,1776775743000
1776775744.952,244.952,0.33,0.38,0.63,0.68,0.05,0.05,75832.36,1776775743000
1776775745.37,245.37,0.34,0.35,0.65,0.66,0.01,0.01,75827.43,1776775744000
1776775745.722,245.722,0.34,0.35,0.65,0.66,0.01,0.01,75827.43,1776775744000
1776775746.105,246.105,0.31,0.32,0.68,0.69,0.01,0.01,75827.43,1776775744000
1776775746.46,246.46,0.29,0.32,0.68,0.69,0.03,0.01,75827.43,1776775744000
1776775746.807,246.807,0.29,0.3,0.7,0.71,0.01,0.01,75830.56,1776775745000
1776775747.147,247.147,0.28,0.29,0.71,0.72,0.01,0.01,75830.56,1776775745000
1776775747.517,247.517,0.27,0.28,0.72,0.73,0.01,0.01,75829.16,1776775746000
1776775747.991,247.991,0.27,0.28,0.72,0.73,0.01,0.01,75829.16,1776775746000
1776775748.344,248.344,0.27,0.28,0.72,0.73,0.01,0.01,75826.04,1776775747000
1776775748.686,248.686,0.29,0.3,0.7,0.71,0.01,0.01,75826.04,1776775747000
1776775749.027,249.027,0.4,0.43,0.59,0.66,0.03,0.07,75826.04,1776775747000
1776775749.395,249.395,0.4,0.42,0.59,0.6,0.02,0.01,75826.04,1776775747000
1776775749.735,249.735,0.43,0.44,0.56,0.57,0.01,0.01,75826.04,1776775747000
1776775750.146,250.146,0.43,0.44,0.56,0.57,0.01,0.01,75824.08,1776775748000
1776775750.499,250.499,0.43,0.44,0.56,0.57,0.01,0.01,75824.08,1776775748000
1776775750.847,250.847,0.42,0.43,0.56,0.58,0.01,0.02,75830.23,1776775749000
1776775751.203,251.203,0.41,0.42,0.58,0.59,0.01,0.01,75830.23,1776775749000
1776775751.546,251.546,0.41,0.42,0.58,0.59,0.01,0.01,75836.1,1776775750000
1776775751.917,251.917,0.41,0.42,0.58,0.59,0.01,0.01,75836.1,1776775750000
1776775752.307,252.307,0.41,0.42,0.58,0.59,0.01,0.01,75836.1,1776775750000
1776775752.702,252.702,0.42,0.43,0.57,0.59,0.01,0.02,75836.44,1776775751000
1776775753.05,253.05,0.47,0.49,0.51,0.53,0.02,0.02,75836.44,1776775751000
1776775753.387,253.387,0.5,0.51,0.49,0.5,0.01,0.01,75836.44,1776775751000
1776775753.779,253.779,0.5,0.51,0.49,0.5,0.01,0.01,75836.44,1776775751000
1776775754.153,254.153,0.5,0.51,0.49,0.5,0.01,0.01,75836.44,1776775752000
1776775754.589,254.589,0.53,0.54,0.47,0.5,0.01,0.03,75836.44,1776775752000
1776775754.946,254.946,0.54,0.55,0.45,0.46,0.01,0.01,75838.58,1776775753000
1776775755.416,255.416,0.59,0.6,0.4,0.41,0.01,0.01,75838.58,1776775753000
1776775755.85,255.85,0.59,0.6,0.4,0.42,0.01,0.02,75841.97,1776775754000
1776775756.226,256.226,0.58,0.59,0.41,0.42,0.01,0.01,75841.97,1776775754000
1776775756.609,256.609,0.58,0.59,0.41,0.42,0.01,0.01,75847.13,1776775755000
1776775756.964,256.964,0.58,0.59,0.41,0.42,0.01,0.01,75847.13,1776775755000
1776775757.315,257.315,0.58,0.59,0.41,0.42,0.01,0.01,75847.13,1776775755000
1776775757.658,257.658,0.6,0.62,0.39,0.42,0.02,0.03,75847.13,1776775755000
1776775758.016,258.016,0.63,0.64,0.36,0.37,0.01,0.01,75851.53,1776775756000
1776775758.38,258.38,0.64,0.65,0.35,0.36,0.01,0.01,75851.53,1776775756000
1776775758.819,258.819,0.64,0.65,0.35,0.36,0.01,0.01,75851.87,1776775757000
1776775759.168,259.168,0.63,0.65,0.35,0.36,0.02,0.01,75851.87,1776775757000
1776775759.563,259.563,0.63,0.64,0.36,0.37,0.01,0.01,75853.49,1776775758000
1776775759.896,259.896,0.63,0.64,0.36,0.37,0.01,0.01,75853.49,1776775758000
1776775760.231,260.231,0.61,0.62,0.37,0.4,0.01,0.03,75853.49,1776775758000
1776775760.574,260.574,0.6,0.61,0.39,0.4,0.01,0.01,75853.49,1776775758000
1776775760.946,260.946,0.6,0.61,0.39,0.4,0.01,0.01,75856.58,1776775759000
1776775761.358,261.358,0.6,0.61,0.39,0.4,0.01,0.01,75856.58,1776775759000
1776775761.824,261.824,0.6,0.61,0.39,0.4,0.01,0.01,75856.04,1776775760000
1776775762.202,262.202,0.6,0.61,0.39,0.4,0.01,0.01,75856.04,1776775760000
1776775762.538,262.538,0.6,0.61,0.39,0.4,0.01,0.01,75854.53,1776775761000
1776775763.104,263.104,0.6,0.61,0.39,0.4,0.01,0.01,75854.53,1776775761000
1776775763.455,263.455,0.61,0.62,0.37,0.39,0.01,0.02,75855.9,1776775762000
1776775763.827,263.827,0.62,0.63,0.37,0.38,0.01,0.01,75855.9,1776775762000
1776775764.192,264.192,0.63,0.64,0.36,0.37,0.01,0.01,75855.9,1776775762000
1776775764.577,264.577,0.63,0.65,0.36,0.37,0.02,0.01,75855.9,1776775762000
1776775765.06,265.06,0.64,0.65,0.35,0.36,0.01,0.01,75856.03,1776775763000
1776775765.509,265.509,0.64,0.65,0.35,0.36,0.01,0.01,75856.03,1776775763000
1776775765.909,265.909,0.64,0.65,0.35,0.36,0.01,0.01,75856.71,1776775764000
1776775766.304,266.304,0.64,0.65,0.35,0.36,0.01,0.01,75856.71,1776775764000
1776775766.679,266.679,0.64,0.65,0.35,0.36,0.01,0.01,75856.71,1776775764000
1776775767.12,267.12,0.64,0.65,0.35,0.36,0.01,0.01,75856.65,1776775765000
1776775767.493,267.493,0.64,0.65,0.35,0.36,0.01,0.01,75856.81,1776775766000
1776775767.94,267.94,0.65,0.66,0.34,0.36,0.01,0.02,75856.81,1776775766000
1776775768.292,268.292,0.65,0.67,0.33,0.35,0.02,0.02,75856.81,1776775766000
1776775768.632,268.632,0.86,0.87,0.13,0.14,0.01,0.01,75856.81,1776775767000
1776775768.988,268.988,0.87,0.88,0.12,0.13,0.01,0.01,75856.81,1776775767000
1776775769.366,269.366,0.87,0.88,0.12,0.13,0.01,0.01,75856.81,1776775768000
1776775769.711,269.711,0.87,0.88,0.12,0.13,0.01,0.01,75856.81,1776775768000
1776775770.131,270.131,0.87,0.88,0.12,0.13,0.01,0.01,75856.81,1776775768000
1776775770.466,270.466,0.87,0.89,0.11,0.13,0.02,0.02,75878.47,1776775769000
1776775770.814,270.814,0.9,0.91,0.09,0.1,0.01,0.01,75878.47,1776775769000
1776775771.178,271.178,0.91,0.92,0.08,0.09,0.01,0.01,75878.47,1776775769000
1776775771.512,271.512,0.89,0.9,0.1,0.11,0.01,0.01,75878.47,1776775769000
1776775771.905,271.905,0.88,0.89,0.11,0.12,0.01,0.01,75884.37,1776775770000
1776775772.286,272.286,0.88,0.89,0.11,0.12,0.01,0.01,75886.33,1776775771000
1776775772.817,272.817,0.88,0.89,0.11,0.12,0.01,0.01,75886.33,1776775771000
1776775773.151,273.151,0.78,0.89,0.11,0.2,0.11,0.09,75886.33,1776775771000
1776775773.492,273.492,0.74,0.85,0.15,0.26,0.11,0.11,75889.07,1776775772000
1776775773.839,273.839,0.62,0.69,0.31,0.37,0.07,0.06,75889.07,1776775772000
1776775774.181,274.181,0.68,0.69,0.31,0.32,0.01,0.01,75889.07,1776775772000
1776775774.584,274.584,0.65,0.66,0.31,0.37,0.01,0.06,75889.07,1776775772000
1776775774.919,274.919,0.69,0.71,0.29,0.31,0.02,0.02,75884.63,1776775773000
1776775775.263,275.263,0.69,0.7,0.3,0.31,0.01,0.01,75884.63,1776775773000
1776775775.609,275.609,0.63,0.67,0.33,0.37,0.04,0.04,75884.63,1776775773000
1776775775.943,275.943,0.57,0.58,0.42,0.43,0.01,0.01,75860.03,1776775774000
1776775776.296,276.296,0.57,0.58,0.42,0.43,0.01,0.01,75860.03,1776775774000
1776775776.661,276.661,0.58,0.59,0.41,0.42,0.01,0.01,75860.03,1776775775000
1776775777.012,277.012,0.59,0.6,0.4,0.41,0.01,0.01,75860.03,1776775775000
1776775777.435,277.435,0.61,0.63,0.38,0.41,0.02,0.03,75860.03,1776775775000
1776775777.772,277.772,0.62,0.63,0.37,0.38,0.01,0.01,75860.03,1776775775000
1776775778.122,278.122,0.69,0.71,0.29,0.32,0.02,0.03,75860.03,1776775775000
1776775778.469,278.469,0.72,0.73,0.27,0.29,0.01,0.02,75859.05,1776775776000
1776775778.834,278.834,0.77,0.78,0.22,0.23,0.01,0.01,75859.05,1776775776000
1776775779.215,279.215,0.78,0.79,0.21,0.22,0.01,0.01,75856.95,1776775777000
1776775779.784,279.784,0.78,0.79,0.21,0.22,0.01,0.01,75856.95,1776775777000
1776775780.155,280.155,0.78,0.79,0.21,0.22,0.01,0.01,75858.1,1776775778000
1776775780.566,280.566,0.78,0.79,0.21,0.22,0.01,0.01,75858.1,1776775778000
1776775781.11,281.11,0.78,0.79,0.21,0.22,0.01,0.01,75858.1,1776775778000
1776775781.62,281.62,0.78,0.79,0.21,0.22,0.01,0.01,75858.1,1776775778000
1776775782.211,282.211,0.78,0.79,0.21,0.22,0.01,0.01,75864.44,1776775780000
1776775782.564,282.564,0.78,0.82,0.2,0.22,0.04,0.02,75864.44,1776775780000
1776775782.934,282.934,0.78,0.85,0.15,0.22,0.07,0.07,75864.44,1776775780000
1776775783.33,283.33,0.82,0.86,0.14,0.18,0.04,0.04,75865.24,1776775781000
1776775783.665,283.665,0.79,0.8,0.2,0.21,0.01,0.01,75865.24,1776775781000
1776775784.016,284.016,0.79,0.8,0.2,0.21,0.01,0.01,75865.24,1776775781000
1776775784.387,284.387,0.79,0.8,0.2,0.21,0.01,0.01,75872.78,1776775782000
1776775784.724,284.724,0.79,0.8,0.2,0.21,0.01,0.01,75872.78,1776775782000
1776775785.248,285.248,0.79,0.8,0.2,0.21,0.01,0.01,75877.41,1776775783000
1776775785.624,285.624,0.79,0.8,0.2,0.21,0.01,0.01,75877.41,1776775783000
1776775785.978,285.978,0.75,0.77,0.23,0.25,0.02,0.02,75877.41,1776775783000
1776775786.46,286.46,0.73,0.74,0.26,0.27,0.01,0.01,75874.12,1776775784000
1776775786.857,286.857,0.73,0.74,0.26,0.27,0.01,0.01,75874.12,1776775784000
1776775787.199,287.199,0.73,0.74,0.26,0.27,0.01,0.01,75874.12,1776775785000
1776775787.551,287.551,0.69,0.7,0.26,0.31,0.01,0.05,75874.12,1776775786000
1776775787.899,287.899,0.75,0.76,0.24,0.28,0.01,0.04,75874.12,1776775786000
1776775788.476,288.476,0.75,0.76,0.24,0.25,0.01,0.01,75867.37,1776775787000
1776775788.835,288.835,0.74,0.75,0.24,0.26,0.01,0.02,75867.37,1776775787000
1776775789.229,289.229,0.75,0.76,0.24,0.25,0.01,0.01,75865.86,1776775788000
1776775789.594,289.594,0.75,0.76,0.24,0.25,0.01,0.01,75865.86,1776775788000
1776775789.956,289.956,0.73,0.75,0.24,0.26,0.02,0.02,75865.86,1776775788000
1776775790.298,290.298,0.51,0.52,0.25,0.5,0.01,0.25,75865.86,1776775788000
1776775790.72,290.72,0.36,0.4,0.6,0.64,0.04,0.04,75866.2,1776775789000
1776775791.072,291.072,0.22,0.26,0.74,0.78,0.04,0.04,75866.2,1776775789000
1776775791.405,291.405,0.15,0.16,0.84,0.85,0.01,0.01,75866.56,1776775790000
1776775791.767,291.767,0.14,0.15,0.85,0.86,0.01,0.01,75866.56,1776775790000
1776775792.191,292.191,0.14,0.15,0.85,0.86,0.01,0.01,75866.56,1776775790000
1776775792.575,292.575,0.3,0.4,0.65,0.76,0.1,0.11,75844.47,1776775791000
1776775792.961,292.961,0.4,0.52,0.48,0.6,0.12,0.12,75841.36,1776775792000
1776775793.319,293.319,0.31,0.32,0.59,0.69,0.01,0.1,75841.36,1776775792000
1776775793.679,293.679,0.32,0.33,0.67,0.68,0.01,0.01,75841.36,1776775792000
1776775794.028,294.028,0.31,0.39,0.6,0.69,0.08,0.09,75841.36,1776775792000
1776775794.364,294.364,0.39,0.44,0.59,0.61,0.05,0.02,75844.7,1776775793000
1776775794.721,294.721,0.39,0.4,0.6,0.62,0.01,0.02,75844.7,1776775793000
1776775795.209,295.209,0.38,0.39,0.61,0.62,0.01,0.01,75844.7,1776775793000
1776775795.544,295.544,0.27,0.35,0.65,0.7,0.08,0.05,75846.81,1776775794000
1776775795.918,295.918,0.24,0.28,0.72,0.73,0.04,0.01,75846.81,1776775794000
1776775796.359,296.359,0.17,0.27,0.73,0.83,0.1,0.1,75846.81,1776775794000
1776775796.733,296.733,0.12,0.27,0.73,0.88,0.15,0.15,75846.81,1776775794000
1776775797.089,297.089,0.05,0.11,0.88,0.95,0.06,0.07,75846.81,1776775794000
1776775797.464,297.464,0.05,0.11,0.89,0.95,0.06,0.06,75846.81,1776775794000
1776775797.833,297.833,0.07,0.11,0.89,0.93,0.04,0.04,75846.81,1776775794000
1776775798.172,298.172,0.07,0.11,0.89,0.93,0.04,0.04,75847.26,1776775796000
1776775798.529,298.529,0.02,0.15,0.85,0.98,0.13,0.13,75847.26,1776775796000
1776775798.872,298.872,0.02,0.05,0.95,0.98,0.03,0.03,75821.86,1776775797000
1776775799.234,299.234,0.01,0.04,0.96,0.99,0.03,0.03,75821.86,1776775797000
1776775799.74,299.74,0.01,0.01,0.99,0.99,0.0,0.0,75821.86,1776775797000
1776775800.098,300.098,0.01,0.01,0.99,0.99,0.0,0.0,75821.86,1776775797000
1776775800.511,300.511,0.01,0.01,0.99,0.99,0.0,0.0,75810.22,1776775798000
1776775800.915,300.915,0.01,0.01,0.99,0.99,0.0,0.0,75810.22,1776775798000

# RESULT,winner=Down,slug=btc-updown-5m-1776775500,ticks=725
