timestamp,elapsed_sec,up_bid,up_ask,down_bid,down_ask,up_spread,down_spread,btc_price,btc_oracle_ts
1776633000.862,0.862,0.49,0.5,0.5,0.51,0.01,0.01,74731.08,1776632999000
1776633001.213,1.213,0.49,0.5,0.5,0.51,0.01,0.01,74731.08,1776632999000
1776633001.581,1.581,0.49,0.5,0.5,0.51,0.01,0.01,74731.08,1776633000000
1776633001.948,1.948,0.49,0.5,0.5,0.51,0.01,0.01,74731.08,1776633000000
1776633002.345,2.345,0.49,0.5,0.5,0.51,0.01,0.01,74731.08,1776633000000
1776633002.949,2.949,0.49,0.5,0.5,0.51,0.01,0.01,74730.41,1776633001000
1776633003.492,3.492,0.49,0.5,0.5,0.51,0.01,0.01,74729.58,1776633002000
1776633004.37,4.37,0.49,0.5,0.5,0.51,0.01,0.01,74729.58,1776633002000
1776633005.343,5.343,0.49,0.5,0.5,0.51,0.01,0.01,74731.43,1776633004000
1776633006.074,6.074,0.49,0.5,0.5,0.51,0.01,0.01,74731.43,1776633004000
1776633006.625,6.625,0.49,0.5,0.5,0.51,0.01,0.01,74731.43,1776633004000
1776633007.289,7.289,0.5,0.51,0.49,0.5,0.01,0.01,74731.42,1776633005000
1776633007.829,7.829,0.5,0.51,0.49,0.5,0.01,0.01,74731.46,1776633006000
1776633008.282,8.282,0.5,0.51,0.49,0.5,0.01,0.01,74731.45,1776633007000
1776633008.867,8.867,0.5,0.51,0.49,0.5,0.01,0.01,74731.45,1776633007000
1776633009.406,9.406,0.5,0.51,0.49,0.5,0.01,0.01,74731.45,1776633007000
1776633010.029,10.029,0.5,0.51,0.49,0.5,0.01,0.01,74731.15,1776633008000
1776633010.437,10.437,0.5,0.51,0.49,0.5,0.01,0.01,74731.15,1776633009000
1776633011.018,11.018,0.5,0.51,0.49,0.5,0.01,0.01,74731.15,1776633009000
1776633011.372,11.372,0.5,0.51,0.49,0.5,0.01,0.01,74731.08,1776633010000
1776633011.957,11.957,0.49,0.5,0.49,0.5,0.01,0.01,74731.08,1776633010000
1776633012.386,12.386,0.49,0.5,0.5,0.51,0.01,0.01,74731.08,1776633010000
1776633012.734,12.734,0.49,0.5,0.5,0.51,0.01,0.01,74731.14,1776633011000
1776633013.268,13.268,0.49,0.5,0.5,0.51,0.01,0.01,74731.14,1776633011000
1776633013.732,13.732,0.49,0.5,0.5,0.51,0.01,0.01,74730.74,1776633012000
1776633014.353,14.353,0.49,0.5,0.5,0.51,0.01,0.01,74730.74,1776633012000
1776633014.779,14.779,0.49,0.5,0.5,0.51,0.01,0.01,74730.72,1776633013000
1776633015.203,15.203,0.49,0.5,0.5,0.51,0.01,0.01,74730.72,1776633013000
1776633015.555,15.555,0.49,0.5,0.5,0.51,0.01,0.01,74730.72,1776633014000
1776633015.93,15.93,0.49,0.5,0.5,0.51,0.01,0.01,74730.72,1776633014000
1776633016.274,16.274,0.49,0.5,0.5,0.51,0.01,0.01,74730.72,1776633015000
1776633016.71,16.71,0.49,0.5,0.5,0.51,0.01,0.01,74730.72,1776633015000
1776633017.173,17.173,0.49,0.5,0.5,0.51,0.01,0.01,74730.72,1776633015000
1776633017.562,17.562,0.49,0.5,0.5,0.51,0.01,0.01,74730.72,1776633016000
1776633017.94,17.94,0.49,0.5,0.5,0.51,0.01,0.01,74730.72,1776633017000
1776633018.282,18.282,0.49,0.5,0.5,0.51,0.01,0.01,74730.72,1776633017000
1776633018.705,18.705,0.49,0.5,0.5,0.51,0.01,0.01,74730.72,1776633017000
1776633019.122,19.122,0.49,0.5,0.5,0.51,0.01,0.01,74730.33,1776633018000
1776633019.697,19.697,0.49,0.5,0.5,0.51,0.01,0.01,74730.33,1776633018000
1776633020.045,20.045,0.49,0.5,0.5,0.51,0.01,0.01,74730.33,1776633018000
1776633021.389,21.389,0.48,0.49,0.51,0.52,0.01,0.01,74730.32,1776633019000
1776633022.026,22.026,0.48,0.49,0.51,0.52,0.01,0.01,74730.96,1776633021000
1776633022.416,22.416,0.48,0.49,0.51,0.52,0.01,0.01,74730.96,1776633021000
1776633022.832,22.832,0.47,0.49,0.51,0.52,0.02,0.01,74730.96,1776633021000
1776633023.195,23.195,0.47,0.48,0.52,0.53,0.01,0.01,74730.96,1776633022000
1776633023.625,23.625,0.47,0.48,0.52,0.53,0.01,0.01,74730.96,1776633022000
1776633023.978,23.978,0.47,0.48,0.52,0.53,0.01,0.01,74730.96,1776633022000
1776633024.319,24.319,0.47,0.48,0.52,0.53,0.01,0.01,74730.96,1776633023000
1776633024.678,24.678,0.47,0.48,0.52,0.53,0.01,0.01,74730.96,1776633023000
1776633025.121,25.121,0.47,0.48,0.52,0.53,0.01,0.01,74730.96,1776633023000
1776633025.466,25.466,0.47,0.48,0.52,0.53,0.01,0.01,74730.96,1776633023000
1776633025.959,25.959,0.47,0.48,0.52,0.53,0.01,0.01,74730.8,1776633025000
1776633026.951,26.951,0.47,0.48,0.52,0.53,0.01,0.01,74730.8,1776633025000
1776633028.091,28.091,0.47,0.48,0.52,0.53,0.01,0.01,74730.8,1776633026000
1776633028.48,28.48,0.48,0.49,0.51,0.53,0.01,0.02,74730.8,1776633026000
1776633028.816,28.816,0.48,0.49,0.51,0.52,0.01,0.01,74730.8,1776633026000
1776633029.275,29.275,0.48,0.49,0.51,0.52,0.01,0.01,74730.86,1776633027000
1776633029.873,29.873,0.49,0.5,0.5,0.51,0.01,0.01,74731.07,1776633028000
1776633030.256,30.256,0.49,0.5,0.5,0.51,0.01,0.01,74731.07,1776633029000
1776633030.776,30.776,0.49,0.5,0.5,0.51,0.01,0.01,74731.07,1776633029000
1776633031.114,31.114,0.49,0.5,0.5,0.51,0.01,0.01,74731.07,1776633030000
1776633031.961,31.961,0.47,0.48,0.5,0.54,0.01,0.04,74731.07,1776633030000
1776633032.421,32.421,0.47,0.48,0.52,0.53,0.01,0.01,74731.07,1776633031000
1776633032.919,32.919,0.47,0.48,0.52,0.53,0.01,0.01,74731.07,1776633031000
1776633033.381,33.381,0.47,0.48,0.52,0.53,0.01,0.01,74731.05,1776633032000
1776633033.847,33.847,0.47,0.48,0.52,0.53,0.01,0.01,74731.05,1776633032000
1776633034.387,34.387,0.47,0.48,0.52,0.53,0.01,0.01,74731.05,1776633032000
1776633034.903,34.903,0.47,0.48,0.52,0.53,0.01,0.01,74731.11,1776633034000
1776633035.245,35.245,0.47,0.48,0.52,0.53,0.01,0.01,74731.11,1776633034000
1776633035.584,35.584,0.47,0.48,0.52,0.53,0.01,0.01,74731.11,1776633034000
1776633035.949,35.949,0.47,0.48,0.52,0.53,0.01,0.01,74731.1,1776633035000
1776633036.71,36.71,0.47,0.48,0.52,0.53,0.01,0.01,74731.1,1776633035000
1776633037.213,37.213,0.46,0.47,0.52,0.54,0.01,0.02,74731.21,1776633036000
1776633037.791,37.791,0.46,0.47,0.53,0.54,0.01,0.01,74731.21,1776633036000
1776633038.51,38.51,0.46,0.47,0.53,0.54,0.01,0.01,74731.22,1776633037000
1776633038.853,38.853,0.46,0.47,0.53,0.54,0.01,0.01,74731.22,1776633037000
1776633039.854,39.854,0.46,0.47,0.53,0.54,0.01,0.01,74731.22,1776633038000
1776633040.255,40.255,0.46,0.47,0.53,0.54,0.01,0.01,74731.22,1776633039000
1776633040.892,40.892,0.46,0.47,0.53,0.54,0.01,0.01,74731.22,1776633039000
1776633041.296,41.296,0.46,0.47,0.53,0.54,0.01,0.01,74729.27,1776633040000
1776633041.758,41.758,0.46,0.47,0.53,0.54,0.01,0.01,74729.27,1776633040000
1776633042.287,42.287,0.46,0.47,0.53,0.54,0.01,0.01,74729.27,1776633040000
1776633042.899,42.899,0.46,0.47,0.53,0.54,0.01,0.01,74730.49,1776633041000
1776633043.236,43.236,0.4,0.41,0.56,0.6,0.01,0.04,74730.49,1776633041000
1776633043.581,43.581,0.4,0.41,0.59,0.6,0.01,0.01,74730.49,1776633042000
1776633044.082,44.082,0.39,0.4,0.6,0.61,0.01,0.01,74730.49,1776633042000
1776633044.458,44.458,0.39,0.4,0.6,0.61,0.01,0.01,74730.49,1776633043000
1776633044.797,44.797,0.39,0.4,0.6,0.61,0.01,0.01,74730.49,1776633043000
1776633045.176,45.176,0.38,0.39,0.6,0.62,0.01,0.02,74730.49,1776633043000
1776633045.559,45.559,0.38,0.39,0.61,0.62,0.01,0.01,74724.29,1776633044000
1776633046.014,46.014,0.38,0.39,0.61,0.62,0.01,0.01,74724.29,1776633044000
1776633046.633,46.633,0.38,0.39,0.61,0.62,0.01,0.01,74723.78,1776633045000
1776633047.201,47.201,0.38,0.39,0.61,0.62,0.01,0.01,74722.11,1776633046000
1776633047.702,47.702,0.38,0.39,0.61,0.62,0.01,0.01,74722.11,1776633046000
1776633048.054,48.054,0.38,0.39,0.61,0.62,0.01,0.01,74722.11,1776633046000
1776633048.543,48.543,0.38,0.39,0.61,0.62,0.01,0.01,74721.79,1776633047000
1776633048.903,48.903,0.38,0.39,0.61,0.62,0.01,0.01,74721.79,1776633047000
1776633049.253,49.253,0.38,0.39,0.61,0.62,0.01,0.01,74722.12,1776633048000
1776633049.619,49.619,0.38,0.39,0.61,0.62,0.01,0.01,74722.12,1776633048000
1776633050.126,50.126,0.38,0.39,0.61,0.62,0.01,0.01,74722.12,1776633048000
1776633050.596,50.596,0.38,0.39,0.61,0.62,0.01,0.01,74721.77,1776633049000
1776633051.222,51.222,0.38,0.39,0.61,0.62,0.01,0.01,74721.77,1776633049000
1776633051.582,51.582,0.38,0.39,0.61,0.62,0.01,0.01,74722.03,1776633050000
1776633051.977,51.977,0.38,0.39,0.61,0.62,0.01,0.01,74722.03,1776633050000
1776633052.5,52.5,0.38,0.39,0.6,0.62,0.01,0.02,74721.77,1776633051000
1776633053.075,53.075,0.38,0.39,0.61,0.62,0.01,0.01,74721.77,1776633051000
1776633053.445,53.445,0.38,0.39,0.61,0.62,0.01,0.01,74722.01,1776633052000
1776633053.778,53.778,0.37,0.39,0.61,0.63,0.02,0.02,74722.01,1776633052000
1776633054.654,54.654,0.38,0.39,0.61,0.62,0.01,0.01,74722.0,1776633053000
1776633055.271,55.271,0.38,0.39,0.61,0.62,0.01,0.01,74722.0,1776633053000
1776633055.733,55.733,0.38,0.39,0.61,0.62,0.01,0.01,74721.76,1776633054000
1776633056.069,56.069,0.38,0.4,0.6,0.62,0.02,0.02,74721.76,1776633054000
1776633056.51,56.51,0.39,0.4,0.6,0.61,0.01,0.01,74718.74,1776633055000
1776633056.849,56.849,0.39,0.4,0.6,0.61,0.01,0.01,74718.74,1776633055000
1776633057.377,57.377,0.39,0.4,0.6,0.61,0.01,0.01,74718.74,1776633055000
1776633057.713,57.713,0.39,0.4,0.6,0.61,0.01,0.01,74718.71,1776633056000
1776633058.169,58.169,0.39,0.4,0.6,0.61,0.01,0.01,74718.71,1776633056000
1776633058.791,58.791,0.4,0.41,0.59,0.61,0.01,0.02,74718.71,1776633056000
1776633059.224,59.224,0.4,0.41,0.59,0.6,0.01,0.01,74719.85,1776633057000
1776633059.784,59.784,0.4,0.42,0.59,0.6,0.02,0.01,74720.12,1776633058000
1776633060.366,60.366,0.41,0.42,0.58,0.59,0.01,0.01,74720.56,1776633059000
1776633060.71,60.71,0.41,0.42,0.58,0.59,0.01,0.01,74720.56,1776633059000
1776633061.088,61.088,0.41,0.42,0.58,0.59,0.01,0.01,74720.56,1776633059000
1776633061.465,61.465,0.41,0.42,0.58,0.59,0.01,0.01,74720.56,1776633059000
1776633061.833,61.833,0.41,0.42,0.58,0.59,0.01,0.01,74720.88,1776633060000
1776633062.508,62.508,0.41,0.42,0.58,0.59,0.01,0.01,74721.38,1776633061000
1776633062.978,62.978,0.41,0.42,0.58,0.59,0.01,0.01,74721.38,1776633061000
1776633063.554,63.554,0.41,0.42,0.58,0.59,0.01,0.01,74721.38,1776633062000
1776633064.128,64.128,0.41,0.42,0.58,0.59,0.01,0.01,74721.38,1776633062000
1776633064.505,64.505,0.41,0.42,0.58,0.59,0.01,0.01,74721.39,1776633063000
1776633064.937,64.937,0.41,0.42,0.58,0.59,0.01,0.01,74721.39,1776633063000
1776633065.317,65.317,0.41,0.42,0.58,0.59,0.01,0.01,74721.39,1776633064000
1776633065.706,65.706,0.41,0.42,0.58,0.59,0.01,0.01,74721.39,1776633064000
1776633066.151,66.151,0.41,0.42,0.58,0.59,0.01,0.01,74721.39,1776633064000
1776633066.924,66.924,0.41,0.42,0.58,0.59,0.01,0.01,74721.42,1776633066000
1776633067.592,67.592,0.41,0.42,0.58,0.59,0.01,0.01,74721.42,1776633066000
1776633068.224,68.224,0.41,0.42,0.58,0.59,0.01,0.01,74721.36,1776633067000
1776633068.603,68.603,0.41,0.42,0.58,0.59,0.01,0.01,74721.36,1776633067000
1776633069.237,69.237,0.41,0.42,0.58,0.59,0.01,0.01,74721.36,1776633067000
1776633070.043,70.043,0.41,0.42,0.58,0.59,0.01,0.01,74721.26,1776633069000
1776633070.643,70.643,0.42,0.43,0.57,0.58,0.01,0.01,74721.26,1776633069000
1776633071.082,71.082,0.42,0.43,0.57,0.58,0.01,0.01,74721.26,1776633069000
1776633071.418,71.418,0.42,0.43,0.57,0.58,0.01,0.01,74719.91,1776633070000
1776633071.923,71.923,0.42,0.43,0.57,0.58,0.01,0.01,74719.91,1776633070000
1776633072.261,72.261,0.41,0.43,0.57,0.58,0.02,0.01,74719.91,1776633070000
1776633072.99,72.99,0.41,0.43,0.57,0.59,0.02,0.02,74721.25,1776633072000
1776633073.338,73.338,0.41,0.42,0.58,0.59,0.01,0.01,74721.25,1776633072000
1776633073.763,73.763,0.39,0.4,0.59,0.61,0.01,0.02,74721.25,1776633072000
1776633074.401,74.401,0.39,0.4,0.6,0.61,0.01,0.01,74721.25,1776633072000
1776633074.776,74.776,0.39,0.4,0.6,0.61,0.01,0.01,74721.25,1776633072000
1776633075.297,75.297,0.39,0.4,0.6,0.61,0.01,0.01,74721.25,1776633073000
1776633076.22,76.22,0.39,0.4,0.6,0.61,0.01,0.01,74721.37,1776633074000
1776633076.694,76.694,0.39,0.4,0.6,0.61,0.01,0.01,74721.37,1776633074000
1776633077.166,77.166,0.39,0.4,0.6,0.61,0.01,0.01,74720.84,1776633075000
1776633077.756,77.756,0.39,0.4,0.6,0.61,0.01,0.01,74720.84,1776633075000
1776633078.159,78.159,0.39,0.4,0.6,0.61,0.01,0.01,74720.87,1776633076000
1776633078.527,78.527,0.39,0.4,0.6,0.61,0.01,0.01,74720.87,1776633076000
1776633078.916,78.916,0.38,0.39,0.6,0.62,0.01,0.02,74721.25,1776633077000
1776633079.437,79.437,0.38,0.39,0.61,0.62,0.01,0.01,74721.25,1776633078000
1776633079.823,79.823,0.38,0.39,0.61,0.62,0.01,0.01,74721.25,1776633078000
1776633080.199,80.199,0.38,0.39,0.61,0.62,0.01,0.01,74721.25,1776633078000
1776633080.69,80.69,0.38,0.39,0.61,0.62,0.01,0.01,74721.47,1776633079000
1776633081.508,81.508,0.38,0.39,0.61,0.62,0.01,0.01,74721.47,1776633079000
1776633081.851,81.851,0.32,0.33,0.67,0.68,0.01,0.01,74721.58,1776633080000
1776633082.21,82.21,0.27,0.31,0.69,0.72,0.04,0.03,74721.58,1776633080000
1776633082.62,82.62,0.24,0.26,0.74,0.76,0.02,0.02,74721.56,1776633081000
1776633082.953,82.953,0.25,0.26,0.74,0.75,0.01,0.01,74721.56,1776633081000
1776633083.383,83.383,0.23,0.25,0.74,0.76,0.02,0.02,74721.47,1776633082000
1776633083.729,83.729,0.2,0.23,0.77,0.8,0.03,0.03,74721.47,1776633082000
1776633084.1,84.1,0.16,0.2,0.8,0.84,0.04,0.04,74721.47,1776633082000
1776633084.455,84.455,0.16,0.17,0.83,0.84,0.01,0.01,74721.47,1776633082000
1776633084.792,84.792,0.16,0.17,0.83,0.84,0.01,0.01,74701.55,1776633083000
1776633085.13,85.13,0.16,0.17,0.83,0.84,0.01,0.01,74701.55,1776633083000
1776633085.496,85.496,0.16,0.17,0.83,0.84,0.01,0.01,74697.28,1776633084000
1776633086.179,86.179,0.16,0.17,0.83,0.84,0.01,0.01,74697.28,1776633084000
1776633086.562,86.562,0.16,0.17,0.83,0.84,0.01,0.01,74692.09,1776633085000
1776633087.157,87.157,0.16,0.17,0.83,0.84,0.01,0.01,74690.38,1776633086000
1776633087.767,87.767,0.16,0.17,0.83,0.84,0.01,0.01,74690.38,1776633086000
1776633088.185,88.185,0.16,0.17,0.83,0.84,0.01,0.01,74690.38,1776633086000
1776633088.731,88.731,0.16,0.17,0.83,0.84,0.01,0.01,74690.12,1776633087000
1776633089.098,89.098,0.16,0.17,0.83,0.84,0.01,0.01,74690.12,1776633087000
1776633089.48,89.48,0.16,0.17,0.83,0.84,0.01,0.01,74690.12,1776633088000
1776633090.279,90.279,0.16,0.17,0.83,0.84,0.01,0.01,74690.12,1776633088000
1776633090.638,90.638,0.16,0.17,0.83,0.84,0.01,0.01,74689.25,1776633089000
1776633090.982,90.982,0.12,0.14,0.86,0.88,0.02,0.02,74689.25,1776633089000
1776633091.329,91.329,0.11,0.13,0.87,0.89,0.02,0.02,74689.25,1776633089000
1776633091.723,91.723,0.09,0.1,0.9,0.91,0.01,0.01,74689.25,1776633089000
1776633092.078,92.078,0.09,0.1,0.9,0.91,0.01,0.01,74689.18,1776633090000
1776633092.416,92.416,0.09,0.1,0.9,0.91,0.01,0.01,74689.18,1776633090000
1776633092.812,92.812,0.09,0.1,0.9,0.91,0.01,0.01,74689.18,1776633090000
1776633093.15,93.15,0.09,0.1,0.9,0.91,0.01,0.01,74683.24,1776633091000
1776633093.553,93.553,0.09,0.1,0.9,0.91,0.01,0.01,74683.24,1776633091000
1776633093.897,93.897,0.09,0.1,0.9,0.91,0.01,0.01,74673.57,1776633092000
1776633094.291,94.291,0.09,0.1,0.9,0.91,0.01,0.01,74673.57,1776633092000
1776633094.661,94.661,0.09,0.1,0.9,0.91,0.01,0.01,74669.28,1776633093000
1776633095.235,95.235,0.09,0.1,0.9,0.91,0.01,0.01,74669.28,1776633093000
1776633095.609,95.609,0.09,0.1,0.9,0.91,0.01,0.01,74668.05,1776633094000
1776633095.976,95.976,0.09,0.1,0.9,0.91,0.01,0.01,74668.05,1776633094000
1776633096.559,96.559,0.09,0.11,0.9,0.91,0.02,0.01,74668.05,1776633094000
1776633096.922,96.922,0.1,0.11,0.89,0.9,0.01,0.01,74667.84,1776633095000
1776633097.316,97.316,0.1,0.11,0.89,0.9,0.01,0.01,74667.84,1776633095000
1776633098.199,98.199,0.1,0.11,0.89,0.9,0.01,0.01,74667.53,1776633096000
1776633098.551,98.551,0.1,0.11,0.89,0.9,0.01,0.01,74666.58,1776633097000
1776633098.952,98.952,0.1,0.11,0.89,0.9,0.01,0.01,74666.58,1776633097000
1776633099.518,99.518,0.1,0.11,0.89,0.9,0.01,0.01,74666.57,1776633098000
1776633100.193,100.193,0.1,0.11,0.89,0.9,0.01,0.01,74666.57,1776633098000
1776633100.545,100.545,0.09,0.1,0.89,0.91,0.01,0.02,74666.56,1776633099000
1776633100.933,100.933,0.09,0.1,0.9,0.91,0.01,0.01,74666.56,1776633099000
1776633101.304,101.304,0.09,0.1,0.9,0.91,0.01,0.01,74666.56,1776633099000
1776633101.826,101.826,0.09,0.1,0.9,0.91,0.01,0.01,74666.27,1776633100000
1776633102.245,102.245,0.08,0.1,0.9,0.92,0.02,0.02,74665.88,1776633101000
1776633102.639,102.639,0.08,0.09,0.91,0.92,0.01,0.01,74665.88,1776633101000
1776633103.076,103.076,0.08,0.09,0.91,0.92,0.01,0.01,74662.89,1776633102000
1776633103.432,103.432,0.08,0.09,0.91,0.92,0.01,0.01,74662.89,1776633102000
1776633103.781,103.781,0.08,0.09,0.91,0.92,0.01,0.01,74662.89,1776633102000
1776633104.361,104.361,0.08,0.09,0.91,0.92,0.01,0.01,74662.89,1776633102000
1776633104.708,104.708,0.08,0.09,0.91,0.92,0.01,0.01,74662.47,1776633103000
1776633105.06,105.06,0.08,0.09,0.91,0.92,0.01,0.01,74662.47,1776633103000
1776633105.728,105.728,0.08,0.09,0.91,0.92,0.01,0.01,74662.81,1776633104000
1776633106.22,106.22,0.08,0.09,0.91,0.92,0.01,0.01,74662.81,1776633104000
1776633106.689,106.689,0.08,0.09,0.91,0.92,0.01,0.01,74660.26,1776633105000
1776633107.033,107.033,0.08,0.09,0.91,0.92,0.01,0.01,74660.26,1776633105000
1776633107.474,107.474,0.08,0.09,0.91,0.92,0.01,0.01,74660.26,1776633105000
1776633107.814,107.814,0.08,0.09,0.91,0.92,0.01,0.01,74663.15,1776633106000
1776633108.272,108.272,0.08,0.09,0.91,0.92,0.01,0.01,74662.8,1776633107000
1776633108.723,108.723,0.08,0.09,0.91,0.92,0.01,0.01,74662.8,1776633107000
1776633109.463,109.463,0.08,0.09,0.91,0.92,0.01,0.01,74662.8,1776633107000
1776633109.965,109.965,0.08,0.09,0.91,0.92,0.01,0.01,74663.15,1776633108000
1776633110.333,110.333,0.07,0.08,0.92,0.93,0.01,0.01,74663.15,1776633108000
1776633110.686,110.686,0.07,0.08,0.92,0.93,0.01,0.01,74662.77,1776633109000
1776633111.177,111.177,0.07,0.08,0.92,0.93,0.01,0.01,74662.77,1776633109000
1776633111.554,111.554,0.07,0.08,0.92,0.93,0.01,0.01,74659.82,1776633110000
1776633111.976,111.976,0.06,0.07,0.92,0.94,0.01,0.02,74659.82,1776633110000
1776633112.406,112.406,0.06,0.07,0.93,0.94,0.01,0.01,74659.82,1776633110000
1776633112.828,112.828,0.06,0.07,0.93,0.94,0.01,0.01,74659.82,1776633110000
1776633113.162,113.162,0.06,0.07,0.93,0.94,0.01,0.01,74659.82,1776633110000
1776633113.749,113.749,0.05,0.06,0.93,0.95,0.01,0.02,74653.21,1776633112000
1776633114.091,114.091,0.05,0.06,0.94,0.95,0.01,0.01,74653.21,1776633112000
1776633114.493,114.493,0.05,0.06,0.94,0.95,0.01,0.01,74650.68,1776633113000
1776633114.868,114.868,0.05,0.06,0.94,0.95,0.01,0.01,74650.68,1776633113000
1776633115.213,115.213,0.05,0.06,0.94,0.95,0.01,0.01,74650.68,1776633113000
1776633115.692,115.692,0.05,0.06,0.94,0.95,0.01,0.01,74650.05,1776633114000
1776633116.049,116.049,0.05,0.06,0.94,0.95,0.01,0.01,74649.22,1776633115000
1776633116.442,116.442,0.05,0.06,0.94,0.95,0.01,0.01,74649.22,1776633115000
1776633116.865,116.865,0.05,0.06,0.94,0.95,0.01,0.01,74649.22,1776633115000
1776633117.397,117.397,0.05,0.06,0.94,0.95,0.01,0.01,74647.85,1776633116000
1776633118.037,118.037,0.06,0.07,0.93,0.95,0.01,0.02,74647.85,1776633116000
1776633118.538,118.538,0.06,0.07,0.93,0.94,0.01,0.01,74644.55,1776633117000
1776633118.898,118.898,0.06,0.07,0.93,0.94,0.01,0.01,74644.55,1776633117000
1776633119.235,119.235,0.06,0.07,0.93,0.94,0.01,0.01,74644.55,1776633117000
1776633119.588,119.588,0.06,0.07,0.93,0.94,0.01,0.01,74644.55,1776633117000
1776633119.981,119.981,0.06,0.07,0.93,0.94,0.01,0.01,74643.8,1776633118000
1776633120.401,120.401,0.06,0.07,0.93,0.94,0.01,0.01,74643.8,1776633119000
1776633120.842,120.842,0.06,0.07,0.93,0.94,0.01,0.01,74643.8,1776633119000
1776633121.288,121.288,0.06,0.07,0.93,0.94,0.01,0.01,74643.8,1776633119000
1776633121.89,121.89,0.06,0.07,0.93,0.94,0.01,0.01,74643.79,1776633120000
1776633122.283,122.283,0.06,0.07,0.93,0.94,0.01,0.01,74642.47,1776633121000
1776633122.837,122.837,0.05,0.06,0.94,0.95,0.01,0.01,74642.47,1776633121000
1776633123.17,123.17,0.05,0.06,0.94,0.95,0.01,0.01,74642.47,1776633121000
1776633123.609,123.609,0.05,0.06,0.94,0.95,0.01,0.01,74644.1,1776633122000
1776633123.98,123.98,0.05,0.06,0.94,0.95,0.01,0.01,74644.49,1776633123000
1776633124.319,124.319,0.05,0.07,0.94,0.95,0.02,0.01,74644.49,1776633123000
1776633124.943,124.943,0.05,0.06,0.94,0.95,0.01,0.01,74644.58,1776633124000
1776633125.783,125.783,0.05,0.06,0.94,0.95,0.01,0.01,74644.58,1776633124000
1776633126.137,126.137,0.05,0.06,0.94,0.95,0.01,0.01,74644.26,1776633125000
1776633126.589,126.589,0.05,0.06,0.94,0.95,0.01,0.01,74644.26,1776633125000
1776633126.99,126.99,0.06,0.07,0.93,0.94,0.01,0.01,74644.26,1776633125000
1776633127.439,127.439,0.06,0.07,0.93,0.94,0.01,0.01,74644.26,1776633125000
1776633127.904,127.904,0.06,0.07,0.93,0.94,0.01,0.01,74644.14,1776633126000
1776633128.291,128.291,0.06,0.07,0.93,0.94,0.01,0.01,74644.14,1776633126000
1776633128.742,128.742,0.06,0.07,0.93,0.94,0.01,0.01,74644.14,1776633127000
1776633129.115,129.115,0.06,0.07,0.93,0.94,0.01,0.01,74643.29,1776633128000
1776633129.985,129.985,0.06,0.07,0.93,0.94,0.01,0.01,74643.29,1776633129000
1776633131.026,131.026,0.06,0.07,0.93,0.94,0.01,0.01,74643.29,1776633129000
1776633131.363,131.363,0.06,0.07,0.93,0.94,0.01,0.01,74643.29,1776633129000
1776633131.966,131.966,0.06,0.07,0.93,0.94,0.01,0.01,74643.51,1776633130000
1776633132.986,132.986,0.05,0.06,0.94,0.95,0.01,0.01,74643.18,1776633131000
1776633133.469,133.469,0.05,0.06,0.94,0.95,0.01,0.01,74643.09,1776633132000
1776633134.109,134.109,0.05,0.06,0.94,0.95,0.01,0.01,74643.09,1776633132000
1776633134.679,134.679,0.05,0.06,0.94,0.95,0.01,0.01,74643.64,1776633133000
1776633135.091,135.091,0.05,0.08,0.87,0.95,0.03,0.08,74643.64,1776633133000
1776633135.444,135.444,0.07,0.08,0.92,0.93,0.01,0.01,74643.64,1776633133000
1776633135.853,135.853,0.07,0.08,0.92,0.93,0.01,0.01,74643.64,1776633133000
1776633136.22,136.22,0.07,0.08,0.92,0.93,0.01,0.01,74644.11,1776633134000
1776633136.581,136.581,0.07,0.08,0.92,0.93,0.01,0.01,74644.28,1776633135000
1776633136.96,136.96,0.07,0.08,0.92,0.93,0.01,0.01,74644.28,1776633135000
1776633137.331,137.331,0.07,0.08,0.92,0.93,0.01,0.01,74644.28,1776633136000
1776633137.71,137.71,0.07,0.08,0.92,0.93,0.01,0.01,74644.28,1776633136000
1776633138.049,138.049,0.06,0.07,0.93,0.94,0.01,0.01,74644.28,1776633136000
1776633138.44,138.44,0.06,0.07,0.93,0.94,0.01,0.01,74644.27,1776633137000
1776633138.789,138.789,0.06,0.07,0.93,0.94,0.01,0.01,74644.27,1776633137000
1776633139.213,139.213,0.05,0.06,0.94,0.95,0.01,0.01,74644.27,1776633137000
1776633139.548,139.548,0.05,0.06,0.94,0.95,0.01,0.01,74644.27,1776633137000
1776633139.881,139.881,0.05,0.06,0.94,0.95,0.01,0.01,74646.06,1776633138000
1776633140.303,140.303,0.05,0.06,0.94,0.95,0.01,0.01,74646.53,1776633139000
1776633140.703,140.703,0.05,0.06,0.94,0.95,0.01,0.01,74646.53,1776633139000
1776633141.059,141.059,0.05,0.06,0.94,0.95,0.01,0.01,74646.53,1776633139000
1776633141.49,141.49,0.05,0.06,0.94,0.95,0.01,0.01,74646.53,1776633139000
1776633141.87,141.87,0.05,0.06,0.94,0.95,0.01,0.01,74647.12,1776633140000
1776633142.223,142.223,0.05,0.06,0.94,0.95,0.01,0.01,74647.12,1776633141000
1776633142.565,142.565,0.04,0.06,0.94,0.96,0.02,0.02,74647.12,1776633141000
1776633142.905,142.905,0.05,0.06,0.94,0.95,0.01,0.01,74647.12,1776633141000
1776633143.269,143.269,0.05,0.06,0.94,0.95,0.01,0.01,74647.12,1776633141000
1776633143.605,143.605,0.05,0.06,0.94,0.95,0.01,0.01,74647.12,1776633141000
1776633144.052,144.052,0.05,0.06,0.94,0.95,0.01,0.01,74647.11,1776633142000
1776633144.413,144.413,0.05,0.06,0.94,0.95,0.01,0.01,74647.11,1776633142000
1776633144.766,144.766,0.05,0.06,0.94,0.95,0.01,0.01,74647.11,1776633143000
1776633145.279,145.279,0.05,0.06,0.94,0.95,0.01,0.01,74647.22,1776633144000
1776633145.614,145.614,0.05,0.06,0.94,0.95,0.01,0.01,74647.22,1776633144000
1776633146.094,146.094,0.05,0.06,0.94,0.95,0.01,0.01,74647.22,1776633145000
1776633146.597,146.597,0.05,0.06,0.94,0.95,0.01,0.01,74647.22,1776633145000
1776633147.02,147.02,0.05,0.06,0.94,0.95,0.01,0.01,74647.22,1776633145000
1776633147.368,147.368,0.05,0.06,0.94,0.95,0.01,0.01,74647.21,1776633146000
1776633148.376,148.376,0.05,0.06,0.94,0.95,0.01,0.01,74647.21,1776633147000
1776633148.897,148.897,0.05,0.06,0.94,0.95,0.01,0.01,74647.21,1776633147000
1776633149.453,149.453,0.05,0.06,0.94,0.95,0.01,0.01,74647.22,1776633148000
1776633150.008,150.008,0.05,0.06,0.94,0.95,0.01,0.01,74646.98,1776633149000
1776633150.461,150.461,0.05,0.06,0.94,0.95,0.01,0.01,74646.98,1776633149000
1776633150.822,150.822,0.05,0.06,0.94,0.95,0.01,0.01,74646.98,1776633149000
1776633151.44,151.44,0.05,0.06,0.94,0.95,0.01,0.01,74647.08,1776633150000
1776633151.861,151.861,0.05,0.06,0.94,0.95,0.01,0.01,74647.08,1776633150000
1776633152.214,152.214,0.05,0.06,0.94,0.95,0.01,0.01,74647.21,1776633151000
1776633152.652,152.652,0.05,0.06,0.94,0.95,0.01,0.01,74647.21,1776633151000
1776633152.992,152.992,0.05,0.06,0.94,0.95,0.01,0.01,74647.21,1776633151000
1776633153.401,153.401,0.05,0.06,0.94,0.95,0.01,0.01,74647.21,1776633152000
1776633154.128,154.128,0.05,0.06,0.94,0.95,0.01,0.01,74647.21,1776633152000
1776633154.698,154.698,0.05,0.06,0.94,0.95,0.01,0.01,74647.21,1776633153000
1776633155.332,155.332,0.05,0.06,0.94,0.95,0.01,0.01,74646.86,1776633154000
1776633155.713,155.713,0.05,0.06,0.94,0.95,0.01,0.01,74646.86,1776633154000
1776633156.187,156.187,0.05,0.06,0.94,0.95,0.01,0.01,74646.86,1776633154000
1776633156.55,156.55,0.05,0.06,0.94,0.95,0.01,0.01,74647.6,1776633155000
1776633157.06,157.06,0.05,0.06,0.94,0.95,0.01,0.01,74647.6,1776633155000
1776633157.613,157.613,0.05,0.06,0.94,0.95,0.01,0.01,74647.6,1776633155000
1776633158.213,158.213,0.05,0.06,0.94,0.95,0.01,0.01,74647.47,1776633157000
1776633158.839,158.839,0.05,0.06,0.94,0.95,0.01,0.01,74647.47,1776633157000
1776633159.263,159.263,0.05,0.06,0.94,0.95,0.01,0.01,74647.98,1776633158000
1776633160.578,160.578,0.05,0.06,0.94,0.95,0.01,0.01,74647.99,1776633159000
1776633161.278,161.278,0.05,0.06,0.94,0.95,0.01,0.01,74647.73,1776633160000
1776633162.288,162.288,0.05,0.06,0.94,0.95,0.01,0.01,74647.73,1776633160000
1776633162.864,162.864,0.05,0.06,0.94,0.95,0.01,0.01,74647.6,1776633161000
1776633163.509,163.509,0.05,0.06,0.94,0.95,0.01,0.01,74647.6,1776633161000
1776633164.103,164.103,0.04,0.06,0.94,0.96,0.02,0.02,74647.43,1776633163000
1776633164.47,164.47,0.05,0.06,0.94,0.95,0.01,0.01,74647.43,1776633163000
1776633164.994,164.994,0.05,0.06,0.94,0.95,0.01,0.01,74647.43,1776633163000
1776633165.332,165.332,0.05,0.06,0.94,0.95,0.01,0.01,74647.36,1776633164000
1776633166.334,166.334,0.05,0.06,0.94,0.95,0.01,0.01,74647.36,1776633164000
1776633166.671,166.671,0.05,0.06,0.94,0.95,0.01,0.01,74647.36,1776633165000
1776633167.065,167.065,0.05,0.06,0.94,0.95,0.01,0.01,74647.44,1776633166000
1776633167.524,167.524,0.05,0.06,0.94,0.95,0.01,0.01,74647.44,1776633166000
1776633168.087,168.087,0.05,0.06,0.94,0.95,0.01,0.01,74647.44,1776633167000
1776633168.525,168.525,0.04,0.06,0.94,0.95,0.02,0.01,74647.44,1776633167000
1776633169.112,169.112,0.04,0.05,0.95,0.96,0.01,0.01,74647.44,1776633167000
1776633170.024,170.024,0.04,0.05,0.95,0.96,0.01,0.01,74647.45,1776633168000
1776633170.483,170.483,0.04,0.05,0.95,0.96,0.01,0.01,74647.45,1776633169000
1776633170.833,170.833,0.04,0.05,0.95,0.96,0.01,0.01,74647.45,1776633169000
1776633171.289,171.289,0.04,0.05,0.95,0.96,0.01,0.01,74647.45,1776633170000
1776633172.354,172.354,0.04,0.05,0.95,0.96,0.01,0.01,74647.45,1776633171000
1776633172.99,172.99,0.04,0.05,0.95,0.96,0.01,0.01,74647.45,1776633171000
1776633173.331,173.331,0.04,0.05,0.95,0.96,0.01,0.01,74647.44,1776633172000
1776633173.749,173.749,0.04,0.05,0.95,0.96,0.01,0.01,74647.44,1776633172000
1776633174.332,174.332,0.04,0.05,0.95,0.96,0.01,0.01,74647.44,1776633173000
1776633174.895,174.895,0.04,0.05,0.95,0.96,0.01,0.01,74647.44,1776633174000
1776633175.359,175.359,0.04,0.05,0.95,0.96,0.01,0.01,74647.44,1776633174000
1776633175.972,175.972,0.04,0.05,0.95,0.96,0.01,0.01,74647.44,1776633175000
1776633176.36,176.36,0.04,0.05,0.95,0.96,0.01,0.01,74647.44,1776633175000
1776633176.906,176.906,0.04,0.05,0.95,0.96,0.01,0.01,74647.44,1776633176000
1776633177.831,177.831,0.04,0.05,0.95,0.96,0.01,0.01,74647.44,1776633176000
1776633178.196,178.196,0.04,0.05,0.95,0.96,0.01,0.01,74647.41,1776633177000
1776633178.924,178.924,0.04,0.05,0.95,0.96,0.01,0.01,74647.41,1776633178000
1776633179.645,179.645,0.04,0.05,0.95,0.96,0.01,0.01,74647.41,1776633178000
1776633179.985,179.985,0.04,0.05,0.95,0.96,0.01,0.01,74647.4,1776633179000
1776633180.709,180.709,0.04,0.05,0.95,0.96,0.01,0.01,74647.4,1776633179000
1776633181.044,181.044,0.03,0.05,0.95,0.96,0.02,0.01,74647.34,1776633180000
1776633181.395,181.395,0.03,0.04,0.96,0.97,0.01,0.01,74647.34,1776633180000
1776633181.73,181.73,0.03,0.04,0.96,0.97,0.01,0.01,74647.34,1776633180000
1776633182.087,182.087,0.02,0.03,0.97,0.98,0.01,0.01,74647.34,1776633181000
1776633182.479,182.479,0.02,0.03,0.97,0.98,0.01,0.01,74647.34,1776633181000
1776633182.912,182.912,0.02,0.03,0.97,0.98,0.01,0.01,74647.34,1776633181000
1776633183.782,183.782,0.02,0.03,0.97,0.98,0.01,0.01,74616.74,1776633182000
1776633185.104,185.104,0.02,0.03,0.97,0.98,0.01,0.01,74611.8,1776633184000
1776633186.276,186.276,0.02,0.03,0.97,0.98,0.01,0.01,74611.8,1776633184000
1776633186.616,186.616,0.02,0.03,0.97,0.98,0.01,0.01,74611.8,1776633184000
1776633187.096,187.096,0.02,0.03,0.97,0.98,0.01,0.01,74604.28,1776633185000
1776633187.455,187.455,0.02,0.03,0.97,0.98,0.01,0.01,74604.22,1776633186000
1776633188.082,188.082,0.02,0.03,0.97,0.98,0.01,0.01,74604.22,1776633186000
1776633188.535,188.535,0.01,0.02,0.98,0.99,0.01,0.01,74602.16,1776633187000
1776633188.906,188.906,0.01,0.02,0.98,0.99,0.01,0.01,74602.16,1776633187000
1776633189.313,189.313,0.01,0.02,0.98,0.99,0.01,0.01,74602.16,1776633188000
1776633189.752,189.752,0.01,0.04,0.96,0.99,0.03,0.03,74602.16,1776633188000
1776633190.092,190.092,0.03,0.08,0.95,0.98,0.05,0.03,74602.16,1776633188000
1776633190.562,190.562,0.07,0.08,0.89,0.93,0.01,0.04,74611.07,1776633189000
1776633190.919,190.919,0.09,0.13,0.87,0.91,0.04,0.04,74611.07,1776633189000
1776633191.258,191.258,0.12,0.13,0.85,0.88,0.01,0.03,74643.85,1776633190000
1776633191.646,191.646,0.1,0.14,0.85,0.9,0.04,0.05,74643.85,1776633190000
1776633191.982,191.982,0.1,0.14,0.86,0.9,0.04,0.04,74643.85,1776633190000
1776633192.316,192.316,0.11,0.14,0.86,0.89,0.03,0.03,74643.85,1776633190000
1776633192.664,192.664,0.12,0.13,0.87,0.88,0.01,0.01,74660.81,1776633191000
1776633193.003,193.003,0.13,0.17,0.83,0.85,0.04,0.02,74660.81,1776633191000
1776633193.391,193.391,0.13,0.14,0.86,0.87,0.01,0.01,74660.86,1776633192000
1776633193.729,193.729,0.13,0.14,0.86,0.87,0.01,0.01,74660.86,1776633192000
1776633194.078,194.078,0.13,0.14,0.86,0.87,0.01,0.01,74660.86,1776633192000
1776633194.462,194.462,0.13,0.15,0.85,0.87,0.02,0.02,74661.26,1776633193000
1776633194.807,194.807,0.14,0.15,0.85,0.86,0.01,0.01,74661.26,1776633193000
1776633195.171,195.171,0.14,0.15,0.85,0.86,0.01,0.01,74661.26,1776633193000
1776633195.517,195.517,0.13,0.14,0.85,0.87,0.01,0.02,74661.26,1776633193000
1776633195.886,195.886,0.13,0.14,0.86,0.87,0.01,0.01,74661.28,1776633194000
1776633196.261,196.261,0.12,0.13,0.86,0.88,0.01,0.02,74661.28,1776633194000
1776633196.601,196.601,0.12,0.13,0.87,0.88,0.01,0.01,74661.28,1776633194000
1776633196.938,196.938,0.12,0.13,0.87,0.88,0.01,0.01,74661.28,1776633194000
1776633197.328,197.328,0.11,0.13,0.87,0.89,0.02,0.02,74660.09,1776633195000
1776633197.668,197.668,0.11,0.13,0.87,0.89,0.02,0.02,74660.09,1776633196000
1776633198.005,198.005,0.11,0.12,0.88,0.89,0.01,0.01,74660.09,1776633196000
1776633198.422,198.422,0.11,0.12,0.88,0.89,0.01,0.01,74660.09,1776633196000
1776633198.804,198.804,0.11,0.12,0.88,0.89,0.01,0.01,74659.94,1776633197000
1776633199.217,199.217,0.11,0.12,0.88,0.89,0.01,0.01,74659.94,1776633197000
1776633199.643,199.643,0.11,0.12,0.88,0.9,0.01,0.02,74659.94,1776633197000
1776633199.986,199.986,0.1,0.11,0.89,0.9,0.01,0.01,74660.43,1776633198000
1776633200.404,200.404,0.1,0.11,0.89,0.9,0.01,0.01,74660.43,1776633198000
1776633200.805,200.805,0.09,0.1,0.89,0.91,0.01,0.02,74660.21,1776633199000
1776633201.146,201.146,0.09,0.1,0.9,0.91,0.01,0.01,74660.21,1776633199000
1776633201.532,201.532,0.08,0.1,0.9,0.91,0.02,0.01,74660.21,1776633199000
1776633201.873,201.873,0.08,0.09,0.91,0.92,0.01,0.01,74660.21,1776633200000
1776633202.22,202.22,0.08,0.09,0.91,0.92,0.01,0.01,74659.74,1776633201000
1776633202.554,202.554,0.08,0.09,0.91,0.92,0.01,0.01,74659.74,1776633201000
1776633202.89,202.89,0.08,0.09,0.91,0.92,0.01,0.01,74659.74,1776633201000
1776633203.237,203.237,0.07,0.08,0.92,0.93,0.01,0.01,74660.02,1776633202000
1776633203.608,203.608,0.07,0.08,0.92,0.93,0.01,0.01,74660.02,1776633202000
1776633203.971,203.971,0.07,0.08,0.92,0.93,0.01,0.01,74660.43,1776633203000
1776633204.411,204.411,0.07,0.08,0.92,0.93,0.01,0.01,74660.43,1776633203000
1776633204.775,204.775,0.07,0.08,0.92,0.93,0.01,0.01,74660.43,1776633203000
1776633205.21,205.21,0.07,0.08,0.92,0.93,0.01,0.01,74660.19,1776633204000
1776633205.889,205.889,0.07,0.08,0.92,0.93,0.01,0.01,74660.19,1776633204000
1776633206.24,206.24,0.07,0.08,0.92,0.93,0.01,0.01,74660.19,1776633205000
1776633206.93,206.93,0.07,0.08,0.92,0.93,0.01,0.01,74660.19,1776633205000
1776633207.291,207.291,0.07,0.08,0.92,0.93,0.01,0.01,74660.21,1776633206000
1776633207.635,207.635,0.07,0.08,0.92,0.93,0.01,0.01,74660.21,1776633206000
1776633208.438,208.438,0.07,0.08,0.92,0.93,0.01,0.01,74660.14,1776633207000
1776633208.936,208.936,0.07,0.08,0.92,0.93,0.01,0.01,74660.14,1776633208000
1776633209.536,209.536,0.07,0.08,0.92,0.93,0.01,0.01,74660.14,1776633208000
1776633210.003,210.003,0.07,0.08,0.92,0.93,0.01,0.01,74660.15,1776633209000
1776633210.378,210.378,0.05,0.06,0.94,0.95,0.01,0.01,74660.15,1776633209000
1776633210.712,210.712,0.05,0.06,0.94,0.95,0.01,0.01,74660.15,1776633209000
1776633211.069,211.069,0.05,0.06,0.94,0.95,0.01,0.01,74660.22,1776633210000
1776633211.539,211.539,0.05,0.06,0.94,0.95,0.01,0.01,74660.22,1776633210000
1776633211.951,211.951,0.05,0.06,0.94,0.95,0.01,0.01,74660.22,1776633211000
1776633212.373,212.373,0.05,0.06,0.94,0.95,0.01,0.01,74660.22,1776633211000
1776633212.757,212.757,0.05,0.06,0.94,0.95,0.01,0.01,74660.22,1776633211000
1776633213.338,213.338,0.05,0.06,0.94,0.95,0.01,0.01,74660.3,1776633212000
1776633213.832,213.832,0.05,0.06,0.94,0.95,0.01,0.01,74660.3,1776633212000
1776633214.385,214.385,0.05,0.06,0.94,0.95,0.01,0.01,74660.3,1776633212000
1776633214.97,214.97,0.05,0.06,0.94,0.95,0.01,0.01,74660.61,1776633213000
1776633215.513,215.513,0.05,0.06,0.94,0.95,0.01,0.01,74660.31,1776633214000
1776633216.014,216.014,0.05,0.06,0.94,0.95,0.01,0.01,74660.31,1776633214000
1776633216.576,216.576,0.05,0.06,0.94,0.95,0.01,0.01,74660.31,1776633215000
1776633216.982,216.982,0.05,0.06,0.94,0.95,0.01,0.01,74660.31,1776633215000
1776633217.32,217.32,0.05,0.06,0.94,0.95,0.01,0.01,74660.31,1776633216000
1776633217.959,217.959,0.03,0.04,0.96,0.97,0.01,0.01,74660.31,1776633216000
1776633218.299,218.299,0.03,0.04,0.96,0.97,0.01,0.01,74660.31,1776633217000
1776633218.632,218.632,0.03,0.04,0.96,0.97,0.01,0.01,74660.31,1776633217000
1776633218.979,218.979,0.03,0.04,0.96,0.97,0.01,0.01,74660.28,1776633218000
1776633219.313,219.313,0.03,0.04,0.96,0.97,0.01,0.01,74660.28,1776633218000
1776633220.03,220.03,0.03,0.04,0.96,0.97,0.01,0.01,74660.28,1776633218000
1776633220.508,220.508,0.03,0.04,0.96,0.97,0.01,0.01,74656.91,1776633219000
1776633221.289,221.289,0.03,0.04,0.96,0.97,0.01,0.01,74656.6,1776633220000
1776633221.72,221.72,0.03,0.04,0.96,0.97,0.01,0.01,74656.6,1776633220000
1776633222.216,222.216,0.03,0.04,0.96,0.97,0.01,0.01,74656.6,1776633220000
1776633222.62,222.62,0.02,0.03,0.96,0.97,0.01,0.01,74656.6,1776633221000
1776633223.231,223.231,0.02,0.03,0.97,0.98,0.01,0.01,74656.6,1776633221000
1776633223.668,223.668,0.02,0.03,0.97,0.98,0.01,0.01,74656.61,1776633222000
1776633224.024,224.024,0.02,0.03,0.97,0.98,0.01,0.01,74656.61,1776633223000
1776633224.777,224.777,0.02,0.03,0.97,0.98,0.01,0.01,74656.61,1776633223000
1776633225.26,225.26,0.02,0.03,0.97,0.98,0.01,0.01,74656.61,1776633224000
1776633225.611,225.611,0.02,0.03,0.97,0.98,0.01,0.01,74656.61,1776633224000
1776633225.95,225.95,0.02,0.03,0.97,0.98,0.01,0.01,74656.61,1776633224000
1776633226.293,226.293,0.02,0.03,0.97,0.98,0.01,0.01,74656.79,1776633225000
1776633226.829,226.829,0.03,0.04,0.97,0.98,0.01,0.01,74656.79,1776633225000
1776633227.261,227.261,0.03,0.04,0.96,0.97,0.01,0.01,74657.04,1776633226000
1776633227.745,227.745,0.03,0.04,0.96,0.97,0.01,0.01,74657.04,1776633226000
1776633228.74,228.74,0.03,0.04,0.96,0.97,0.01,0.01,74657.04,1776633226000
1776633229.204,229.204,0.03,0.04,0.96,0.97,0.01,0.01,74659.5,1776633227000
1776633229.811,229.811,0.03,0.04,0.96,0.97,0.01,0.01,74659.43,1776633228000
1776633230.437,230.437,0.03,0.04,0.96,0.97,0.01,0.01,74659.43,1776633228000
1776633230.778,230.778,0.04,0.05,0.95,0.97,0.01,0.02,74659.43,1776633228000
1776633231.369,231.369,0.04,0.05,0.95,0.96,0.01,0.01,74659.44,1776633229000
1776633231.914,231.914,0.04,0.05,0.95,0.96,0.01,0.01,74660.47,1776633230000
1776633232.379,232.379,0.04,0.05,0.95,0.96,0.01,0.01,74660.47,1776633230000
1776633232.997,232.997,0.04,0.05,0.95,0.96,0.01,0.01,74661.6,1776633231000
1776633233.563,233.563,0.04,0.05,0.95,0.96,0.01,0.01,74663.01,1776633232000
1776633234.251,234.251,0.04,0.05,0.95,0.96,0.01,0.01,74664.04,1776633233000
1776633234.694,234.694,0.04,0.05,0.95,0.96,0.01,0.01,74664.04,1776633233000
1776633235.414,235.414,0.04,0.05,0.95,0.96,0.01,0.01,74664.04,1776633234000
1776633235.931,235.931,0.04,0.05,0.95,0.96,0.01,0.01,74664.06,1776633235000
1776633236.278,236.278,0.04,0.05,0.95,0.96,0.01,0.01,74664.06,1776633235000
1776633237.071,237.071,0.04,0.05,0.95,0.96,0.01,0.01,74664.06,1776633235000
1776633237.911,237.911,0.04,0.05,0.95,0.96,0.01,0.01,74664.05,1776633236000
1776633238.784,238.784,0.04,0.05,0.95,0.96,0.01,0.01,74664.04,1776633237000
1776633239.133,239.133,0.04,0.05,0.95,0.96,0.01,0.01,74664.04,1776633237000
1776633239.809,239.809,0.04,0.05,0.95,0.96,0.01,0.01,74664.04,1776633238000
1776633240.23,240.23,0.04,0.05,0.95,0.96,0.01,0.01,74664.04,1776633238000
1776633240.565,240.565,0.04,0.05,0.95,0.96,0.01,0.01,74664.04,1776633238000
1776633240.908,240.908,0.04,0.05,0.95,0.96,0.01,0.01,74664.13,1776633239000
1776633241.241,241.241,0.04,0.09,0.91,0.96,0.05,0.05,74664.13,1776633239000
1776633241.575,241.575,0.07,0.08,0.92,0.93,0.01,0.01,74664.13,1776633240000
1776633242.079,242.079,0.09,0.1,0.9,0.91,0.01,0.01,74664.13,1776633240000
1776633242.414,242.414,0.09,0.1,0.9,0.91,0.01,0.01,74667.66,1776633241000
1776633242.852,242.852,0.08,0.1,0.9,0.91,0.02,0.01,74667.66,1776633241000
1776633243.219,243.219,0.11,0.12,0.88,0.89,0.01,0.01,74670.59,1776633242000
1776633243.597,243.597,0.1,0.12,0.88,0.89,0.02,0.01,74670.59,1776633242000
1776633243.954,243.954,0.1,0.11,0.89,0.9,0.01,0.01,74670.59,1776633242000
1776633244.288,244.288,0.16,0.17,0.83,0.84,0.01,0.01,74670.59,1776633242000
1776633244.636,244.636,0.16,0.17,0.83,0.84,0.01,0.01,74676.78,1776633243000
1776633245.013,245.013,0.16,0.17,0.83,0.84,0.01,0.01,74676.78,1776633243000
1776633245.367,245.367,0.16,0.17,0.83,0.84,0.01,0.01,74678.65,1776633244000
1776633245.826,245.826,0.15,0.16,0.84,0.85,0.01,0.01,74678.65,1776633244000
1776633246.18,246.18,0.15,0.16,0.84,0.85,0.01,0.01,74678.65,1776633244000
1776633246.572,246.572,0.15,0.16,0.84,0.85,0.01,0.01,74678.65,1776633244000
1776633246.963,246.963,0.15,0.16,0.84,0.85,0.01,0.01,74691.79,1776633245000
1776633247.36,247.36,0.15,0.16,0.84,0.85,0.01,0.01,74691.91,1776633246000
1776633247.743,247.743,0.14,0.16,0.84,0.85,0.02,0.01,74691.91,1776633246000
1776633248.187,248.187,0.14,0.15,0.85,0.86,0.01,0.01,74691.91,1776633246000
1776633248.579,248.579,0.14,0.15,0.85,0.86,0.01,0.01,74692.96,1776633247000
1776633249.019,249.019,0.22,0.25,0.75,0.78,0.03,0.03,74692.96,1776633247000
1776633249.359,249.359,0.24,0.25,0.75,0.76,0.01,0.01,74693.47,1776633248000
1776633249.716,249.716,0.25,0.26,0.74,0.76,0.01,0.02,74693.47,1776633248000
1776633250.132,250.132,0.25,0.26,0.74,0.75,0.01,0.01,74693.47,1776633248000
1776633250.474,250.474,0.24,0.25,0.75,0.76,0.01,0.01,74698.95,1776633249000
1776633250.817,250.817,0.21,0.25,0.75,0.76,0.04,0.01,74698.95,1776633249000
1776633251.159,251.159,0.22,0.23,0.77,0.78,0.01,0.01,74703.16,1776633250000
1776633251.493,251.493,0.19,0.25,0.75,0.76,0.06,0.01,74703.16,1776633250000
1776633251.968,251.968,0.24,0.25,0.75,0.76,0.01,0.01,74703.16,1776633250000
1776633252.393,252.393,0.26,0.27,0.74,0.76,0.01,0.02,74703.16,1776633250000
1776633252.772,252.772,0.27,0.28,0.72,0.73,0.01,0.01,74708.81,1776633251000
1776633253.109,253.109,0.3,0.31,0.69,0.7,0.01,0.01,74707.52,1776633252000
1776633253.504,253.504,0.31,0.32,0.68,0.69,0.01,0.01,74707.52,1776633252000
1776633253.841,253.841,0.31,0.32,0.68,0.69,0.01,0.01,74707.52,1776633252000
1776633254.269,254.269,0.31,0.32,0.68,0.69,0.01,0.01,74707.52,1776633252000
1776633254.696,254.696,0.31,0.32,0.68,0.69,0.01,0.01,74709.76,1776633253000
1776633255.049,255.049,0.31,0.32,0.68,0.69,0.01,0.01,74713.39,1776633254000
1776633255.429,255.429,0.31,0.32,0.68,0.69,0.01,0.01,74713.39,1776633254000
1776633255.768,255.768,0.31,0.32,0.68,0.69,0.01,0.01,74713.39,1776633254000
1776633256.153,256.153,0.31,0.32,0.68,0.69,0.01,0.01,74713.39,1776633254000
1776633256.562,256.562,0.31,0.32,0.68,0.69,0.01,0.01,74713.83,1776633255000
1776633256.992,256.992,0.31,0.32,0.68,0.69,0.01,0.01,74713.72,1776633256000
1776633257.484,257.484,0.31,0.32,0.68,0.69,0.01,0.01,74713.72,1776633256000
1776633257.861,257.861,0.31,0.32,0.68,0.69,0.01,0.01,74713.72,1776633256000
1776633258.213,258.213,0.31,0.32,0.68,0.69,0.01,0.01,74713.72,1776633256000
1776633258.561,258.561,0.31,0.32,0.68,0.69,0.01,0.01,74713.73,1776633257000
1776633258.943,258.943,0.31,0.32,0.68,0.69,0.01,0.01,74713.73,1776633257000
1776633259.327,259.327,0.31,0.32,0.68,0.69,0.01,0.01,74714.11,1776633258000
1776633259.826,259.826,0.28,0.29,0.7,0.72,0.01,0.02,74714.11,1776633258000
1776633260.181,260.181,0.28,0.29,0.71,0.72,0.01,0.01,74714.11,1776633258000
1776633260.574,260.574,0.28,0.29,0.71,0.72,0.01,0.01,74714.11,1776633258000
1776633260.943,260.943,0.26,0.27,0.73,0.74,0.01,0.01,74714.08,1776633259000
1776633261.406,261.406,0.25,0.26,0.74,0.75,0.01,0.01,74714.08,1776633259000
1776633261.868,261.868,0.25,0.26,0.74,0.75,0.01,0.01,74714.38,1776633260000
1776633262.202,262.202,0.26,0.27,0.73,0.74,0.01,0.01,74714.17,1776633261000
1776633263.052,263.052,0.26,0.27,0.73,0.74,0.01,0.01,74714.17,1776633261000
1776633263.484,263.484,0.25,0.26,0.73,0.74,0.01,0.01,74714.28,1776633262000
1776633263.822,263.822,0.25,0.26,0.74,0.76,0.01,0.02,74714.28,1776633262000
1776633264.163,264.163,0.24,0.25,0.74,0.76,0.01,0.02,74714.28,1776633262000
1776633264.547,264.547,0.24,0.25,0.75,0.76,0.01,0.01,74714.28,1776633262000
1776633264.881,264.881,0.19,0.2,0.8,0.81,0.01,0.01,74714.58,1776633263000
1776633265.215,265.215,0.23,0.24,0.76,0.77,0.01,0.01,74714.6,1776633264000
1776633265.56,265.56,0.25,0.28,0.72,0.75,0.03,0.03,74714.6,1776633264000
1776633265.893,265.893,0.26,0.27,0.73,0.74,0.01,0.01,74714.6,1776633264000
1776633266.284,266.284,0.26,0.27,0.73,0.74,0.01,0.01,74714.6,1776633264000
1776633266.728,266.728,0.26,0.27,0.73,0.74,0.01,0.01,74714.29,1776633265000
1776633267.117,267.117,0.26,0.27,0.73,0.74,0.01,0.01,74714.29,1776633265000
1776633267.532,267.532,0.26,0.27,0.73,0.74,0.01,0.01,74713.08,1776633266000
1776633267.865,267.865,0.23,0.27,0.73,0.76,0.04,0.03,74713.08,1776633266000
1776633268.224,268.224,0.24,0.25,0.75,0.76,0.01,0.01,74713.35,1776633267000
1776633268.599,268.599,0.24,0.25,0.75,0.76,0.01,0.01,74713.35,1776633267000
1776633269.104,269.104,0.24,0.25,0.75,0.76,0.01,0.01,74713.35,1776633267000
1776633269.453,269.453,0.24,0.25,0.75,0.76,0.01,0.01,74714.02,1776633268000
1776633270.018,270.018,0.24,0.25,0.75,0.76,0.01,0.01,74714.02,1776633268000
1776633270.456,270.456,0.24,0.25,0.75,0.76,0.01,0.01,74714.13,1776633269000
1776633270.892,270.892,0.21,0.23,0.75,0.77,0.02,0.02,74714.13,1776633269000
1776633271.253,271.253,0.21,0.22,0.78,0.79,0.01,0.01,74714.13,1776633270000
1776633271.608,271.608,0.15,0.17,0.83,0.85,0.02,0.02,74714.13,1776633270000
1776633271.987,271.987,0.15,0.16,0.84,0.85,0.01,0.01,74714.13,1776633270000
1776633272.361,272.361,0.15,0.16,0.84,0.85,0.01,0.01,74714.12,1776633271000
1776633272.734,272.734,0.13,0.14,0.86,0.87,0.01,0.01,74714.12,1776633271000
1776633273.377,273.377,0.12,0.13,0.87,0.88,0.01,0.01,74714.12,1776633271000
1776633274.26,274.26,0.12,0.13,0.87,0.88,0.01,0.01,74713.14,1776633272000
1776633274.599,274.599,0.14,0.15,0.86,0.87,0.01,0.01,74711.56,1776633273000
1776633274.962,274.962,0.14,0.15,0.85,0.86,0.01,0.01,74711.56,1776633273000
1776633275.304,275.304,0.12,0.14,0.85,0.87,0.02,0.02,74711.52,1776633274000
1776633275.653,275.653,0.1,0.11,0.88,0.9,0.01,0.02,74711.52,1776633274000
1776633276.026,276.026,0.09,0.1,0.89,0.9,0.01,0.01,74711.52,1776633274000
1776633276.382,276.382,0.09,0.1,0.9,0.91,0.01,0.01,74711.52,1776633274000
1776633276.796,276.796,0.09,0.1,0.9,0.91,0.01,0.01,74711.46,1776633275000
1776633277.235,277.235,0.09,0.1,0.9,0.91,0.01,0.01,74711.46,1776633276000
1776633277.732,277.732,0.09,0.1,0.9,0.91,0.01,0.01,74711.46,1776633276000
1776633278.1,278.1,0.08,0.09,0.91,0.92,0.01,0.01,74711.46,1776633276000
1776633278.449,278.449,0.08,0.09,0.91,0.92,0.01,0.01,74709.74,1776633277000
1776633278.85,278.85,0.08,0.09,0.91,0.92,0.01,0.01,74709.74,1776633277000
1776633279.208,279.208,0.08,0.09,0.91,0.92,0.01,0.01,74709.7,1776633278000
1776633279.985,279.985,0.08,0.09,0.91,0.92,0.01,0.01,74709.7,1776633278000
1776633280.388,280.388,0.08,0.09,0.91,0.92,0.01,0.01,74709.65,1776633279000
1776633280.723,280.723,0.1,0.11,0.89,0.9,0.01,0.01,74709.65,1776633279000
1776633281.194,281.194,0.1,0.11,0.89,0.9,0.01,0.01,74709.65,1776633279000
1776633281.565,281.565,0.1,0.11,0.89,0.9,0.01,0.01,74709.44,1776633280000
1776633281.95,281.95,0.1,0.11,0.89,0.9,0.01,0.01,74709.44,1776633281000
1776633282.295,282.295,0.1,0.11,0.89,0.9,0.01,0.01,74709.44,1776633281000
1776633282.68,282.68,0.12,0.13,0.89,0.9,0.01,0.01,74709.44,1776633281000
1776633283.054,283.054,0.21,0.22,0.78,0.79,0.01,0.01,74709.44,1776633281000
1776633283.419,283.419,0.15,0.16,0.83,0.84,0.01,0.01,74709.47,1776633282000
1776633283.832,283.832,0.15,0.16,0.84,0.85,0.01,0.01,74709.47,1776633282000
1776633284.262,284.262,0.14,0.15,0.84,0.86,0.01,0.02,74709.47,1776633282000
1776633284.875,284.875,0.13,0.14,0.85,0.86,0.01,0.01,74712.74,1776633283000
1776633285.246,285.246,0.13,0.14,0.86,0.87,0.01,0.01,74715.18,1776633284000
1776633285.582,285.582,0.13,0.14,0.86,0.87,0.01,0.01,74715.18,1776633284000
1776633285.93,285.93,0.13,0.14,0.86,0.87,0.01,0.01,74715.18,1776633284000
1776633286.299,286.299,0.13,0.14,0.86,0.87,0.01,0.01,74715.17,1776633285000
1776633286.757,286.757,0.13,0.14,0.86,0.87,0.01,0.01,74715.17,1776633285000
1776633287.23,287.23,0.13,0.14,0.86,0.87,0.01,0.01,74715.17,1776633285000
1776633287.954,287.954,0.13,0.14,0.86,0.87,0.01,0.01,74715.96,1776633286000
1776633288.329,288.329,0.14,0.15,0.85,0.86,0.01,0.01,74715.96,1776633286000
1776633288.729,288.729,0.12,0.13,0.87,0.88,0.01,0.01,74715.51,1776633287000
1776633289.162,289.162,0.12,0.13,0.87,0.88,0.01,0.01,74715.51,1776633287000
1776633289.52,289.52,0.12,0.13,0.87,0.88,0.01,0.01,74715.51,1776633287000
1776633289.855,289.855,0.11,0.13,0.87,0.88,0.02,0.01,74715.46,1776633288000
1776633290.338,290.338,0.11,0.13,0.87,0.89,0.02,0.02,74715.95,1776633289000
1776633290.707,290.707,0.11,0.12,0.88,0.89,0.01,0.01,74715.95,1776633289000
1776633291.059,291.059,0.1,0.11,0.89,0.9,0.01,0.01,74715.95,1776633289000
1776633291.422,291.422,0.09,0.11,0.89,0.9,0.02,0.01,74717.04,1776633290000
1776633292.179,292.179,0.09,0.1,0.89,0.91,0.01,0.02,74717.04,1776633290000
1776633292.519,292.519,0.09,0.1,0.9,0.91,0.01,0.01,74716.52,1776633291000
1776633292.923,292.923,0.09,0.1,0.9,0.91,0.01,0.01,74716.52,1776633291000
1776633293.311,293.311,0.09,0.1,0.9,0.91,0.01,0.01,74716.96,1776633292000
1776633293.662,293.662,0.09,0.1,0.9,0.91,0.01,0.01,74716.96,1776633292000
1776633294.226,294.226,0.09,0.1,0.9,0.91,0.01,0.01,74717.13,1776633293000
1776633294.661,294.661,0.08,0.09,0.91,0.92,0.01,0.01,74717.13,1776633293000
1776633295.029,295.029,0.08,0.09,0.91,0.92,0.01,0.01,74717.13,1776633293000
1776633295.364,295.364,0.08,0.09,0.91,0.92,0.01,0.01,74717.13,1776633293000
1776633295.703,295.703,0.05,0.09,0.91,0.95,0.04,0.04,74717.13,1776633293000
1776633296.087,296.087,0.01,0.02,0.98,0.99,0.01,0.01,74716.54,1776633294000
1776633296.464,296.464,0.01,0.02,0.98,0.99,0.01,0.01,74717.71,1776633295000
1776633296.81,296.81,0.01,0.02,0.98,0.99,0.01,0.01,74717.71,1776633295000
1776633297.153,297.153,0.01,0.02,0.98,0.99,0.01,0.01,74717.71,1776633295000
1776633297.503,297.503,0.01,0.02,0.98,0.99,0.01,0.01,74717.05,1776633296000
1776633297.844,297.844,0.01,0.02,0.98,0.99,0.01,0.01,74717.05,1776633296000
1776633298.219,298.219,0.01,0.01,0.99,0.99,0.0,0.0,74716.88,1776633297000
1776633298.557,298.557,0.01,0.01,0.99,0.99,0.0,0.0,74716.88,1776633297000
1776633298.993,298.993,0.01,0.01,0.99,0.99,0.0,0.0,74716.88,1776633297000
1776633299.392,299.392,0.01,0.01,0.99,0.99,0.0,0.0,74716.39,1776633298000
1776633300.028,300.028,0.01,0.01,0.99,0.99,0.0,0.0,74716.39,1776633298000
1776633300.363,300.363,0.01,0.01,0.99,0.99,0.0,0.0,74716.64,1776633299000
1776633300.806,300.806,0.01,0.01,0.99,0.99,0.0,0.0,74716.64,1776633299000
1776633301.368,301.368,0.01,0.01,0.99,0.99,0.0,0.0,74715.74,1776633300000
1776633302.58,302.58,0.01,0.01,0.99,0.99,0.0,0.0,74711.92,1776633301000

# RESULT,winner=Down,slug=btc-updown-5m-1776633000,ticks=651
