timestamp,elapsed_sec,up_bid,up_ask,down_bid,down_ask,up_spread,down_spread,btc_price,btc_oracle_ts
1776458400.516,0.516,0.52,0.53,0.47,0.48,0.01,0.01,77276.2,1776458399000
1776458400.885,0.885,0.52,0.53,0.47,0.48,0.01,0.01,77276.2,1776458399000
1776458401.308,1.308,0.52,0.53,0.47,0.48,0.01,0.01,77276.2,1776458399000
1776458401.705,1.705,0.5,0.51,0.47,0.5,0.01,0.03,77274.17,1776458400000
1776458402.172,2.172,0.5,0.51,0.49,0.5,0.01,0.01,77274.17,1776458400000
1776458402.54,2.54,0.49,0.5,0.5,0.51,0.01,0.01,77273.28,1776458401000
1776458402.953,2.953,0.49,0.5,0.5,0.51,0.01,0.01,77273.28,1776458401000
1776458403.697,3.697,0.49,0.5,0.5,0.51,0.01,0.01,77271.33,1776458402000
1776458404.154,4.154,0.49,0.5,0.5,0.51,0.01,0.01,77270.6,1776458403000
1776458404.717,4.717,0.49,0.5,0.5,0.51,0.01,0.01,77270.6,1776458403000
1776458405.224,5.224,0.49,0.5,0.5,0.51,0.01,0.01,77270.6,1776458403000
1776458405.699,5.699,0.49,0.5,0.5,0.51,0.01,0.01,77270.38,1776458404000
1776458406.137,6.137,0.49,0.5,0.5,0.51,0.01,0.01,77270.38,1776458404000
1776458406.677,6.677,0.51,0.52,0.48,0.5,0.01,0.02,77270.41,1776458405000
1776458407.151,7.151,0.51,0.52,0.48,0.49,0.01,0.01,77270.53,1776458406000
1776458407.528,7.528,0.51,0.52,0.48,0.49,0.01,0.01,77270.53,1776458406000
1776458408.16,8.16,0.51,0.52,0.48,0.49,0.01,0.01,77270.53,1776458406000
1776458408.795,8.795,0.51,0.52,0.48,0.49,0.01,0.01,77271.23,1776458407000
1776458409.138,9.138,0.51,0.52,0.48,0.49,0.01,0.01,77271.23,1776458407000
1776458409.472,9.472,0.51,0.52,0.48,0.49,0.01,0.01,77269.18,1776458408000
1776458409.851,9.851,0.51,0.52,0.48,0.49,0.01,0.01,77269.18,1776458408000
1776458410.284,10.284,0.51,0.52,0.48,0.49,0.01,0.01,77269.18,1776458408000
1776458410.659,10.659,0.51,0.52,0.48,0.49,0.01,0.01,77272.11,1776458409000
1776458411.151,11.151,0.51,0.52,0.48,0.49,0.01,0.01,77272.11,1776458409000
1776458412.021,12.021,0.51,0.52,0.48,0.49,0.01,0.01,77272.34,1776458410000
1776458412.355,12.355,0.51,0.52,0.48,0.49,0.01,0.01,77272.9,1776458411000
1776458412.719,12.719,0.51,0.52,0.48,0.49,0.01,0.01,77272.9,1776458411000
1776458413.182,13.182,0.51,0.52,0.48,0.49,0.01,0.01,77273.66,1776458412000
1776458413.708,13.708,0.51,0.52,0.48,0.49,0.01,0.01,77273.66,1776458412000
1776458414.157,14.157,0.51,0.52,0.48,0.49,0.01,0.01,77273.66,1776458413000
1776458414.556,14.556,0.51,0.52,0.48,0.49,0.01,0.01,77273.66,1776458413000
1776458415.004,15.004,0.51,0.52,0.48,0.49,0.01,0.01,77273.66,1776458413000
1776458415.46,15.46,0.51,0.52,0.48,0.49,0.01,0.01,77273.87,1776458414000
1776458415.997,15.997,0.51,0.52,0.48,0.49,0.01,0.01,77273.87,1776458414000
1776458416.446,16.446,0.51,0.52,0.48,0.49,0.01,0.01,77273.91,1776458415000
1776458417.15,17.15,0.51,0.52,0.48,0.49,0.01,0.01,77273.91,1776458415000
1776458417.782,17.782,0.51,0.52,0.48,0.49,0.01,0.01,77273.9,1776458416000
1776458418.183,18.183,0.51,0.52,0.48,0.49,0.01,0.01,77273.9,1776458416000
1776458418.525,18.525,0.51,0.52,0.48,0.49,0.01,0.01,77273.9,1776458416000
1776458419.017,19.017,0.51,0.52,0.48,0.49,0.01,0.01,77274.03,1776458418000
1776458419.428,19.428,0.51,0.52,0.48,0.49,0.01,0.01,77274.03,1776458418000
1776458419.811,19.811,0.51,0.52,0.48,0.49,0.01,0.01,77274.03,1776458418000
1776458420.221,20.221,0.51,0.52,0.48,0.49,0.01,0.01,77271.75,1776458419000
1776458420.62,20.62,0.51,0.52,0.48,0.49,0.01,0.01,77271.75,1776458419000
1776458420.985,20.985,0.49,0.5,0.5,0.51,0.01,0.01,77271.75,1776458419000
1776458421.394,21.394,0.49,0.5,0.49,0.51,0.01,0.02,77274.54,1776458420000
1776458421.929,21.929,0.51,0.52,0.48,0.49,0.01,0.01,77274.54,1776458420000
1776458422.266,22.266,0.51,0.52,0.48,0.49,0.01,0.01,77274.54,1776458421000
1776458422.685,22.685,0.53,0.54,0.46,0.47,0.01,0.01,77274.54,1776458421000
1776458423.032,23.032,0.53,0.54,0.46,0.47,0.01,0.01,77274.54,1776458421000
1776458423.452,23.452,0.53,0.54,0.46,0.47,0.01,0.01,77274.0,1776458422000
1776458423.803,23.803,0.53,0.54,0.46,0.47,0.01,0.01,77274.0,1776458422000
1776458424.143,24.143,0.53,0.54,0.46,0.47,0.01,0.01,77274.0,1776458422000
1776458424.632,24.632,0.53,0.54,0.46,0.47,0.01,0.01,77276.46,1776458423000
1776458424.973,24.973,0.53,0.54,0.46,0.47,0.01,0.01,77278.71,1776458424000
1776458426.312,26.312,0.53,0.54,0.46,0.47,0.01,0.01,77278.71,1776458424000
1776458427.001,27.001,0.53,0.54,0.46,0.47,0.01,0.01,77279.08,1776458425000
1776458427.739,27.739,0.53,0.54,0.46,0.47,0.01,0.01,77278.29,1776458426000
1776458428.259,28.259,0.53,0.54,0.46,0.47,0.01,0.01,77278.12,1776458427000
1776458428.624,28.624,0.53,0.54,0.46,0.47,0.01,0.01,77278.12,1776458427000
1776458429.191,29.191,0.53,0.54,0.46,0.47,0.01,0.01,77278.12,1776458428000
1776458429.59,29.59,0.54,0.55,0.43,0.47,0.01,0.04,77278.12,1776458428000
1776458429.993,29.993,0.54,0.55,0.45,0.46,0.01,0.01,77278.12,1776458428000
1776458430.433,30.433,0.54,0.55,0.45,0.46,0.01,0.01,77278.05,1776458429000
1776458430.982,30.982,0.54,0.55,0.45,0.46,0.01,0.01,77278.05,1776458429000
1776458431.323,31.323,0.54,0.55,0.45,0.46,0.01,0.01,77278.06,1776458430000
1776458431.76,31.76,0.55,0.56,0.44,0.45,0.01,0.01,77278.06,1776458430000
1776458432.249,32.249,0.55,0.56,0.44,0.45,0.01,0.01,77278.06,1776458430000
1776458432.801,32.801,0.55,0.56,0.44,0.45,0.01,0.01,77278.06,1776458431000
1776458433.3,33.3,0.55,0.56,0.44,0.45,0.01,0.01,77278.07,1776458432000
1776458433.71,33.71,0.55,0.56,0.44,0.45,0.01,0.01,77278.07,1776458432000
1776458434.338,34.338,0.55,0.56,0.44,0.45,0.01,0.01,77278.08,1776458433000
1776458434.988,34.988,0.55,0.56,0.44,0.45,0.01,0.01,77278.08,1776458433000
1776458435.357,35.357,0.55,0.56,0.44,0.45,0.01,0.01,77278.08,1776458433000
1776458435.745,35.745,0.55,0.56,0.44,0.45,0.01,0.01,77278.06,1776458434000
1776458436.089,36.089,0.55,0.56,0.44,0.45,0.01,0.01,77278.02,1776458435000
1776458436.548,36.548,0.55,0.56,0.44,0.45,0.01,0.01,77278.02,1776458435000
1776458436.986,36.986,0.55,0.56,0.44,0.45,0.01,0.01,77278.02,1776458435000
1776458437.712,37.712,0.55,0.56,0.44,0.45,0.01,0.01,77278.1,1776458436000
1776458438.083,38.083,0.53,0.55,0.45,0.47,0.02,0.02,77278.11,1776458437000
1776458438.761,38.761,0.53,0.54,0.45,0.46,0.01,0.01,77278.11,1776458437000
1776458439.115,39.115,0.53,0.54,0.46,0.47,0.01,0.01,77273.64,1776458438000
1776458439.54,39.54,0.53,0.54,0.46,0.47,0.01,0.01,77273.64,1776458438000
1776458439.97,39.97,0.53,0.54,0.46,0.47,0.01,0.01,77273.64,1776458438000
1776458440.412,40.412,0.53,0.54,0.46,0.47,0.01,0.01,77274.46,1776458439000
1776458440.883,40.883,0.53,0.54,0.46,0.47,0.01,0.01,77274.46,1776458439000
1776458441.317,41.317,0.53,0.54,0.46,0.47,0.01,0.01,77274.67,1776458440000
1776458441.69,41.69,0.53,0.54,0.46,0.47,0.01,0.01,77274.67,1776458440000
1776458442.042,42.042,0.53,0.54,0.46,0.47,0.01,0.01,77274.78,1776458441000
1776458442.472,42.472,0.53,0.54,0.46,0.47,0.01,0.01,77274.78,1776458441000
1776458442.895,42.895,0.53,0.54,0.46,0.47,0.01,0.01,77274.78,1776458441000
1776458443.521,43.521,0.53,0.54,0.46,0.47,0.01,0.01,77274.78,1776458442000
1776458443.884,43.884,0.53,0.54,0.46,0.47,0.01,0.01,77274.78,1776458442000
1776458444.4,44.4,0.53,0.54,0.46,0.47,0.01,0.01,77274.8,1776458443000
1776458445.074,45.074,0.53,0.54,0.46,0.47,0.01,0.01,77274.8,1776458443000
1776458445.458,45.458,0.53,0.54,0.46,0.47,0.01,0.01,77274.82,1776458444000
1776458446.125,46.125,0.53,0.54,0.46,0.47,0.01,0.01,77274.82,1776458444000
1776458446.512,46.512,0.53,0.54,0.46,0.47,0.01,0.01,77274.62,1776458445000
1776458447.223,47.223,0.53,0.54,0.46,0.47,0.01,0.01,77274.62,1776458445000
1776458448.305,48.305,0.53,0.54,0.46,0.47,0.01,0.01,77274.28,1776458447000
1776458448.692,48.692,0.53,0.54,0.46,0.47,0.01,0.01,77274.28,1776458447000
1776458449.323,49.323,0.53,0.54,0.46,0.47,0.01,0.01,77274.57,1776458448000
1776458449.896,49.896,0.53,0.54,0.46,0.47,0.01,0.01,77274.57,1776458448000
1776458450.394,50.394,0.53,0.54,0.46,0.47,0.01,0.01,77273.33,1776458449000
1776458450.841,50.841,0.53,0.54,0.46,0.47,0.01,0.01,77273.33,1776458449000
1776458451.206,51.206,0.53,0.54,0.46,0.47,0.01,0.01,77273.33,1776458449000
1776458451.901,51.901,0.53,0.55,0.45,0.47,0.02,0.02,77274.6,1776458451000
1776458452.339,52.339,0.54,0.55,0.45,0.46,0.01,0.01,77274.6,1776458451000
1776458452.858,52.858,0.54,0.55,0.45,0.46,0.01,0.01,77274.6,1776458451000
1776458454.291,54.291,0.54,0.55,0.45,0.46,0.01,0.01,77273.5,1776458453000
1776458455.284,55.284,0.54,0.55,0.45,0.46,0.01,0.01,77273.45,1776458454000
1776458455.694,55.694,0.54,0.55,0.45,0.46,0.01,0.01,77273.45,1776458454000
1776458456.05,56.05,0.52,0.55,0.45,0.46,0.03,0.01,77273.45,1776458454000
1776458456.719,56.719,0.52,0.53,0.47,0.48,0.01,0.01,77274.58,1776458455000
1776458457.284,57.284,0.52,0.53,0.47,0.48,0.01,0.01,77274.63,1776458456000
1776458457.941,57.941,0.52,0.53,0.47,0.48,0.01,0.01,77274.63,1776458456000
1776458458.308,58.308,0.52,0.53,0.47,0.48,0.01,0.01,77274.63,1776458456000
1776458458.998,58.998,0.52,0.53,0.47,0.48,0.01,0.01,77274.89,1776458457000
1776458459.346,59.346,0.5,0.53,0.47,0.49,0.03,0.02,77274.89,1776458458000
1776458459.683,59.683,0.5,0.51,0.49,0.51,0.01,0.02,77274.89,1776458458000
1776458460.025,60.025,0.49,0.5,0.5,0.51,0.01,0.01,77274.89,1776458458000
1776458460.371,60.371,0.49,0.5,0.5,0.51,0.01,0.01,77273.45,1776458459000
1776458460.786,60.786,0.49,0.5,0.5,0.51,0.01,0.01,77273.45,1776458459000
1776458461.12,61.12,0.47,0.48,0.52,0.53,0.01,0.01,77273.45,1776458459000
1776458461.484,61.484,0.46,0.47,0.52,0.54,0.01,0.02,77270.25,1776458460000
1776458461.861,61.861,0.45,0.46,0.54,0.55,0.01,0.01,77270.25,1776458460000
1776458462.315,62.315,0.45,0.46,0.54,0.55,0.01,0.01,77267.51,1776458461000
1776458462.653,62.653,0.44,0.46,0.54,0.55,0.02,0.01,77267.51,1776458461000
1776458463.189,63.189,0.44,0.45,0.54,0.56,0.01,0.02,77267.51,1776458461000
1776458463.551,63.551,0.44,0.45,0.55,0.56,0.01,0.01,77263.8,1776458462000
1776458463.892,63.892,0.44,0.45,0.55,0.56,0.01,0.01,77263.8,1776458462000
1776458464.227,64.227,0.44,0.45,0.55,0.56,0.01,0.01,77263.8,1776458462000
1776458464.791,64.791,0.44,0.45,0.55,0.56,0.01,0.01,77261.99,1776458463000
1776458465.22,65.22,0.43,0.44,0.55,0.57,0.01,0.02,77261.99,1776458463000
1776458465.787,65.787,0.43,0.44,0.56,0.57,0.01,0.01,77261.99,1776458464000
1776458466.297,66.297,0.43,0.44,0.56,0.57,0.01,0.01,77261.99,1776458464000
1776458467.046,67.046,0.43,0.44,0.56,0.57,0.01,0.01,77261.98,1776458465000
1776458467.393,67.393,0.43,0.44,0.56,0.57,0.01,0.01,77260.95,1776458466000
1776458467.928,67.928,0.43,0.44,0.56,0.57,0.01,0.01,77260.91,1776458467000
1776458468.396,68.396,0.43,0.44,0.56,0.57,0.01,0.01,77260.91,1776458467000
1776458468.75,68.75,0.4,0.41,0.59,0.6,0.01,0.01,77260.91,1776458467000
1776458469.105,69.105,0.4,0.41,0.59,0.6,0.01,0.01,77260.02,1776458468000
1776458469.448,69.448,0.4,0.41,0.59,0.6,0.01,0.01,77260.02,1776458468000
1776458470.015,70.015,0.4,0.41,0.59,0.6,0.01,0.01,77260.02,1776458468000
1776458470.482,70.482,0.4,0.41,0.59,0.6,0.01,0.01,77255.32,1776458469000
1776458470.866,70.866,0.4,0.41,0.59,0.6,0.01,0.01,77255.32,1776458469000
1776458471.232,71.232,0.4,0.41,0.59,0.6,0.01,0.01,77254.8,1776458470000
1776458471.652,71.652,0.4,0.41,0.59,0.6,0.01,0.01,77254.8,1776458470000
1776458472.051,72.051,0.4,0.41,0.59,0.6,0.01,0.01,77254.8,1776458470000
1776458472.427,72.427,0.4,0.41,0.59,0.6,0.01,0.01,77254.79,1776458471000
1776458472.933,72.933,0.4,0.41,0.59,0.6,0.01,0.01,77254.79,1776458471000
1776458473.351,73.351,0.4,0.41,0.59,0.6,0.01,0.01,77254.66,1776458472000
1776458473.749,73.749,0.4,0.41,0.59,0.6,0.01,0.01,77254.66,1776458472000
1776458474.204,74.204,0.4,0.41,0.59,0.6,0.01,0.01,77254.66,1776458472000
1776458474.593,74.593,0.4,0.41,0.59,0.6,0.01,0.01,77254.54,1776458473000
1776458475.016,75.016,0.4,0.41,0.59,0.6,0.01,0.01,77254.58,1776458474000
1776458475.44,75.44,0.4,0.41,0.59,0.6,0.01,0.01,77254.58,1776458474000
1776458475.788,75.788,0.4,0.41,0.59,0.6,0.01,0.01,77254.58,1776458474000
1776458476.132,76.132,0.4,0.41,0.59,0.6,0.01,0.01,77254.56,1776458475000
1776458476.707,76.707,0.4,0.41,0.59,0.6,0.01,0.01,77254.56,1776458475000
1776458477.186,77.186,0.4,0.41,0.59,0.6,0.01,0.01,77253.19,1776458476000
1776458477.522,77.522,0.4,0.41,0.59,0.6,0.01,0.01,77253.19,1776458476000
1776458477.999,77.999,0.4,0.43,0.57,0.6,0.03,0.03,77252.76,1776458477000
1776458478.346,78.346,0.42,0.43,0.57,0.58,0.01,0.01,77252.76,1776458477000
1776458478.929,78.929,0.42,0.43,0.57,0.58,0.01,0.01,77252.76,1776458477000
1776458479.775,79.775,0.42,0.43,0.57,0.58,0.01,0.01,77252.77,1776458478000
1776458480.141,80.141,0.42,0.43,0.57,0.58,0.01,0.01,77253.92,1776458479000
1776458480.558,80.558,0.42,0.43,0.57,0.58,0.01,0.01,77253.92,1776458479000
1776458480.989,80.989,0.42,0.43,0.57,0.58,0.01,0.01,77254.54,1776458480000
1776458481.409,81.409,0.44,0.45,0.55,0.58,0.01,0.03,77254.54,1776458480000
1776458481.768,81.768,0.48,0.49,0.51,0.52,0.01,0.01,77254.54,1776458480000
1776458482.111,82.111,0.48,0.49,0.5,0.52,0.01,0.02,77254.54,1776458480000
1776458482.482,82.482,0.49,0.5,0.5,0.51,0.01,0.01,77256.06,1776458481000
1776458482.983,82.983,0.49,0.5,0.5,0.51,0.01,0.01,77256.06,1776458481000
1776458483.337,83.337,0.49,0.5,0.5,0.51,0.01,0.01,77256.06,1776458481000
1776458483.872,83.872,0.5,0.52,0.49,0.5,0.02,0.01,77256.06,1776458481000
1776458484.457,84.457,0.51,0.52,0.48,0.49,0.01,0.01,77263.2,1776458483000
1776458484.836,84.836,0.52,0.53,0.47,0.49,0.01,0.02,77263.2,1776458483000
1776458485.179,85.179,0.52,0.53,0.47,0.48,0.01,0.01,77263.2,1776458483000
1776458485.615,85.615,0.52,0.53,0.47,0.48,0.01,0.01,77265.18,1776458484000
1776458486.352,86.352,0.52,0.54,0.46,0.48,0.02,0.02,77267.73,1776458485000
1776458486.961,86.961,0.52,0.53,0.47,0.48,0.01,0.01,77267.73,1776458485000
1776458487.324,87.324,0.53,0.55,0.45,0.47,0.02,0.02,77267.73,1776458485000
1776458487.741,87.741,0.54,0.55,0.45,0.47,0.01,0.02,77269.03,1776458486000
1776458488.079,88.079,0.54,0.55,0.45,0.46,0.01,0.01,77268.8,1776458487000
1776458488.495,88.495,0.54,0.55,0.45,0.46,0.01,0.01,77268.8,1776458487000
1776458488.837,88.837,0.54,0.55,0.45,0.46,0.01,0.01,77268.8,1776458487000
1776458489.432,89.432,0.55,0.56,0.44,0.45,0.01,0.01,77268.8,1776458487000
1776458489.781,89.781,0.55,0.56,0.44,0.45,0.01,0.01,77269.68,1776458488000
1776458490.173,90.173,0.55,0.56,0.44,0.45,0.01,0.01,77273.14,1776458489000
1776458490.531,90.531,0.55,0.56,0.44,0.45,0.01,0.01,77273.14,1776458489000
1776458490.89,90.89,0.55,0.56,0.44,0.45,0.01,0.01,77273.14,1776458489000
1776458491.352,91.352,0.53,0.56,0.44,0.47,0.03,0.03,77273.09,1776458490000
1776458491.744,91.744,0.54,0.55,0.45,0.46,0.01,0.01,77273.09,1776458490000
1776458492.418,92.418,0.54,0.55,0.45,0.46,0.01,0.01,77273.09,1776458490000
1776458492.957,92.957,0.54,0.56,0.45,0.46,0.02,0.01,77273.09,1776458491000
1776458493.293,93.293,0.56,0.57,0.43,0.44,0.01,0.01,77273.07,1776458492000
1776458493.764,93.764,0.58,0.59,0.4,0.43,0.01,0.03,77273.07,1776458492000
1776458494.112,94.112,0.58,0.59,0.41,0.42,0.01,0.01,77273.07,1776458492000
1776458494.445,94.445,0.58,0.59,0.41,0.42,0.01,0.01,77273.66,1776458493000
1776458494.907,94.907,0.58,0.59,0.41,0.42,0.01,0.01,77273.66,1776458493000
1776458495.398,95.398,0.58,0.59,0.41,0.42,0.01,0.01,77275.95,1776458494000
1776458495.922,95.922,0.58,0.59,0.41,0.42,0.01,0.01,77275.95,1776458494000
1776458496.992,96.992,0.58,0.59,0.41,0.42,0.01,0.01,77277.42,1776458495000
1776458497.337,97.337,0.65,0.66,0.34,0.35,0.01,0.01,77278.5,1776458496000
1776458497.685,97.685,0.65,0.66,0.34,0.35,0.01,0.01,77278.5,1776458496000
1776458498.034,98.034,0.65,0.66,0.34,0.35,0.01,0.01,77278.5,1776458496000
1776458498.519,98.519,0.65,0.66,0.34,0.35,0.01,0.01,77278.5,1776458496000
1776458499.019,99.019,0.65,0.66,0.34,0.35,0.01,0.01,77280.92,1776458497000
1776458499.379,99.379,0.66,0.67,0.34,0.35,0.01,0.01,77286.54,1776458498000
1776458499.926,99.926,0.66,0.67,0.33,0.34,0.01,0.01,77286.54,1776458498000
1776458500.333,100.333,0.66,0.67,0.33,0.34,0.01,0.01,77286.54,1776458498000
1776458500.668,100.668,0.66,0.67,0.33,0.34,0.01,0.01,77286.54,1776458498000
1776458501.057,101.057,0.66,0.67,0.33,0.34,0.01,0.01,77288.0,1776458499000
1776458501.444,101.444,0.66,0.67,0.33,0.34,0.01,0.01,77288.0,1776458499000
1776458502.258,102.258,0.66,0.67,0.33,0.34,0.01,0.01,77289.98,1776458501000
1776458502.614,102.614,0.66,0.67,0.33,0.34,0.01,0.01,77289.98,1776458501000
1776458503.102,103.102,0.66,0.67,0.33,0.34,0.01,0.01,77289.98,1776458501000
1776458503.599,103.599,0.66,0.67,0.33,0.34,0.01,0.01,77289.98,1776458501000
1776458503.957,103.957,0.66,0.67,0.33,0.34,0.01,0.01,77290.21,1776458502000
1776458504.604,104.604,0.65,0.66,0.34,0.35,0.01,0.01,77289.87,1776458503000
1776458504.938,104.938,0.65,0.66,0.34,0.35,0.01,0.01,77289.87,1776458503000
1776458505.285,105.285,0.66,0.67,0.33,0.34,0.01,0.01,77289.87,1776458503000
1776458505.854,105.854,0.66,0.67,0.33,0.35,0.01,0.02,77290.02,1776458504000
1776458506.334,106.334,0.66,0.67,0.33,0.34,0.01,0.01,77290.02,1776458505000
1776458506.668,106.668,0.65,0.66,0.33,0.35,0.01,0.02,77290.02,1776458505000
1776458507.06,107.06,0.65,0.66,0.34,0.35,0.01,0.01,77290.02,1776458505000
1776458507.471,107.471,0.65,0.66,0.34,0.35,0.01,0.01,77290.02,1776458505000
1776458507.935,107.935,0.65,0.66,0.34,0.35,0.01,0.01,77289.39,1776458506000
1776458508.399,108.399,0.65,0.66,0.34,0.35,0.01,0.01,77289.25,1776458507000
1776458508.814,108.814,0.65,0.66,0.34,0.35,0.01,0.01,77289.25,1776458507000
1776458509.368,109.368,0.65,0.66,0.34,0.35,0.01,0.01,77289.25,1776458508000
1776458509.893,109.893,0.65,0.66,0.34,0.35,0.01,0.01,77289.25,1776458508000
1776458510.402,110.402,0.65,0.66,0.34,0.35,0.01,0.01,77289.25,1776458508000
1776458511.208,111.208,0.65,0.66,0.34,0.35,0.01,0.01,77289.41,1776458510000
1776458511.597,111.597,0.66,0.67,0.33,0.34,0.01,0.01,77289.41,1776458510000
1776458511.982,111.982,0.66,0.67,0.33,0.34,0.01,0.01,77289.41,1776458510000
1776458512.332,112.332,0.66,0.67,0.33,0.34,0.01,0.01,77289.41,1776458510000
1776458512.789,112.789,0.66,0.67,0.33,0.35,0.01,0.02,77289.41,1776458510000
1776458513.137,113.137,0.66,0.67,0.33,0.34,0.01,0.01,77289.47,1776458511000
1776458513.484,113.484,0.66,0.67,0.33,0.34,0.01,0.01,77289.52,1776458512000
1776458513.833,113.833,0.66,0.67,0.33,0.34,0.01,0.01,77289.52,1776458512000
1776458514.408,114.408,0.66,0.67,0.33,0.34,0.01,0.01,77289.75,1776458513000
1776458514.742,114.742,0.66,0.67,0.33,0.34,0.01,0.01,77289.75,1776458513000
1776458515.08,115.08,0.66,0.67,0.33,0.34,0.01,0.01,77289.75,1776458513000
1776458515.44,115.44,0.69,0.7,0.3,0.31,0.01,0.01,77289.75,1776458513000
1776458515.79,115.79,0.69,0.7,0.3,0.31,0.01,0.01,77289.75,1776458513000
1776458516.279,116.279,0.7,0.71,0.29,0.3,0.01,0.01,77289.75,1776458513000
1776458516.623,116.623,0.7,0.71,0.29,0.3,0.01,0.01,77289.75,1776458513000
1776458516.956,116.956,0.7,0.73,0.27,0.3,0.03,0.03,77289.75,1776458513000
1776458517.291,117.291,0.74,0.76,0.24,0.25,0.02,0.01,77289.75,1776458513000
1776458517.626,117.626,0.74,0.75,0.25,0.26,0.01,0.01,77289.75,1776458513000
1776458517.981,117.981,0.75,0.76,0.24,0.26,0.01,0.02,77291.13,1776458515000
1776458518.38,118.38,0.75,0.76,0.24,0.25,0.01,0.01,77291.13,1776458515000
1776458518.726,118.726,0.75,0.76,0.24,0.25,0.01,0.01,77297.08,1776458517000
1776458519.073,119.073,0.75,0.76,0.24,0.25,0.01,0.01,77298.37,1776458518000
1776458519.517,119.517,0.74,0.76,0.24,0.25,0.02,0.01,77298.37,1776458518000
1776458519.86,119.86,0.67,0.69,0.26,0.33,0.02,0.07,77298.37,1776458518000
1776458520.206,120.206,0.63,0.65,0.35,0.37,0.02,0.02,77298.37,1776458518000
1776458520.552,120.552,0.56,0.6,0.4,0.44,0.04,0.04,77299.37,1776458519000
1776458520.906,120.906,0.56,0.57,0.43,0.44,0.01,0.01,77299.37,1776458519000
1776458521.292,121.292,0.56,0.57,0.43,0.44,0.01,0.01,77295.46,1776458520000
1776458521.629,121.629,0.55,0.57,0.43,0.45,0.02,0.02,77295.46,1776458520000
1776458521.963,121.963,0.52,0.54,0.44,0.47,0.02,0.03,77295.46,1776458520000
1776458522.305,122.305,0.5,0.53,0.47,0.5,0.03,0.03,77295.46,1776458520000
1776458522.69,122.69,0.51,0.52,0.48,0.49,0.01,0.01,77281.98,1776458521000
1776458523.052,123.052,0.49,0.5,0.5,0.51,0.01,0.01,77281.08,1776458522000
1776458523.482,123.482,0.48,0.5,0.5,0.51,0.02,0.01,77281.08,1776458522000
1776458523.938,123.938,0.48,0.49,0.51,0.52,0.01,0.01,77281.08,1776458522000
1776458524.272,124.272,0.48,0.49,0.51,0.52,0.01,0.01,77274.64,1776458523000
1776458525.21,125.21,0.48,0.49,0.51,0.52,0.01,0.01,77272.7,1776458524000
1776458525.546,125.546,0.48,0.49,0.51,0.52,0.01,0.01,77272.7,1776458524000
1776458525.918,125.918,0.42,0.43,0.57,0.58,0.01,0.01,77272.7,1776458524000
1776458526.26,126.26,0.41,0.42,0.58,0.59,0.01,0.01,77272.7,1776458524000
1776458526.6,126.6,0.4,0.42,0.58,0.6,0.02,0.02,77271.42,1776458525000
1776458527.03,127.03,0.39,0.4,0.59,0.61,0.01,0.02,77271.42,1776458525000
1776458527.386,127.386,0.31,0.37,0.62,0.68,0.06,0.06,77268.13,1776458526000
1776458527.728,127.728,0.24,0.29,0.71,0.76,0.05,0.05,77268.13,1776458526000
1776458528.119,128.119,0.22,0.23,0.74,0.78,0.01,0.04,77268.13,1776458526000
1776458528.466,128.466,0.19,0.24,0.76,0.81,0.05,0.05,77258.81,1776458527000
1776458528.836,128.836,0.2,0.21,0.79,0.8,0.01,0.01,77258.81,1776458527000
1776458529.169,129.169,0.21,0.23,0.78,0.79,0.02,0.01,77258.81,1776458527000
1776458529.612,129.612,0.21,0.22,0.78,0.79,0.01,0.01,77258.81,1776458527000
1776458529.975,129.975,0.22,0.24,0.77,0.78,0.02,0.01,77227.68,1776458528000
1776458530.404,130.404,0.23,0.24,0.75,0.78,0.01,0.03,77225.14,1776458529000
1776458530.829,130.829,0.23,0.24,0.75,0.77,0.01,0.02,77225.14,1776458529000
1776458531.236,131.236,0.23,0.24,0.76,0.77,0.01,0.01,77225.14,1776458529000
1776458531.675,131.675,0.23,0.24,0.76,0.77,0.01,0.01,77228.49,1776458530000
1776458532.06,132.06,0.23,0.24,0.76,0.77,0.01,0.01,77230.24,1776458531000
1776458532.987,132.987,0.23,0.24,0.76,0.77,0.01,0.01,77230.24,1776458531000
1776458533.35,133.35,0.23,0.24,0.76,0.77,0.01,0.01,77231.57,1776458532000
1776458533.735,133.735,0.23,0.24,0.76,0.77,0.01,0.01,77231.57,1776458532000
1776458534.168,134.168,0.23,0.24,0.75,0.77,0.01,0.02,77231.57,1776458532000
1776458534.511,134.511,0.22,0.24,0.76,0.78,0.02,0.02,77231.57,1776458532000
1776458535.073,135.073,0.23,0.24,0.76,0.77,0.01,0.01,77232.41,1776458534000
1776458535.407,135.407,0.23,0.24,0.76,0.77,0.01,0.01,77232.41,1776458534000
1776458535.74,135.74,0.22,0.23,0.77,0.78,0.01,0.01,77232.41,1776458534000
1776458536.085,136.085,0.22,0.23,0.77,0.78,0.01,0.01,77232.41,1776458534000
1776458536.428,136.428,0.22,0.23,0.77,0.78,0.01,0.01,77231.11,1776458535000
1776458536.762,136.762,0.22,0.23,0.77,0.78,0.01,0.01,77231.11,1776458535000
1776458537.102,137.102,0.21,0.22,0.78,0.79,0.01,0.01,77231.11,1776458535000
1776458537.506,137.506,0.21,0.22,0.78,0.79,0.01,0.01,77231.11,1776458535000
1776458537.936,137.936,0.21,0.22,0.78,0.79,0.01,0.01,77230.81,1776458536000
1776458538.351,138.351,0.21,0.22,0.78,0.79,0.01,0.01,77228.75,1776458537000
1776458538.738,138.738,0.21,0.22,0.78,0.79,0.01,0.01,77228.75,1776458537000
1776458539.156,139.156,0.21,0.22,0.78,0.79,0.01,0.01,77228.75,1776458537000
1776458539.816,139.816,0.21,0.22,0.78,0.79,0.01,0.01,77225.95,1776458538000
1776458540.256,140.256,0.21,0.22,0.78,0.79,0.01,0.01,77225.95,1776458539000
1776458541.096,141.096,0.21,0.22,0.78,0.79,0.01,0.01,77225.95,1776458539000
1776458541.472,141.472,0.21,0.23,0.77,0.79,0.02,0.02,77225.74,1776458540000
1776458542.014,142.014,0.21,0.22,0.77,0.79,0.01,0.02,77225.74,1776458540000
1776458542.435,142.435,0.22,0.23,0.77,0.78,0.01,0.01,77225.78,1776458541000
1776458542.804,142.804,0.22,0.23,0.77,0.78,0.01,0.01,77225.78,1776458541000
1776458543.229,143.229,0.22,0.23,0.77,0.78,0.01,0.01,77225.78,1776458541000
1776458543.602,143.602,0.22,0.23,0.77,0.78,0.01,0.01,77226.2,1776458542000
1776458544.213,144.213,0.22,0.24,0.77,0.78,0.02,0.01,77226.2,1776458542000
1776458544.577,144.577,0.24,0.25,0.75,0.76,0.01,0.01,77227.35,1776458543000
1776458545.064,145.064,0.24,0.25,0.75,0.76,0.01,0.01,77228.9,1776458544000
1776458545.701,145.701,0.24,0.25,0.75,0.76,0.01,0.01,77228.9,1776458544000
1776458546.205,146.205,0.24,0.25,0.75,0.76,0.01,0.01,77228.9,1776458544000
1776458546.552,146.552,0.24,0.25,0.75,0.76,0.01,0.01,77229.71,1776458545000
1776458546.893,146.893,0.24,0.25,0.75,0.76,0.01,0.01,77229.71,1776458545000
1776458547.281,147.281,0.24,0.25,0.75,0.76,0.01,0.01,77229.71,1776458545000
1776458547.901,147.901,0.24,0.25,0.75,0.76,0.01,0.01,77230.12,1776458546000
1776458548.625,148.625,0.24,0.25,0.75,0.76,0.01,0.01,77232.12,1776458547000
1776458549.11,149.11,0.24,0.25,0.75,0.76,0.01,0.01,77232.03,1776458548000
1776458549.628,149.628,0.24,0.25,0.75,0.76,0.01,0.01,77232.03,1776458548000
1776458550.226,150.226,0.24,0.25,0.75,0.76,0.01,0.01,77232.4,1776458549000
1776458550.606,150.606,0.24,0.25,0.75,0.76,0.01,0.01,77232.4,1776458549000
1776458550.982,150.982,0.24,0.25,0.75,0.76,0.01,0.01,77232.4,1776458549000
1776458551.341,151.341,0.26,0.27,0.73,0.74,0.01,0.01,77232.55,1776458550000
1776458551.687,151.687,0.26,0.27,0.73,0.74,0.01,0.01,77232.55,1776458550000
1776458552.118,152.118,0.26,0.27,0.73,0.74,0.01,0.01,77232.55,1776458550000
1776458552.462,152.462,0.26,0.27,0.73,0.74,0.01,0.01,77232.35,1776458551000
1776458552.983,152.983,0.27,0.28,0.72,0.73,0.01,0.01,77232.35,1776458551000
1776458553.568,153.568,0.27,0.28,0.72,0.73,0.01,0.01,77232.36,1776458552000
1776458553.964,153.964,0.27,0.28,0.72,0.73,0.01,0.01,77232.36,1776458552000
1776458554.795,154.795,0.27,0.28,0.72,0.73,0.01,0.01,77234.12,1776458553000
1776458555.128,155.128,0.27,0.28,0.72,0.73,0.01,0.01,77234.12,1776458553000
1776458555.716,155.716,0.27,0.28,0.72,0.73,0.01,0.01,77235.61,1776458554000
1776458556.341,156.341,0.27,0.28,0.72,0.73,0.01,0.01,77235.61,1776458555000
1776458557.486,157.486,0.27,0.28,0.72,0.73,0.01,0.01,77235.61,1776458555000
1776458557.883,157.883,0.27,0.28,0.72,0.73,0.01,0.01,77235.61,1776458556000
1776458558.222,158.222,0.26,0.28,0.72,0.74,0.02,0.02,77236.48,1776458557000
1776458558.641,158.641,0.27,0.28,0.72,0.73,0.01,0.01,77236.48,1776458557000
1776458559.201,159.201,0.26,0.28,0.72,0.73,0.02,0.01,77236.48,1776458557000
1776458559.543,159.543,0.26,0.27,0.73,0.74,0.01,0.01,77236.45,1776458558000
1776458559.899,159.899,0.26,0.27,0.73,0.74,0.01,0.01,77236.45,1776458558000
1776458560.388,160.388,0.26,0.27,0.73,0.74,0.01,0.01,77236.49,1776458559000
1776458560.764,160.764,0.26,0.27,0.73,0.74,0.01,0.01,77236.49,1776458559000
1776458561.156,161.156,0.25,0.27,0.73,0.74,0.02,0.01,77235.45,1776458560000
1776458561.494,161.494,0.25,0.26,0.73,0.75,0.01,0.02,77235.45,1776458560000
1776458561.879,161.879,0.25,0.26,0.74,0.75,0.01,0.01,77235.45,1776458560000
1776458562.499,162.499,0.25,0.26,0.74,0.75,0.01,0.01,77235.36,1776458561000
1776458562.837,162.837,0.24,0.26,0.74,0.76,0.02,0.02,77235.36,1776458561000
1776458563.183,163.183,0.24,0.25,0.75,0.76,0.01,0.01,77235.36,1776458561000
1776458563.52,163.52,0.24,0.25,0.75,0.77,0.01,0.02,77235.39,1776458562000
1776458563.989,163.989,0.24,0.25,0.75,0.76,0.01,0.01,77235.4,1776458563000
1776458565.107,165.107,0.24,0.25,0.75,0.76,0.01,0.01,77235.42,1776458564000
1776458565.595,165.595,0.24,0.25,0.75,0.76,0.01,0.01,77235.42,1776458564000
1776458566.165,166.165,0.24,0.25,0.75,0.76,0.01,0.01,77235.42,1776458564000
1776458566.507,166.507,0.24,0.25,0.75,0.76,0.01,0.01,77235.42,1776458564000
1776458566.84,166.84,0.24,0.25,0.75,0.76,0.01,0.01,77235.2,1776458565000
1776458567.262,167.262,0.24,0.25,0.75,0.76,0.01,0.01,77235.2,1776458566000
1776458567.78,167.78,0.24,0.25,0.75,0.76,0.01,0.01,77235.2,1776458566000
1776458568.303,168.303,0.24,0.25,0.75,0.76,0.01,0.01,77235.38,1776458567000
1776458568.952,168.952,0.24,0.25,0.75,0.76,0.01,0.01,77235.38,1776458567000
1776458569.496,169.496,0.24,0.25,0.75,0.76,0.01,0.01,77235.38,1776458568000
1776458569.883,169.883,0.26,0.27,0.73,0.74,0.01,0.01,77235.38,1776458568000
1776458570.28,170.28,0.26,0.27,0.73,0.74,0.01,0.01,77235.42,1776458569000
1776458570.832,170.832,0.26,0.27,0.73,0.74,0.01,0.01,77235.42,1776458569000
1776458571.27,171.27,0.26,0.27,0.73,0.74,0.01,0.01,77235.37,1776458570000
1776458571.613,171.613,0.26,0.27,0.73,0.74,0.01,0.01,77235.37,1776458570000
1776458571.973,171.973,0.26,0.27,0.73,0.74,0.01,0.01,77235.37,1776458570000
1776458572.458,172.458,0.26,0.27,0.73,0.74,0.01,0.01,77235.38,1776458571000
1776458572.792,172.792,0.26,0.27,0.73,0.74,0.01,0.01,77235.38,1776458571000
1776458574.149,174.149,0.26,0.27,0.73,0.74,0.01,0.01,77235.18,1776458573000
1776458574.619,174.619,0.26,0.27,0.73,0.74,0.01,0.01,77235.18,1776458573000
1776458575.316,175.316,0.26,0.27,0.73,0.74,0.01,0.01,77235.19,1776458574000
1776458576.217,176.217,0.26,0.27,0.73,0.74,0.01,0.01,77235.19,1776458574000
1776458576.582,176.582,0.26,0.27,0.73,0.74,0.01,0.01,77235.21,1776458575000
1776458577.187,177.187,0.26,0.27,0.73,0.74,0.01,0.01,77235.13,1776458576000
1776458577.683,177.683,0.26,0.27,0.73,0.74,0.01,0.01,77235.13,1776458576000
1776458578.32,178.32,0.24,0.26,0.73,0.75,0.02,0.02,77235.13,1776458576000
1776458578.667,178.667,0.25,0.26,0.74,0.75,0.01,0.01,77235.13,1776458576000
1776458579.063,179.063,0.25,0.26,0.74,0.75,0.01,0.01,77235.4,1776458577000
1776458579.609,179.609,0.25,0.26,0.74,0.75,0.01,0.01,77235.4,1776458577000
1776458580.361,180.361,0.25,0.26,0.74,0.75,0.01,0.01,77235.39,1776458579000
1776458581.18,181.18,0.24,0.26,0.74,0.75,0.02,0.01,77235.39,1776458579000
1776458581.672,181.672,0.24,0.26,0.74,0.76,0.02,0.02,77235.39,1776458579000
1776458582.357,182.357,0.24,0.26,0.74,0.76,0.02,0.02,77235.6,1776458581000
1776458582.982,182.982,0.25,0.26,0.74,0.75,0.01,0.01,77235.6,1776458581000
1776458583.409,183.409,0.25,0.26,0.74,0.75,0.01,0.01,77235.6,1776458581000
1776458583.914,183.914,0.25,0.26,0.74,0.75,0.01,0.01,77235.86,1776458582000
1776458584.282,184.282,0.25,0.26,0.74,0.75,0.01,0.01,77235.45,1776458583000
1776458584.652,184.652,0.25,0.26,0.74,0.75,0.01,0.01,77235.45,1776458583000
1776458585.103,185.103,0.25,0.26,0.74,0.75,0.01,0.01,77235.45,1776458583000
1776458585.44,185.44,0.25,0.26,0.74,0.75,0.01,0.01,77235.45,1776458583000
1776458585.784,185.784,0.25,0.26,0.74,0.75,0.01,0.01,77230.18,1776458584000
1776458586.118,186.118,0.24,0.26,0.74,0.76,0.02,0.02,77230.18,1776458584000
1776458586.513,186.513,0.24,0.25,0.74,0.76,0.01,0.02,77229.78,1776458585000
1776458586.952,186.952,0.24,0.25,0.75,0.76,0.01,0.01,77229.78,1776458585000
1776458587.433,187.433,0.24,0.25,0.75,0.76,0.01,0.01,77229.9,1776458586000
1776458588.041,188.041,0.24,0.25,0.75,0.76,0.01,0.01,77229.9,1776458586000
1776458588.578,188.578,0.24,0.25,0.75,0.76,0.01,0.01,77230.75,1776458587000
1776458589.098,189.098,0.24,0.25,0.75,0.76,0.01,0.01,77230.75,1776458587000
1776458590.494,190.494,0.24,0.25,0.75,0.76,0.01,0.01,77234.64,1776458589000
1776458591.146,191.146,0.24,0.25,0.75,0.76,0.01,0.01,77236.09,1776458590000
1776458592.302,192.302,0.24,0.25,0.75,0.76,0.01,0.01,77236.26,1776458591000
1776458592.636,192.636,0.26,0.27,0.73,0.74,0.01,0.01,77236.26,1776458591000
1776458592.988,192.988,0.24,0.26,0.75,0.76,0.02,0.01,77236.26,1776458591000
1776458593.505,193.505,0.24,0.25,0.75,0.76,0.01,0.01,77236.83,1776458592000
1776458593.868,193.868,0.24,0.25,0.75,0.76,0.01,0.01,77236.83,1776458592000
1776458595.176,195.176,0.24,0.25,0.75,0.76,0.01,0.01,77236.89,1776458593000
1776458595.576,195.576,0.2,0.24,0.77,0.8,0.04,0.03,77236.66,1776458594000
1776458596.368,196.368,0.21,0.23,0.76,0.8,0.02,0.04,77236.66,1776458594000
1776458596.989,196.989,0.22,0.23,0.77,0.78,0.01,0.01,77234.03,1776458596000
1776458597.949,197.949,0.22,0.23,0.77,0.78,0.01,0.01,77233.16,1776458597000
1776458598.734,198.734,0.22,0.23,0.77,0.78,0.01,0.01,77233.16,1776458597000
1776458599.148,199.148,0.2,0.21,0.79,0.8,0.01,0.01,77233.21,1776458598000
1776458599.537,199.537,0.21,0.22,0.78,0.79,0.01,0.01,77233.21,1776458598000
1776458600.004,200.004,0.21,0.22,0.78,0.79,0.01,0.01,77233.21,1776458598000
1776458600.343,200.343,0.21,0.22,0.78,0.79,0.01,0.01,77233.21,1776458599000
1776458600.801,200.801,0.25,0.26,0.74,0.77,0.01,0.03,77233.21,1776458599000
1776458601.142,201.142,0.25,0.27,0.73,0.75,0.02,0.02,77233.57,1776458600000
1776458601.673,201.673,0.25,0.27,0.73,0.75,0.02,0.02,77233.57,1776458600000
1776458602.069,202.069,0.27,0.3,0.7,0.73,0.03,0.03,77233.57,1776458600000
1776458602.416,202.416,0.35,0.36,0.64,0.66,0.01,0.02,77239.62,1776458601000
1776458602.845,202.845,0.37,0.38,0.62,0.63,0.01,0.01,77239.62,1776458601000
1776458603.254,203.254,0.4,0.41,0.58,0.63,0.01,0.05,77249.42,1776458602000
1776458603.704,203.704,0.41,0.43,0.58,0.6,0.02,0.02,77249.42,1776458602000
1776458604.07,204.07,0.42,0.43,0.57,0.58,0.01,0.01,77255.95,1776458603000
1776458604.494,204.494,0.42,0.43,0.57,0.58,0.01,0.01,77255.95,1776458603000
1776458604.839,204.839,0.42,0.43,0.57,0.58,0.01,0.01,77255.95,1776458603000
1776458605.222,205.222,0.43,0.44,0.56,0.57,0.01,0.01,77259.41,1776458604000
1776458605.969,205.969,0.44,0.45,0.55,0.56,0.01,0.01,77261.17,1776458605000
1776458606.367,206.367,0.44,0.45,0.55,0.56,0.01,0.01,77261.17,1776458605000
1776458606.716,206.716,0.44,0.45,0.55,0.56,0.01,0.01,77261.17,1776458605000
1776458607.142,207.142,0.44,0.45,0.55,0.56,0.01,0.01,77263.99,1776458606000
1776458607.49,207.49,0.44,0.45,0.55,0.56,0.01,0.01,77263.99,1776458606000
1776458607.831,207.831,0.44,0.45,0.55,0.56,0.01,0.01,77263.99,1776458606000
1776458608.198,208.198,0.46,0.47,0.53,0.54,0.01,0.01,77263.99,1776458606000
1776458608.765,208.765,0.46,0.47,0.53,0.54,0.01,0.01,77264.13,1776458607000
1776458609.111,209.111,0.5,0.53,0.46,0.52,0.03,0.06,77266.12,1776458608000
1776458609.935,209.935,0.53,0.54,0.46,0.47,0.01,0.01,77266.12,1776458608000
1776458610.372,210.372,0.62,0.65,0.35,0.38,0.03,0.03,77269.48,1776458609000
1776458610.707,210.707,0.63,0.64,0.34,0.37,0.01,0.03,77269.48,1776458609000
1776458611.049,211.049,0.65,0.66,0.34,0.35,0.01,0.01,77269.48,1776458609000
1776458611.402,211.402,0.66,0.68,0.31,0.35,0.02,0.04,77282.61,1776458610000
1776458611.744,211.744,0.66,0.68,0.32,0.34,0.02,0.02,77282.61,1776458610000
1776458612.108,212.108,0.66,0.67,0.33,0.34,0.01,0.01,77282.61,1776458610000
1776458612.443,212.443,0.65,0.67,0.33,0.35,0.02,0.02,77289.6,1776458611000
1776458612.777,212.777,0.59,0.61,0.39,0.41,0.02,0.02,77289.6,1776458611000
1776458613.113,213.113,0.6,0.61,0.39,0.4,0.01,0.01,77289.6,1776458611000
1776458613.456,213.456,0.6,0.61,0.39,0.4,0.01,0.01,77290.57,1776458612000
1776458613.798,213.798,0.6,0.61,0.39,0.4,0.01,0.01,77290.57,1776458612000
1776458614.158,214.158,0.6,0.61,0.39,0.4,0.01,0.01,77290.57,1776458612000
1776458614.564,214.564,0.6,0.61,0.39,0.4,0.01,0.01,77286.32,1776458613000
1776458614.902,214.902,0.6,0.62,0.39,0.4,0.02,0.01,77286.32,1776458613000
1776458615.476,215.476,0.63,0.65,0.35,0.37,0.02,0.02,77283.38,1776458614000
1776458615.825,215.825,0.64,0.65,0.35,0.36,0.01,0.01,77283.38,1776458614000
1776458616.162,216.162,0.65,0.66,0.34,0.35,0.01,0.01,77283.38,1776458614000
1776458616.583,216.583,0.65,0.67,0.34,0.35,0.02,0.01,77283.38,1776458615000
1776458616.944,216.944,0.66,0.67,0.33,0.34,0.01,0.01,77283.38,1776458615000
1776458617.307,217.307,0.66,0.67,0.33,0.34,0.01,0.01,77285.68,1776458616000
1776458617.864,217.864,0.67,0.68,0.32,0.34,0.01,0.02,77285.68,1776458616000
1776458618.197,218.197,0.68,0.69,0.31,0.33,0.01,0.02,77285.68,1776458616000
1776458618.787,218.787,0.68,0.69,0.31,0.32,0.01,0.01,77288.58,1776458617000
1776458619.199,219.199,0.72,0.75,0.25,0.28,0.03,0.03,77288.68,1776458618000
1776458619.551,219.551,0.74,0.75,0.25,0.26,0.01,0.01,77288.68,1776458618000
1776458619.98,219.98,0.75,0.76,0.24,0.26,0.01,0.02,77288.68,1776458618000
1776458620.317,220.317,0.75,0.76,0.24,0.25,0.01,0.01,77289.69,1776458619000
1776458620.706,220.706,0.75,0.76,0.24,0.25,0.01,0.01,77289.69,1776458619000
1776458621.195,221.195,0.75,0.76,0.24,0.25,0.01,0.01,77289.69,1776458619000
1776458621.529,221.529,0.76,0.78,0.22,0.24,0.02,0.02,77289.69,1776458619000
1776458621.97,221.97,0.77,0.78,0.22,0.23,0.01,0.01,77289.69,1776458619000
1776458622.43,222.43,0.77,0.78,0.2,0.23,0.01,0.03,77293.67,1776458620000
1776458622.848,222.848,0.77,0.78,0.22,0.23,0.01,0.01,77295.1,1776458621000
1776458623.308,223.308,0.75,0.76,0.24,0.25,0.01,0.01,77295.28,1776458622000
1776458623.742,223.742,0.73,0.74,0.25,0.27,0.01,0.02,77295.28,1776458622000
1776458624.318,224.318,0.73,0.74,0.26,0.27,0.01,0.01,77298.33,1776458623000
1776458624.735,224.735,0.73,0.74,0.26,0.27,0.01,0.01,77298.33,1776458623000
1776458625.087,225.087,0.73,0.74,0.26,0.27,0.01,0.01,77297.88,1776458624000
1776458625.434,225.434,0.72,0.73,0.26,0.28,0.01,0.02,77297.88,1776458624000
1776458625.768,225.768,0.72,0.73,0.27,0.28,0.01,0.01,77297.88,1776458624000
1776458626.151,226.151,0.72,0.73,0.27,0.28,0.01,0.01,77295.95,1776458625000
1776458626.595,226.595,0.72,0.73,0.27,0.28,0.01,0.01,77295.95,1776458625000
1776458626.947,226.947,0.72,0.73,0.27,0.28,0.01,0.01,77295.95,1776458625000
1776458627.58,227.58,0.72,0.73,0.27,0.28,0.01,0.01,77295.95,1776458626000
1776458627.923,227.923,0.72,0.73,0.27,0.28,0.01,0.01,77294.53,1776458627000
1776458628.39,228.39,0.72,0.73,0.27,0.28,0.01,0.01,77294.53,1776458627000
1776458628.834,228.834,0.7,0.71,0.27,0.3,0.01,0.03,77294.53,1776458627000
1776458629.376,229.376,0.72,0.73,0.28,0.29,0.01,0.01,77294.37,1776458628000
1776458629.797,229.797,0.72,0.73,0.27,0.28,0.01,0.01,77294.37,1776458628000
1776458630.276,230.276,0.72,0.73,0.27,0.28,0.01,0.01,77294.35,1776458629000
1776458630.659,230.659,0.72,0.73,0.27,0.28,0.01,0.01,77294.35,1776458629000
1776458631.192,231.192,0.72,0.73,0.27,0.28,0.01,0.01,77294.35,1776458630000
1776458631.555,231.555,0.72,0.73,0.27,0.28,0.01,0.01,77294.35,1776458630000
1776458631.901,231.901,0.72,0.73,0.27,0.28,0.01,0.01,77294.26,1776458631000
1776458632.56,232.56,0.72,0.73,0.27,0.28,0.01,0.01,77294.26,1776458631000
1776458632.9,232.9,0.72,0.73,0.27,0.28,0.01,0.01,77294.23,1776458632000
1776458633.594,233.594,0.72,0.73,0.27,0.28,0.01,0.01,77294.23,1776458632000
1776458633.966,233.966,0.72,0.73,0.27,0.28,0.01,0.01,77294.23,1776458632000
1776458634.414,234.414,0.72,0.73,0.27,0.28,0.01,0.01,77294.23,1776458632000
1776458634.962,234.962,0.72,0.73,0.27,0.28,0.01,0.01,77294.16,1776458633000
1776458635.406,235.406,0.72,0.73,0.27,0.28,0.01,0.01,77294.16,1776458633000
1776458635.911,235.911,0.73,0.74,0.26,0.28,0.01,0.02,77294.22,1776458634000
1776458636.268,236.268,0.73,0.74,0.25,0.27,0.01,0.02,77294.22,1776458634000
1776458636.675,236.675,0.75,0.76,0.24,0.25,0.01,0.01,77294.24,1776458635000
1776458637.023,237.023,0.75,0.76,0.24,0.25,0.01,0.01,77294.24,1776458635000
1776458637.402,237.402,0.75,0.76,0.24,0.25,0.01,0.01,77294.26,1776458636000
1776458637.882,237.882,0.75,0.76,0.24,0.25,0.01,0.01,77294.26,1776458637000
1776458638.291,238.291,0.75,0.76,0.24,0.25,0.01,0.01,77294.26,1776458637000
1776458638.765,238.765,0.75,0.76,0.24,0.25,0.01,0.01,77294.26,1776458637000
1776458639.147,239.147,0.75,0.76,0.24,0.25,0.01,0.01,77295.12,1776458638000
1776458639.518,239.518,0.76,0.77,0.24,0.25,0.01,0.01,77295.12,1776458638000
1776458639.989,239.989,0.76,0.77,0.23,0.24,0.01,0.01,77295.12,1776458638000
1776458640.376,240.376,0.76,0.77,0.23,0.24,0.01,0.01,77295.33,1776458639000
1776458640.734,240.734,0.79,0.8,0.21,0.24,0.01,0.03,77295.33,1776458639000
1776458641.094,241.094,0.8,0.81,0.19,0.2,0.01,0.01,77295.33,1776458639000
1776458641.462,241.462,0.8,0.81,0.19,0.2,0.01,0.01,77295.76,1776458640000
1776458641.812,241.812,0.82,0.83,0.17,0.18,0.01,0.01,77295.76,1776458640000
1776458642.218,242.218,0.82,0.83,0.17,0.18,0.01,0.01,77295.8,1776458641000
1776458642.628,242.628,0.85,0.86,0.14,0.18,0.01,0.04,77295.8,1776458641000
1776458642.976,242.976,0.85,0.86,0.14,0.15,0.01,0.01,77295.8,1776458641000
1776458643.371,243.371,0.85,0.86,0.14,0.15,0.01,0.01,77297.57,1776458642000
1776458643.74,243.74,0.86,0.87,0.13,0.14,0.01,0.01,77297.57,1776458642000
1776458644.089,244.089,0.86,0.87,0.13,0.14,0.01,0.01,77297.57,1776458642000
1776458644.591,244.591,0.86,0.87,0.13,0.14,0.01,0.01,77299.87,1776458643000
1776458644.931,244.931,0.86,0.87,0.13,0.14,0.01,0.01,77299.88,1776458644000
1776458645.381,245.381,0.86,0.87,0.13,0.14,0.01,0.01,77299.88,1776458644000
1776458645.764,245.764,0.86,0.87,0.13,0.14,0.01,0.01,77299.88,1776458644000
1776458646.137,246.137,0.86,0.87,0.13,0.14,0.01,0.01,77300.08,1776458645000
1776458646.496,246.496,0.85,0.86,0.13,0.14,0.01,0.01,77300.08,1776458645000
1776458646.857,246.857,0.85,0.86,0.14,0.15,0.01,0.01,77300.08,1776458645000
1776458647.26,247.26,0.87,0.88,0.13,0.14,0.01,0.01,77300.5,1776458646000
1776458647.622,247.622,0.88,0.89,0.11,0.12,0.01,0.01,77300.5,1776458646000
1776458648.123,248.123,0.88,0.89,0.11,0.12,0.01,0.01,77300.5,1776458646000
1776458648.522,248.522,0.88,0.89,0.11,0.12,0.01,0.01,77300.52,1776458647000
1776458648.929,248.929,0.88,0.89,0.11,0.12,0.01,0.01,77300.52,1776458647000
1776458649.27,249.27,0.88,0.89,0.11,0.12,0.01,0.01,77300.52,1776458647000
1776458649.604,249.604,0.88,0.89,0.11,0.12,0.01,0.01,77300.52,1776458647000
1776458650.077,250.077,0.88,0.89,0.11,0.12,0.01,0.01,77302.95,1776458648000
1776458650.574,250.574,0.88,0.89,0.11,0.12,0.01,0.01,77302.95,1776458648000
1776458651.082,251.082,0.86,0.87,0.11,0.13,0.01,0.02,77303.04,1776458649000
1776458651.42,251.42,0.86,0.87,0.13,0.14,0.01,0.01,77303.94,1776458650000
1776458651.871,251.871,0.86,0.87,0.13,0.14,0.01,0.01,77303.94,1776458650000
1776458652.226,252.226,0.86,0.87,0.13,0.14,0.01,0.01,77303.94,1776458650000
1776458652.645,252.645,0.86,0.87,0.12,0.16,0.01,0.04,77303.96,1776458651000
1776458652.992,252.992,0.87,0.89,0.12,0.14,0.02,0.02,77303.96,1776458651000
1776458653.47,253.47,0.88,0.89,0.11,0.13,0.01,0.02,77303.79,1776458652000
1776458653.825,253.825,0.88,0.89,0.11,0.12,0.01,0.01,77303.79,1776458652000
1776458654.246,254.246,0.89,0.9,0.1,0.11,0.01,0.01,77303.79,1776458652000
1776458654.633,254.633,0.89,0.9,0.1,0.11,0.01,0.01,77304.0,1776458653000
1776458655.121,255.121,0.89,0.9,0.1,0.11,0.01,0.01,77304.0,1776458653000
1776458655.585,255.585,0.89,0.9,0.1,0.11,0.01,0.01,77304.12,1776458654000
1776458656.122,256.122,0.88,0.9,0.1,0.12,0.02,0.02,77304.12,1776458654000
1776458656.466,256.466,0.88,0.89,0.11,0.12,0.01,0.01,77304.12,1776458654000
1776458656.896,256.896,0.88,0.89,0.11,0.12,0.01,0.01,77304.25,1776458655000
1776458657.481,257.481,0.88,0.89,0.11,0.12,0.01,0.01,77304.25,1776458655000
1776458657.883,257.883,0.88,0.89,0.11,0.12,0.01,0.01,77304.03,1776458656000
1776458658.312,258.312,0.88,0.9,0.11,0.12,0.02,0.01,77304.03,1776458656000
1776458658.742,258.742,0.9,0.91,0.09,0.11,0.01,0.02,77304.02,1776458657000
1776458659.098,259.098,0.9,0.91,0.09,0.1,0.01,0.01,77304.02,1776458657000
1776458659.472,259.472,0.9,0.91,0.09,0.1,0.01,0.01,77304.24,1776458658000
1776458659.88,259.88,0.9,0.91,0.09,0.1,0.01,0.01,77304.24,1776458658000
1776458660.528,260.528,0.9,0.91,0.09,0.1,0.01,0.01,77304.24,1776458658000
1776458660.866,260.866,0.9,0.91,0.09,0.1,0.01,0.01,77304.47,1776458659000
1776458661.232,261.232,0.9,0.91,0.09,0.1,0.01,0.01,77304.47,1776458659000
1776458661.69,261.69,0.9,0.91,0.09,0.1,0.01,0.01,77304.48,1776458660000
1776458662.071,262.071,0.9,0.91,0.09,0.1,0.01,0.01,77304.4,1776458661000
1776458662.423,262.423,0.9,0.91,0.09,0.1,0.01,0.01,77304.4,1776458661000
1776458662.772,262.772,0.9,0.91,0.09,0.1,0.01,0.01,77304.4,1776458661000
1776458663.398,263.398,0.9,0.91,0.09,0.1,0.01,0.01,77304.4,1776458661000
1776458663.769,263.769,0.9,0.91,0.09,0.1,0.01,0.01,77302.19,1776458662000
1776458664.113,264.113,0.8,0.82,0.19,0.2,0.02,0.01,77302.19,1776458662000
1776458664.539,264.539,0.8,0.81,0.19,0.2,0.01,0.01,77302.33,1776458663000
1776458664.941,264.941,0.8,0.81,0.19,0.2,0.01,0.01,77302.33,1776458663000
1776458665.281,265.281,0.8,0.81,0.19,0.2,0.01,0.01,77302.33,1776458663000
1776458665.688,265.688,0.8,0.82,0.15,0.2,0.02,0.05,77302.33,1776458663000
1776458666.134,266.134,0.81,0.83,0.17,0.19,0.02,0.02,77295.15,1776458664000
1776458666.468,266.468,0.81,0.82,0.18,0.19,0.01,0.01,77294.37,1776458665000
1776458666.927,266.927,0.81,0.82,0.18,0.19,0.01,0.01,77294.37,1776458665000
1776458667.293,267.293,0.82,0.83,0.17,0.18,0.01,0.01,77293.64,1776458666000
1776458667.848,267.848,0.81,0.83,0.17,0.18,0.02,0.01,77293.64,1776458666000
1776458668.188,268.188,0.81,0.82,0.18,0.19,0.01,0.01,77293.64,1776458666000
1776458668.752,268.752,0.81,0.82,0.18,0.19,0.01,0.01,77293.64,1776458666000
1776458669.162,269.162,0.81,0.82,0.18,0.19,0.01,0.01,77293.74,1776458668000
1776458669.634,269.634,0.81,0.82,0.18,0.19,0.01,0.01,77293.74,1776458668000
1776458670.174,270.174,0.81,0.82,0.18,0.19,0.01,0.01,77293.15,1776458669000
1776458670.514,270.514,0.81,0.82,0.18,0.19,0.01,0.01,77293.15,1776458669000
1776458670.864,270.864,0.81,0.82,0.18,0.19,0.01,0.01,77293.15,1776458669000
1776458671.241,271.241,0.81,0.82,0.18,0.19,0.01,0.01,77293.15,1776458669000
1776458671.679,271.679,0.81,0.82,0.18,0.19,0.01,0.01,77293.05,1776458670000
1776458672.029,272.029,0.81,0.82,0.18,0.19,0.01,0.01,77293.05,1776458670000
1776458672.413,272.413,0.81,0.82,0.18,0.19,0.01,0.01,77293.27,1776458671000
1776458672.817,272.817,0.81,0.82,0.18,0.19,0.01,0.01,77293.27,1776458671000
1776458673.236,273.236,0.81,0.82,0.18,0.19,0.01,0.01,77293.27,1776458671000
1776458673.592,273.592,0.81,0.82,0.18,0.19,0.01,0.01,77293.2,1776458672000
1776458674.389,274.389,0.81,0.82,0.18,0.19,0.01,0.01,77293.2,1776458672000
1776458674.731,274.731,0.81,0.82,0.18,0.19,0.01,0.01,77293.19,1776458673000
1776458675.318,275.318,0.81,0.82,0.18,0.19,0.01,0.01,77293.19,1776458673000
1776458675.768,275.768,0.81,0.82,0.18,0.19,0.01,0.01,77292.7,1776458674000
1776458676.115,276.115,0.7,0.71,0.29,0.3,0.01,0.01,77292.7,1776458674000
1776458676.485,276.485,0.71,0.72,0.28,0.29,0.01,0.01,77292.82,1776458675000
1776458676.852,276.852,0.81,0.82,0.18,0.19,0.01,0.01,77292.82,1776458675000
1776458677.188,277.188,0.76,0.82,0.18,0.19,0.06,0.01,77291.97,1776458676000
1776458677.655,277.655,0.79,0.8,0.2,0.21,0.01,0.01,77291.97,1776458676000
1776458678.265,278.265,0.79,0.8,0.2,0.21,0.01,0.01,77287.05,1776458677000
1776458678.996,278.996,0.79,0.8,0.2,0.21,0.01,0.01,77287.05,1776458677000
1776458679.476,279.476,0.79,0.8,0.2,0.21,0.01,0.01,77286.41,1776458678000
1776458679.937,279.937,0.79,0.8,0.2,0.21,0.01,0.01,77286.36,1776458679000
1776458680.409,280.409,0.79,0.8,0.2,0.21,0.01,0.01,77286.36,1776458679000
1776458680.813,280.813,0.78,0.8,0.2,0.21,0.02,0.01,77286.36,1776458679000
1776458681.214,281.214,0.77,0.78,0.21,0.23,0.01,0.02,77286.49,1776458680000
1776458681.629,281.629,0.75,0.76,0.24,0.25,0.01,0.01,77286.49,1776458680000
1776458682.026,282.026,0.68,0.7,0.3,0.31,0.02,0.01,77286.49,1776458680000
1776458682.373,282.373,0.68,0.69,0.31,0.32,0.01,0.01,77286.49,1776458680000
1776458682.728,282.728,0.68,0.69,0.31,0.32,0.01,0.01,77286.49,1776458680000
1776458683.062,283.062,0.68,0.69,0.31,0.32,0.01,0.01,77285.11,1776458681000
1776458683.406,283.406,0.68,0.69,0.31,0.32,0.01,0.01,77285.01,1776458682000
1776458683.847,283.847,0.68,0.69,0.31,0.32,0.01,0.01,77285.01,1776458682000
1776458684.356,284.356,0.7,0.71,0.29,0.3,0.01,0.01,77285.01,1776458682000
1776458684.764,284.764,0.76,0.77,0.23,0.24,0.01,0.01,77283.9,1776458683000
1776458685.151,285.151,0.77,0.78,0.22,0.23,0.01,0.01,77283.9,1776458684000
1776458685.589,285.589,0.77,0.78,0.22,0.23,0.01,0.01,77283.9,1776458684000
1776458686.1,286.1,0.78,0.79,0.21,0.22,0.01,0.01,77283.91,1776458685000
1776458686.462,286.462,0.75,0.76,0.24,0.25,0.01,0.01,77283.91,1776458685000
1776458686.822,286.822,0.76,0.78,0.24,0.25,0.02,0.01,77283.91,1776458685000
1776458687.196,287.196,0.76,0.78,0.22,0.24,0.02,0.02,77284.29,1776458686000
1776458687.567,287.567,0.78,0.79,0.22,0.24,0.01,0.02,77284.29,1776458686000
1776458688.237,288.237,0.78,0.79,0.21,0.22,0.01,0.01,77284.29,1776458686000
1776458688.596,288.596,0.78,0.79,0.21,0.22,0.01,0.01,77284.24,1776458687000
1776458688.953,288.953,0.78,0.79,0.21,0.22,0.01,0.01,77284.24,1776458687000
1776458689.352,289.352,0.78,0.79,0.21,0.22,0.01,0.01,77284.24,1776458687000
1776458689.715,289.715,0.8,0.81,0.19,0.2,0.01,0.01,77284.15,1776458688000
1776458690.396,290.396,0.8,0.81,0.19,0.2,0.01,0.01,77284.15,1776458689000
1776458690.746,290.746,0.85,0.86,0.14,0.15,0.01,0.01,77284.15,1776458689000
1776458691.127,291.127,0.85,0.86,0.14,0.15,0.01,0.01,77284.18,1776458690000
1776458691.504,291.504,0.85,0.86,0.14,0.15,0.01,0.01,77284.18,1776458690000
1776458691.853,291.853,0.86,0.88,0.12,0.15,0.02,0.03,77284.18,1776458690000
1776458692.261,292.261,0.87,0.88,0.12,0.13,0.01,0.01,77284.26,1776458691000
1776458692.701,292.701,0.88,0.89,0.11,0.12,0.01,0.01,77284.26,1776458691000
1776458693.042,293.042,0.85,0.89,0.11,0.12,0.04,0.01,77284.26,1776458691000
1776458693.549,293.549,0.89,0.9,0.1,0.11,0.01,0.01,77284.5,1776458692000
1776458693.994,293.994,0.9,0.91,0.09,0.13,0.01,0.04,77284.5,1776458692000
1776458694.402,294.402,0.9,0.91,0.09,0.1,0.01,0.01,77284.5,1776458693000
1776458694.803,294.803,0.88,0.89,0.1,0.16,0.01,0.06,77284.5,1776458693000
1776458695.308,295.308,0.9,0.91,0.09,0.12,0.01,0.03,77284.47,1776458694000
1776458695.648,295.648,0.92,0.93,0.08,0.09,0.01,0.01,77284.47,1776458694000
1776458696.013,296.013,0.92,0.93,0.07,0.08,0.01,0.01,77284.47,1776458694000
1776458696.35,296.35,0.92,0.94,0.07,0.08,0.02,0.01,77282.91,1776458695000
1776458696.708,296.708,0.94,0.95,0.05,0.06,0.01,0.01,77282.91,1776458695000
1776458697.055,297.055,0.94,0.97,0.03,0.06,0.03,0.03,77282.91,1776458695000
1776458697.399,297.399,0.96,0.97,0.03,0.04,0.01,0.01,77283.97,1776458696000
1776458697.792,297.792,0.97,0.98,0.02,0.03,0.01,0.01,77283.97,1776458696000
1776458698.249,298.249,0.95,0.98,0.02,0.03,0.03,0.01,77283.97,1776458696000
1776458698.583,298.583,0.98,0.99,0.01,0.02,0.01,0.01,77284.55,1776458697000
1776458698.917,298.917,0.98,0.99,0.01,0.02,0.01,0.01,77284.55,1776458697000
1776458699.5,299.5,0.99,0.99,0.01,0.01,0.0,0.0,77284.55,1776458697000
1776458699.885,299.885,0.99,0.99,0.01,0.01,0.0,0.0,77284.36,1776458698000
1776458700.449,300.449,0.99,0.99,0.01,0.01,0.0,0.0,77284.48,1776458699000
1776458700.877,300.877,0.99,0.99,0.01,0.01,0.0,0.0,77284.48,1776458699000
1776458701.266,301.266,0.99,0.99,0.01,0.01,0.0,0.0,77283.37,1776458700000
1776458702.541,302.541,0.99,0.99,0.01,0.01,0.0,0.0,77273.13,1776458701000

# RESULT,winner=Up,slug=btc-updown-5m-1776458400,ticks=665
