timestamp,elapsed_sec,up_bid,up_ask,down_bid,down_ask,up_spread,down_spread,btc_price,btc_oracle_ts
1776790500.54,0.54,0.48,0.5,0.51,0.52,0.02,0.01,75935.19,1776790499000
1776790501.012,1.012,0.48,0.49,0.5,0.52,0.01,0.02,75935.19,1776790499000
1776790501.476,1.476,0.48,0.49,0.51,0.52,0.01,0.01,75945.03,1776790500000
1776790501.996,1.996,0.48,0.49,0.51,0.52,0.01,0.01,75945.03,1776790500000
1776790502.368,2.368,0.48,0.49,0.51,0.52,0.01,0.01,75946.86,1776790501000
1776790502.732,2.732,0.48,0.49,0.51,0.52,0.01,0.01,75946.86,1776790501000
1776790503.209,3.209,0.48,0.49,0.51,0.52,0.01,0.01,75946.86,1776790501000
1776790503.549,3.549,0.46,0.48,0.52,0.53,0.02,0.01,75943.72,1776790502000
1776790503.944,3.944,0.45,0.46,0.54,0.55,0.01,0.01,75943.72,1776790503000
1776790504.401,4.401,0.45,0.46,0.54,0.55,0.01,0.01,75943.72,1776790503000
1776790504.905,4.905,0.48,0.49,0.51,0.53,0.01,0.02,75943.72,1776790503000
1776790505.323,5.323,0.48,0.49,0.51,0.52,0.01,0.01,75937.7,1776790504000
1776790505.657,5.657,0.48,0.49,0.51,0.52,0.01,0.01,75937.7,1776790504000
1776790506.011,6.011,0.48,0.49,0.51,0.52,0.01,0.01,75937.7,1776790504000
1776790506.386,6.386,0.48,0.49,0.51,0.52,0.01,0.01,75941.92,1776790505000
1776790506.734,6.734,0.48,0.49,0.51,0.52,0.01,0.01,75941.92,1776790505000
1776790507.648,7.648,0.48,0.49,0.51,0.52,0.01,0.01,75943.46,1776790506000
1776790508.059,8.059,0.48,0.49,0.51,0.52,0.01,0.01,75944.26,1776790507000
1776790509.321,9.321,0.48,0.49,0.51,0.52,0.01,0.01,75940.82,1776790508000
1776790509.733,9.733,0.48,0.49,0.51,0.52,0.01,0.01,75940.82,1776790508000
1776790510.127,10.127,0.48,0.49,0.51,0.52,0.01,0.01,75940.82,1776790508000
1776790510.686,10.686,0.48,0.49,0.51,0.52,0.01,0.01,75940.83,1776790509000
1776790511.104,11.104,0.48,0.49,0.51,0.52,0.01,0.01,75940.88,1776790510000
1776790511.507,11.507,0.48,0.49,0.51,0.52,0.01,0.01,75940.88,1776790510000
1776790511.888,11.888,0.48,0.49,0.51,0.52,0.01,0.01,75940.88,1776790510000
1776790512.233,12.233,0.47,0.49,0.51,0.52,0.02,0.01,75939.64,1776790511000
1776790512.785,12.785,0.47,0.48,0.52,0.53,0.01,0.01,75939.64,1776790511000
1776790513.152,13.152,0.47,0.48,0.52,0.53,0.01,0.01,75938.74,1776790512000
1776790513.532,13.532,0.47,0.48,0.52,0.53,0.01,0.01,75938.74,1776790512000
1776790513.876,13.876,0.47,0.48,0.52,0.53,0.01,0.01,75938.74,1776790512000
1776790514.258,14.258,0.47,0.48,0.52,0.53,0.01,0.01,75938.35,1776790513000
1776790514.601,14.601,0.46,0.47,0.53,0.54,0.01,0.01,75938.35,1776790513000
1776790515.072,15.072,0.46,0.47,0.53,0.54,0.01,0.01,75938.35,1776790513000
1776790515.592,15.592,0.46,0.47,0.53,0.54,0.01,0.01,75936.76,1776790514000
1776790515.952,15.952,0.45,0.46,0.54,0.55,0.01,0.01,75936.76,1776790514000
1776790516.385,16.385,0.45,0.46,0.54,0.55,0.01,0.01,75935.85,1776790515000
1776790516.741,16.741,0.45,0.47,0.54,0.55,0.02,0.01,75935.85,1776790515000
1776790517.159,17.159,0.46,0.47,0.53,0.54,0.01,0.01,75935.63,1776790516000
1776790517.896,17.896,0.46,0.47,0.53,0.54,0.01,0.01,75935.63,1776790516000
1776790518.42,18.42,0.46,0.47,0.53,0.54,0.01,0.01,75932.88,1776790517000
1776790518.773,18.773,0.46,0.47,0.53,0.54,0.01,0.01,75932.88,1776790517000
1776790519.304,19.304,0.46,0.47,0.53,0.54,0.01,0.01,75932.88,1776790517000
1776790519.664,19.664,0.46,0.47,0.53,0.54,0.01,0.01,75933.31,1776790518000
1776790520.021,20.021,0.49,0.5,0.5,0.51,0.01,0.01,75933.31,1776790518000
1776790520.365,20.365,0.53,0.54,0.46,0.47,0.01,0.01,75933.31,1776790519000
1776790520.744,20.744,0.53,0.54,0.46,0.47,0.01,0.01,75933.31,1776790519000
1776790521.181,21.181,0.54,0.55,0.45,0.46,0.01,0.01,75933.31,1776790519000
1776790521.514,21.514,0.48,0.49,0.51,0.52,0.01,0.01,75936.58,1776790520000
1776790521.861,21.861,0.46,0.47,0.53,0.54,0.01,0.01,75936.58,1776790520000
1776790522.657,22.657,0.46,0.47,0.53,0.54,0.01,0.01,75947.06,1776790521000
1776790523.072,23.072,0.46,0.47,0.53,0.54,0.01,0.01,75947.06,1776790521000
1776790523.472,23.472,0.46,0.49,0.51,0.54,0.03,0.03,75947.06,1776790521000
1776790524.093,24.093,0.46,0.48,0.51,0.54,0.02,0.03,75940.5,1776790522000
1776790524.527,24.527,0.46,0.48,0.52,0.54,0.02,0.02,75941.91,1776790523000
1776790524.878,24.878,0.47,0.48,0.52,0.53,0.01,0.01,75941.91,1776790523000
1776790525.213,25.213,0.46,0.5,0.5,0.53,0.04,0.03,75941.91,1776790523000
1776790525.552,25.552,0.47,0.48,0.52,0.53,0.01,0.01,75943.01,1776790524000
1776790525.985,25.985,0.47,0.49,0.52,0.53,0.02,0.01,75943.01,1776790524000
1776790526.459,26.459,0.47,0.48,0.52,0.53,0.01,0.01,75943.01,1776790524000
1776790526.86,26.86,0.47,0.48,0.52,0.53,0.01,0.01,75943.49,1776790525000
1776790527.291,27.291,0.47,0.48,0.52,0.53,0.01,0.01,75943.49,1776790525000
1776790527.731,27.731,0.47,0.48,0.52,0.53,0.01,0.01,75943.73,1776790526000
1776790528.093,28.093,0.47,0.48,0.52,0.53,0.01,0.01,75943.73,1776790526000
1776790528.673,28.673,0.47,0.48,0.52,0.53,0.01,0.01,75942.82,1776790527000
1776790529.152,29.152,0.47,0.48,0.52,0.53,0.01,0.01,75942.82,1776790527000
1776790529.497,29.497,0.44,0.45,0.54,0.56,0.01,0.02,75942.82,1776790527000
1776790529.84,29.84,0.42,0.43,0.57,0.58,0.01,0.01,75939.1,1776790528000
1776790530.221,30.221,0.42,0.43,0.57,0.58,0.01,0.01,75939.1,1776790528000
1776790530.556,30.556,0.42,0.43,0.57,0.58,0.01,0.01,75939.1,1776790528000
1776790530.889,30.889,0.42,0.43,0.57,0.58,0.01,0.01,75937.45,1776790529000
1776790531.292,31.292,0.44,0.45,0.55,0.56,0.01,0.01,75937.45,1776790529000
1776790531.895,31.895,0.44,0.45,0.55,0.56,0.01,0.01,75931.96,1776790530000
1776790532.376,32.376,0.44,0.45,0.55,0.56,0.01,0.01,75929.39,1776790531000
1776790532.971,32.971,0.44,0.45,0.55,0.56,0.01,0.01,75929.39,1776790531000
1776790533.351,33.351,0.44,0.45,0.55,0.56,0.01,0.01,75928.24,1776790532000
1776790533.866,33.866,0.44,0.45,0.55,0.56,0.01,0.01,75928.24,1776790532000
1776790534.37,34.37,0.43,0.44,0.56,0.57,0.01,0.01,75928.24,1776790532000
1776790534.714,34.714,0.4,0.41,0.59,0.6,0.01,0.01,75928.24,1776790532000
1776790535.12,35.12,0.4,0.41,0.59,0.6,0.01,0.01,75935.78,1776790533000
1776790535.529,35.529,0.38,0.39,0.61,0.63,0.01,0.02,75935.78,1776790534000
1776790535.987,35.987,0.37,0.38,0.62,0.63,0.01,0.01,75935.78,1776790534000
1776790536.322,36.322,0.37,0.38,0.62,0.63,0.01,0.01,75935.78,1776790534000
1776790536.724,36.724,0.37,0.38,0.62,0.63,0.01,0.01,75935.78,1776790534000
1776790537.11,37.11,0.37,0.38,0.62,0.63,0.01,0.01,75935.78,1776790534000
1776790537.495,37.495,0.37,0.38,0.62,0.63,0.01,0.01,75925.16,1776790536000
1776790537.939,37.939,0.37,0.38,0.62,0.63,0.01,0.01,75925.16,1776790536000
1776790538.403,38.403,0.37,0.38,0.62,0.63,0.01,0.01,75925.16,1776790536000
1776790538.748,38.748,0.37,0.38,0.62,0.63,0.01,0.01,75925.16,1776790536000
1776790539.193,39.193,0.37,0.38,0.62,0.63,0.01,0.01,75922.7,1776790537000
1776790539.676,39.676,0.37,0.38,0.62,0.63,0.01,0.01,75922.31,1776790538000
1776790540.05,40.05,0.36,0.38,0.62,0.64,0.02,0.02,75922.31,1776790538000
1776790540.433,40.433,0.36,0.37,0.63,0.64,0.01,0.01,75922.74,1776790539000
1776790540.777,40.777,0.34,0.37,0.63,0.66,0.03,0.03,75922.74,1776790539000
1776790541.116,41.116,0.35,0.36,0.64,0.65,0.01,0.01,75922.74,1776790539000
1776790541.473,41.473,0.35,0.36,0.64,0.65,0.01,0.01,75921.61,1776790540000
1776790541.849,41.849,0.35,0.36,0.64,0.65,0.01,0.01,75921.61,1776790540000
1776790542.25,42.25,0.35,0.36,0.64,0.65,0.01,0.01,75921.61,1776790540000
1776790542.642,42.642,0.35,0.36,0.64,0.65,0.01,0.01,75921.61,1776790540000
1776790543.088,43.088,0.35,0.36,0.64,0.65,0.01,0.01,75914.41,1776790541000
1776790543.497,43.497,0.35,0.36,0.64,0.65,0.01,0.01,75914.41,1776790541000
1776790543.83,43.83,0.33,0.34,0.66,0.67,0.01,0.01,75914.38,1776790542000
1776790544.22,44.22,0.33,0.34,0.66,0.67,0.01,0.01,75914.38,1776790542000
1776790544.632,44.632,0.33,0.34,0.66,0.67,0.01,0.01,75914.21,1776790543000
1776790544.968,44.968,0.33,0.34,0.66,0.67,0.01,0.01,75914.21,1776790543000
1776790545.335,45.335,0.33,0.34,0.66,0.67,0.01,0.01,75914.21,1776790543000
1776790545.713,45.713,0.33,0.34,0.66,0.67,0.01,0.01,75913.01,1776790544000
1776790546.055,46.055,0.33,0.35,0.66,0.67,0.02,0.01,75913.01,1776790544000
1776790546.452,46.452,0.34,0.35,0.65,0.66,0.01,0.01,75910.65,1776790545000
1776790546.786,46.786,0.34,0.37,0.64,0.66,0.03,0.02,75910.65,1776790545000
1776790547.227,47.227,0.36,0.38,0.62,0.64,0.02,0.02,75913.37,1776790546000
1776790547.647,47.647,0.37,0.38,0.62,0.63,0.01,0.01,75913.37,1776790546000
1776790548.016,48.016,0.37,0.38,0.62,0.63,0.01,0.01,75913.37,1776790546000
1776790548.436,48.436,0.4,0.44,0.56,0.62,0.04,0.06,75913.37,1776790546000
1776790548.808,48.808,0.43,0.44,0.56,0.57,0.01,0.01,75914.8,1776790547000
1776790549.186,49.186,0.43,0.44,0.56,0.57,0.01,0.01,75914.8,1776790547000
1776790549.634,49.634,0.43,0.44,0.56,0.57,0.01,0.01,75914.8,1776790547000
1776790549.979,49.979,0.48,0.49,0.51,0.52,0.01,0.01,75918.95,1776790548000
1776790550.316,50.316,0.49,0.51,0.5,0.51,0.02,0.01,75918.95,1776790548000
1776790550.759,50.759,0.51,0.52,0.48,0.49,0.01,0.01,75923.6,1776790549000
1776790551.108,51.108,0.51,0.52,0.48,0.49,0.01,0.01,75923.6,1776790549000
1776790551.577,51.577,0.52,0.53,0.47,0.49,0.01,0.02,75923.6,1776790549000
1776790551.922,51.922,0.53,0.55,0.45,0.47,0.02,0.02,75933.43,1776790550000
1776790552.275,52.275,0.55,0.56,0.44,0.45,0.01,0.01,75933.43,1776790550000
1776790552.679,52.679,0.55,0.56,0.44,0.45,0.01,0.01,75933.43,1776790550000
1776790553.17,53.17,0.55,0.56,0.44,0.45,0.01,0.01,75935.4,1776790551000
1776790553.635,53.635,0.55,0.56,0.44,0.45,0.01,0.01,75939.8,1776790552000
1776790554.006,54.006,0.52,0.53,0.47,0.48,0.01,0.01,75939.8,1776790552000
1776790554.433,54.433,0.5,0.51,0.49,0.5,0.01,0.01,75939.8,1776790552000
1776790554.887,54.887,0.49,0.51,0.49,0.51,0.02,0.02,75951.47,1776790553000
1776790555.267,55.267,0.48,0.5,0.5,0.51,0.02,0.01,75951.47,1776790553000
1776790555.607,55.607,0.48,0.49,0.51,0.52,0.01,0.01,75950.01,1776790554000
1776790556.161,56.161,0.48,0.49,0.51,0.52,0.01,0.01,75950.01,1776790554000
1776790556.521,56.521,0.48,0.49,0.51,0.52,0.01,0.01,75950.01,1776790554000
1776790557.051,57.051,0.48,0.49,0.51,0.52,0.01,0.01,75945.35,1776790555000
1776790557.7,57.7,0.48,0.49,0.51,0.52,0.01,0.01,75944.5,1776790556000
1776790558.11,58.11,0.48,0.49,0.51,0.52,0.01,0.01,75942.02,1776790557000
1776790558.56,58.56,0.48,0.49,0.51,0.52,0.01,0.01,75942.02,1776790557000
1776790558.893,58.893,0.48,0.49,0.51,0.52,0.01,0.01,75942.02,1776790557000
1776790559.282,59.282,0.48,0.49,0.51,0.52,0.01,0.01,75941.04,1776790558000
1776790559.67,59.67,0.48,0.49,0.51,0.52,0.01,0.01,75941.04,1776790558000
1776790560.543,60.543,0.48,0.49,0.51,0.52,0.01,0.01,75939.87,1776790559000
1776790560.884,60.884,0.49,0.5,0.5,0.51,0.01,0.01,75939.87,1776790559000
1776790561.235,61.235,0.49,0.5,0.5,0.51,0.01,0.01,75940.25,1776790560000
1776790561.595,61.595,0.49,0.5,0.5,0.51,0.01,0.01,75940.25,1776790560000
1776790561.975,61.975,0.49,0.5,0.5,0.51,0.01,0.01,75940.25,1776790560000
1776790562.471,62.471,0.5,0.51,0.49,0.5,0.01,0.01,75940.89,1776790561000
1776790562.87,62.87,0.5,0.51,0.49,0.5,0.01,0.01,75940.89,1776790561000
1776790563.21,63.21,0.49,0.5,0.5,0.51,0.01,0.01,75940.89,1776790561000
1776790563.551,63.551,0.45,0.48,0.52,0.55,0.03,0.03,75943.27,1776790562000
1776790563.891,63.891,0.42,0.45,0.55,0.56,0.03,0.01,75943.27,1776790562000
1776790564.271,64.271,0.42,0.43,0.57,0.58,0.01,0.01,75942.8,1776790563000
1776790564.63,64.63,0.43,0.44,0.56,0.57,0.01,0.01,75942.8,1776790563000
1776790564.976,64.976,0.43,0.44,0.56,0.57,0.01,0.01,75942.8,1776790563000
1776790565.321,65.321,0.43,0.44,0.56,0.57,0.01,0.01,75932.57,1776790564000
1776790565.727,65.727,0.42,0.44,0.56,0.57,0.02,0.01,75932.57,1776790564000
1776790566.162,66.162,0.42,0.43,0.57,0.58,0.01,0.01,75932.57,1776790564000
1776790566.612,66.612,0.41,0.42,0.58,0.59,0.01,0.01,75934.48,1776790565000
1776790567.001,67.001,0.41,0.42,0.58,0.59,0.01,0.01,75934.48,1776790565000
1776790567.344,67.344,0.43,0.44,0.56,0.57,0.01,0.01,75933.27,1776790566000
1776790567.762,67.762,0.44,0.45,0.55,0.57,0.01,0.02,75933.27,1776790566000
1776790568.255,68.255,0.44,0.45,0.55,0.56,0.01,0.01,75933.27,1776790566000
1776790568.682,68.682,0.46,0.47,0.55,0.56,0.01,0.01,75932.2,1776790567000
1776790569.038,69.038,0.47,0.49,0.51,0.53,0.02,0.02,75932.2,1776790567000
1776790569.491,69.491,0.48,0.49,0.51,0.52,0.01,0.01,75932.2,1776790567000
1776790569.901,69.901,0.48,0.49,0.51,0.52,0.01,0.01,75935.23,1776790568000
1776790570.32,70.32,0.48,0.49,0.51,0.52,0.01,0.01,75935.23,1776790568000
1776790570.673,70.673,0.52,0.53,0.47,0.5,0.01,0.03,75936.01,1776790569000
1776790571.026,71.026,0.55,0.56,0.44,0.45,0.01,0.01,75936.01,1776790569000
1776790571.375,71.375,0.55,0.56,0.44,0.45,0.01,0.01,75936.01,1776790569000
1776790571.717,71.717,0.55,0.56,0.44,0.45,0.01,0.01,75940.45,1776790570000
1776790572.098,72.098,0.55,0.56,0.44,0.45,0.01,0.01,75940.45,1776790570000
1776790572.782,72.782,0.55,0.56,0.44,0.45,0.01,0.01,75945.14,1776790571000
1776790573.186,73.186,0.55,0.56,0.44,0.45,0.01,0.01,75951.21,1776790572000
1776790573.981,73.981,0.55,0.56,0.44,0.45,0.01,0.01,75951.21,1776790572000
1776790574.359,74.359,0.55,0.56,0.44,0.45,0.01,0.01,75954.27,1776790573000
1776790574.776,74.776,0.55,0.56,0.44,0.45,0.01,0.01,75954.27,1776790573000
1776790575.258,75.258,0.55,0.56,0.44,0.45,0.01,0.01,75954.27,1776790573000
1776790575.811,75.811,0.55,0.56,0.44,0.45,0.01,0.01,75951.48,1776790574000
1776790576.325,76.325,0.55,0.56,0.44,0.45,0.01,0.01,75951.48,1776790574000
1776790576.74,76.74,0.55,0.56,0.44,0.45,0.01,0.01,75951.79,1776790575000
1776790577.08,77.08,0.55,0.56,0.44,0.45,0.01,0.01,75951.8,1776790576000
1776790577.764,77.764,0.55,0.56,0.44,0.45,0.01,0.01,75951.8,1776790576000
1776790578.156,78.156,0.55,0.56,0.44,0.45,0.01,0.01,75951.8,1776790576000
1776790578.55,78.55,0.55,0.56,0.44,0.45,0.01,0.01,75951.8,1776790577000
1776790579.089,79.089,0.55,0.56,0.44,0.45,0.01,0.01,75951.8,1776790577000
1776790579.602,79.602,0.55,0.56,0.44,0.45,0.01,0.01,75951.8,1776790578000
1776790580.101,80.101,0.55,0.56,0.44,0.45,0.01,0.01,75951.8,1776790578000
1776790580.453,80.453,0.55,0.56,0.44,0.45,0.01,0.01,75951.92,1776790579000
1776790580.798,80.798,0.55,0.56,0.44,0.45,0.01,0.01,75951.92,1776790579000
1776790581.163,81.163,0.56,0.57,0.43,0.44,0.01,0.01,75951.92,1776790579000
1776790581.545,81.545,0.56,0.57,0.43,0.44,0.01,0.01,75952.14,1776790580000
1776790581.916,81.916,0.56,0.57,0.43,0.44,0.01,0.01,75952.14,1776790580000
1776790582.253,82.253,0.5,0.52,0.48,0.5,0.02,0.02,75952.14,1776790581000
1776790582.594,82.594,0.49,0.5,0.5,0.51,0.01,0.01,75952.14,1776790581000
1776790583.149,83.149,0.49,0.5,0.5,0.51,0.01,0.01,75952.14,1776790581000
1776790583.549,83.549,0.49,0.5,0.5,0.51,0.01,0.01,75952.65,1776790582000
1776790584.432,84.432,0.49,0.5,0.5,0.51,0.01,0.01,75952.65,1776790582000
1776790585.071,85.071,0.49,0.5,0.5,0.51,0.01,0.01,75946.04,1776790583000
1776790585.761,85.761,0.49,0.5,0.5,0.51,0.01,0.01,75946.04,1776790583000
1776790586.432,86.432,0.49,0.5,0.5,0.51,0.01,0.01,75944.46,1776790585000
1776790586.887,86.887,0.49,0.5,0.5,0.51,0.01,0.01,75944.46,1776790585000
1776790587.275,87.275,0.49,0.5,0.5,0.51,0.01,0.01,75944.46,1776790585000
1776790587.689,87.689,0.49,0.5,0.5,0.53,0.01,0.03,75944.05,1776790586000
1776790588.175,88.175,0.47,0.48,0.52,0.53,0.01,0.01,75944.05,1776790586000
1776790589.08,89.08,0.47,0.48,0.52,0.53,0.01,0.01,75944.73,1776790587000
1776790589.519,89.519,0.49,0.51,0.5,0.51,0.02,0.01,75944.73,1776790587000
1776790590.251,90.251,0.5,0.51,0.49,0.5,0.01,0.01,75943.27,1776790589000
1776790590.613,90.613,0.5,0.51,0.49,0.5,0.01,0.01,75943.27,1776790589000
1776790590.974,90.974,0.49,0.5,0.5,0.51,0.01,0.01,75943.27,1776790589000
1776790591.338,91.338,0.48,0.5,0.5,0.51,0.02,0.01,75943.27,1776790589000
1776790591.737,91.737,0.48,0.49,0.51,0.52,0.01,0.01,75944.27,1776790590000
1776790592.075,92.075,0.45,0.46,0.54,0.55,0.01,0.01,75944.27,1776790590000
1776790592.472,92.472,0.45,0.46,0.54,0.55,0.01,0.01,75944.27,1776790590000
1776790593.106,93.106,0.45,0.46,0.54,0.55,0.01,0.01,75941.66,1776790592000
1776790593.648,93.648,0.44,0.46,0.54,0.55,0.02,0.01,75941.66,1776790592000
1776790594.025,94.025,0.43,0.44,0.56,0.57,0.01,0.01,75941.66,1776790592000
1776790594.363,94.363,0.43,0.44,0.56,0.57,0.01,0.01,75939.24,1776790593000
1776790594.758,94.758,0.43,0.44,0.56,0.57,0.01,0.01,75939.24,1776790593000
1776790595.182,95.182,0.43,0.44,0.56,0.57,0.01,0.01,75939.24,1776790593000
1776790595.522,95.522,0.43,0.44,0.56,0.57,0.01,0.01,75938.63,1776790594000
1776790595.877,95.877,0.43,0.44,0.56,0.57,0.01,0.01,75938.63,1776790594000
1776790596.448,96.448,0.43,0.44,0.56,0.57,0.01,0.01,75938.63,1776790595000
1776790596.844,96.844,0.43,0.44,0.56,0.57,0.01,0.01,75938.63,1776790595000
1776790597.244,97.244,0.43,0.44,0.56,0.57,0.01,0.01,75938.63,1776790596000
1776790597.831,97.831,0.43,0.44,0.55,0.57,0.01,0.02,75938.63,1776790596000
1776790598.194,98.194,0.37,0.42,0.58,0.6,0.05,0.02,75938.63,1776790596000
1776790598.527,98.527,0.37,0.38,0.62,0.63,0.01,0.01,75938.12,1776790597000
1776790598.913,98.913,0.36,0.37,0.63,0.64,0.01,0.01,75938.12,1776790597000
1776790599.267,99.267,0.36,0.37,0.63,0.64,0.01,0.01,75938.12,1776790597000
1776790599.736,99.736,0.36,0.37,0.63,0.64,0.01,0.01,75935.35,1776790598000
1776790600.083,100.083,0.36,0.37,0.63,0.64,0.01,0.01,75935.35,1776790598000
1776790600.557,100.557,0.36,0.37,0.63,0.64,0.01,0.01,75928.05,1776790599000
1776790601.229,101.229,0.35,0.37,0.63,0.64,0.02,0.01,75928.05,1776790599000
1776790601.568,101.568,0.35,0.37,0.63,0.65,0.02,0.02,75928.05,1776790599000
1776790601.934,101.934,0.35,0.36,0.64,0.65,0.01,0.01,75928.05,1776790599000
1776790602.348,102.348,0.33,0.35,0.65,0.67,0.02,0.02,75926.93,1776790601000
1776790602.778,102.778,0.34,0.35,0.65,0.66,0.01,0.01,75926.93,1776790601000
1776790603.132,103.132,0.37,0.38,0.62,0.63,0.01,0.01,75921.55,1776790602000
1776790603.65,103.65,0.45,0.46,0.54,0.55,0.01,0.01,75921.55,1776790602000
1776790603.991,103.991,0.46,0.47,0.53,0.54,0.01,0.01,75921.55,1776790602000
1776790604.354,104.354,0.44,0.46,0.53,0.55,0.02,0.02,75919.46,1776790603000
1776790604.782,104.782,0.44,0.45,0.54,0.56,0.01,0.02,75919.46,1776790603000
1776790605.176,105.176,0.41,0.42,0.58,0.59,0.01,0.01,75919.46,1776790603000
1776790605.699,105.699,0.38,0.39,0.6,0.63,0.01,0.03,75919.46,1776790603000
1776790606.118,106.118,0.38,0.39,0.61,0.62,0.01,0.01,75932.96,1776790604000
1776790606.476,106.476,0.37,0.38,0.61,0.62,0.01,0.01,75931.9,1776790605000
1776790606.977,106.977,0.37,0.38,0.62,0.63,0.01,0.01,75931.9,1776790605000
1776790607.383,107.383,0.37,0.38,0.62,0.63,0.01,0.01,75931.9,1776790605000
1776790607.731,107.731,0.39,0.41,0.6,0.61,0.02,0.01,75925.14,1776790606000
1776790608.245,108.245,0.4,0.41,0.59,0.6,0.01,0.01,75925.14,1776790606000
1776790608.634,108.634,0.4,0.41,0.59,0.6,0.01,0.01,75925.2,1776790607000
1776790609.123,109.123,0.41,0.42,0.58,0.59,0.01,0.01,75925.74,1776790608000
1776790609.64,109.64,0.41,0.42,0.58,0.59,0.01,0.01,75925.74,1776790608000
1776790610.037,110.037,0.41,0.42,0.58,0.59,0.01,0.01,75925.74,1776790608000
1776790610.589,110.589,0.41,0.42,0.58,0.59,0.01,0.01,75927.72,1776790609000
1776790610.948,110.948,0.43,0.44,0.57,0.59,0.01,0.02,75927.72,1776790609000
1776790611.289,111.289,0.45,0.46,0.54,0.55,0.01,0.01,75927.72,1776790609000
1776790611.956,111.956,0.45,0.46,0.54,0.55,0.01,0.01,75928.2,1776790610000
1776790612.317,112.317,0.45,0.46,0.54,0.55,0.01,0.01,75928.2,1776790611000
1776790612.65,112.65,0.45,0.46,0.54,0.55,0.01,0.01,75928.2,1776790611000
1776790613.125,113.125,0.45,0.46,0.54,0.55,0.01,0.01,75930.93,1776790612000
1776790613.678,113.678,0.45,0.46,0.54,0.55,0.01,0.01,75930.93,1776790612000
1776790614.231,114.231,0.45,0.46,0.54,0.55,0.01,0.01,75933.32,1776790613000
1776790614.713,114.713,0.45,0.46,0.54,0.55,0.01,0.01,75933.32,1776790613000
1776790615.413,115.413,0.45,0.46,0.54,0.55,0.01,0.01,75933.82,1776790614000
1776790615.879,115.879,0.46,0.47,0.53,0.54,0.01,0.01,75933.82,1776790614000
1776790616.219,116.219,0.49,0.52,0.48,0.51,0.03,0.03,75933.82,1776790615000
1776790616.553,116.553,0.51,0.53,0.48,0.49,0.02,0.01,75933.82,1776790615000
1776790616.962,116.962,0.52,0.53,0.47,0.48,0.01,0.01,75933.82,1776790615000
1776790617.401,117.401,0.52,0.53,0.47,0.48,0.01,0.01,75935.44,1776790616000
1776790617.926,117.926,0.52,0.53,0.47,0.48,0.01,0.01,75935.44,1776790616000
1776790618.378,118.378,0.52,0.53,0.47,0.49,0.01,0.02,75935.44,1776790616000
1776790618.904,118.904,0.51,0.52,0.48,0.49,0.01,0.01,75940.4,1776790617000
1776790619.268,119.268,0.51,0.52,0.48,0.49,0.01,0.01,75940.4,1776790617000
1776790620.105,120.105,0.5,0.52,0.48,0.49,0.02,0.01,75941.44,1776790618000
1776790620.538,120.538,0.5,0.51,0.49,0.5,0.01,0.01,75941.44,1776790618000
1776790620.879,120.879,0.5,0.51,0.49,0.5,0.01,0.01,75940.29,1776790619000
1776790621.625,121.625,0.5,0.51,0.49,0.5,0.01,0.01,75941.2,1776790620000
1776790622.173,122.173,0.5,0.51,0.49,0.5,0.01,0.01,75940.62,1776790621000
1776790622.553,122.553,0.48,0.5,0.5,0.52,0.02,0.02,75940.62,1776790621000
1776790622.936,122.936,0.49,0.5,0.5,0.51,0.01,0.01,75940.62,1776790621000
1776790623.411,123.411,0.5,0.51,0.49,0.51,0.01,0.02,75940.62,1776790621000
1776790623.755,123.755,0.5,0.51,0.49,0.5,0.01,0.01,75937.51,1776790622000
1776790624.124,124.124,0.5,0.51,0.49,0.5,0.01,0.01,75937.51,1776790622000
1776790624.686,124.686,0.5,0.51,0.49,0.5,0.01,0.01,75937.51,1776790623000
1776790625.196,125.196,0.49,0.5,0.49,0.5,0.01,0.01,75939.93,1776790624000
1776790625.71,125.71,0.48,0.49,0.5,0.52,0.01,0.02,75939.93,1776790624000
1776790626.121,126.121,0.48,0.49,0.51,0.52,0.01,0.01,75939.93,1776790624000
1776790626.534,126.534,0.48,0.49,0.51,0.52,0.01,0.01,75941.47,1776790625000
1776790627.083,127.083,0.48,0.49,0.51,0.52,0.01,0.01,75942.62,1776790626000
1776790627.478,127.478,0.48,0.49,0.51,0.52,0.01,0.01,75942.62,1776790626000
1776790627.821,127.821,0.48,0.49,0.51,0.52,0.01,0.01,75942.62,1776790626000
1776790628.488,128.488,0.48,0.49,0.51,0.52,0.01,0.01,75942.62,1776790626000
1776790628.956,128.956,0.43,0.45,0.55,0.56,0.02,0.01,75941.02,1776790627000
1776790629.308,129.308,0.39,0.41,0.59,0.61,0.02,0.02,75941.02,1776790627000
1776790629.74,129.74,0.36,0.38,0.62,0.64,0.02,0.02,75941.02,1776790628000
1776790630.176,130.176,0.36,0.37,0.63,0.64,0.01,0.01,75941.02,1776790628000
1776790630.551,130.551,0.36,0.37,0.63,0.64,0.01,0.01,75941.02,1776790628000
1776790630.929,130.929,0.36,0.37,0.63,0.64,0.01,0.01,75934.11,1776790629000
1776790631.286,131.286,0.36,0.37,0.63,0.64,0.01,0.01,75934.11,1776790629000
1776790631.658,131.658,0.36,0.37,0.63,0.64,0.01,0.01,75925.6,1776790630000
1776790632.057,132.057,0.36,0.37,0.63,0.64,0.01,0.01,75925.6,1776790630000
1776790632.429,132.429,0.36,0.37,0.63,0.64,0.01,0.01,75925.6,1776790630000
1776790632.987,132.987,0.36,0.37,0.63,0.64,0.01,0.01,75920.89,1776790631000
1776790633.476,133.476,0.36,0.37,0.63,0.64,0.01,0.01,75920.89,1776790632000
1776790634.003,134.003,0.36,0.37,0.63,0.64,0.01,0.01,75920.89,1776790632000
1776790634.788,134.788,0.36,0.37,0.63,0.64,0.01,0.01,75920.89,1776790632000
1776790635.134,135.134,0.36,0.37,0.63,0.64,0.01,0.01,75920.56,1776790633000
1776790635.491,135.491,0.35,0.36,0.63,0.65,0.01,0.02,75920.56,1776790633000
1776790636.031,136.031,0.33,0.36,0.64,0.67,0.03,0.03,75920.56,1776790633000
1776790636.587,136.587,0.31,0.32,0.68,0.69,0.01,0.01,75920.32,1776790634000
1776790637.046,137.046,0.3,0.32,0.68,0.7,0.02,0.02,75920.95,1776790635000
1776790637.422,137.422,0.3,0.32,0.69,0.7,0.02,0.01,75920.95,1776790635000
1776790637.784,137.784,0.3,0.31,0.69,0.7,0.01,0.01,75919.8,1776790636000
1776790638.118,138.118,0.3,0.31,0.69,0.7,0.01,0.01,75919.8,1776790636000
1776790638.511,138.511,0.3,0.31,0.69,0.7,0.01,0.01,75919.8,1776790636000
1776790638.918,138.918,0.3,0.31,0.69,0.7,0.01,0.01,75916.27,1776790637000
1776790639.268,139.268,0.31,0.32,0.68,0.69,0.01,0.01,75916.27,1776790637000
1776790639.819,139.819,0.31,0.32,0.68,0.69,0.01,0.01,75914.54,1776790638000
1776790640.327,140.327,0.31,0.32,0.68,0.69,0.01,0.01,75914.54,1776790638000
1776790640.706,140.706,0.31,0.32,0.68,0.69,0.01,0.01,75915.43,1776790639000
1776790641.272,141.272,0.31,0.32,0.68,0.69,0.01,0.01,75915.43,1776790639000
1776790641.674,141.674,0.31,0.32,0.68,0.69,0.01,0.01,75915.43,1776790639000
1776790642.109,142.109,0.31,0.32,0.68,0.69,0.01,0.01,75916.48,1776790640000
1776790642.556,142.556,0.31,0.32,0.68,0.69,0.01,0.01,75914.75,1776790641000
1776790643.245,143.245,0.31,0.32,0.68,0.69,0.01,0.01,75914.75,1776790641000
1776790643.727,143.727,0.31,0.32,0.68,0.69,0.01,0.01,75913.96,1776790642000
1776790644.07,144.07,0.31,0.32,0.68,0.69,0.01,0.01,75913.96,1776790642000
1776790644.689,144.689,0.31,0.32,0.68,0.69,0.01,0.01,75914.03,1776790643000
1776790645.03,145.03,0.31,0.32,0.68,0.69,0.01,0.01,75914.03,1776790643000
1776790645.653,145.653,0.31,0.32,0.68,0.69,0.01,0.01,75914.03,1776790643000
1776790646.113,146.113,0.3,0.32,0.68,0.7,0.02,0.02,75914.03,1776790643000
1776790646.455,146.455,0.3,0.31,0.69,0.7,0.01,0.01,75913.79,1776790644000
1776790646.881,146.881,0.28,0.31,0.69,0.71,0.03,0.02,75913.79,1776790645000
1776790647.505,147.505,0.28,0.3,0.7,0.72,0.02,0.02,75913.66,1776790646000
1776790648.2,148.2,0.26,0.36,0.72,0.74,0.1,0.02,75913.66,1776790646000
1776790648.565,148.565,0.26,0.28,0.72,0.74,0.02,0.02,75913.66,1776790647000
1776790649.003,149.003,0.26,0.28,0.72,0.74,0.02,0.02,75909.28,1776790648000
1776790649.513,149.513,0.28,0.29,0.71,0.72,0.01,0.01,75909.28,1776790648000
1776790649.978,149.978,0.27,0.28,0.72,0.73,0.01,0.01,75909.28,1776790648000
1776790650.535,150.535,0.27,0.28,0.72,0.73,0.01,0.01,75909.28,1776790648000
1776790650.923,150.923,0.27,0.28,0.72,0.73,0.01,0.01,75906.36,1776790649000
1776790651.278,151.278,0.24,0.25,0.75,0.76,0.01,0.01,75906.36,1776790649000
1776790651.695,151.695,0.22,0.23,0.77,0.78,0.01,0.01,75906.52,1776790650000
1776790652.053,152.053,0.22,0.23,0.77,0.78,0.01,0.01,75906.52,1776790650000
1776790652.474,152.474,0.22,0.23,0.77,0.78,0.01,0.01,75902.28,1776790651000
1776790652.885,152.885,0.22,0.23,0.77,0.78,0.01,0.01,75902.28,1776790651000
1776790653.223,153.223,0.24,0.26,0.74,0.76,0.02,0.02,75902.28,1776790651000
1776790653.583,153.583,0.25,0.28,0.74,0.75,0.03,0.01,75902.28,1776790651000
1776790653.972,153.972,0.26,0.28,0.72,0.73,0.02,0.01,75900.57,1776790652000
1776790654.539,154.539,0.27,0.28,0.72,0.73,0.01,0.01,75900.57,1776790652000
1776790654.883,154.883,0.27,0.28,0.72,0.73,0.01,0.01,75907.61,1776790653000
1776790655.227,155.227,0.28,0.31,0.69,0.72,0.03,0.03,75907.61,1776790653000
1776790655.678,155.678,0.28,0.31,0.69,0.72,0.03,0.03,75907.61,1776790654000
1776790656.014,156.014,0.29,0.32,0.69,0.71,0.03,0.02,75907.61,1776790654000
1776790656.643,156.643,0.3,0.33,0.67,0.7,0.03,0.03,75908.65,1776790655000
1776790657.079,157.079,0.3,0.32,0.68,0.7,0.02,0.02,75908.65,1776790655000
1776790657.42,157.42,0.31,0.32,0.68,0.69,0.01,0.01,75914.2,1776790656000
1776790657.787,157.787,0.31,0.32,0.68,0.69,0.01,0.01,75914.2,1776790656000
1776790658.22,158.22,0.31,0.32,0.68,0.69,0.01,0.01,75918.4,1776790657000
1776790658.578,158.578,0.31,0.32,0.68,0.69,0.01,0.01,75918.4,1776790657000
1776790658.914,158.914,0.31,0.32,0.68,0.69,0.01,0.01,75919.04,1776790658000
1776790659.311,159.311,0.3,0.31,0.69,0.7,0.01,0.01,75919.04,1776790658000
1776790659.736,159.736,0.29,0.31,0.69,0.7,0.02,0.01,75919.04,1776790658000
1776790660.083,160.083,0.26,0.29,0.71,0.74,0.03,0.03,75919.04,1776790658000
1776790660.42,160.42,0.26,0.27,0.73,0.74,0.01,0.01,75917.04,1776790659000
1776790660.873,160.873,0.27,0.28,0.72,0.73,0.01,0.01,75916.7,1776790660000
1776790661.215,161.215,0.27,0.28,0.72,0.73,0.01,0.01,75916.7,1776790660000
1776790662.032,162.032,0.27,0.28,0.72,0.73,0.01,0.01,75916.7,1776790660000
1776790662.546,162.546,0.24,0.26,0.72,0.73,0.02,0.01,75913.49,1776790661000
1776790662.887,162.887,0.21,0.23,0.77,0.78,0.02,0.01,75913.49,1776790661000
1776790663.331,163.331,0.2,0.22,0.78,0.8,0.02,0.02,75913.49,1776790661000
1776790663.707,163.707,0.2,0.21,0.79,0.8,0.01,0.01,75914.89,1776790662000
1776790664.223,164.223,0.2,0.21,0.79,0.8,0.01,0.01,75914.89,1776790662000
1776790664.673,164.673,0.2,0.21,0.79,0.8,0.01,0.01,75909.92,1776790663000
1776790665.217,165.217,0.2,0.21,0.79,0.8,0.01,0.01,75899.23,1776790664000
1776790665.554,165.554,0.2,0.21,0.79,0.8,0.01,0.01,75899.23,1776790664000
1776790665.974,165.974,0.19,0.2,0.8,0.81,0.01,0.01,75899.23,1776790664000
1776790666.434,166.434,0.19,0.2,0.8,0.81,0.01,0.01,75898.37,1776790665000
1776790666.894,166.894,0.19,0.2,0.8,0.81,0.01,0.01,75898.37,1776790665000
1776790667.463,167.463,0.19,0.2,0.8,0.81,0.01,0.01,75898.37,1776790665000
1776790667.799,167.799,0.19,0.2,0.8,0.81,0.01,0.01,75898.37,1776790665000
1776790668.162,168.162,0.19,0.2,0.8,0.81,0.01,0.01,75898.36,1776790666000
1776790668.689,168.689,0.19,0.2,0.8,0.81,0.01,0.01,75898.36,1776790667000
1776790669.088,169.088,0.19,0.2,0.8,0.81,0.01,0.01,75898.36,1776790667000
1776790669.509,169.509,0.21,0.22,0.8,0.81,0.01,0.01,75900.29,1776790668000
1776790669.855,169.855,0.21,0.22,0.78,0.79,0.01,0.01,75900.29,1776790668000
1776790670.335,170.335,0.21,0.22,0.78,0.79,0.01,0.01,75900.29,1776790668000
1776790670.925,170.925,0.21,0.22,0.78,0.79,0.01,0.01,75900.31,1776790669000
1776790671.349,171.349,0.22,0.23,0.77,0.78,0.01,0.01,75900.32,1776790670000
1776790671.682,171.682,0.22,0.23,0.77,0.78,0.01,0.01,75900.32,1776790670000
1776790672.151,172.151,0.22,0.23,0.77,0.78,0.01,0.01,75900.32,1776790670000
1776790672.513,172.513,0.24,0.25,0.75,0.76,0.01,0.01,75902.02,1776790671000
1776790672.86,172.86,0.24,0.25,0.75,0.76,0.01,0.01,75902.02,1776790671000
1776790673.265,173.265,0.24,0.25,0.75,0.76,0.01,0.01,75902.02,1776790671000
1776790673.634,173.634,0.29,0.3,0.69,0.72,0.01,0.03,75902.32,1776790672000
1776790673.968,173.968,0.3,0.31,0.69,0.7,0.01,0.01,75902.32,1776790672000
1776790674.305,174.305,0.3,0.31,0.69,0.7,0.01,0.01,75902.32,1776790672000
1776790674.731,174.731,0.31,0.32,0.68,0.69,0.01,0.01,75906.32,1776790673000
1776790675.17,175.17,0.33,0.34,0.66,0.67,0.01,0.01,75906.46,1776790674000
1776790675.63,175.63,0.33,0.34,0.66,0.67,0.01,0.01,75906.46,1776790674000
1776790676.032,176.032,0.33,0.34,0.66,0.67,0.01,0.01,75906.46,1776790674000
1776790676.512,176.512,0.31,0.32,0.68,0.69,0.01,0.01,75912.19,1776790675000
1776790677.039,177.039,0.31,0.32,0.68,0.69,0.01,0.01,75912.19,1776790675000
1776790677.418,177.418,0.31,0.32,0.68,0.69,0.01,0.01,75916.39,1776790676000
1776790677.974,177.974,0.31,0.32,0.68,0.69,0.01,0.01,75916.39,1776790676000
1776790678.364,178.364,0.3,0.31,0.69,0.7,0.01,0.01,75916.82,1776790677000
1776790678.725,178.725,0.29,0.3,0.69,0.7,0.01,0.01,75916.82,1776790677000
1776790679.219,179.219,0.29,0.3,0.7,0.71,0.01,0.01,75916.82,1776790677000
1776790679.602,179.602,0.29,0.3,0.7,0.71,0.01,0.01,75915.92,1776790678000
1776790680.056,180.056,0.29,0.3,0.7,0.71,0.01,0.01,75915.92,1776790678000
1776790680.395,180.395,0.28,0.29,0.71,0.72,0.01,0.01,75915.45,1776790679000
1776790680.761,180.761,0.29,0.3,0.7,0.72,0.01,0.02,75915.45,1776790679000
1776790681.105,181.105,0.29,0.3,0.7,0.71,0.01,0.01,75915.45,1776790679000
1776790681.603,181.603,0.28,0.3,0.7,0.71,0.02,0.01,75914.83,1776790680000
1776790681.948,181.948,0.28,0.29,0.71,0.72,0.01,0.01,75914.83,1776790680000
1776790682.281,182.281,0.28,0.29,0.71,0.72,0.01,0.01,75914.83,1776790680000
1776790682.811,182.811,0.29,0.3,0.7,0.71,0.01,0.01,75914.97,1776790681000
1776790683.228,183.228,0.28,0.29,0.71,0.72,0.01,0.01,75914.97,1776790681000
1776790683.712,183.712,0.27,0.28,0.71,0.73,0.01,0.02,75915.39,1776790682000
1776790684.147,184.147,0.27,0.28,0.72,0.73,0.01,0.01,75915.39,1776790682000
1776790684.604,184.604,0.27,0.28,0.72,0.73,0.01,0.01,75915.81,1776790683000
1776790684.961,184.961,0.24,0.27,0.73,0.76,0.03,0.03,75915.59,1776790684000
1776790685.407,185.407,0.24,0.25,0.75,0.76,0.01,0.01,75915.59,1776790684000
1776790685.749,185.749,0.18,0.19,0.79,0.82,0.01,0.03,75915.59,1776790684000
1776790686.094,186.094,0.18,0.19,0.81,0.82,0.01,0.01,75914.97,1776790685000
1776790686.524,186.524,0.18,0.19,0.81,0.82,0.01,0.01,75914.97,1776790685000
1776790686.904,186.904,0.18,0.19,0.81,0.82,0.01,0.01,75914.97,1776790685000
1776790687.339,187.339,0.17,0.18,0.81,0.83,0.01,0.02,75899.36,1776790686000
1776790687.673,187.673,0.17,0.18,0.82,0.83,0.01,0.01,75899.36,1776790686000
1776790688.021,188.021,0.17,0.18,0.82,0.83,0.01,0.01,75899.36,1776790686000
1776790688.485,188.485,0.17,0.18,0.82,0.83,0.01,0.01,75896.38,1776790687000
1776790688.92,188.92,0.16,0.17,0.83,0.84,0.01,0.01,75896.38,1776790687000
1776790689.286,189.286,0.16,0.17,0.83,0.84,0.01,0.01,75896.38,1776790687000
1776790689.655,189.655,0.15,0.17,0.83,0.84,0.02,0.01,75895.71,1776790688000
1776790690.081,190.081,0.15,0.16,0.84,0.85,0.01,0.01,75895.71,1776790688000
1776790690.474,190.474,0.15,0.16,0.84,0.85,0.01,0.01,75895.71,1776790688000
1776790690.83,190.83,0.15,0.16,0.84,0.85,0.01,0.01,75894.49,1776790689000
1776790691.182,191.182,0.13,0.14,0.86,0.87,0.01,0.01,75894.49,1776790690000
1776790691.52,191.52,0.13,0.14,0.86,0.87,0.01,0.01,75894.49,1776790690000
1776790691.986,191.986,0.13,0.14,0.86,0.87,0.01,0.01,75892.24,1776790691000
1776790692.341,192.341,0.13,0.14,0.86,0.87,0.01,0.01,75892.24,1776790691000
1776790692.808,192.808,0.12,0.13,0.87,0.88,0.01,0.01,75892.24,1776790691000
1776790693.198,193.198,0.12,0.13,0.87,0.88,0.01,0.01,75892.3,1776790692000
1776790693.574,193.574,0.12,0.13,0.87,0.88,0.01,0.01,75892.3,1776790692000
1776790693.938,193.938,0.12,0.13,0.87,0.88,0.01,0.01,75888.94,1776790693000
1776790694.312,194.312,0.12,0.13,0.87,0.88,0.01,0.01,75888.94,1776790693000
1776790694.687,194.687,0.12,0.13,0.87,0.88,0.01,0.01,75888.94,1776790693000
1776790695.023,195.023,0.13,0.14,0.86,0.87,0.01,0.01,75888.94,1776790694000
1776790695.427,195.427,0.13,0.14,0.86,0.87,0.01,0.01,75888.94,1776790694000
1776790695.911,195.911,0.13,0.14,0.86,0.87,0.01,0.01,75888.94,1776790694000
1776790696.262,196.262,0.13,0.14,0.86,0.87,0.01,0.01,75888.94,1776790694000
1776790696.645,196.645,0.11,0.14,0.86,0.88,0.03,0.02,75888.69,1776790695000
1776790697.017,197.017,0.1,0.11,0.89,0.9,0.01,0.01,75888.69,1776790695000
1776790697.453,197.453,0.1,0.11,0.89,0.9,0.01,0.01,75892.45,1776790696000
1776790697.789,197.789,0.09,0.1,0.9,0.91,0.01,0.01,75892.45,1776790696000
1776790698.136,198.136,0.09,0.1,0.9,0.91,0.01,0.01,75892.45,1776790696000
1776790698.524,198.524,0.09,0.1,0.9,0.91,0.01,0.01,75888.75,1776790697000
1776790699.039,199.039,0.08,0.09,0.91,0.92,0.01,0.01,75888.75,1776790697000
1776790699.425,199.425,0.08,0.09,0.91,0.92,0.01,0.01,75878.02,1776790698000
1776790699.785,199.785,0.08,0.09,0.91,0.92,0.01,0.01,75878.02,1776790698000
1776790700.248,200.248,0.08,0.09,0.91,0.92,0.01,0.01,75878.02,1776790698000
1776790700.628,200.628,0.08,0.09,0.91,0.92,0.01,0.01,75878.02,1776790698000
1776790701.035,201.035,0.07,0.08,0.92,0.93,0.01,0.01,75878.04,1776790699000
1776790701.431,201.431,0.07,0.08,0.92,0.93,0.01,0.01,75878.04,1776790699000
1776790701.802,201.802,0.07,0.08,0.92,0.93,0.01,0.01,75875.11,1776790700000
1776790702.301,202.301,0.06,0.07,0.93,0.94,0.01,0.01,75875.22,1776790701000
1776790702.654,202.654,0.07,0.08,0.92,0.93,0.01,0.01,75875.22,1776790701000
1776790702.996,202.996,0.07,0.08,0.92,0.93,0.01,0.01,75875.22,1776790701000
1776790703.342,203.342,0.07,0.08,0.92,0.93,0.01,0.01,75874.89,1776790702000
1776790703.821,203.821,0.07,0.08,0.92,0.93,0.01,0.01,75874.89,1776790702000
1776790704.467,204.467,0.06,0.07,0.92,0.93,0.01,0.01,75870.87,1776790703000
1776790704.814,204.814,0.08,0.09,0.91,0.92,0.01,0.01,75870.87,1776790703000
1776790705.201,205.201,0.08,0.09,0.91,0.92,0.01,0.01,75870.7,1776790704000
1776790705.635,205.635,0.08,0.09,0.91,0.92,0.01,0.01,75870.7,1776790704000
1776790706.011,206.011,0.09,0.1,0.9,0.91,0.01,0.01,75870.7,1776790704000
1776790706.348,206.348,0.09,0.1,0.9,0.91,0.01,0.01,75870.43,1776790705000
1776790706.779,206.779,0.09,0.1,0.9,0.91,0.01,0.01,75870.43,1776790705000
1776790707.139,207.139,0.07,0.08,0.92,0.93,0.01,0.01,75871.95,1776790706000
1776790707.474,207.474,0.06,0.07,0.92,0.94,0.01,0.02,75871.95,1776790706000
1776790707.857,207.857,0.06,0.07,0.93,0.94,0.01,0.01,75871.95,1776790706000
1776790708.246,208.246,0.05,0.07,0.93,0.95,0.02,0.02,75873.8,1776790707000
1776790708.641,208.641,0.05,0.06,0.94,0.95,0.01,0.01,75873.8,1776790707000
1776790709.008,209.008,0.05,0.06,0.94,0.95,0.01,0.01,75873.8,1776790707000
1776790709.434,209.434,0.05,0.06,0.94,0.95,0.01,0.01,75873.8,1776790707000
1776790709.8,209.8,0.05,0.06,0.94,0.95,0.01,0.01,75871.95,1776790708000
1776790710.214,210.214,0.06,0.07,0.93,0.94,0.01,0.01,75871.95,1776790708000
1776790710.551,210.551,0.06,0.07,0.93,0.94,0.01,0.01,75869.82,1776790709000
1776790710.897,210.897,0.06,0.07,0.93,0.94,0.01,0.01,75869.82,1776790709000
1776790711.293,211.293,0.07,0.08,0.92,0.93,0.01,0.01,75869.82,1776790709000
1776790711.63,211.63,0.07,0.08,0.92,0.93,0.01,0.01,75864.91,1776790710000
1776790712.024,212.024,0.07,0.08,0.92,0.93,0.01,0.01,75864.91,1776790710000
1776790712.389,212.389,0.07,0.08,0.92,0.93,0.01,0.01,75869.7,1776790711000
1776790712.798,212.798,0.07,0.08,0.92,0.93,0.01,0.01,75869.7,1776790711000
1776790713.148,213.148,0.07,0.08,0.92,0.93,0.01,0.01,75869.7,1776790711000
1776790713.491,213.491,0.06,0.07,0.93,0.94,0.01,0.01,75869.7,1776790711000
1776790713.936,213.936,0.06,0.07,0.93,0.94,0.01,0.01,75869.7,1776790711000
1776790714.281,214.281,0.06,0.07,0.93,0.94,0.01,0.01,75872.0,1776790713000
1776790714.629,214.629,0.06,0.07,0.93,0.94,0.01,0.01,75872.0,1776790713000
1776790715.111,215.111,0.06,0.07,0.93,0.94,0.01,0.01,75872.0,1776790713000
1776790715.489,215.489,0.06,0.07,0.93,0.94,0.01,0.01,75872.11,1776790714000
1776790716.451,216.451,0.06,0.07,0.93,0.94,0.01,0.01,75872.11,1776790714000
1776790716.843,216.843,0.06,0.07,0.93,0.94,0.01,0.01,75874.66,1776790715000
1776790717.283,217.283,0.06,0.07,0.93,0.94,0.01,0.01,75876.02,1776790716000
1776790717.836,217.836,0.05,0.06,0.93,0.95,0.01,0.02,75876.02,1776790716000
1776790718.206,218.206,0.05,0.06,0.94,0.95,0.01,0.01,75875.27,1776790717000
1776790718.566,218.566,0.05,0.06,0.93,0.95,0.01,0.02,75875.27,1776790717000
1776790718.915,218.915,0.05,0.06,0.94,0.95,0.01,0.01,75875.27,1776790717000
1776790719.354,219.354,0.05,0.07,0.94,0.95,0.02,0.01,75875.27,1776790717000
1776790719.785,219.785,0.06,0.07,0.93,0.94,0.01,0.01,75871.89,1776790718000
1776790720.334,220.334,0.05,0.06,0.93,0.94,0.01,0.01,75870.94,1776790719000
1776790721.136,221.136,0.05,0.06,0.94,0.95,0.01,0.01,75871.51,1776790720000
1776790721.47,221.47,0.05,0.06,0.94,0.95,0.01,0.01,75871.51,1776790720000
1776790721.814,221.814,0.05,0.06,0.94,0.95,0.01,0.01,75871.51,1776790720000
1776790722.174,222.174,0.05,0.06,0.94,0.95,0.01,0.01,75871.51,1776790720000
1776790722.606,222.606,0.05,0.06,0.94,0.95,0.01,0.01,75871.47,1776790721000
1776790723.391,223.391,0.05,0.06,0.94,0.95,0.01,0.01,75871.47,1776790721000
1776790723.828,223.828,0.05,0.06,0.94,0.95,0.01,0.01,75872.24,1776790722000
1776790724.333,224.333,0.05,0.06,0.94,0.95,0.01,0.01,75872.24,1776790722000
1776790724.684,224.684,0.05,0.06,0.94,0.95,0.01,0.01,75872.24,1776790722000
1776790725.112,225.112,0.04,0.05,0.95,0.96,0.01,0.01,75869.18,1776790724000
1776790725.448,225.448,0.04,0.05,0.95,0.96,0.01,0.01,75869.18,1776790724000
1776790725.791,225.791,0.04,0.05,0.95,0.96,0.01,0.01,75869.18,1776790724000
1776790726.137,226.137,0.04,0.05,0.95,0.96,0.01,0.01,75874.17,1776790725000
1776790726.481,226.481,0.04,0.05,0.95,0.96,0.01,0.01,75874.17,1776790725000
1776790726.942,226.942,0.04,0.05,0.95,0.96,0.01,0.01,75874.17,1776790725000
1776790727.459,227.459,0.04,0.05,0.95,0.96,0.01,0.01,75873.64,1776790726000
1776790727.792,227.792,0.04,0.05,0.95,0.96,0.01,0.01,75873.64,1776790726000
1776790728.247,228.247,0.04,0.05,0.95,0.96,0.01,0.01,75873.64,1776790726000
1776790728.601,228.601,0.04,0.05,0.95,0.96,0.01,0.01,75871.54,1776790727000
1776790729.104,229.104,0.04,0.05,0.95,0.96,0.01,0.01,75871.54,1776790727000
1776790729.472,229.472,0.05,0.06,0.95,0.96,0.01,0.01,75871.54,1776790728000
1776790729.905,229.905,0.05,0.06,0.94,0.95,0.01,0.01,75871.54,1776790728000
1776790730.241,230.241,0.06,0.07,0.93,0.94,0.01,0.01,75871.54,1776790728000
1776790730.654,230.654,0.07,0.08,0.92,0.93,0.01,0.01,75873.72,1776790729000
1776790731.128,231.128,0.07,0.08,0.92,0.93,0.01,0.01,75873.72,1776790729000
1776790731.47,231.47,0.07,0.08,0.92,0.93,0.01,0.01,75873.72,1776790729000
1776790731.807,231.807,0.05,0.06,0.93,0.95,0.01,0.02,75874.84,1776790730000
1776790732.266,232.266,0.05,0.06,0.94,0.95,0.01,0.01,75876.31,1776790731000
1776790732.688,232.688,0.05,0.06,0.94,0.95,0.01,0.01,75876.31,1776790731000
1776790733.039,233.039,0.05,0.06,0.94,0.95,0.01,0.01,75883.18,1776790732000
1776790733.409,233.409,0.05,0.06,0.94,0.95,0.01,0.01,75883.18,1776790732000
1776790733.804,233.804,0.05,0.06,0.94,0.95,0.01,0.01,75883.18,1776790732000
1776790734.152,234.152,0.04,0.06,0.94,0.96,0.02,0.02,75877.09,1776790733000
1776790734.512,234.512,0.04,0.05,0.95,0.96,0.01,0.01,75877.09,1776790733000
1776790734.921,234.921,0.04,0.05,0.95,0.96,0.01,0.01,75877.09,1776790733000
1776790735.399,235.399,0.04,0.05,0.94,0.96,0.01,0.02,75877.09,1776790733000
1776790735.774,235.774,0.04,0.05,0.95,0.96,0.01,0.01,75873.37,1776790734000
1776790736.13,236.13,0.04,0.05,0.95,0.96,0.01,0.01,75873.37,1776790734000
1776790736.5,236.5,0.03,0.05,0.95,0.96,0.02,0.01,75865.0,1776790735000
1776790736.984,236.984,0.03,0.04,0.96,0.97,0.01,0.01,75865.0,1776790735000
1776790737.356,237.356,0.03,0.04,0.96,0.97,0.01,0.01,75862.67,1776790736000
1776790737.813,237.813,0.03,0.04,0.96,0.97,0.01,0.01,75862.67,1776790736000
1776790738.166,238.166,0.02,0.03,0.97,0.98,0.01,0.01,75863.87,1776790737000
1776790738.509,238.509,0.02,0.03,0.97,0.98,0.01,0.01,75863.87,1776790737000
1776790738.973,238.973,0.02,0.03,0.97,0.98,0.01,0.01,75863.87,1776790737000
1776790739.342,239.342,0.02,0.03,0.97,0.98,0.01,0.01,75863.87,1776790737000
1776790739.691,239.691,0.02,0.03,0.97,0.98,0.01,0.01,75863.87,1776790737000
1776790740.049,240.049,0.02,0.03,0.97,0.98,0.01,0.01,75863.87,1776790737000
1776790740.476,240.476,0.01,0.02,0.98,0.99,0.01,0.01,75847.39,1776790739000
1776790740.842,240.842,0.01,0.02,0.98,0.99,0.01,0.01,75847.39,1776790739000
1776790741.266,241.266,0.01,0.01,0.99,0.99,0.0,0.0,75847.14,1776790740000
1776790741.667,241.667,0.01,0.01,0.99,0.99,0.0,0.0,75847.14,1776790740000
1776790742.015,242.015,0.01,0.01,0.99,0.99,0.0,0.0,75847.14,1776790740000
1776790742.381,242.381,0.01,0.01,0.99,0.99,0.0,0.0,75847.14,1776790740000
1776790743.195,243.195,0.01,0.01,0.99,0.99,0.0,0.0,75842.5,1776790742000
1776790743.593,243.593,0.01,0.01,0.99,0.99,0.0,0.0,75842.5,1776790742000
1776790744.129,244.129,0.01,0.01,0.99,0.99,0.0,0.0,75840.21,1776790743000
1776790744.51,244.51,0.01,0.01,0.99,0.99,0.0,0.0,75840.21,1776790743000
1776790745.226,245.226,0.01,0.01,0.99,0.99,0.0,0.0,75822.93,1776790744000
1776790746.044,246.044,0.01,0.01,0.99,0.99,0.0,0.0,75822.93,1776790744000
1776790746.415,246.415,0.01,0.01,0.99,0.99,0.0,0.0,75810.55,1776790745000
1776790746.767,246.767,0.01,0.01,0.99,0.99,0.0,0.0,75810.55,1776790745000
1776790747.117,247.117,0.01,0.01,0.99,0.99,0.0,0.0,75810.55,1776790745000
1776790747.687,247.687,0.01,0.01,0.99,0.99,0.0,0.0,75810.1,1776790746000
1776790748.23,248.23,0.01,0.01,0.99,0.99,0.0,0.0,75806.47,1776790747000
1776790748.729,248.729,0.01,0.01,0.99,0.99,0.0,0.0,75806.47,1776790747000
1776790749.283,249.283,0.01,0.01,0.99,0.99,0.0,0.0,75796.84,1776790748000
1776790750.037,250.037,0.01,0.01,0.99,0.99,0.0,0.0,75796.84,1776790748000
1776790750.846,250.846,0.01,0.01,0.99,0.99,0.0,0.0,75792.51,1776790749000
1776790752.012,252.012,0.01,0.01,0.99,0.99,0.0,0.0,75797.09,1776790750000
1776790753.042,253.042,0.01,0.01,0.99,0.99,0.0,0.0,75801.3,1776790751000
1776790753.39,253.39,0.01,0.01,0.99,0.99,0.0,0.0,75802.61,1776790752000
1776790753.898,253.898,0.01,0.01,0.99,0.99,0.0,0.0,75802.61,1776790752000
1776790755.312,255.312,0.01,0.01,0.99,0.99,0.0,0.0,75801.49,1776790754000
1776790755.817,255.817,0.01,0.01,0.99,0.99,0.0,0.0,75801.49,1776790754000
1776790756.724,256.724,0.01,0.01,0.99,0.99,0.0,0.0,75800.81,1776790755000
1776790757.398,257.398,0.01,0.01,0.99,0.99,0.0,0.0,75800.81,1776790755000
1776790758.189,258.189,0.01,0.01,0.99,0.99,0.0,0.0,75786.48,1776790757000
1776790759.392,259.392,0.01,0.01,0.99,0.99,0.0,0.0,75786.48,1776790757000
1776790760.17,260.17,0.01,0.01,0.99,0.99,0.0,0.0,75783.46,1776790759000
1776790761.537,261.537,0.01,0.01,0.99,0.99,0.0,0.0,75774.22,1776790760000
1776790762.12,262.12,0.01,0.01,0.99,0.99,0.0,0.0,75773.78,1776790761000
1776790763.407,263.407,0.01,0.01,0.99,0.99,0.0,0.0,75779.1,1776790762000
1776790764.036,264.036,0.01,0.01,0.99,0.99,0.0,0.0,75780.11,1776790763000
1776790764.841,264.841,0.01,0.01,0.99,0.99,0.0,0.0,75780.11,1776790763000
1776790765.195,265.195,0.01,0.01,0.99,0.99,0.0,0.0,75780.71,1776790764000
1776790765.841,265.841,0.01,0.01,0.99,0.99,0.0,0.0,75780.71,1776790764000
1776790766.474,266.474,0.01,0.01,0.99,0.99,0.0,0.0,75780.71,1776790764000
1776790767.056,267.056,0.01,0.01,0.99,0.99,0.0,0.0,75788.88,1776790766000
1776790768.298,268.298,0.01,0.01,0.99,0.99,0.0,0.0,75793.51,1776790767000
1776790768.934,268.934,0.01,0.01,0.99,0.99,0.0,0.0,75793.51,1776790767000
1776790769.872,269.872,0.01,0.01,0.99,0.99,0.0,0.0,75793.51,1776790767000
1776790770.208,270.208,0.01,0.01,0.99,0.99,0.0,0.0,75788.49,1776790769000
1776790770.932,270.932,0.01,0.01,0.99,0.99,0.0,0.0,75788.49,1776790769000
1776790771.861,271.861,0.01,0.01,0.99,0.99,0.0,0.0,75788.23,1776790770000
1776790772.793,272.793,0.01,0.01,0.99,0.99,0.0,0.0,75788.48,1776790771000
1776790773.444,273.444,0.01,0.01,0.99,0.99,0.0,0.0,75794.14,1776790772000
1776790774.262,274.262,0.01,0.01,0.99,0.99,0.0,0.0,75796.1,1776790773000
1776790775.295,275.295,0.01,0.01,0.99,0.99,0.0,0.0,75796.1,1776790773000
1776790776.39,276.39,0.01,0.01,0.99,0.99,0.0,0.0,75801.2,1776790775000
1776790777.76,277.76,0.01,0.01,0.99,0.99,0.0,0.0,75801.44,1776790776000
1776790778.591,278.591,0.01,0.01,0.99,0.99,0.0,0.0,75801.73,1776790777000
1776790779.264,279.264,0.01,0.01,0.99,0.99,0.0,0.0,75803.75,1776790778000
1776790780.774,280.774,0.01,0.01,0.99,0.99,0.0,0.0,75808.69,1776790779000
1776790781.448,281.448,0.01,0.01,0.99,0.99,0.0,0.0,75813.15,1776790780000
1776790782.169,282.169,0.01,0.01,0.99,0.99,0.0,0.0,75807.28,1776790781000
1776790783.53,283.53,0.01,0.01,0.99,0.99,0.0,0.0,75807.28,1776790781000
1776790784.274,284.274,0.01,0.01,0.99,0.99,0.0,0.0,75803.75,1776790783000
1776790784.984,284.984,0.01,0.01,0.99,0.99,0.0,0.0,75803.14,1776790784000
1776790786.194,286.194,0.01,0.01,0.99,0.99,0.0,0.0,75803.14,1776790784000
1776790786.571,286.571,0.01,0.01,0.99,0.99,0.0,0.0,75803.02,1776790785000
1776790787.026,287.026,0.01,0.01,0.99,0.99,0.0,0.0,75801.52,1776790786000
1776790788.533,288.533,0.01,0.01,0.99,0.99,0.0,0.0,75801.52,1776790786000
1776790789.06,289.06,0.01,0.01,0.99,0.99,0.0,0.0,75806.54,1776790787000
1776790789.645,289.645,0.01,0.01,0.99,0.99,0.0,0.0,75813.8,1776790788000
1776790790.345,290.345,0.01,0.01,0.99,0.99,0.0,0.0,75814.83,1776790789000
1776790791.018,291.018,0.01,0.01,0.99,0.99,0.0,0.0,75814.83,1776790789000
1776790791.553,291.553,0.01,0.01,0.99,0.99,0.0,0.0,75813.79,1776790790000
1776790792.459,292.459,0.01,0.01,0.99,0.99,0.0,0.0,75811.92,1776790791000
1776790793.027,293.027,0.01,0.01,0.99,0.99,0.0,0.0,75809.1,1776790792000
1776790795.398,295.398,0.01,0.01,0.99,0.99,0.0,0.0,75809.1,1776790792000
1776790796.192,296.192,0.01,0.01,0.99,0.99,0.0,0.0,75809.1,1776790792000
1776790800.359,300.359,0.01,0.01,0.99,0.99,0.0,0.0,75809.1,1776790792000
1776790800.781,300.781,0.01,0.01,0.99,0.99,0.0,0.0,75801.54,1776790799000
1776790802.284,302.284,0.01,0.01,0.99,0.99,0.0,0.0,75794.62,1776790801000

# RESULT,winner=Down,slug=btc-updown-5m-1776790500,ticks=636
