timestamp,elapsed_sec,up_bid,up_ask,down_bid,down_ask,up_spread,down_spread,btc_price,btc_oracle_ts
1776736800.58,0.58,0.47,0.48,0.51,0.52,0.01,0.01,75953.72,1776736798000
1776736800.919,0.919,0.41,0.45,0.55,0.56,0.04,0.01,75955.03,1776736799000
1776736801.405,1.405,0.38,0.39,0.56,0.62,0.01,0.06,75955.03,1776736799000
1776736801.914,1.914,0.38,0.39,0.61,0.62,0.01,0.01,75950.54,1776736800000
1776736802.454,2.454,0.38,0.39,0.61,0.62,0.01,0.01,75953.03,1776736801000
1776736803.082,3.082,0.38,0.39,0.61,0.62,0.01,0.01,75953.03,1776736801000
1776736803.668,3.668,0.38,0.39,0.61,0.62,0.01,0.01,75953.03,1776736801000
1776736804.056,4.056,0.38,0.39,0.61,0.62,0.01,0.01,75944.64,1776736802000
1776736804.421,4.421,0.38,0.39,0.61,0.62,0.01,0.01,75944.64,1776736802000
1776736804.816,4.816,0.38,0.39,0.61,0.62,0.01,0.01,75940.09,1776736803000
1776736805.187,5.187,0.48,0.49,0.51,0.52,0.01,0.01,75940.09,1776736803000
1776736805.561,5.561,0.49,0.51,0.5,0.51,0.02,0.01,75941.32,1776736804000
1776736805.98,5.98,0.5,0.51,0.49,0.5,0.01,0.01,75941.32,1776736804000
1776736806.364,6.364,0.55,0.56,0.44,0.46,0.01,0.02,75941.32,1776736804000
1776736806.707,6.707,0.55,0.56,0.44,0.45,0.01,0.01,75941.32,1776736805000
1776736807.405,7.405,0.55,0.56,0.44,0.45,0.01,0.01,75941.32,1776736805000
1776736807.898,7.898,0.55,0.56,0.44,0.45,0.01,0.01,75955.73,1776736806000
1776736808.248,8.248,0.55,0.56,0.44,0.45,0.01,0.01,75956.75,1776736807000
1776736809.042,9.042,0.55,0.56,0.44,0.45,0.01,0.01,75956.75,1776736807000
1776736809.911,9.911,0.54,0.55,0.45,0.46,0.01,0.01,75956.75,1776736807000
1776736810.34,10.34,0.53,0.54,0.46,0.47,0.01,0.01,75959.84,1776736808000
1776736810.914,10.914,0.53,0.54,0.46,0.47,0.01,0.01,75959.84,1776736808000
1776736811.248,11.248,0.53,0.54,0.46,0.47,0.01,0.01,75959.93,1776736809000
1776736811.654,11.654,0.53,0.54,0.46,0.47,0.01,0.01,75959.93,1776736809000
1776736812.019,12.019,0.53,0.54,0.46,0.47,0.01,0.01,75957.56,1776736810000
1776736812.359,12.359,0.53,0.54,0.46,0.47,0.01,0.01,75957.56,1776736810000
1776736812.911,12.911,0.53,0.54,0.46,0.47,0.01,0.01,75957.8,1776736811000
1776736813.25,13.25,0.48,0.5,0.5,0.52,0.02,0.02,75957.8,1776736811000
1776736813.586,13.586,0.48,0.49,0.51,0.52,0.01,0.01,75958.27,1776736812000
1776736813.978,13.978,0.48,0.49,0.51,0.52,0.01,0.01,75958.27,1776736812000
1776736814.331,14.331,0.48,0.49,0.51,0.52,0.01,0.01,75957.89,1776736813000
1776736814.696,14.696,0.48,0.49,0.51,0.52,0.01,0.01,75957.89,1776736813000
1776736815.637,15.637,0.47,0.48,0.52,0.53,0.01,0.01,75953.31,1776736814000
1776736816.118,16.118,0.47,0.48,0.52,0.53,0.01,0.01,75953.31,1776736814000
1776736816.507,16.507,0.47,0.48,0.52,0.53,0.01,0.01,75953.31,1776736814000
1776736817.722,17.722,0.47,0.48,0.52,0.53,0.01,0.01,75951.87,1776736815000
1776736818.313,18.313,0.47,0.48,0.52,0.53,0.01,0.01,75951.08,1776736816000
1776736818.707,18.707,0.47,0.48,0.52,0.53,0.01,0.01,75949.48,1776736817000
1776736819.225,19.225,0.47,0.48,0.52,0.53,0.01,0.01,75949.48,1776736817000
1776736819.583,19.583,0.47,0.48,0.52,0.53,0.01,0.01,75949.48,1776736818000
1776736820.004,20.004,0.47,0.48,0.52,0.53,0.01,0.01,75949.48,1776736818000
1776736820.425,20.425,0.47,0.48,0.52,0.53,0.01,0.01,75949.57,1776736819000
1776736821.007,21.007,0.47,0.48,0.52,0.53,0.01,0.01,75949.82,1776736820000
1776736821.77,21.77,0.47,0.48,0.52,0.53,0.01,0.01,75949.82,1776736820000
1776736822.169,22.169,0.47,0.48,0.52,0.53,0.01,0.01,75949.74,1776736821000
1776736822.577,22.577,0.47,0.48,0.52,0.53,0.01,0.01,75949.74,1776736821000
1776736822.928,22.928,0.47,0.48,0.52,0.53,0.01,0.01,75949.74,1776736822000
1776736823.334,23.334,0.47,0.48,0.52,0.53,0.01,0.01,75949.74,1776736822000
1776736823.828,23.828,0.47,0.48,0.52,0.53,0.01,0.01,75949.6,1776736823000
1776736824.171,24.171,0.47,0.48,0.52,0.53,0.01,0.01,75949.6,1776736823000
1776736824.601,24.601,0.47,0.48,0.52,0.53,0.01,0.01,75949.6,1776736823000
1776736825.153,25.153,0.46,0.47,0.52,0.54,0.01,0.02,75949.6,1776736823000
1776736825.81,25.81,0.46,0.47,0.53,0.54,0.01,0.01,75949.6,1776736823000
1776736826.259,26.259,0.46,0.47,0.53,0.54,0.01,0.01,75949.45,1776736825000
1776736826.627,26.627,0.42,0.43,0.57,0.59,0.01,0.02,75949.45,1776736825000
1776736827.196,27.196,0.4,0.41,0.58,0.6,0.01,0.02,75949.45,1776736825000
1776736827.533,27.533,0.4,0.41,0.59,0.6,0.01,0.01,75948.34,1776736826000
1776736828.172,28.172,0.4,0.41,0.59,0.6,0.01,0.01,75948.34,1776736826000
1776736828.632,28.632,0.38,0.39,0.61,0.62,0.01,0.01,75948.34,1776736826000
1776736828.999,28.999,0.38,0.39,0.61,0.62,0.01,0.01,75943.97,1776736827000
1776736829.436,29.436,0.38,0.4,0.6,0.62,0.02,0.02,75942.97,1776736828000
1776736829.974,29.974,0.4,0.41,0.59,0.6,0.01,0.01,75942.97,1776736828000
1776736830.333,30.333,0.4,0.41,0.59,0.6,0.01,0.01,75942.97,1776736828000
1776736830.675,30.675,0.4,0.41,0.58,0.6,0.01,0.02,75942.97,1776736828000
1776736831.112,31.112,0.4,0.42,0.58,0.6,0.02,0.02,75940.32,1776736830000
1776736831.54,31.54,0.4,0.41,0.58,0.6,0.01,0.02,75940.32,1776736830000
1776736831.885,31.885,0.4,0.41,0.59,0.6,0.01,0.01,75940.32,1776736830000
1776736832.316,32.316,0.4,0.41,0.59,0.6,0.01,0.01,75938.24,1776736831000
1776736832.682,32.682,0.4,0.41,0.58,0.6,0.01,0.02,75938.24,1776736831000
1776736833.131,33.131,0.4,0.41,0.59,0.6,0.01,0.01,75936.88,1776736832000
1776736833.617,33.617,0.4,0.41,0.59,0.6,0.01,0.01,75936.88,1776736832000
1776736834.108,34.108,0.4,0.41,0.59,0.6,0.01,0.01,75936.88,1776736832000
1776736834.569,34.569,0.4,0.41,0.59,0.6,0.01,0.01,75937.01,1776736833000
1776736834.903,34.903,0.4,0.41,0.59,0.6,0.01,0.01,75937.01,1776736833000
1776736835.247,35.247,0.36,0.37,0.63,0.64,0.01,0.01,75937.35,1776736834000
1776736835.602,35.602,0.35,0.36,0.64,0.65,0.01,0.01,75937.35,1776736834000
1776736836.019,36.019,0.34,0.35,0.65,0.66,0.01,0.01,75937.35,1776736834000
1776736836.413,36.413,0.31,0.32,0.67,0.69,0.01,0.02,75937.35,1776736834000
1776736836.749,36.749,0.31,0.32,0.68,0.69,0.01,0.01,75937.5,1776736835000
1776736837.154,37.154,0.31,0.32,0.68,0.69,0.01,0.01,75937.5,1776736835000
1776736837.686,37.686,0.33,0.34,0.66,0.68,0.01,0.02,75936.99,1776736836000
1776736838.116,38.116,0.33,0.34,0.66,0.67,0.01,0.01,75936.99,1776736836000
1776736838.496,38.496,0.34,0.35,0.65,0.66,0.01,0.01,75932.3,1776736837000
1776736838.854,38.854,0.34,0.35,0.65,0.66,0.01,0.01,75932.3,1776736837000
1776736839.218,39.218,0.31,0.32,0.68,0.69,0.01,0.01,75932.3,1776736837000
1776736839.585,39.585,0.31,0.32,0.68,0.69,0.01,0.01,75929.07,1776736838000
1776736839.993,39.993,0.34,0.36,0.64,0.68,0.02,0.04,75929.07,1776736838000
1776736840.346,40.346,0.37,0.38,0.62,0.63,0.01,0.01,75929.03,1776736839000
1776736840.711,40.711,0.38,0.39,0.61,0.62,0.01,0.01,75929.03,1776736839000
1776736841.102,41.102,0.39,0.4,0.6,0.61,0.01,0.01,75929.03,1776736839000
1776736841.457,41.457,0.39,0.4,0.6,0.61,0.01,0.01,75929.03,1776736839000
1776736841.954,41.954,0.41,0.42,0.58,0.61,0.01,0.03,75929.03,1776736839000
1776736842.467,42.467,0.4,0.41,0.59,0.6,0.01,0.01,75928.0,1776736840000
1776736842.809,42.809,0.4,0.41,0.59,0.6,0.01,0.01,75928.0,1776736840000
1776736843.519,43.519,0.4,0.41,0.59,0.6,0.01,0.01,75930.39,1776736841000
1776736843.978,43.978,0.4,0.41,0.59,0.6,0.01,0.01,75930.39,1776736841000
1776736844.463,44.463,0.38,0.39,0.6,0.62,0.01,0.02,75931.41,1776736842000
1776736844.823,44.823,0.38,0.39,0.61,0.62,0.01,0.01,75931.41,1776736842000
1776736845.175,45.175,0.37,0.38,0.62,0.63,0.01,0.01,75933.18,1776736843000
1776736845.524,45.524,0.34,0.36,0.64,0.66,0.02,0.02,75933.18,1776736843000
1776736846.002,46.002,0.34,0.35,0.65,0.66,0.01,0.01,75933.18,1776736843000
1776736846.567,46.567,0.35,0.36,0.64,0.66,0.01,0.02,75932.89,1776736844000
1776736846.932,46.932,0.35,0.36,0.64,0.65,0.01,0.01,75932.89,1776736844000
1776736847.285,47.285,0.31,0.34,0.66,0.69,0.03,0.03,75932.22,1776736845000
1776736847.932,47.932,0.31,0.32,0.68,0.69,0.01,0.01,75932.22,1776736845000
1776736848.374,48.374,0.31,0.32,0.68,0.69,0.01,0.01,75931.36,1776736846000
1776736848.858,48.858,0.29,0.3,0.68,0.72,0.01,0.04,75931.36,1776736846000
1776736849.195,49.195,0.27,0.28,0.72,0.73,0.01,0.01,75930.22,1776736847000
1776736849.563,49.563,0.29,0.3,0.7,0.72,0.01,0.02,75930.22,1776736847000
1776736850.084,50.084,0.29,0.3,0.7,0.71,0.01,0.01,75928.91,1776736848000
1776736850.43,50.43,0.29,0.3,0.7,0.71,0.01,0.01,75928.91,1776736848000
1776736851.0,51.0,0.29,0.3,0.7,0.71,0.01,0.01,75928.91,1776736848000
1776736851.339,51.339,0.22,0.24,0.76,0.77,0.02,0.01,75925.76,1776736849000
1776736851.695,51.695,0.22,0.23,0.75,0.79,0.01,0.04,75925.76,1776736849000
1776736852.03,52.03,0.2,0.21,0.79,0.8,0.01,0.01,75925.76,1776736849000
1776736852.363,52.363,0.2,0.21,0.78,0.8,0.01,0.02,75925.28,1776736850000
1776736852.699,52.699,0.2,0.21,0.79,0.8,0.01,0.01,75925.28,1776736850000
1776736853.077,53.077,0.2,0.21,0.79,0.8,0.01,0.01,75925.28,1776736850000
1776736853.438,53.438,0.2,0.21,0.79,0.8,0.01,0.01,75918.83,1776736851000
1776736853.783,53.783,0.2,0.21,0.79,0.8,0.01,0.01,75918.83,1776736851000
1776736854.18,54.18,0.2,0.21,0.79,0.8,0.01,0.01,75907.67,1776736852000
1776736854.536,54.536,0.2,0.21,0.79,0.8,0.01,0.01,75907.67,1776736852000
1776736854.881,54.881,0.2,0.21,0.79,0.8,0.01,0.01,75907.67,1776736852000
1776736855.289,55.289,0.2,0.21,0.79,0.8,0.01,0.01,75903.21,1776736853000
1776736855.641,55.641,0.2,0.21,0.79,0.8,0.01,0.01,75903.21,1776736853000
1776736855.998,55.998,0.18,0.19,0.81,0.82,0.01,0.01,75903.21,1776736853000
1776736856.34,56.34,0.18,0.19,0.81,0.82,0.01,0.01,75903.21,1776736853000
1776736856.77,56.77,0.18,0.19,0.81,0.82,0.01,0.01,75901.66,1776736854000
1776736857.192,57.192,0.18,0.19,0.81,0.82,0.01,0.01,75900.16,1776736855000
1776736857.603,57.603,0.18,0.19,0.8,0.82,0.01,0.02,75900.16,1776736855000
1776736858.096,58.096,0.19,0.21,0.8,0.81,0.02,0.01,75900.16,1776736855000
1776736858.703,58.703,0.19,0.21,0.79,0.81,0.02,0.02,75899.38,1776736856000
1776736859.074,59.074,0.2,0.21,0.79,0.8,0.01,0.01,75899.38,1776736856000
1776736859.449,59.449,0.21,0.22,0.78,0.8,0.01,0.02,75899.09,1776736858000
1776736860.133,60.133,0.21,0.22,0.78,0.79,0.01,0.01,75899.09,1776736858000
1776736860.468,60.468,0.21,0.22,0.78,0.79,0.01,0.01,75899.41,1776736859000
1776736860.81,60.81,0.21,0.22,0.78,0.79,0.01,0.01,75899.41,1776736859000
1776736861.258,61.258,0.21,0.22,0.78,0.79,0.01,0.01,75899.41,1776736859000
1776736861.602,61.602,0.21,0.22,0.78,0.79,0.01,0.01,75899.41,1776736859000
1776736862.105,62.105,0.21,0.22,0.78,0.79,0.01,0.01,75899.3,1776736860000
1776736862.492,62.492,0.22,0.23,0.77,0.78,0.01,0.01,75899.3,1776736860000
1776736862.849,62.849,0.22,0.23,0.77,0.78,0.01,0.01,75899.3,1776736860000
1776736863.298,63.298,0.22,0.23,0.77,0.78,0.01,0.01,75899.31,1776736861000
1776736863.702,63.702,0.22,0.23,0.77,0.78,0.01,0.01,75899.31,1776736861000
1776736864.04,64.04,0.17,0.21,0.78,0.83,0.04,0.05,75899.31,1776736862000
1776736864.404,64.404,0.16,0.17,0.79,0.84,0.01,0.05,75899.31,1776736862000
1776736865.04,65.04,0.16,0.17,0.82,0.84,0.01,0.02,75900.14,1776736863000
1776736865.409,65.409,0.16,0.17,0.81,0.84,0.01,0.03,75901.41,1776736864000
1776736865.799,65.799,0.16,0.17,0.83,0.84,0.01,0.01,75901.41,1776736864000
1776736866.221,66.221,0.16,0.17,0.83,0.84,0.01,0.01,75901.41,1776736864000
1776736866.606,66.606,0.16,0.18,0.82,0.84,0.02,0.02,75901.41,1776736864000
1776736866.951,66.951,0.17,0.18,0.82,0.83,0.01,0.01,75897.71,1776736865000
1776736867.511,67.511,0.17,0.18,0.82,0.83,0.01,0.01,75897.71,1776736865000
1776736868.011,68.011,0.17,0.19,0.82,0.83,0.02,0.01,75895.81,1776736866000
1776736868.4,68.4,0.18,0.19,0.81,0.83,0.01,0.02,75896.51,1776736867000
1776736869.097,69.097,0.18,0.19,0.81,0.82,0.01,0.01,75896.51,1776736867000
1776736869.85,69.85,0.18,0.2,0.8,0.82,0.02,0.02,75896.49,1776736868000
1776736870.398,70.398,0.18,0.19,0.81,0.82,0.01,0.01,75896.49,1776736868000
1776736871.019,71.019,0.18,0.19,0.81,0.82,0.01,0.01,75896.49,1776736870000
1776736872.263,72.263,0.17,0.18,0.81,0.83,0.01,0.02,75896.49,1776736870000
1776736872.798,72.798,0.16,0.18,0.82,0.83,0.02,0.01,75894.37,1776736871000
1776736873.176,73.176,0.16,0.18,0.82,0.84,0.02,0.02,75890.81,1776736872000
1776736873.813,73.813,0.14,0.15,0.85,0.86,0.01,0.01,75890.81,1776736872000
1776736874.232,74.232,0.12,0.13,0.87,0.88,0.01,0.01,75890.81,1776736872000
1776736874.567,74.567,0.13,0.16,0.83,0.88,0.03,0.05,75890.81,1776736872000
1776736874.904,74.904,0.14,0.16,0.84,0.86,0.02,0.02,75877.81,1776736873000
1776736875.314,75.314,0.14,0.15,0.85,0.86,0.01,0.01,75877.81,1776736873000
1776736875.703,75.703,0.14,0.15,0.85,0.86,0.01,0.01,75882.92,1776736874000
1776736876.669,76.669,0.14,0.15,0.85,0.86,0.01,0.01,75882.92,1776736874000
1776736877.041,77.041,0.14,0.15,0.85,0.86,0.01,0.01,75883.14,1776736875000
1776736877.414,77.414,0.14,0.15,0.85,0.86,0.01,0.01,75883.17,1776736876000
1776736877.919,77.919,0.1,0.11,0.88,0.9,0.01,0.02,75883.17,1776736876000
1776736878.277,78.277,0.1,0.11,0.89,0.9,0.01,0.01,75883.17,1776736877000
1776736878.614,78.614,0.1,0.11,0.89,0.9,0.01,0.01,75883.17,1776736877000
1776736879.042,79.042,0.1,0.11,0.89,0.9,0.01,0.01,75883.17,1776736877000
1776736879.454,79.454,0.1,0.11,0.89,0.9,0.01,0.01,75883.17,1776736877000
1776736879.805,79.805,0.11,0.12,0.88,0.89,0.01,0.01,75880.55,1776736878000
1776736880.35,80.35,0.11,0.12,0.88,0.89,0.01,0.01,75878.26,1776736879000
1776736880.726,80.726,0.11,0.12,0.88,0.89,0.01,0.01,75878.26,1776736879000
1776736881.117,81.117,0.11,0.12,0.88,0.89,0.01,0.01,75878.26,1776736879000
1776736881.451,81.451,0.11,0.12,0.88,0.89,0.01,0.01,75876.33,1776736880000
1776736882.141,82.141,0.11,0.12,0.88,0.89,0.01,0.01,75876.33,1776736880000
1776736882.533,82.533,0.11,0.12,0.88,0.89,0.01,0.01,75877.23,1776736881000
1776736882.996,82.996,0.11,0.12,0.88,0.89,0.01,0.01,75877.23,1776736881000
1776736883.37,83.37,0.11,0.12,0.88,0.89,0.01,0.01,75877.23,1776736881000
1776736883.759,83.759,0.11,0.12,0.78,0.89,0.01,0.11,75877.23,1776736882000
1776736884.179,84.179,0.11,0.12,0.88,0.89,0.01,0.01,75877.23,1776736882000
1776736884.616,84.616,0.11,0.12,0.88,0.89,0.01,0.01,75877.23,1776736882000
1776736885.101,85.101,0.11,0.12,0.88,0.89,0.01,0.01,75877.23,1776736882000
1776736885.606,85.606,0.11,0.12,0.88,0.89,0.01,0.01,75875.6,1776736884000
1776736886.094,86.094,0.11,0.12,0.88,0.89,0.01,0.01,75875.6,1776736885000
1776736886.962,86.962,0.11,0.12,0.88,0.89,0.01,0.01,75875.6,1776736885000
1776736887.327,87.327,0.11,0.12,0.88,0.89,0.01,0.01,75875.6,1776736885000
1776736887.712,87.712,0.08,0.09,0.91,0.92,0.01,0.01,75873.83,1776736886000
1776736888.056,88.056,0.08,0.09,0.91,0.92,0.01,0.01,75873.83,1776736886000
1776736888.416,88.416,0.09,0.1,0.9,0.91,0.01,0.01,75873.83,1776736886000
1776736888.767,88.767,0.1,0.11,0.89,0.9,0.01,0.01,75851.04,1776736887000
1776736889.153,89.153,0.1,0.11,0.89,0.9,0.01,0.01,75851.04,1776736887000
1776736889.516,89.516,0.1,0.11,0.89,0.9,0.01,0.01,75842.44,1776736888000
1776736889.874,89.874,0.1,0.11,0.89,0.9,0.01,0.01,75842.44,1776736888000
1776736890.233,90.233,0.1,0.11,0.89,0.9,0.01,0.01,75851.02,1776736889000
1776736890.583,90.583,0.1,0.11,0.89,0.9,0.01,0.01,75851.02,1776736889000
1776736890.941,90.941,0.1,0.11,0.89,0.9,0.01,0.01,75851.02,1776736889000
1776736891.274,91.274,0.1,0.11,0.89,0.9,0.01,0.01,75853.42,1776736890000
1776736892.028,92.028,0.1,0.11,0.89,0.9,0.01,0.01,75853.42,1776736890000
1776736892.373,92.373,0.07,0.09,0.91,0.92,0.02,0.01,75853.42,1776736891000
1776736892.778,92.778,0.06,0.07,0.93,0.94,0.01,0.01,75853.42,1776736891000
1776736893.22,93.22,0.06,0.07,0.93,0.94,0.01,0.01,75853.42,1776736891000
1776736893.796,93.796,0.06,0.07,0.93,0.94,0.01,0.01,75846.38,1776736892000
1776736894.154,94.154,0.06,0.07,0.93,0.94,0.01,0.01,75846.38,1776736892000
1776736894.491,94.491,0.05,0.07,0.93,0.94,0.02,0.01,75815.54,1776736893000
1776736894.834,94.834,0.05,0.06,0.94,0.95,0.01,0.01,75815.54,1776736893000
1776736895.213,95.213,0.05,0.06,0.94,0.95,0.01,0.01,75815.54,1776736893000
1776736895.562,95.562,0.05,0.06,0.94,0.95,0.01,0.01,75812.0,1776736894000
1776736895.927,95.927,0.06,0.07,0.93,0.94,0.01,0.01,75812.0,1776736894000
1776736896.336,96.336,0.06,0.07,0.93,0.94,0.01,0.01,75812.0,1776736894000
1776736896.693,96.693,0.08,0.09,0.91,0.93,0.01,0.02,75812.0,1776736894000
1776736897.034,97.034,0.08,0.09,0.91,0.92,0.01,0.01,75811.9,1776736895000
1776736897.437,97.437,0.08,0.09,0.91,0.92,0.01,0.01,75811.91,1776736896000
1776736897.892,97.892,0.08,0.09,0.91,0.92,0.01,0.01,75811.91,1776736896000
1776736898.607,98.607,0.08,0.09,0.91,0.92,0.01,0.01,75811.91,1776736896000
1776736898.961,98.961,0.08,0.09,0.91,0.92,0.01,0.01,75825.21,1776736897000
1776736899.399,99.399,0.07,0.08,0.92,0.93,0.01,0.01,75825.21,1776736897000
1776736899.941,99.941,0.07,0.08,0.92,0.93,0.01,0.01,75835.68,1776736898000
1776736900.4,100.4,0.07,0.08,0.92,0.93,0.01,0.01,75835.68,1776736898000
1776736900.828,100.828,0.07,0.08,0.92,0.93,0.01,0.01,75835.68,1776736898000
1776736901.164,101.164,0.07,0.08,0.92,0.93,0.01,0.01,75841.28,1776736900000
1776736901.521,101.521,0.07,0.08,0.92,0.93,0.01,0.01,75841.28,1776736900000
1776736901.881,101.881,0.07,0.08,0.92,0.93,0.01,0.01,75841.28,1776736900000
1776736902.29,102.29,0.07,0.08,0.92,0.93,0.01,0.01,75839.69,1776736901000
1776736902.811,102.811,0.07,0.08,0.92,0.93,0.01,0.01,75839.69,1776736901000
1776736903.173,103.173,0.07,0.08,0.92,0.93,0.01,0.01,75839.7,1776736902000
1776736903.605,103.605,0.07,0.08,0.92,0.93,0.01,0.01,75839.7,1776736902000
1776736904.203,104.203,0.07,0.08,0.92,0.93,0.01,0.01,75839.7,1776736903000
1776736904.553,104.553,0.07,0.08,0.92,0.93,0.01,0.01,75839.7,1776736903000
1776736904.906,104.906,0.07,0.08,0.92,0.93,0.01,0.01,75839.7,1776736903000
1776736905.328,105.328,0.06,0.08,0.92,0.93,0.02,0.01,75839.88,1776736904000
1776736905.738,105.738,0.06,0.07,0.93,0.94,0.01,0.01,75839.88,1776736904000
1776736906.181,106.181,0.06,0.08,0.92,0.94,0.02,0.02,75840.27,1776736905000
1776736906.603,106.603,0.06,0.08,0.92,0.94,0.02,0.02,75840.27,1776736905000
1776736907.03,107.03,0.07,0.08,0.92,0.93,0.01,0.01,75840.27,1776736905000
1776736907.38,107.38,0.07,0.08,0.92,0.93,0.01,0.01,75840.07,1776736906000
1776736907.739,107.739,0.07,0.08,0.92,0.93,0.01,0.01,75840.07,1776736906000
1776736908.301,108.301,0.06,0.07,0.93,0.94,0.01,0.01,75840.01,1776736907000
1776736908.712,108.712,0.07,0.08,0.92,0.93,0.01,0.01,75840.01,1776736907000
1776736909.263,109.263,0.07,0.08,0.92,0.93,0.01,0.01,75840.01,1776736907000
1776736910.015,110.015,0.07,0.08,0.92,0.93,0.01,0.01,75840.01,1776736908000
1776736910.375,110.375,0.06,0.07,0.92,0.93,0.01,0.01,75840.12,1776736909000
1776736910.79,110.79,0.06,0.07,0.93,0.94,0.01,0.01,75840.12,1776736909000
1776736911.167,111.167,0.06,0.07,0.93,0.94,0.01,0.01,75840.12,1776736909000
1776736911.542,111.542,0.06,0.07,0.93,0.94,0.01,0.01,75839.94,1776736910000
1776736912.924,112.924,0.06,0.07,0.93,0.94,0.01,0.01,75839.94,1776736910000
1776736913.421,113.421,0.06,0.07,0.93,0.94,0.01,0.01,75832.56,1776736911000
1776736913.821,113.821,0.06,0.07,0.93,0.94,0.01,0.01,75829.42,1776736912000
1776736914.201,114.201,0.06,0.07,0.93,0.94,0.01,0.01,75829.42,1776736912000
1776736914.608,114.608,0.06,0.07,0.93,0.94,0.01,0.01,75830.61,1776736913000
1776736915.463,115.463,0.06,0.07,0.93,0.94,0.01,0.01,75830.92,1776736914000
1776736915.817,115.817,0.05,0.07,0.93,0.94,0.02,0.01,75830.92,1776736914000
1776736916.268,116.268,0.06,0.07,0.93,0.95,0.01,0.02,75830.92,1776736915000
1776736916.649,116.649,0.06,0.07,0.93,0.94,0.01,0.01,75830.92,1776736915000
1776736917.237,117.237,0.07,0.08,0.92,0.93,0.01,0.01,75830.22,1776736916000
1776736917.676,117.676,0.06,0.07,0.92,0.94,0.01,0.02,75830.22,1776736916000
1776736918.491,118.491,0.06,0.07,0.93,0.94,0.01,0.01,75830.22,1776736916000
1776736918.865,118.865,0.06,0.07,0.93,0.94,0.01,0.01,75831.67,1776736917000
1776736919.236,119.236,0.05,0.06,0.94,0.95,0.01,0.01,75834.4,1776736918000
1776736919.731,119.731,0.05,0.06,0.94,0.95,0.01,0.01,75834.4,1776736918000
1776736920.321,120.321,0.05,0.06,0.94,0.95,0.01,0.01,75834.4,1776736918000
1776736920.678,120.678,0.05,0.06,0.94,0.95,0.01,0.01,75835.5,1776736919000
1776736921.041,121.041,0.05,0.06,0.94,0.95,0.01,0.01,75835.5,1776736919000
1776736921.585,121.585,0.05,0.06,0.94,0.95,0.01,0.01,75834.63,1776736920000
1776736921.974,121.974,0.05,0.06,0.94,0.95,0.01,0.01,75834.63,1776736920000
1776736922.345,122.345,0.05,0.06,0.94,0.95,0.01,0.01,75834.72,1776736921000
1776736922.723,122.723,0.05,0.06,0.94,0.95,0.01,0.01,75834.72,1776736921000
1776736923.229,123.229,0.05,0.06,0.94,0.95,0.01,0.01,75834.72,1776736921000
1776736923.62,123.62,0.05,0.06,0.94,0.95,0.01,0.01,75834.72,1776736921000
1776736924.039,124.039,0.06,0.07,0.93,0.95,0.01,0.02,75834.72,1776736921000
1776736924.404,124.404,0.06,0.07,0.93,0.94,0.01,0.01,75834.72,1776736921000
1776736924.942,124.942,0.05,0.06,0.94,0.95,0.01,0.01,75823.62,1776736923000
1776736925.406,125.406,0.05,0.06,0.94,0.95,0.01,0.01,75825.07,1776736924000
1776736925.858,125.858,0.05,0.06,0.94,0.95,0.01,0.01,75825.07,1776736924000
1776736926.215,126.215,0.05,0.06,0.94,0.95,0.01,0.01,75827.71,1776736925000
1776736926.944,126.944,0.05,0.06,0.94,0.95,0.01,0.01,75827.71,1776736925000
1776736927.389,127.389,0.05,0.06,0.94,0.95,0.01,0.01,75827.71,1776736925000
1776736927.76,127.76,0.05,0.06,0.94,0.95,0.01,0.01,75827.71,1776736925000
1776736928.114,128.114,0.05,0.06,0.94,0.95,0.01,0.01,75830.23,1776736926000
1776736928.601,128.601,0.05,0.06,0.94,0.95,0.01,0.01,75829.47,1776736927000
1776736929.302,129.302,0.05,0.06,0.94,0.95,0.01,0.01,75829.47,1776736927000
1776736930.068,130.068,0.05,0.06,0.94,0.95,0.01,0.01,75825.02,1776736928000
1776736930.451,130.451,0.03,0.04,0.95,0.96,0.01,0.01,75825.02,1776736928000
1776736930.843,130.843,0.03,0.04,0.96,0.97,0.01,0.01,75821.45,1776736929000
1776736931.218,131.218,0.03,0.04,0.96,0.97,0.01,0.01,75818.5,1776736930000
1776736931.583,131.583,0.03,0.04,0.96,0.97,0.01,0.01,75818.5,1776736930000
1776736932.262,132.262,0.03,0.04,0.96,0.97,0.01,0.01,75818.5,1776736930000
1776736932.602,132.602,0.03,0.04,0.96,0.97,0.01,0.01,75806.68,1776736931000
1776736933.123,133.123,0.03,0.04,0.96,0.97,0.01,0.01,75806.68,1776736931000
1776736933.465,133.465,0.03,0.04,0.96,0.97,0.01,0.01,75802.38,1776736932000
1776736933.829,133.829,0.03,0.04,0.96,0.97,0.01,0.01,75802.38,1776736932000
1776736934.258,134.258,0.03,0.04,0.96,0.97,0.01,0.01,75802.38,1776736933000
1776736934.911,134.911,0.03,0.04,0.96,0.97,0.01,0.01,75802.38,1776736933000
1776736935.277,135.277,0.02,0.04,0.96,0.98,0.02,0.02,75802.44,1776736934000
1776736935.876,135.876,0.02,0.03,0.97,0.98,0.01,0.01,75802.44,1776736934000
1776736936.217,136.217,0.02,0.03,0.97,0.98,0.01,0.01,75801.97,1776736935000
1776736937.065,137.065,0.02,0.03,0.97,0.98,0.01,0.01,75801.97,1776736935000
1776736937.425,137.425,0.02,0.03,0.97,0.98,0.01,0.01,75797.22,1776736936000
1776736938.035,138.035,0.02,0.03,0.97,0.98,0.01,0.01,75797.22,1776736936000
1776736938.601,138.601,0.02,0.03,0.97,0.98,0.01,0.01,75798.78,1776736937000
1776736938.959,138.959,0.02,0.03,0.97,0.98,0.01,0.01,75798.78,1776736937000
1776736939.371,139.371,0.02,0.03,0.97,0.98,0.01,0.01,75798.78,1776736937000
1776736939.756,139.756,0.02,0.03,0.97,0.98,0.01,0.01,75800.19,1776736938000
1776736940.131,140.131,0.01,0.02,0.97,0.99,0.01,0.02,75800.19,1776736938000
1776736940.466,140.466,0.01,0.02,0.98,0.99,0.01,0.01,75798.09,1776736939000
1776736940.8,140.8,0.01,0.02,0.98,0.99,0.01,0.01,75798.09,1776736939000
1776736941.172,141.172,0.01,0.02,0.98,0.99,0.01,0.01,75796.83,1776736940000
1776736941.566,141.566,0.01,0.02,0.98,0.99,0.01,0.01,75796.83,1776736940000
1776736942.07,142.07,0.01,0.02,0.98,0.99,0.01,0.01,75796.83,1776736940000
1776736942.405,142.405,0.01,0.02,0.98,0.99,0.01,0.01,75795.54,1776736941000
1776736942.81,142.81,0.01,0.02,0.98,0.99,0.01,0.01,75795.54,1776736941000
1776736943.23,143.23,0.01,0.02,0.98,0.99,0.01,0.01,75795.54,1776736941000
1776736943.591,143.591,0.01,0.02,0.98,0.99,0.01,0.01,75794.06,1776736942000
1776736944.891,144.891,0.01,0.02,0.98,0.99,0.01,0.01,75792.88,1776736943000
1776736945.541,145.541,0.01,0.02,0.98,0.99,0.01,0.01,75793.68,1776736944000
1776736946.131,146.131,0.01,0.02,0.98,0.99,0.01,0.01,75793.68,1776736944000
1776736947.438,147.438,0.01,0.02,0.98,0.99,0.01,0.01,75796.9,1776736946000
1776736947.824,147.824,0.01,0.02,0.98,0.99,0.01,0.01,75796.9,1776736946000
1776736949.158,149.158,0.01,0.02,0.98,0.99,0.01,0.01,75797.29,1776736948000
1776736949.551,149.551,0.01,0.02,0.98,0.99,0.01,0.01,75797.29,1776736948000
1776736949.885,149.885,0.01,0.02,0.98,0.99,0.01,0.01,75797.29,1776736948000
1776736950.285,150.285,0.01,0.02,0.98,0.99,0.01,0.01,75795.5,1776736949000
1776736950.647,150.647,0.01,0.02,0.98,0.99,0.01,0.01,75795.5,1776736949000
1776736951.17,151.17,0.01,0.02,0.98,0.99,0.01,0.01,75795.5,1776736949000
1776736951.58,151.58,0.01,0.02,0.98,0.99,0.01,0.01,75793.94,1776736950000
1776736952.235,152.235,0.01,0.02,0.98,0.99,0.01,0.01,75793.93,1776736951000
1776736952.68,152.68,0.01,0.02,0.98,0.99,0.01,0.01,75793.93,1776736951000
1776736953.276,153.276,0.01,0.02,0.98,0.99,0.01,0.01,75794.11,1776736952000
1776736954.0,154.0,0.01,0.02,0.98,0.99,0.01,0.01,75794.11,1776736952000
1776736954.496,154.496,0.01,0.02,0.98,0.99,0.01,0.01,75795.78,1776736953000
1776736955.421,155.421,0.01,0.02,0.98,0.99,0.01,0.01,75797.95,1776736954000
1776736955.761,155.761,0.01,0.02,0.98,0.99,0.01,0.01,75797.95,1776736954000
1776736956.884,156.884,0.01,0.02,0.98,0.99,0.01,0.01,75797.36,1776736955000
1776736957.249,157.249,0.01,0.02,0.98,0.99,0.01,0.01,75794.23,1776736956000
1776736957.717,157.717,0.01,0.02,0.98,0.99,0.01,0.01,75794.23,1776736956000
1776736958.317,158.317,0.01,0.02,0.98,0.99,0.01,0.01,75794.5,1776736957000
1776736958.682,158.682,0.01,0.02,0.98,0.99,0.01,0.01,75794.5,1776736957000
1776736959.019,159.019,0.01,0.02,0.98,0.99,0.01,0.01,75794.5,1776736957000
1776736959.393,159.393,0.01,0.02,0.98,0.99,0.01,0.01,75794.5,1776736957000
1776736959.774,159.774,0.01,0.02,0.98,0.99,0.01,0.01,75794.5,1776736957000
1776736960.448,160.448,0.01,0.02,0.98,0.99,0.01,0.01,75794.02,1776736958000
1776736960.842,160.842,0.01,0.02,0.98,0.99,0.01,0.01,75793.68,1776736959000
1776736961.19,161.19,0.01,0.02,0.98,0.99,0.01,0.01,75792.55,1776736960000
1776736961.678,161.678,0.01,0.02,0.98,0.99,0.01,0.01,75792.55,1776736960000
1776736962.247,162.247,0.01,0.02,0.98,0.99,0.01,0.01,75792.55,1776736960000
1776736962.623,162.623,0.01,0.02,0.98,0.99,0.01,0.01,75783.8,1776736961000
1776736962.962,162.962,0.01,0.02,0.98,0.99,0.01,0.01,75783.8,1776736961000
1776736963.33,163.33,0.01,0.02,0.98,0.99,0.01,0.01,75783.11,1776736962000
1776736963.867,163.867,0.01,0.02,0.98,0.99,0.01,0.01,75783.11,1776736962000
1776736964.234,164.234,0.01,0.02,0.98,0.99,0.01,0.01,75782.78,1776736963000
1776736964.572,164.572,0.01,0.02,0.98,0.99,0.01,0.01,75782.78,1776736963000
1776736965.092,165.092,0.01,0.02,0.98,0.99,0.01,0.01,75782.78,1776736963000
1776736965.447,165.447,0.01,0.02,0.98,0.99,0.01,0.01,75780.88,1776736964000
1776736965.851,165.851,0.01,0.02,0.98,0.99,0.01,0.01,75780.88,1776736964000
1776736966.255,166.255,0.01,0.02,0.98,0.99,0.01,0.01,75779.95,1776736965000
1776736966.605,166.605,0.01,0.02,0.98,0.99,0.01,0.01,75779.95,1776736965000
1776736967.164,167.164,0.01,0.02,0.98,0.99,0.01,0.01,75779.93,1776736966000
1776736967.563,167.563,0.01,0.02,0.98,0.99,0.01,0.01,75779.93,1776736966000
1776736968.233,168.233,0.01,0.02,0.98,0.99,0.01,0.01,75779.93,1776736966000
1776736968.57,168.57,0.01,0.02,0.98,0.99,0.01,0.01,75779.8,1776736967000
1776736969.551,169.551,0.01,0.02,0.98,0.99,0.01,0.01,75780.66,1776736968000
1776736969.973,169.973,0.01,0.02,0.98,0.99,0.01,0.01,75780.66,1776736968000
1776736970.426,170.426,0.01,0.02,0.98,0.99,0.01,0.01,75782.51,1776736969000
1776736970.816,170.816,0.01,0.02,0.98,0.99,0.01,0.01,75782.51,1776736969000
1776736971.261,171.261,0.01,0.02,0.98,0.99,0.01,0.01,75783.38,1776736970000
1776736971.808,171.808,0.01,0.01,0.99,0.99,0.0,0.0,75783.38,1776736970000
1776736972.34,172.34,0.01,0.01,0.99,0.99,0.0,0.0,75785.79,1776736971000
1776736972.98,172.98,0.01,0.01,0.99,0.99,0.0,0.0,75788.45,1776736972000
1776736973.318,173.318,0.01,0.01,0.99,0.99,0.0,0.0,75788.45,1776736972000
1776736974.178,174.178,0.01,0.01,0.99,0.99,0.0,0.0,75787.89,1776736973000
1776736975.453,175.453,0.01,0.01,0.99,0.99,0.0,0.0,75786.89,1776736974000
1776736976.051,176.051,0.01,0.01,0.99,0.99,0.0,0.0,75787.81,1776736975000
1776736977.205,177.205,0.01,0.01,0.99,0.99,0.0,0.0,75787.81,1776736975000
1776736977.943,177.943,0.01,0.01,0.99,0.99,0.0,0.0,75790.55,1776736977000
1776736978.431,178.431,0.01,0.01,0.99,0.99,0.0,0.0,75790.55,1776736977000
1776736979.258,179.258,0.01,0.01,0.99,0.99,0.0,0.0,75790.54,1776736978000
1776736979.713,179.713,0.01,0.01,0.99,0.99,0.0,0.0,75790.54,1776736978000
1776736980.383,180.383,0.01,0.02,0.99,0.99,0.01,0.0,75790.54,1776736978000
1776736981.266,181.266,0.01,0.02,0.98,0.99,0.01,0.01,75787.95,1776736980000
1776736981.695,181.695,0.01,0.02,0.98,0.99,0.01,0.01,75787.95,1776736980000
1776736982.384,182.384,0.01,0.02,0.98,0.99,0.01,0.01,75783.5,1776736981000
1776736983.11,183.11,0.01,0.02,0.98,0.99,0.01,0.01,75783.1,1776736982000
1776736984.136,184.136,0.01,0.02,0.98,0.99,0.01,0.01,75783.1,1776736982000
1776736984.589,184.589,0.01,0.02,0.98,0.99,0.01,0.01,75783.17,1776736983000
1776736984.924,184.924,0.01,0.02,0.98,0.99,0.01,0.01,75783.17,1776736983000
1776736985.33,185.33,0.01,0.02,0.98,0.99,0.01,0.01,75783.17,1776736983000
1776736985.685,185.685,0.01,0.02,0.98,0.99,0.01,0.01,75783.17,1776736983000
1776736986.03,186.03,0.01,0.02,0.98,0.99,0.01,0.01,75784.09,1776736984000
1776736986.463,186.463,0.01,0.02,0.98,0.99,0.01,0.01,75785.03,1776736985000
1776736986.804,186.804,0.01,0.02,0.98,0.99,0.01,0.01,75785.03,1776736985000
1776736987.144,187.144,0.01,0.02,0.98,0.99,0.01,0.01,75789.05,1776736986000
1776736987.521,187.521,0.01,0.02,0.98,0.99,0.01,0.01,75789.05,1776736986000
1776736987.885,187.885,0.01,0.02,0.98,0.99,0.01,0.01,75789.05,1776736986000
1776736988.435,188.435,0.01,0.02,0.98,0.99,0.01,0.01,75792.77,1776736987000
1776736989.04,189.04,0.01,0.02,0.98,0.99,0.01,0.01,75794.8,1776736988000
1776736989.456,189.456,0.01,0.02,0.98,0.99,0.01,0.01,75794.8,1776736988000
1776736990.199,190.199,0.01,0.02,0.98,0.99,0.01,0.01,75794.8,1776736988000
1776736990.569,190.569,0.01,0.02,0.98,0.99,0.01,0.01,75801.22,1776736989000
1776736990.903,190.903,0.01,0.02,0.98,0.99,0.01,0.01,75801.22,1776736989000
1776736991.308,191.308,0.01,0.02,0.98,0.99,0.01,0.01,75804.38,1776736990000
1776736991.711,191.711,0.01,0.02,0.98,0.99,0.01,0.01,75804.38,1776736990000
1776736992.09,192.09,0.01,0.02,0.98,0.99,0.01,0.01,75803.04,1776736991000
1776736992.577,192.577,0.01,0.02,0.98,0.99,0.01,0.01,75803.04,1776736991000
1776736992.922,192.922,0.01,0.02,0.98,0.99,0.01,0.01,75803.04,1776736991000
1776736993.261,193.261,0.01,0.02,0.98,0.99,0.01,0.01,75803.04,1776736991000
1776736993.648,193.648,0.01,0.02,0.98,0.99,0.01,0.01,75795.64,1776736992000
1776736994.004,194.004,0.01,0.02,0.98,0.99,0.01,0.01,75795.64,1776736992000
1776736994.374,194.374,0.01,0.02,0.98,0.99,0.01,0.01,75795.64,1776736992000
1776736994.987,194.987,0.01,0.02,0.98,0.99,0.01,0.01,75795.34,1776736993000
1776736995.341,195.341,0.01,0.02,0.98,0.99,0.01,0.01,75795.34,1776736993000
1776736995.829,195.829,0.01,0.02,0.98,0.99,0.01,0.01,75795.42,1776736994000
1776736996.304,196.304,0.01,0.02,0.98,0.99,0.01,0.01,75792.98,1776736995000
1776736997.319,197.319,0.01,0.02,0.98,0.99,0.01,0.01,75792.98,1776736995000
1776736997.812,197.812,0.01,0.02,0.98,0.99,0.01,0.01,75795.85,1776736996000
1776736998.145,198.145,0.01,0.01,0.98,0.99,0.0,0.01,75795.85,1776736996000
1776736998.54,198.54,0.01,0.01,0.99,0.99,0.0,0.0,75797.48,1776736997000
1776736999.571,199.571,0.01,0.01,0.99,0.99,0.0,0.0,75803.34,1776736998000
1776737000.146,200.146,0.01,0.01,0.99,0.99,0.0,0.0,75805.31,1776736999000
1776737001.192,201.192,0.01,0.01,0.99,0.99,0.0,0.0,75805.31,1776736999000
1776737001.567,201.567,0.01,0.02,0.98,0.99,0.01,0.01,75807.12,1776737000000
1776737002.165,202.165,0.01,0.01,0.99,0.99,0.0,0.0,75807.12,1776737000000
1776737002.863,202.863,0.01,0.02,0.98,0.99,0.01,0.01,75808.61,1776737001000
1776737003.616,203.616,0.01,0.02,0.98,0.99,0.01,0.01,75811.72,1776737002000
1776737003.95,203.95,0.01,0.02,0.98,0.99,0.01,0.01,75811.72,1776737002000
1776737005.046,205.046,0.01,0.02,0.98,0.99,0.01,0.01,75811.21,1776737003000
1776737005.492,205.492,0.01,0.02,0.98,0.99,0.01,0.01,75811.21,1776737003000
1776737005.836,205.836,0.01,0.02,0.98,0.99,0.01,0.01,75811.4,1776737004000
1776737006.357,206.357,0.01,0.01,0.99,0.99,0.0,0.0,75811.22,1776737005000
1776737006.79,206.79,0.01,0.01,0.98,0.99,0.0,0.01,75811.22,1776737005000
1776737007.139,207.139,0.01,0.02,0.98,0.99,0.01,0.01,75811.22,1776737005000
1776737007.578,207.578,0.01,0.02,0.98,0.99,0.01,0.01,75811.22,1776737005000
1776737007.974,207.974,0.01,0.02,0.98,0.99,0.01,0.01,75815.13,1776737006000
1776737008.334,208.334,0.01,0.02,0.98,0.99,0.01,0.01,75815.13,1776737006000
1776737008.939,208.939,0.01,0.02,0.98,0.99,0.01,0.01,75821.2,1776737007000
1776737009.281,209.281,0.01,0.02,0.98,0.99,0.01,0.01,75821.2,1776737007000
1776737009.664,209.664,0.01,0.02,0.98,0.99,0.01,0.01,75823.61,1776737008000
1776737010.148,210.148,0.01,0.02,0.98,0.99,0.01,0.01,75822.6,1776737009000
1776737010.52,210.52,0.01,0.02,0.98,0.99,0.01,0.01,75822.6,1776737009000
1776737010.894,210.894,0.01,0.02,0.98,0.99,0.01,0.01,75822.6,1776737009000
1776737011.507,211.507,0.01,0.02,0.98,0.99,0.01,0.01,75821.59,1776737010000
1776737011.984,211.984,0.01,0.02,0.98,0.99,0.01,0.01,75820.49,1776737011000
1776737012.542,212.542,0.01,0.02,0.98,0.99,0.01,0.01,75820.49,1776737011000
1776737012.938,212.938,0.01,0.02,0.98,0.99,0.01,0.01,75820.49,1776737011000
1776737013.277,213.277,0.01,0.02,0.98,0.99,0.01,0.01,75820.49,1776737011000
1776737014.008,214.008,0.01,0.02,0.98,0.99,0.01,0.01,75815.25,1776737012000
1776737014.391,214.391,0.01,0.02,0.98,0.99,0.01,0.01,75815.25,1776737012000
1776737015.009,215.009,0.01,0.02,0.98,0.99,0.01,0.01,75813.85,1776737014000
1776737015.461,215.461,0.01,0.02,0.98,0.99,0.01,0.01,75813.85,1776737014000
1776737016.01,216.01,0.01,0.02,0.98,0.99,0.01,0.01,75813.85,1776737014000
1776737016.361,216.361,0.01,0.02,0.98,0.99,0.01,0.01,75812.89,1776737015000
1776737016.823,216.823,0.01,0.02,0.98,0.99,0.01,0.01,75812.89,1776737015000
1776737017.519,217.519,0.01,0.02,0.98,0.99,0.01,0.01,75814.06,1776737016000
1776737018.186,218.186,0.01,0.02,0.98,0.99,0.01,0.01,75814.34,1776737017000
1776737018.523,218.523,0.01,0.02,0.98,0.99,0.01,0.01,75814.34,1776737017000
1776737019.055,219.055,0.01,0.02,0.98,0.99,0.01,0.01,75814.34,1776737017000
1776737019.606,219.606,0.01,0.02,0.98,0.99,0.01,0.01,75815.37,1776737018000
1776737019.985,219.985,0.01,0.02,0.98,0.99,0.01,0.01,75815.37,1776737018000
1776737020.361,220.361,0.01,0.02,0.98,0.99,0.01,0.01,75815.37,1776737018000
1776737020.845,220.845,0.01,0.02,0.98,0.99,0.01,0.01,75814.42,1776737019000
1776737021.418,221.418,0.01,0.02,0.98,0.99,0.01,0.01,75815.06,1776737020000
1776737022.067,222.067,0.01,0.02,0.98,0.99,0.01,0.01,75815.06,1776737020000
1776737023.188,223.188,0.01,0.02,0.98,0.99,0.01,0.01,75815.01,1776737021000
1776737023.526,223.526,0.01,0.02,0.98,0.99,0.01,0.01,75807.2,1776737022000
1776737023.955,223.955,0.01,0.02,0.98,0.99,0.01,0.01,75805.13,1776737023000
1776737024.44,224.44,0.01,0.02,0.98,0.99,0.01,0.01,75805.13,1776737023000
1776737024.775,224.775,0.01,0.02,0.98,0.99,0.01,0.01,75805.13,1776737023000
1776737025.509,225.509,0.01,0.02,0.98,0.99,0.01,0.01,75805.13,1776737023000
1776737025.938,225.938,0.01,0.02,0.98,0.99,0.01,0.01,75803.58,1776737024000
1776737026.383,226.383,0.01,0.02,0.98,0.99,0.01,0.01,75804.4,1776737025000
1776737027.418,227.418,0.01,0.02,0.98,0.99,0.01,0.01,75804.4,1776737025000
1776737027.761,227.761,0.01,0.02,0.98,0.99,0.01,0.01,75808.79,1776737026000
1776737028.245,228.245,0.01,0.02,0.98,0.99,0.01,0.01,75808.79,1776737026000
1776737028.636,228.636,0.01,0.02,0.98,0.99,0.01,0.01,75810.29,1776737027000
1776737029.461,229.461,0.01,0.02,0.98,0.99,0.01,0.01,75810.29,1776737027000
1776737030.176,230.176,0.01,0.02,0.98,0.99,0.01,0.01,75812.05,1776737029000
1776737030.519,230.519,0.01,0.02,0.98,0.99,0.01,0.01,75812.05,1776737029000
1776737031.12,231.12,0.01,0.02,0.98,0.99,0.01,0.01,75812.05,1776737029000
1776737031.462,231.462,0.01,0.02,0.98,0.99,0.01,0.01,75811.85,1776737030000
1776737031.81,231.81,0.01,0.02,0.98,0.99,0.01,0.01,75811.85,1776737030000
1776737032.315,232.315,0.01,0.02,0.98,0.99,0.01,0.01,75811.85,1776737030000
1776737032.787,232.787,0.01,0.01,0.99,0.99,0.0,0.0,75811.78,1776737031000
1776737033.156,233.156,0.01,0.01,0.99,0.99,0.0,0.0,75811.78,1776737032000
1776737034.147,234.147,0.01,0.01,0.98,0.99,0.0,0.01,75811.78,1776737032000
1776737034.929,234.929,0.01,0.02,0.98,0.99,0.01,0.01,75811.8,1776737033000
1776737035.318,235.318,0.01,0.02,0.98,0.99,0.01,0.01,75811.77,1776737034000
1776737035.686,235.686,0.01,0.02,0.98,0.99,0.01,0.01,75811.77,1776737034000
1776737036.024,236.024,0.01,0.02,0.98,0.99,0.01,0.01,75811.77,1776737034000
1776737036.361,236.361,0.01,0.02,0.98,0.99,0.01,0.01,75811.28,1776737035000
1776737036.838,236.838,0.01,0.02,0.98,0.99,0.01,0.01,75811.28,1776737035000
1776737037.294,237.294,0.01,0.01,0.98,0.99,0.0,0.01,75811.28,1776737035000
1776737038.085,238.085,0.01,0.01,0.99,0.99,0.0,0.0,75810.98,1776737037000
1776737038.902,238.902,0.01,0.01,0.99,0.99,0.0,0.0,75810.98,1776737037000
1776737039.638,239.638,0.01,0.01,0.99,0.99,0.0,0.0,75810.98,1776737038000
1776737040.042,240.042,0.01,0.01,0.99,0.99,0.0,0.0,75810.98,1776737038000
1776737040.566,240.566,0.01,0.01,0.99,0.99,0.0,0.0,75811.07,1776737039000
1776737040.986,240.986,0.01,0.01,0.99,0.99,0.0,0.0,75810.38,1776737040000
1776737042.122,242.122,0.01,0.01,0.99,0.99,0.0,0.0,75809.09,1776737041000
1776737043.081,243.081,0.01,0.01,0.99,0.99,0.0,0.0,75818.95,1776737042000
1776737043.944,243.944,0.01,0.01,0.99,0.99,0.0,0.0,75818.95,1776737042000
1776737044.626,244.626,0.01,0.01,0.99,0.99,0.0,0.0,75822.25,1776737043000
1776737045.148,245.148,0.01,0.01,0.99,0.99,0.0,0.0,75822.09,1776737044000
1776737045.649,245.649,0.01,0.01,0.99,0.99,0.0,0.0,75822.09,1776737044000
1776737046.069,246.069,0.01,0.01,0.99,0.99,0.0,0.0,75827.01,1776737045000
1776737046.987,246.987,0.01,0.01,0.99,0.99,0.0,0.0,75827.6,1776737046000
1776737047.797,247.797,0.01,0.01,0.99,0.99,0.0,0.0,75827.6,1776737046000
1776737048.225,248.225,0.01,0.01,0.99,0.99,0.0,0.0,75827.24,1776737047000
1776737048.559,248.559,0.01,0.01,0.99,0.99,0.0,0.0,75827.24,1776737047000
1776737048.909,248.909,0.01,0.01,0.99,0.99,0.0,0.0,75827.24,1776737047000
1776737049.458,249.458,0.01,0.01,0.99,0.99,0.0,0.0,75829.33,1776737048000
1776737049.804,249.804,0.01,0.01,0.99,0.99,0.0,0.0,75829.33,1776737048000
1776737050.426,250.426,0.01,0.01,0.99,0.99,0.0,0.0,75833.02,1776737049000
1776737050.98,250.98,0.01,0.01,0.99,0.99,0.0,0.0,75833.02,1776737049000
1776737051.844,251.844,0.01,0.01,0.99,0.99,0.0,0.0,75839.28,1776737050000
1776737053.142,253.142,0.01,0.01,0.99,0.99,0.0,0.0,75839.94,1776737052000
1776737053.812,253.812,0.01,0.01,0.99,0.99,0.0,0.0,75839.94,1776737052000
1776737054.153,254.153,0.01,0.01,0.99,0.99,0.0,0.0,75839.94,1776737052000
1776737054.588,254.588,0.01,0.01,0.99,0.99,0.0,0.0,75839.93,1776737053000
1776737055.194,255.194,0.01,0.01,0.99,0.99,0.0,0.0,75839.16,1776737054000
1776737056.713,256.713,0.01,0.01,0.99,0.99,0.0,0.0,75839.16,1776737054000
1776737057.28,257.28,0.01,0.01,0.99,0.99,0.0,0.0,75837.31,1776737056000
1776737058.543,258.543,0.01,0.01,0.99,0.99,0.0,0.0,75837.31,1776737056000
1776737059.199,259.199,0.01,0.01,0.99,0.99,0.0,0.0,75837.32,1776737057000
1776737059.8,259.8,0.01,0.01,0.99,0.99,0.0,0.0,75837.32,1776737058000
1776737060.378,260.378,0.01,0.01,0.99,0.99,0.0,0.0,75834.53,1776737059000
1776737060.762,260.762,0.01,0.01,0.99,0.99,0.0,0.0,75834.53,1776737059000
1776737061.363,261.363,0.01,0.01,0.99,0.99,0.0,0.0,75833.71,1776737060000
1776737061.706,261.706,0.01,0.01,0.99,0.99,0.0,0.0,75833.71,1776737060000
1776737062.187,262.187,0.01,0.01,0.99,0.99,0.0,0.0,75834.35,1776737061000
1776737063.433,263.433,0.01,0.01,0.99,0.99,0.0,0.0,75834.51,1776737062000
1776737063.857,263.857,0.01,0.01,0.99,0.99,0.0,0.0,75834.51,1776737062000
1776737064.594,264.594,0.01,0.01,0.99,0.99,0.0,0.0,75834.67,1776737063000
1776737065.164,265.164,0.01,0.01,0.99,0.99,0.0,0.0,75835.75,1776737064000
1776737066.357,266.357,0.01,0.01,0.99,0.99,0.0,0.0,75835.89,1776737065000
1776737066.94,266.94,0.01,0.01,0.99,0.99,0.0,0.0,75835.89,1776737066000
1776737067.424,267.424,0.01,0.01,0.99,0.99,0.0,0.0,75835.89,1776737066000
1776737068.192,268.192,0.01,0.01,0.99,0.99,0.0,0.0,75835.44,1776737067000
1776737068.87,268.87,0.01,0.01,0.99,0.99,0.0,0.0,75835.44,1776737067000
1776737070.268,270.268,0.01,0.01,0.99,0.99,0.0,0.0,75827.88,1776737069000
1776737071.227,271.227,0.01,0.01,0.99,0.99,0.0,0.0,75827.88,1776737069000
1776737072.045,272.045,0.01,0.01,0.99,0.99,0.0,0.0,75826.75,1776737071000
1776737073.031,273.031,0.01,0.01,0.99,0.99,0.0,0.0,75826.35,1776737072000
1776737074.19,274.19,0.01,0.01,0.99,0.99,0.0,0.0,75825.4,1776737073000
1776737075.31,275.31,0.01,0.01,0.99,0.99,0.0,0.0,75825.18,1776737074000
1776737076.356,276.356,0.01,0.01,0.99,0.99,0.0,0.0,75825.18,1776737075000
1776737076.866,276.866,0.01,0.01,0.99,0.99,0.0,0.0,75825.18,1776737075000
1776737077.447,277.447,0.01,0.01,0.99,0.99,0.0,0.0,75824.97,1776737076000
1776737077.974,277.974,0.01,0.01,0.99,0.99,0.0,0.0,75826.74,1776737077000
1776737078.943,278.943,0.01,0.01,0.99,0.99,0.0,0.0,75829.48,1776737078000
1776737079.733,279.733,0.01,0.01,0.99,0.99,0.0,0.0,75829.48,1776737078000
1776737080.145,280.145,0.01,0.01,0.99,0.99,0.0,0.0,75831.48,1776737079000
1776737080.485,280.485,0.01,0.01,0.99,0.99,0.0,0.0,75831.48,1776737079000
1776737081.073,281.073,0.01,0.01,0.99,0.99,0.0,0.0,75831.48,1776737080000
1776737081.655,281.655,0.01,0.01,0.99,0.99,0.0,0.0,75831.48,1776737080000
1776737082.17,282.17,0.01,0.01,0.99,0.99,0.0,0.0,75831.96,1776737081000
1776737083.227,283.227,0.01,0.01,0.99,0.99,0.0,0.0,75831.23,1776737082000
1776737084.23,284.23,0.01,0.01,0.99,0.99,0.0,0.0,75831.23,1776737083000
1776737084.869,284.869,0.01,0.01,0.99,0.99,0.0,0.0,75831.23,1776737083000
1776737085.225,285.225,0.01,0.01,0.99,0.99,0.0,0.0,75831.39,1776737084000
1776737086.185,286.185,0.01,0.01,0.99,0.99,0.0,0.0,75831.38,1776737085000
1776737087.229,287.229,0.01,0.01,0.99,0.99,0.0,0.0,75829.8,1776737086000
1776737088.224,288.224,0.01,0.01,0.99,0.99,0.0,0.0,75829.57,1776737087000
1776737089.26,289.26,0.01,0.01,0.99,0.99,0.0,0.0,75828.97,1776737088000
1776737090.394,290.394,0.01,0.01,0.99,0.99,0.0,0.0,75827.07,1776737089000
1776737090.843,290.843,0.01,0.01,0.99,0.99,0.0,0.0,75827.07,1776737089000
1776737092.08,292.08,0.01,0.01,0.99,0.99,0.0,0.0,75821.45,1776737091000
1776737092.741,292.741,0.01,0.01,0.99,0.99,0.0,0.0,75821.45,1776737091000
1776737093.632,293.632,0.01,0.01,0.99,0.99,0.0,0.0,75819.78,1776737092000
1776737094.167,294.167,0.01,0.01,0.99,0.99,0.0,0.0,75814.46,1776737093000
1776737095.025,295.025,0.01,0.01,0.99,0.99,0.0,0.0,75814.46,1776737093000
1776737095.544,295.544,0.01,0.01,0.99,0.99,0.0,0.0,75811.04,1776737094000
1776737096.164,296.164,0.01,0.01,0.99,0.99,0.0,0.0,75811.04,1776737094000
1776737096.515,296.515,0.01,0.01,0.99,0.99,0.0,0.0,75811.04,1776737094000
1776737096.861,296.861,0.01,0.01,0.99,0.99,0.0,0.0,75810.65,1776737095000
1776737097.357,297.357,0.01,0.01,0.99,0.99,0.0,0.0,75811.87,1776737096000
1776737097.958,297.958,0.01,0.01,0.99,0.99,0.0,0.0,75814.23,1776737097000
1776737098.924,298.924,0.01,0.01,0.99,0.99,0.0,0.0,75816.64,1776737098000
1776737100.035,300.035,0.01,0.01,0.99,0.99,0.0,0.0,75816.29,1776737099000
1776737100.406,300.406,0.01,0.01,0.99,0.99,0.0,0.0,75816.29,1776737099000
1776737101.008,301.008,0.01,0.01,0.99,0.99,0.0,0.0,75814.71,1776737100000
1776737101.96,301.96,0.01,0.01,0.99,0.99,0.0,0.0,75814.71,1776737101000
1776737102.927,302.927,0.01,0.01,0.99,0.99,0.0,0.0,75816.56,1776737102000

# RESULT,winner=Down,slug=btc-updown-5m-1776736800,ticks=587
