timestamp,elapsed_sec,up_bid,up_ask,down_bid,down_ask,up_spread,down_spread,btc_price,btc_oracle_ts
1777304400.559,0.559,0.5,0.51,0.49,0.5,0.01,0.01,77045.67,1777304399000
1777304400.995,0.995,0.5,0.51,0.49,0.5,0.01,0.01,77045.44,1777304400000
1777304401.61,1.61,0.51,0.52,0.48,0.49,0.01,0.01,77045.44,1777304400000
1777304401.971,1.971,0.51,0.52,0.48,0.49,0.01,0.01,77045.44,1777304400000
1777304402.422,2.422,0.51,0.53,0.48,0.49,0.02,0.01,77039.66,1777304401000
1777304403.029,3.029,0.51,0.52,0.48,0.49,0.01,0.01,77039.66,1777304401000
1777304403.45,3.45,0.54,0.55,0.45,0.48,0.01,0.03,77043.47,1777304402000
1777304403.877,3.877,0.57,0.59,0.41,0.46,0.02,0.05,77043.47,1777304402000
1777304404.211,4.211,0.58,0.6,0.4,0.42,0.02,0.02,77047.82,1777304403000
1777304404.649,4.649,0.6,0.61,0.39,0.4,0.01,0.01,77047.82,1777304403000
1777304405.022,5.022,0.6,0.61,0.39,0.4,0.01,0.01,77047.82,1777304403000
1777304405.394,5.394,0.6,0.61,0.39,0.4,0.01,0.01,77057.51,1777304404000
1777304405.74,5.74,0.58,0.59,0.41,0.42,0.01,0.01,77057.51,1777304404000
1777304406.099,6.099,0.58,0.59,0.41,0.42,0.01,0.01,77068.27,1777304405000
1777304406.455,6.455,0.58,0.59,0.41,0.42,0.01,0.01,77068.27,1777304405000
1777304406.94,6.94,0.58,0.59,0.41,0.42,0.01,0.01,77068.27,1777304405000
1777304407.361,7.361,0.58,0.59,0.41,0.42,0.01,0.01,77068.27,1777304405000
1777304407.805,7.805,0.58,0.59,0.41,0.42,0.01,0.01,77066.75,1777304406000
1777304408.178,8.178,0.58,0.59,0.41,0.42,0.01,0.01,77066.75,1777304406000
1777304408.556,8.556,0.58,0.59,0.41,0.42,0.01,0.01,77066.75,1777304406000
1777304409.035,9.035,0.58,0.59,0.41,0.42,0.01,0.01,77065.22,1777304407000
1777304409.775,9.775,0.57,0.58,0.41,0.43,0.01,0.02,77065.22,1777304407000
1777304410.116,10.116,0.57,0.58,0.42,0.43,0.01,0.01,77065.22,1777304407000
1777304410.536,10.536,0.56,0.58,0.42,0.43,0.02,0.01,77065.54,1777304408000
1777304411.073,11.073,0.56,0.57,0.43,0.44,0.01,0.01,77065.54,1777304408000
1777304411.414,11.414,0.56,0.57,0.43,0.44,0.01,0.01,77065.34,1777304409000
1777304411.78,11.78,0.56,0.57,0.43,0.44,0.01,0.01,77065.34,1777304409000
1777304412.237,12.237,0.56,0.57,0.43,0.44,0.01,0.01,77065.27,1777304410000
1777304412.984,12.984,0.59,0.6,0.4,0.41,0.01,0.01,77065.27,1777304410000
1777304413.32,13.32,0.59,0.6,0.4,0.41,0.01,0.01,77062.99,1777304411000
1777304413.707,13.707,0.59,0.6,0.4,0.41,0.01,0.01,77062.99,1777304411000
1777304414.413,14.413,0.59,0.6,0.4,0.41,0.01,0.01,77061.89,1777304412000
1777304414.857,14.857,0.59,0.6,0.4,0.41,0.01,0.01,77063.7,1777304413000
1777304415.683,15.683,0.59,0.6,0.4,0.41,0.01,0.01,77063.7,1777304413000
1777304416.03,16.03,0.57,0.58,0.42,0.43,0.01,0.01,77065.88,1777304414000
1777304416.568,16.568,0.55,0.56,0.43,0.45,0.01,0.02,77065.88,1777304414000
1777304417.665,17.665,0.53,0.54,0.46,0.47,0.01,0.01,77067.17,1777304415000
1777304418.024,18.024,0.53,0.54,0.46,0.47,0.01,0.01,77063.45,1777304416000
1777304418.382,18.382,0.53,0.54,0.46,0.47,0.01,0.01,77063.45,1777304416000
1777304418.722,18.722,0.51,0.54,0.46,0.47,0.03,0.01,77063.45,1777304416000
1777304419.073,19.073,0.49,0.5,0.5,0.51,0.01,0.01,77063.45,1777304416000
1777304419.483,19.483,0.47,0.5,0.5,0.53,0.03,0.03,77059.95,1777304417000
1777304419.901,19.901,0.47,0.48,0.52,0.53,0.01,0.01,77059.95,1777304417000
1777304420.288,20.288,0.46,0.48,0.52,0.54,0.02,0.02,77059.95,1777304417000
1777304420.869,20.869,0.46,0.47,0.53,0.54,0.01,0.01,77059.95,1777304417000
1777304421.317,21.317,0.46,0.47,0.53,0.54,0.01,0.01,77044.65,1777304418000
1777304422.261,22.261,0.46,0.47,0.53,0.54,0.01,0.01,77037.87,1777304419000
1777304422.605,22.605,0.44,0.46,0.54,0.59,0.02,0.05,77037.1,1777304420000
1777304422.951,22.951,0.36,0.37,0.59,0.63,0.01,0.04,77037.1,1777304420000
1777304423.354,23.354,0.36,0.37,0.63,0.64,0.01,0.01,77037.1,1777304420000
1777304423.848,23.848,0.36,0.37,0.63,0.64,0.01,0.01,77036.84,1777304421000
1777304424.188,24.188,0.36,0.37,0.63,0.64,0.01,0.01,77036.84,1777304422000
1777304425.051,25.051,0.36,0.37,0.63,0.64,0.01,0.01,77036.84,1777304422000
1777304425.593,25.593,0.36,0.37,0.63,0.64,0.01,0.01,77019.66,1777304423000
1777304425.941,25.941,0.38,0.39,0.61,0.62,0.01,0.01,77019.66,1777304423000
1777304426.548,26.548,0.38,0.42,0.58,0.62,0.04,0.04,77015.07,1777304425000
1777304426.913,26.913,0.38,0.39,0.61,0.62,0.01,0.01,77015.07,1777304425000
1777304427.329,27.329,0.38,0.39,0.61,0.63,0.01,0.02,77015.07,1777304425000
1777304427.719,27.719,0.38,0.39,0.61,0.62,0.01,0.01,77015.28,1777304426000
1777304428.257,28.257,0.38,0.39,0.61,0.62,0.01,0.01,77015.28,1777304426000
1777304428.654,28.654,0.37,0.39,0.61,0.63,0.02,0.02,77016.23,1777304427000
1777304429.086,29.086,0.37,0.38,0.61,0.63,0.01,0.02,77016.23,1777304427000
1777304429.419,29.419,0.37,0.38,0.62,0.63,0.01,0.01,77014.55,1777304428000
1777304429.778,29.778,0.37,0.38,0.62,0.63,0.01,0.01,77014.55,1777304428000
1777304430.16,30.16,0.4,0.41,0.62,0.63,0.01,0.01,77014.55,1777304428000
1777304430.526,30.526,0.4,0.41,0.59,0.6,0.01,0.01,77011.29,1777304429000
1777304430.875,30.875,0.41,0.42,0.58,0.6,0.01,0.02,77011.29,1777304429000
1777304431.262,31.262,0.41,0.42,0.58,0.59,0.01,0.01,77011.29,1777304429000
1777304431.656,31.656,0.41,0.42,0.58,0.59,0.01,0.01,77008.82,1777304430000
1777304432.281,32.281,0.41,0.42,0.58,0.59,0.01,0.01,77010.13,1777304431000
1777304432.68,32.68,0.41,0.42,0.58,0.59,0.01,0.01,77010.13,1777304431000
1777304433.412,33.412,0.41,0.42,0.58,0.59,0.01,0.01,77011,1777304432000
1777304433.81,33.81,0.41,0.43,0.58,0.59,0.02,0.01,77011,1777304432000
1777304434.156,34.156,0.52,0.54,0.46,0.48,0.02,0.02,77013.33,1777304433000
1777304434.489,34.489,0.52,0.53,0.47,0.48,0.01,0.01,77013.33,1777304433000
1777304434.835,34.835,0.5,0.51,0.47,0.51,0.01,0.04,77013.33,1777304433000
1777304435.235,35.235,0.5,0.51,0.49,0.5,0.01,0.01,77037.44,1777304434000
1777304435.745,35.745,0.5,0.51,0.49,0.5,0.01,0.01,77037.44,1777304434000
1777304436.137,36.137,0.5,0.51,0.49,0.5,0.01,0.01,77037.44,1777304434000
1777304436.499,36.499,0.49,0.51,0.49,0.5,0.02,0.01,77038.47,1777304435000
1777304436.856,36.856,0.49,0.5,0.49,0.51,0.01,0.02,77038.47,1777304435000
1777304437.265,37.265,0.49,0.5,0.5,0.51,0.01,0.01,77038.47,1777304435000
1777304437.828,37.828,0.49,0.5,0.5,0.51,0.01,0.01,77037.96,1777304436000
1777304438.278,38.278,0.48,0.49,0.51,0.53,0.01,0.02,77037.96,1777304436000
1777304438.622,38.622,0.47,0.48,0.52,0.53,0.01,0.01,77037.96,1777304436000
1777304439.01,39.01,0.47,0.48,0.52,0.53,0.01,0.01,77036.92,1777304437000
1777304439.401,39.401,0.47,0.49,0.51,0.53,0.02,0.02,77036.92,1777304437000
1777304440.285,40.285,0.47,0.48,0.52,0.53,0.01,0.01,77036.92,1777304438000
1777304440.695,40.695,0.47,0.48,0.52,0.53,0.01,0.01,77036.85,1777304439000
1777304441.415,41.415,0.47,0.48,0.52,0.53,0.01,0.01,77036.85,1777304439000
1777304442.072,42.072,0.47,0.48,0.52,0.53,0.01,0.01,77037.42,1777304440000
1777304443.068,43.068,0.48,0.49,0.51,0.52,0.01,0.01,77035.54,1777304441000
1777304443.403,43.403,0.48,0.49,0.51,0.52,0.01,0.01,77034.54,1777304442000
1777304443.899,43.899,0.48,0.49,0.51,0.52,0.01,0.01,77034.54,1777304442000
1777304444.37,44.37,0.48,0.49,0.51,0.52,0.01,0.01,77034.54,1777304442000
1777304444.891,44.891,0.48,0.49,0.51,0.52,0.01,0.01,77035.33,1777304443000
1777304446.26,46.26,0.48,0.49,0.51,0.52,0.01,0.01,77034.2,1777304445000
1777304446.779,46.779,0.48,0.49,0.51,0.52,0.01,0.01,77034.2,1777304445000
1777304447.215,47.215,0.48,0.49,0.51,0.52,0.01,0.01,77034.2,1777304445000
1777304447.556,47.556,0.48,0.49,0.51,0.52,0.01,0.01,77032.09,1777304446000
1777304447.95,47.95,0.48,0.49,0.51,0.52,0.01,0.01,77032.09,1777304446000
1777304448.421,48.421,0.48,0.49,0.51,0.52,0.01,0.01,77032.09,1777304447000
1777304449.262,49.262,0.48,0.49,0.51,0.52,0.01,0.01,77034.44,1777304448000
1777304449.653,49.653,0.46,0.48,0.51,0.52,0.02,0.01,77034.44,1777304448000
1777304450.168,50.168,0.46,0.47,0.53,0.54,0.01,0.01,77034.44,1777304448000
1777304450.588,50.588,0.46,0.47,0.53,0.54,0.01,0.01,77034.62,1777304449000
1777304450.971,50.971,0.46,0.47,0.53,0.54,0.01,0.01,77034.62,1777304449000
1777304451.607,51.607,0.46,0.47,0.53,0.54,0.01,0.01,77035.02,1777304450000
1777304452.165,52.165,0.46,0.48,0.53,0.54,0.02,0.01,77035.02,1777304450000
1777304452.752,52.752,0.46,0.47,0.53,0.54,0.01,0.01,77033.94,1777304451000
1777304453.28,53.28,0.46,0.48,0.51,0.54,0.02,0.03,77033.94,1777304451000
1777304453.922,53.922,0.46,0.47,0.53,0.54,0.01,0.01,77031.61,1777304452000
1777304454.462,54.462,0.46,0.47,0.53,0.54,0.01,0.01,77031.17,1777304453000
1777304455.083,55.083,0.45,0.47,0.53,0.54,0.02,0.01,77031.17,1777304453000
1777304455.431,55.431,0.42,0.43,0.57,0.58,0.01,0.01,77031.17,1777304453000
1777304455.792,55.792,0.4,0.42,0.58,0.6,0.02,0.02,77031.17,1777304453000
1777304456.161,56.161,0.4,0.41,0.58,0.6,0.01,0.02,77033.09,1777304454000
1777304456.535,56.535,0.4,0.41,0.59,0.6,0.01,0.01,77033.09,1777304455000
1777304456.91,56.91,0.4,0.41,0.59,0.6,0.01,0.01,77033.09,1777304455000
1777304457.293,57.293,0.4,0.41,0.59,0.6,0.01,0.01,77025.79,1777304456000
1777304457.629,57.629,0.4,0.41,0.59,0.6,0.01,0.01,77025.79,1777304456000
1777304458.161,58.161,0.4,0.41,0.59,0.6,0.01,0.01,77025.79,1777304456000
1777304458.504,58.504,0.4,0.41,0.59,0.6,0.01,0.01,77022.14,1777304457000
1777304459.013,59.013,0.4,0.41,0.59,0.6,0.01,0.01,77022.14,1777304457000
1777304459.544,59.544,0.4,0.41,0.59,0.6,0.01,0.01,77022.14,1777304457000
1777304460.087,60.087,0.44,0.45,0.55,0.57,0.01,0.02,77018.69,1777304458000
1777304460.428,60.428,0.44,0.45,0.55,0.56,0.01,0.01,77020.32,1777304459000
1777304460.833,60.833,0.44,0.45,0.55,0.57,0.01,0.02,77020.32,1777304459000
1777304461.19,61.19,0.44,0.45,0.55,0.56,0.01,0.01,77020.32,1777304459000
1777304461.558,61.558,0.44,0.46,0.54,0.56,0.02,0.02,77021.2,1777304460000
1777304461.908,61.908,0.44,0.46,0.54,0.56,0.02,0.02,77021.2,1777304460000
1777304462.241,62.241,0.44,0.45,0.55,0.56,0.01,0.01,77020.66,1777304461000
1777304462.585,62.585,0.44,0.45,0.55,0.56,0.01,0.01,77020.66,1777304461000
1777304463.011,63.011,0.41,0.42,0.55,0.6,0.01,0.05,77020.66,1777304461000
1777304463.369,63.369,0.4,0.41,0.59,0.6,0.01,0.01,77028.86,1777304462000
1777304463.706,63.706,0.4,0.41,0.59,0.6,0.01,0.01,77028.86,1777304462000
1777304464.079,64.079,0.41,0.42,0.58,0.59,0.01,0.01,77028.86,1777304462000
1777304464.416,64.416,0.41,0.42,0.58,0.59,0.01,0.01,77028.86,1777304462000
1777304465.06,65.06,0.41,0.42,0.58,0.59,0.01,0.01,77022.89,1777304464000
1777304465.621,65.621,0.43,0.44,0.56,0.57,0.01,0.01,77022.89,1777304464000
1777304466.023,66.023,0.43,0.44,0.56,0.57,0.01,0.01,77022.89,1777304464000
1777304466.763,66.763,0.43,0.44,0.56,0.57,0.01,0.01,77024.19,1777304465000
1777304467.295,67.295,0.47,0.5,0.5,0.53,0.03,0.03,77024.39,1777304466000
1777304467.653,67.653,0.48,0.5,0.51,0.52,0.02,0.01,77024.39,1777304466000
1777304468.017,68.017,0.49,0.5,0.5,0.51,0.01,0.01,77024.39,1777304466000
1777304468.358,68.358,0.49,0.5,0.5,0.51,0.01,0.01,77024.39,1777304466000
1777304468.695,68.695,0.52,0.54,0.46,0.48,0.02,0.02,77024.39,1777304466000
1777304469.039,69.039,0.52,0.53,0.47,0.48,0.01,0.01,77024.39,1777304466000
1777304469.376,69.376,0.54,0.55,0.45,0.46,0.01,0.01,77027.46,1777304467000
1777304470.051,70.051,0.54,0.55,0.45,0.46,0.01,0.01,77027.46,1777304467000
1777304470.389,70.389,0.56,0.57,0.41,0.46,0.01,0.05,77042.25,1777304469000
1777304470.818,70.818,0.56,0.57,0.43,0.44,0.01,0.01,77042.25,1777304469000
1777304471.207,71.207,0.56,0.57,0.41,0.44,0.01,0.03,77042.25,1777304469000
1777304471.545,71.545,0.56,0.58,0.42,0.44,0.02,0.02,77042.25,1777304469000
1777304471.923,71.923,0.56,0.57,0.43,0.44,0.01,0.01,77051.71,1777304470000
1777304472.594,72.594,0.56,0.57,0.43,0.44,0.01,0.01,77055.74,1777304471000
1777304473.039,73.039,0.56,0.57,0.43,0.44,0.01,0.01,77055.74,1777304471000
1777304473.5,73.5,0.56,0.57,0.43,0.44,0.01,0.01,77055.74,1777304472000
1777304473.836,73.836,0.56,0.57,0.43,0.44,0.01,0.01,77055.74,1777304472000
1777304474.327,74.327,0.57,0.58,0.4,0.43,0.01,0.03,77055.74,1777304472000
1777304475.012,75.012,0.59,0.6,0.4,0.41,0.01,0.01,77055.23,1777304473000
1777304475.384,75.384,0.59,0.6,0.4,0.41,0.01,0.01,77055.23,1777304473000
1777304475.733,75.733,0.59,0.6,0.4,0.41,0.01,0.01,77055.23,1777304473000
1777304476.246,76.246,0.59,0.6,0.4,0.41,0.01,0.01,77060.49,1777304474000
1777304476.608,76.608,0.6,0.61,0.39,0.4,0.01,0.01,77062.77,1777304475000
1777304477.0,77.0,0.6,0.61,0.39,0.4,0.01,0.01,77062.77,1777304475000
1777304477.442,77.442,0.6,0.61,0.39,0.4,0.01,0.01,77062.77,1777304475000
1777304477.812,77.812,0.6,0.61,0.39,0.4,0.01,0.01,77062.91,1777304476000
1777304478.205,78.205,0.6,0.61,0.39,0.4,0.01,0.01,77062.91,1777304476000
1777304478.66,78.66,0.59,0.6,0.4,0.41,0.01,0.01,77064.55,1777304477000
1777304479.294,79.294,0.59,0.6,0.4,0.41,0.01,0.01,77064.55,1777304477000
1777304479.769,79.769,0.59,0.6,0.4,0.41,0.01,0.01,77066.79,1777304478000
1777304480.559,80.559,0.62,0.64,0.36,0.38,0.02,0.02,77066.61,1777304479000
1777304480.893,80.893,0.6,0.63,0.37,0.39,0.03,0.02,77066.61,1777304479000
1777304481.33,81.33,0.59,0.62,0.38,0.4,0.03,0.02,77066.61,1777304479000
1777304481.789,81.789,0.59,0.6,0.4,0.41,0.01,0.01,77067.4,1777304480000
1777304482.279,82.279,0.59,0.6,0.4,0.41,0.01,0.01,77067.4,1777304480000
1777304482.782,82.782,0.6,0.61,0.39,0.4,0.01,0.01,77066.23,1777304481000
1777304483.151,83.151,0.6,0.61,0.39,0.4,0.01,0.01,77066.23,1777304481000
1777304483.62,83.62,0.6,0.61,0.39,0.4,0.01,0.01,77063.62,1777304482000
1777304484.058,84.058,0.6,0.61,0.39,0.4,0.01,0.01,77063.62,1777304482000
1777304484.438,84.438,0.6,0.61,0.39,0.4,0.01,0.01,77063.62,1777304482000
1777304484.86,84.86,0.61,0.62,0.38,0.39,0.01,0.01,77064.54,1777304483000
1777304485.295,85.295,0.6,0.61,0.38,0.4,0.01,0.02,77064.54,1777304483000
1777304485.643,85.643,0.59,0.61,0.39,0.41,0.02,0.02,77065.28,1777304484000
1777304485.979,85.979,0.58,0.61,0.39,0.41,0.03,0.02,77065.28,1777304484000
1777304486.381,86.381,0.6,0.61,0.39,0.4,0.01,0.01,77065.28,1777304484000
1777304486.723,86.723,0.57,0.58,0.41,0.43,0.01,0.02,77065.28,1777304484000
1777304487.162,87.162,0.57,0.58,0.42,0.43,0.01,0.01,77065.74,1777304485000
1777304487.691,87.691,0.57,0.58,0.42,0.43,0.01,0.01,77065.74,1777304485000
1777304488.075,88.075,0.58,0.59,0.41,0.42,0.01,0.01,77064.19,1777304486000
1777304488.848,88.848,0.58,0.59,0.41,0.42,0.01,0.01,77063.63,1777304487000
1777304489.196,89.196,0.58,0.59,0.41,0.42,0.01,0.01,77063.63,1777304487000
1777304489.77,89.77,0.58,0.59,0.41,0.42,0.01,0.01,77062.37,1777304488000
1777304490.359,90.359,0.58,0.59,0.41,0.42,0.01,0.01,77060.95,1777304489000
1777304490.716,90.716,0.58,0.59,0.41,0.42,0.01,0.01,77060.95,1777304489000
1777304491.106,91.106,0.57,0.58,0.42,0.43,0.01,0.01,77060.95,1777304489000
1777304491.633,91.633,0.57,0.58,0.42,0.43,0.01,0.01,77062.53,1777304490000
1777304492.34,92.34,0.58,0.59,0.41,0.42,0.01,0.01,77062.08,1777304491000
1777304492.698,92.698,0.58,0.62,0.38,0.42,0.04,0.04,77062.08,1777304491000
1777304493.321,93.321,0.61,0.62,0.38,0.41,0.01,0.03,77062.08,1777304491000
1777304493.874,93.874,0.61,0.62,0.38,0.39,0.01,0.01,77063.04,1777304492000
1777304494.231,94.231,0.62,0.64,0.37,0.38,0.02,0.01,77063.04,1777304492000
1777304494.642,94.642,0.63,0.64,0.36,0.37,0.01,0.01,77063.04,1777304492000
1777304494.976,94.976,0.63,0.64,0.36,0.37,0.01,0.01,77063.04,1777304493000
1777304495.358,95.358,0.63,0.64,0.36,0.37,0.01,0.01,77064.97,1777304494000
1777304495.746,95.746,0.63,0.64,0.36,0.37,0.01,0.01,77064.97,1777304494000
1777304496.415,96.415,0.64,0.65,0.35,0.36,0.01,0.01,77067.88,1777304495000
1777304496.942,96.942,0.64,0.65,0.35,0.36,0.01,0.01,77068.99,1777304496000
1777304497.295,97.295,0.65,0.66,0.34,0.35,0.01,0.01,77068.99,1777304496000
1777304497.795,97.795,0.65,0.66,0.33,0.35,0.01,0.02,77068.99,1777304496000
1777304498.172,98.172,0.64,0.65,0.35,0.36,0.01,0.01,77068.99,1777304496000
1777304498.613,98.613,0.64,0.65,0.35,0.36,0.01,0.01,77069.72,1777304497000
1777304498.956,98.956,0.62,0.63,0.36,0.38,0.01,0.02,77069.72,1777304497000
1777304499.317,99.317,0.62,0.63,0.37,0.39,0.01,0.02,77069.72,1777304497000
1777304499.683,99.683,0.55,0.58,0.41,0.42,0.03,0.01,77073.76,1777304498000
1777304500.146,100.146,0.56,0.57,0.43,0.44,0.01,0.01,77072.53,1777304499000
1777304500.525,100.525,0.56,0.57,0.43,0.44,0.01,0.01,77072.53,1777304499000
1777304501.014,101.014,0.54,0.56,0.44,0.45,0.02,0.01,77072.53,1777304499000
1777304501.586,101.586,0.54,0.55,0.45,0.46,0.01,0.01,77068.59,1777304500000
1777304502.17,102.17,0.54,0.55,0.45,0.46,0.01,0.01,77068.59,1777304500000
1777304502.517,102.517,0.54,0.55,0.45,0.46,0.01,0.01,77060.17,1777304501000
1777304503.19,103.19,0.54,0.55,0.45,0.46,0.01,0.01,77060.17,1777304501000
1777304503.525,103.525,0.54,0.55,0.45,0.46,0.01,0.01,77057.53,1777304502000
1777304503.867,103.867,0.54,0.55,0.45,0.46,0.01,0.01,77057.53,1777304502000
1777304504.272,104.272,0.53,0.54,0.45,0.46,0.01,0.01,77056.69,1777304503000
1777304504.623,104.623,0.46,0.47,0.53,0.54,0.01,0.01,77056.69,1777304503000
1777304505.062,105.062,0.46,0.47,0.53,0.54,0.01,0.01,77056.69,1777304503000
1777304505.5,105.5,0.46,0.47,0.53,0.54,0.01,0.01,77055.5,1777304504000
1777304505.983,105.983,0.46,0.47,0.53,0.54,0.01,0.01,77055.5,1777304504000
1777304506.513,106.513,0.46,0.47,0.53,0.54,0.01,0.01,77051.66,1777304505000
1777304506.848,106.848,0.48,0.49,0.52,0.53,0.01,0.01,77051.66,1777304505000
1777304507.271,107.271,0.48,0.49,0.51,0.52,0.01,0.01,77051.66,1777304505000
1777304507.725,107.725,0.48,0.49,0.51,0.52,0.01,0.01,77045.09,1777304506000
1777304508.09,108.09,0.48,0.49,0.51,0.52,0.01,0.01,77045.09,1777304506000
1777304508.51,108.51,0.48,0.49,0.51,0.52,0.01,0.01,77045.09,1777304506000
1777304509.124,109.124,0.48,0.49,0.51,0.52,0.01,0.01,77041.87,1777304508000
1777304509.5,109.5,0.43,0.46,0.54,0.59,0.03,0.05,77041.87,1777304508000
1777304509.922,109.922,0.4,0.41,0.58,0.6,0.01,0.02,77041.87,1777304508000
1777304510.385,110.385,0.4,0.41,0.59,0.6,0.01,0.01,77041.87,1777304509000
1777304510.822,110.822,0.4,0.41,0.59,0.6,0.01,0.01,77041.87,1777304509000
1777304511.18,111.18,0.4,0.41,0.59,0.6,0.01,0.01,77030.95,1777304510000
1777304511.761,111.761,0.4,0.41,0.59,0.6,0.01,0.01,77030.95,1777304510000
1777304512.144,112.144,0.39,0.4,0.6,0.61,0.01,0.01,77030.95,1777304510000
1777304512.608,112.608,0.39,0.4,0.6,0.61,0.01,0.01,77027.91,1777304511000
1777304512.977,112.977,0.39,0.4,0.6,0.61,0.01,0.01,77027.91,1777304511000
1777304513.319,113.319,0.38,0.39,0.61,0.62,0.01,0.01,77027.91,1777304511000
1777304513.696,113.696,0.38,0.39,0.61,0.62,0.01,0.01,77027.91,1777304511000
1777304514.033,114.033,0.38,0.39,0.61,0.62,0.01,0.01,77025.45,1777304513000
1777304514.497,114.497,0.38,0.39,0.61,0.62,0.01,0.01,77025.45,1777304513000
1777304514.883,114.883,0.37,0.38,0.62,0.63,0.01,0.01,77025.45,1777304513000
1777304515.277,115.277,0.37,0.38,0.62,0.63,0.01,0.01,77022.85,1777304514000
1777304515.856,115.856,0.36,0.37,0.63,0.64,0.01,0.01,77022.85,1777304514000
1777304516.228,116.228,0.36,0.37,0.63,0.64,0.01,0.01,77022.85,1777304514000
1777304516.586,116.586,0.36,0.37,0.63,0.64,0.01,0.01,77020.62,1777304515000
1777304517.07,117.07,0.36,0.37,0.63,0.64,0.01,0.01,77020.62,1777304515000
1777304517.47,117.47,0.36,0.37,0.63,0.64,0.01,0.01,77018.35,1777304516000
1777304517.803,117.803,0.36,0.37,0.63,0.64,0.01,0.01,77018.35,1777304516000
1777304518.3,118.3,0.36,0.37,0.63,0.64,0.01,0.01,77018.35,1777304516000
1777304518.773,118.773,0.37,0.38,0.62,0.64,0.01,0.02,77017.75,1777304517000
1777304519.306,119.306,0.37,0.38,0.62,0.63,0.01,0.01,77017.75,1777304517000
1777304519.926,119.926,0.37,0.38,0.62,0.63,0.01,0.01,77017.65,1777304518000
1777304520.332,120.332,0.37,0.38,0.62,0.63,0.01,0.01,77017.51,1777304519000
1777304520.989,120.989,0.37,0.38,0.62,0.63,0.01,0.01,77017.51,1777304519000
1777304521.384,121.384,0.41,0.43,0.57,0.59,0.02,0.02,77017.7,1777304520000
1777304521.756,121.756,0.45,0.46,0.53,0.56,0.01,0.03,77017.7,1777304520000
1777304522.129,122.129,0.45,0.46,0.54,0.55,0.01,0.01,77020.78,1777304521000
1777304522.531,122.531,0.45,0.46,0.54,0.55,0.01,0.01,77020.78,1777304521000
1777304522.866,122.866,0.45,0.46,0.54,0.55,0.01,0.01,77020.78,1777304521000
1777304523.207,123.207,0.45,0.47,0.54,0.55,0.02,0.01,77026.12,1777304522000
1777304523.641,123.641,0.46,0.48,0.53,0.54,0.02,0.01,77026.12,1777304522000
1777304524.008,124.008,0.47,0.48,0.52,0.53,0.01,0.01,77026.12,1777304522000
1777304524.354,124.354,0.46,0.47,0.53,0.54,0.01,0.01,77032.5,1777304523000
1777304524.693,124.693,0.45,0.46,0.53,0.54,0.01,0.01,77032.5,1777304523000
1777304525.052,125.052,0.45,0.46,0.54,0.55,0.01,0.01,77032.5,1777304523000
1777304525.686,125.686,0.45,0.46,0.54,0.55,0.01,0.01,77032.38,1777304524000
1777304526.031,126.031,0.45,0.47,0.53,0.54,0.02,0.01,77032.38,1777304524000
1777304526.384,126.384,0.48,0.51,0.49,0.52,0.03,0.03,77032.23,1777304525000
1777304526.975,126.975,0.48,0.51,0.49,0.52,0.03,0.03,77032.23,1777304525000
1777304527.321,127.321,0.5,0.53,0.47,0.5,0.03,0.03,77031.88,1777304526000
1777304528.388,128.388,0.51,0.53,0.47,0.49,0.02,0.02,77036.81,1777304527000
1777304528.77,128.77,0.51,0.52,0.48,0.49,0.01,0.01,77036.81,1777304527000
1777304529.228,129.228,0.55,0.56,0.44,0.45,0.01,0.01,77036.81,1777304527000
1777304529.595,129.595,0.55,0.56,0.44,0.45,0.01,0.01,77042.92,1777304528000
1777304530.0,130.0,0.55,0.56,0.44,0.45,0.01,0.01,77042.92,1777304528000
1777304530.4,130.4,0.55,0.56,0.44,0.45,0.01,0.01,77043.88,1777304529000
1777304530.856,130.856,0.56,0.58,0.42,0.44,0.02,0.02,77043.88,1777304529000
1777304531.264,131.264,0.63,0.64,0.36,0.37,0.01,0.01,77044.71,1777304530000
1777304531.697,131.697,0.66,0.67,0.32,0.34,0.01,0.02,77044.71,1777304530000
1777304532.062,132.062,0.66,0.67,0.32,0.34,0.01,0.02,77046.18,1777304531000
1777304532.446,132.446,0.66,0.67,0.33,0.34,0.01,0.01,77046.18,1777304531000
1777304532.898,132.898,0.66,0.67,0.33,0.34,0.01,0.01,77046.18,1777304531000
1777304533.312,133.312,0.66,0.67,0.33,0.34,0.01,0.01,77046.18,1777304531000
1777304533.708,133.708,0.66,0.67,0.33,0.34,0.01,0.01,77067.89,1777304532000
1777304534.176,134.176,0.66,0.67,0.33,0.34,0.01,0.01,77067.89,1777304532000
1777304534.602,134.602,0.66,0.67,0.33,0.34,0.01,0.01,77068.12,1777304533000
1777304534.982,134.982,0.66,0.67,0.33,0.34,0.01,0.01,77068.12,1777304533000
1777304535.352,135.352,0.66,0.67,0.33,0.34,0.01,0.01,77070.39,1777304534000
1777304536.26,136.26,0.66,0.67,0.33,0.34,0.01,0.01,77070.27,1777304535000
1777304536.867,136.867,0.66,0.67,0.33,0.34,0.01,0.01,77070.27,1777304535000
1777304537.325,137.325,0.65,0.67,0.33,0.35,0.02,0.02,77070.25,1777304536000
1777304537.737,137.737,0.62,0.63,0.36,0.39,0.01,0.03,77070.25,1777304536000
1777304538.207,138.207,0.62,0.63,0.37,0.38,0.01,0.01,77070.25,1777304536000
1777304538.554,138.554,0.62,0.63,0.37,0.38,0.01,0.01,77066.38,1777304537000
1777304539.012,139.012,0.63,0.64,0.36,0.38,0.01,0.02,77066.38,1777304537000
1777304539.399,139.399,0.57,0.64,0.36,0.43,0.07,0.07,77066.38,1777304537000
1777304539.739,139.739,0.6,0.61,0.39,0.4,0.01,0.01,77065.74,1777304538000
1777304540.124,140.124,0.6,0.61,0.39,0.4,0.01,0.01,77065.83,1777304539000
1777304540.487,140.487,0.59,0.61,0.39,0.41,0.02,0.02,77065.83,1777304539000
1777304540.82,140.82,0.59,0.6,0.4,0.41,0.01,0.01,77065.83,1777304539000
1777304541.266,141.266,0.59,0.6,0.4,0.41,0.01,0.01,77066.31,1777304540000
1777304541.692,141.692,0.58,0.6,0.4,0.42,0.02,0.02,77066.31,1777304540000
1777304542.116,142.116,0.58,0.59,0.41,0.42,0.01,0.01,77065.06,1777304541000
1777304542.461,142.461,0.58,0.59,0.41,0.42,0.01,0.01,77065.06,1777304541000
1777304543.086,143.086,0.58,0.59,0.41,0.42,0.01,0.01,77061.15,1777304542000
1777304544.188,144.188,0.58,0.59,0.41,0.42,0.01,0.01,77059.02,1777304543000
1777304544.799,144.799,0.58,0.59,0.41,0.42,0.01,0.01,77059.02,1777304543000
1777304545.158,145.158,0.58,0.59,0.41,0.42,0.01,0.01,77058.85,1777304544000
1777304545.535,145.535,0.53,0.57,0.41,0.45,0.04,0.04,77058.85,1777304544000
1777304545.946,145.946,0.57,0.58,0.42,0.43,0.01,0.01,77058.85,1777304544000
1777304546.868,146.868,0.59,0.6,0.41,0.42,0.01,0.01,77058.85,1777304544000
1777304547.206,147.206,0.59,0.62,0.37,0.41,0.03,0.04,77055.91,1777304546000
1777304547.739,147.739,0.63,0.66,0.36,0.38,0.03,0.02,77055.91,1777304546000
1777304548.079,148.079,0.65,0.66,0.34,0.35,0.01,0.01,77055.91,1777304546000
1777304548.507,148.507,0.65,0.66,0.34,0.35,0.01,0.01,77055.91,1777304546000
1777304548.864,148.864,0.65,0.66,0.34,0.35,0.01,0.01,77055.91,1777304546000
1777304549.459,149.459,0.65,0.66,0.34,0.35,0.01,0.01,77055.91,1777304546000
1777304549.829,149.829,0.63,0.64,0.34,0.37,0.01,0.03,77055.91,1777304546000
1777304550.217,150.217,0.63,0.64,0.36,0.37,0.01,0.01,77055.91,1777304546000
1777304550.599,150.599,0.6,0.63,0.37,0.4,0.03,0.03,77055.91,1777304546000
1777304550.959,150.959,0.59,0.6,0.4,0.41,0.01,0.01,77055.91,1777304546000
1777304551.295,151.295,0.59,0.6,0.4,0.41,0.01,0.01,77070.31,1777304549000
1777304551.655,151.655,0.59,0.6,0.4,0.41,0.01,0.01,77070.31,1777304549000
1777304552.236,152.236,0.59,0.6,0.4,0.41,0.01,0.01,77067.24,1777304551000
1777304552.629,152.629,0.59,0.6,0.4,0.41,0.01,0.01,77067.24,1777304551000
1777304552.992,152.992,0.59,0.6,0.4,0.41,0.01,0.01,77067.24,1777304551000
1777304553.326,153.326,0.59,0.6,0.4,0.41,0.01,0.01,77067.24,1777304551000
1777304553.876,153.876,0.59,0.6,0.4,0.41,0.01,0.01,77067.24,1777304551000
1777304554.292,154.292,0.59,0.6,0.4,0.41,0.01,0.01,77062.74,1777304553000
1777304554.649,154.649,0.59,0.6,0.4,0.41,0.01,0.01,77062.74,1777304553000
1777304555.037,155.037,0.59,0.6,0.4,0.41,0.01,0.01,77062.74,1777304553000
1777304555.537,155.537,0.59,0.6,0.4,0.41,0.01,0.01,77062.74,1777304553000
1777304555.888,155.888,0.64,0.65,0.37,0.38,0.01,0.01,77061.82,1777304554000
1777304556.26,156.26,0.65,0.67,0.33,0.36,0.02,0.03,77061.82,1777304554000
1777304556.682,156.682,0.65,0.67,0.33,0.35,0.02,0.02,77061.52,1777304555000
1777304557.018,157.018,0.67,0.68,0.32,0.33,0.01,0.01,77061.52,1777304555000
1777304557.396,157.396,0.69,0.7,0.3,0.31,0.01,0.01,77061.52,1777304555000
1777304557.768,157.768,0.69,0.7,0.3,0.31,0.01,0.01,77061.52,1777304555000
1777304558.252,158.252,0.69,0.71,0.3,0.31,0.02,0.01,77066.7,1777304556000
1777304558.705,158.705,0.71,0.72,0.28,0.29,0.01,0.01,77066.7,1777304556000
1777304559.128,159.128,0.72,0.73,0.27,0.28,0.01,0.01,77075.92,1777304558000
1777304559.466,159.466,0.72,0.74,0.27,0.28,0.02,0.01,77075.92,1777304558000
1777304559.826,159.826,0.73,0.74,0.25,0.27,0.01,0.02,77075.92,1777304558000
1777304560.178,160.178,0.75,0.76,0.24,0.25,0.01,0.01,77075.92,1777304558000
1777304560.528,160.528,0.75,0.76,0.24,0.25,0.01,0.01,77081.75,1777304559000
1777304561.013,161.013,0.75,0.76,0.24,0.25,0.01,0.01,77081.75,1777304559000
1777304561.631,161.631,0.75,0.76,0.24,0.25,0.01,0.01,77083.66,1777304560000
1777304562.071,162.071,0.75,0.76,0.24,0.25,0.01,0.01,77083.66,1777304560000
1777304562.485,162.485,0.75,0.76,0.24,0.25,0.01,0.01,77083.66,1777304560000
1777304562.859,162.859,0.75,0.76,0.24,0.25,0.01,0.01,77083.66,1777304560000
1777304563.216,163.216,0.75,0.76,0.24,0.25,0.01,0.01,77090.04,1777304561000
1777304563.611,163.611,0.75,0.76,0.24,0.25,0.01,0.01,77090.11,1777304562000
1777304564.081,164.081,0.75,0.76,0.24,0.25,0.01,0.01,77090.11,1777304562000
1777304564.433,164.433,0.7,0.71,0.29,0.3,0.01,0.01,77090.57,1777304563000
1777304564.95,164.95,0.7,0.71,0.29,0.3,0.01,0.01,77090.57,1777304563000
1777304565.327,165.327,0.71,0.72,0.28,0.29,0.01,0.01,77090.57,1777304563000
1777304565.707,165.707,0.72,0.73,0.27,0.28,0.01,0.01,77089.27,1777304564000
1777304566.041,166.041,0.73,0.74,0.26,0.27,0.01,0.01,77089.27,1777304564000
1777304566.483,166.483,0.74,0.75,0.25,0.26,0.01,0.01,77086.76,1777304565000
1777304566.921,166.921,0.74,0.75,0.25,0.26,0.01,0.01,77086.76,1777304565000
1777304567.299,167.299,0.72,0.75,0.25,0.27,0.03,0.02,77086.76,1777304565000
1777304567.687,167.687,0.72,0.73,0.27,0.28,0.01,0.01,77086.76,1777304565000
1777304568.196,168.196,0.7,0.72,0.27,0.29,0.02,0.02,77084.37,1777304566000
1777304568.834,168.834,0.7,0.71,0.29,0.3,0.01,0.01,77084.48,1777304567000
1777304569.265,169.265,0.7,0.71,0.29,0.3,0.01,0.01,77084.48,1777304567000
1777304569.797,169.797,0.7,0.71,0.29,0.3,0.01,0.01,77086.57,1777304568000
1777304570.149,170.149,0.63,0.65,0.35,0.37,0.02,0.02,77085.71,1777304569000
1777304570.588,170.588,0.63,0.64,0.36,0.37,0.01,0.01,77085.71,1777304569000
1777304570.925,170.925,0.63,0.66,0.34,0.37,0.03,0.03,77085.71,1777304569000
1777304571.471,171.471,0.68,0.69,0.34,0.36,0.01,0.02,77085.71,1777304569000
1777304571.837,171.837,0.68,0.69,0.31,0.32,0.01,0.01,77083.09,1777304570000
1777304572.198,172.198,0.68,0.69,0.31,0.32,0.01,0.01,77079.07,1777304571000
1777304572.532,172.532,0.64,0.65,0.35,0.36,0.01,0.01,77079.07,1777304571000
1777304573.016,173.016,0.64,0.65,0.35,0.36,0.01,0.01,77079.07,1777304571000
1777304573.649,173.649,0.64,0.65,0.35,0.36,0.01,0.01,77075.94,1777304572000
1777304574.032,174.032,0.66,0.67,0.33,0.35,0.01,0.02,77075.94,1777304572000
1777304574.403,174.403,0.66,0.67,0.33,0.34,0.01,0.01,77075.94,1777304572000
1777304574.942,174.942,0.66,0.67,0.33,0.34,0.01,0.01,77073.84,1777304574000
1777304575.276,175.276,0.64,0.67,0.33,0.36,0.03,0.03,77073.84,1777304574000
1777304575.902,175.902,0.65,0.66,0.34,0.35,0.01,0.01,77073.84,1777304574000
1777304576.411,176.411,0.65,0.66,0.34,0.35,0.01,0.01,77074.84,1777304575000
1777304576.807,176.807,0.63,0.65,0.35,0.36,0.02,0.01,77074.84,1777304575000
1777304577.154,177.154,0.64,0.65,0.35,0.36,0.01,0.01,77074.84,1777304575000
1777304577.502,177.502,0.64,0.65,0.35,0.36,0.01,0.01,77072.22,1777304576000
1777304578.24,178.24,0.64,0.65,0.35,0.36,0.01,0.01,77072.22,1777304576000
1777304578.579,178.579,0.63,0.65,0.35,0.37,0.02,0.02,77070.37,1777304577000
1777304579.062,179.062,0.63,0.64,0.35,0.37,0.01,0.02,77070.37,1777304577000
1777304579.402,179.402,0.63,0.64,0.36,0.37,0.01,0.01,77070.37,1777304578000
1777304579.742,179.742,0.61,0.62,0.37,0.39,0.01,0.02,77070.37,1777304578000
1777304580.283,180.283,0.61,0.62,0.38,0.39,0.01,0.01,77070.37,1777304578000
1777304580.736,180.736,0.53,0.54,0.46,0.47,0.01,0.01,77068.67,1777304579000
1777304581.072,181.072,0.53,0.54,0.46,0.47,0.01,0.01,77067.63,1777304580000
1777304581.416,181.416,0.51,0.54,0.46,0.49,0.03,0.03,77067.63,1777304580000
1777304581.771,181.771,0.52,0.53,0.47,0.48,0.01,0.01,77067.63,1777304580000
1777304582.258,182.258,0.51,0.52,0.48,0.49,0.01,0.01,77052.88,1777304581000
1777304582.818,182.818,0.51,0.52,0.48,0.49,0.01,0.01,77052.88,1777304581000
1777304583.182,183.182,0.5,0.51,0.49,0.5,0.01,0.01,77052.88,1777304581000
1777304583.516,183.516,0.5,0.51,0.49,0.5,0.01,0.01,77047.06,1777304582000
1777304583.979,183.979,0.5,0.51,0.49,0.5,0.01,0.01,77047.06,1777304582000
1777304584.456,184.456,0.51,0.52,0.48,0.49,0.01,0.01,77047.06,1777304582000
1777304584.803,184.803,0.49,0.51,0.49,0.51,0.02,0.02,77047.42,1777304583000
1777304585.138,185.138,0.44,0.46,0.54,0.56,0.02,0.02,77047.42,1777304583000
1777304585.477,185.477,0.44,0.45,0.55,0.56,0.01,0.01,77047.42,1777304583000
1777304585.935,185.935,0.45,0.46,0.54,0.55,0.01,0.01,77046.49,1777304584000
1777304586.272,186.272,0.46,0.47,0.53,0.54,0.01,0.01,77043.38,1777304585000
1777304586.606,186.606,0.47,0.48,0.52,0.53,0.01,0.01,77043.38,1777304585000
1777304586.96,186.96,0.47,0.48,0.52,0.53,0.01,0.01,77043.38,1777304585000
1777304587.356,187.356,0.47,0.48,0.52,0.53,0.01,0.01,77036.32,1777304586000
1777304587.736,187.736,0.47,0.48,0.52,0.53,0.01,0.01,77036.32,1777304586000
1777304588.084,188.084,0.46,0.47,0.52,0.54,0.01,0.02,77036.32,1777304586000
1777304588.447,188.447,0.45,0.46,0.53,0.55,0.01,0.02,77036.32,1777304586000
1777304588.889,188.889,0.46,0.47,0.53,0.55,0.01,0.02,77032.46,1777304587000
1777304589.222,189.222,0.46,0.47,0.53,0.54,0.01,0.01,77032.46,1777304587000
1777304589.566,189.566,0.46,0.47,0.53,0.54,0.01,0.01,77032.22,1777304588000
1777304589.931,189.931,0.46,0.47,0.53,0.54,0.01,0.01,77032.22,1777304588000
1777304590.311,190.311,0.46,0.51,0.53,0.54,0.05,0.01,77032.21,1777304589000
1777304590.645,190.645,0.48,0.49,0.51,0.52,0.01,0.01,77032.21,1777304589000
1777304590.998,190.998,0.5,0.51,0.49,0.5,0.01,0.01,77032.21,1777304589000
1777304591.335,191.335,0.48,0.51,0.49,0.5,0.03,0.01,77032.21,1777304589000
1777304591.689,191.689,0.51,0.52,0.48,0.49,0.01,0.01,77032.3,1777304590000
1777304592.023,192.023,0.51,0.52,0.48,0.49,0.01,0.01,77032.3,1777304590000
1777304592.361,192.361,0.52,0.53,0.47,0.48,0.01,0.01,77032.61,1777304591000
1777304592.79,192.79,0.52,0.53,0.47,0.48,0.01,0.01,77032.61,1777304591000
1777304593.22,193.22,0.53,0.54,0.46,0.47,0.01,0.01,77032.61,1777304591000
1777304593.563,193.563,0.54,0.56,0.43,0.44,0.02,0.01,77032.61,1777304591000
1777304593.912,193.912,0.55,0.56,0.44,0.45,0.01,0.01,77035.71,1777304592000
1777304594.267,194.267,0.57,0.58,0.42,0.44,0.01,0.02,77037.08,1777304593000
1777304594.617,194.617,0.58,0.59,0.41,0.42,0.01,0.01,77037.08,1777304593000
1777304594.963,194.963,0.57,0.59,0.41,0.43,0.02,0.02,77037.08,1777304593000
1777304595.392,195.392,0.58,0.59,0.41,0.42,0.01,0.01,77037.08,1777304593000
1777304595.886,195.886,0.57,0.59,0.41,0.43,0.02,0.02,77041.93,1777304594000
1777304596.224,196.224,0.61,0.62,0.38,0.39,0.01,0.01,77045.08,1777304595000
1777304596.59,196.59,0.61,0.62,0.38,0.4,0.01,0.02,77045.08,1777304595000
1777304596.932,196.932,0.61,0.62,0.38,0.39,0.01,0.01,77045.08,1777304595000
1777304597.332,197.332,0.61,0.62,0.38,0.39,0.01,0.01,77045.08,1777304595000
1777304597.771,197.771,0.61,0.62,0.38,0.39,0.01,0.01,77048.93,1777304596000
1777304598.156,198.156,0.61,0.62,0.38,0.39,0.01,0.01,77048.93,1777304596000
1777304598.546,198.546,0.62,0.63,0.37,0.39,0.01,0.02,77049.92,1777304597000
1777304598.91,198.91,0.63,0.64,0.36,0.38,0.01,0.02,77049.92,1777304597000
1777304599.257,199.257,0.64,0.65,0.34,0.37,0.01,0.03,77049.92,1777304598000
1777304599.64,199.64,0.64,0.65,0.35,0.36,0.01,0.01,77049.92,1777304598000
1777304600.001,200.001,0.68,0.69,0.33,0.34,0.01,0.01,77049.92,1777304598000
1777304600.409,200.409,0.7,0.71,0.29,0.31,0.01,0.02,77049.92,1777304598000
1777304600.764,200.764,0.66,0.7,0.3,0.34,0.04,0.04,77054.09,1777304599000
1777304601.172,201.172,0.63,0.65,0.34,0.37,0.02,0.03,77054.09,1777304599000
1777304601.586,201.586,0.62,0.64,0.36,0.37,0.02,0.01,77054.75,1777304600000
1777304601.93,201.93,0.63,0.64,0.36,0.37,0.01,0.01,77054.75,1777304600000
1777304602.279,202.279,0.61,0.64,0.36,0.39,0.03,0.03,77057.1,1777304601000
1777304602.672,202.672,0.6,0.61,0.39,0.4,0.01,0.01,77057.1,1777304601000
1777304603.032,203.032,0.6,0.61,0.39,0.4,0.01,0.01,77057.1,1777304601000
1777304603.663,203.663,0.6,0.61,0.39,0.4,0.01,0.01,77055.52,1777304602000
1777304604.331,204.331,0.58,0.6,0.4,0.41,0.02,0.01,77055.52,1777304602000
1777304604.745,204.745,0.58,0.65,0.35,0.42,0.07,0.07,77055.84,1777304603000
1777304605.085,205.085,0.61,0.64,0.36,0.37,0.03,0.01,77055.84,1777304603000
1777304605.426,205.426,0.63,0.69,0.31,0.37,0.06,0.06,77055.83,1777304604000
1777304605.779,205.779,0.67,0.7,0.31,0.34,0.03,0.03,77055.83,1777304604000
1777304606.123,206.123,0.69,0.7,0.3,0.31,0.01,0.01,77055.83,1777304604000
1777304606.464,206.464,0.69,0.7,0.3,0.31,0.01,0.01,77055.82,1777304605000
1777304606.825,206.825,0.69,0.7,0.3,0.31,0.01,0.01,77055.82,1777304605000
1777304607.168,207.168,0.69,0.7,0.29,0.31,0.01,0.02,77058.05,1777304606000
1777304607.654,207.654,0.69,0.7,0.3,0.31,0.01,0.01,77058.05,1777304606000
1777304608.065,208.065,0.69,0.71,0.3,0.31,0.02,0.01,77064.64,1777304607000
1777304608.426,208.426,0.69,0.71,0.29,0.31,0.02,0.02,77064.64,1777304607000
1777304608.907,208.907,0.69,0.73,0.29,0.31,0.04,0.02,77064.64,1777304607000
1777304609.304,209.304,0.7,0.75,0.27,0.3,0.05,0.03,77065.14,1777304608000
1777304609.64,209.64,0.73,0.74,0.24,0.28,0.01,0.04,77065.14,1777304608000
1777304609.978,209.978,0.74,0.75,0.25,0.29,0.01,0.04,77065.14,1777304608000
1777304610.312,210.312,0.74,0.75,0.25,0.26,0.01,0.01,77071.14,1777304609000
1777304610.671,210.671,0.77,0.78,0.22,0.23,0.01,0.01,77071.14,1777304609000
1777304611.013,211.013,0.77,0.78,0.22,0.23,0.01,0.01,77071.14,1777304609000
1777304611.435,211.435,0.76,0.77,0.22,0.23,0.01,0.01,77072.61,1777304610000
1777304611.939,211.939,0.75,0.76,0.24,0.25,0.01,0.01,77072.61,1777304610000
1777304612.283,212.283,0.76,0.77,0.23,0.25,0.01,0.02,77080.69,1777304611000
1777304612.646,212.646,0.77,0.79,0.22,0.24,0.02,0.02,77080.69,1777304611000
1777304612.999,212.999,0.79,0.8,0.2,0.21,0.01,0.01,77080.69,1777304611000
1777304613.48,213.48,0.79,0.8,0.2,0.21,0.01,0.01,77082.24,1777304612000
1777304613.822,213.822,0.76,0.78,0.22,0.24,0.02,0.02,77082.24,1777304612000
1777304614.183,214.183,0.74,0.75,0.25,0.26,0.01,0.01,77082.24,1777304612000
1777304614.532,214.532,0.74,0.75,0.25,0.26,0.01,0.01,77082.24,1777304612000
1777304614.891,214.891,0.74,0.75,0.25,0.26,0.01,0.01,77081.31,1777304613000
1777304615.251,215.251,0.73,0.74,0.26,0.27,0.01,0.01,77080.97,1777304614000
1777304615.595,215.595,0.72,0.74,0.26,0.28,0.02,0.02,77080.97,1777304614000
1777304615.961,215.961,0.72,0.73,0.27,0.28,0.01,0.01,77080.97,1777304614000
1777304616.369,216.369,0.66,0.67,0.3,0.32,0.01,0.02,77080.97,1777304614000
1777304616.716,216.716,0.65,0.66,0.34,0.35,0.01,0.01,77079.89,1777304615000
1777304617.066,217.066,0.65,0.66,0.34,0.35,0.01,0.01,77079.89,1777304615000
1777304617.459,217.459,0.64,0.65,0.35,0.36,0.01,0.01,77079.28,1777304616000
1777304617.805,217.805,0.63,0.65,0.35,0.36,0.02,0.01,77079.28,1777304616000
1777304618.188,218.188,0.63,0.64,0.36,0.37,0.01,0.01,77079.28,1777304616000
1777304618.536,218.536,0.61,0.63,0.37,0.38,0.02,0.01,77079.28,1777304616000
1777304618.918,218.918,0.61,0.62,0.38,0.39,0.01,0.01,77071.23,1777304617000
1777304619.251,219.251,0.61,0.62,0.38,0.39,0.01,0.01,77068.25,1777304618000
1777304619.624,219.624,0.57,0.58,0.41,0.43,0.01,0.02,77068.25,1777304618000
1777304619.964,219.964,0.57,0.58,0.42,0.43,0.01,0.01,77068.25,1777304618000
1777304620.307,220.307,0.57,0.58,0.42,0.43,0.01,0.01,77068.25,1777304618000
1777304620.681,220.681,0.53,0.54,0.46,0.47,0.01,0.01,77064.52,1777304619000
1777304621.025,221.025,0.53,0.54,0.46,0.47,0.01,0.01,77064.52,1777304619000
1777304621.366,221.366,0.53,0.56,0.44,0.47,0.03,0.03,77061.11,1777304620000
1777304621.846,221.846,0.6,0.64,0.38,0.42,0.04,0.04,77061.11,1777304620000
1777304622.216,222.216,0.61,0.62,0.38,0.39,0.01,0.01,77060.43,1777304621000
1777304622.574,222.574,0.61,0.62,0.38,0.39,0.01,0.01,77060.43,1777304621000
1777304622.939,222.939,0.61,0.62,0.38,0.39,0.01,0.01,77060.43,1777304621000
1777304623.3,223.3,0.6,0.61,0.39,0.4,0.01,0.01,77060.43,1777304621000
1777304623.726,223.726,0.59,0.6,0.4,0.41,0.01,0.01,77056.7,1777304622000
1777304624.116,224.116,0.57,0.58,0.4,0.45,0.01,0.05,77056.7,1777304622000
1777304624.461,224.461,0.53,0.57,0.43,0.47,0.04,0.04,77056.7,1777304622000
1777304624.821,224.821,0.55,0.56,0.44,0.45,0.01,0.01,77056.7,1777304622000
1777304625.245,225.245,0.54,0.55,0.45,0.46,0.01,0.01,77057.69,1777304623000
1777304625.585,225.585,0.54,0.55,0.45,0.46,0.01,0.01,77057.69,1777304623000
1777304626.14,226.14,0.56,0.57,0.43,0.44,0.01,0.01,77055.5,1777304624000
1777304626.479,226.479,0.57,0.58,0.42,0.43,0.01,0.01,77055.38,1777304625000
1777304626.831,226.831,0.58,0.59,0.41,0.42,0.01,0.01,77055.38,1777304625000
1777304627.31,227.31,0.58,0.59,0.41,0.42,0.01,0.01,77055.12,1777304626000
1777304627.66,227.66,0.58,0.59,0.41,0.42,0.01,0.01,77055.12,1777304626000
1777304628.165,228.165,0.59,0.6,0.4,0.42,0.01,0.02,77055.12,1777304626000
1777304628.579,228.579,0.59,0.61,0.4,0.41,0.02,0.01,77055.12,1777304626000
1777304628.922,228.922,0.6,0.61,0.39,0.4,0.01,0.01,77055.04,1777304627000
1777304629.285,229.285,0.61,0.62,0.38,0.39,0.01,0.01,77055.04,1777304627000
1777304629.631,229.631,0.61,0.63,0.38,0.39,0.02,0.01,77054.48,1777304628000
1777304629.99,229.99,0.62,0.63,0.37,0.38,0.01,0.01,77054.48,1777304628000
1777304630.474,230.474,0.62,0.63,0.37,0.38,0.01,0.01,77055.02,1777304629000
1777304630.861,230.861,0.69,0.7,0.3,0.32,0.01,0.02,77055.02,1777304629000
1777304631.353,231.353,0.7,0.72,0.28,0.3,0.02,0.02,77055.02,1777304629000
1777304632.103,232.103,0.72,0.73,0.28,0.3,0.01,0.02,77056.56,1777304630000
1777304632.675,232.675,0.72,0.75,0.25,0.28,0.03,0.03,77060.82,1777304631000
1777304633.022,233.022,0.73,0.74,0.26,0.27,0.01,0.01,77060.82,1777304631000
1777304633.415,233.415,0.72,0.73,0.27,0.28,0.01,0.01,77063.11,1777304632000
1777304633.857,233.857,0.71,0.72,0.28,0.29,0.01,0.01,77063.11,1777304632000
1777304634.268,234.268,0.71,0.72,0.28,0.29,0.01,0.01,77063.11,1777304632000
1777304634.673,234.673,0.71,0.72,0.28,0.29,0.01,0.01,77066.24,1777304633000
1777304635.395,235.395,0.69,0.7,0.3,0.31,0.01,0.01,77066.24,1777304633000
1777304635.837,235.837,0.69,0.72,0.3,0.31,0.03,0.01,77065.57,1777304634000
1777304636.295,236.295,0.69,0.7,0.3,0.31,0.01,0.01,77065.51,1777304635000
1777304636.646,236.646,0.71,0.72,0.28,0.29,0.01,0.01,77065.51,1777304635000
1777304637.031,237.031,0.71,0.72,0.28,0.29,0.01,0.01,77065.51,1777304635000
1777304637.699,237.699,0.71,0.72,0.28,0.29,0.01,0.01,77065.36,1777304636000
1777304638.159,238.159,0.65,0.71,0.28,0.3,0.06,0.02,77065.36,1777304636000
1777304638.807,238.807,0.66,0.67,0.32,0.33,0.01,0.01,77066.49,1777304637000
1777304639.343,239.343,0.66,0.67,0.33,0.34,0.01,0.01,77066.49,1777304637000
1777304639.698,239.698,0.67,0.68,0.32,0.34,0.01,0.02,77065.79,1777304638000
1777304640.208,240.208,0.69,0.7,0.3,0.31,0.01,0.01,77065.79,1777304638000
1777304640.55,240.55,0.69,0.7,0.3,0.31,0.01,0.01,77065.42,1777304639000
1777304640.967,240.967,0.69,0.7,0.3,0.31,0.01,0.01,77065.42,1777304639000
1777304641.569,241.569,0.69,0.7,0.3,0.31,0.01,0.01,77065.42,1777304639000
1777304641.902,241.902,0.7,0.71,0.29,0.3,0.01,0.01,77065.92,1777304640000
1777304642.371,242.371,0.71,0.72,0.28,0.29,0.01,0.01,77066.0,1777304641000
1777304642.885,242.885,0.72,0.73,0.27,0.29,0.01,0.02,77066.0,1777304641000
1777304643.251,243.251,0.7,0.71,0.28,0.3,0.01,0.02,77066.09,1777304642000
1777304643.593,243.593,0.7,0.71,0.29,0.3,0.01,0.01,77066.09,1777304642000
1777304643.939,243.939,0.69,0.7,0.3,0.31,0.01,0.01,77066.09,1777304642000
1777304644.329,244.329,0.7,0.71,0.29,0.31,0.01,0.02,77066.09,1777304642000
1777304644.677,244.677,0.7,0.71,0.29,0.3,0.01,0.01,77066.08,1777304643000
1777304645.016,245.016,0.69,0.71,0.29,0.3,0.02,0.01,77066.08,1777304643000
1777304645.395,245.395,0.69,0.7,0.3,0.31,0.01,0.01,77066.08,1777304643000
1777304645.811,245.811,0.68,0.69,0.31,0.32,0.01,0.01,77064.48,1777304644000
1777304646.191,246.191,0.66,0.68,0.31,0.33,0.02,0.02,77064.48,1777304644000
1777304646.562,246.562,0.61,0.63,0.37,0.38,0.02,0.01,77064.48,1777304644000
1777304646.983,246.983,0.6,0.62,0.37,0.42,0.02,0.05,77064.48,1777304644000
1777304647.323,247.323,0.54,0.6,0.39,0.45,0.06,0.06,77064.48,1777304644000
1777304647.842,247.842,0.56,0.57,0.43,0.44,0.01,0.01,77057.21,1777304646000
1777304648.185,248.185,0.56,0.58,0.43,0.44,0.02,0.01,77057.21,1777304646000
1777304648.618,248.618,0.57,0.58,0.42,0.43,0.01,0.01,77061.2,1777304647000
1777304649.129,249.129,0.58,0.59,0.41,0.42,0.01,0.01,77061.2,1777304647000
1777304649.588,249.588,0.6,0.61,0.4,0.41,0.01,0.01,77063.24,1777304648000
1777304649.993,249.993,0.62,0.66,0.37,0.38,0.04,0.01,77063.24,1777304648000
1777304650.552,250.552,0.68,0.69,0.3,0.32,0.01,0.02,77063.24,1777304648000
1777304650.979,250.979,0.68,0.69,0.3,0.32,0.01,0.02,77068.08,1777304649000
1777304651.317,251.317,0.7,0.77,0.29,0.3,0.07,0.01,77068.4,1777304650000
1777304651.662,251.662,0.76,0.77,0.23,0.24,0.01,0.01,77068.4,1777304650000
1777304652.07,252.07,0.76,0.77,0.23,0.24,0.01,0.01,77068.4,1777304650000
1777304652.41,252.41,0.76,0.78,0.22,0.24,0.02,0.02,77068.4,1777304650000
1777304652.76,252.76,0.78,0.79,0.21,0.22,0.01,0.01,77069.32,1777304651000
1777304653.1,253.1,0.82,0.83,0.17,0.19,0.01,0.02,77069.32,1777304651000
1777304653.478,253.478,0.84,0.85,0.15,0.16,0.01,0.01,77069.33,1777304652000
1777304653.816,253.816,0.8,0.84,0.16,0.2,0.04,0.04,77069.33,1777304652000
1777304654.174,254.174,0.71,0.72,0.27,0.28,0.01,0.01,77069.33,1777304652000
1777304654.8,254.8,0.7,0.71,0.28,0.3,0.01,0.02,77071.22,1777304653000
1777304655.171,255.171,0.7,0.71,0.29,0.3,0.01,0.01,77071.22,1777304653000
1777304655.553,255.553,0.63,0.72,0.28,0.37,0.09,0.09,77071.21,1777304654000
1777304655.887,255.887,0.54,0.64,0.36,0.46,0.1,0.1,77071.21,1777304654000
1777304656.227,256.227,0.54,0.62,0.45,0.46,0.08,0.01,77071.21,1777304654000
1777304656.665,256.665,0.55,0.56,0.45,0.46,0.01,0.01,77069.2,1777304655000
1777304657.138,257.138,0.54,0.56,0.44,0.45,0.02,0.01,77069.2,1777304655000
1777304657.496,257.496,0.48,0.49,0.51,0.52,0.01,0.01,77069.2,1777304655000
1777304657.852,257.852,0.47,0.48,0.52,0.53,0.01,0.01,77056.38,1777304656000
1777304658.198,258.198,0.47,0.48,0.52,0.53,0.01,0.01,77054.87,1777304657000
1777304658.532,258.532,0.47,0.48,0.52,0.53,0.01,0.01,77054.87,1777304657000
1777304659.076,259.076,0.45,0.46,0.52,0.53,0.01,0.01,77054.87,1777304657000
1777304659.444,259.444,0.45,0.46,0.54,0.55,0.01,0.01,77047.63,1777304658000
1777304659.861,259.861,0.4,0.41,0.57,0.6,0.01,0.03,77047.63,1777304658000
1777304660.211,260.211,0.42,0.43,0.57,0.58,0.01,0.01,77047.63,1777304658000
1777304660.602,260.602,0.45,0.46,0.54,0.55,0.01,0.01,77045.45,1777304659000
1777304660.943,260.943,0.5,0.51,0.48,0.53,0.01,0.05,77045.45,1777304659000
1777304661.311,261.311,0.5,0.51,0.49,0.5,0.01,0.01,77041.85,1777304660000
1777304661.879,261.879,0.52,0.53,0.47,0.49,0.01,0.02,77041.85,1777304660000
1777304662.262,262.262,0.52,0.53,0.47,0.48,0.01,0.01,77043.03,1777304661000
1777304662.705,262.705,0.52,0.53,0.47,0.48,0.01,0.01,77043.03,1777304661000
1777304663.04,263.04,0.52,0.53,0.47,0.48,0.01,0.01,77043.03,1777304661000
1777304663.541,263.541,0.53,0.54,0.46,0.48,0.01,0.02,77043.03,1777304661000
1777304663.947,263.947,0.44,0.55,0.46,0.47,0.11,0.01,77042.83,1777304662000
1777304664.538,264.538,0.54,0.55,0.45,0.47,0.01,0.02,77042.83,1777304662000
1777304664.908,264.908,0.58,0.59,0.38,0.42,0.01,0.04,77044.52,1777304663000
1777304665.265,265.265,0.61,0.62,0.37,0.39,0.01,0.02,77044.52,1777304663000
1777304665.822,265.822,0.62,0.63,0.37,0.38,0.01,0.01,77044.52,1777304663000
1777304666.165,266.165,0.46,0.64,0.36,0.37,0.18,0.01,77043.91,1777304664000
1777304666.549,266.549,0.56,0.58,0.42,0.43,0.02,0.01,77044.32,1777304665000
1777304666.884,266.884,0.55,0.56,0.44,0.45,0.01,0.01,77044.32,1777304665000
1777304667.393,267.393,0.54,0.55,0.44,0.46,0.01,0.02,77044.32,1777304665000
1777304667.76,267.76,0.48,0.49,0.5,0.52,0.01,0.02,77044.32,1777304665000
1777304668.168,268.168,0.48,0.49,0.51,0.52,0.01,0.01,77048.4,1777304666000
1777304668.502,268.502,0.47,0.48,0.51,0.52,0.01,0.01,77048.4,1777304666000
1777304668.876,268.876,0.47,0.48,0.52,0.53,0.01,0.01,77048.4,1777304667000
1777304669.34,269.34,0.47,0.48,0.52,0.53,0.01,0.01,77048.4,1777304667000
1777304669.804,269.804,0.47,0.48,0.52,0.53,0.01,0.01,77045.93,1777304668000
1777304670.22,270.22,0.47,0.48,0.52,0.53,0.01,0.01,77045.93,1777304668000
1777304670.63,270.63,0.47,0.48,0.52,0.54,0.01,0.02,77044.9,1777304669000
1777304671.088,271.088,0.46,0.47,0.53,0.54,0.01,0.01,77044.9,1777304669000
1777304671.454,271.454,0.47,0.48,0.52,0.53,0.01,0.01,77044.9,1777304669000
1777304671.919,271.919,0.5,0.51,0.49,0.5,0.01,0.01,77043.98,1777304670000
1777304672.399,272.399,0.5,0.52,0.48,0.5,0.02,0.02,77043.92,1777304671000
1777304672.746,272.746,0.51,0.53,0.48,0.49,0.02,0.01,77043.92,1777304671000
1777304673.088,273.088,0.52,0.53,0.47,0.48,0.01,0.01,77043.92,1777304671000
1777304673.524,273.524,0.53,0.54,0.46,0.47,0.01,0.01,77044.21,1777304672000
1777304673.946,273.946,0.53,0.54,0.45,0.47,0.01,0.02,77044.21,1777304672000
1777304674.299,274.299,0.4,0.41,0.58,0.6,0.01,0.02,77044.21,1777304672000
1777304674.644,274.644,0.37,0.38,0.62,0.63,0.01,0.01,77044.21,1777304672000
1777304675.031,275.031,0.36,0.37,0.63,0.64,0.01,0.01,77044.17,1777304673000
1777304675.375,275.375,0.36,0.37,0.63,0.64,0.01,0.01,77044.17,1777304673000
1777304675.716,275.716,0.34,0.35,0.65,0.66,0.01,0.01,77044.17,1777304673000
1777304676.093,276.093,0.34,0.35,0.65,0.66,0.01,0.01,77044.17,1777304674000
1777304676.431,276.431,0.3,0.32,0.68,0.69,0.02,0.01,77041.62,1777304675000
1777304676.767,276.767,0.24,0.25,0.75,0.76,0.01,0.01,77041.62,1777304675000
1777304677.101,277.101,0.26,0.27,0.73,0.75,0.01,0.02,77038.77,1777304676000
1777304677.456,277.456,0.27,0.28,0.72,0.73,0.01,0.01,77038.77,1777304676000
1777304677.877,277.877,0.27,0.28,0.72,0.73,0.01,0.01,77038.77,1777304676000
1777304678.233,278.233,0.27,0.29,0.72,0.73,0.02,0.01,77038.77,1777304676000
1777304678.568,278.568,0.27,0.28,0.72,0.73,0.01,0.01,77038.77,1777304676000
1777304678.957,278.957,0.26,0.27,0.73,0.74,0.01,0.01,77034.89,1777304677000
1777304679.318,279.318,0.23,0.24,0.75,0.77,0.01,0.02,77032.48,1777304678000
1777304679.681,279.681,0.22,0.23,0.76,0.77,0.01,0.01,77032.48,1777304678000
1777304680.12,280.12,0.21,0.22,0.78,0.79,0.01,0.01,77032.48,1777304678000
1777304680.49,280.49,0.2,0.22,0.78,0.79,0.02,0.01,77032.48,1777304678000
1777304680.842,280.842,0.2,0.21,0.79,0.8,0.01,0.01,77032.5,1777304679000
1777304681.18,281.18,0.1,0.21,0.79,0.8,0.11,0.01,77032.5,1777304679000
1777304681.624,281.624,0.14,0.19,0.81,0.82,0.05,0.01,77032.5,1777304679000
1777304681.974,281.974,0.14,0.15,0.85,0.86,0.01,0.01,77030.9,1777304680000
1777304682.357,282.357,0.17,0.18,0.82,0.83,0.01,0.01,77029.87,1777304681000
1777304682.769,282.769,0.17,0.18,0.82,0.83,0.01,0.01,77029.87,1777304681000
1777304683.152,283.152,0.18,0.19,0.82,0.83,0.01,0.01,77029.87,1777304681000
1777304683.503,283.503,0.31,0.32,0.67,0.82,0.01,0.15,77029.91,1777304682000
1777304683.847,283.847,0.31,0.32,0.68,0.69,0.01,0.01,77029.91,1777304682000
1777304684.19,284.19,0.28,0.29,0.71,0.72,0.01,0.01,77029.91,1777304682000
1777304684.537,284.537,0.28,0.29,0.71,0.72,0.01,0.01,77029.12,1777304683000
1777304684.899,284.899,0.35,0.36,0.66,0.72,0.01,0.06,77029.12,1777304683000
1777304685.26,285.26,0.48,0.52,0.48,0.52,0.04,0.04,77029.12,1777304684000
1777304685.622,285.622,0.55,0.56,0.44,0.46,0.01,0.02,77029.12,1777304684000
1777304685.969,285.969,0.55,0.56,0.44,0.45,0.01,0.01,77029.12,1777304684000
1777304686.357,286.357,0.54,0.55,0.45,0.46,0.01,0.01,77031.11,1777304685000
1777304686.807,286.807,0.48,0.55,0.45,0.52,0.07,0.07,77031.11,1777304685000
1777304687.174,287.174,0.4,0.41,0.59,0.6,0.01,0.01,77038.05,1777304686000
1777304687.673,287.673,0.35,0.39,0.59,0.62,0.04,0.03,77038.05,1777304686000
1777304688.083,288.083,0.34,0.35,0.65,0.66,0.01,0.01,77038.05,1777304686000
1777304688.45,288.45,0.3,0.33,0.67,0.7,0.03,0.03,77038.05,1777304686000
1777304688.933,288.933,0.31,0.32,0.67,0.7,0.01,0.03,77040.5,1777304687000
1777304689.509,289.509,0.37,0.38,0.63,0.66,0.01,0.03,77040.5,1777304687000
1777304689.856,289.856,0.37,0.38,0.62,0.63,0.01,0.01,77038.73,1777304688000
1777304690.366,290.366,0.38,0.4,0.6,0.62,0.02,0.02,77038.73,1777304689000
1777304690.755,290.755,0.2,0.21,0.78,0.8,0.01,0.02,77038.73,1777304689000
1777304691.106,291.106,0.3,0.32,0.68,0.7,0.02,0.02,77040.43,1777304690000
1777304691.451,291.451,0.54,0.55,0.45,0.46,0.01,0.01,77040.43,1777304690000
1777304691.879,291.879,0.39,0.4,0.49,0.63,0.01,0.14,77040.43,1777304690000
1777304692.233,292.233,0.67,0.68,0.32,0.33,0.01,0.01,77040.05,1777304691000
1777304692.7,292.7,0.5,0.56,0.42,0.43,0.06,0.01,77040.05,1777304691000
1777304693.081,293.081,0.51,0.52,0.48,0.5,0.01,0.02,77040.05,1777304691000
1777304693.416,293.416,0.52,0.57,0.42,0.47,0.05,0.05,77039.44,1777304692000
1777304693.804,293.804,0.49,0.5,0.5,0.51,0.01,0.01,77039.44,1777304692000
1777304694.257,294.257,0.53,0.55,0.45,0.51,0.02,0.06,77039.44,1777304692000
1777304694.639,294.639,0.45,0.46,0.54,0.55,0.01,0.01,77040.29,1777304693000
1777304694.972,294.972,0.44,0.79,0.41,0.56,0.35,0.15,77040.29,1777304693000
1777304695.325,295.325,0.53,0.63,0.36,0.48,0.1,0.12,77040.29,1777304693000
1777304695.7,295.7,0.42,0.43,0.57,0.58,0.01,0.01,77041.0,1777304694000
1777304696.073,296.073,0.42,0.52,0.57,0.58,0.1,0.01,77041.07,1777304695000
1777304696.407,296.407,0.43,0.44,0.56,0.57,0.01,0.01,77041.07,1777304695000
1777304696.797,296.797,0.4,0.41,0.58,0.6,0.01,0.02,77041.07,1777304695000
1777304697.202,297.202,0.44,0.45,0.55,0.56,0.01,0.01,77041.07,1777304695000
1777304697.581,297.581,0.46,0.47,0.53,0.54,0.01,0.01,77041.07,1777304695000
1777304697.939,297.939,0.46,0.33,0.53,0.54,-0.13,0.01,77041.7,1777304696000
1777304698.282,298.282,0.42,0.46,0.56,0.85,0.04,0.29,77041.71,1777304697000
1777304698.648,298.648,0.27,0.01,0.99,0.73,-0.26,-0.26,77041.71,1777304697000
1777304699.059,299.059,0.72,0.78,0.21,0.43,0.06,0.22,77041.71,1777304697000
1777304699.409,299.409,0.77,0.79,0.21,0.24,0.02,0.03,77042.07,1777304698000
1777304699.743,299.743,0.78,0.79,0.21,0.23,0.01,0.02,77042.07,1777304698000
1777304700.119,300.119,0.52,0.79,0.21,0.45,0.27,0.24,77042.07,1777304698000
1777304700.508,300.508,0.57,0.61,0.23,0.43,0.04,0.2,77043.39,1777304699000
1777304700.848,300.848,0.01,0.03,0.97,0.99,0.02,0.02,77043.39,1777304699000
1777304701.653,301.653,0.01,0.03,0.97,0.99,0.02,0.02,77047.8,1777304700000
1777304702.106,302.106,0.01,0.03,0.97,0.99,0.02,0.02,77047.91,1777304701000

# RESULT,winner=Up,slug=btc-updown-5m-1777304400,ticks=707
