timestamp,elapsed_sec,up_bid,up_ask,down_bid,down_ask,up_spread,down_spread,btc_price,btc_oracle_ts
1776198300.515,0.515,0.52,0.53,0.46,0.47,0.01,0.01,74225.23,1776198299000
1776198300.988,0.988,0.53,0.54,0.46,0.47,0.01,0.01,74225.23,1776198299000
1776198301.372,1.372,0.53,0.54,0.46,0.47,0.01,0.01,74224.99,1776198300000
1776198301.716,1.716,0.53,0.54,0.46,0.47,0.01,0.01,74224.99,1776198300000
1776198302.123,2.123,0.54,0.55,0.45,0.46,0.01,0.01,74226.11,1776198301000
1776198302.463,2.463,0.54,0.55,0.45,0.46,0.01,0.01,74226.11,1776198301000
1776198303.034,3.034,0.54,0.55,0.45,0.46,0.01,0.01,74226.11,1776198301000
1776198303.387,3.387,0.54,0.55,0.45,0.46,0.01,0.01,74224.23,1776198302000
1776198303.897,3.897,0.54,0.55,0.45,0.46,0.01,0.01,74224.23,1776198302000
1776198304.234,4.234,0.54,0.55,0.45,0.46,0.01,0.01,74224.09,1776198303000
1776198304.642,4.642,0.54,0.55,0.45,0.46,0.01,0.01,74224.09,1776198303000
1776198304.978,4.978,0.49,0.52,0.46,0.5,0.03,0.04,74224.09,1776198303000
1776198305.317,5.317,0.45,0.46,0.54,0.55,0.01,0.01,74224.09,1776198303000
1776198305.75,5.75,0.45,0.46,0.54,0.55,0.01,0.01,74224.09,1776198303000
1776198306.131,6.131,0.45,0.46,0.54,0.55,0.01,0.01,74224.66,1776198304000
1776198306.517,6.517,0.45,0.46,0.54,0.55,0.01,0.01,74224.66,1776198304000
1776198306.861,6.861,0.45,0.46,0.54,0.55,0.01,0.01,74222.68,1776198305000
1776198307.324,7.324,0.46,0.47,0.54,0.55,0.01,0.01,74222.68,1776198305000
1776198307.747,7.747,0.47,0.48,0.53,0.54,0.01,0.01,74218.56,1776198306000
1776198308.103,8.103,0.47,0.48,0.52,0.53,0.01,0.01,74218.56,1776198306000
1776198308.551,8.551,0.49,0.5,0.5,0.53,0.01,0.03,74218.51,1776198307000
1776198309.175,9.175,0.48,0.5,0.5,0.51,0.02,0.01,74218.51,1776198307000
1776198309.512,9.512,0.48,0.49,0.51,0.52,0.01,0.01,74218.51,1776198307000
1776198309.955,9.955,0.43,0.44,0.54,0.57,0.01,0.03,74218.52,1776198308000
1776198310.298,10.298,0.43,0.44,0.56,0.57,0.01,0.01,74218.52,1776198308000
1776198310.741,10.741,0.42,0.44,0.56,0.57,0.02,0.01,74219.26,1776198309000
1776198311.097,11.097,0.42,0.44,0.56,0.58,0.02,0.02,74219.26,1776198309000
1776198311.502,11.502,0.42,0.43,0.57,0.58,0.01,0.01,74215.85,1776198310000
1776198311.926,11.926,0.42,0.43,0.57,0.58,0.01,0.01,74215.85,1776198310000
1776198312.657,12.657,0.41,0.42,0.57,0.59,0.01,0.02,74215.85,1776198310000
1776198313.292,13.292,0.41,0.42,0.58,0.59,0.01,0.01,74206.95,1776198311000
1776198313.633,13.633,0.41,0.42,0.56,0.59,0.01,0.03,74205.98,1776198312000
1776198314.012,14.012,0.41,0.42,0.58,0.59,0.01,0.01,74205.98,1776198312000
1776198314.528,14.528,0.41,0.42,0.58,0.59,0.01,0.01,74204.46,1776198313000
1776198315.022,15.022,0.41,0.42,0.58,0.59,0.01,0.01,74204.46,1776198313000
1776198315.377,15.377,0.41,0.42,0.58,0.59,0.01,0.01,74204.46,1776198313000
1776198315.784,15.784,0.41,0.42,0.58,0.59,0.01,0.01,74203.75,1776198314000
1776198316.203,16.203,0.41,0.42,0.58,0.59,0.01,0.01,74204.31,1776198315000
1776198316.606,16.606,0.41,0.42,0.58,0.59,0.01,0.01,74204.31,1776198315000
1776198317.188,17.188,0.42,0.43,0.57,0.58,0.01,0.01,74204.31,1776198315000
1776198317.529,17.529,0.42,0.43,0.57,0.58,0.01,0.01,74204.35,1776198316000
1776198317.874,17.874,0.43,0.45,0.55,0.58,0.02,0.03,74204.35,1776198316000
1776198318.257,18.257,0.44,0.45,0.55,0.56,0.01,0.01,74204.35,1776198317000
1776198318.591,18.591,0.44,0.45,0.55,0.56,0.01,0.01,74204.35,1776198317000
1776198319.048,19.048,0.44,0.45,0.55,0.56,0.01,0.01,74204.35,1776198317000
1776198319.409,19.409,0.44,0.45,0.55,0.56,0.01,0.01,74204.35,1776198317000
1776198319.8,19.8,0.44,0.45,0.55,0.56,0.01,0.01,74205.38,1776198318000
1776198320.216,20.216,0.44,0.45,0.55,0.56,0.01,0.01,74205.38,1776198318000
1776198320.854,20.854,0.44,0.45,0.55,0.56,0.01,0.01,74205.43,1776198319000
1776198321.25,21.25,0.44,0.45,0.55,0.56,0.01,0.01,74206.16,1776198320000
1776198321.709,21.709,0.45,0.46,0.54,0.56,0.01,0.02,74206.16,1776198320000
1776198322.047,22.047,0.45,0.46,0.54,0.55,0.01,0.01,74206.16,1776198320000
1776198322.744,22.744,0.45,0.46,0.54,0.55,0.01,0.01,74206.07,1776198321000
1776198323.262,23.262,0.45,0.46,0.54,0.55,0.01,0.01,74206.07,1776198321000
1776198323.682,23.682,0.45,0.46,0.54,0.55,0.01,0.01,74206.34,1776198322000
1776198324.074,24.074,0.45,0.46,0.54,0.55,0.01,0.01,74206.34,1776198322000
1776198324.485,24.485,0.45,0.46,0.54,0.55,0.01,0.01,74208.18,1776198323000
1776198324.971,24.971,0.45,0.46,0.54,0.55,0.01,0.01,74208.18,1776198323000
1776198325.53,25.53,0.45,0.46,0.54,0.55,0.01,0.01,74208.17,1776198324000
1776198326.177,26.177,0.45,0.46,0.54,0.55,0.01,0.01,74208.17,1776198324000
1776198326.517,26.517,0.45,0.46,0.54,0.55,0.01,0.01,74206.35,1776198325000
1776198327.207,27.207,0.45,0.46,0.54,0.55,0.01,0.01,74206.35,1776198325000
1776198327.811,27.811,0.45,0.46,0.54,0.55,0.01,0.01,74207.21,1776198326000
1776198328.201,28.201,0.45,0.46,0.54,0.55,0.01,0.01,74207.21,1776198326000
1776198328.573,28.573,0.45,0.46,0.54,0.55,0.01,0.01,74208.5,1776198327000
1776198328.967,28.967,0.45,0.46,0.54,0.55,0.01,0.01,74208.5,1776198327000
1776198329.311,29.311,0.45,0.46,0.54,0.55,0.01,0.01,74208.5,1776198327000
1776198329.713,29.713,0.45,0.46,0.54,0.55,0.01,0.01,74209.72,1776198328000
1776198330.046,30.046,0.45,0.46,0.54,0.55,0.01,0.01,74209.72,1776198328000
1776198330.383,30.383,0.45,0.46,0.54,0.55,0.01,0.01,74209.83,1776198329000
1776198330.717,30.717,0.45,0.46,0.54,0.55,0.01,0.01,74209.83,1776198329000
1776198331.132,31.132,0.45,0.46,0.54,0.55,0.01,0.01,74209.83,1776198330000
1776198331.593,31.593,0.47,0.48,0.52,0.54,0.01,0.02,74209.83,1776198330000
1776198331.928,31.928,0.47,0.48,0.52,0.53,0.01,0.01,74210.75,1776198331000
1776198332.263,32.263,0.47,0.48,0.52,0.53,0.01,0.01,74210.75,1776198331000
1776198332.875,32.875,0.47,0.48,0.52,0.53,0.01,0.01,74210.75,1776198331000
1776198333.229,33.229,0.47,0.48,0.52,0.53,0.01,0.01,74210.75,1776198332000
1776198333.638,33.638,0.47,0.48,0.52,0.53,0.01,0.01,74210.75,1776198332000
1776198334.049,34.049,0.47,0.48,0.52,0.53,0.01,0.01,74213.24,1776198333000
1776198334.434,34.434,0.47,0.48,0.52,0.53,0.01,0.01,74213.24,1776198333000
1776198335.433,35.433,0.47,0.48,0.52,0.53,0.01,0.01,74213.24,1776198333000
1776198335.79,35.79,0.47,0.48,0.52,0.53,0.01,0.01,74214.44,1776198334000
1776198336.511,36.511,0.47,0.48,0.52,0.53,0.01,0.01,74214.44,1776198334000
1776198336.889,36.889,0.47,0.48,0.52,0.53,0.01,0.01,74215.14,1776198335000
1776198337.295,37.295,0.47,0.48,0.52,0.53,0.01,0.01,74215.15,1776198336000
1776198337.644,37.644,0.47,0.48,0.52,0.53,0.01,0.01,74215.15,1776198336000
1776198338.676,38.676,0.48,0.49,0.51,0.53,0.01,0.02,74215.15,1776198336000
1776198339.185,39.185,0.48,0.49,0.51,0.52,0.01,0.01,74215.15,1776198337000
1776198339.613,39.613,0.48,0.49,0.51,0.52,0.01,0.01,74215.21,1776198338000
1776198340.088,40.088,0.48,0.49,0.51,0.52,0.01,0.01,74215.22,1776198339000
1776198340.512,40.512,0.48,0.49,0.51,0.52,0.01,0.01,74215.22,1776198339000
1776198340.864,40.864,0.48,0.49,0.51,0.52,0.01,0.01,74215.22,1776198339000
1776198341.239,41.239,0.48,0.49,0.51,0.52,0.01,0.01,74215.22,1776198339000
1776198341.772,41.772,0.48,0.49,0.51,0.52,0.01,0.01,74215.22,1776198340000
1776198342.344,42.344,0.48,0.49,0.51,0.52,0.01,0.01,74215.22,1776198341000
1776198342.849,42.849,0.48,0.49,0.51,0.52,0.01,0.01,74215.22,1776198341000
1776198343.241,43.241,0.46,0.47,0.53,0.54,0.01,0.01,74215.22,1776198342000
1776198343.679,43.679,0.47,0.48,0.52,0.53,0.01,0.01,74215.22,1776198342000
1776198344.284,44.284,0.48,0.49,0.51,0.52,0.01,0.01,74215.22,1776198342000
1776198344.75,44.75,0.48,0.49,0.51,0.52,0.01,0.01,74215.22,1776198342000
1776198345.451,45.451,0.48,0.49,0.51,0.52,0.01,0.01,74215.22,1776198344000
1776198346.081,46.081,0.48,0.49,0.51,0.52,0.01,0.01,74215.22,1776198345000
1776198346.717,46.717,0.48,0.49,0.51,0.52,0.01,0.01,74215.22,1776198345000
1776198347.195,47.195,0.48,0.49,0.51,0.52,0.01,0.01,74215.22,1776198345000
1776198347.622,47.622,0.48,0.49,0.51,0.52,0.01,0.01,74215.21,1776198346000
1776198348.014,48.014,0.48,0.49,0.51,0.52,0.01,0.01,74215.21,1776198346000
1776198348.667,48.667,0.48,0.49,0.51,0.52,0.01,0.01,74215.22,1776198347000
1776198349.113,49.113,0.48,0.49,0.51,0.52,0.01,0.01,74215.22,1776198347000
1776198349.469,49.469,0.48,0.5,0.51,0.52,0.02,0.01,74215.22,1776198347000
1776198349.835,49.835,0.49,0.5,0.5,0.51,0.01,0.01,74215.22,1776198347000
1776198350.189,50.189,0.49,0.5,0.5,0.51,0.01,0.01,74215.22,1776198348000
1776198350.571,50.571,0.49,0.5,0.5,0.51,0.01,0.01,74215.22,1776198349000
1776198350.995,50.995,0.49,0.5,0.5,0.51,0.01,0.01,74215.22,1776198349000
1776198351.434,51.434,0.49,0.5,0.5,0.51,0.01,0.01,74216.09,1776198350000
1776198351.936,51.936,0.5,0.51,0.49,0.5,0.01,0.01,74216.09,1776198350000
1776198352.292,52.292,0.5,0.51,0.49,0.5,0.01,0.01,74218.54,1776198351000
1776198353.257,53.257,0.5,0.51,0.49,0.5,0.01,0.01,74218.54,1776198351000
1776198353.656,53.656,0.49,0.5,0.49,0.51,0.01,0.02,74218.54,1776198351000
1776198354.0,54.0,0.49,0.5,0.5,0.51,0.01,0.01,74218.8,1776198352000
1776198354.381,54.381,0.48,0.49,0.5,0.51,0.01,0.01,74218.8,1776198352000
1776198354.722,54.722,0.48,0.49,0.51,0.52,0.01,0.01,74218.8,1776198352000
1776198355.154,55.154,0.48,0.49,0.51,0.52,0.01,0.01,74219.34,1776198353000
1776198355.524,55.524,0.47,0.48,0.52,0.54,0.01,0.02,74218.95,1776198354000
1776198355.876,55.876,0.47,0.48,0.52,0.53,0.01,0.01,74218.95,1776198354000
1776198356.279,56.279,0.46,0.47,0.53,0.54,0.01,0.01,74217.64,1776198355000
1776198356.91,56.91,0.46,0.47,0.53,0.54,0.01,0.01,74217.64,1776198355000
1776198357.244,57.244,0.43,0.45,0.55,0.57,0.02,0.02,74214.48,1776198356000
1776198357.581,57.581,0.43,0.44,0.56,0.57,0.01,0.01,74214.48,1776198356000
1776198357.922,57.922,0.43,0.44,0.56,0.57,0.01,0.01,74214.48,1776198356000
1776198358.306,58.306,0.43,0.44,0.56,0.57,0.01,0.01,74212.45,1776198357000
1776198359.001,59.001,0.43,0.44,0.56,0.57,0.01,0.01,74212.45,1776198357000
1776198359.37,59.37,0.43,0.44,0.56,0.57,0.01,0.01,74206.65,1776198358000
1776198360.181,60.181,0.43,0.44,0.56,0.57,0.01,0.01,74206.65,1776198359000
1776198360.71,60.71,0.43,0.44,0.56,0.57,0.01,0.01,74206.65,1776198359000
1776198361.185,61.185,0.45,0.46,0.54,0.55,0.01,0.01,74206.65,1776198359000
1776198361.584,61.584,0.45,0.46,0.54,0.55,0.01,0.01,74207.62,1776198360000
1776198361.948,61.948,0.46,0.47,0.53,0.55,0.01,0.02,74207.62,1776198360000
1776198362.3,62.3,0.46,0.47,0.53,0.54,0.01,0.01,74207.65,1776198361000
1776198362.679,62.679,0.46,0.47,0.53,0.54,0.01,0.01,74207.65,1776198361000
1776198363.058,63.058,0.46,0.47,0.52,0.54,0.01,0.02,74207.65,1776198361000
1776198363.397,63.397,0.47,0.48,0.52,0.53,0.01,0.01,74211.79,1776198362000
1776198363.769,63.769,0.47,0.48,0.52,0.53,0.01,0.01,74211.79,1776198362000
1776198364.104,64.104,0.48,0.49,0.51,0.52,0.01,0.01,74216.21,1776198363000
1776198364.472,64.472,0.48,0.49,0.51,0.52,0.01,0.01,74216.21,1776198363000
1776198364.869,64.869,0.48,0.49,0.51,0.52,0.01,0.01,74216.21,1776198363000
1776198365.325,65.325,0.48,0.49,0.51,0.52,0.01,0.01,74216.43,1776198364000
1776198366.05,66.05,0.48,0.49,0.51,0.52,0.01,0.01,74219.04,1776198365000
1776198366.44,66.44,0.48,0.49,0.51,0.52,0.01,0.01,74219.04,1776198365000
1776198366.93,66.93,0.48,0.49,0.51,0.52,0.01,0.01,74219.04,1776198365000
1776198367.582,67.582,0.48,0.49,0.51,0.52,0.01,0.01,74219.03,1776198366000
1776198368.015,68.015,0.48,0.49,0.51,0.52,0.01,0.01,74219.03,1776198366000
1776198368.418,68.418,0.48,0.49,0.51,0.52,0.01,0.01,74219.02,1776198367000
1776198369.237,69.237,0.48,0.49,0.51,0.52,0.01,0.01,74219.02,1776198367000
1776198369.66,69.66,0.48,0.49,0.51,0.52,0.01,0.01,74219.03,1776198368000
1776198370.025,70.025,0.48,0.49,0.51,0.52,0.01,0.01,74219.03,1776198368000
1776198370.359,70.359,0.48,0.52,0.49,0.52,0.04,0.03,74219.03,1776198368000
1776198370.718,70.718,0.5,0.51,0.49,0.51,0.01,0.02,74219.09,1776198369000
1776198371.065,71.065,0.5,0.51,0.49,0.5,0.01,0.01,74219.09,1776198369000
1776198371.448,71.448,0.5,0.51,0.49,0.5,0.01,0.01,74219.11,1776198370000
1776198371.865,71.865,0.5,0.52,0.49,0.5,0.02,0.01,74219.11,1776198370000
1776198372.42,72.42,0.51,0.52,0.48,0.49,0.01,0.01,74219.11,1776198370000
1776198372.768,72.768,0.51,0.52,0.48,0.49,0.01,0.01,74219.12,1776198371000
1776198373.694,73.694,0.51,0.52,0.48,0.49,0.01,0.01,74219.14,1776198372000
1776198374.088,74.088,0.51,0.52,0.48,0.49,0.01,0.01,74219.14,1776198372000
1776198374.471,74.471,0.51,0.52,0.48,0.49,0.01,0.01,74219.14,1776198373000
1776198374.825,74.825,0.51,0.52,0.48,0.49,0.01,0.01,74219.14,1776198373000
1776198375.219,75.219,0.51,0.52,0.48,0.49,0.01,0.01,74219.14,1776198373000
1776198375.562,75.562,0.51,0.52,0.48,0.49,0.01,0.01,74219.14,1776198374000
1776198375.905,75.905,0.44,0.5,0.5,0.56,0.06,0.06,74219.14,1776198374000
1776198376.249,76.249,0.44,0.45,0.55,0.56,0.01,0.01,74219.52,1776198375000
1776198376.598,76.598,0.44,0.45,0.55,0.56,0.01,0.01,74219.52,1776198375000
1776198376.932,76.932,0.44,0.45,0.55,0.56,0.01,0.01,74219.52,1776198375000
1776198377.448,77.448,0.44,0.45,0.55,0.56,0.01,0.01,74216.48,1776198376000
1776198377.967,77.967,0.43,0.44,0.56,0.57,0.01,0.01,74216.48,1776198376000
1776198378.409,78.409,0.42,0.43,0.57,0.58,0.01,0.01,74212.84,1776198377000
1776198378.747,78.747,0.42,0.43,0.57,0.58,0.01,0.01,74212.84,1776198377000
1776198379.095,79.095,0.41,0.42,0.58,0.59,0.01,0.01,74211.85,1776198378000
1776198379.499,79.499,0.4,0.41,0.58,0.6,0.01,0.02,74211.85,1776198378000
1776198379.849,79.849,0.4,0.41,0.59,0.6,0.01,0.01,74211.85,1776198378000
1776198380.23,80.23,0.4,0.41,0.59,0.6,0.01,0.01,74209.76,1776198379000
1776198380.91,80.91,0.4,0.41,0.59,0.6,0.01,0.01,74209.76,1776198379000
1776198381.318,81.318,0.4,0.41,0.59,0.6,0.01,0.01,74205.02,1776198380000
1776198381.702,81.702,0.4,0.41,0.59,0.6,0.01,0.01,74205.02,1776198380000
1776198382.209,82.209,0.4,0.41,0.59,0.6,0.01,0.01,74205.02,1776198380000
1776198382.603,82.603,0.4,0.41,0.59,0.6,0.01,0.01,74203.21,1776198381000
1776198383.071,83.071,0.4,0.41,0.59,0.6,0.01,0.01,74203.29,1776198382000
1776198383.494,83.494,0.4,0.41,0.59,0.6,0.01,0.01,74203.29,1776198382000
1776198383.961,83.961,0.4,0.41,0.59,0.6,0.01,0.01,74203.29,1776198382000
1776198384.487,84.487,0.4,0.41,0.59,0.6,0.01,0.01,74206.1,1776198383000
1776198385.013,85.013,0.4,0.42,0.59,0.6,0.02,0.01,74206.1,1776198383000
1776198386.089,86.089,0.4,0.41,0.59,0.6,0.01,0.01,74206.1,1776198384000
1776198386.711,86.711,0.4,0.41,0.59,0.6,0.01,0.01,74206.28,1776198385000
1776198387.091,87.091,0.4,0.41,0.59,0.6,0.01,0.01,74206.28,1776198386000
1776198387.511,87.511,0.4,0.41,0.59,0.6,0.01,0.01,74206.28,1776198386000
1776198388.207,88.207,0.4,0.41,0.59,0.6,0.01,0.01,74206.29,1776198387000
1776198388.713,88.713,0.4,0.41,0.59,0.6,0.01,0.01,74206.29,1776198387000
1776198389.082,89.082,0.4,0.42,0.59,0.6,0.02,0.01,74206.29,1776198387000
1776198389.428,89.428,0.4,0.41,0.59,0.6,0.01,0.01,74206.28,1776198388000
1776198389.991,89.991,0.4,0.41,0.59,0.6,0.01,0.01,74206.28,1776198388000
1776198390.352,90.352,0.4,0.41,0.59,0.6,0.01,0.01,74206.17,1776198389000
1776198390.745,90.745,0.41,0.42,0.58,0.6,0.01,0.02,74206.17,1776198389000
1776198391.107,91.107,0.43,0.44,0.56,0.57,0.01,0.01,74206.17,1776198389000
1776198391.494,91.494,0.44,0.45,0.55,0.56,0.01,0.01,74206.18,1776198390000
1776198392.073,92.073,0.45,0.46,0.54,0.56,0.01,0.02,74206.18,1776198390000
1776198392.406,92.406,0.45,0.46,0.54,0.55,0.01,0.01,74206.18,1776198391000
1776198392.821,92.821,0.45,0.46,0.54,0.55,0.01,0.01,74206.18,1776198391000
1776198393.165,93.165,0.45,0.46,0.54,0.55,0.01,0.01,74206.18,1776198391000
1776198393.654,93.654,0.45,0.46,0.54,0.55,0.01,0.01,74208.17,1776198392000
1776198394.022,94.022,0.45,0.46,0.54,0.55,0.01,0.01,74208.17,1776198392000
1776198394.391,94.391,0.45,0.46,0.54,0.55,0.01,0.01,74210.25,1776198393000
1776198394.839,94.839,0.45,0.46,0.54,0.55,0.01,0.01,74210.25,1776198393000
1776198395.43,95.43,0.43,0.46,0.54,0.55,0.03,0.01,74210.23,1776198394000
1776198395.774,95.774,0.44,0.45,0.55,0.56,0.01,0.01,74210.23,1776198394000
1776198396.169,96.169,0.44,0.45,0.55,0.56,0.01,0.01,74210.22,1776198395000
1776198396.533,96.533,0.44,0.45,0.55,0.56,0.01,0.01,74210.22,1776198395000
1776198397.221,97.221,0.44,0.45,0.55,0.56,0.01,0.01,74209.92,1776198396000
1776198397.666,97.666,0.44,0.45,0.55,0.56,0.01,0.01,74209.92,1776198396000
1776198398.07,98.07,0.44,0.45,0.55,0.56,0.01,0.01,74209.92,1776198396000
1776198399.007,99.007,0.44,0.45,0.55,0.56,0.01,0.01,74209.91,1776198397000
1776198399.514,99.514,0.44,0.45,0.55,0.56,0.01,0.01,74209.91,1776198398000
1776198400.148,100.148,0.44,0.45,0.55,0.56,0.01,0.01,74209.94,1776198399000
1776198400.978,100.978,0.44,0.45,0.55,0.56,0.01,0.01,74209.94,1776198399000
1776198401.637,101.637,0.44,0.45,0.55,0.56,0.01,0.01,74209.96,1776198400000
1776198402.271,102.271,0.44,0.45,0.55,0.56,0.01,0.01,74209.93,1776198401000
1776198403.432,103.432,0.44,0.45,0.55,0.56,0.01,0.01,74210.16,1776198402000
1776198404.388,104.388,0.44,0.45,0.55,0.56,0.01,0.01,74210.23,1776198403000
1776198404.731,104.731,0.44,0.45,0.55,0.56,0.01,0.01,74210.23,1776198403000
1776198405.223,105.223,0.45,0.46,0.54,0.56,0.01,0.02,74210.23,1776198403000
1776198405.801,105.801,0.45,0.46,0.54,0.55,0.01,0.01,74210.28,1776198404000
1776198406.26,106.26,0.45,0.46,0.54,0.55,0.01,0.01,74210.86,1776198405000
1776198406.881,106.881,0.45,0.46,0.54,0.55,0.01,0.01,74210.86,1776198405000
1776198407.727,107.727,0.45,0.46,0.54,0.55,0.01,0.01,74211.28,1776198406000
1776198408.32,108.32,0.45,0.46,0.54,0.55,0.01,0.01,74212.1,1776198407000
1776198408.751,108.751,0.45,0.46,0.54,0.55,0.01,0.01,74212.1,1776198407000
1776198409.593,109.593,0.45,0.46,0.54,0.55,0.01,0.01,74212.51,1776198408000
1776198409.939,109.939,0.45,0.46,0.54,0.55,0.01,0.01,74212.51,1776198408000
1776198410.742,110.742,0.45,0.46,0.54,0.55,0.01,0.01,74212.63,1776198409000
1776198411.138,111.138,0.45,0.46,0.54,0.55,0.01,0.01,74212.63,1776198410000
1776198411.518,111.518,0.45,0.46,0.54,0.55,0.01,0.01,74212.63,1776198410000
1776198412.076,112.076,0.44,0.45,0.55,0.56,0.01,0.01,74212.5,1776198411000
1776198413.114,113.114,0.44,0.45,0.55,0.56,0.01,0.01,74212.02,1776198412000
1776198414.092,114.092,0.44,0.45,0.55,0.56,0.01,0.01,74209.16,1776198413000
1776198414.451,114.451,0.44,0.45,0.55,0.56,0.01,0.01,74209.16,1776198413000
1776198414.911,114.911,0.44,0.45,0.55,0.56,0.01,0.01,74209.16,1776198413000
1776198415.319,115.319,0.44,0.45,0.55,0.56,0.01,0.01,74210.85,1776198414000
1776198416.011,116.011,0.44,0.45,0.55,0.56,0.01,0.01,74210.85,1776198414000
1776198416.504,116.504,0.43,0.44,0.56,0.57,0.01,0.01,74210.65,1776198415000
1776198416.968,116.968,0.42,0.43,0.56,0.57,0.01,0.01,74210.65,1776198415000
1776198417.535,117.535,0.42,0.43,0.57,0.58,0.01,0.01,74210.59,1776198416000
1776198418.152,118.152,0.42,0.43,0.57,0.58,0.01,0.01,74208.3,1776198417000
1776198418.74,118.74,0.42,0.43,0.57,0.58,0.01,0.01,74208.3,1776198417000
1776198419.098,119.098,0.42,0.43,0.57,0.58,0.01,0.01,74208.3,1776198417000
1776198419.944,119.944,0.42,0.43,0.57,0.58,0.01,0.01,74210.1,1776198418000
1776198420.508,120.508,0.42,0.43,0.57,0.58,0.01,0.01,74209.75,1776198419000
1776198420.949,120.949,0.42,0.43,0.57,0.58,0.01,0.01,74209.75,1776198419000
1776198421.287,121.287,0.42,0.43,0.57,0.58,0.01,0.01,74209.75,1776198419000
1776198421.789,121.789,0.42,0.44,0.57,0.58,0.02,0.01,74209.75,1776198420000
1776198422.251,122.251,0.43,0.44,0.56,0.58,0.01,0.02,74209.75,1776198420000
1776198422.609,122.609,0.43,0.44,0.56,0.57,0.01,0.01,74209.75,1776198420000
1776198422.943,122.943,0.43,0.44,0.56,0.57,0.01,0.01,74209.76,1776198421000
1776198423.294,123.294,0.43,0.44,0.56,0.57,0.01,0.01,74209.76,1776198421000
1776198423.844,123.844,0.43,0.44,0.56,0.57,0.01,0.01,74209.75,1776198422000
1776198424.217,124.217,0.43,0.44,0.56,0.57,0.01,0.01,74209.75,1776198422000
1776198425.15,125.15,0.43,0.44,0.56,0.57,0.01,0.01,74209.75,1776198423000
1776198425.758,125.758,0.43,0.44,0.56,0.57,0.01,0.01,74209.75,1776198424000
1776198426.19,126.19,0.43,0.44,0.56,0.57,0.01,0.01,74209.75,1776198424000
1776198426.857,126.857,0.42,0.43,0.56,0.57,0.01,0.01,74210.29,1776198425000
1776198427.206,127.206,0.42,0.43,0.57,0.58,0.01,0.01,74210.2,1776198426000
1776198427.568,127.568,0.42,0.43,0.57,0.58,0.01,0.01,74210.2,1776198426000
1776198428.469,128.469,0.42,0.43,0.57,0.58,0.01,0.01,74210.2,1776198426000
1776198428.838,128.838,0.42,0.43,0.57,0.58,0.01,0.01,74210.14,1776198427000
1776198429.632,129.632,0.42,0.43,0.57,0.58,0.01,0.01,74210.13,1776198428000
1776198430.307,130.307,0.42,0.43,0.57,0.58,0.01,0.01,74210.13,1776198428000
1776198430.743,130.743,0.48,0.49,0.49,0.53,0.01,0.04,74210.15,1776198429000
1776198431.163,131.163,0.49,0.5,0.5,0.51,0.01,0.01,74210.15,1776198429000
1776198431.502,131.502,0.49,0.5,0.5,0.51,0.01,0.01,74210.15,1776198429000
1776198431.888,131.888,0.49,0.5,0.5,0.51,0.01,0.01,74210.33,1776198430000
1776198432.394,132.394,0.49,0.5,0.5,0.51,0.01,0.01,74212.33,1776198431000
1776198432.758,132.758,0.49,0.5,0.5,0.51,0.01,0.01,74212.33,1776198431000
1776198433.161,133.161,0.49,0.5,0.5,0.51,0.01,0.01,74212.33,1776198431000
1776198434.093,134.093,0.49,0.5,0.5,0.51,0.01,0.01,74219.17,1776198433000
1776198435.116,135.116,0.49,0.5,0.5,0.51,0.01,0.01,74219.17,1776198433000
1776198435.454,135.454,0.49,0.5,0.5,0.51,0.01,0.01,74219.17,1776198434000
1776198435.955,135.955,0.48,0.49,0.51,0.52,0.01,0.01,74219.17,1776198434000
1776198436.304,136.304,0.48,0.49,0.51,0.52,0.01,0.01,74219.36,1776198435000
1776198436.821,136.821,0.48,0.49,0.51,0.52,0.01,0.01,74219.36,1776198435000
1776198437.173,137.173,0.48,0.49,0.51,0.52,0.01,0.01,74220.08,1776198436000
1776198437.666,137.666,0.48,0.49,0.51,0.52,0.01,0.01,74220.08,1776198436000
1776198438.2,138.2,0.48,0.49,0.51,0.52,0.01,0.01,74220.08,1776198436000
1776198438.607,138.607,0.48,0.49,0.51,0.52,0.01,0.01,74217.85,1776198437000
1776198438.949,138.949,0.48,0.49,0.51,0.52,0.01,0.01,74217.85,1776198437000
1776198439.384,139.384,0.48,0.51,0.51,0.52,0.03,0.01,74217.85,1776198437000
1776198439.854,139.854,0.51,0.52,0.48,0.49,0.01,0.01,74216.9,1776198438000
1776198440.254,140.254,0.51,0.52,0.48,0.49,0.01,0.01,74216.9,1776198439000
1776198441.061,141.061,0.51,0.52,0.48,0.49,0.01,0.01,74216.9,1776198439000
1776198442.32,142.32,0.51,0.52,0.48,0.49,0.01,0.01,74218.71,1776198441000
1776198442.734,142.734,0.51,0.52,0.48,0.49,0.01,0.01,74218.71,1776198441000
1776198443.142,143.142,0.51,0.52,0.48,0.49,0.01,0.01,74218.71,1776198441000
1776198443.498,143.498,0.51,0.52,0.48,0.49,0.01,0.01,74218.87,1776198442000
1776198444.019,144.019,0.51,0.52,0.48,0.49,0.01,0.01,74218.87,1776198442000
1776198444.399,144.399,0.51,0.52,0.48,0.49,0.01,0.01,74218.89,1776198443000
1776198444.772,144.772,0.51,0.52,0.48,0.49,0.01,0.01,74218.89,1776198443000
1776198445.129,145.129,0.51,0.52,0.48,0.49,0.01,0.01,74218.89,1776198443000
1776198446.146,146.146,0.51,0.52,0.48,0.49,0.01,0.01,74218.1,1776198444000
1776198446.564,146.564,0.51,0.52,0.48,0.49,0.01,0.01,74217.91,1776198445000
1776198446.933,146.933,0.51,0.52,0.48,0.49,0.01,0.01,74217.66,1776198446000
1776198447.736,147.736,0.51,0.52,0.48,0.49,0.01,0.01,74217.66,1776198446000
1776198448.079,148.079,0.51,0.52,0.48,0.49,0.01,0.01,74215.6,1776198447000
1776198448.661,148.661,0.49,0.5,0.49,0.5,0.01,0.01,74215.6,1776198447000
1776198449.016,149.016,0.49,0.5,0.5,0.51,0.01,0.01,74217.7,1776198448000
1776198449.508,149.508,0.49,0.51,0.5,0.51,0.02,0.01,74217.7,1776198448000
1776198449.872,149.872,0.5,0.51,0.49,0.5,0.01,0.01,74215.38,1776198449000
1776198450.396,150.396,0.5,0.51,0.49,0.5,0.01,0.01,74215.38,1776198449000
1776198450.763,150.763,0.5,0.51,0.49,0.5,0.01,0.01,74215.38,1776198449000
1776198451.104,151.104,0.5,0.51,0.49,0.5,0.01,0.01,74215.55,1776198450000
1776198451.464,151.464,0.5,0.51,0.49,0.5,0.01,0.01,74215.55,1776198450000
1776198451.849,151.849,0.5,0.51,0.49,0.5,0.01,0.01,74215.55,1776198450000
1776198452.365,152.365,0.5,0.51,0.49,0.5,0.01,0.01,74217.7,1776198451000
1776198452.768,152.768,0.53,0.54,0.46,0.47,0.01,0.01,74217.7,1776198451000
1776198453.188,153.188,0.53,0.54,0.46,0.47,0.01,0.01,74217.7,1776198451000
1776198453.522,153.522,0.54,0.55,0.45,0.47,0.01,0.02,74217.7,1776198451000
1776198454.059,154.059,0.54,0.55,0.45,0.46,0.01,0.01,74218.76,1776198452000
1776198454.536,154.536,0.54,0.55,0.45,0.46,0.01,0.01,74220.36,1776198453000
1776198454.957,154.957,0.54,0.55,0.45,0.46,0.01,0.01,74220.36,1776198453000
1776198455.424,155.424,0.54,0.55,0.45,0.46,0.01,0.01,74223.87,1776198454000
1776198455.853,155.853,0.54,0.55,0.45,0.46,0.01,0.01,74223.87,1776198454000
1776198456.344,156.344,0.54,0.55,0.45,0.46,0.01,0.01,74224.08,1776198455000
1776198456.96,156.96,0.54,0.55,0.45,0.46,0.01,0.01,74224.51,1776198456000
1776198457.298,157.298,0.54,0.55,0.45,0.46,0.01,0.01,74224.51,1776198456000
1776198457.713,157.713,0.54,0.55,0.45,0.46,0.01,0.01,74224.51,1776198456000
1776198458.069,158.069,0.54,0.55,0.45,0.46,0.01,0.01,74224.51,1776198456000
1776198458.907,158.907,0.54,0.55,0.45,0.46,0.01,0.01,74224.67,1776198457000
1776198459.354,159.354,0.54,0.55,0.45,0.46,0.01,0.01,74226.2,1776198458000
1776198459.983,159.983,0.54,0.55,0.45,0.46,0.01,0.01,74226.2,1776198458000
1776198460.497,160.497,0.55,0.56,0.44,0.45,0.01,0.01,74228.12,1776198459000
1776198461.118,161.118,0.55,0.56,0.44,0.45,0.01,0.01,74228.16,1776198460000
1776198461.604,161.604,0.58,0.59,0.42,0.45,0.01,0.03,74228.16,1776198460000
1776198462.045,162.045,0.58,0.59,0.41,0.42,0.01,0.01,74228.16,1776198460000
1776198462.491,162.491,0.58,0.59,0.41,0.42,0.01,0.01,74228.37,1776198461000
1776198463.327,163.327,0.58,0.59,0.41,0.42,0.01,0.01,74228.37,1776198461000
1776198463.709,163.709,0.58,0.59,0.41,0.42,0.01,0.01,74230.48,1776198462000
1776198464.061,164.061,0.58,0.59,0.41,0.42,0.01,0.01,74230.61,1776198463000
1776198464.421,164.421,0.59,0.6,0.4,0.42,0.01,0.02,74230.61,1776198463000
1776198464.762,164.762,0.59,0.6,0.4,0.41,0.01,0.01,74230.61,1776198463000
1776198465.176,165.176,0.61,0.62,0.38,0.4,0.01,0.02,74230.61,1776198463000
1776198465.579,165.579,0.63,0.64,0.36,0.38,0.01,0.02,74232.09,1776198464000
1776198465.95,165.95,0.64,0.65,0.35,0.37,0.01,0.02,74232.09,1776198464000
1776198466.345,166.345,0.65,0.66,0.34,0.35,0.01,0.01,74232.09,1776198464000
1776198466.704,166.704,0.65,0.66,0.34,0.35,0.01,0.01,74232.4,1776198465000
1776198467.049,167.049,0.65,0.66,0.34,0.35,0.01,0.01,74232.4,1776198465000
1776198467.484,167.484,0.65,0.66,0.34,0.35,0.01,0.01,74236.22,1776198466000
1776198467.846,167.846,0.65,0.66,0.34,0.35,0.01,0.01,74236.22,1776198466000
1776198468.306,168.306,0.65,0.66,0.34,0.35,0.01,0.01,74238.99,1776198467000
1776198468.7,168.7,0.65,0.66,0.34,0.35,0.01,0.01,74238.99,1776198467000
1776198469.047,169.047,0.64,0.66,0.34,0.35,0.02,0.01,74238.99,1776198467000
1776198469.4,169.4,0.65,0.66,0.34,0.35,0.01,0.01,74238.99,1776198467000
1776198469.742,169.742,0.65,0.66,0.34,0.35,0.01,0.01,74238.96,1776198468000
1776198470.127,170.127,0.65,0.66,0.34,0.35,0.01,0.01,74238.96,1776198468000
1776198470.463,170.463,0.65,0.66,0.34,0.35,0.01,0.01,74238.96,1776198468000
1776198470.866,170.866,0.65,0.66,0.34,0.35,0.01,0.01,74237.2,1776198469000
1776198471.3,171.3,0.64,0.65,0.35,0.36,0.01,0.01,74236.99,1776198470000
1776198471.891,171.891,0.64,0.65,0.35,0.36,0.01,0.01,74236.99,1776198470000
1776198472.26,172.26,0.64,0.65,0.35,0.36,0.01,0.01,74237.38,1776198471000
1776198472.932,172.932,0.64,0.65,0.35,0.36,0.01,0.01,74237.38,1776198471000
1776198473.294,173.294,0.64,0.65,0.35,0.36,0.01,0.01,74237.38,1776198471000
1776198473.643,173.643,0.63,0.64,0.36,0.37,0.01,0.01,74237.73,1776198472000
1776198473.988,173.988,0.63,0.64,0.36,0.37,0.01,0.01,74237.73,1776198472000
1776198474.518,174.518,0.63,0.64,0.36,0.37,0.01,0.01,74237.76,1776198473000
1776198474.881,174.881,0.63,0.64,0.36,0.37,0.01,0.01,74237.76,1776198473000
1776198475.318,175.318,0.63,0.64,0.36,0.37,0.01,0.01,74237.76,1776198473000
1776198475.652,175.652,0.63,0.64,0.35,0.37,0.01,0.02,74237.74,1776198474000
1776198476.003,176.003,0.63,0.64,0.36,0.37,0.01,0.01,74237.74,1776198474000
1776198476.35,176.35,0.63,0.64,0.36,0.37,0.01,0.01,74237.74,1776198475000
1776198476.785,176.785,0.63,0.64,0.36,0.37,0.01,0.01,74237.74,1776198475000
1776198477.366,177.366,0.63,0.64,0.36,0.37,0.01,0.01,74237.74,1776198476000
1776198477.699,177.699,0.63,0.64,0.36,0.37,0.01,0.01,74237.74,1776198476000
1776198478.329,178.329,0.63,0.64,0.36,0.37,0.01,0.01,74237.74,1776198477000
1776198478.685,178.685,0.63,0.64,0.36,0.37,0.01,0.01,74237.74,1776198477000
1776198479.057,179.057,0.63,0.64,0.36,0.37,0.01,0.01,74237.73,1776198478000
1776198479.913,179.913,0.63,0.64,0.36,0.37,0.01,0.01,74237.73,1776198478000
1776198480.26,180.26,0.65,0.66,0.34,0.35,0.01,0.01,74237.71,1776198479000
1776198480.742,180.742,0.65,0.66,0.34,0.35,0.01,0.01,74237.71,1776198479000
1776198481.144,181.144,0.65,0.66,0.34,0.35,0.01,0.01,74237.71,1776198479000
1776198481.514,181.514,0.65,0.66,0.34,0.35,0.01,0.01,74237.71,1776198479000
1776198482.041,182.041,0.65,0.66,0.34,0.35,0.01,0.01,74237.72,1776198480000
1776198482.49,182.49,0.66,0.67,0.34,0.35,0.01,0.01,74237.73,1776198481000
1776198482.999,182.999,0.66,0.68,0.33,0.34,0.02,0.01,74237.73,1776198481000
1776198483.511,183.511,0.67,0.68,0.32,0.33,0.01,0.01,74238.47,1776198482000
1776198483.976,183.976,0.66,0.68,0.32,0.33,0.02,0.01,74238.47,1776198482000
1776198484.494,184.494,0.63,0.64,0.35,0.37,0.01,0.02,74238.46,1776198483000
1776198485.118,185.118,0.62,0.63,0.37,0.38,0.01,0.01,74238.46,1776198483000
1776198485.485,185.485,0.62,0.63,0.37,0.38,0.01,0.01,74238.47,1776198484000
1776198485.934,185.934,0.62,0.63,0.37,0.38,0.01,0.01,74238.47,1776198484000
1776198486.374,186.374,0.62,0.63,0.37,0.38,0.01,0.01,74236.29,1776198485000
1776198486.761,186.761,0.62,0.63,0.37,0.38,0.01,0.01,74236.29,1776198485000
1776198487.14,187.14,0.62,0.63,0.37,0.38,0.01,0.01,74236.29,1776198485000
1776198487.497,187.497,0.62,0.63,0.37,0.38,0.01,0.01,74235.64,1776198486000
1776198488.165,188.165,0.62,0.63,0.37,0.38,0.01,0.01,74235.64,1776198487000
1776198488.751,188.751,0.61,0.62,0.38,0.39,0.01,0.01,74235.64,1776198487000
1776198489.211,189.211,0.61,0.62,0.38,0.39,0.01,0.01,74235.64,1776198487000
1776198489.594,189.594,0.61,0.62,0.38,0.39,0.01,0.01,74235.67,1776198488000
1776198489.977,189.977,0.61,0.62,0.38,0.39,0.01,0.01,74235.67,1776198488000
1776198490.466,190.466,0.61,0.62,0.38,0.39,0.01,0.01,74235.67,1776198489000
1776198490.836,190.836,0.61,0.62,0.38,0.39,0.01,0.01,74235.67,1776198489000
1776198491.177,191.177,0.61,0.62,0.38,0.39,0.01,0.01,74235.67,1776198489000
1776198491.753,191.753,0.61,0.62,0.38,0.39,0.01,0.01,74235.69,1776198490000
1776198492.171,192.171,0.61,0.62,0.38,0.39,0.01,0.01,74235.83,1776198491000
1776198493.281,193.281,0.61,0.62,0.38,0.39,0.01,0.01,74235.83,1776198491000
1776198493.713,193.713,0.61,0.62,0.38,0.39,0.01,0.01,74235.85,1776198492000
1776198494.064,194.064,0.62,0.63,0.37,0.38,0.01,0.01,74235.85,1776198492000
1776198494.566,194.566,0.62,0.63,0.37,0.38,0.01,0.01,74235.85,1776198493000
1776198495.171,195.171,0.62,0.63,0.37,0.38,0.01,0.01,74235.85,1776198493000
1776198495.514,195.514,0.62,0.63,0.37,0.38,0.01,0.01,74235.85,1776198493000
1776198496.224,196.224,0.62,0.63,0.37,0.38,0.01,0.01,74236.32,1776198495000
1776198496.589,196.589,0.62,0.63,0.37,0.38,0.01,0.01,74236.32,1776198495000
1776198496.979,196.979,0.62,0.63,0.37,0.38,0.01,0.01,74236.32,1776198495000
1776198497.517,197.517,0.62,0.63,0.37,0.38,0.01,0.01,74236.32,1776198495000
1776198497.96,197.96,0.62,0.63,0.37,0.38,0.01,0.01,74235.8,1776198496000
1776198498.296,198.296,0.62,0.63,0.37,0.38,0.01,0.01,74235.8,1776198497000
1776198498.921,198.921,0.62,0.63,0.37,0.38,0.01,0.01,74235.8,1776198497000
1776198499.264,199.264,0.63,0.65,0.35,0.37,0.02,0.02,74235.8,1776198497000
1776198499.66,199.66,0.64,0.65,0.35,0.36,0.01,0.01,74235.82,1776198498000
1776198500.187,200.187,0.64,0.65,0.35,0.36,0.01,0.01,74235.82,1776198498000
1776198500.673,200.673,0.64,0.66,0.35,0.36,0.02,0.01,74235.84,1776198499000
1776198501.228,201.228,0.64,0.65,0.34,0.36,0.01,0.02,74235.84,1776198499000
1776198501.582,201.582,0.64,0.65,0.35,0.36,0.01,0.01,74235.84,1776198499000
1776198502.178,202.178,0.64,0.65,0.35,0.36,0.01,0.01,74235.97,1776198500000
1776198502.551,202.551,0.64,0.65,0.35,0.36,0.01,0.01,74235.97,1776198500000
1776198503.044,203.044,0.64,0.65,0.35,0.36,0.01,0.01,74236.34,1776198501000
1776198503.393,203.393,0.64,0.65,0.35,0.36,0.01,0.01,74236.3,1776198502000
1776198503.782,203.782,0.61,0.63,0.37,0.39,0.02,0.02,74236.3,1776198502000
1776198504.357,204.357,0.61,0.62,0.38,0.39,0.01,0.01,74236.3,1776198503000
1776198505.003,205.003,0.61,0.62,0.38,0.39,0.01,0.01,74235.48,1776198504000
1776198505.962,205.962,0.61,0.62,0.38,0.39,0.01,0.01,74235.48,1776198504000
1776198506.357,206.357,0.61,0.62,0.38,0.39,0.01,0.01,74233.36,1776198505000
1776198506.703,206.703,0.61,0.62,0.38,0.39,0.01,0.01,74233.36,1776198505000
1776198507.065,207.065,0.61,0.62,0.38,0.39,0.01,0.01,74233.36,1776198505000
1776198507.838,207.838,0.61,0.62,0.38,0.39,0.01,0.01,74232.89,1776198506000
1776198508.199,208.199,0.61,0.63,0.37,0.39,0.02,0.02,74232.95,1776198507000
1776198508.536,208.536,0.62,0.63,0.36,0.38,0.01,0.02,74232.95,1776198507000
1776198509.0,209.0,0.62,0.63,0.37,0.38,0.01,0.01,74232.95,1776198507000
1776198509.677,209.677,0.63,0.64,0.36,0.37,0.01,0.01,74233.5,1776198508000
1776198510.183,210.183,0.63,0.64,0.36,0.37,0.01,0.01,74233.5,1776198508000
1776198510.763,210.763,0.63,0.64,0.36,0.37,0.01,0.01,74233.91,1776198509000
1776198511.233,211.233,0.63,0.64,0.36,0.37,0.01,0.01,74233.91,1776198509000
1776198511.592,211.592,0.63,0.64,0.36,0.37,0.01,0.01,74235.32,1776198510000
1776198511.972,211.972,0.63,0.65,0.36,0.37,0.02,0.01,74235.32,1776198510000
1776198512.431,212.431,0.63,0.64,0.36,0.37,0.01,0.01,74235.33,1776198511000
1776198513.087,213.087,0.63,0.64,0.36,0.37,0.01,0.01,74235.36,1776198512000
1776198514.105,214.105,0.63,0.64,0.36,0.37,0.01,0.01,74235.33,1776198513000
1776198514.439,214.439,0.63,0.64,0.36,0.37,0.01,0.01,74235.33,1776198513000
1776198514.931,214.931,0.63,0.64,0.36,0.37,0.01,0.01,74235.33,1776198513000
1776198515.316,215.316,0.63,0.64,0.36,0.37,0.01,0.01,74235.28,1776198514000
1776198515.767,215.767,0.63,0.64,0.36,0.37,0.01,0.01,74235.28,1776198514000
1776198516.613,216.613,0.63,0.64,0.36,0.37,0.01,0.01,74235.28,1776198514000
1776198517.096,217.096,0.63,0.64,0.36,0.37,0.01,0.01,74235.32,1776198515000
1776198517.43,217.43,0.63,0.64,0.36,0.37,0.01,0.01,74235.38,1776198516000
1776198518.094,218.094,0.63,0.64,0.36,0.37,0.01,0.01,74235.38,1776198516000
1776198518.484,218.484,0.6,0.61,0.39,0.4,0.01,0.01,74235.78,1776198517000
1776198518.821,218.821,0.51,0.57,0.43,0.49,0.06,0.06,74235.78,1776198517000
1776198519.172,219.172,0.47,0.49,0.51,0.53,0.02,0.02,74235.75,1776198518000
1776198519.514,219.514,0.44,0.47,0.53,0.56,0.03,0.03,74235.75,1776198518000
1776198519.907,219.907,0.45,0.46,0.54,0.56,0.01,0.02,74235.75,1776198518000
1776198520.281,220.281,0.4,0.41,0.59,0.6,0.01,0.01,74235.75,1776198518000
1776198520.789,220.789,0.39,0.4,0.6,0.61,0.01,0.01,74226.08,1776198519000
1776198521.134,221.134,0.39,0.4,0.6,0.61,0.01,0.01,74226.08,1776198519000
1776198521.47,221.47,0.39,0.4,0.6,0.61,0.01,0.01,74217.02,1776198520000
1776198521.878,221.878,0.38,0.39,0.6,0.61,0.01,0.01,74217.02,1776198520000
1776198522.265,222.265,0.38,0.39,0.61,0.62,0.01,0.01,74216.22,1776198521000
1776198522.724,222.724,0.38,0.39,0.61,0.62,0.01,0.01,74216.22,1776198521000
1776198523.089,223.089,0.38,0.39,0.61,0.62,0.01,0.01,74215.29,1776198522000
1776198523.447,223.447,0.38,0.39,0.61,0.62,0.01,0.01,74215.29,1776198522000
1776198523.873,223.873,0.38,0.39,0.61,0.62,0.01,0.01,74215.29,1776198522000
1776198524.234,224.234,0.38,0.39,0.61,0.62,0.01,0.01,74215.11,1776198523000
1776198524.596,224.596,0.38,0.39,0.61,0.62,0.01,0.01,74215.11,1776198523000
1776198524.988,224.988,0.38,0.39,0.61,0.62,0.01,0.01,74215.11,1776198523000
1776198525.355,225.355,0.38,0.39,0.61,0.62,0.01,0.01,74217.39,1776198524000
1776198525.699,225.699,0.38,0.39,0.61,0.62,0.01,0.01,74217.39,1776198524000
1776198526.093,226.093,0.38,0.39,0.61,0.62,0.01,0.01,74217.55,1776198525000
1776198526.762,226.762,0.38,0.39,0.61,0.62,0.01,0.01,74217.55,1776198525000
1776198527.255,227.255,0.39,0.4,0.6,0.62,0.01,0.02,74217.53,1776198526000
1776198527.781,227.781,0.39,0.4,0.6,0.61,0.01,0.01,74217.53,1776198526000
1776198528.242,228.242,0.39,0.4,0.6,0.61,0.01,0.01,74217.52,1776198527000
1776198529.157,229.157,0.39,0.4,0.6,0.61,0.01,0.01,74217.56,1776198528000
1776198529.623,229.623,0.39,0.4,0.6,0.61,0.01,0.01,74217.56,1776198528000
1776198529.957,229.957,0.39,0.4,0.6,0.61,0.01,0.01,74217.56,1776198528000
1776198530.486,230.486,0.39,0.4,0.6,0.61,0.01,0.01,74217.63,1776198529000
1776198531.416,231.416,0.39,0.4,0.6,0.61,0.01,0.01,74217.62,1776198530000
1776198531.78,231.78,0.39,0.4,0.6,0.61,0.01,0.01,74217.62,1776198530000
1776198532.26,232.26,0.39,0.4,0.6,0.61,0.01,0.01,74217.64,1776198531000
1776198532.701,232.701,0.39,0.4,0.6,0.61,0.01,0.01,74217.64,1776198531000
1776198533.242,233.242,0.39,0.4,0.6,0.62,0.01,0.02,74217.64,1776198531000
1776198533.738,233.738,0.38,0.4,0.6,0.62,0.02,0.02,74217.64,1776198531000
1776198534.387,234.387,0.37,0.38,0.62,0.63,0.01,0.01,74217.66,1776198532000
1776198534.732,234.732,0.32,0.33,0.65,0.68,0.01,0.03,74217.66,1776198533000
1776198535.161,235.161,0.29,0.3,0.7,0.71,0.01,0.01,74217.66,1776198533000
1776198535.542,235.542,0.27,0.28,0.71,0.73,0.01,0.02,74217.66,1776198533000
1776198535.919,235.919,0.27,0.28,0.72,0.73,0.01,0.01,74217.66,1776198534000
1776198536.27,236.27,0.27,0.28,0.72,0.73,0.01,0.01,74214.69,1776198535000
1776198536.656,236.656,0.28,0.29,0.71,0.72,0.01,0.01,74214.69,1776198535000
1776198536.995,236.995,0.29,0.3,0.7,0.71,0.01,0.01,74214.69,1776198535000
1776198537.367,237.367,0.29,0.3,0.7,0.71,0.01,0.01,74214.69,1776198535000
1776198537.759,237.759,0.29,0.3,0.7,0.71,0.01,0.01,74205.81,1776198536000
1776198538.107,238.107,0.29,0.3,0.7,0.71,0.01,0.01,74205.81,1776198536000
1776198538.714,238.714,0.29,0.3,0.7,0.71,0.01,0.01,74206.43,1776198537000
1776198539.052,239.052,0.29,0.3,0.7,0.71,0.01,0.01,74206.43,1776198537000
1776198539.472,239.472,0.29,0.3,0.7,0.71,0.01,0.01,74206.43,1776198537000
1776198539.828,239.828,0.29,0.3,0.7,0.71,0.01,0.01,74208.44,1776198538000
1776198540.188,240.188,0.29,0.31,0.7,0.71,0.02,0.01,74208.44,1776198538000
1776198540.522,240.522,0.32,0.33,0.67,0.68,0.01,0.01,74208.44,1776198538000
1776198540.962,240.962,0.32,0.33,0.67,0.68,0.01,0.01,74206.65,1776198539000
1776198541.422,241.422,0.32,0.33,0.67,0.68,0.01,0.01,74208.36,1776198540000
1776198541.77,241.77,0.32,0.33,0.67,0.68,0.01,0.01,74208.36,1776198540000
1776198542.225,242.225,0.32,0.33,0.67,0.68,0.01,0.01,74208.36,1776198540000
1776198542.732,242.732,0.32,0.33,0.67,0.68,0.01,0.01,74208.78,1776198541000
1776198543.239,243.239,0.32,0.33,0.67,0.68,0.01,0.01,74208.78,1776198541000
1776198543.576,243.576,0.33,0.34,0.66,0.67,0.01,0.01,74210.89,1776198542000
1776198543.952,243.952,0.33,0.34,0.66,0.67,0.01,0.01,74210.89,1776198542000
1776198544.3,244.3,0.33,0.34,0.66,0.67,0.01,0.01,74210.89,1776198543000
1776198544.669,244.669,0.33,0.34,0.66,0.67,0.01,0.01,74210.89,1776198543000
1776198545.094,245.094,0.33,0.34,0.66,0.67,0.01,0.01,74210.89,1776198543000
1776198545.531,245.531,0.34,0.35,0.65,0.66,0.01,0.01,74210.89,1776198543000
1776198546.024,246.024,0.34,0.35,0.65,0.66,0.01,0.01,74210.84,1776198544000
1776198546.448,246.448,0.34,0.35,0.65,0.66,0.01,0.01,74210.84,1776198544000
1776198547.02,247.02,0.34,0.35,0.65,0.66,0.01,0.01,74210.89,1776198545000
1776198547.419,247.419,0.34,0.35,0.65,0.66,0.01,0.01,74210.78,1776198546000
1776198547.838,247.838,0.34,0.35,0.65,0.66,0.01,0.01,74210.78,1776198546000
1776198548.193,248.193,0.34,0.35,0.65,0.66,0.01,0.01,74210.78,1776198546000
1776198548.584,248.584,0.34,0.35,0.65,0.66,0.01,0.01,74210.78,1776198546000
1776198549.087,249.087,0.34,0.35,0.65,0.66,0.01,0.01,74210.87,1776198547000
1776198549.505,249.505,0.34,0.35,0.65,0.66,0.01,0.01,74208.7,1776198548000
1776198550.034,250.034,0.34,0.35,0.65,0.66,0.01,0.01,74208.7,1776198548000
1776198550.369,250.369,0.34,0.35,0.65,0.66,0.01,0.01,74208.7,1776198548000
1776198550.737,250.737,0.34,0.35,0.65,0.66,0.01,0.01,74208.7,1776198548000
1776198551.153,251.153,0.34,0.35,0.65,0.66,0.01,0.01,74210.83,1776198549000
1776198551.517,251.517,0.35,0.36,0.65,0.66,0.01,0.01,74210.83,1776198549000
1776198551.865,251.865,0.4,0.42,0.58,0.61,0.02,0.03,74210.83,1776198550000
1776198552.317,252.317,0.42,0.43,0.57,0.58,0.01,0.01,74210.83,1776198550000
1776198552.652,252.652,0.42,0.43,0.57,0.58,0.01,0.01,74210.83,1776198551000
1776198553.01,253.01,0.43,0.44,0.56,0.57,0.01,0.01,74210.83,1776198551000
1776198553.35,253.35,0.43,0.44,0.56,0.57,0.01,0.01,74210.83,1776198552000
1776198553.839,253.839,0.44,0.45,0.55,0.56,0.01,0.01,74210.83,1776198552000
1776198554.361,254.361,0.44,0.45,0.55,0.56,0.01,0.01,74215.12,1776198553000
1776198554.841,254.841,0.44,0.45,0.55,0.56,0.01,0.01,74215.12,1776198553000
1776198555.294,255.294,0.44,0.45,0.55,0.56,0.01,0.01,74215.12,1776198553000
1776198555.837,255.837,0.44,0.45,0.55,0.56,0.01,0.01,74217.62,1776198554000
1776198556.196,256.196,0.44,0.45,0.55,0.56,0.01,0.01,74217.78,1776198555000
1776198556.726,256.726,0.45,0.46,0.54,0.55,0.01,0.01,74217.78,1776198555000
1776198557.151,257.151,0.45,0.46,0.54,0.55,0.01,0.01,74217.78,1776198555000
1776198557.577,257.577,0.45,0.46,0.54,0.55,0.01,0.01,74217.77,1776198556000
1776198557.937,257.937,0.45,0.46,0.54,0.55,0.01,0.01,74217.77,1776198556000
1776198558.344,258.344,0.45,0.46,0.54,0.55,0.01,0.01,74217.77,1776198556000
1776198559.094,259.094,0.48,0.49,0.51,0.52,0.01,0.01,74217.78,1776198557000
1776198559.48,259.48,0.48,0.49,0.51,0.52,0.01,0.01,74217.78,1776198558000
1776198559.83,259.83,0.49,0.5,0.51,0.52,0.01,0.01,74217.78,1776198558000
1776198560.293,260.293,0.49,0.5,0.5,0.51,0.01,0.01,74219.15,1776198559000
1776198560.647,260.647,0.51,0.52,0.48,0.49,0.01,0.01,74219.15,1776198559000
1776198560.98,260.98,0.51,0.52,0.48,0.49,0.01,0.01,74219.15,1776198559000
1776198561.334,261.334,0.5,0.52,0.48,0.49,0.02,0.01,74219.15,1776198559000
1776198561.763,261.763,0.51,0.52,0.48,0.49,0.01,0.01,74219.37,1776198560000
1776198562.14,262.14,0.51,0.52,0.48,0.49,0.01,0.01,74219.62,1776198561000
1776198562.592,262.592,0.51,0.52,0.48,0.49,0.01,0.01,74219.62,1776198561000
1776198562.991,262.991,0.51,0.52,0.48,0.49,0.01,0.01,74219.62,1776198561000
1776198563.37,263.37,0.5,0.51,0.49,0.5,0.01,0.01,74219.67,1776198562000
1776198563.773,263.773,0.5,0.51,0.49,0.5,0.01,0.01,74219.67,1776198562000
1776198564.182,264.182,0.5,0.51,0.49,0.5,0.01,0.01,74219.67,1776198562000
1776198564.521,264.521,0.43,0.44,0.52,0.56,0.01,0.04,74219.65,1776198563000
1776198564.873,264.873,0.4,0.41,0.59,0.6,0.01,0.01,74219.65,1776198563000
1776198565.238,265.238,0.38,0.39,0.61,0.62,0.01,0.01,74219.51,1776198564000
1776198565.584,265.584,0.34,0.35,0.61,0.66,0.01,0.05,74219.51,1776198564000
1776198565.923,265.923,0.34,0.35,0.65,0.66,0.01,0.01,74219.51,1776198564000
1776198566.555,266.555,0.33,0.34,0.66,0.67,0.01,0.01,74219.51,1776198564000
1776198566.902,266.902,0.33,0.34,0.66,0.67,0.01,0.01,74216.5,1776198565000
1776198567.291,267.291,0.32,0.33,0.67,0.69,0.01,0.02,74216.5,1776198565000
1776198567.63,267.63,0.31,0.32,0.68,0.69,0.01,0.01,74215.69,1776198566000
1776198567.995,267.995,0.26,0.31,0.69,0.74,0.05,0.05,74215.68,1776198567000
1776198568.445,268.445,0.25,0.26,0.74,0.75,0.01,0.01,74215.68,1776198567000
1776198568.852,268.852,0.24,0.25,0.74,0.76,0.01,0.02,74215.68,1776198567000
1776198569.314,269.314,0.23,0.24,0.75,0.77,0.01,0.02,74212.43,1776198568000
1776198569.736,269.736,0.22,0.23,0.77,0.78,0.01,0.01,74212.43,1776198568000
1776198570.208,270.208,0.21,0.22,0.77,0.79,0.01,0.02,74212.43,1776198568000
1776198570.659,270.659,0.2,0.21,0.79,0.8,0.01,0.01,74207.82,1776198569000
1776198570.992,270.992,0.19,0.2,0.8,0.81,0.01,0.01,74207.82,1776198569000
1776198571.328,271.328,0.19,0.2,0.8,0.81,0.01,0.01,74207.82,1776198569000
1776198571.695,271.695,0.17,0.18,0.81,0.83,0.01,0.02,74205.64,1776198570000
1776198572.097,272.097,0.17,0.18,0.82,0.83,0.01,0.01,74205.64,1776198571000
1776198572.471,272.471,0.17,0.18,0.82,0.83,0.01,0.01,74205.64,1776198571000
1776198572.909,272.909,0.16,0.17,0.83,0.84,0.01,0.01,74205.64,1776198571000
1776198573.274,273.274,0.15,0.17,0.83,0.84,0.02,0.01,74205.04,1776198572000
1776198573.612,273.612,0.15,0.16,0.84,0.85,0.01,0.01,74205.04,1776198572000
1776198573.957,273.957,0.15,0.16,0.84,0.85,0.01,0.01,74205.04,1776198572000
1776198574.302,274.302,0.15,0.16,0.84,0.85,0.01,0.01,74205.08,1776198573000
1776198574.646,274.646,0.14,0.15,0.85,0.86,0.01,0.01,74205.08,1776198573000
1776198575.063,275.063,0.14,0.15,0.85,0.86,0.01,0.01,74204.3,1776198574000
1776198575.485,275.485,0.14,0.15,0.85,0.86,0.01,0.01,74204.3,1776198574000
1776198575.853,275.853,0.14,0.15,0.85,0.86,0.01,0.01,74204.3,1776198574000
1776198576.256,276.256,0.13,0.14,0.86,0.87,0.01,0.01,74204.6,1776198575000
1776198576.661,276.661,0.13,0.14,0.86,0.87,0.01,0.01,74204.6,1776198575000
1776198577.039,277.039,0.12,0.13,0.87,0.88,0.01,0.01,74204.6,1776198575000
1776198577.386,277.386,0.12,0.13,0.87,0.88,0.01,0.01,74204.99,1776198576000
1776198577.759,277.759,0.12,0.13,0.87,0.88,0.01,0.01,74204.99,1776198576000
1776198578.377,278.377,0.12,0.13,0.87,0.88,0.01,0.01,74204.52,1776198577000
1776198578.751,278.751,0.11,0.12,0.88,0.89,0.01,0.01,74204.52,1776198577000
1776198579.181,279.181,0.12,0.13,0.87,0.89,0.01,0.02,74204.52,1776198577000
1776198579.523,279.523,0.12,0.13,0.87,0.88,0.01,0.01,74204.56,1776198578000
1776198579.986,279.986,0.12,0.13,0.87,0.88,0.01,0.01,74204.56,1776198578000
1776198580.36,280.36,0.12,0.13,0.87,0.88,0.01,0.01,74204.47,1776198579000
1776198580.972,280.972,0.08,0.09,0.87,0.9,0.01,0.03,74204.47,1776198579000
1776198581.355,281.355,0.08,0.09,0.91,0.92,0.01,0.01,74204.47,1776198579000
1776198581.744,281.744,0.07,0.08,0.92,0.93,0.01,0.01,74204.31,1776198580000
1776198582.086,282.086,0.07,0.08,0.92,0.93,0.01,0.01,74204.31,1776198580000
1776198582.441,282.441,0.07,0.08,0.92,0.93,0.01,0.01,74204.31,1776198580000
1776198582.786,282.786,0.07,0.08,0.92,0.93,0.01,0.01,74204.31,1776198580000
1776198583.155,283.155,0.07,0.08,0.92,0.93,0.01,0.01,74206.03,1776198581000
1776198583.49,283.49,0.05,0.06,0.94,0.95,0.01,0.01,74206.03,1776198581000
1776198583.826,283.826,0.09,0.14,0.9,0.91,0.05,0.01,74206.03,1776198581000
1776198584.162,284.162,0.15,0.22,0.84,0.85,0.07,0.01,74206.33,1776198582000
1776198584.505,284.505,0.21,0.22,0.75,0.79,0.01,0.04,74206.33,1776198582000
1776198584.842,284.842,0.2,0.21,0.79,0.8,0.01,0.01,74206.28,1776198583000
1776198585.211,285.211,0.17,0.18,0.8,0.83,0.01,0.03,74206.28,1776198583000
1776198585.62,285.62,0.17,0.18,0.82,0.83,0.01,0.01,74206.28,1776198583000
1776198586.023,286.023,0.17,0.18,0.82,0.83,0.01,0.01,74206.28,1776198584000
1776198586.367,286.367,0.04,0.18,0.82,0.96,0.14,0.14,74209.5,1776198585000
1776198586.718,286.718,0.17,0.18,0.82,0.83,0.01,0.01,74209.5,1776198585000
1776198587.083,287.083,0.17,0.18,0.82,0.83,0.01,0.01,74209.5,1776198585000
1776198587.428,287.428,0.35,0.36,0.64,0.65,0.01,0.01,74211.25,1776198586000
1776198587.852,287.852,0.35,0.36,0.64,0.65,0.01,0.01,74211.25,1776198586000
1776198588.205,288.205,0.33,0.34,0.66,0.67,0.01,0.01,74211.25,1776198586000
1776198588.617,288.617,0.28,0.31,0.66,0.71,0.03,0.05,74213.37,1776198587000
1776198589.076,289.076,0.3,0.31,0.69,0.7,0.01,0.01,74213.37,1776198587000
1776198589.612,289.612,0.3,0.31,0.69,0.7,0.01,0.01,74214.64,1776198588000
1776198589.993,289.993,0.3,0.31,0.69,0.7,0.01,0.01,74214.64,1776198588000
1776198590.33,290.33,0.3,0.31,0.69,0.7,0.01,0.01,74214.64,1776198588000
1776198590.702,290.702,0.3,0.31,0.69,0.7,0.01,0.01,74214.64,1776198588000
1776198591.083,291.083,0.29,0.3,0.7,0.71,0.01,0.01,74218.91,1776198589000
1776198591.426,291.426,0.29,0.3,0.7,0.71,0.01,0.01,74218.91,1776198589000
1776198591.926,291.926,0.29,0.3,0.7,0.71,0.01,0.01,74218.91,1776198590000
1776198592.341,292.341,0.29,0.3,0.7,0.71,0.01,0.01,74218.92,1776198591000
1776198592.68,292.68,0.29,0.3,0.7,0.71,0.01,0.01,74218.92,1776198591000
1776198593.113,293.113,0.29,0.3,0.7,0.71,0.01,0.01,74218.92,1776198591000
1776198593.526,293.526,0.29,0.3,0.7,0.71,0.01,0.01,74218.94,1776198592000
1776198593.859,293.859,0.24,0.31,0.69,0.7,0.07,0.01,74218.94,1776198592000
1776198594.233,294.233,0.26,0.31,0.69,0.74,0.05,0.05,74218.84,1776198593000
1776198594.719,294.719,0.25,0.26,0.74,0.75,0.01,0.01,74218.84,1776198593000
1776198595.091,295.091,0.24,0.26,0.74,0.75,0.02,0.01,74218.84,1776198593000
1776198595.443,295.443,0.22,0.23,0.77,0.78,0.01,0.01,74218.84,1776198593000
1776198595.816,295.816,0.2,0.22,0.77,0.81,0.02,0.04,74218.87,1776198594000
1776198596.155,296.155,0.2,0.21,0.79,0.81,0.01,0.02,74218.87,1776198595000
1776198596.555,296.555,0.09,0.12,0.8,0.97,0.03,0.17,74218.87,1776198595000
1776198596.888,296.888,0.03,0.08,0.92,0.93,0.05,0.01,74218.87,1776198595000
1776198597.236,297.236,0.04,0.05,0.95,0.96,0.01,0.01,74218.87,1776198595000
1776198597.592,297.592,0.03,0.04,0.96,0.97,0.01,0.01,74219.73,1776198596000
1776198597.927,297.927,0.02,0.03,0.87,0.98,0.01,0.11,74219.73,1776198596000
1776198598.265,298.265,0.02,0.03,0.97,0.99,0.01,0.02,74217.45,1776198597000
1776198598.606,298.606,0.01,0.02,0.98,0.99,0.01,0.01,74217.45,1776198597000
1776198598.963,298.963,0.01,0.02,0.98,0.99,0.01,0.01,74217.45,1776198597000
1776198599.309,299.309,0.01,0.02,0.98,0.99,0.01,0.01,74217.45,1776198597000
1776198599.659,299.659,0.01,0.01,0.99,0.99,0.0,0.0,74219.07,1776198598000
1776198600.218,300.218,0.01,0.01,0.99,0.99,0.0,0.0,74219.07,1776198598000
1776198600.602,300.602,0.01,0.01,0.99,0.99,0.0,0.0,74219.06,1776198599000
1776198601.0,301.0,0.01,0.01,0.99,0.99,0.0,0.0,74219.07,1776198600000
1776198601.959,301.959,0.01,0.01,0.99,0.99,0.0,0.0,74219.13,1776198601000

# RESULT,winner=Down,slug=btc-updown-5m-1776198300,ticks=662
