timestamp,elapsed_sec,up_bid,up_ask,down_bid,down_ask,up_spread,down_spread,btc_price,btc_oracle_ts
1777196400.595,0.595,0.53,0.55,0.45,0.47,0.02,0.02,77969.33,1777196399000
1777196400.966,0.966,0.54,0.55,0.45,0.46,0.01,0.01,77969.33,1777196399000
1777196401.388,1.388,0.56,0.57,0.42,0.46,0.01,0.04,77969.3,1777196400000
1777196401.961,1.961,0.57,0.58,0.42,0.44,0.01,0.02,77969.3,1777196400000
1777196402.436,2.436,0.54,0.55,0.44,0.45,0.01,0.01,77969.29,1777196401000
1777196402.792,2.792,0.54,0.55,0.45,0.46,0.01,0.01,77969.29,1777196401000
1777196403.132,3.132,0.54,0.55,0.45,0.46,0.01,0.01,77969.23,1777196402000
1777196403.522,3.522,0.54,0.55,0.45,0.46,0.01,0.01,77969.23,1777196402000
1777196403.873,3.873,0.54,0.55,0.45,0.46,0.01,0.01,77969.23,1777196402000
1777196404.256,4.256,0.54,0.55,0.45,0.46,0.01,0.01,77969.32,1777196403000
1777196404.676,4.676,0.54,0.55,0.45,0.46,0.01,0.01,77969.32,1777196403000
1777196405.129,5.129,0.54,0.55,0.45,0.46,0.01,0.01,77969.39,1777196404000
1777196405.537,5.537,0.54,0.55,0.45,0.46,0.01,0.01,77969.39,1777196404000
1777196406.239,6.239,0.53,0.55,0.45,0.46,0.02,0.01,77969.39,1777196404000
1777196406.665,6.665,0.53,0.54,0.46,0.47,0.01,0.01,77969.38,1777196405000
1777196407.015,7.015,0.53,0.55,0.46,0.47,0.02,0.01,77969.38,1777196405000
1777196407.437,7.437,0.6,0.62,0.39,0.4,0.02,0.01,77969.35,1777196406000
1777196407.827,7.827,0.61,0.62,0.38,0.39,0.01,0.01,77969.35,1777196406000
1777196408.387,8.387,0.57,0.58,0.4,0.43,0.01,0.03,77969.35,1777196406000
1777196408.726,8.726,0.57,0.58,0.42,0.43,0.01,0.01,77969.34,1777196407000
1777196409.236,9.236,0.57,0.58,0.42,0.43,0.01,0.01,77969.34,1777196408000
1777196409.807,9.807,0.57,0.58,0.42,0.43,0.01,0.01,77969.34,1777196408000
1777196410.257,10.257,0.57,0.58,0.42,0.43,0.01,0.01,77973.01,1777196409000
1777196410.662,10.662,0.56,0.57,0.42,0.43,0.01,0.01,77973.01,1777196409000
1777196411.044,11.044,0.56,0.57,0.43,0.44,0.01,0.01,77973.01,1777196409000
1777196411.566,11.566,0.56,0.57,0.43,0.44,0.01,0.01,77972.96,1777196410000
1777196412.986,12.986,0.56,0.57,0.43,0.44,0.01,0.01,77972.66,1777196411000
1777196413.389,13.389,0.56,0.57,0.43,0.44,0.01,0.01,77972.77,1777196412000
1777196413.842,13.842,0.56,0.57,0.43,0.44,0.01,0.01,77972.77,1777196412000
1777196414.198,14.198,0.56,0.57,0.43,0.44,0.01,0.01,77972.89,1777196413000
1777196414.587,14.587,0.56,0.57,0.43,0.44,0.01,0.01,77972.89,1777196413000
1777196414.921,14.921,0.56,0.57,0.43,0.44,0.01,0.01,77972.89,1777196413000
1777196415.288,15.288,0.56,0.57,0.43,0.44,0.01,0.01,77972.89,1777196413000
1777196415.737,15.737,0.56,0.57,0.43,0.44,0.01,0.01,77972.92,1777196414000
1777196416.386,16.386,0.56,0.57,0.43,0.44,0.01,0.01,77972.83,1777196415000
1777196417.026,17.026,0.56,0.57,0.43,0.44,0.01,0.01,77972.83,1777196415000
1777196417.544,17.544,0.56,0.57,0.43,0.44,0.01,0.01,77972.78,1777196416000
1777196418.017,18.017,0.56,0.57,0.43,0.44,0.01,0.01,77972.78,1777196416000
1777196418.634,18.634,0.56,0.57,0.43,0.44,0.01,0.01,77972.78,1777196417000
1777196419.302,19.302,0.56,0.57,0.43,0.44,0.01,0.01,77972.78,1777196418000
1777196419.737,19.737,0.56,0.57,0.43,0.44,0.01,0.01,77972.78,1777196418000
1777196420.09,20.09,0.56,0.57,0.43,0.44,0.01,0.01,77972.78,1777196419000
1777196420.482,20.482,0.56,0.57,0.43,0.44,0.01,0.01,77972.78,1777196419000
1777196420.846,20.846,0.56,0.57,0.43,0.44,0.01,0.01,77972.78,1777196419000
1777196421.7,21.7,0.55,0.56,0.43,0.44,0.01,0.01,77972.77,1777196420000
1777196422.324,22.324,0.55,0.56,0.44,0.45,0.01,0.01,77972.77,1777196421000
1777196422.728,22.728,0.54,0.55,0.44,0.46,0.01,0.02,77972.77,1777196421000
1777196423.127,23.127,0.54,0.55,0.45,0.46,0.01,0.01,77972.77,1777196421000
1777196424.037,24.037,0.54,0.55,0.45,0.46,0.01,0.01,77972.61,1777196422000
1777196424.389,24.389,0.54,0.55,0.45,0.46,0.01,0.01,77972.87,1777196423000
1777196424.908,24.908,0.54,0.55,0.45,0.46,0.01,0.01,77972.87,1777196423000
1777196426.016,26.016,0.54,0.55,0.45,0.46,0.01,0.01,77972.78,1777196424000
1777196426.455,26.455,0.54,0.55,0.45,0.46,0.01,0.01,77972.78,1777196424000
1777196426.793,26.793,0.54,0.55,0.45,0.46,0.01,0.01,77972.71,1777196425000
1777196427.281,27.281,0.54,0.55,0.45,0.46,0.01,0.01,77972.68,1777196426000
1777196428.195,28.195,0.54,0.55,0.45,0.46,0.01,0.01,77972.68,1777196426000
1777196428.604,28.604,0.54,0.55,0.45,0.46,0.01,0.01,77972.74,1777196427000
1777196429.105,29.105,0.51,0.55,0.45,0.46,0.04,0.01,77972.74,1777196427000
1777196429.467,29.467,0.5,0.51,0.48,0.5,0.01,0.02,77971.98,1777196428000
1777196429.812,29.812,0.5,0.51,0.49,0.5,0.01,0.01,77971.98,1777196428000
1777196430.339,30.339,0.5,0.51,0.49,0.5,0.01,0.01,77971.98,1777196429000
1777196430.844,30.844,0.5,0.51,0.49,0.5,0.01,0.01,77971.98,1777196429000
1777196431.215,31.215,0.5,0.51,0.49,0.5,0.01,0.01,77972.29,1777196430000
1777196431.557,31.557,0.5,0.51,0.49,0.5,0.01,0.01,77972.29,1777196430000
1777196432.012,32.012,0.5,0.51,0.49,0.5,0.01,0.01,77972.29,1777196430000
1777196432.393,32.393,0.5,0.51,0.49,0.5,0.01,0.01,77972.55,1777196431000
1777196433.151,33.151,0.5,0.51,0.49,0.5,0.01,0.01,77972.55,1777196431000
1777196433.724,33.724,0.5,0.51,0.49,0.5,0.01,0.01,77972.55,1777196432000
1777196434.137,34.137,0.5,0.51,0.49,0.5,0.01,0.01,77972.55,1777196432000
1777196434.73,34.73,0.5,0.51,0.49,0.5,0.01,0.01,77972.55,1777196432000
1777196435.472,35.472,0.46,0.47,0.53,0.54,0.01,0.01,77972.59,1777196434000
1777196435.813,35.813,0.46,0.47,0.53,0.54,0.01,0.01,77972.59,1777196434000
1777196436.223,36.223,0.46,0.47,0.53,0.54,0.01,0.01,77972.55,1777196435000
1777196436.65,36.65,0.46,0.47,0.53,0.54,0.01,0.01,77972.55,1777196435000
1777196436.997,36.997,0.46,0.47,0.53,0.54,0.01,0.01,77972.55,1777196435000
1777196437.389,37.389,0.46,0.47,0.53,0.54,0.01,0.01,77971.78,1777196436000
1777196438.226,38.226,0.46,0.47,0.53,0.54,0.01,0.01,77971.78,1777196436000
1777196438.896,38.896,0.46,0.47,0.53,0.54,0.01,0.01,77970.69,1777196437000
1777196439.273,39.273,0.46,0.47,0.53,0.54,0.01,0.01,77970.69,1777196437000
1777196439.874,39.874,0.47,0.48,0.53,0.54,0.01,0.01,77970.69,1777196438000
1777196440.269,40.269,0.47,0.48,0.52,0.53,0.01,0.01,77970.69,1777196438000
1777196440.681,40.681,0.47,0.48,0.52,0.53,0.01,0.01,77970.79,1777196439000
1777196441.222,41.222,0.47,0.48,0.52,0.53,0.01,0.01,77970.79,1777196439000
1777196441.578,41.578,0.47,0.48,0.52,0.53,0.01,0.01,77970.78,1777196440000
1777196442.148,42.148,0.47,0.48,0.52,0.53,0.01,0.01,77970.78,1777196440000
1777196442.958,42.958,0.47,0.48,0.52,0.53,0.01,0.01,77970.83,1777196441000
1777196443.341,43.341,0.47,0.48,0.52,0.53,0.01,0.01,77970.79,1777196442000
1777196443.919,43.919,0.47,0.48,0.52,0.53,0.01,0.01,77970.79,1777196442000
1777196444.446,44.446,0.47,0.48,0.52,0.53,0.01,0.01,77970.83,1777196443000
1777196444.797,44.797,0.4,0.41,0.59,0.6,0.01,0.01,77970.83,1777196443000
1777196445.151,45.151,0.39,0.41,0.59,0.61,0.02,0.02,77963.01,1777196444000
1777196445.489,45.489,0.35,0.38,0.61,0.65,0.03,0.04,77963.01,1777196444000
1777196445.923,45.923,0.35,0.36,0.64,0.65,0.01,0.01,77963.01,1777196444000
1777196446.3,46.3,0.35,0.36,0.64,0.65,0.01,0.01,77962.45,1777196445000
1777196446.688,46.688,0.33,0.34,0.65,0.67,0.01,0.02,77962.45,1777196445000
1777196447.061,47.061,0.33,0.34,0.66,0.67,0.01,0.01,77962.45,1777196445000
1777196447.423,47.423,0.33,0.34,0.66,0.67,0.01,0.01,77962.18,1777196446000
1777196447.848,47.848,0.3,0.32,0.68,0.7,0.02,0.02,77961.53,1777196447000
1777196448.379,48.379,0.28,0.29,0.7,0.71,0.01,0.01,77961.53,1777196447000
1777196448.736,48.736,0.28,0.29,0.71,0.72,0.01,0.01,77961.53,1777196447000
1777196449.115,49.115,0.28,0.29,0.71,0.72,0.01,0.01,77961.53,1777196448000
1777196449.483,49.483,0.28,0.29,0.71,0.72,0.01,0.01,77961.53,1777196448000
1777196449.901,49.901,0.27,0.28,0.71,0.73,0.01,0.02,77961.53,1777196448000
1777196450.29,50.29,0.27,0.28,0.72,0.73,0.01,0.01,77961.17,1777196449000
1777196450.645,50.645,0.27,0.28,0.72,0.73,0.01,0.01,77961.17,1777196449000
1777196451.202,51.202,0.27,0.28,0.72,0.73,0.01,0.01,77961.17,1777196449000
1777196452.049,52.049,0.27,0.28,0.72,0.73,0.01,0.01,77958.69,1777196450000
1777196452.812,52.812,0.26,0.27,0.72,0.74,0.01,0.02,77958.69,1777196451000
1777196453.202,53.202,0.26,0.27,0.73,0.74,0.01,0.01,77958.69,1777196451000
1777196453.756,53.756,0.26,0.27,0.73,0.74,0.01,0.01,77958.81,1777196452000
1777196454.135,54.135,0.26,0.27,0.73,0.74,0.01,0.01,77959.06,1777196453000
1777196454.503,54.503,0.26,0.31,0.73,0.74,0.05,0.01,77959.06,1777196453000
1777196454.884,54.884,0.26,0.27,0.69,0.74,0.01,0.05,77959.06,1777196453000
1777196455.245,55.245,0.21,0.22,0.78,0.79,0.01,0.01,77958.67,1777196454000
1777196455.609,55.609,0.19,0.2,0.78,0.81,0.01,0.03,77958.67,1777196454000
1777196455.996,55.996,0.19,0.2,0.8,0.81,0.01,0.01,77958.67,1777196454000
1777196456.412,56.412,0.19,0.2,0.8,0.81,0.01,0.01,77954.08,1777196455000
1777196456.788,56.788,0.19,0.2,0.8,0.81,0.01,0.01,77954.08,1777196455000
1777196457.176,57.176,0.19,0.2,0.8,0.81,0.01,0.01,77954.08,1777196456000
1777196457.591,57.591,0.19,0.2,0.8,0.81,0.01,0.01,77954.08,1777196456000
1777196457.991,57.991,0.19,0.2,0.8,0.81,0.01,0.01,77954.08,1777196456000
1777196458.419,58.419,0.19,0.2,0.8,0.81,0.01,0.01,77951.92,1777196457000
1777196458.769,58.769,0.19,0.21,0.8,0.81,0.02,0.01,77951.92,1777196457000
1777196459.109,59.109,0.19,0.2,0.8,0.81,0.01,0.01,77951.92,1777196457000
1777196459.515,59.515,0.19,0.2,0.8,0.81,0.01,0.01,77951.92,1777196457000
1777196459.873,59.873,0.19,0.2,0.8,0.81,0.01,0.01,77952.2,1777196458000
1777196460.411,60.411,0.19,0.2,0.8,0.81,0.01,0.01,77951.97,1777196459000
1777196460.779,60.779,0.25,0.27,0.73,0.76,0.02,0.03,77951.97,1777196459000
1777196461.177,61.177,0.26,0.27,0.73,0.74,0.01,0.01,77951.97,1777196459000
1777196461.781,61.781,0.26,0.27,0.73,0.74,0.01,0.01,77951.97,1777196460000
1777196462.249,62.249,0.26,0.27,0.73,0.74,0.01,0.01,77951.97,1777196460000
1777196462.724,62.724,0.26,0.27,0.73,0.74,0.01,0.01,77949.64,1777196461000
1777196463.314,63.314,0.26,0.27,0.73,0.74,0.01,0.01,77953.91,1777196462000
1777196463.655,63.655,0.26,0.27,0.73,0.74,0.01,0.01,77953.91,1777196462000
1777196463.993,63.993,0.26,0.27,0.71,0.74,0.01,0.03,77953.91,1777196462000
1777196464.328,64.328,0.26,0.27,0.73,0.74,0.01,0.01,77950.33,1777196463000
1777196464.685,64.685,0.26,0.27,0.73,0.74,0.01,0.01,77950.33,1777196463000
1777196465.31,65.31,0.26,0.27,0.73,0.74,0.01,0.01,77950.49,1777196464000
1777196465.692,65.692,0.26,0.27,0.73,0.74,0.01,0.01,77950.49,1777196464000
1777196466.237,66.237,0.26,0.27,0.73,0.74,0.01,0.01,77950.49,1777196464000
1777196466.582,66.582,0.26,0.27,0.72,0.74,0.01,0.02,77953.95,1777196465000
1777196466.971,66.971,0.26,0.27,0.73,0.74,0.01,0.01,77953.94,1777196466000
1777196467.483,67.483,0.26,0.27,0.73,0.74,0.01,0.01,77953.94,1777196466000
1777196468.472,68.472,0.26,0.3,0.7,0.74,0.04,0.04,77953.94,1777196466000
1777196468.844,68.844,0.45,0.46,0.54,0.55,0.01,0.01,77953.96,1777196467000
1777196469.178,69.178,0.45,0.47,0.54,0.55,0.02,0.01,77953.96,1777196467000
1777196469.519,69.519,0.46,0.47,0.53,0.54,0.01,0.01,77953.96,1777196467000
1777196469.891,69.891,0.52,0.55,0.47,0.48,0.03,0.01,77956.44,1777196468000
1777196470.392,70.392,0.55,0.56,0.45,0.46,0.01,0.01,77961.12,1777196469000
1777196470.736,70.736,0.55,0.56,0.44,0.45,0.01,0.01,77961.12,1777196469000
1777196471.124,71.124,0.55,0.56,0.44,0.45,0.01,0.01,77961.12,1777196469000
1777196471.531,71.531,0.55,0.56,0.44,0.45,0.01,0.01,77967.15,1777196470000
1777196471.917,71.917,0.55,0.56,0.44,0.45,0.01,0.01,77967.15,1777196470000
1777196472.259,72.259,0.54,0.56,0.44,0.45,0.02,0.01,77967.59,1777196471000
1777196473.257,73.257,0.54,0.56,0.44,0.46,0.02,0.02,77968.62,1777196472000
1777196473.69,73.69,0.54,0.55,0.44,0.46,0.01,0.02,77968.62,1777196472000
1777196474.137,74.137,0.53,0.55,0.45,0.46,0.02,0.01,77968.62,1777196472000
1777196474.474,74.474,0.52,0.55,0.45,0.46,0.03,0.01,77968.62,1777196472000
1777196474.81,74.81,0.51,0.55,0.45,0.49,0.04,0.04,77969.13,1777196473000
1777196475.599,75.599,0.53,0.55,0.45,0.46,0.02,0.01,77968.28,1777196474000
1777196475.954,75.954,0.53,0.54,0.46,0.47,0.01,0.01,77968.28,1777196474000
1777196476.391,76.391,0.53,0.54,0.46,0.47,0.01,0.01,77968.28,1777196475000
1777196476.887,76.887,0.53,0.54,0.46,0.47,0.01,0.01,77968.28,1777196475000
1777196477.366,77.366,0.53,0.54,0.46,0.47,0.01,0.01,77968.28,1777196475000
1777196477.864,77.864,0.52,0.53,0.47,0.48,0.01,0.01,77968.29,1777196476000
1777196478.43,78.43,0.52,0.53,0.47,0.48,0.01,0.01,77968.29,1777196477000
1777196478.824,78.824,0.51,0.53,0.47,0.48,0.02,0.01,77968.29,1777196477000
1777196479.224,79.224,0.51,0.52,0.48,0.49,0.01,0.01,77968.29,1777196478000
1777196479.694,79.694,0.51,0.52,0.48,0.49,0.01,0.01,77968.29,1777196478000
1777196480.238,80.238,0.51,0.52,0.48,0.49,0.01,0.01,77968.94,1777196479000
1777196480.747,80.747,0.47,0.52,0.48,0.49,0.05,0.01,77968.94,1777196479000
1777196481.246,81.246,0.48,0.49,0.51,0.52,0.01,0.01,77968.94,1777196479000
1777196481.87,81.87,0.48,0.49,0.51,0.52,0.01,0.01,77968.34,1777196480000
1777196482.521,82.521,0.48,0.49,0.51,0.52,0.01,0.01,77968.34,1777196481000
1777196482.865,82.865,0.47,0.49,0.51,0.52,0.02,0.01,77968.34,1777196481000
1777196483.283,83.283,0.47,0.48,0.52,0.53,0.01,0.01,77968.22,1777196482000
1777196483.684,83.684,0.47,0.48,0.52,0.53,0.01,0.01,77968.22,1777196482000
1777196484.09,84.09,0.46,0.47,0.53,0.54,0.01,0.01,77968.22,1777196482000
1777196484.523,84.523,0.44,0.45,0.55,0.56,0.01,0.01,77968.34,1777196483000
1777196485.008,85.008,0.43,0.44,0.55,0.56,0.01,0.01,77968.34,1777196483000
1777196485.382,85.382,0.43,0.44,0.56,0.57,0.01,0.01,77968.34,1777196483000
1777196485.764,85.764,0.43,0.44,0.56,0.57,0.01,0.01,77968.34,1777196483000
1777196486.369,86.369,0.42,0.44,0.56,0.57,0.02,0.01,77969.07,1777196484000
1777196486.778,86.778,0.42,0.43,0.56,0.58,0.01,0.02,77968.84,1777196485000
1777196487.342,87.342,0.42,0.43,0.57,0.58,0.01,0.01,77968.84,1777196486000
1777196487.708,87.708,0.39,0.4,0.57,0.62,0.01,0.05,77968.84,1777196486000
1777196488.163,88.163,0.36,0.37,0.63,0.65,0.01,0.02,77968.84,1777196486000
1777196488.598,88.598,0.36,0.37,0.63,0.64,0.01,0.01,77968.84,1777196486000
1777196488.932,88.932,0.36,0.37,0.63,0.64,0.01,0.01,77968.83,1777196487000
1777196489.271,89.271,0.36,0.37,0.63,0.64,0.01,0.01,77968.83,1777196487000
1777196489.694,89.694,0.36,0.37,0.63,0.64,0.01,0.01,77968.93,1777196488000
1777196490.034,90.034,0.36,0.37,0.63,0.64,0.01,0.01,77968.9,1777196489000
1777196490.385,90.385,0.38,0.39,0.61,0.63,0.01,0.02,77968.9,1777196489000
1777196490.746,90.746,0.41,0.42,0.58,0.59,0.01,0.01,77968.9,1777196489000
1777196491.086,91.086,0.4,0.41,0.59,0.6,0.01,0.01,77968.9,1777196489000
1777196491.452,91.452,0.4,0.41,0.59,0.6,0.01,0.01,77968.9,1777196489000
1777196491.818,91.818,0.4,0.41,0.59,0.6,0.01,0.01,77968.72,1777196490000
1777196492.392,92.392,0.4,0.41,0.59,0.6,0.01,0.01,77967.85,1777196491000
1777196493.197,93.197,0.4,0.41,0.59,0.6,0.01,0.01,77967.85,1777196492000
1777196493.635,93.635,0.4,0.41,0.59,0.6,0.01,0.01,77967.85,1777196492000
1777196494.126,94.126,0.41,0.43,0.58,0.59,0.02,0.01,77967.85,1777196492000
1777196494.673,94.673,0.41,0.43,0.57,0.59,0.02,0.02,77965.64,1777196493000
1777196495.212,95.212,0.42,0.43,0.57,0.58,0.01,0.01,77965.64,1777196493000
1777196495.725,95.725,0.42,0.43,0.57,0.58,0.01,0.01,77967.89,1777196494000
1777196496.093,96.093,0.42,0.43,0.57,0.58,0.01,0.01,77967.89,1777196494000
1777196496.61,96.61,0.42,0.43,0.57,0.58,0.01,0.01,77968.03,1777196495000
1777196497.11,97.11,0.42,0.43,0.57,0.58,0.01,0.01,77968.03,1777196495000
1777196497.533,97.533,0.42,0.43,0.57,0.58,0.01,0.01,77968.03,1777196495000
1777196497.944,97.944,0.42,0.43,0.57,0.58,0.01,0.01,77967.32,1777196496000
1777196498.333,98.333,0.33,0.34,0.66,0.67,0.01,0.01,77967.32,1777196496000
1777196498.711,98.711,0.33,0.34,0.66,0.67,0.01,0.01,77968.0,1777196497000
1777196499.047,99.047,0.33,0.34,0.66,0.67,0.01,0.01,77968.0,1777196497000
1777196499.481,99.481,0.33,0.34,0.66,0.67,0.01,0.01,77964.67,1777196498000
1777196499.917,99.917,0.29,0.3,0.7,0.71,0.01,0.01,77964.67,1777196498000
1777196500.353,100.353,0.28,0.3,0.71,0.72,0.02,0.01,77964.67,1777196498000
1777196500.724,100.724,0.29,0.3,0.7,0.71,0.01,0.01,77964.67,1777196498000
1777196501.186,101.186,0.29,0.3,0.7,0.71,0.01,0.01,77965.13,1777196499000
1777196501.523,101.523,0.28,0.29,0.71,0.72,0.01,0.01,77963.1,1777196500000
1777196502.029,102.029,0.28,0.29,0.71,0.72,0.01,0.01,77963.1,1777196500000
1777196502.406,102.406,0.28,0.29,0.71,0.72,0.01,0.01,77963.13,1777196501000
1777196502.763,102.763,0.27,0.28,0.72,0.73,0.01,0.01,77963.13,1777196501000
1777196503.114,103.114,0.27,0.28,0.72,0.73,0.01,0.01,77963.13,1777196501000
1777196503.478,103.478,0.26,0.28,0.72,0.73,0.02,0.01,77963.13,1777196501000
1777196503.84,103.84,0.26,0.27,0.73,0.74,0.01,0.01,77960.44,1777196502000
1777196504.202,104.202,0.26,0.27,0.73,0.74,0.01,0.01,77959.62,1777196503000
1777196504.571,104.571,0.26,0.27,0.73,0.74,0.01,0.01,77959.62,1777196503000
1777196505.042,105.042,0.26,0.27,0.73,0.74,0.01,0.01,77958.83,1777196504000
1777196506.15,106.15,0.26,0.27,0.73,0.74,0.01,0.01,77958.29,1777196505000
1777196506.59,106.59,0.26,0.27,0.73,0.74,0.01,0.01,77958.29,1777196505000
1777196506.931,106.931,0.17,0.19,0.8,0.82,0.02,0.02,77958.29,1777196505000
1777196507.271,107.271,0.16,0.19,0.81,0.84,0.03,0.03,77958.29,1777196505000
1777196507.677,107.677,0.17,0.18,0.82,0.83,0.01,0.01,77951.45,1777196506000
1777196508.04,108.04,0.17,0.18,0.82,0.84,0.01,0.02,77951.45,1777196507000
1777196508.439,108.439,0.16,0.17,0.83,0.84,0.01,0.01,77951.45,1777196507000
1777196508.854,108.854,0.16,0.17,0.83,0.84,0.01,0.01,77951.45,1777196507000
1777196509.33,109.33,0.16,0.17,0.83,0.84,0.01,0.01,77953.6,1777196508000
1777196509.795,109.795,0.16,0.17,0.83,0.84,0.01,0.01,77953.6,1777196508000
1777196510.228,110.228,0.15,0.16,0.84,0.85,0.01,0.01,77953.26,1777196509000
1777196510.584,110.584,0.15,0.16,0.84,0.85,0.01,0.01,77953.26,1777196509000
1777196511.013,111.013,0.15,0.16,0.84,0.85,0.01,0.01,77953.26,1777196509000
1777196511.437,111.437,0.15,0.16,0.84,0.85,0.01,0.01,77953.22,1777196510000
1777196512.011,112.011,0.15,0.16,0.84,0.85,0.01,0.01,77953.17,1777196511000
1777196512.803,112.803,0.15,0.16,0.84,0.85,0.01,0.01,77953.17,1777196511000
1777196513.191,113.191,0.15,0.16,0.84,0.85,0.01,0.01,77953.17,1777196511000
1777196513.593,113.593,0.15,0.16,0.84,0.85,0.01,0.01,77952.21,1777196512000
1777196514.305,114.305,0.15,0.16,0.84,0.85,0.01,0.01,77952.21,1777196512000
1777196514.682,114.682,0.15,0.16,0.84,0.85,0.01,0.01,77952.19,1777196513000
1777196515.18,115.18,0.15,0.16,0.84,0.85,0.01,0.01,77952.17,1777196514000
1777196515.567,115.567,0.15,0.16,0.84,0.85,0.01,0.01,77952.17,1777196514000
1777196516.076,116.076,0.15,0.16,0.84,0.85,0.01,0.01,77952.17,1777196514000
1777196516.744,116.744,0.15,0.16,0.84,0.85,0.01,0.01,77952.27,1777196515000
1777196517.111,117.111,0.15,0.16,0.84,0.85,0.01,0.01,77952.27,1777196515000
1777196517.817,117.817,0.15,0.16,0.84,0.85,0.01,0.01,77952.25,1777196516000
1777196518.154,118.154,0.14,0.15,0.85,0.86,0.01,0.01,77952.25,1777196516000
1777196518.652,118.652,0.14,0.15,0.85,0.86,0.01,0.01,77952.25,1777196516000
1777196519.097,119.097,0.14,0.15,0.85,0.86,0.01,0.01,77952.13,1777196517000
1777196519.488,119.488,0.14,0.15,0.85,0.86,0.01,0.01,77952.13,1777196517000
1777196519.822,119.822,0.14,0.15,0.85,0.86,0.01,0.01,77952.13,1777196517000
1777196520.209,120.209,0.14,0.15,0.85,0.86,0.01,0.01,77952.13,1777196518000
1777196520.594,120.594,0.14,0.15,0.85,0.86,0.01,0.01,77952.13,1777196518000
1777196521.1,121.1,0.14,0.15,0.85,0.86,0.01,0.01,77952.13,1777196518000
1777196521.482,121.482,0.14,0.15,0.85,0.86,0.01,0.01,77952.13,1777196518000
1777196521.83,121.83,0.15,0.16,0.85,0.86,0.01,0.01,77952.13,1777196519000
1777196522.199,122.199,0.2,0.21,0.79,0.81,0.01,0.02,77952.13,1777196519000
1777196522.581,122.581,0.21,0.22,0.79,0.8,0.01,0.01,77952.13,1777196519000
1777196522.928,122.928,0.23,0.24,0.71,0.79,0.01,0.08,77951.88,1777196521000
1777196523.267,123.267,0.26,0.27,0.73,0.75,0.01,0.02,77951.88,1777196521000
1777196523.695,123.695,0.26,0.27,0.73,0.74,0.01,0.01,77951.88,1777196521000
1777196524.065,124.065,0.26,0.27,0.73,0.74,0.01,0.01,77951.77,1777196522000
1777196524.58,124.58,0.26,0.27,0.73,0.74,0.01,0.01,77951.77,1777196522000
1777196525.046,125.046,0.26,0.27,0.73,0.74,0.01,0.01,77952.3,1777196523000
1777196525.48,125.48,0.26,0.27,0.73,0.74,0.01,0.01,77952.3,1777196523000
1777196525.857,125.857,0.26,0.27,0.73,0.74,0.01,0.01,77952.3,1777196523000
1777196526.535,126.535,0.26,0.27,0.73,0.74,0.01,0.01,77953.17,1777196524000
1777196526.975,126.975,0.26,0.27,0.73,0.74,0.01,0.01,77953.55,1777196525000
1777196527.582,127.582,0.26,0.27,0.73,0.74,0.01,0.01,77953.55,1777196525000
1777196527.945,127.945,0.26,0.27,0.73,0.74,0.01,0.01,77953.48,1777196526000
1777196528.588,128.588,0.26,0.27,0.73,0.74,0.01,0.01,77953.48,1777196526000
1777196529.472,129.472,0.26,0.27,0.73,0.74,0.01,0.01,77953.48,1777196527000
1777196529.821,129.821,0.26,0.27,0.73,0.74,0.01,0.01,77953.49,1777196528000
1777196530.201,130.201,0.26,0.27,0.73,0.74,0.01,0.01,77953.49,1777196529000
1777196531.143,131.143,0.26,0.27,0.73,0.74,0.01,0.01,77953.49,1777196529000
1777196531.526,131.526,0.26,0.27,0.73,0.74,0.01,0.01,77953.49,1777196529000
1777196532.173,132.173,0.26,0.27,0.73,0.74,0.01,0.01,77953.49,1777196530000
1777196532.546,132.546,0.26,0.27,0.73,0.74,0.01,0.01,77953.95,1777196531000
1777196533.096,133.096,0.26,0.27,0.73,0.74,0.01,0.01,77953.67,1777196532000
1777196533.602,133.602,0.26,0.27,0.73,0.74,0.01,0.01,77953.67,1777196532000
1777196534.084,134.084,0.26,0.27,0.73,0.74,0.01,0.01,77953.67,1777196532000
1777196534.443,134.443,0.26,0.27,0.73,0.74,0.01,0.01,77953.49,1777196533000
1777196534.804,134.804,0.26,0.27,0.73,0.74,0.01,0.01,77953.49,1777196533000
1777196535.195,135.195,0.26,0.27,0.73,0.74,0.01,0.01,77953.51,1777196534000
1777196535.571,135.571,0.26,0.27,0.73,0.74,0.01,0.01,77953.51,1777196534000
1777196535.979,135.979,0.26,0.27,0.73,0.74,0.01,0.01,77953.51,1777196534000
1777196536.407,136.407,0.26,0.27,0.73,0.74,0.01,0.01,77953.51,1777196534000
1777196536.964,136.964,0.26,0.27,0.73,0.74,0.01,0.01,77953.5,1777196536000
1777196537.311,137.311,0.25,0.26,0.73,0.75,0.01,0.02,77953.5,1777196536000
1777196538.116,138.116,0.25,0.26,0.74,0.75,0.01,0.01,77953.5,1777196536000
1777196538.642,138.642,0.25,0.26,0.74,0.75,0.01,0.01,77953.51,1777196537000
1777196539.017,139.017,0.25,0.26,0.74,0.75,0.01,0.01,77953.51,1777196537000
1777196540.042,140.042,0.25,0.26,0.74,0.75,0.01,0.01,77953.51,1777196538000
1777196540.385,140.385,0.22,0.26,0.74,0.75,0.04,0.01,77953.51,1777196539000
1777196540.752,140.752,0.19,0.2,0.8,0.81,0.01,0.01,77953.51,1777196539000
1777196541.085,141.085,0.18,0.2,0.8,0.82,0.02,0.02,77953.51,1777196539000
1777196541.493,141.493,0.18,0.2,0.8,0.82,0.02,0.02,77953.59,1777196540000
1777196541.996,141.996,0.18,0.19,0.8,0.82,0.01,0.02,77953.59,1777196540000
1777196542.378,142.378,0.18,0.19,0.81,0.82,0.01,0.01,77953.14,1777196541000
1777196542.818,142.818,0.18,0.19,0.81,0.82,0.01,0.01,77953.14,1777196541000
1777196543.539,143.539,0.18,0.19,0.81,0.82,0.01,0.01,77952.72,1777196542000
1777196543.906,143.906,0.18,0.19,0.81,0.82,0.01,0.01,77952.72,1777196542000
1777196544.294,144.294,0.17,0.19,0.81,0.83,0.02,0.02,77952.72,1777196543000
1777196544.733,144.733,0.17,0.18,0.82,0.83,0.01,0.01,77952.72,1777196543000
1777196545.109,145.109,0.17,0.18,0.82,0.83,0.01,0.01,77952.72,1777196543000
1777196545.488,145.488,0.17,0.18,0.82,0.83,0.01,0.01,77952.72,1777196543000
1777196545.868,145.868,0.17,0.18,0.82,0.83,0.01,0.01,77952.69,1777196544000
1777196546.218,146.218,0.17,0.18,0.82,0.83,0.01,0.01,77952.69,1777196545000
1777196546.722,146.722,0.17,0.18,0.82,0.83,0.01,0.01,77952.69,1777196545000
1777196547.164,147.164,0.17,0.18,0.82,0.83,0.01,0.01,77952.69,1777196545000
1777196547.526,147.526,0.17,0.18,0.82,0.83,0.01,0.01,77952.8,1777196546000
1777196548.179,148.179,0.17,0.18,0.82,0.83,0.01,0.01,77952.8,1777196546000
1777196549.55,149.55,0.17,0.18,0.82,0.83,0.01,0.01,77952.71,1777196547000
1777196550.162,150.162,0.17,0.18,0.82,0.83,0.01,0.01,77952.58,1777196548000
1777196550.509,150.509,0.17,0.18,0.82,0.83,0.01,0.01,77952.58,1777196549000
1777196550.989,150.989,0.17,0.18,0.82,0.83,0.01,0.01,77952.59,1777196550000
1777196551.426,151.426,0.17,0.18,0.82,0.83,0.01,0.01,77952.59,1777196550000
1777196552.243,152.243,0.17,0.18,0.82,0.83,0.01,0.01,77952.59,1777196550000
1777196553.026,153.026,0.17,0.18,0.82,0.83,0.01,0.01,77952.64,1777196552000
1777196553.462,153.462,0.17,0.18,0.82,0.83,0.01,0.01,77952.64,1777196552000
1777196553.797,153.797,0.17,0.18,0.82,0.83,0.01,0.01,77952.64,1777196552000
1777196554.135,154.135,0.17,0.18,0.82,0.83,0.01,0.01,77952.64,1777196552000
1777196554.64,154.64,0.16,0.17,0.83,0.84,0.01,0.01,77952.61,1777196553000
1777196555.149,155.149,0.16,0.17,0.83,0.84,0.01,0.01,77952.63,1777196554000
1777196555.679,155.679,0.16,0.17,0.83,0.84,0.01,0.01,77952.63,1777196554000
1777196556.112,156.112,0.16,0.17,0.83,0.84,0.01,0.01,77952.63,1777196554000
1777196556.455,156.455,0.14,0.16,0.84,0.86,0.02,0.02,77952.63,1777196554000
1777196556.802,156.802,0.12,0.13,0.87,0.88,0.01,0.01,77952.63,1777196554000
1777196557.187,157.187,0.12,0.13,0.87,0.88,0.01,0.01,77952.59,1777196555000
1777196557.524,157.524,0.11,0.12,0.87,0.89,0.01,0.02,77952.59,1777196555000
1777196557.893,157.893,0.11,0.12,0.88,0.89,0.01,0.01,77952.59,1777196555000
1777196558.583,158.583,0.11,0.12,0.88,0.89,0.01,0.01,77952.25,1777196557000
1777196559.139,159.139,0.11,0.12,0.88,0.89,0.01,0.01,77950.17,1777196558000
1777196559.563,159.563,0.11,0.12,0.88,0.89,0.01,0.01,77950.17,1777196558000
1777196559.938,159.938,0.11,0.12,0.88,0.89,0.01,0.01,77950.17,1777196558000
1777196560.412,160.412,0.1,0.11,0.89,0.9,0.01,0.01,77950.17,1777196559000
1777196560.8,160.8,0.1,0.11,0.89,0.9,0.01,0.01,77950.17,1777196559000
1777196561.162,161.162,0.1,0.11,0.89,0.9,0.01,0.01,77950.17,1777196559000
1777196561.646,161.646,0.1,0.11,0.89,0.9,0.01,0.01,77950.15,1777196560000
1777196562.011,162.011,0.11,0.12,0.88,0.89,0.01,0.01,77950.15,1777196560000
1777196562.611,162.611,0.11,0.12,0.88,0.89,0.01,0.01,77949.49,1777196561000
1777196562.997,162.997,0.11,0.12,0.88,0.89,0.01,0.01,77949.49,1777196561000
1777196563.555,163.555,0.11,0.12,0.88,0.89,0.01,0.01,77949.36,1777196562000
1777196564.146,164.146,0.11,0.12,0.88,0.89,0.01,0.01,77950.02,1777196563000
1777196564.498,164.498,0.11,0.12,0.88,0.89,0.01,0.01,77950.02,1777196563000
1777196565.171,165.171,0.11,0.12,0.88,0.89,0.01,0.01,77950.01,1777196564000
1777196566.012,166.012,0.11,0.12,0.88,0.89,0.01,0.01,77950.01,1777196564000
1777196566.356,166.356,0.11,0.12,0.88,0.89,0.01,0.01,77950.06,1777196565000
1777196566.755,166.755,0.1,0.11,0.89,0.9,0.01,0.01,77950.06,1777196565000
1777196567.108,167.108,0.1,0.11,0.89,0.9,0.01,0.01,77950.06,1777196565000
1777196567.635,167.635,0.1,0.11,0.89,0.9,0.01,0.01,77942.18,1777196566000
1777196568.301,168.301,0.1,0.11,0.89,0.9,0.01,0.01,77942.18,1777196567000
1777196569.067,169.067,0.09,0.1,0.9,0.91,0.01,0.01,77942.18,1777196567000
1777196569.47,169.47,0.09,0.1,0.9,0.91,0.01,0.01,77942.18,1777196568000
1777196569.857,169.857,0.08,0.09,0.91,0.92,0.01,0.01,77942.18,1777196568000
1777196570.304,170.304,0.09,0.1,0.9,0.91,0.01,0.01,77942.18,1777196569000
1777196570.698,170.698,0.09,0.1,0.9,0.91,0.01,0.01,77942.18,1777196569000
1777196571.192,171.192,0.08,0.09,0.91,0.92,0.01,0.01,77942.19,1777196570000
1777196571.784,171.784,0.08,0.09,0.91,0.92,0.01,0.01,77942.19,1777196570000
1777196572.167,172.167,0.08,0.09,0.91,0.92,0.01,0.01,77942.19,1777196570000
1777196573.008,173.008,0.08,0.09,0.91,0.92,0.01,0.01,77942.19,1777196571000
1777196573.427,173.427,0.08,0.09,0.91,0.92,0.01,0.01,77942.2,1777196572000
1777196574.181,174.181,0.08,0.09,0.91,0.92,0.01,0.01,77942.18,1777196573000
1777196574.731,174.731,0.08,0.09,0.91,0.92,0.01,0.01,77942.18,1777196573000
1777196575.151,175.151,0.08,0.09,0.91,0.92,0.01,0.01,77942.19,1777196574000
1777196575.521,175.521,0.08,0.09,0.91,0.92,0.01,0.01,77942.19,1777196574000
1777196576.043,176.043,0.08,0.09,0.91,0.92,0.01,0.01,77942.19,1777196575000
1777196576.423,176.423,0.08,0.09,0.91,0.92,0.01,0.01,77942.19,1777196575000
1777196576.966,176.966,0.08,0.09,0.91,0.92,0.01,0.01,77942.19,1777196576000
1777196577.459,177.459,0.08,0.09,0.91,0.92,0.01,0.01,77942.19,1777196576000
1777196577.811,177.811,0.08,0.09,0.91,0.92,0.01,0.01,77942.19,1777196577000
1777196578.654,178.654,0.08,0.09,0.91,0.92,0.01,0.01,77942.19,1777196577000
1777196579.007,179.007,0.07,0.08,0.92,0.93,0.01,0.01,77942.19,1777196577000
1777196579.465,179.465,0.07,0.08,0.92,0.93,0.01,0.01,77942.19,1777196578000
1777196579.854,179.854,0.07,0.08,0.92,0.93,0.01,0.01,77942.19,1777196578000
1777196580.294,180.294,0.07,0.08,0.92,0.93,0.01,0.01,77942.18,1777196579000
1777196580.63,180.63,0.09,0.1,0.9,0.91,0.01,0.01,77942.18,1777196579000
1777196581.007,181.007,0.09,0.1,0.9,0.91,0.01,0.01,77942.18,1777196579000
1777196581.35,181.35,0.05,0.1,0.9,0.91,0.05,0.01,77942.18,1777196580000
1777196581.692,181.692,0.06,0.07,0.93,0.94,0.01,0.01,77942.18,1777196580000
1777196582.103,182.103,0.06,0.07,0.93,0.94,0.01,0.01,77942.18,1777196580000
1777196582.545,182.545,0.06,0.07,0.93,0.94,0.01,0.01,77944.18,1777196581000
1777196582.924,182.924,0.06,0.07,0.93,0.94,0.01,0.01,77944.18,1777196581000
1777196583.289,183.289,0.06,0.08,0.93,0.94,0.02,0.01,77944.18,1777196581000
1777196583.667,183.667,0.07,0.08,0.92,0.93,0.01,0.01,77947.01,1777196582000
1777196584.134,184.134,0.07,0.08,0.92,0.93,0.01,0.01,77947.01,1777196582000
1777196584.47,184.47,0.07,0.08,0.92,0.93,0.01,0.01,77947.03,1777196583000
1777196584.828,184.828,0.07,0.08,0.92,0.93,0.01,0.01,77947.03,1777196583000
1777196585.518,185.518,0.07,0.08,0.92,0.93,0.01,0.01,77947.02,1777196584000
1777196585.882,185.882,0.08,0.09,0.91,0.92,0.01,0.01,77947.02,1777196584000
1777196586.226,186.226,0.08,0.09,0.91,0.92,0.01,0.01,77946.95,1777196585000
1777196586.626,186.626,0.08,0.09,0.91,0.92,0.01,0.01,77946.95,1777196585000
1777196587.069,187.069,0.08,0.09,0.91,0.92,0.01,0.01,77946.94,1777196586000
1777196587.5,187.5,0.08,0.09,0.91,0.92,0.01,0.01,77946.94,1777196586000
1777196587.908,187.908,0.08,0.09,0.91,0.92,0.01,0.01,77946.94,1777196586000
1777196588.241,188.241,0.1,0.12,0.89,0.92,0.02,0.03,77946.94,1777196587000
1777196588.612,188.612,0.12,0.13,0.87,0.88,0.01,0.01,77946.94,1777196587000
1777196588.955,188.955,0.13,0.14,0.86,0.87,0.01,0.01,77946.94,1777196587000
1777196589.42,189.42,0.13,0.14,0.86,0.87,0.01,0.01,77946.99,1777196588000
1777196589.93,189.93,0.13,0.14,0.86,0.87,0.01,0.01,77946.99,1777196589000
1777196590.444,190.444,0.13,0.14,0.86,0.87,0.01,0.01,77946.99,1777196589000
1777196590.811,190.811,0.13,0.14,0.86,0.87,0.01,0.01,77946.99,1777196589000
1777196591.161,191.161,0.13,0.14,0.86,0.87,0.01,0.01,77947.81,1777196590000
1777196591.529,191.529,0.13,0.14,0.86,0.87,0.01,0.01,77947.81,1777196590000
1777196591.892,191.892,0.13,0.14,0.86,0.87,0.01,0.01,77947.81,1777196590000
1777196592.267,192.267,0.13,0.14,0.86,0.87,0.01,0.01,77947.88,1777196591000
1777196592.782,192.782,0.12,0.13,0.87,0.88,0.01,0.01,77947.88,1777196591000
1777196593.223,193.223,0.11,0.13,0.87,0.88,0.02,0.01,77947.81,1777196592000
1777196593.616,193.616,0.11,0.12,0.87,0.89,0.01,0.02,77947.81,1777196592000
1777196593.968,193.968,0.11,0.12,0.88,0.89,0.01,0.01,77947.84,1777196593000
1777196594.381,194.381,0.11,0.12,0.88,0.89,0.01,0.01,77947.84,1777196593000
1777196594.801,194.801,0.11,0.12,0.88,0.89,0.01,0.01,77947.87,1777196594000
1777196595.994,195.994,0.11,0.12,0.88,0.89,0.01,0.01,77947.87,1777196594000
1777196596.547,196.547,0.11,0.12,0.88,0.89,0.01,0.01,77947.86,1777196595000
1777196597.108,197.108,0.11,0.12,0.88,0.89,0.01,0.01,77947.86,1777196595000
1777196597.475,197.475,0.11,0.13,0.87,0.89,0.02,0.02,77947.86,1777196596000
1777196597.866,197.866,0.12,0.13,0.87,0.88,0.01,0.01,77947.86,1777196596000
1777196598.208,198.208,0.12,0.13,0.87,0.88,0.01,0.01,77947.86,1777196596000
1777196598.68,198.68,0.12,0.13,0.87,0.88,0.01,0.01,77947.86,1777196597000
1777196599.098,199.098,0.12,0.13,0.87,0.88,0.01,0.01,77949.69,1777196598000
1777196599.611,199.611,0.12,0.13,0.87,0.88,0.01,0.01,77949.69,1777196598000
1777196600.077,200.077,0.12,0.13,0.87,0.88,0.01,0.01,77949.98,1777196599000
1777196600.605,200.605,0.12,0.15,0.87,0.88,0.03,0.01,77949.98,1777196599000
1777196600.95,200.95,0.59,0.6,0.4,0.41,0.01,0.01,77949.98,1777196599000
1777196601.299,201.299,0.59,0.6,0.4,0.41,0.01,0.01,77949.93,1777196600000
1777196601.664,201.664,0.64,0.65,0.35,0.36,0.01,0.01,77949.93,1777196600000
1777196602.072,202.072,0.65,0.66,0.34,0.36,0.01,0.02,77949.93,1777196600000
1777196602.468,202.468,0.65,0.66,0.34,0.35,0.01,0.01,77962.23,1777196601000
1777196602.884,202.884,0.65,0.66,0.34,0.35,0.01,0.01,77962.23,1777196601000
1777196603.24,203.24,0.65,0.66,0.34,0.35,0.01,0.01,77972.43,1777196602000
1777196603.618,203.618,0.65,0.66,0.34,0.35,0.01,0.01,77972.43,1777196602000
1777196604.036,204.036,0.65,0.66,0.34,0.35,0.01,0.01,77971.92,1777196603000
1777196604.479,204.479,0.65,0.66,0.34,0.35,0.01,0.01,77971.92,1777196603000
1777196604.822,204.822,0.65,0.66,0.34,0.35,0.01,0.01,77971.92,1777196603000
1777196605.206,205.206,0.65,0.66,0.34,0.35,0.01,0.01,77973.36,1777196604000
1777196605.548,205.548,0.65,0.66,0.34,0.35,0.01,0.01,77973.36,1777196604000
1777196605.978,205.978,0.65,0.66,0.34,0.35,0.01,0.01,77972.76,1777196605000
1777196606.312,206.312,0.65,0.66,0.34,0.35,0.01,0.01,77972.76,1777196605000
1777196606.707,206.707,0.65,0.66,0.34,0.35,0.01,0.01,77972.76,1777196605000
1777196607.087,207.087,0.65,0.66,0.34,0.35,0.01,0.01,77972.85,1777196606000
1777196607.512,207.512,0.65,0.66,0.34,0.35,0.01,0.01,77972.85,1777196606000
1777196608.062,208.062,0.65,0.66,0.34,0.35,0.01,0.01,77975.32,1777196607000
1777196608.478,208.478,0.65,0.66,0.34,0.35,0.01,0.01,77975.32,1777196607000
1777196608.925,208.925,0.65,0.66,0.34,0.35,0.01,0.01,77975.32,1777196607000
1777196609.332,209.332,0.65,0.66,0.34,0.35,0.01,0.01,77976.43,1777196608000
1777196609.696,209.696,0.65,0.66,0.34,0.35,0.01,0.01,77976.43,1777196608000
1777196610.085,210.085,0.65,0.66,0.34,0.35,0.01,0.01,77976.43,1777196608000
1777196610.549,210.549,0.64,0.66,0.34,0.35,0.02,0.01,77976.59,1777196609000
1777196610.91,210.91,0.65,0.66,0.34,0.35,0.01,0.01,77976.57,1777196610000
1777196611.6,211.6,0.65,0.66,0.34,0.35,0.01,0.01,77976.57,1777196610000
1777196611.938,211.938,0.65,0.66,0.34,0.35,0.01,0.01,77976.57,1777196610000
1777196612.32,212.32,0.55,0.66,0.34,0.45,0.11,0.11,77976.57,1777196611000
1777196612.713,212.713,0.54,0.66,0.34,0.46,0.12,0.12,77976.57,1777196611000
1777196613.063,213.063,0.62,0.63,0.37,0.38,0.01,0.01,77976.57,1777196611000
1777196613.44,213.44,0.62,0.63,0.37,0.38,0.01,0.01,77976.52,1777196612000
1777196613.854,213.854,0.62,0.63,0.37,0.38,0.01,0.01,77976.52,1777196612000
1777196614.474,214.474,0.62,0.63,0.37,0.38,0.01,0.01,77976.52,1777196613000
1777196614.825,214.825,0.62,0.63,0.37,0.38,0.01,0.01,77976.52,1777196613000
1777196615.165,215.165,0.6,0.61,0.39,0.4,0.01,0.01,77976.61,1777196614000
1777196615.542,215.542,0.61,0.62,0.38,0.39,0.01,0.01,77976.61,1777196614000
1777196615.882,215.882,0.66,0.67,0.33,0.34,0.01,0.01,77976.61,1777196614000
1777196616.348,216.348,0.66,0.67,0.33,0.34,0.01,0.01,77976.69,1777196615000
1777196616.682,216.682,0.66,0.67,0.33,0.34,0.01,0.01,77976.69,1777196615000
1777196617.104,217.104,0.68,0.69,0.31,0.32,0.01,0.01,77976.69,1777196615000
1777196617.501,217.501,0.68,0.69,0.31,0.32,0.01,0.01,77976.77,1777196616000
1777196618.081,218.081,0.68,0.69,0.31,0.32,0.01,0.01,77976.77,1777196616000
1777196619.229,219.229,0.68,0.69,0.31,0.32,0.01,0.01,77981.13,1777196618000
1777196619.663,219.663,0.68,0.69,0.31,0.32,0.01,0.01,77981.13,1777196618000
1777196620.257,220.257,0.68,0.7,0.31,0.32,0.02,0.01,77981.13,1777196618000
1777196620.598,220.598,0.69,0.7,0.3,0.31,0.01,0.01,77981.39,1777196619000
1777196620.944,220.944,0.68,0.73,0.27,0.32,0.05,0.05,77981.39,1777196619000
1777196621.283,221.283,0.72,0.79,0.21,0.27,0.07,0.06,77981.39,1777196620000
1777196621.785,221.785,0.77,0.79,0.21,0.27,0.02,0.06,77981.39,1777196620000
1777196622.119,222.119,0.8,0.81,0.19,0.22,0.01,0.03,77981.39,1777196620000
1777196622.517,222.517,0.8,0.81,0.19,0.2,0.01,0.01,77986.22,1777196621000
1777196622.897,222.897,0.82,0.83,0.17,0.18,0.01,0.01,77987.07,1777196622000
1777196623.292,223.292,0.84,0.85,0.15,0.19,0.01,0.04,77987.07,1777196622000
1777196623.664,223.664,0.83,0.84,0.16,0.17,0.01,0.01,77987.07,1777196622000
1777196624.205,224.205,0.8,0.81,0.19,0.2,0.01,0.01,77987.07,1777196622000
1777196624.547,224.547,0.8,0.81,0.19,0.2,0.01,0.01,77987.07,1777196622000
1777196624.93,224.93,0.8,0.81,0.19,0.2,0.01,0.01,77987.4,1777196623000
1777196625.331,225.331,0.8,0.81,0.19,0.2,0.01,0.01,77988.27,1777196624000
1777196625.712,225.712,0.8,0.82,0.19,0.2,0.02,0.01,77988.27,1777196624000
1777196626.111,226.111,0.81,0.82,0.18,0.19,0.01,0.01,77990.61,1777196625000
1777196627.01,227.01,0.81,0.82,0.18,0.19,0.01,0.01,77991.0,1777196626000
1777196627.505,227.505,0.81,0.82,0.18,0.19,0.01,0.01,77991.0,1777196626000
1777196627.934,227.934,0.81,0.84,0.16,0.19,0.03,0.03,77991.0,1777196626000
1777196628.3,228.3,0.81,0.84,0.16,0.18,0.03,0.02,77990.73,1777196627000
1777196628.636,228.636,0.8,0.84,0.19,0.2,0.04,0.01,77990.73,1777196627000
1777196628.992,228.992,0.8,0.81,0.19,0.2,0.01,0.01,77990.73,1777196628000
1777196629.352,229.352,0.8,0.81,0.19,0.2,0.01,0.01,77990.73,1777196628000
1777196629.819,229.819,0.8,0.81,0.19,0.2,0.01,0.01,77990.73,1777196628000
1777196630.193,230.193,0.8,0.81,0.19,0.2,0.01,0.01,77990.73,1777196629000
1777196630.669,230.669,0.8,0.81,0.19,0.2,0.01,0.01,77990.73,1777196629000
1777196631.288,231.288,0.86,0.87,0.14,0.17,0.01,0.03,77990.73,1777196629000
1777196631.636,231.636,0.87,0.88,0.12,0.13,0.01,0.01,77990.73,1777196630000
1777196632.043,232.043,0.87,0.88,0.12,0.13,0.01,0.01,77990.73,1777196630000
1777196632.467,232.467,0.86,0.87,0.13,0.14,0.01,0.01,77990.73,1777196631000
1777196633.365,233.365,0.85,0.87,0.13,0.14,0.02,0.01,77990.73,1777196631000
1777196633.786,233.786,0.85,0.86,0.13,0.15,0.01,0.02,77990.73,1777196631000
1777196634.469,234.469,0.85,0.86,0.14,0.15,0.01,0.01,77990.73,1777196631000
1777196634.817,234.817,0.85,0.86,0.14,0.15,0.01,0.01,77990.73,1777196631000
1777196635.285,235.285,0.85,0.86,0.14,0.15,0.01,0.01,77990.73,1777196631000
1777196635.684,235.684,0.85,0.87,0.13,0.15,0.02,0.02,77990.73,1777196631000
1777196636.3,236.3,0.86,0.87,0.13,0.14,0.01,0.01,77990.73,1777196631000
1777196636.746,236.746,0.85,0.86,0.14,0.15,0.01,0.01,77990.73,1777196631000
1777196637.146,237.146,0.86,0.87,0.13,0.14,0.01,0.01,77990.73,1777196631000
1777196637.692,237.692,0.85,0.86,0.13,0.14,0.01,0.01,77990.73,1777196631000
1777196638.058,238.058,0.85,0.86,0.14,0.15,0.01,0.01,77990.73,1777196631000
1777196638.442,238.442,0.86,0.87,0.13,0.15,0.01,0.02,77990.73,1777196631000
1777196638.809,238.809,0.86,0.87,0.13,0.14,0.01,0.01,77990.73,1777196631000
1777196639.164,239.164,0.86,0.87,0.13,0.14,0.01,0.01,77990.73,1777196631000
1777196639.766,239.766,0.86,0.87,0.13,0.14,0.01,0.01,77990.73,1777196631000
1777196640.144,240.144,0.86,0.87,0.13,0.14,0.01,0.01,77990.73,1777196631000
1777196640.636,240.636,0.87,0.88,0.12,0.14,0.01,0.02,77991.78,1777196639000
1777196640.987,240.987,0.87,0.88,0.12,0.13,0.01,0.01,77991.78,1777196639000
1777196641.995,241.995,0.87,0.88,0.12,0.13,0.01,0.01,77991.79,1777196640000
1777196642.541,242.541,0.88,0.89,0.12,0.13,0.01,0.01,77991.25,1777196641000
1777196642.883,242.883,0.88,0.9,0.11,0.12,0.02,0.01,77991.25,1777196641000
1777196643.426,243.426,0.88,0.89,0.11,0.12,0.01,0.01,77991.19,1777196642000
1777196643.807,243.807,0.88,0.89,0.11,0.12,0.01,0.01,77991.19,1777196642000
1777196644.142,244.142,0.88,0.89,0.11,0.12,0.01,0.01,77991.19,1777196642000
1777196644.562,244.562,0.91,0.92,0.1,0.11,0.01,0.01,77991.13,1777196643000
1777196644.989,244.989,0.91,0.92,0.08,0.09,0.01,0.01,77993.81,1777196644000
1777196645.336,245.336,0.91,0.92,0.08,0.09,0.01,0.01,77993.81,1777196644000
1777196645.735,245.735,0.91,0.92,0.08,0.09,0.01,0.01,77993.81,1777196644000
1777196646.068,246.068,0.91,0.92,0.07,0.09,0.01,0.02,77993.85,1777196645000
1777196646.451,246.451,0.91,0.93,0.07,0.09,0.02,0.02,77993.85,1777196645000
1777196647.029,247.029,0.92,0.93,0.07,0.08,0.01,0.01,77993.85,1777196645000
1777196647.426,247.426,0.92,0.94,0.07,0.08,0.02,0.01,77993.85,1777196646000
1777196647.858,247.858,0.93,0.94,0.06,0.07,0.01,0.01,77993.85,1777196646000
1777196648.359,248.359,0.93,0.94,0.06,0.07,0.01,0.01,77993.85,1777196647000
1777196648.698,248.698,0.93,0.94,0.06,0.07,0.01,0.01,77993.85,1777196647000
1777196649.063,249.063,0.93,0.95,0.05,0.07,0.02,0.02,77993.85,1777196647000
1777196649.651,249.651,0.93,0.95,0.05,0.07,0.02,0.02,77993.89,1777196648000
1777196650.257,250.257,0.93,0.95,0.05,0.07,0.02,0.02,77994.07,1777196649000
1777196650.627,250.627,0.93,0.95,0.05,0.06,0.02,0.01,77994.07,1777196649000
1777196651.039,251.039,0.94,0.96,0.04,0.07,0.02,0.03,77994.07,1777196649000
1777196651.384,251.384,0.94,0.95,0.05,0.06,0.01,0.01,77994.07,1777196649000
1777196651.732,251.732,0.94,0.96,0.04,0.06,0.02,0.02,77995.95,1777196650000
1777196652.129,252.129,0.94,0.95,0.05,0.06,0.01,0.01,77995.95,1777196650000
1777196652.531,252.531,0.94,0.97,0.03,0.04,0.03,0.01,77995.95,1777196650000
1777196652.985,252.985,0.96,0.97,0.03,0.04,0.01,0.01,77996.3,1777196651000
1777196653.331,253.331,0.95,0.96,0.03,0.06,0.01,0.03,77996.3,1777196651000
1777196653.813,253.813,0.95,0.97,0.04,0.05,0.02,0.01,77994.95,1777196652000
1777196654.162,254.162,0.96,0.97,0.03,0.04,0.01,0.01,77994.95,1777196653000
1777196654.653,254.653,0.96,0.97,0.03,0.04,0.01,0.01,77994.95,1777196653000
1777196655.048,255.048,0.96,0.97,0.03,0.04,0.01,0.01,77994.95,1777196653000
1777196655.392,255.392,0.96,0.97,0.03,0.04,0.01,0.01,77994.94,1777196654000
1777196655.791,255.791,0.96,0.97,0.03,0.04,0.01,0.01,77994.94,1777196654000
1777196656.187,256.187,0.96,0.97,0.03,0.04,0.01,0.01,77994.94,1777196654000
1777196656.565,256.565,0.96,0.97,0.03,0.04,0.01,0.01,77995.02,1777196655000
1777196656.974,256.974,0.96,0.97,0.03,0.04,0.01,0.01,77995.02,1777196655000
1777196657.335,257.335,0.96,0.97,0.03,0.04,0.01,0.01,77995.02,1777196655000
1777196657.814,257.814,0.95,0.96,0.04,0.05,0.01,0.01,77995.12,1777196656000
1777196658.246,258.246,0.97,0.98,0.02,0.03,0.01,0.01,77995.13,1777196657000
1777196658.753,258.753,0.97,0.98,0.02,0.03,0.01,0.01,77995.13,1777196657000
1777196659.094,259.094,0.97,0.98,0.02,0.03,0.01,0.01,77995.13,1777196657000
1777196659.452,259.452,0.97,0.98,0.02,0.03,0.01,0.01,77996.42,1777196658000
1777196659.973,259.973,0.97,0.98,0.02,0.03,0.01,0.01,77996.42,1777196658000
1777196660.314,260.314,0.96,0.97,0.03,0.04,0.01,0.01,77995.3,1777196659000
1777196660.756,260.756,0.96,0.97,0.03,0.04,0.01,0.01,77995.3,1777196659000
1777196661.091,261.091,0.96,0.97,0.03,0.04,0.01,0.01,77995.3,1777196659000
1777196661.672,261.672,0.96,0.98,0.03,0.04,0.02,0.01,77996.54,1777196660000
1777196662.223,262.223,0.97,0.98,0.02,0.04,0.01,0.02,77996.55,1777196661000
1777196662.639,262.639,0.97,0.98,0.02,0.03,0.01,0.01,77996.55,1777196661000
1777196663.049,263.049,0.97,0.98,0.02,0.03,0.01,0.01,77996.55,1777196661000
1777196663.479,263.479,0.97,0.98,0.02,0.03,0.01,0.01,77997.03,1777196662000
1777196663.954,263.954,0.97,0.98,0.02,0.03,0.01,0.01,77997.03,1777196662000
1777196664.301,264.301,0.97,0.98,0.02,0.03,0.01,0.01,77997.03,1777196662000
1777196664.669,264.669,0.97,0.98,0.02,0.03,0.01,0.01,77998.77,1777196663000
1777196665.093,265.093,0.97,0.98,0.02,0.03,0.01,0.01,77998.84,1777196664000
1777196665.435,265.435,0.97,0.98,0.02,0.03,0.01,0.01,77998.84,1777196664000
1777196666.018,266.018,0.97,0.98,0.02,0.03,0.01,0.01,77998.84,1777196664000
1777196666.417,266.417,0.97,0.98,0.02,0.03,0.01,0.01,77998.89,1777196665000
1777196666.853,266.853,0.97,0.98,0.02,0.03,0.01,0.01,77998.89,1777196665000
1777196667.221,267.221,0.98,0.99,0.01,0.02,0.01,0.01,77998.89,1777196665000
1777196667.72,267.72,0.98,0.99,0.01,0.02,0.01,0.01,77998.61,1777196666000
1777196668.259,268.259,0.98,0.99,0.01,0.02,0.01,0.01,77998.61,1777196667000
1777196668.782,268.782,0.98,0.99,0.01,0.02,0.01,0.01,77998.61,1777196667000
1777196669.349,269.349,0.98,0.99,0.01,0.02,0.01,0.01,77998.61,1777196668000
1777196670.134,270.134,0.98,0.99,0.01,0.02,0.01,0.01,77998.61,1777196668000
1777196670.529,270.529,0.98,0.99,0.01,0.02,0.01,0.01,77998.66,1777196669000
1777196671.14,271.14,0.98,0.99,0.01,0.02,0.01,0.01,77998.66,1777196669000
1777196671.854,271.854,0.98,0.99,0.01,0.02,0.01,0.01,77998.64,1777196670000
1777196672.53,272.53,0.98,0.99,0.01,0.02,0.01,0.01,77998.64,1777196671000
1777196673.087,273.087,0.98,0.99,0.01,0.02,0.01,0.01,77998.54,1777196672000
1777196673.757,273.757,0.98,0.99,0.01,0.02,0.01,0.01,77998.54,1777196672000
1777196674.123,274.123,0.97,0.98,0.02,0.03,0.01,0.01,77998.54,1777196672000
1777196674.479,274.479,0.97,0.98,0.02,0.03,0.01,0.01,77998.94,1777196673000
1777196674.99,274.99,0.97,0.98,0.02,0.03,0.01,0.01,77998.94,1777196673000
1777196675.346,275.346,0.97,0.99,0.01,0.03,0.02,0.02,77998.94,1777196673000
1777196675.786,275.786,0.98,0.99,0.01,0.03,0.01,0.02,77997.87,1777196674000
1777196676.271,276.271,0.98,0.99,0.01,0.02,0.01,0.01,77996.31,1777196675000
1777196676.64,276.64,0.98,0.99,0.01,0.02,0.01,0.01,77996.31,1777196675000
1777196677.123,277.123,0.98,0.99,0.01,0.02,0.01,0.01,77996.45,1777196676000
1777196677.473,277.473,0.97,0.99,0.01,0.02,0.02,0.01,77996.45,1777196676000
1777196677.904,277.904,0.97,0.98,0.01,0.03,0.01,0.02,77996.45,1777196676000
1777196678.247,278.247,0.94,0.95,0.05,0.06,0.01,0.01,77996.31,1777196677000
1777196678.603,278.603,0.94,0.95,0.05,0.06,0.01,0.01,77996.31,1777196677000
1777196678.992,278.992,0.9,0.91,0.05,0.1,0.01,0.05,77996.22,1777196678000
1777196679.345,279.345,0.9,0.91,0.09,0.1,0.01,0.01,77996.22,1777196678000
1777196679.681,279.681,0.9,0.91,0.09,0.1,0.01,0.01,77996.22,1777196678000
1777196680.034,280.034,0.9,0.91,0.09,0.1,0.01,0.01,77996.22,1777196678000
1777196680.41,280.41,0.9,0.91,0.09,0.1,0.01,0.01,77993.53,1777196679000
1777196680.749,280.749,0.94,0.95,0.04,0.1,0.01,0.06,77993.53,1777196679000
1777196681.109,281.109,0.94,0.95,0.05,0.06,0.01,0.01,77993.53,1777196679000
1777196681.474,281.474,0.94,0.95,0.05,0.06,0.01,0.01,77994.8,1777196680000
1777196681.868,281.868,0.94,0.95,0.05,0.06,0.01,0.01,77994.8,1777196680000
1777196682.23,282.23,0.95,0.96,0.04,0.06,0.01,0.02,77994.8,1777196680000
1777196682.564,282.564,0.95,0.96,0.04,0.05,0.01,0.01,77994.81,1777196681000
1777196682.95,282.95,0.95,0.96,0.04,0.05,0.01,0.01,77994.81,1777196681000
1777196683.33,283.33,0.95,0.96,0.04,0.05,0.01,0.01,77994.81,1777196681000
1777196683.96,283.96,0.95,0.96,0.04,0.05,0.01,0.01,77994.79,1777196683000
1777196684.388,284.388,0.98,0.99,0.01,0.02,0.01,0.01,77994.79,1777196683000
1777196684.863,284.863,0.98,0.99,0.01,0.02,0.01,0.01,77994.79,1777196683000
1777196685.269,285.269,0.98,0.99,0.01,0.02,0.01,0.01,77994.84,1777196684000
1777196685.636,285.636,0.98,0.99,0.01,0.02,0.01,0.01,77994.84,1777196684000
1777196685.98,285.98,0.98,0.99,0.01,0.02,0.01,0.01,77994.84,1777196684000
1777196686.524,286.524,0.98,0.99,0.01,0.02,0.01,0.01,77994.84,1777196685000
1777196687.24,287.24,0.98,0.99,0.01,0.02,0.01,0.01,77994.8,1777196686000
1777196687.903,287.903,0.98,0.99,0.01,0.02,0.01,0.01,77994.8,1777196686000
1777196688.302,288.302,0.98,0.99,0.01,0.02,0.01,0.01,77993.96,1777196687000
1777196688.646,288.646,0.98,0.99,0.01,0.02,0.01,0.01,77993.96,1777196687000
1777196689.084,289.084,0.98,0.99,0.01,0.02,0.01,0.01,77993.96,1777196687000
1777196689.445,289.445,0.97,0.99,0.01,0.03,0.02,0.02,77993.96,1777196688000
1777196689.784,289.784,0.97,0.99,0.01,0.03,0.02,0.02,77993.96,1777196688000
1777196690.342,290.342,0.97,0.99,0.01,0.03,0.02,0.02,77993.96,1777196688000
1777196690.86,290.86,0.97,0.99,0.01,0.03,0.02,0.02,77993.96,1777196689000
1777196691.234,291.234,0.97,0.99,0.01,0.03,0.02,0.02,77993.96,1777196690000
1777196691.672,291.672,0.97,0.99,0.01,0.03,0.02,0.02,77993.96,1777196690000
1777196692.052,292.052,0.94,0.99,0.01,0.03,0.05,0.02,77993.96,1777196690000
1777196692.421,292.421,0.98,0.99,0.01,0.02,0.01,0.01,77994.13,1777196691000
1777196692.819,292.819,0.98,0.99,0.01,0.02,0.01,0.01,77994.13,1777196691000
1777196693.263,293.263,0.99,0.99,0.01,0.02,0.0,0.01,77994.03,1777196692000
1777196693.61,293.61,0.99,0.99,0.01,0.01,0.0,0.0,77994.03,1777196692000
1777196694.152,294.152,0.99,0.99,0.01,0.01,0.0,0.0,77994.04,1777196693000
1777196694.533,294.533,0.99,0.99,0.01,0.01,0.0,0.0,77994.04,1777196693000
1777196694.88,294.88,0.99,0.99,0.01,0.01,0.0,0.0,77994.04,1777196693000
1777196695.729,295.729,0.99,0.99,0.01,0.01,0.0,0.0,77994.03,1777196694000
1777196696.082,296.082,0.99,0.99,0.01,0.01,0.0,0.0,77994.03,1777196694000
1777196696.634,296.634,0.99,0.99,0.01,0.01,0.0,0.0,77995.43,1777196695000
1777196697.13,297.13,0.99,0.99,0.01,0.01,0.0,0.0,77995.02,1777196696000
1777196698.333,298.333,0.99,0.99,0.01,0.01,0.0,0.0,77994.84,1777196697000
1777196698.915,298.915,0.99,0.99,0.01,0.01,0.0,0.0,77994.84,1777196697000
1777196699.617,299.617,0.99,0.99,0.01,0.01,0.0,0.0,77990.96,1777196698000
1777196700.065,300.065,0.99,0.99,0.01,0.01,0.0,0.0,77990.96,1777196698000
1777196700.665,300.665,0.99,0.99,0.01,0.01,0.0,0.0,77995.13,1777196699000
1777196701.314,301.314,0.99,0.99,0.01,0.01,0.0,0.0,77995.13,1777196700000
1777196702.519,302.519,0.99,0.99,0.01,0.01,0.0,0.0,77995.12,1777196701000

# RESULT,winner=Up,slug=btc-updown-5m-1777196400,ticks=657
