timestamp,elapsed_sec,up_bid,up_ask,down_bid,down_ask,up_spread,down_spread,btc_price,btc_oracle_ts
1777115400.65,0.65,0.56,0.57,0.43,0.44,0.01,0.01,77762.43,1777115399000
1777115401.022,1.022,0.56,0.57,0.43,0.44,0.01,0.01,77762.43,1777115399000
1777115401.387,1.387,0.56,0.57,0.43,0.44,0.01,0.01,77762.43,1777115399000
1777115401.795,1.795,0.56,0.57,0.43,0.44,0.01,0.01,77762.27,1777115400000
1777115402.197,2.197,0.56,0.57,0.43,0.44,0.01,0.01,77762.27,1777115400000
1777115402.545,2.545,0.56,0.57,0.43,0.44,0.01,0.01,77762.27,1777115400000
1777115403.2,3.2,0.56,0.57,0.43,0.44,0.01,0.01,77762.26,1777115401000
1777115403.59,3.59,0.54,0.57,0.43,0.46,0.03,0.03,77762.2,1777115402000
1777115403.931,3.931,0.52,0.57,0.43,0.48,0.05,0.05,77762.2,1777115402000
1777115404.305,4.305,0.51,0.52,0.44,0.49,0.01,0.05,77762.2,1777115403000
1777115404.642,4.642,0.51,0.52,0.48,0.49,0.01,0.01,77762.2,1777115403000
1777115404.983,4.983,0.51,0.52,0.48,0.49,0.01,0.01,77762.2,1777115403000
1777115405.396,5.396,0.51,0.52,0.48,0.49,0.01,0.01,77758.74,1777115404000
1777115405.898,5.898,0.51,0.52,0.48,0.49,0.01,0.01,77758.74,1777115404000
1777115406.558,6.558,0.51,0.52,0.48,0.49,0.01,0.01,77757.48,1777115405000
1777115407.087,7.087,0.51,0.52,0.48,0.49,0.01,0.01,77757.48,1777115406000
1777115407.687,7.687,0.51,0.52,0.48,0.49,0.01,0.01,77757.48,1777115406000
1777115408.283,8.283,0.51,0.52,0.48,0.49,0.01,0.01,77757.48,1777115406000
1777115408.627,8.627,0.51,0.52,0.48,0.49,0.01,0.01,77757.23,1777115407000
1777115409.035,9.035,0.51,0.52,0.48,0.49,0.01,0.01,77757.23,1777115407000
1777115409.496,9.496,0.51,0.52,0.48,0.49,0.01,0.01,77757.23,1777115408000
1777115410.002,10.002,0.51,0.52,0.48,0.49,0.01,0.01,77757.23,1777115408000
1777115410.354,10.354,0.51,0.52,0.48,0.49,0.01,0.01,77757.29,1777115409000
1777115411.042,11.042,0.51,0.52,0.48,0.49,0.01,0.01,77757.29,1777115409000
1777115411.463,11.463,0.51,0.52,0.48,0.49,0.01,0.01,77757.29,1777115410000
1777115411.842,11.842,0.51,0.52,0.48,0.49,0.01,0.01,77757.29,1777115410000
1777115412.257,12.257,0.51,0.52,0.48,0.49,0.01,0.01,77757.28,1777115411000
1777115412.605,12.605,0.51,0.52,0.48,0.49,0.01,0.01,77757.28,1777115411000
1777115413.432,13.432,0.51,0.52,0.48,0.49,0.01,0.01,77757.04,1777115412000
1777115413.856,13.856,0.51,0.52,0.48,0.49,0.01,0.01,77757.04,1777115412000
1777115414.492,14.492,0.51,0.52,0.48,0.49,0.01,0.01,77757.01,1777115413000
1777115414.909,14.909,0.51,0.52,0.48,0.49,0.01,0.01,77757.01,1777115413000
1777115415.31,15.31,0.51,0.52,0.48,0.49,0.01,0.01,77757.01,1777115413000
1777115415.644,15.644,0.51,0.52,0.48,0.49,0.01,0.01,77757.14,1777115414000
1777115415.986,15.986,0.51,0.52,0.48,0.49,0.01,0.01,77757.14,1777115415000
1777115416.472,16.472,0.51,0.52,0.48,0.49,0.01,0.01,77757.14,1777115415000
1777115416.826,16.826,0.51,0.52,0.48,0.49,0.01,0.01,77757.14,1777115415000
1777115417.275,17.275,0.51,0.52,0.48,0.49,0.01,0.01,77757.11,1777115416000
1777115417.686,17.686,0.52,0.53,0.48,0.49,0.01,0.01,77757.11,1777115416000
1777115418.048,18.048,0.52,0.53,0.47,0.48,0.01,0.01,77757.11,1777115416000
1777115418.394,18.394,0.55,0.57,0.43,0.45,0.02,0.02,77757.32,1777115417000
1777115418.727,18.727,0.56,0.58,0.42,0.44,0.02,0.02,77757.32,1777115417000
1777115419.104,19.104,0.61,0.62,0.38,0.39,0.01,0.01,77757.32,1777115417000
1777115419.449,19.449,0.61,0.62,0.38,0.39,0.01,0.01,77757.32,1777115418000
1777115420.05,20.05,0.61,0.62,0.38,0.39,0.01,0.01,77757.32,1777115418000
1777115420.693,20.693,0.61,0.62,0.38,0.39,0.01,0.01,77757.32,1777115419000
1777115421.126,21.126,0.61,0.63,0.38,0.39,0.02,0.01,77757.32,1777115419000
1777115421.577,21.577,0.61,0.62,0.37,0.39,0.01,0.02,77757.32,1777115419000
1777115422.042,22.042,0.61,0.62,0.38,0.39,0.01,0.01,77763.74,1777115420000
1777115422.556,22.556,0.61,0.62,0.38,0.39,0.01,0.01,77763.74,1777115420000
1777115423.163,23.163,0.61,0.62,0.38,0.39,0.01,0.01,77763.72,1777115421000
1777115423.496,23.496,0.61,0.62,0.38,0.39,0.01,0.01,77763.69,1777115422000
1777115424.207,24.207,0.61,0.62,0.38,0.39,0.01,0.01,77763.69,1777115422000
1777115424.579,24.579,0.61,0.62,0.38,0.39,0.01,0.01,77763.69,1777115423000
1777115425.341,25.341,0.61,0.62,0.38,0.39,0.01,0.01,77763.69,1777115423000
1777115425.709,25.709,0.61,0.62,0.38,0.39,0.01,0.01,77763.69,1777115423000
1777115426.117,26.117,0.61,0.62,0.38,0.39,0.01,0.01,77763.71,1777115424000
1777115426.514,26.514,0.61,0.63,0.37,0.39,0.02,0.02,77763.71,1777115425000
1777115426.847,26.847,0.63,0.64,0.36,0.38,0.01,0.02,77763.71,1777115425000
1777115427.27,27.27,0.64,0.65,0.35,0.37,0.01,0.02,77763.71,1777115425000
1777115428.144,28.144,0.64,0.65,0.35,0.36,0.01,0.01,77763.73,1777115426000
1777115428.847,28.847,0.64,0.65,0.35,0.36,0.01,0.01,77763.72,1777115427000
1777115429.36,29.36,0.64,0.65,0.35,0.36,0.01,0.01,77763.72,1777115427000
1777115429.827,29.827,0.64,0.65,0.35,0.36,0.01,0.01,77763.73,1777115428000
1777115430.202,30.202,0.64,0.66,0.34,0.36,0.02,0.02,77763.73,1777115428000
1777115430.649,30.649,0.64,0.66,0.34,0.36,0.02,0.02,77763.71,1777115429000
1777115431.033,31.033,0.64,0.65,0.34,0.36,0.01,0.02,77763.71,1777115429000
1777115431.368,31.368,0.64,0.65,0.35,0.36,0.01,0.01,77763.72,1777115430000
1777115431.883,31.883,0.64,0.65,0.35,0.36,0.01,0.01,77763.72,1777115430000
1777115432.276,32.276,0.62,0.63,0.35,0.38,0.01,0.03,77763.72,1777115430000
1777115432.625,32.625,0.62,0.63,0.37,0.38,0.01,0.01,77763.72,1777115430000
1777115433.096,33.096,0.62,0.63,0.37,0.38,0.01,0.01,77763.66,1777115431000
1777115433.47,33.47,0.62,0.63,0.37,0.38,0.01,0.01,77763.44,1777115432000
1777115433.961,33.961,0.62,0.63,0.37,0.38,0.01,0.01,77763.44,1777115432000
1777115434.308,34.308,0.62,0.63,0.37,0.38,0.01,0.01,77763.45,1777115433000
1777115435.027,35.027,0.62,0.63,0.37,0.38,0.01,0.01,77763.45,1777115433000
1777115435.784,35.784,0.62,0.63,0.37,0.38,0.01,0.01,77763.51,1777115434000
1777115436.12,36.12,0.62,0.63,0.37,0.38,0.01,0.01,77763.51,1777115434000
1777115436.525,36.525,0.62,0.63,0.37,0.38,0.01,0.01,77763.51,1777115435000
1777115436.878,36.878,0.62,0.63,0.37,0.38,0.01,0.01,77763.51,1777115435000
1777115437.273,37.273,0.62,0.63,0.37,0.38,0.01,0.01,77763.51,1777115435000
1777115437.614,37.614,0.62,0.64,0.36,0.38,0.02,0.02,77763.69,1777115436000
1777115438.157,38.157,0.62,0.63,0.37,0.38,0.01,0.01,77763.69,1777115436000
1777115438.629,38.629,0.63,0.64,0.36,0.37,0.01,0.01,77763.69,1777115437000
1777115439.023,39.023,0.63,0.64,0.36,0.37,0.01,0.01,77763.69,1777115437000
1777115439.376,39.376,0.63,0.64,0.36,0.37,0.01,0.01,77763.69,1777115438000
1777115440.318,40.318,0.63,0.64,0.36,0.37,0.01,0.01,77763.69,1777115438000
1777115440.707,40.707,0.61,0.64,0.36,0.37,0.03,0.01,77763.37,1777115439000
1777115441.53,41.53,0.61,0.62,0.38,0.39,0.01,0.01,77763.39,1777115440000
1777115441.925,41.925,0.6,0.62,0.38,0.4,0.02,0.02,77763.39,1777115441000
1777115442.655,42.655,0.59,0.6,0.38,0.4,0.01,0.02,77763.39,1777115441000
1777115443.358,43.358,0.59,0.6,0.4,0.41,0.01,0.01,77763.38,1777115442000
1777115443.721,43.721,0.59,0.6,0.4,0.41,0.01,0.01,77763.38,1777115442000
1777115444.322,44.322,0.59,0.6,0.4,0.41,0.01,0.01,77763.38,1777115443000
1777115444.672,44.672,0.59,0.6,0.39,0.41,0.01,0.02,77763.38,1777115443000
1777115445.065,45.065,0.59,0.6,0.4,0.41,0.01,0.01,77763.37,1777115444000
1777115445.616,45.616,0.59,0.6,0.4,0.41,0.01,0.01,77763.37,1777115444000
1777115446.261,46.261,0.59,0.6,0.4,0.41,0.01,0.01,77763.38,1777115445000
1777115447.104,47.104,0.59,0.61,0.39,0.41,0.02,0.02,77763.11,1777115446000
1777115447.492,47.492,0.6,0.61,0.39,0.41,0.01,0.02,77763.11,1777115446000
1777115448.021,48.021,0.6,0.61,0.39,0.4,0.01,0.01,77763.35,1777115447000
1777115448.474,48.474,0.6,0.61,0.39,0.4,0.01,0.01,77763.35,1777115447000
1777115448.946,48.946,0.6,0.61,0.39,0.4,0.01,0.01,77763.35,1777115448000
1777115449.975,49.975,0.6,0.61,0.39,0.4,0.01,0.01,77763.79,1777115449000
1777115450.399,50.399,0.6,0.61,0.39,0.4,0.01,0.01,77763.79,1777115449000
1777115451.125,51.125,0.6,0.61,0.39,0.4,0.01,0.01,77763.79,1777115449000
1777115451.491,51.491,0.6,0.61,0.39,0.4,0.01,0.01,77763.79,1777115449000
1777115452.326,52.326,0.6,0.61,0.39,0.4,0.01,0.01,77763.92,1777115451000
1777115452.862,52.862,0.59,0.61,0.39,0.4,0.02,0.01,77763.92,1777115451000
1777115453.937,53.937,0.59,0.6,0.4,0.41,0.01,0.01,77763.92,1777115452000
1777115454.344,54.344,0.59,0.6,0.4,0.41,0.01,0.01,77763.91,1777115453000
1777115454.707,54.707,0.59,0.6,0.4,0.41,0.01,0.01,77763.91,1777115453000
1777115455.075,55.075,0.58,0.6,0.4,0.42,0.02,0.02,77763.91,1777115453000
1777115455.49,55.49,0.58,0.59,0.41,0.42,0.01,0.01,77763.91,1777115454000
1777115455.961,55.961,0.57,0.59,0.41,0.43,0.02,0.02,77763.91,1777115455000
1777115456.379,56.379,0.57,0.58,0.42,0.43,0.01,0.01,77763.91,1777115455000
1777115457.022,57.022,0.57,0.58,0.42,0.43,0.01,0.01,77763.91,1777115455000
1777115457.766,57.766,0.57,0.58,0.42,0.43,0.01,0.01,77763.9,1777115456000
1777115458.283,58.283,0.57,0.58,0.42,0.43,0.01,0.01,77763.9,1777115456000
1777115458.771,58.771,0.56,0.58,0.42,0.43,0.02,0.01,77763.87,1777115457000
1777115459.449,59.449,0.57,0.58,0.42,0.43,0.01,0.01,77763.87,1777115458000
1777115459.809,59.809,0.56,0.57,0.43,0.44,0.01,0.01,77763.87,1777115458000
1777115460.22,60.22,0.56,0.57,0.43,0.44,0.01,0.01,77763.9,1777115459000
1777115460.835,60.835,0.55,0.56,0.43,0.45,0.01,0.02,77763.9,1777115459000
1777115461.187,61.187,0.54,0.55,0.44,0.46,0.01,0.02,77763.9,1777115459000
1777115461.562,61.562,0.54,0.55,0.45,0.46,0.01,0.01,77763.9,1777115460000
1777115461.903,61.903,0.54,0.55,0.45,0.46,0.01,0.01,77763.89,1777115461000
1777115462.388,62.388,0.54,0.55,0.45,0.46,0.01,0.01,77763.89,1777115461000
1777115463.062,63.062,0.54,0.55,0.45,0.46,0.01,0.01,77763.88,1777115462000
1777115463.63,63.63,0.54,0.55,0.45,0.46,0.01,0.01,77763.88,1777115462000
1777115464.195,64.195,0.54,0.55,0.45,0.46,0.01,0.01,77763.88,1777115463000
1777115464.584,64.584,0.54,0.55,0.45,0.46,0.01,0.01,77763.88,1777115463000
1777115465.179,65.179,0.54,0.55,0.45,0.46,0.01,0.01,77763.88,1777115463000
1777115465.566,65.566,0.54,0.55,0.45,0.46,0.01,0.01,77763.89,1777115464000
1777115466.038,66.038,0.54,0.56,0.44,0.46,0.02,0.02,77763.89,1777115465000
1777115466.838,66.838,0.55,0.56,0.44,0.46,0.01,0.02,77763.89,1777115465000
1777115467.865,67.865,0.55,0.56,0.44,0.45,0.01,0.01,77763.88,1777115466000
1777115468.417,68.417,0.55,0.56,0.44,0.45,0.01,0.01,77763.88,1777115466000
1777115469.02,69.02,0.55,0.56,0.44,0.45,0.01,0.01,77764.07,1777115467000
1777115470.092,70.092,0.55,0.56,0.44,0.45,0.01,0.01,77763.88,1777115469000
1777115471.279,71.279,0.55,0.56,0.44,0.45,0.01,0.01,77763.88,1777115469000
1777115471.73,71.73,0.55,0.58,0.43,0.45,0.03,0.02,77763.82,1777115470000
1777115472.071,72.071,0.55,0.59,0.41,0.45,0.04,0.04,77763.75,1777115471000
1777115472.669,72.669,0.55,0.56,0.44,0.45,0.01,0.01,77763.75,1777115471000
1777115473.111,73.111,0.56,0.59,0.41,0.45,0.03,0.04,77763.75,1777115471000
1777115473.501,73.501,0.56,0.59,0.41,0.44,0.03,0.03,77763.75,1777115472000
1777115473.894,73.894,0.56,0.57,0.41,0.44,0.01,0.03,77763.75,1777115472000
1777115474.269,74.269,0.56,0.57,0.43,0.45,0.01,0.02,77763.72,1777115473000
1777115474.845,74.845,0.56,0.57,0.43,0.44,0.01,0.01,77763.72,1777115473000
1777115475.572,75.572,0.56,0.57,0.43,0.44,0.01,0.01,77763.7,1777115474000
1777115476.385,76.385,0.56,0.57,0.43,0.44,0.01,0.01,77763.7,1777115475000
1777115476.726,76.726,0.52,0.53,0.47,0.48,0.01,0.01,77763.7,1777115475000
1777115477.129,77.129,0.52,0.53,0.47,0.48,0.01,0.01,77763.7,1777115476000
1777115477.973,77.973,0.52,0.53,0.47,0.48,0.01,0.01,77763.7,1777115476000
1777115478.402,78.402,0.52,0.53,0.47,0.48,0.01,0.01,77763.7,1777115476000
1777115479.067,79.067,0.52,0.53,0.47,0.48,0.01,0.01,77763.7,1777115477000
1777115479.497,79.497,0.52,0.53,0.47,0.48,0.01,0.01,77763.69,1777115478000
1777115479.831,79.831,0.52,0.53,0.47,0.48,0.01,0.01,77763.69,1777115478000
1777115480.509,80.509,0.52,0.68,0.47,0.48,0.16,0.01,77763.69,1777115478000
1777115481.105,81.105,0.56,0.58,0.47,0.48,0.02,0.01,77763.7,1777115479000
1777115481.516,81.516,0.57,0.58,0.42,0.43,0.01,0.01,77763.7,1777115480000
1777115482.056,82.056,0.57,0.58,0.42,0.43,0.01,0.01,77763.69,1777115481000
1777115482.757,82.757,0.57,0.58,0.42,0.43,0.01,0.01,77763.69,1777115481000
1777115483.13,83.13,0.57,0.58,0.42,0.43,0.01,0.01,77763.69,1777115481000
1777115484.063,84.063,0.57,0.58,0.42,0.43,0.01,0.01,77763.71,1777115483000
1777115484.645,84.645,0.57,0.58,0.42,0.43,0.01,0.01,77763.71,1777115483000
1777115485.091,85.091,0.57,0.58,0.42,0.43,0.01,0.01,77763.69,1777115484000
1777115485.944,85.944,0.57,0.58,0.42,0.43,0.01,0.01,77763.69,1777115484000
1777115486.323,86.323,0.57,0.58,0.42,0.43,0.01,0.01,77763.69,1777115485000
1777115487.716,87.716,0.57,0.58,0.42,0.43,0.01,0.01,77763.69,1777115486000
1777115488.237,88.237,0.57,0.58,0.42,0.43,0.01,0.01,77763.69,1777115486000
1777115488.903,88.903,0.57,0.58,0.42,0.43,0.01,0.01,77763.69,1777115487000
1777115489.39,89.39,0.57,0.58,0.42,0.43,0.01,0.01,77763.69,1777115487000
1777115489.999,89.999,0.57,0.58,0.42,0.43,0.01,0.01,77763.55,1777115489000
1777115490.443,90.443,0.57,0.58,0.42,0.43,0.01,0.01,77763.55,1777115489000
1777115490.942,90.942,0.57,0.58,0.42,0.43,0.01,0.01,77763.55,1777115489000
1777115492.166,92.166,0.57,0.58,0.42,0.43,0.01,0.01,77763.56,1777115490000
1777115492.84,92.84,0.57,0.58,0.42,0.43,0.01,0.01,77763.48,1777115491000
1777115493.206,93.206,0.57,0.58,0.42,0.43,0.01,0.01,77763.48,1777115491000
1777115493.827,93.827,0.57,0.58,0.42,0.43,0.01,0.01,77763.48,1777115492000
1777115494.277,94.277,0.57,0.58,0.42,0.43,0.01,0.01,77763.77,1777115493000
1777115495.099,95.099,0.57,0.61,0.39,0.43,0.04,0.04,77763.77,1777115494000
1777115495.456,95.456,0.58,0.6,0.4,0.42,0.02,0.02,77763.77,1777115494000
1777115496.285,96.285,0.58,0.59,0.41,0.42,0.01,0.01,77763.84,1777115495000
1777115496.694,96.694,0.55,0.56,0.44,0.45,0.01,0.01,77763.84,1777115495000
1777115497.361,97.361,0.54,0.56,0.44,0.46,0.02,0.02,77763.84,1777115496000
1777115497.861,97.861,0.54,0.55,0.45,0.46,0.01,0.01,77763.84,1777115496000
1777115498.234,98.234,0.54,0.55,0.45,0.46,0.01,0.01,77763.84,1777115497000
1777115499.163,99.163,0.54,0.55,0.45,0.46,0.01,0.01,77763.86,1777115498000
1777115499.619,99.619,0.54,0.55,0.45,0.46,0.01,0.01,77763.86,1777115498000
1777115500.275,100.275,0.54,0.55,0.45,0.46,0.01,0.01,77763.84,1777115499000
1777115501.243,101.243,0.54,0.55,0.45,0.46,0.01,0.01,77763.85,1777115500000
1777115501.617,101.617,0.54,0.55,0.45,0.46,0.01,0.01,77763.85,1777115500000
1777115502.181,102.181,0.54,0.55,0.45,0.46,0.01,0.01,77763.85,1777115500000
1777115502.991,102.991,0.54,0.55,0.45,0.46,0.01,0.01,77763.86,1777115501000
1777115503.568,103.568,0.54,0.55,0.45,0.46,0.01,0.01,77763.86,1777115502000
1777115504.078,104.078,0.54,0.55,0.45,0.46,0.01,0.01,77763.86,1777115502000
1777115504.733,104.733,0.55,0.56,0.44,0.45,0.01,0.01,77763.86,1777115503000
1777115505.168,105.168,0.56,0.57,0.43,0.44,0.01,0.01,77763.86,1777115504000
1777115505.593,105.593,0.56,0.57,0.43,0.44,0.01,0.01,77763.86,1777115504000
1777115505.946,105.946,0.56,0.58,0.43,0.44,0.02,0.01,77763.86,1777115504000
1777115506.317,106.317,0.56,0.58,0.42,0.44,0.02,0.02,77763.87,1777115505000
1777115507.222,107.222,0.56,0.58,0.42,0.44,0.02,0.02,77763.84,1777115506000
1777115507.809,107.809,0.57,0.58,0.42,0.43,0.01,0.01,77763.84,1777115506000
1777115508.287,108.287,0.57,0.58,0.42,0.43,0.01,0.01,77763.84,1777115507000
1777115508.624,108.624,0.57,0.58,0.42,0.43,0.01,0.01,77763.84,1777115507000
1777115509.036,109.036,0.57,0.58,0.42,0.43,0.01,0.01,77763.84,1777115507000
1777115509.397,109.397,0.57,0.58,0.42,0.43,0.01,0.01,77763.84,1777115508000
1777115509.773,109.773,0.57,0.58,0.42,0.43,0.01,0.01,77763.84,1777115508000
1777115510.329,110.329,0.57,0.58,0.39,0.43,0.01,0.04,77763.84,1777115508000
1777115510.877,110.877,0.57,0.58,0.42,0.43,0.01,0.01,77763.88,1777115510000
1777115511.24,111.24,0.57,0.58,0.42,0.43,0.01,0.01,77763.88,1777115510000
1777115511.947,111.947,0.57,0.58,0.42,0.43,0.01,0.01,77763.88,1777115511000
1777115512.709,112.709,0.57,0.6,0.42,0.43,0.03,0.01,77763.88,1777115511000
1777115513.245,113.245,0.59,0.6,0.4,0.41,0.01,0.01,77763.88,1777115511000
1777115513.596,113.596,0.59,0.6,0.4,0.41,0.01,0.01,77763.88,1777115512000
1777115514.21,114.21,0.59,0.6,0.4,0.41,0.01,0.01,77763.88,1777115512000
1777115514.563,114.563,0.59,0.6,0.39,0.41,0.01,0.02,77763.84,1777115513000
1777115515.254,115.254,0.6,0.61,0.38,0.41,0.01,0.03,77763.84,1777115513000
1777115515.701,115.701,0.6,0.61,0.39,0.4,0.01,0.01,77763.84,1777115514000
1777115516.211,116.211,0.61,0.62,0.39,0.4,0.01,0.01,77763.84,1777115514000
1777115516.64,116.64,0.61,0.62,0.38,0.39,0.01,0.01,77763.84,1777115514000
1777115516.986,116.986,0.62,0.63,0.37,0.39,0.01,0.02,77763.87,1777115515000
1777115517.34,117.34,0.62,0.63,0.37,0.38,0.01,0.01,77763.87,1777115515000
1777115517.8,117.8,0.62,0.63,0.37,0.38,0.01,0.01,77763.87,1777115516000
1777115518.221,118.221,0.61,0.62,0.37,0.39,0.01,0.02,77763.87,1777115517000
1777115519.547,119.547,0.61,0.62,0.38,0.39,0.01,0.01,77763.88,1777115518000
1777115519.921,119.921,0.6,0.61,0.38,0.4,0.01,0.02,77763.88,1777115518000
1777115520.821,120.821,0.6,0.61,0.39,0.4,0.01,0.01,77763.9,1777115519000
1777115521.159,121.159,0.6,0.61,0.39,0.4,0.01,0.01,77763.9,1777115519000
1777115521.494,121.494,0.6,0.61,0.39,0.4,0.01,0.01,77763.89,1777115520000
1777115521.877,121.877,0.6,0.61,0.39,0.4,0.01,0.01,77763.89,1777115520000
1777115522.278,122.278,0.6,0.62,0.38,0.4,0.02,0.02,77763.85,1777115521000
1777115522.617,122.617,0.6,0.72,0.28,0.4,0.12,0.12,77763.85,1777115521000
1777115523.02,123.02,0.72,0.78,0.22,0.28,0.06,0.06,77763.85,1777115521000
1777115523.54,123.54,0.74,0.75,0.25,0.26,0.01,0.01,77763.85,1777115521000
1777115523.896,123.896,0.74,0.76,0.25,0.26,0.02,0.01,77763.95,1777115522000
1777115524.342,124.342,0.74,0.75,0.25,0.26,0.01,0.01,77763.95,1777115522000
1777115524.711,124.711,0.74,0.75,0.25,0.26,0.01,0.01,77768.79,1777115523000
1777115525.049,125.049,0.74,0.75,0.24,0.26,0.01,0.02,77768.79,1777115523000
1777115525.494,125.494,0.74,0.75,0.25,0.26,0.01,0.01,77770.49,1777115524000
1777115525.978,125.978,0.73,0.74,0.25,0.26,0.01,0.01,77770.49,1777115524000
1777115526.459,126.459,0.74,0.75,0.25,0.27,0.01,0.02,77770.49,1777115524000
1777115527.273,127.273,0.74,0.75,0.25,0.26,0.01,0.01,77771.23,1777115525000
1777115527.817,127.817,0.74,0.76,0.25,0.26,0.02,0.01,77771.25,1777115526000
1777115528.151,128.151,0.77,0.78,0.24,0.26,0.01,0.02,77771.25,1777115526000
1777115528.532,128.532,0.77,0.78,0.22,0.23,0.01,0.01,77771.25,1777115526000
1777115528.911,128.911,0.76,0.78,0.22,0.23,0.02,0.01,77771.24,1777115527000
1777115529.255,129.255,0.72,0.76,0.24,0.25,0.04,0.01,77771.24,1777115527000
1777115529.619,129.619,0.75,0.76,0.24,0.25,0.01,0.01,77771.35,1777115528000
1777115530.131,130.131,0.73,0.74,0.26,0.27,0.01,0.01,77771.35,1777115528000
1777115530.61,130.61,0.73,0.74,0.26,0.27,0.01,0.01,77771.24,1777115529000
1777115530.956,130.956,0.73,0.74,0.26,0.27,0.01,0.01,77771.24,1777115529000
1777115531.477,131.477,0.73,0.74,0.26,0.27,0.01,0.01,77771.24,1777115529000
1777115531.853,131.853,0.73,0.74,0.26,0.27,0.01,0.01,77771.24,1777115529000
1777115532.285,132.285,0.73,0.74,0.26,0.27,0.01,0.01,77771.36,1777115531000
1777115533.276,133.276,0.73,0.83,0.17,0.27,0.1,0.1,77771.33,1777115532000
1777115533.809,133.809,0.78,0.79,0.17,0.27,0.01,0.1,77771.33,1777115532000
1777115534.335,134.335,0.78,0.79,0.21,0.22,0.01,0.01,77771.35,1777115533000
1777115534.89,134.89,0.78,0.79,0.21,0.22,0.01,0.01,77771.35,1777115534000
1777115535.268,135.268,0.76,0.79,0.21,0.24,0.03,0.03,77771.35,1777115534000
1777115535.769,135.769,0.77,0.79,0.21,0.24,0.02,0.03,77771.35,1777115534000
1777115536.129,136.129,0.76,0.79,0.21,0.24,0.03,0.03,77771.36,1777115535000
1777115536.522,136.522,0.78,0.79,0.21,0.24,0.01,0.03,77771.36,1777115535000
1777115536.981,136.981,0.75,0.79,0.21,0.22,0.04,0.01,77771.36,1777115535000
1777115537.327,137.327,0.76,0.77,0.23,0.24,0.01,0.01,77771.36,1777115536000
1777115537.706,137.706,0.77,0.78,0.22,0.24,0.01,0.02,77771.36,1777115536000
1777115538.223,138.223,0.76,0.77,0.23,0.25,0.01,0.02,77771.36,1777115536000
1777115538.755,138.755,0.76,0.77,0.23,0.25,0.01,0.02,77771.42,1777115537000
1777115539.159,139.159,0.75,0.77,0.23,0.24,0.02,0.01,77771.42,1777115537000
1777115539.511,139.511,0.76,0.77,0.23,0.24,0.01,0.01,77771.43,1777115538000
1777115539.959,139.959,0.76,0.77,0.23,0.24,0.01,0.01,77771.43,1777115539000
1777115540.965,140.965,0.76,0.77,0.23,0.24,0.01,0.01,77771.43,1777115539000
1777115542.019,142.019,0.76,0.77,0.23,0.24,0.01,0.01,77771.43,1777115540000
1777115542.626,142.626,0.76,0.77,0.23,0.24,0.01,0.01,77771.44,1777115541000
1777115543.067,143.067,0.76,0.77,0.23,0.24,0.01,0.01,77771.44,1777115541000
1777115543.482,143.482,0.75,0.77,0.23,0.25,0.02,0.02,77771.75,1777115542000
1777115543.874,143.874,0.74,0.77,0.23,0.24,0.03,0.01,77771.75,1777115542000
1777115544.323,144.323,0.74,0.77,0.23,0.26,0.03,0.03,77771.78,1777115543000
1777115544.998,144.998,0.74,0.75,0.23,0.24,0.01,0.01,77771.78,1777115543000
1777115545.64,145.64,0.74,0.75,0.25,0.26,0.01,0.01,77771.77,1777115544000
1777115546.405,146.405,0.74,0.75,0.25,0.26,0.01,0.01,77771.77,1777115544000
1777115547.065,147.065,0.74,0.75,0.25,0.26,0.01,0.01,77771.77,1777115545000
1777115547.483,147.483,0.74,0.81,0.25,0.26,0.07,0.01,77771.79,1777115546000
1777115547.843,147.843,0.74,0.81,0.19,0.26,0.07,0.07,77771.79,1777115546000
1777115548.183,148.183,0.74,0.75,0.25,0.26,0.01,0.01,77771.79,1777115546000
1777115548.696,148.696,0.74,0.75,0.25,0.26,0.01,0.01,77771.84,1777115547000
1777115549.218,149.218,0.74,0.75,0.25,0.26,0.01,0.01,77771.84,1777115548000
1777115549.695,149.695,0.74,0.75,0.25,0.26,0.01,0.01,77771.84,1777115548000
1777115550.298,150.298,0.74,0.78,0.25,0.26,0.04,0.01,77771.84,1777115548000
1777115550.934,150.934,0.76,0.77,0.23,0.26,0.01,0.03,77771.84,1777115549000
1777115551.503,151.503,0.76,0.77,0.23,0.24,0.01,0.01,77771.84,1777115550000
1777115552.043,152.043,0.77,0.78,0.22,0.23,0.01,0.01,77771.84,1777115551000
1777115552.798,152.798,0.78,0.79,0.22,0.23,0.01,0.01,77771.84,1777115551000
1777115553.168,153.168,0.78,0.79,0.21,0.22,0.01,0.01,77771.83,1777115552000
1777115553.782,153.782,0.76,0.77,0.21,0.23,0.01,0.02,77771.83,1777115552000
1777115554.129,154.129,0.76,0.77,0.23,0.24,0.01,0.01,77771.83,1777115552000
1777115554.651,154.651,0.74,0.77,0.23,0.24,0.03,0.01,77771.83,1777115553000
1777115555.138,155.138,0.74,0.77,0.23,0.26,0.03,0.03,77771.84,1777115554000
1777115555.766,155.766,0.74,0.75,0.23,0.26,0.01,0.03,77771.84,1777115554000
1777115556.174,156.174,0.74,0.76,0.25,0.26,0.02,0.01,77771.84,1777115554000
1777115556.662,156.662,0.74,0.76,0.24,0.26,0.02,0.02,77771.79,1777115555000
1777115557.339,157.339,0.73,0.76,0.24,0.26,0.03,0.02,77771.79,1777115555000
1777115557.749,157.749,0.74,0.76,0.24,0.27,0.02,0.03,77771.79,1777115556000
1777115558.084,158.084,0.74,0.75,0.25,0.26,0.01,0.01,77771.79,1777115557000
1777115558.615,158.615,0.74,0.75,0.25,0.26,0.01,0.01,77771.79,1777115557000
1777115559.094,159.094,0.74,0.75,0.25,0.26,0.01,0.01,77771.79,1777115557000
1777115559.662,159.662,0.74,0.75,0.25,0.26,0.01,0.01,77771.79,1777115558000
1777115560.171,160.171,0.74,0.75,0.25,0.26,0.01,0.01,77771.74,1777115559000
1777115560.566,160.566,0.73,0.74,0.25,0.28,0.01,0.03,77771.74,1777115559000
1777115560.923,160.923,0.72,0.73,0.26,0.28,0.01,0.02,77771.74,1777115559000
1777115561.306,161.306,0.72,0.73,0.27,0.28,0.01,0.01,77771.57,1777115560000
1777115562.176,162.176,0.72,0.73,0.27,0.28,0.01,0.01,77771.57,1777115561000
1777115562.622,162.622,0.72,0.73,0.27,0.28,0.01,0.01,77771.57,1777115561000
1777115562.966,162.966,0.7,0.73,0.27,0.28,0.03,0.01,77771.57,1777115561000
1777115563.359,163.359,0.69,0.73,0.27,0.3,0.04,0.03,77770.57,1777115562000
1777115564.296,164.296,0.67,0.73,0.27,0.33,0.06,0.06,77770.04,1777115563000
1777115564.851,164.851,0.67,0.73,0.27,0.34,0.06,0.07,77770.04,1777115563000
1777115565.248,165.248,0.64,0.68,0.32,0.35,0.04,0.03,77770.04,1777115563000
1777115565.617,165.617,0.63,0.68,0.32,0.37,0.05,0.05,77769.7,1777115564000
1777115566.071,166.071,0.64,0.65,0.33,0.36,0.01,0.03,77769.69,1777115565000
1777115566.443,166.443,0.62,0.65,0.35,0.38,0.03,0.03,77769.69,1777115565000
1777115566.84,166.84,0.62,0.63,0.37,0.4,0.01,0.03,77769.69,1777115565000
1777115567.322,167.322,0.62,0.63,0.37,0.38,0.01,0.01,77769.69,1777115566000
1777115567.684,167.684,0.62,0.63,0.37,0.38,0.01,0.01,77769.69,1777115566000
1777115568.027,168.027,0.62,0.63,0.37,0.38,0.01,0.01,77769.69,1777115566000
1777115568.376,168.376,0.62,0.63,0.37,0.38,0.01,0.01,77769.68,1777115567000
1777115568.738,168.738,0.62,0.63,0.37,0.38,0.01,0.01,77769.68,1777115567000
1777115569.125,169.125,0.62,0.63,0.37,0.38,0.01,0.01,77769.68,1777115568000
1777115569.765,169.765,0.62,0.63,0.37,0.38,0.01,0.01,77769.68,1777115568000
1777115570.212,170.212,0.62,0.63,0.37,0.38,0.01,0.01,77769.73,1777115569000
1777115570.82,170.82,0.62,0.63,0.37,0.38,0.01,0.01,77769.73,1777115569000
1777115571.193,171.193,0.62,0.63,0.37,0.38,0.01,0.01,77769.73,1777115569000
1777115571.752,171.752,0.62,0.63,0.37,0.38,0.01,0.01,77769.73,1777115570000
1777115572.225,172.225,0.62,0.63,0.37,0.38,0.01,0.01,77769.73,1777115571000
1777115572.664,172.664,0.62,0.63,0.37,0.38,0.01,0.01,77769.73,1777115571000
1777115573.293,173.293,0.62,0.63,0.37,0.38,0.01,0.01,77769.71,1777115572000
1777115573.67,173.67,0.62,0.63,0.37,0.38,0.01,0.01,77769.71,1777115572000
1777115574.102,174.102,0.62,0.63,0.37,0.38,0.01,0.01,77769.71,1777115572000
1777115574.659,174.659,0.62,0.63,0.37,0.38,0.01,0.01,77769.71,1777115573000
1777115575.093,175.093,0.62,0.65,0.37,0.38,0.03,0.01,77769.71,1777115573000
1777115575.586,175.586,0.64,0.65,0.35,0.38,0.01,0.03,77769.71,1777115573000
1777115576.236,176.236,0.64,0.65,0.35,0.36,0.01,0.01,77769.67,1777115575000
1777115576.983,176.983,0.64,0.65,0.35,0.36,0.01,0.01,77769.67,1777115575000
1777115577.389,177.389,0.64,0.66,0.35,0.36,0.02,0.01,77769.67,1777115575000
1777115578.122,178.122,0.64,0.65,0.35,0.36,0.01,0.01,77769.62,1777115576000
1777115578.642,178.642,0.64,0.66,0.35,0.36,0.02,0.01,77769.67,1777115577000
1777115579.005,179.005,0.65,0.67,0.34,0.35,0.02,0.01,77769.67,1777115577000
1777115579.364,179.364,0.65,0.67,0.33,0.35,0.02,0.02,77769.67,1777115578000
1777115579.722,179.722,0.65,0.66,0.34,0.35,0.01,0.01,77769.67,1777115578000
1777115580.428,180.428,0.65,0.66,0.34,0.35,0.01,0.01,77769.67,1777115578000
1777115581.056,181.056,0.65,0.66,0.34,0.35,0.01,0.01,77769.62,1777115579000
1777115581.423,181.423,0.65,0.67,0.34,0.35,0.02,0.01,77769.61,1777115580000
1777115582.433,182.433,0.66,0.67,0.33,0.34,0.01,0.01,77769.61,1777115580000
1777115583.122,183.122,0.66,0.67,0.33,0.34,0.01,0.01,77769.5,1777115581000
1777115583.521,183.521,0.66,0.67,0.33,0.34,0.01,0.01,77769.5,1777115581000
1777115584.268,184.268,0.66,0.68,0.32,0.34,0.02,0.02,77769.5,1777115583000
1777115584.904,184.904,0.67,0.68,0.32,0.33,0.01,0.01,77769.49,1777115584000
1777115585.596,185.596,0.67,0.7,0.31,0.33,0.03,0.02,77769.49,1777115584000
1777115586.248,186.248,0.67,0.7,0.3,0.33,0.03,0.03,77769.49,1777115585000
1777115586.756,186.756,0.68,0.69,0.31,0.32,0.01,0.01,77769.49,1777115585000
1777115587.109,187.109,0.67,0.75,0.25,0.32,0.08,0.07,77769.49,1777115586000
1777115587.528,187.528,0.65,0.68,0.32,0.33,0.03,0.01,77769.49,1777115586000
1777115587.88,187.88,0.67,0.68,0.32,0.33,0.01,0.01,77769.49,1777115586000
1777115588.426,188.426,0.66,0.68,0.32,0.33,0.02,0.01,77769.49,1777115587000
1777115588.999,188.999,0.66,0.67,0.33,0.34,0.01,0.01,77769.49,1777115587000
1777115589.425,189.425,0.68,0.69,0.31,0.32,0.01,0.01,77769.49,1777115588000
1777115590.024,190.024,0.68,0.69,0.31,0.32,0.01,0.01,77769.51,1777115589000
1777115590.715,190.715,0.62,0.69,0.31,0.32,0.07,0.01,77769.51,1777115589000
1777115591.245,191.245,0.62,0.69,0.31,0.38,0.07,0.07,77769.51,1777115589000
1777115591.689,191.689,0.62,0.69,0.31,0.38,0.07,0.07,77769.51,1777115590000
1777115592.2,192.2,0.62,0.69,0.31,0.38,0.07,0.07,77769.52,1777115591000
1777115592.771,192.771,0.59,0.65,0.32,0.38,0.06,0.06,77769.52,1777115591000
1777115593.226,193.226,0.64,0.65,0.35,0.36,0.01,0.01,77769.52,1777115591000
1777115593.772,193.772,0.64,0.65,0.35,0.36,0.01,0.01,77769.51,1777115592000
1777115594.177,194.177,0.63,0.64,0.36,0.37,0.01,0.01,77767.79,1777115593000
1777115594.674,194.674,0.63,0.64,0.36,0.37,0.01,0.01,77767.79,1777115593000
1777115595.017,195.017,0.63,0.64,0.36,0.37,0.01,0.01,77767.79,1777115593000
1777115596.157,196.157,0.63,0.64,0.36,0.37,0.01,0.01,77769.51,1777115594000
1777115597.202,197.202,0.64,0.65,0.35,0.36,0.01,0.01,77769.51,1777115596000
1777115598.514,198.514,0.64,0.65,0.35,0.36,0.01,0.01,77769.51,1777115597000
1777115598.869,198.869,0.65,0.66,0.34,0.35,0.01,0.01,77769.51,1777115597000
1777115599.352,199.352,0.65,0.66,0.34,0.35,0.01,0.01,77769.51,1777115597000
1777115599.886,199.886,0.65,0.66,0.34,0.35,0.01,0.01,77769.52,1777115598000
1777115600.308,200.308,0.65,0.66,0.34,0.35,0.01,0.01,77769.34,1777115599000
1777115601.083,201.083,0.62,0.65,0.34,0.37,0.03,0.03,77769.34,1777115599000
1777115601.42,201.42,0.54,0.55,0.45,0.46,0.01,0.01,77764.76,1777115600000
1777115601.782,201.782,0.53,0.55,0.45,0.5,0.02,0.05,77764.76,1777115600000
1777115602.134,202.134,0.49,0.55,0.45,0.51,0.06,0.06,77761.43,1777115601000
1777115602.489,202.489,0.51,0.53,0.47,0.49,0.02,0.02,77761.43,1777115601000
1777115602.824,202.824,0.48,0.51,0.49,0.52,0.03,0.03,77761.43,1777115601000
1777115603.188,203.188,0.46,0.49,0.51,0.54,0.03,0.03,77759.2,1777115602000
1777115603.524,203.524,0.45,0.46,0.54,0.55,0.01,0.01,77759.2,1777115602000
1777115603.863,203.863,0.45,0.46,0.54,0.55,0.01,0.01,77759.2,1777115602000
1777115604.231,204.231,0.45,0.46,0.54,0.55,0.01,0.01,77759.12,1777115603000
1777115605.24,205.24,0.45,0.46,0.54,0.55,0.01,0.01,77759.12,1777115604000
1777115605.646,205.646,0.45,0.46,0.54,0.55,0.01,0.01,77759.12,1777115604000
1777115606.102,206.102,0.45,0.46,0.54,0.55,0.01,0.01,77759.12,1777115604000
1777115606.534,206.534,0.45,0.46,0.54,0.55,0.01,0.01,77759.01,1777115605000
1777115606.888,206.888,0.46,0.47,0.53,0.54,0.01,0.01,77759.01,1777115605000
1777115607.23,207.23,0.45,0.47,0.53,0.55,0.02,0.02,77759.01,1777115605000
1777115607.758,207.758,0.45,0.47,0.53,0.55,0.02,0.02,77759.01,1777115605000
1777115608.099,208.099,0.45,0.47,0.53,0.55,0.02,0.02,77759.05,1777115606000
1777115608.462,208.462,0.45,0.47,0.53,0.55,0.02,0.02,77759.05,1777115607000
1777115608.813,208.813,0.45,0.47,0.53,0.55,0.02,0.02,77759.05,1777115607000
1777115609.186,209.186,0.45,0.47,0.53,0.55,0.02,0.02,77759.05,1777115607000
1777115609.519,209.519,0.46,0.47,0.53,0.55,0.01,0.02,77759.12,1777115608000
1777115609.868,209.868,0.46,0.52,0.51,0.54,0.06,0.03,77759.12,1777115608000
1777115610.213,210.213,0.46,0.47,0.53,0.54,0.01,0.01,77759.12,1777115609000
1777115610.967,210.967,0.47,0.48,0.52,0.53,0.01,0.01,77758.77,1777115610000
1777115611.313,211.313,0.47,0.48,0.52,0.53,0.01,0.01,77758.77,1777115610000
1777115611.655,211.655,0.47,0.48,0.52,0.53,0.01,0.01,77758.77,1777115610000
1777115612.028,212.028,0.47,0.48,0.52,0.53,0.01,0.01,77758.77,1777115611000
1777115612.72,212.72,0.47,0.48,0.52,0.53,0.01,0.01,77758.77,1777115611000
1777115613.302,213.302,0.47,0.48,0.52,0.53,0.01,0.01,77758.74,1777115612000
1777115613.854,213.854,0.46,0.48,0.52,0.54,0.02,0.02,77758.74,1777115612000
1777115614.334,214.334,0.44,0.48,0.52,0.58,0.04,0.06,77758.6,1777115613000
1777115614.781,214.781,0.44,0.48,0.53,0.56,0.04,0.03,77758.6,1777115613000
1777115615.136,215.136,0.42,0.47,0.53,0.58,0.05,0.05,77758.71,1777115614000
1777115615.647,215.647,0.43,0.44,0.55,0.58,0.01,0.03,77758.71,1777115614000
1777115615.989,215.989,0.43,0.44,0.56,0.57,0.01,0.01,77758.71,1777115614000
1777115616.336,216.336,0.42,0.44,0.56,0.57,0.02,0.01,77758.71,1777115615000
1777115616.695,216.695,0.41,0.45,0.55,0.58,0.04,0.03,77758.71,1777115615000
1777115617.032,217.032,0.42,0.43,0.57,0.58,0.01,0.01,77758.71,1777115615000
1777115617.956,217.956,0.42,0.43,0.57,0.59,0.01,0.02,77758.71,1777115616000
1777115618.633,218.633,0.42,0.43,0.57,0.58,0.01,0.01,77758.72,1777115617000
1777115619.21,219.21,0.41,0.42,0.57,0.59,0.01,0.02,77758.72,1777115617000
1777115619.594,219.594,0.42,0.43,0.57,0.58,0.01,0.01,77758.63,1777115618000
1777115620.0,220.0,0.43,0.44,0.56,0.57,0.01,0.01,77758.63,1777115618000
1777115620.397,220.397,0.43,0.44,0.56,0.57,0.01,0.01,77758.77,1777115619000
1777115620.956,220.956,0.43,0.44,0.56,0.57,0.01,0.01,77758.77,1777115619000
1777115621.305,221.305,0.42,0.44,0.56,0.58,0.02,0.02,77758.74,1777115620000
1777115621.639,221.639,0.42,0.44,0.56,0.58,0.02,0.02,77758.74,1777115620000
1777115622.104,222.104,0.42,0.44,0.56,0.58,0.02,0.02,77758.74,1777115620000
1777115622.588,222.588,0.42,0.43,0.56,0.58,0.01,0.02,77758.88,1777115621000
1777115622.957,222.957,0.41,0.44,0.56,0.59,0.03,0.03,77758.88,1777115622000
1777115623.632,223.632,0.42,0.43,0.56,0.58,0.01,0.02,77758.88,1777115622000
1777115624.004,224.004,0.42,0.43,0.57,0.58,0.01,0.01,77758.78,1777115623000
1777115624.369,224.369,0.42,0.43,0.57,0.58,0.01,0.01,77758.78,1777115623000
1777115624.832,224.832,0.42,0.43,0.57,0.58,0.01,0.01,77758.78,1777115623000
1777115625.184,225.184,0.42,0.43,0.57,0.58,0.01,0.01,77758.71,1777115624000
1777115625.794,225.794,0.42,0.43,0.57,0.58,0.01,0.01,77758.71,1777115624000
1777115626.296,226.296,0.42,0.43,0.57,0.58,0.01,0.01,77758.67,1777115625000
1777115626.73,226.73,0.42,0.43,0.57,0.58,0.01,0.01,77758.67,1777115625000
1777115627.079,227.079,0.38,0.41,0.59,0.62,0.03,0.03,77758.67,1777115625000
1777115627.424,227.424,0.38,0.39,0.61,0.62,0.01,0.01,77758.67,1777115626000
1777115627.762,227.762,0.38,0.39,0.61,0.63,0.01,0.02,77758.67,1777115626000
1777115628.136,228.136,0.38,0.39,0.61,0.62,0.01,0.01,77758.66,1777115627000
1777115628.739,228.739,0.37,0.38,0.61,0.63,0.01,0.02,77758.66,1777115627000
1777115629.127,229.127,0.37,0.39,0.61,0.63,0.02,0.02,77758.07,1777115628000
1777115629.718,229.718,0.38,0.39,0.61,0.62,0.01,0.01,77758.07,1777115628000
1777115630.107,230.107,0.38,0.39,0.61,0.62,0.01,0.01,77758.13,1777115629000
1777115630.474,230.474,0.36,0.39,0.61,0.64,0.03,0.03,77758.13,1777115629000
1777115631.077,231.077,0.38,0.39,0.61,0.64,0.01,0.03,77758.13,1777115629000
1777115631.518,231.518,0.38,0.39,0.61,0.62,0.01,0.01,77758.18,1777115630000
1777115632.243,232.243,0.38,0.39,0.61,0.62,0.01,0.01,77758.09,1777115631000
1777115632.584,232.584,0.38,0.39,0.61,0.62,0.01,0.01,77758.09,1777115631000
1777115632.922,232.922,0.46,0.48,0.52,0.54,0.02,0.02,77758.09,1777115631000
1777115633.358,233.358,0.47,0.48,0.52,0.53,0.01,0.01,77759.22,1777115632000
1777115633.734,233.734,0.47,0.57,0.43,0.53,0.1,0.1,77759.22,1777115632000
1777115634.211,234.211,0.53,0.6,0.45,0.49,0.07,0.04,77759.22,1777115632000
1777115634.579,234.579,0.54,0.55,0.45,0.46,0.01,0.01,77759.22,1777115632000
1777115634.945,234.945,0.57,0.59,0.41,0.43,0.02,0.02,77760.18,1777115633000
1777115635.342,235.342,0.58,0.59,0.41,0.42,0.01,0.01,77760.26,1777115634000
1777115635.723,235.723,0.58,0.59,0.41,0.42,0.01,0.01,77760.26,1777115634000
1777115636.261,236.261,0.58,0.59,0.41,0.42,0.01,0.01,77760.43,1777115635000
1777115636.747,236.747,0.58,0.59,0.41,0.42,0.01,0.01,77760.43,1777115635000
1777115637.108,237.108,0.58,0.59,0.41,0.42,0.01,0.01,77760.43,1777115635000
1777115637.885,237.885,0.58,0.59,0.41,0.42,0.01,0.01,77760.45,1777115637000
1777115638.466,238.466,0.58,0.59,0.41,0.42,0.01,0.01,77760.45,1777115637000
1777115638.831,238.831,0.58,0.59,0.41,0.42,0.01,0.01,77760.45,1777115637000
1777115639.62,239.62,0.58,0.59,0.41,0.42,0.01,0.01,77760.46,1777115638000
1777115640.002,240.002,0.58,0.59,0.41,0.42,0.01,0.01,77760.46,1777115638000
1777115640.341,240.341,0.58,0.59,0.41,0.42,0.01,0.01,77760.47,1777115639000
1777115640.698,240.698,0.58,0.59,0.41,0.42,0.01,0.01,77760.47,1777115639000
1777115641.155,241.155,0.58,0.59,0.41,0.42,0.01,0.01,77760.4,1777115640000
1777115641.693,241.693,0.55,0.57,0.42,0.44,0.02,0.02,77760.4,1777115640000
1777115642.069,242.069,0.56,0.57,0.43,0.44,0.01,0.01,77760.43,1777115641000
1777115642.496,242.496,0.57,0.58,0.42,0.44,0.01,0.02,77760.43,1777115641000
1777115642.835,242.835,0.58,0.59,0.41,0.42,0.01,0.01,77760.43,1777115641000
1777115643.205,243.205,0.58,0.59,0.41,0.42,0.01,0.01,77760.4,1777115642000
1777115643.643,243.643,0.59,0.6,0.4,0.41,0.01,0.01,77760.4,1777115642000
1777115644.214,244.214,0.59,0.6,0.4,0.41,0.01,0.01,77760.42,1777115643000
1777115644.571,244.571,0.59,0.6,0.4,0.41,0.01,0.01,77760.42,1777115643000
1777115645.141,245.141,0.59,0.6,0.4,0.41,0.01,0.01,77760.42,1777115643000
1777115645.616,245.616,0.59,0.61,0.39,0.41,0.02,0.02,77761.42,1777115644000
1777115646.271,246.271,0.59,0.61,0.39,0.41,0.02,0.02,77763.16,1777115645000
1777115646.654,246.654,0.6,0.61,0.39,0.4,0.01,0.01,77763.16,1777115645000
1777115647.002,247.002,0.6,0.61,0.39,0.4,0.01,0.01,77763.16,1777115645000
1777115647.339,247.339,0.6,0.61,0.39,0.4,0.01,0.01,77763.16,1777115646000
1777115647.709,247.709,0.65,0.75,0.25,0.35,0.1,0.1,77763.16,1777115646000
1777115648.046,248.046,0.71,0.74,0.26,0.29,0.03,0.03,77763.16,1777115646000
1777115648.549,248.549,0.73,0.74,0.26,0.27,0.01,0.01,77763.25,1777115647000
1777115649.179,249.179,0.76,0.83,0.18,0.24,0.07,0.06,77763.25,1777115647000
1777115649.531,249.531,0.81,0.82,0.18,0.19,0.01,0.01,77765.3,1777115648000
1777115649.886,249.886,0.76,0.77,0.23,0.24,0.01,0.01,77765.3,1777115648000
1777115650.221,250.221,0.69,0.7,0.29,0.32,0.01,0.03,77765.3,1777115649000
1777115650.669,250.669,0.69,0.7,0.3,0.31,0.01,0.01,77765.3,1777115649000
1777115651.028,251.028,0.68,0.69,0.31,0.32,0.01,0.01,77765.3,1777115649000
1777115651.424,251.424,0.71,0.72,0.28,0.29,0.01,0.01,77767.57,1777115650000
1777115652.036,252.036,0.71,0.72,0.28,0.29,0.01,0.01,77767.57,1777115650000
1777115652.397,252.397,0.71,0.72,0.28,0.29,0.01,0.01,77768.06,1777115651000
1777115652.782,252.782,0.71,0.73,0.27,0.28,0.02,0.01,77768.06,1777115651000
1777115653.365,253.365,0.72,0.73,0.27,0.28,0.01,0.01,77768.06,1777115652000
1777115653.739,253.739,0.72,0.73,0.27,0.28,0.01,0.01,77768.06,1777115652000
1777115654.118,254.118,0.72,0.73,0.27,0.3,0.01,0.03,77768.07,1777115653000
1777115654.485,254.485,0.71,0.73,0.27,0.29,0.02,0.02,77768.07,1777115653000
1777115654.894,254.894,0.69,0.7,0.29,0.3,0.01,0.01,77768.07,1777115653000
1777115655.317,255.317,0.67,0.68,0.3,0.31,0.01,0.01,77767.99,1777115654000
1777115655.676,255.676,0.67,0.68,0.32,0.33,0.01,0.01,77767.99,1777115654000
1777115656.088,256.088,0.67,0.68,0.32,0.33,0.01,0.01,77767.99,1777115654000
1777115656.506,256.506,0.68,0.69,0.31,0.32,0.01,0.01,77767.98,1777115655000
1777115657.103,257.103,0.68,0.69,0.31,0.32,0.01,0.01,77767.98,1777115655000
1777115657.488,257.488,0.63,0.64,0.31,0.36,0.01,0.05,77767.99,1777115656000
1777115657.859,257.859,0.63,0.64,0.36,0.37,0.01,0.01,77767.99,1777115656000
1777115658.314,258.314,0.63,0.64,0.36,0.37,0.01,0.01,77767.99,1777115656000
1777115658.897,258.897,0.64,0.65,0.36,0.37,0.01,0.01,77768.04,1777115657000
1777115659.269,259.269,0.32,0.53,0.47,0.68,0.21,0.21,77768.13,1777115658000
1777115659.608,259.608,0.44,0.45,0.52,0.56,0.01,0.04,77768.13,1777115658000
1777115659.944,259.944,0.32,0.42,0.58,0.68,0.1,0.1,77768.13,1777115658000
1777115660.342,260.342,0.33,0.38,0.65,0.67,0.05,0.02,77768.13,1777115659000
1777115660.992,260.992,0.28,0.35,0.62,0.67,0.07,0.05,77768.13,1777115659000
1777115661.396,261.396,0.29,0.34,0.65,0.73,0.05,0.08,77766.02,1777115660000
1777115661.863,261.863,0.32,0.33,0.67,0.68,0.01,0.01,77766.02,1777115660000
1777115662.335,262.335,0.28,0.29,0.67,0.72,0.01,0.05,77766.02,1777115660000
1777115662.774,262.774,0.33,0.34,0.66,0.67,0.01,0.01,77765.97,1777115661000
1777115663.109,263.109,0.32,0.35,0.65,0.67,0.03,0.02,77765.97,1777115661000
1777115663.443,263.443,0.32,0.33,0.67,0.68,0.01,0.01,77765.97,1777115662000
1777115663.834,263.834,0.23,0.24,0.76,0.77,0.01,0.01,77765.97,1777115662000
1777115664.248,264.248,0.24,0.25,0.75,0.76,0.01,0.01,77765.97,1777115663000
1777115664.674,264.674,0.24,0.25,0.75,0.76,0.01,0.01,77765.97,1777115663000
1777115665.016,265.016,0.28,0.29,0.71,0.72,0.01,0.01,77765.98,1777115664000
1777115665.423,265.423,0.29,0.3,0.7,0.72,0.01,0.02,77765.98,1777115664000
1777115665.79,265.79,0.28,0.29,0.71,0.72,0.01,0.01,77765.98,1777115664000
1777115666.165,266.165,0.24,0.29,0.71,0.72,0.05,0.01,77765.98,1777115664000
1777115666.72,266.72,0.24,0.26,0.74,0.75,0.02,0.01,77765.98,1777115665000
1777115667.215,267.215,0.25,0.26,0.74,0.75,0.01,0.01,77765.98,1777115665000
1777115667.594,267.594,0.25,0.26,0.74,0.75,0.01,0.01,77765.94,1777115666000
1777115668.046,268.046,0.25,0.26,0.74,0.75,0.01,0.01,77765.95,1777115667000
1777115668.628,268.628,0.25,0.26,0.74,0.75,0.01,0.01,77765.95,1777115667000
1777115669.094,269.094,0.29,0.34,0.65,0.75,0.05,0.1,77765.95,1777115667000
1777115669.443,269.443,0.32,0.33,0.67,0.68,0.01,0.01,77765.89,1777115668000
1777115669.8,269.8,0.37,0.45,0.47,0.63,0.08,0.16,77765.89,1777115668000
1777115670.174,270.174,0.4,0.41,0.6,0.63,0.01,0.03,77765.89,1777115668000
1777115670.542,270.542,0.33,0.34,0.66,0.67,0.01,0.01,77765.92,1777115669000
1777115670.91,270.91,0.36,0.37,0.64,0.65,0.01,0.01,77765.92,1777115670000
1777115671.482,271.482,0.36,0.37,0.63,0.64,0.01,0.01,77765.92,1777115670000
1777115671.9,271.9,0.35,0.36,0.64,0.65,0.01,0.01,77765.92,1777115670000
1777115672.267,272.267,0.11,0.12,0.88,0.89,0.01,0.01,77765.75,1777115671000
1777115672.611,272.611,0.11,0.13,0.88,0.89,0.02,0.01,77765.75,1777115671000
1777115672.954,272.954,0.17,0.19,0.84,0.92,0.02,0.08,77765.75,1777115671000
1777115673.338,273.338,0.07,0.18,0.83,0.93,0.11,0.1,77765.75,1777115671000
1777115673.929,273.929,0.1,0.16,0.83,0.93,0.06,0.1,77765.74,1777115672000
1777115674.49,274.49,0.08,0.13,0.84,0.9,0.05,0.06,77761.48,1777115673000
1777115674.927,274.927,0.08,0.26,0.74,0.92,0.18,0.18,77761.48,1777115673000
1777115675.406,275.406,0.16,0.22,0.74,0.84,0.06,0.1,77758.94,1777115674000
1777115675.76,275.76,0.1,0.13,0.87,0.89,0.03,0.02,77758.94,1777115674000
1777115676.107,276.107,0.08,0.15,0.74,0.9,0.07,0.16,77758.94,1777115674000
1777115676.448,276.448,0.07,0.17,0.92,0.93,0.1,0.01,77758.94,1777115675000
1777115676.81,276.81,0.1,0.11,0.86,0.89,0.01,0.03,77758.94,1777115675000
1777115677.156,277.156,0.1,0.11,0.89,0.9,0.01,0.01,77758.94,1777115676000
1777115677.504,277.504,0.1,0.11,0.89,0.9,0.01,0.01,77758.94,1777115676000
1777115677.89,277.89,0.06,0.08,0.87,0.88,0.02,0.01,77758.94,1777115676000
1777115678.228,278.228,0.06,0.07,0.93,0.94,0.01,0.01,77758.91,1777115677000
1777115678.594,278.594,0.06,0.07,0.93,0.94,0.01,0.01,77758.91,1777115677000
1777115678.936,278.936,0.06,0.07,0.93,0.94,0.01,0.01,77758.91,1777115677000
1777115679.273,279.273,0.06,0.07,0.93,0.94,0.01,0.01,77758.91,1777115678000
1777115679.606,279.606,0.07,0.09,0.93,0.95,0.02,0.02,77758.91,1777115678000
1777115680.049,280.049,0.06,0.07,0.92,0.94,0.01,0.02,77758.91,1777115678000
1777115680.497,280.497,0.06,0.07,0.93,0.94,0.01,0.01,77758.91,1777115679000
1777115680.868,280.868,0.05,0.06,0.93,0.95,0.01,0.02,77758.91,1777115679000
1777115681.231,281.231,0.05,0.07,0.93,0.95,0.02,0.02,77758.99,1777115680000
1777115681.644,281.644,0.05,0.07,0.93,0.95,0.02,0.02,77758.99,1777115680000
1777115682.017,282.017,0.05,0.06,0.92,0.95,0.01,0.03,77758.99,1777115680000
1777115682.43,282.43,0.05,0.06,0.94,0.95,0.01,0.01,77759.3,1777115681000
1777115682.892,282.892,0.05,0.06,0.94,0.95,0.01,0.01,77759.3,1777115681000
1777115683.309,283.309,0.05,0.06,0.94,0.95,0.01,0.01,77759.3,1777115681000
1777115683.653,283.653,0.05,0.06,0.94,0.95,0.01,0.01,77759.35,1777115682000
1777115684.175,284.175,0.07,0.09,0.91,0.95,0.02,0.04,77759.35,1777115682000
1777115684.549,284.549,0.06,0.25,0.92,0.94,0.19,0.02,77759.35,1777115683000
1777115684.926,284.926,0.06,0.19,0.93,0.96,0.13,0.03,77759.35,1777115683000
1777115685.401,285.401,0.11,0.12,0.88,0.89,0.01,0.01,77759.38,1777115684000
1777115685.772,285.772,0.11,0.12,0.88,0.89,0.01,0.01,77759.38,1777115684000
1777115686.146,286.146,0.11,0.12,0.88,0.89,0.01,0.01,77759.38,1777115684000
1777115686.55,286.55,0.06,0.07,0.91,0.94,0.01,0.03,77759.33,1777115685000
1777115686.906,286.906,0.05,0.07,0.93,0.95,0.02,0.02,77759.33,1777115685000
1777115687.351,287.351,0.06,0.12,0.83,0.91,0.06,0.08,77759.32,1777115686000
1777115687.699,287.699,0.08,0.09,0.91,0.92,0.01,0.01,77759.32,1777115686000
1777115688.131,288.131,0.08,0.09,0.91,0.92,0.01,0.01,77759.32,1777115686000
1777115688.467,288.467,0.04,0.09,0.91,0.92,0.05,0.01,77759.36,1777115687000
1777115689.028,289.028,0.08,0.09,0.91,0.92,0.01,0.01,77759.36,1777115687000
1777115689.579,289.579,0.04,0.09,0.91,0.96,0.05,0.05,77759.37,1777115688000
1777115689.916,289.916,0.04,0.11,0.9,0.96,0.07,0.06,77759.37,1777115688000
1777115690.337,290.337,0.04,0.11,0.89,0.96,0.07,0.07,77759.27,1777115689000
1777115690.68,290.68,0.04,0.05,0.91,0.95,0.01,0.04,77759.27,1777115689000
1777115691.04,291.04,0.05,0.06,0.93,0.97,0.01,0.04,77759.27,1777115689000
1777115691.398,291.398,0.03,0.05,0.95,0.97,0.02,0.02,77759.32,1777115690000
1777115691.939,291.939,0.03,0.04,0.96,0.97,0.01,0.01,77759.31,1777115691000
1777115692.281,292.281,0.03,0.04,0.92,0.97,0.01,0.05,77759.31,1777115691000
1777115692.629,292.629,0.03,0.04,0.96,0.97,0.01,0.01,77759.31,1777115691000
1777115692.989,292.989,0.03,0.04,0.96,0.97,0.01,0.01,77759.31,1777115691000
1777115693.34,293.34,0.03,0.04,0.96,0.97,0.01,0.01,77759.31,1777115692000
1777115693.674,293.674,0.03,0.04,0.96,0.97,0.01,0.01,77759.31,1777115692000
1777115694.025,294.025,0.03,0.14,0.96,0.97,0.11,0.01,77759.31,1777115692000
1777115694.368,294.368,0.02,0.03,0.94,0.97,0.01,0.03,77758.01,1777115693000
1777115694.892,294.892,0.02,0.04,0.94,0.97,0.02,0.03,77758.01,1777115693000
1777115695.227,295.227,0.02,0.03,0.97,0.98,0.01,0.01,77758.01,1777115694000
1777115695.682,295.682,0.02,0.03,0.97,0.98,0.01,0.01,77758.01,1777115694000
1777115696.406,296.406,0.04,0.08,0.87,0.91,0.04,0.04,77758.01,1777115694000
1777115696.838,296.838,0.05,0.08,0.91,0.94,0.03,0.03,77757.99,1777115695000
1777115697.187,297.187,0.02,0.07,0.92,0.95,0.05,0.03,77757.99,1777115696000
1777115697.556,297.556,0.03,0.04,0.93,0.95,0.01,0.02,77757.99,1777115696000
1777115697.904,297.904,0.02,0.06,0.94,0.98,0.04,0.04,77757.99,1777115696000
1777115698.269,298.269,0.03,0.06,0.94,0.97,0.03,0.03,77757.96,1777115697000
1777115698.631,298.631,0.02,0.01,0.99,0.98,-0.01,-0.01,77757.96,1777115697000
1777115699.041,299.041,0.02,0.01,0.99,0.98,-0.01,-0.01,77757.96,1777115697000
1777115699.439,299.439,0.02,0.01,0.99,0.98,-0.01,-0.01,77758.02,1777115698000
1777115700.366,300.366,0.02,0.01,0.99,0.98,-0.01,-0.01,77758.02,1777115698000
1777115700.703,300.703,0.02,0.01,0.99,0.98,-0.01,-0.01,77758.02,1777115699000
1777115701.111,301.111,0.02,0.01,0.99,0.98,-0.01,-0.01,77758.02,1777115700000
1777115702.096,302.096,0.02,0.01,0.99,0.98,-0.01,-0.01,77758.03,1777115701000

# RESULT,winner=Down,slug=btc-updown-5m-1777115400,ticks=621
