timestamp,elapsed_sec,up_bid,up_ask,down_bid,down_ask,up_spread,down_spread,btc_price,btc_oracle_ts
1776864000.511,0.511,0.45,0.46,0.52,0.53,0.01,0.01,78454.94,1776863992000
1776864000.847,0.847,0.45,0.48,0.52,0.55,0.03,0.03,78461.0,1776863993000
1776864001.25,1.25,0.47,0.48,0.52,0.53,0.01,0.01,78461.0,1776863993000
1776864001.647,1.647,0.47,0.5,0.5,0.53,0.03,0.03,78461.0,1776863993000
1776864002.001,2.001,0.55,0.59,0.41,0.45,0.04,0.04,78464.92,1776863994000
1776864002.508,2.508,0.57,0.6,0.4,0.43,0.03,0.03,78464.92,1776863994000
1776864003.064,3.064,0.57,0.6,0.4,0.43,0.03,0.03,78465.44,1776863995000
1776864003.408,3.408,0.57,0.59,0.41,0.43,0.02,0.02,78466.86,1776863996000
1776864003.774,3.774,0.53,0.54,0.46,0.47,0.01,0.01,78466.86,1776863996000
1776864004.262,4.262,0.53,0.54,0.46,0.47,0.01,0.01,78467.99,1776863997000
1776864004.606,4.606,0.53,0.57,0.43,0.47,0.04,0.04,78467.99,1776863997000
1776864005.036,5.036,0.53,0.56,0.42,0.44,0.03,0.02,78467.99,1776863997000
1776864005.378,5.378,0.53,0.57,0.43,0.47,0.04,0.04,78464.29,1776863998000
1776864005.826,5.826,0.53,0.57,0.43,0.47,0.04,0.04,78464.29,1776863998000
1776864006.178,6.178,0.53,0.58,0.42,0.47,0.05,0.05,78464.29,1776863998000
1776864006.569,6.569,0.57,0.6,0.4,0.44,0.03,0.04,78464.23,1776863999000
1776864006.903,6.903,0.55,0.59,0.41,0.45,0.04,0.04,78464.23,1776863999000
1776864007.245,7.245,0.54,0.57,0.43,0.46,0.03,0.03,78469.65,1776864000000
1776864007.596,7.596,0.59,0.6,0.42,0.45,0.01,0.03,78469.65,1776864000000
1776864007.988,7.988,0.54,0.55,0.45,0.46,0.01,0.01,78469.65,1776864000000
1776864008.335,8.335,0.54,0.55,0.45,0.46,0.01,0.01,78469.65,1776864000000
1776864008.725,8.725,0.53,0.54,0.46,0.47,0.01,0.01,78471.2,1776864001000
1776864009.062,9.062,0.53,0.54,0.46,0.47,0.01,0.01,78471.2,1776864001000
1776864009.405,9.405,0.52,0.53,0.47,0.48,0.01,0.01,78478.02,1776864002000
1776864009.741,9.741,0.51,0.52,0.48,0.49,0.01,0.01,78478.02,1776864002000
1776864010.076,10.076,0.5,0.52,0.48,0.49,0.02,0.01,78478.02,1776864002000
1776864010.422,10.422,0.48,0.49,0.51,0.52,0.01,0.01,78496.32,1776864003000
1776864010.772,10.772,0.45,0.46,0.53,0.54,0.01,0.01,78496.32,1776864003000
1776864011.109,11.109,0.43,0.44,0.56,0.57,0.01,0.01,78496.32,1776864003000
1776864011.5,11.5,0.43,0.44,0.56,0.57,0.01,0.01,78496.32,1776864003000
1776864011.871,11.871,0.43,0.44,0.56,0.57,0.01,0.01,78500.15,1776864004000
1776864012.212,12.212,0.43,0.44,0.56,0.57,0.01,0.01,78500.15,1776864004000
1776864012.69,12.69,0.43,0.44,0.56,0.57,0.01,0.01,78500.15,1776864004000
1776864013.375,13.375,0.4,0.44,0.56,0.58,0.04,0.02,78509.65,1776864005000
1776864013.739,13.739,0.4,0.44,0.56,0.6,0.04,0.04,78509.65,1776864005000
1776864014.449,14.449,0.4,0.44,0.56,0.6,0.04,0.04,78504.21,1776864006000
1776864015.146,15.146,0.4,0.44,0.56,0.6,0.04,0.04,78496.36,1776864007000
1776864015.64,15.64,0.4,0.44,0.56,0.6,0.04,0.04,78496.36,1776864007000
1776864016.199,16.199,0.4,0.44,0.56,0.6,0.04,0.04,78488.0,1776864008000
1776864016.554,16.554,0.39,0.44,0.56,0.6,0.05,0.04,78488.0,1776864008000
1776864016.898,16.898,0.39,0.4,0.6,0.61,0.01,0.01,78488.74,1776864009000
1776864017.398,17.398,0.41,0.42,0.58,0.61,0.01,0.03,78488.74,1776864009000
1776864017.742,17.742,0.37,0.41,0.59,0.63,0.04,0.04,78488.74,1776864009000
1776864018.088,18.088,0.36,0.42,0.58,0.64,0.06,0.06,78488.74,1776864009000
1776864018.472,18.472,0.36,0.37,0.58,0.64,0.01,0.06,78483.21,1776864010000
1776864018.826,18.826,0.39,0.4,0.6,0.61,0.01,0.01,78483.21,1776864010000
1776864019.169,19.169,0.36,0.37,0.63,0.64,0.01,0.01,78483.21,1776864010000
1776864019.508,19.508,0.36,0.37,0.63,0.64,0.01,0.01,78467.88,1776864011000
1776864019.87,19.87,0.36,0.37,0.63,0.64,0.01,0.01,78467.88,1776864011000
1776864020.23,20.23,0.36,0.37,0.63,0.67,0.01,0.04,78467.88,1776864011000
1776864020.596,20.596,0.33,0.34,0.66,0.67,0.01,0.01,78460.03,1776864012000
1776864020.969,20.969,0.33,0.34,0.66,0.68,0.01,0.02,78460.03,1776864012000
1776864021.361,21.361,0.31,0.32,0.68,0.69,0.01,0.01,78460.03,1776864012000
1776864021.7,21.7,0.3,0.32,0.68,0.7,0.02,0.02,78458.02,1776864013000
1776864022.818,22.818,0.29,0.31,0.69,0.71,0.02,0.02,78458.02,1776864013000
1776864023.518,23.518,0.3,0.31,0.69,0.7,0.01,0.01,78437.54,1776864014000
1776864024.135,24.135,0.3,0.31,0.69,0.7,0.01,0.01,78432.37,1776864015000
1776864024.574,24.574,0.3,0.31,0.69,0.7,0.01,0.01,78432.37,1776864015000
1776864025.203,25.203,0.3,0.31,0.69,0.71,0.01,0.02,78435.59,1776864016000
1776864025.57,25.57,0.3,0.31,0.69,0.7,0.01,0.01,78435.59,1776864016000
1776864025.947,25.947,0.3,0.31,0.69,0.7,0.01,0.01,78433.07,1776864017000
1776864026.33,26.33,0.3,0.32,0.68,0.7,0.02,0.02,78433.07,1776864017000
1776864026.672,26.672,0.3,0.32,0.68,0.7,0.02,0.02,78431.82,1776864018000
1776864027.146,27.146,0.3,0.33,0.67,0.7,0.03,0.03,78431.82,1776864018000
1776864027.518,27.518,0.3,0.33,0.68,0.7,0.03,0.02,78423.98,1776864019000
1776864027.915,27.915,0.32,0.36,0.66,0.68,0.04,0.02,78423.98,1776864019000
1776864028.249,28.249,0.36,0.42,0.58,0.64,0.06,0.06,78421.53,1776864020000
1776864028.622,28.622,0.36,0.45,0.57,0.64,0.09,0.07,78421.53,1776864020000
1776864028.961,28.961,0.4,0.45,0.55,0.57,0.05,0.02,78421.53,1776864020000
1776864029.316,29.316,0.44,0.45,0.55,0.56,0.01,0.01,78426.94,1776864021000
1776864029.667,29.667,0.42,0.43,0.55,0.59,0.01,0.04,78426.94,1776864021000
1776864030.001,30.001,0.43,0.44,0.56,0.57,0.01,0.01,78426.94,1776864021000
1776864030.345,30.345,0.43,0.44,0.56,0.57,0.01,0.01,78426.94,1776864021000
1776864030.683,30.683,0.44,0.45,0.55,0.56,0.01,0.01,78420.69,1776864022000
1776864031.106,31.106,0.44,0.45,0.55,0.56,0.01,0.01,78420.69,1776864022000
1776864031.468,31.468,0.4,0.42,0.58,0.6,0.02,0.02,78420.69,1776864022000
1776864031.878,31.878,0.4,0.41,0.59,0.6,0.01,0.01,78417.89,1776864023000
1776864032.697,32.697,0.39,0.4,0.59,0.61,0.01,0.02,78417.89,1776864023000
1776864033.958,33.958,0.39,0.4,0.6,0.61,0.01,0.01,78432.34,1776864024000
1776864034.341,34.341,0.39,0.4,0.6,0.61,0.01,0.01,78432.34,1776864024000
1776864034.866,34.866,0.37,0.4,0.6,0.63,0.03,0.03,78447.97,1776864025000
1776864035.202,35.202,0.34,0.36,0.64,0.66,0.02,0.02,78447.97,1776864025000
1776864035.663,35.663,0.36,0.37,0.63,0.64,0.01,0.01,78448.08,1776864026000
1776864036.081,36.081,0.34,0.38,0.62,0.66,0.04,0.04,78448.08,1776864026000
1776864036.423,36.423,0.47,0.51,0.49,0.53,0.04,0.04,78448.07,1776864027000
1776864036.775,36.775,0.48,0.5,0.5,0.52,0.02,0.02,78452.32,1776864028000
1776864037.198,37.198,0.49,0.5,0.5,0.51,0.01,0.01,78452.32,1776864028000
1776864037.617,37.617,0.5,0.51,0.49,0.5,0.01,0.01,78452.32,1776864028000
1776864038.006,38.006,0.5,0.51,0.49,0.5,0.01,0.01,78456.52,1776864029000
1776864038.344,38.344,0.46,0.49,0.51,0.54,0.03,0.03,78456.52,1776864029000
1776864038.677,38.677,0.46,0.47,0.53,0.54,0.01,0.01,78456.52,1776864029000
1776864039.223,39.223,0.46,0.47,0.53,0.54,0.01,0.01,78455.0,1776864030000
1776864039.585,39.585,0.45,0.46,0.54,0.55,0.01,0.01,78455.0,1776864030000
1776864039.93,39.93,0.45,0.46,0.54,0.55,0.01,0.01,78455.0,1776864030000
1776864040.263,40.263,0.45,0.46,0.54,0.55,0.01,0.01,78455.99,1776864031000
1776864040.712,40.712,0.45,0.46,0.54,0.55,0.01,0.01,78455.99,1776864031000
1776864041.076,41.076,0.45,0.46,0.54,0.55,0.01,0.01,78455.99,1776864031000
1776864041.41,41.41,0.45,0.46,0.54,0.55,0.01,0.01,78455.99,1776864031000
1776864041.753,41.753,0.45,0.46,0.54,0.55,0.01,0.01,78454.86,1776864032000
1776864042.137,42.137,0.45,0.46,0.54,0.55,0.01,0.01,78451.96,1776864033000
1776864042.544,42.544,0.45,0.46,0.54,0.55,0.01,0.01,78451.96,1776864033000
1776864042.969,42.969,0.45,0.46,0.54,0.55,0.01,0.01,78451.96,1776864033000
1776864043.382,43.382,0.47,0.48,0.53,0.55,0.01,0.02,78440.36,1776864034000
1776864043.762,43.762,0.48,0.49,0.51,0.52,0.01,0.01,78440.36,1776864034000
1776864044.333,44.333,0.49,0.5,0.5,0.51,0.01,0.01,78433.76,1776864035000
1776864044.708,44.708,0.49,0.5,0.5,0.51,0.01,0.01,78455.28,1776864036000
1776864045.115,45.115,0.5,0.51,0.49,0.5,0.01,0.01,78455.28,1776864036000
1776864045.501,45.501,0.5,0.51,0.49,0.5,0.01,0.01,78455.28,1776864036000
1776864045.835,45.835,0.46,0.49,0.51,0.53,0.03,0.02,78469.63,1776864037000
1776864046.197,46.197,0.46,0.47,0.52,0.56,0.01,0.04,78469.63,1776864037000
1776864046.549,46.549,0.46,0.47,0.53,0.54,0.01,0.01,78470.22,1776864038000
1776864046.922,46.922,0.46,0.47,0.53,0.54,0.01,0.01,78470.22,1776864038000
1776864047.324,47.324,0.46,0.47,0.53,0.54,0.01,0.01,78470.22,1776864038000
1776864047.75,47.75,0.46,0.47,0.53,0.54,0.01,0.01,78469.32,1776864039000
1776864048.256,48.256,0.46,0.47,0.53,0.54,0.01,0.01,78469.32,1776864039000
1776864048.592,48.592,0.46,0.47,0.53,0.54,0.01,0.01,78469.32,1776864039000
1776864048.936,48.936,0.45,0.46,0.53,0.54,0.01,0.01,78465.11,1776864040000
1776864049.591,49.591,0.45,0.46,0.54,0.55,0.01,0.01,78465.11,1776864040000
1776864050.863,50.863,0.45,0.46,0.54,0.55,0.01,0.01,78463.48,1776864041000
1776864051.282,51.282,0.45,0.46,0.54,0.55,0.01,0.01,78463.2,1776864042000
1776864051.683,51.683,0.45,0.46,0.54,0.55,0.01,0.01,78463.2,1776864042000
1776864052.146,52.146,0.45,0.46,0.54,0.55,0.01,0.01,78465.17,1776864044000
1776864052.797,52.797,0.45,0.46,0.54,0.55,0.01,0.01,78465.17,1776864044000
1776864053.134,53.134,0.45,0.46,0.54,0.55,0.01,0.01,78470.75,1776864045000
1776864053.84,53.84,0.45,0.46,0.54,0.55,0.01,0.01,78471.34,1776864046000
1776864054.278,54.278,0.45,0.46,0.54,0.55,0.01,0.01,78465.74,1776864047000
1776864054.647,54.647,0.45,0.46,0.54,0.55,0.01,0.01,78465.74,1776864047000
1776864055.066,55.066,0.45,0.46,0.54,0.55,0.01,0.01,78464.65,1776864048000
1776864055.523,55.523,0.45,0.46,0.54,0.55,0.01,0.01,78464.65,1776864048000
1776864055.979,55.979,0.43,0.44,0.54,0.57,0.01,0.03,78464.65,1776864048000
1776864056.398,56.398,0.41,0.44,0.56,0.58,0.03,0.02,78465.56,1776864050000
1776864056.739,56.739,0.4,0.41,0.59,0.6,0.01,0.01,78465.56,1776864050000
1776864057.094,57.094,0.39,0.41,0.59,0.61,0.02,0.02,78465.56,1776864050000
1776864057.436,57.436,0.37,0.4,0.6,0.65,0.03,0.05,78465.56,1776864050000
1776864057.956,57.956,0.37,0.38,0.62,0.63,0.01,0.01,78466.65,1776864052000
1776864058.445,58.445,0.37,0.38,0.62,0.63,0.01,0.01,78466.65,1776864052000
1776864058.969,58.969,0.37,0.38,0.62,0.63,0.01,0.01,78460.24,1776864054000
1776864059.945,59.945,0.37,0.38,0.62,0.63,0.01,0.01,78462.96,1776864055000
1776864060.482,60.482,0.37,0.38,0.62,0.63,0.01,0.01,78462.96,1776864055000
1776864060.969,60.969,0.35,0.36,0.64,0.66,0.01,0.02,78463.86,1776864056000
1776864061.413,61.413,0.35,0.36,0.64,0.65,0.01,0.01,78463.86,1776864056000
1776864062.136,62.136,0.35,0.36,0.64,0.65,0.01,0.01,78452.96,1776864057000
1776864062.675,62.675,0.35,0.36,0.64,0.65,0.01,0.01,78449.34,1776864058000
1776864063.016,63.016,0.29,0.33,0.67,0.71,0.04,0.04,78444.11,1776864059000
1776864063.362,63.362,0.25,0.27,0.73,0.75,0.02,0.02,78444.11,1776864059000
1776864063.719,63.719,0.26,0.27,0.73,0.74,0.01,0.01,78444.11,1776864059000
1776864064.065,64.065,0.25,0.27,0.73,0.75,0.02,0.02,78438.42,1776864061000
1776864064.409,64.409,0.21,0.26,0.74,0.78,0.05,0.04,78419.25,1776864062000
1776864064.754,64.754,0.25,0.26,0.74,0.75,0.01,0.01,78419.25,1776864062000
1776864065.113,65.113,0.29,0.3,0.7,0.71,0.01,0.01,78404.82,1776864063000
1776864065.448,65.448,0.28,0.3,0.7,0.72,0.02,0.02,78403.09,1776864064000
1776864065.791,65.791,0.27,0.3,0.7,0.71,0.03,0.01,78403.09,1776864064000
1776864066.165,66.165,0.26,0.27,0.73,0.74,0.01,0.01,78406.01,1776864065000
1776864066.526,66.526,0.26,0.27,0.73,0.74,0.01,0.01,78406.01,1776864065000
1776864067.255,67.255,0.26,0.27,0.73,0.74,0.01,0.01,78417.91,1776864066000
1776864067.677,67.677,0.26,0.27,0.73,0.74,0.01,0.01,78417.91,1776864066000
1776864068.075,68.075,0.26,0.27,0.73,0.74,0.01,0.01,78417.91,1776864066000
1776864068.46,68.46,0.25,0.26,0.74,0.75,0.01,0.01,78411.18,1776864067000
1776864068.874,68.874,0.24,0.26,0.74,0.76,0.02,0.02,78411.18,1776864067000
1776864069.382,69.382,0.27,0.28,0.72,0.73,0.01,0.01,78411.18,1776864067000
1776864069.719,69.719,0.26,0.28,0.72,0.74,0.02,0.02,78411.18,1776864067000
1776864070.074,70.074,0.26,0.31,0.72,0.74,0.05,0.02,78410.7,1776864068000
1776864070.428,70.428,0.3,0.31,0.69,0.7,0.01,0.01,78410.7,1776864068000
1776864070.809,70.809,0.3,0.31,0.69,0.7,0.01,0.01,78411.92,1776864069000
1776864071.158,71.158,0.3,0.31,0.69,0.7,0.01,0.01,78411.92,1776864069000
1776864071.553,71.553,0.3,0.31,0.69,0.7,0.01,0.01,78416.05,1776864070000
1776864071.923,71.923,0.29,0.3,0.69,0.7,0.01,0.01,78416.05,1776864070000
1776864072.501,72.501,0.29,0.3,0.7,0.71,0.01,0.01,78416.05,1776864070000
1776864072.876,72.876,0.29,0.3,0.7,0.71,0.01,0.01,78421.96,1776864071000
1776864073.217,73.217,0.29,0.3,0.7,0.71,0.01,0.01,78421.96,1776864071000
1776864073.556,73.556,0.28,0.29,0.71,0.72,0.01,0.01,78422.76,1776864072000
1776864073.915,73.915,0.28,0.29,0.71,0.72,0.01,0.01,78422.76,1776864072000
1776864074.358,74.358,0.28,0.29,0.71,0.72,0.01,0.01,78422.76,1776864072000
1776864075.021,75.021,0.29,0.3,0.7,0.71,0.01,0.01,78420.39,1776864073000
1776864075.589,75.589,0.29,0.3,0.7,0.71,0.01,0.01,78420.48,1776864074000
1776864075.971,75.971,0.29,0.3,0.7,0.71,0.01,0.01,78420.48,1776864074000
1776864076.353,76.353,0.29,0.3,0.7,0.71,0.01,0.01,78420.48,1776864074000
1776864076.945,76.945,0.29,0.3,0.7,0.71,0.01,0.01,78421.29,1776864076000
1776864078.13,78.13,0.29,0.3,0.7,0.71,0.01,0.01,78421.52,1776864077000
1776864079.126,79.126,0.29,0.3,0.7,0.71,0.01,0.01,78421.52,1776864077000
1776864079.768,79.768,0.35,0.36,0.64,0.68,0.01,0.04,78421.52,1776864077000
1776864080.101,80.101,0.35,0.37,0.63,0.65,0.02,0.02,78433.26,1776864078000
1776864080.475,80.475,0.32,0.33,0.67,0.68,0.01,0.01,78435.7,1776864079000
1776864080.832,80.832,0.36,0.37,0.63,0.64,0.01,0.01,78435.7,1776864079000
1776864081.243,81.243,0.36,0.37,0.63,0.64,0.01,0.01,78435.7,1776864079000
1776864081.658,81.658,0.36,0.37,0.63,0.64,0.01,0.01,78434.78,1776864080000
1776864082.168,82.168,0.36,0.37,0.63,0.64,0.01,0.01,78434.78,1776864080000
1776864082.619,82.619,0.36,0.38,0.62,0.64,0.02,0.02,78435.67,1776864081000
1776864083.081,83.081,0.37,0.38,0.62,0.63,0.01,0.01,78435.67,1776864081000
1776864083.422,83.422,0.37,0.38,0.62,0.63,0.01,0.01,78435.6,1776864082000
1776864083.848,83.848,0.37,0.38,0.62,0.63,0.01,0.01,78435.6,1776864082000
1776864084.226,84.226,0.34,0.36,0.62,0.64,0.02,0.02,78435.6,1776864082000
1776864084.724,84.724,0.34,0.35,0.65,0.66,0.01,0.01,78435.88,1776864083000
1776864085.127,85.127,0.33,0.34,0.65,0.66,0.01,0.01,78435.88,1776864083000
1776864085.556,85.556,0.33,0.34,0.66,0.67,0.01,0.01,78437.52,1776864084000
1776864086.157,86.157,0.33,0.34,0.66,0.67,0.01,0.01,78437.52,1776864084000
1776864086.78,86.78,0.33,0.34,0.66,0.67,0.01,0.01,78435.03,1776864085000
1776864087.144,87.144,0.33,0.34,0.66,0.67,0.01,0.01,78435.03,1776864085000
1776864087.513,87.513,0.33,0.34,0.66,0.67,0.01,0.01,78434.17,1776864086000
1776864087.874,87.874,0.33,0.34,0.66,0.67,0.01,0.01,78434.17,1776864086000
1776864088.222,88.222,0.33,0.34,0.66,0.67,0.01,0.01,78434.17,1776864086000
1776864088.559,88.559,0.37,0.39,0.62,0.63,0.02,0.01,78434.17,1776864087000
1776864088.938,88.938,0.37,0.38,0.62,0.63,0.01,0.01,78434.17,1776864087000
1776864089.288,89.288,0.37,0.38,0.62,0.63,0.01,0.01,78434.17,1776864087000
1776864089.682,89.682,0.37,0.38,0.62,0.63,0.01,0.01,78434.47,1776864088000
1776864090.128,90.128,0.37,0.38,0.62,0.63,0.01,0.01,78436.8,1776864089000
1776864090.502,90.502,0.38,0.39,0.61,0.62,0.01,0.01,78436.8,1776864089000
1776864090.835,90.835,0.38,0.41,0.59,0.62,0.03,0.03,78436.8,1776864089000
1776864091.336,91.336,0.4,0.41,0.59,0.6,0.01,0.01,78440.05,1776864090000
1776864091.897,91.897,0.41,0.42,0.58,0.59,0.01,0.01,78440.05,1776864090000
1776864092.469,92.469,0.41,0.43,0.58,0.59,0.02,0.01,78440.05,1776864090000
1776864092.839,92.839,0.42,0.43,0.57,0.58,0.01,0.01,78447.09,1776864091000
1776864093.176,93.176,0.42,0.43,0.57,0.58,0.01,0.01,78445.82,1776864092000
1776864093.575,93.575,0.42,0.43,0.57,0.58,0.01,0.01,78445.82,1776864092000
1776864094.046,94.046,0.39,0.4,0.59,0.61,0.01,0.02,78445.82,1776864092000
1776864094.487,94.487,0.39,0.4,0.6,0.61,0.01,0.01,78449.83,1776864093000
1776864095.091,95.091,0.39,0.41,0.6,0.61,0.02,0.01,78449.83,1776864093000
1776864095.731,95.731,0.4,0.41,0.59,0.61,0.01,0.02,78450.64,1776864094000
1776864096.211,96.211,0.4,0.41,0.59,0.6,0.01,0.01,78448.5,1776864095000
1776864096.618,96.618,0.4,0.42,0.58,0.6,0.02,0.02,78448.5,1776864095000
1776864097.027,97.027,0.41,0.42,0.58,0.59,0.01,0.01,78448.5,1776864095000
1776864097.424,97.424,0.41,0.42,0.58,0.59,0.01,0.01,78449.58,1776864096000
1776864097.791,97.791,0.41,0.42,0.58,0.59,0.01,0.01,78449.58,1776864096000
1776864098.174,98.174,0.41,0.42,0.58,0.59,0.01,0.01,78449.82,1776864097000
1776864098.639,98.639,0.41,0.42,0.58,0.59,0.01,0.01,78449.82,1776864097000
1776864099.049,99.049,0.41,0.42,0.58,0.59,0.01,0.01,78449.82,1776864097000
1776864099.582,99.582,0.41,0.42,0.58,0.59,0.01,0.01,78450.11,1776864098000
1776864100.174,100.174,0.4,0.41,0.59,0.6,0.01,0.01,78449.62,1776864099000
1776864100.672,100.672,0.4,0.41,0.59,0.6,0.01,0.01,78449.62,1776864099000
1776864101.07,101.07,0.4,0.41,0.59,0.6,0.01,0.01,78449.0,1776864100000
1776864101.522,101.522,0.39,0.4,0.59,0.61,0.01,0.02,78449.0,1776864100000
1776864102.013,102.013,0.39,0.4,0.6,0.61,0.01,0.01,78449.0,1776864100000
1776864102.916,102.916,0.4,0.41,0.59,0.6,0.01,0.01,78449.09,1776864101000
1776864103.277,103.277,0.4,0.41,0.59,0.6,0.01,0.01,78449.05,1776864102000
1776864103.818,103.818,0.4,0.41,0.59,0.6,0.01,0.01,78449.05,1776864102000
1776864104.189,104.189,0.4,0.41,0.59,0.6,0.01,0.01,78449.05,1776864103000
1776864104.69,104.69,0.41,0.42,0.59,0.6,0.01,0.01,78449.05,1776864103000
1776864105.31,105.31,0.41,0.42,0.58,0.59,0.01,0.01,78449.05,1776864103000
1776864105.686,105.686,0.41,0.42,0.58,0.59,0.01,0.01,78449.54,1776864104000
1776864106.252,106.252,0.41,0.42,0.58,0.59,0.01,0.01,78449.64,1776864105000
1776864106.845,106.845,0.41,0.42,0.58,0.59,0.01,0.01,78449.64,1776864105000
1776864107.221,107.221,0.41,0.42,0.58,0.59,0.01,0.01,78450.48,1776864106000
1776864107.701,107.701,0.41,0.42,0.58,0.59,0.01,0.01,78450.48,1776864106000
1776864108.057,108.057,0.41,0.42,0.58,0.59,0.01,0.01,78450.48,1776864106000
1776864108.61,108.61,0.41,0.42,0.58,0.59,0.01,0.01,78452.36,1776864107000
1776864109.019,109.019,0.41,0.42,0.58,0.59,0.01,0.01,78452.36,1776864107000
1776864109.38,109.38,0.41,0.43,0.58,0.59,0.02,0.01,78451.13,1776864108000
1776864109.891,109.891,0.47,0.48,0.52,0.56,0.01,0.04,78451.13,1776864108000
1776864110.298,110.298,0.47,0.48,0.52,0.53,0.01,0.01,78451.13,1776864108000
1776864110.841,110.841,0.45,0.46,0.54,0.55,0.01,0.01,78450.99,1776864109000
1776864111.236,111.236,0.45,0.46,0.54,0.55,0.01,0.01,78452.01,1776864110000
1776864111.614,111.614,0.39,0.4,0.57,0.61,0.01,0.04,78452.01,1776864110000
1776864112.118,112.118,0.39,0.4,0.6,0.61,0.01,0.01,78457.63,1776864111000
1776864112.705,112.705,0.39,0.4,0.6,0.61,0.01,0.01,78457.63,1776864111000
1776864113.051,113.051,0.39,0.4,0.6,0.61,0.01,0.01,78457.63,1776864111000
1776864113.581,113.581,0.39,0.4,0.6,0.61,0.01,0.01,78457.33,1776864112000
1776864113.924,113.924,0.39,0.4,0.6,0.61,0.01,0.01,78452.1,1776864113000
1776864114.496,114.496,0.39,0.4,0.6,0.61,0.01,0.01,78452.1,1776864113000
1776864114.901,114.901,0.39,0.4,0.6,0.61,0.01,0.01,78452.1,1776864113000
1776864115.49,115.49,0.36,0.4,0.6,0.65,0.04,0.05,78451.05,1776864114000
1776864116.056,116.056,0.37,0.4,0.6,0.63,0.03,0.03,78449.81,1776864115000
1776864116.392,116.392,0.36,0.37,0.63,0.64,0.01,0.01,78449.81,1776864115000
1776864116.766,116.766,0.36,0.37,0.63,0.64,0.01,0.01,78449.81,1776864115000
1776864117.133,117.133,0.35,0.36,0.64,0.65,0.01,0.01,78449.81,1776864115000
1776864117.473,117.473,0.35,0.36,0.64,0.65,0.01,0.01,78445.44,1776864116000
1776864117.855,117.855,0.35,0.36,0.64,0.65,0.01,0.01,78445.44,1776864116000
1776864118.208,118.208,0.35,0.36,0.64,0.65,0.01,0.01,78445.44,1776864116000
1776864118.544,118.544,0.35,0.36,0.64,0.65,0.01,0.01,78445.44,1776864116000
1776864118.898,118.898,0.35,0.36,0.64,0.65,0.01,0.01,78439.16,1776864117000
1776864119.262,119.262,0.35,0.36,0.64,0.65,0.01,0.01,78438.46,1776864118000
1776864119.619,119.619,0.35,0.36,0.64,0.65,0.01,0.01,78438.46,1776864118000
1776864119.955,119.955,0.35,0.36,0.64,0.65,0.01,0.01,78438.46,1776864118000
1776864120.3,120.3,0.34,0.36,0.64,0.65,0.02,0.01,78438.04,1776864119000
1776864120.747,120.747,0.34,0.35,0.65,0.66,0.01,0.01,78438.04,1776864119000
1776864121.084,121.084,0.36,0.4,0.6,0.64,0.04,0.04,78438.39,1776864120000
1776864121.418,121.418,0.39,0.4,0.6,0.61,0.01,0.01,78438.39,1776864120000
1776864121.784,121.784,0.39,0.4,0.6,0.61,0.01,0.01,78438.39,1776864120000
1776864122.182,122.182,0.39,0.4,0.6,0.61,0.01,0.01,78438.28,1776864121000
1776864122.63,122.63,0.39,0.4,0.6,0.61,0.01,0.01,78438.28,1776864121000
1776864123.117,123.117,0.39,0.4,0.6,0.61,0.01,0.01,78438.28,1776864121000
1776864123.641,123.641,0.39,0.4,0.6,0.61,0.01,0.01,78443.94,1776864122000
1776864124.16,124.16,0.39,0.4,0.6,0.61,0.01,0.01,78443.94,1776864122000
1776864124.506,124.506,0.39,0.4,0.6,0.61,0.01,0.01,78446.33,1776864123000
1776864125.116,125.116,0.39,0.4,0.6,0.61,0.01,0.01,78446.33,1776864123000
1776864125.55,125.55,0.39,0.4,0.6,0.61,0.01,0.01,78446.93,1776864124000
1776864126.167,126.167,0.39,0.4,0.6,0.61,0.01,0.01,78446.93,1776864124000
1776864126.826,126.826,0.39,0.4,0.6,0.61,0.01,0.01,78447.02,1776864125000
1776864127.189,127.189,0.39,0.4,0.6,0.61,0.01,0.01,78446.94,1776864126000
1776864127.533,127.533,0.39,0.4,0.6,0.61,0.01,0.01,78446.94,1776864126000
1776864128.295,128.295,0.39,0.4,0.6,0.61,0.01,0.01,78447.17,1776864127000
1776864128.725,128.725,0.39,0.41,0.59,0.61,0.02,0.02,78447.17,1776864127000
1776864129.071,129.071,0.4,0.41,0.59,0.6,0.01,0.01,78447.17,1776864127000
1776864129.575,129.575,0.4,0.41,0.59,0.6,0.01,0.01,78447.33,1776864128000
1776864130.074,130.074,0.4,0.41,0.59,0.6,0.01,0.01,78447.33,1776864128000
1776864130.409,130.409,0.4,0.41,0.59,0.6,0.01,0.01,78447.53,1776864129000
1776864130.864,130.864,0.41,0.42,0.58,0.59,0.01,0.01,78447.53,1776864129000
1776864131.302,131.302,0.41,0.42,0.58,0.59,0.01,0.01,78447.78,1776864130000
1776864131.635,131.635,0.42,0.44,0.56,0.59,0.02,0.03,78447.78,1776864130000
1776864132.053,132.053,0.42,0.43,0.57,0.58,0.01,0.01,78447.78,1776864130000
1776864132.522,132.522,0.42,0.43,0.57,0.58,0.01,0.01,78450.12,1776864131000
1776864132.876,132.876,0.42,0.43,0.57,0.58,0.01,0.01,78450.12,1776864131000
1776864133.218,133.218,0.42,0.43,0.57,0.58,0.01,0.01,78450.16,1776864132000
1776864133.691,133.691,0.42,0.44,0.57,0.58,0.02,0.01,78450.16,1776864132000
1776864134.134,134.134,0.43,0.44,0.56,0.57,0.01,0.01,78450.16,1776864132000
1776864134.594,134.594,0.43,0.44,0.56,0.57,0.01,0.01,78453.02,1776864133000
1776864135.083,135.083,0.43,0.44,0.56,0.57,0.01,0.01,78453.02,1776864133000
1776864135.467,135.467,0.43,0.44,0.56,0.57,0.01,0.01,78453.51,1776864134000
1776864135.986,135.986,0.43,0.44,0.56,0.57,0.01,0.01,78453.51,1776864134000
1776864136.385,136.385,0.43,0.44,0.56,0.57,0.01,0.01,78453.52,1776864135000
1776864136.988,136.988,0.41,0.42,0.57,0.58,0.01,0.01,78453.52,1776864135000
1776864137.444,137.444,0.41,0.42,0.58,0.59,0.01,0.01,78453.54,1776864136000
1776864138.272,138.272,0.4,0.41,0.59,0.6,0.01,0.01,78453.54,1776864136000
1776864138.832,138.832,0.41,0.42,0.58,0.59,0.01,0.01,78453.34,1776864137000
1776864139.254,139.254,0.41,0.42,0.58,0.59,0.01,0.01,78453.15,1776864138000
1776864139.763,139.763,0.41,0.42,0.58,0.59,0.01,0.01,78453.15,1776864138000
1776864140.125,140.125,0.41,0.42,0.58,0.59,0.01,0.01,78453.15,1776864138000
1776864140.819,140.819,0.41,0.42,0.58,0.59,0.01,0.01,78453.09,1776864139000
1776864141.291,141.291,0.41,0.42,0.58,0.59,0.01,0.01,78453.09,1776864139000
1776864141.635,141.635,0.41,0.42,0.58,0.59,0.01,0.01,78452.93,1776864140000
1776864142.06,142.06,0.41,0.42,0.58,0.59,0.01,0.01,78452.93,1776864140000
1776864142.538,142.538,0.41,0.42,0.58,0.59,0.01,0.01,78453.05,1776864141000
1776864142.944,142.944,0.41,0.42,0.58,0.59,0.01,0.01,78453.05,1776864142000
1776864143.359,143.359,0.41,0.42,0.58,0.59,0.01,0.01,78453.05,1776864142000
1776864144.017,144.017,0.4,0.41,0.58,0.6,0.01,0.02,78453.05,1776864142000
1776864144.426,144.426,0.4,0.41,0.59,0.6,0.01,0.01,78453.85,1776864143000
1776864145.032,145.032,0.4,0.41,0.59,0.6,0.01,0.01,78453.85,1776864143000
1776864145.402,145.402,0.4,0.41,0.59,0.6,0.01,0.01,78453.85,1776864144000
1776864145.991,145.991,0.4,0.41,0.59,0.6,0.01,0.01,78453.85,1776864144000
1776864146.354,146.354,0.4,0.41,0.59,0.6,0.01,0.01,78452.96,1776864145000
1776864146.932,146.932,0.4,0.41,0.59,0.6,0.01,0.01,78452.96,1776864145000
1776864147.443,147.443,0.4,0.41,0.59,0.6,0.01,0.01,78452.25,1776864146000
1776864148.229,148.229,0.4,0.41,0.59,0.6,0.01,0.01,78452.25,1776864147000
1776864148.956,148.956,0.4,0.41,0.59,0.6,0.01,0.01,78452.25,1776864147000
1776864149.293,149.293,0.39,0.41,0.59,0.6,0.02,0.01,78452.25,1776864147000
1776864149.978,149.978,0.39,0.41,0.59,0.61,0.02,0.02,78452.21,1776864149000
1776864150.41,150.41,0.39,0.41,0.59,0.61,0.02,0.02,78452.21,1776864149000
1776864151.083,151.083,0.39,0.41,0.59,0.61,0.02,0.02,78453.08,1776864150000
1776864151.725,151.725,0.4,0.41,0.59,0.61,0.01,0.02,78453.08,1776864150000
1776864152.127,152.127,0.4,0.41,0.59,0.6,0.01,0.01,78453.38,1776864151000
1776864152.708,152.708,0.4,0.41,0.59,0.6,0.01,0.01,78453.38,1776864151000
1776864153.064,153.064,0.39,0.41,0.59,0.6,0.02,0.01,78453.38,1776864151000
1776864153.401,153.401,0.37,0.38,0.62,0.63,0.01,0.01,78452.16,1776864152000
1776864153.734,153.734,0.35,0.36,0.64,0.65,0.01,0.01,78452.16,1776864152000
1776864154.086,154.086,0.34,0.35,0.65,0.66,0.01,0.01,78452.16,1776864152000
1776864154.443,154.443,0.34,0.35,0.65,0.66,0.01,0.01,78441.24,1776864153000
1776864154.807,154.807,0.33,0.34,0.65,0.67,0.01,0.02,78441.24,1776864153000
1776864155.202,155.202,0.32,0.34,0.66,0.68,0.02,0.02,78439.33,1776864154000
1776864155.614,155.614,0.31,0.32,0.68,0.69,0.01,0.01,78439.33,1776864154000
1776864156.136,156.136,0.31,0.32,0.68,0.69,0.01,0.01,78439.81,1776864155000
1776864157.222,157.222,0.31,0.32,0.68,0.69,0.01,0.01,78441.57,1776864156000
1776864158.152,158.152,0.3,0.32,0.68,0.69,0.02,0.01,78441.57,1776864156000
1776864158.705,158.705,0.31,0.32,0.68,0.7,0.01,0.02,78440.29,1776864157000
1776864159.1,159.1,0.31,0.32,0.68,0.69,0.01,0.01,78439.34,1776864158000
1776864159.517,159.517,0.31,0.32,0.68,0.69,0.01,0.01,78439.34,1776864158000
1776864159.859,159.859,0.31,0.32,0.68,0.69,0.01,0.01,78439.34,1776864158000
1776864160.196,160.196,0.31,0.32,0.68,0.69,0.01,0.01,78438.6,1776864159000
1776864160.636,160.636,0.31,0.32,0.68,0.69,0.01,0.01,78438.6,1776864159000
1776864161.185,161.185,0.31,0.32,0.68,0.69,0.01,0.01,78438.6,1776864159000
1776864161.59,161.59,0.3,0.32,0.68,0.7,0.02,0.02,78419.46,1776864160000
1776864161.925,161.925,0.21,0.26,0.74,0.79,0.05,0.05,78419.46,1776864160000
1776864162.359,162.359,0.21,0.25,0.75,0.79,0.04,0.04,78419.46,1776864160000
1776864162.755,162.755,0.21,0.22,0.78,0.79,0.01,0.01,78419.46,1776864160000
1776864163.094,163.094,0.21,0.22,0.78,0.79,0.01,0.01,78412.05,1776864161000
1776864163.446,163.446,0.21,0.22,0.78,0.79,0.01,0.01,78412.05,1776864161000
1776864163.789,163.789,0.21,0.22,0.78,0.79,0.01,0.01,78412.05,1776864162000
1776864164.523,164.523,0.21,0.22,0.78,0.79,0.01,0.01,78412.5,1776864163000
1776864165.093,165.093,0.21,0.22,0.78,0.79,0.01,0.01,78415.55,1776864164000
1776864165.558,165.558,0.21,0.22,0.78,0.79,0.01,0.01,78415.55,1776864164000
1776864166.256,166.256,0.2,0.22,0.78,0.8,0.02,0.02,78414.9,1776864165000
1776864167.056,167.056,0.2,0.22,0.78,0.8,0.02,0.02,78415.58,1776864166000
1776864167.487,167.487,0.21,0.22,0.78,0.8,0.01,0.02,78415.58,1776864166000
1776864167.822,167.822,0.21,0.22,0.78,0.79,0.01,0.01,78415.58,1776864166000
1776864168.642,168.642,0.21,0.22,0.78,0.79,0.01,0.01,78419.44,1776864167000
1776864169.104,169.104,0.21,0.22,0.78,0.79,0.01,0.01,78428.79,1776864168000
1776864169.49,169.49,0.21,0.22,0.78,0.79,0.01,0.01,78428.79,1776864168000
1776864169.843,169.843,0.21,0.22,0.78,0.79,0.01,0.01,78428.79,1776864168000
1776864170.223,170.223,0.21,0.22,0.78,0.79,0.01,0.01,78431.63,1776864169000
1776864170.604,170.604,0.21,0.22,0.78,0.79,0.01,0.01,78431.63,1776864169000
1776864170.955,170.955,0.21,0.22,0.78,0.79,0.01,0.01,78431.63,1776864169000
1776864171.311,171.311,0.23,0.24,0.76,0.77,0.01,0.01,78439.47,1776864170000
1776864171.648,171.648,0.28,0.31,0.7,0.76,0.03,0.06,78439.47,1776864170000
1776864171.991,171.991,0.32,0.34,0.66,0.68,0.02,0.02,78439.47,1776864170000
1776864172.331,172.331,0.33,0.34,0.66,0.67,0.01,0.01,78442.72,1776864171000
1776864172.768,172.768,0.35,0.36,0.64,0.66,0.01,0.02,78442.72,1776864171000
1776864173.124,173.124,0.35,0.38,0.62,0.65,0.03,0.03,78442.72,1776864171000
1776864173.625,173.625,0.35,0.38,0.63,0.65,0.03,0.02,78445.61,1776864172000
1776864174.117,174.117,0.36,0.38,0.64,0.65,0.02,0.01,78445.61,1776864172000
1776864174.594,174.594,0.36,0.38,0.62,0.64,0.02,0.02,78450.18,1776864173000
1776864175.043,175.043,0.36,0.38,0.62,0.64,0.02,0.02,78450.18,1776864173000
1776864175.418,175.418,0.36,0.39,0.61,0.64,0.03,0.03,78450.18,1776864174000
1776864175.978,175.978,0.36,0.39,0.61,0.64,0.03,0.03,78450.18,1776864174000
1776864176.801,176.801,0.36,0.37,0.61,0.64,0.01,0.03,78450.18,1776864174000
1776864177.247,177.247,0.36,0.37,0.63,0.64,0.01,0.01,78451.51,1776864175000
1776864177.737,177.737,0.36,0.38,0.63,0.64,0.02,0.01,78451.86,1776864176000
1776864178.133,178.133,0.36,0.38,0.62,0.64,0.02,0.02,78451.86,1776864176000
1776864178.479,178.479,0.36,0.37,0.63,0.64,0.01,0.01,78451.86,1776864176000
1776864179.277,179.277,0.36,0.37,0.63,0.64,0.01,0.01,78452.0,1776864177000
1776864179.611,179.611,0.36,0.37,0.63,0.64,0.01,0.01,78452.0,1776864177000
1776864179.964,179.964,0.36,0.37,0.63,0.64,0.01,0.01,78452.35,1776864179000
1776864180.352,180.352,0.36,0.37,0.63,0.64,0.01,0.01,78452.35,1776864179000
1776864180.722,180.722,0.36,0.38,0.63,0.64,0.02,0.01,78452.35,1776864179000
1776864181.059,181.059,0.36,0.37,0.63,0.64,0.01,0.01,78452.35,1776864179000
1776864181.431,181.431,0.36,0.37,0.63,0.64,0.01,0.01,78452.85,1776864180000
1776864181.78,181.78,0.36,0.37,0.63,0.64,0.01,0.01,78452.85,1776864180000
1776864182.154,182.154,0.36,0.37,0.63,0.64,0.01,0.01,78452.85,1776864180000
1776864182.683,182.683,0.36,0.38,0.63,0.64,0.02,0.01,78451.65,1776864181000
1776864183.025,183.025,0.36,0.37,0.61,0.64,0.01,0.03,78451.65,1776864181000
1776864184.597,184.597,0.38,0.39,0.6,0.63,0.01,0.03,78451.37,1776864182000
1776864185.088,185.088,0.38,0.39,0.61,0.62,0.01,0.01,78455.81,1776864184000
1776864186.148,186.148,0.38,0.39,0.61,0.62,0.01,0.01,78460.45,1776864185000
1776864187.221,187.221,0.38,0.39,0.61,0.62,0.01,0.01,78466.96,1776864186000
1776864187.619,187.619,0.38,0.4,0.61,0.62,0.02,0.01,78466.96,1776864186000
1776864187.955,187.955,0.39,0.4,0.6,0.61,0.01,0.01,78466.96,1776864186000
1776864188.323,188.323,0.39,0.4,0.6,0.61,0.01,0.01,78466.96,1776864186000
1776864188.657,188.657,0.39,0.4,0.6,0.61,0.01,0.01,78470.64,1776864187000
1776864189.191,189.191,0.39,0.4,0.6,0.61,0.01,0.01,78470.64,1776864187000
1776864189.57,189.57,0.39,0.4,0.6,0.61,0.01,0.01,78465.4,1776864188000
1776864189.956,189.956,0.39,0.4,0.6,0.61,0.01,0.01,78465.4,1776864188000
1776864190.333,190.333,0.44,0.45,0.55,0.6,0.01,0.05,78465.16,1776864189000
1776864190.666,190.666,0.38,0.4,0.6,0.62,0.02,0.02,78465.16,1776864189000
1776864190.999,190.999,0.39,0.4,0.6,0.61,0.01,0.01,78465.16,1776864189000
1776864191.346,191.346,0.39,0.4,0.6,0.61,0.01,0.01,78465.16,1776864189000
1776864191.679,191.679,0.43,0.45,0.56,0.57,0.02,0.01,78460.01,1776864190000
1776864192.012,192.012,0.44,0.45,0.51,0.56,0.01,0.05,78460.01,1776864190000
1776864192.356,192.356,0.51,0.55,0.48,0.49,0.04,0.01,78460.0,1776864191000
1776864192.753,192.753,0.54,0.55,0.45,0.49,0.01,0.04,78460.0,1776864191000
1776864193.148,193.148,0.52,0.53,0.47,0.48,0.01,0.01,78462.11,1776864192000
1776864193.997,193.997,0.52,0.53,0.47,0.48,0.01,0.01,78472.82,1776864193000
1776864194.584,194.584,0.52,0.53,0.47,0.48,0.01,0.01,78472.82,1776864193000
1776864195.175,195.175,0.52,0.53,0.47,0.48,0.01,0.01,78472.82,1776864193000
1776864195.794,195.794,0.52,0.53,0.47,0.48,0.01,0.01,78475.97,1776864194000
1776864196.345,196.345,0.52,0.53,0.47,0.48,0.01,0.01,78476.31,1776864195000
1776864197.035,197.035,0.52,0.53,0.47,0.48,0.01,0.01,78476.31,1776864195000
1776864197.38,197.38,0.52,0.53,0.47,0.48,0.01,0.01,78476.04,1776864196000
1776864197.864,197.864,0.52,0.53,0.47,0.48,0.01,0.01,78476.04,1776864196000
1776864198.218,198.218,0.52,0.53,0.47,0.48,0.01,0.01,78476.04,1776864196000
1776864198.556,198.556,0.51,0.53,0.47,0.49,0.02,0.02,78475.21,1776864197000
1776864198.894,198.894,0.52,0.53,0.47,0.48,0.01,0.01,78475.21,1776864197000
1776864199.228,199.228,0.52,0.53,0.47,0.48,0.01,0.01,78475.21,1776864198000
1776864199.589,199.589,0.51,0.53,0.47,0.49,0.02,0.02,78475.21,1776864198000
1776864199.98,199.98,0.47,0.53,0.47,0.53,0.06,0.06,78475.28,1776864199000
1776864200.352,200.352,0.46,0.48,0.52,0.54,0.02,0.02,78475.28,1776864199000
1776864200.705,200.705,0.46,0.47,0.52,0.54,0.01,0.02,78475.28,1776864199000
1776864201.053,201.053,0.46,0.47,0.53,0.54,0.01,0.01,78475.28,1776864199000
1776864201.396,201.396,0.48,0.49,0.51,0.52,0.01,0.01,78473.73,1776864200000
1776864201.804,201.804,0.49,0.52,0.49,0.52,0.03,0.03,78473.73,1776864200000
1776864202.153,202.153,0.5,0.52,0.48,0.5,0.02,0.02,78473.47,1776864201000
1776864202.491,202.491,0.51,0.52,0.48,0.49,0.01,0.01,78473.47,1776864201000
1776864203.807,203.807,0.51,0.52,0.48,0.49,0.01,0.01,78473.47,1776864201000
1776864204.191,204.191,0.51,0.52,0.48,0.49,0.01,0.01,78475.05,1776864203000
1776864205.487,205.487,0.51,0.52,0.48,0.49,0.01,0.01,78475.05,1776864203000
1776864205.916,205.916,0.51,0.52,0.48,0.49,0.01,0.01,78476.42,1776864204000
1776864206.616,206.616,0.51,0.52,0.48,0.49,0.01,0.01,78491.18,1776864205000
1776864207.498,207.498,0.51,0.53,0.48,0.49,0.02,0.01,78491.18,1776864205000
1776864208.29,208.29,0.51,0.53,0.47,0.49,0.02,0.02,78500.25,1776864207000
1776864209.111,209.111,0.51,0.54,0.47,0.49,0.03,0.02,78500.25,1776864207000
1776864209.451,209.451,0.51,0.58,0.42,0.49,0.07,0.07,78500.25,1776864207000
1776864209.865,209.865,0.57,0.6,0.4,0.43,0.03,0.03,78500.93,1776864208000
1776864210.2,210.2,0.58,0.6,0.4,0.42,0.02,0.02,78500.93,1776864208000
1776864210.548,210.548,0.56,0.61,0.39,0.43,0.05,0.04,78498.61,1776864209000
1776864210.882,210.882,0.58,0.61,0.39,0.42,0.03,0.03,78498.61,1776864209000
1776864211.223,211.223,0.6,0.62,0.39,0.4,0.02,0.01,78491.81,1776864210000
1776864211.562,211.562,0.64,0.65,0.35,0.36,0.01,0.01,78491.81,1776864210000
1776864211.9,211.9,0.64,0.74,0.35,0.36,0.1,0.01,78491.81,1776864210000
1776864212.327,212.327,0.67,0.68,0.32,0.33,0.01,0.01,78491.81,1776864210000
1776864212.734,212.734,0.67,0.68,0.32,0.33,0.01,0.01,78493.62,1776864211000
1776864213.186,213.186,0.67,0.68,0.32,0.33,0.01,0.01,78493.62,1776864211000
1776864213.529,213.529,0.67,0.69,0.31,0.33,0.02,0.02,78496.68,1776864212000
1776864214.068,214.068,0.67,0.68,0.32,0.33,0.01,0.01,78498.41,1776864213000
1776864214.491,214.491,0.67,0.68,0.32,0.33,0.01,0.01,78498.41,1776864213000
1776864214.997,214.997,0.67,0.68,0.32,0.33,0.01,0.01,78498.41,1776864213000
1776864215.369,215.369,0.67,0.69,0.31,0.33,0.02,0.02,78498.41,1776864213000
1776864215.731,215.731,0.67,0.72,0.28,0.33,0.05,0.05,78498.41,1776864213000
1776864216.096,216.096,0.68,0.72,0.28,0.32,0.04,0.04,78500.43,1776864214000
1776864216.496,216.496,0.68,0.69,0.28,0.32,0.01,0.04,78500.63,1776864215000
1776864216.86,216.86,0.71,0.72,0.28,0.29,0.01,0.01,78500.63,1776864215000
1776864217.21,217.21,0.68,0.72,0.28,0.32,0.04,0.04,78500.63,1776864215000
1776864217.551,217.551,0.71,0.72,0.25,0.3,0.01,0.05,78500.63,1776864215000
1776864218.116,218.116,0.71,0.72,0.28,0.29,0.01,0.01,78501.31,1776864216000
1776864218.527,218.527,0.71,0.72,0.28,0.29,0.01,0.01,78501.31,1776864217000
1776864219.357,219.357,0.71,0.72,0.28,0.29,0.01,0.01,78502.97,1776864218000
1776864220.127,220.127,0.71,0.72,0.28,0.29,0.01,0.01,78504.76,1776864219000
1776864220.469,220.469,0.71,0.72,0.28,0.29,0.01,0.01,78504.76,1776864219000
1776864220.862,220.862,0.75,0.77,0.22,0.28,0.02,0.06,78504.76,1776864219000
1776864221.204,221.204,0.76,0.77,0.23,0.25,0.01,0.02,78504.76,1776864219000
1776864221.622,221.622,0.77,0.78,0.22,0.23,0.01,0.01,78511.54,1776864220000
1776864222.13,222.13,0.77,0.78,0.22,0.23,0.01,0.01,78512.6,1776864221000
1776864222.485,222.485,0.77,0.78,0.22,0.23,0.01,0.01,78512.6,1776864221000
1776864222.828,222.828,0.77,0.78,0.22,0.23,0.01,0.01,78512.6,1776864221000
1776864223.214,223.214,0.77,0.78,0.22,0.23,0.01,0.01,78512.6,1776864221000
1776864223.554,223.554,0.77,0.78,0.22,0.23,0.01,0.01,78513.4,1776864222000
1776864224.532,224.532,0.78,0.79,0.2,0.22,0.01,0.02,78513.4,1776864222000
1776864224.88,224.88,0.78,0.79,0.21,0.22,0.01,0.01,78513.97,1776864223000
1776864225.309,225.309,0.9,0.91,0.21,0.22,0.01,0.01,78514.17,1776864224000
1776864225.646,225.646,0.78,0.79,0.21,0.22,0.01,0.01,78514.17,1776864224000
1776864225.981,225.981,0.78,0.82,0.18,0.22,0.04,0.04,78514.17,1776864224000
1776864226.342,226.342,0.79,0.8,0.2,0.21,0.01,0.01,78512.64,1776864225000
1776864226.705,226.705,0.79,0.8,0.2,0.21,0.01,0.01,78512.64,1776864225000
1776864227.053,227.053,0.79,0.8,0.2,0.21,0.01,0.01,78512.64,1776864225000
1776864227.44,227.44,0.79,0.8,0.2,0.21,0.01,0.01,78512.1,1776864226000
1776864227.791,227.791,0.79,0.8,0.2,0.21,0.01,0.01,78512.1,1776864226000
1776864228.202,228.202,0.8,0.82,0.15,0.21,0.02,0.06,78512.1,1776864226000
1776864228.611,228.611,0.8,0.81,0.19,0.2,0.01,0.01,78512.1,1776864226000
1776864229.097,229.097,0.8,0.83,0.19,0.2,0.03,0.01,78511.72,1776864227000
1776864229.523,229.523,0.82,0.83,0.17,0.18,0.01,0.01,78511.75,1776864228000
1776864229.898,229.898,0.82,0.83,0.17,0.18,0.01,0.01,78511.75,1776864228000
1776864230.237,230.237,0.82,0.83,0.17,0.18,0.01,0.01,78511.55,1776864229000
1776864230.608,230.608,0.82,0.83,0.17,0.18,0.01,0.01,78511.55,1776864229000
1776864230.982,230.982,0.82,0.83,0.17,0.18,0.01,0.01,78511.55,1776864229000
1776864231.373,231.373,0.82,0.83,0.17,0.18,0.01,0.01,78512.19,1776864230000
1776864231.78,231.78,0.82,0.83,0.17,0.18,0.01,0.01,78512.19,1776864230000
1776864232.347,232.347,0.82,0.83,0.17,0.18,0.01,0.01,78513.6,1776864231000
1776864233.056,233.056,0.82,0.83,0.17,0.18,0.01,0.01,78514.05,1776864232000
1776864233.598,233.598,0.82,0.83,0.17,0.18,0.01,0.01,78514.05,1776864232000
1776864234.104,234.104,0.82,0.83,0.17,0.18,0.01,0.01,78514.05,1776864232000
1776864234.564,234.564,0.82,0.85,0.15,0.18,0.03,0.03,78514.15,1776864233000
1776864234.928,234.928,0.84,0.85,0.15,0.16,0.01,0.01,78514.15,1776864233000
1776864235.524,235.524,0.84,0.85,0.15,0.16,0.01,0.01,78515.39,1776864234000
1776864235.858,235.858,0.85,0.86,0.15,0.16,0.01,0.01,78515.39,1776864234000
1776864236.262,236.262,0.85,0.86,0.14,0.15,0.01,0.01,78515.39,1776864234000
1776864236.664,236.664,0.85,0.86,0.14,0.15,0.01,0.01,78516.07,1776864235000
1776864237.136,237.136,0.86,0.87,0.13,0.14,0.01,0.01,78516.29,1776864236000
1776864237.496,237.496,0.86,0.87,0.13,0.14,0.01,0.01,78516.29,1776864236000
1776864237.85,237.85,0.86,0.87,0.13,0.14,0.01,0.01,78516.29,1776864236000
1776864238.203,238.203,0.85,0.86,0.14,0.15,0.01,0.01,78516.24,1776864237000
1776864238.575,238.575,0.85,0.86,0.14,0.15,0.01,0.01,78516.24,1776864237000
1776864239.056,239.056,0.85,0.86,0.14,0.15,0.01,0.01,78516.24,1776864237000
1776864239.459,239.459,0.81,0.82,0.18,0.19,0.01,0.01,78516.24,1776864237000
1776864239.894,239.894,0.81,0.82,0.18,0.19,0.01,0.01,78516.24,1776864237000
1776864240.522,240.522,0.81,0.82,0.18,0.19,0.01,0.01,78513.49,1776864239000
1776864240.876,240.876,0.81,0.82,0.18,0.19,0.01,0.01,78513.49,1776864239000
1776864241.58,241.58,0.81,0.82,0.18,0.19,0.01,0.01,78511.19,1776864240000
1776864242.549,242.549,0.81,0.82,0.18,0.19,0.01,0.01,78500.46,1776864241000
1776864243.03,243.03,0.81,0.82,0.18,0.19,0.01,0.01,78500.46,1776864241000
1776864243.367,243.367,0.81,0.82,0.18,0.19,0.01,0.01,78497.14,1776864242000
1776864243.717,243.717,0.81,0.82,0.18,0.19,0.01,0.01,78497.14,1776864242000
1776864244.052,244.052,0.76,0.79,0.21,0.24,0.03,0.03,78497.14,1776864242000
1776864244.503,244.503,0.76,0.79,0.21,0.24,0.03,0.03,78497.14,1776864242000
1776864244.852,244.852,0.78,0.8,0.2,0.22,0.02,0.02,78498.31,1776864243000
1776864245.194,245.194,0.78,0.79,0.21,0.23,0.01,0.02,78498.31,1776864243000
1776864245.554,245.554,0.78,0.81,0.18,0.22,0.03,0.04,78498.31,1776864244000
1776864246.009,246.009,0.8,0.81,0.19,0.2,0.01,0.01,78498.31,1776864244000
1776864246.359,246.359,0.82,0.85,0.18,0.19,0.03,0.01,78500.43,1776864245000
1776864246.701,246.701,0.85,0.86,0.14,0.16,0.01,0.02,78500.43,1776864245000
1776864247.075,247.075,0.87,0.9,0.1,0.14,0.03,0.04,78500.43,1776864245000
1776864247.471,247.471,0.88,0.89,0.11,0.12,0.01,0.01,78500.43,1776864245000
1776864247.868,247.868,0.88,0.89,0.11,0.12,0.01,0.01,78504.5,1776864246000
1776864248.213,248.213,0.88,0.89,0.11,0.12,0.01,0.01,78506.08,1776864247000
1776864248.614,248.614,0.88,0.89,0.11,0.12,0.01,0.01,78506.08,1776864247000
1776864248.97,248.97,0.88,0.89,0.11,0.12,0.01,0.01,78506.08,1776864247000
1776864249.325,249.325,0.85,0.86,0.14,0.15,0.01,0.01,78506.08,1776864247000
1776864249.952,249.952,0.85,0.86,0.14,0.15,0.01,0.01,78512.9,1776864248000
1776864250.292,250.292,0.81,0.86,0.14,0.15,0.05,0.01,78513.14,1776864249000
1776864250.628,250.628,0.8,0.82,0.18,0.2,0.02,0.02,78513.14,1776864249000
1776864251.572,251.572,0.78,0.79,0.21,0.22,0.01,0.01,78513.14,1776864249000
1776864252.066,252.066,0.78,0.79,0.21,0.22,0.01,0.01,78510.79,1776864250000
1776864252.555,252.555,0.78,0.79,0.21,0.22,0.01,0.01,78509.29,1776864251000
1776864252.931,252.931,0.78,0.79,0.21,0.22,0.01,0.01,78509.29,1776864251000
1776864253.405,253.405,0.79,0.8,0.2,0.21,0.01,0.01,78509.29,1776864251000
1776864253.738,253.738,0.79,0.8,0.2,0.21,0.01,0.01,78502.15,1776864252000
1776864254.289,254.289,0.8,0.81,0.19,0.21,0.01,0.02,78502.15,1776864252000
1776864254.764,254.764,0.8,0.81,0.19,0.2,0.01,0.01,78500.71,1776864253000
1776864255.109,255.109,0.77,0.81,0.19,0.2,0.04,0.01,78500.71,1776864253000
1776864255.524,255.524,0.78,0.79,0.21,0.22,0.01,0.01,78500.71,1776864253000
1776864255.884,255.884,0.75,0.76,0.24,0.25,0.01,0.01,78500.71,1776864253000
1776864256.24,256.24,0.75,0.76,0.24,0.25,0.01,0.01,78503.11,1776864254000
1776864256.611,256.611,0.75,0.76,0.24,0.25,0.01,0.01,78503.11,1776864254000
1776864256.949,256.949,0.81,0.82,0.18,0.19,0.01,0.01,78502.04,1776864255000
1776864257.29,257.29,0.85,0.86,0.14,0.15,0.01,0.01,78502.04,1776864255000
1776864257.686,257.686,0.86,0.87,0.13,0.14,0.01,0.01,78498.89,1776864256000
1776864258.151,258.151,0.86,0.87,0.13,0.14,0.01,0.01,78498.89,1776864256000
1776864258.488,258.488,0.85,0.86,0.14,0.15,0.01,0.01,78498.91,1776864257000
1776864258.88,258.88,0.85,0.86,0.14,0.15,0.01,0.01,78498.91,1776864257000
1776864259.295,259.295,0.79,0.82,0.14,0.21,0.03,0.07,78498.91,1776864257000
1776864259.652,259.652,0.8,0.81,0.19,0.2,0.01,0.01,78505.65,1776864258000
1776864260.041,260.041,0.78,0.8,0.2,0.22,0.02,0.02,78505.65,1776864258000
1776864260.701,260.701,0.78,0.8,0.2,0.22,0.02,0.02,78505.87,1776864259000
1776864261.075,261.075,0.79,0.8,0.2,0.21,0.01,0.01,78505.87,1776864259000
1776864261.803,261.803,0.79,0.8,0.2,0.21,0.01,0.01,78505.31,1776864260000
1776864262.22,262.22,0.78,0.79,0.2,0.22,0.01,0.02,78505.31,1776864260000
1776864262.71,262.71,0.78,0.79,0.21,0.22,0.01,0.01,78505.31,1776864260000
1776864263.126,263.126,0.78,0.79,0.21,0.22,0.01,0.01,78501.92,1776864261000
1776864263.487,263.487,0.78,0.81,0.2,0.22,0.03,0.02,78501.92,1776864261000
1776864264.23,264.23,0.79,0.81,0.19,0.21,0.02,0.02,78500.27,1776864263000
1776864264.593,264.593,0.8,0.81,0.19,0.2,0.01,0.01,78500.27,1776864263000
1776864264.97,264.97,0.8,0.81,0.19,0.2,0.01,0.01,78500.27,1776864263000
1776864265.327,265.327,0.8,0.81,0.19,0.2,0.01,0.01,78500.27,1776864263000
1776864265.799,265.799,0.81,0.83,0.18,0.19,0.02,0.01,78500.78,1776864264000
1776864266.329,266.329,0.82,0.83,0.17,0.18,0.01,0.01,78500.78,1776864264000
1776864266.685,266.685,0.83,0.84,0.16,0.17,0.01,0.01,78500.78,1776864265000
1776864267.033,267.033,0.83,0.84,0.16,0.17,0.01,0.01,78500.78,1776864265000
1776864267.37,267.37,0.83,0.84,0.16,0.17,0.01,0.01,78499.71,1776864266000
1776864267.801,267.801,0.83,0.84,0.16,0.17,0.01,0.01,78499.71,1776864266000
1776864268.303,268.303,0.83,0.84,0.16,0.17,0.01,0.01,78499.71,1776864266000
1776864268.637,268.637,0.83,0.84,0.16,0.17,0.01,0.01,78499.71,1776864266000
1776864269.507,269.507,0.81,0.82,0.18,0.19,0.01,0.01,78501.65,1776864268000
1776864270.01,270.01,0.81,0.82,0.18,0.19,0.01,0.01,78501.73,1776864269000
1776864270.51,270.51,0.81,0.82,0.18,0.19,0.01,0.01,78501.73,1776864269000
1776864271.422,271.422,0.81,0.82,0.18,0.19,0.01,0.01,78501.73,1776864269000
1776864271.822,271.822,0.73,0.75,0.25,0.27,0.02,0.02,78498.23,1776864270000
1776864272.16,272.16,0.6,0.75,0.25,0.4,0.15,0.15,78495.5,1776864271000
1776864272.524,272.524,0.59,0.61,0.28,0.44,0.02,0.16,78495.5,1776864271000
1776864272.862,272.862,0.59,0.6,0.4,0.41,0.01,0.01,78495.5,1776864271000
1776864273.257,273.257,0.59,0.6,0.4,0.41,0.01,0.01,78495.5,1776864271000
1776864273.6,273.6,0.56,0.58,0.43,0.44,0.02,0.01,78476.9,1776864272000
1776864274.044,274.044,0.59,0.6,0.41,0.42,0.01,0.01,78476.9,1776864272000
1776864274.395,274.395,0.66,0.67,0.33,0.34,0.01,0.01,78476.9,1776864272000
1776864274.779,274.779,0.66,0.67,0.33,0.34,0.01,0.01,78475.57,1776864273000
1776864275.127,275.127,0.66,0.68,0.33,0.34,0.02,0.01,78475.63,1776864274000
1776864275.489,275.489,0.67,0.68,0.32,0.33,0.01,0.01,78475.63,1776864274000
1776864275.921,275.921,0.67,0.68,0.32,0.33,0.01,0.01,78475.63,1776864274000
1776864276.282,276.282,0.69,0.7,0.3,0.31,0.01,0.01,78475.77,1776864275000
1776864276.659,276.659,0.73,0.74,0.26,0.27,0.01,0.01,78475.77,1776864275000
1776864277.131,277.131,0.73,0.74,0.26,0.27,0.01,0.01,78475.77,1776864275000
1776864277.484,277.484,0.73,0.74,0.26,0.27,0.01,0.01,78478.74,1776864276000
1776864277.843,277.843,0.81,0.82,0.18,0.19,0.01,0.01,78478.74,1776864276000
1776864278.258,278.258,0.82,0.83,0.17,0.18,0.01,0.01,78478.74,1776864276000
1776864278.733,278.733,0.82,0.83,0.17,0.18,0.01,0.01,78479.81,1776864277000
1776864279.12,279.12,0.82,0.83,0.17,0.18,0.01,0.01,78479.81,1776864277000
1776864279.494,279.494,0.82,0.83,0.17,0.18,0.01,0.01,78479.84,1776864278000
1776864279.935,279.935,0.82,0.83,0.17,0.18,0.01,0.01,78479.84,1776864278000
1776864280.309,280.309,0.85,0.86,0.14,0.15,0.01,0.01,78484.68,1776864279000
1776864280.645,280.645,0.91,0.92,0.08,0.09,0.01,0.01,78484.68,1776864279000
1776864281.02,281.02,0.91,0.92,0.08,0.09,0.01,0.01,78484.68,1776864279000
1776864281.357,281.357,0.92,0.93,0.07,0.08,0.01,0.01,78484.9,1776864280000
1776864281.695,281.695,0.92,0.93,0.07,0.08,0.01,0.01,78484.9,1776864280000
1776864282.03,282.03,0.91,0.93,0.07,0.09,0.02,0.02,78484.9,1776864280000
1776864282.481,282.481,0.91,0.92,0.08,0.09,0.01,0.01,78492.58,1776864281000
1776864282.829,282.829,0.89,0.9,0.1,0.11,0.01,0.01,78492.58,1776864281000
1776864283.185,283.185,0.89,0.9,0.1,0.11,0.01,0.01,78492.58,1776864281000
1776864283.603,283.603,0.89,0.9,0.1,0.11,0.01,0.01,78498.72,1776864282000
1776864284.086,284.086,0.89,0.9,0.1,0.11,0.01,0.01,78498.72,1776864282000
1776864284.447,284.447,0.89,0.9,0.1,0.11,0.01,0.01,78498.72,1776864282000
1776864284.849,284.849,0.89,0.9,0.1,0.11,0.01,0.01,78499.3,1776864283000
1776864285.238,285.238,0.89,0.9,0.1,0.11,0.01,0.01,78497.53,1776864284000
1776864285.598,285.598,0.9,0.91,0.09,0.1,0.01,0.01,78497.53,1776864284000
1776864285.967,285.967,0.9,0.92,0.09,0.1,0.02,0.01,78497.53,1776864284000
1776864286.3,286.3,0.91,0.92,0.08,0.09,0.01,0.01,78496.9,1776864285000
1776864286.781,286.781,0.89,0.9,0.09,0.1,0.01,0.01,78496.9,1776864285000
1776864287.261,287.261,0.89,0.9,0.1,0.11,0.01,0.01,78495.6,1776864286000
1776864287.692,287.692,0.9,0.92,0.09,0.1,0.02,0.01,78495.6,1776864286000
1776864288.136,288.136,0.91,0.92,0.08,0.09,0.01,0.01,78495.6,1776864286000
1776864288.579,288.579,0.93,0.94,0.06,0.09,0.01,0.03,78495.6,1776864287000
1776864289.064,289.064,0.94,0.95,0.05,0.06,0.01,0.01,78495.57,1776864288000
1776864289.397,289.397,0.94,0.95,0.05,0.06,0.01,0.01,78495.57,1776864288000
1776864289.774,289.774,0.94,0.95,0.05,0.06,0.01,0.01,78495.57,1776864288000
1776864290.427,290.427,0.94,0.95,0.05,0.06,0.01,0.01,78495.55,1776864289000
1776864290.899,290.899,0.96,0.97,0.03,0.04,0.01,0.01,78495.55,1776864289000
1776864291.244,291.244,0.96,0.97,0.03,0.04,0.01,0.01,78495.97,1776864290000
1776864291.595,291.595,0.95,0.96,0.03,0.05,0.01,0.02,78495.97,1776864290000
1776864291.938,291.938,0.95,0.96,0.03,0.04,0.01,0.01,78495.97,1776864290000
1776864292.278,292.278,0.94,0.97,0.05,0.06,0.03,0.01,78496.19,1776864291000
1776864292.647,292.647,0.93,0.94,0.06,0.07,0.01,0.01,78496.19,1776864291000
1776864292.983,292.983,0.95,0.96,0.03,0.05,0.01,0.02,78496.19,1776864291000
1776864293.37,293.37,0.97,0.98,0.02,0.03,0.01,0.01,78496.95,1776864292000
1776864293.726,293.726,0.98,0.99,0.01,0.02,0.01,0.01,78496.95,1776864292000
1776864294.062,294.062,0.98,0.99,0.01,0.02,0.01,0.01,78496.95,1776864292000
1776864294.509,294.509,0.98,0.99,0.01,0.02,0.01,0.01,78493.8,1776864293000
1776864294.85,294.85,0.98,0.99,0.01,0.02,0.01,0.01,78493.8,1776864293000
1776864295.224,295.224,0.98,0.99,0.01,0.02,0.01,0.01,78493.8,1776864293000
1776864295.591,295.591,0.98,0.99,0.01,0.02,0.01,0.01,78491.91,1776864294000
1776864295.955,295.955,0.98,0.99,0.01,0.02,0.01,0.01,78491.91,1776864294000
1776864296.342,296.342,0.98,0.99,0.01,0.02,0.01,0.01,78491.91,1776864294000
1776864296.699,296.699,0.99,0.99,0.01,0.01,0.0,0.0,78492.55,1776864295000
1776864297.067,297.067,0.99,0.99,0.01,0.01,0.0,0.0,78492.55,1776864295000
1776864297.447,297.447,0.99,0.99,0.01,0.01,0.0,0.0,78492.55,1776864296000
1776864297.78,297.78,0.98,0.99,0.01,0.04,0.01,0.03,78492.55,1776864296000
1776864298.152,298.152,0.99,0.99,0.01,0.01,0.0,0.0,78492.55,1776864296000
1776864298.773,298.773,0.84,0.88,0.01,0.01,0.04,0.0,78493.2,1776864297000
1776864299.11,299.11,0.85,0.88,0.12,0.15,0.03,0.03,78493.2,1776864297000
1776864299.503,299.503,0.99,0.87,0.13,0.01,-0.12,-0.12,78492.91,1776864298000
1776864299.942,299.942,0.99,0.87,0.13,0.01,-0.12,-0.12,78492.91,1776864298000
1776864300.297,300.297,0.99,0.87,0.13,0.01,-0.12,-0.12,78492.91,1776864298000
1776864300.74,300.74,0.99,0.87,0.13,0.01,-0.12,-0.12,78492.06,1776864299000

# RESULT,winner=Up,slug=btc-updown-5m-1776864000,ticks=674
