timestamp,elapsed_sec,up_bid,up_ask,down_bid,down_ask,up_spread,down_spread,btc_price,btc_oracle_ts
1776890400.525,0.525,0.55,0.56,0.44,0.45,0.01,0.01,78544.72,1776890399000
1776890400.943,0.943,0.54,0.55,0.43,0.47,0.01,0.04,78544.72,1776890399000
1776890401.317,1.317,0.54,0.55,0.45,0.46,0.01,0.01,78544.72,1776890399000
1776890401.69,1.69,0.54,0.55,0.45,0.46,0.01,0.01,78544.73,1776890400000
1776890402.052,2.052,0.59,0.6,0.4,0.41,0.01,0.01,78544.73,1776890400000
1776890402.393,2.393,0.59,0.6,0.4,0.41,0.01,0.01,78544.73,1776890400000
1776890402.759,2.759,0.59,0.6,0.4,0.41,0.01,0.01,78544.72,1776890401000
1776890403.178,3.178,0.6,0.61,0.39,0.4,0.01,0.01,78544.72,1776890401000
1776890403.828,3.828,0.6,0.61,0.39,0.4,0.01,0.01,78546.31,1776890402000
1776890404.164,4.164,0.6,0.61,0.39,0.4,0.01,0.01,78546.31,1776890402000
1776890404.514,4.514,0.6,0.61,0.39,0.4,0.01,0.01,78556.15,1776890403000
1776890404.923,4.923,0.6,0.61,0.39,0.4,0.01,0.01,78556.15,1776890403000
1776890405.257,5.257,0.6,0.61,0.39,0.4,0.01,0.01,78556.15,1776890403000
1776890405.666,5.666,0.6,0.61,0.39,0.4,0.01,0.01,78557.59,1776890404000
1776890406.044,6.044,0.6,0.61,0.39,0.4,0.01,0.01,78557.59,1776890404000
1776890406.406,6.406,0.61,0.62,0.38,0.4,0.01,0.02,78557.51,1776890405000
1776890406.79,6.79,0.61,0.62,0.38,0.39,0.01,0.01,78557.51,1776890405000
1776890407.243,7.243,0.61,0.62,0.38,0.39,0.01,0.01,78557.51,1776890405000
1776890407.682,7.682,0.61,0.62,0.38,0.39,0.01,0.01,78557.43,1776890406000
1776890408.226,8.226,0.61,0.62,0.38,0.39,0.01,0.01,78557.43,1776890406000
1776890408.575,8.575,0.61,0.62,0.38,0.39,0.01,0.01,78556.73,1776890407000
1776890409.233,9.233,0.61,0.62,0.38,0.39,0.01,0.01,78556.73,1776890407000
1776890409.968,9.968,0.61,0.62,0.38,0.39,0.01,0.01,78557.08,1776890408000
1776890410.311,10.311,0.61,0.62,0.38,0.39,0.01,0.01,78557.08,1776890408000
1776890410.895,10.895,0.61,0.62,0.38,0.39,0.01,0.01,78557.24,1776890409000
1776890411.562,11.562,0.61,0.62,0.38,0.39,0.01,0.01,78557.31,1776890410000
1776890411.952,11.952,0.61,0.62,0.38,0.39,0.01,0.01,78557.31,1776890410000
1776890412.457,12.457,0.61,0.62,0.38,0.39,0.01,0.01,78557.31,1776890411000
1776890413.018,13.018,0.61,0.62,0.38,0.39,0.01,0.01,78557.34,1776890412000
1776890413.535,13.535,0.61,0.62,0.38,0.39,0.01,0.01,78557.34,1776890412000
1776890414.02,14.02,0.6,0.62,0.38,0.4,0.02,0.02,78557.15,1776890413000
1776890414.586,14.586,0.61,0.62,0.38,0.4,0.01,0.02,78557.15,1776890413000
1776890414.985,14.985,0.61,0.62,0.38,0.39,0.01,0.01,78557.05,1776890414000
1776890415.43,15.43,0.61,0.62,0.38,0.39,0.01,0.01,78557.05,1776890414000
1776890415.9,15.9,0.6,0.62,0.38,0.4,0.02,0.02,78557.05,1776890414000
1776890416.54,16.54,0.6,0.61,0.39,0.4,0.01,0.01,78556.96,1776890415000
1776890416.915,16.915,0.6,0.61,0.39,0.4,0.01,0.01,78556.96,1776890415000
1776890417.501,17.501,0.59,0.6,0.39,0.41,0.01,0.02,78556.99,1776890416000
1776890418.083,18.083,0.59,0.6,0.4,0.41,0.01,0.01,78556.97,1776890417000
1776890418.47,18.47,0.59,0.6,0.4,0.41,0.01,0.01,78556.97,1776890417000
1776890418.806,18.806,0.59,0.6,0.4,0.41,0.01,0.01,78556.97,1776890417000
1776890419.2,19.2,0.59,0.6,0.4,0.41,0.01,0.01,78556.82,1776890418000
1776890419.562,19.562,0.59,0.6,0.4,0.41,0.01,0.01,78556.82,1776890418000
1776890420.219,20.219,0.59,0.6,0.4,0.41,0.01,0.01,78556.82,1776890418000
1776890420.617,20.617,0.59,0.6,0.4,0.41,0.01,0.01,78556.99,1776890419000
1776890421.012,21.012,0.59,0.6,0.4,0.41,0.01,0.01,78556.99,1776890419000
1776890421.505,21.505,0.59,0.6,0.4,0.41,0.01,0.01,78556.99,1776890419000
1776890421.878,21.878,0.59,0.6,0.4,0.41,0.01,0.01,78557.27,1776890420000
1776890422.237,22.237,0.59,0.6,0.4,0.41,0.01,0.01,78557.27,1776890420000
1776890422.872,22.872,0.59,0.61,0.39,0.41,0.02,0.02,78557.28,1776890421000
1776890423.465,23.465,0.6,0.61,0.39,0.41,0.01,0.02,78557.28,1776890421000
1776890424.015,24.015,0.6,0.61,0.39,0.4,0.01,0.01,78557.28,1776890422000
1776890424.693,24.693,0.6,0.61,0.39,0.4,0.01,0.01,78557.28,1776890423000
1776890425.188,25.188,0.6,0.61,0.39,0.4,0.01,0.01,78557.28,1776890423000
1776890425.532,25.532,0.62,0.63,0.37,0.38,0.01,0.01,78561.07,1776890424000
1776890425.987,25.987,0.62,0.66,0.34,0.38,0.04,0.04,78564.32,1776890425000
1776890426.344,26.344,0.63,0.66,0.34,0.38,0.03,0.04,78564.32,1776890425000
1776890426.684,26.684,0.64,0.66,0.34,0.36,0.02,0.02,78564.32,1776890425000
1776890427.032,27.032,0.66,0.67,0.33,0.34,0.01,0.01,78564.32,1776890425000
1776890427.375,27.375,0.66,0.67,0.33,0.34,0.01,0.01,78564.32,1776890425000
1776890427.865,27.865,0.66,0.67,0.33,0.34,0.01,0.01,78569.37,1776890426000
1776890428.359,28.359,0.66,0.67,0.33,0.34,0.01,0.01,78569.37,1776890426000
1776890428.883,28.883,0.66,0.67,0.33,0.34,0.01,0.01,78569.37,1776890427000
1776890429.327,29.327,0.66,0.67,0.33,0.34,0.01,0.01,78569.37,1776890428000
1776890429.66,29.66,0.67,0.68,0.32,0.33,0.01,0.01,78569.37,1776890428000
1776890430.372,30.372,0.67,0.68,0.32,0.33,0.01,0.01,78569.5,1776890429000
1776890430.951,30.951,0.68,0.69,0.31,0.32,0.01,0.01,78569.79,1776890430000
1776890431.395,31.395,0.68,0.69,0.31,0.32,0.01,0.01,78569.79,1776890430000
1776890431.74,31.74,0.69,0.72,0.27,0.32,0.03,0.05,78569.79,1776890430000
1776890432.161,32.161,0.69,0.71,0.29,0.31,0.02,0.02,78574.01,1776890431000
1776890433.007,33.007,0.71,0.72,0.29,0.31,0.01,0.02,78574.01,1776890431000
1776890433.464,33.464,0.71,0.74,0.26,0.29,0.03,0.03,78579.28,1776890432000
1776890433.802,33.802,0.71,0.73,0.28,0.29,0.02,0.01,78579.28,1776890432000
1776890434.201,34.201,0.71,0.72,0.28,0.29,0.01,0.01,78579.28,1776890432000
1776890434.926,34.926,0.71,0.72,0.28,0.29,0.01,0.01,78579.84,1776890433000
1776890435.269,35.269,0.71,0.72,0.28,0.29,0.01,0.01,78579.84,1776890434000
1776890435.617,35.617,0.71,0.72,0.28,0.29,0.01,0.01,78579.84,1776890434000
1776890436.018,36.018,0.73,0.74,0.26,0.27,0.01,0.01,78579.84,1776890434000
1776890436.7,36.7,0.73,0.74,0.26,0.27,0.01,0.01,78580.08,1776890435000
1776890437.168,37.168,0.73,0.74,0.26,0.27,0.01,0.01,78580.08,1776890435000
1776890437.637,37.637,0.7,0.71,0.29,0.34,0.01,0.05,78580.08,1776890435000
1776890437.997,37.997,0.7,0.71,0.29,0.3,0.01,0.01,78580.11,1776890436000
1776890438.383,38.383,0.7,0.71,0.29,0.3,0.01,0.01,78580.14,1776890437000
1776890438.731,38.731,0.66,0.67,0.33,0.34,0.01,0.01,78580.14,1776890437000
1776890439.13,39.13,0.66,0.67,0.33,0.34,0.01,0.01,78580.14,1776890437000
1776890439.491,39.491,0.66,0.67,0.33,0.34,0.01,0.01,78580.14,1776890437000
1776890439.902,39.902,0.66,0.67,0.33,0.34,0.01,0.01,78580.22,1776890439000
1776890440.247,40.247,0.66,0.67,0.33,0.34,0.01,0.01,78580.22,1776890439000
1776890441.001,41.001,0.66,0.67,0.33,0.34,0.01,0.01,78580.25,1776890440000
1776890442.09,42.09,0.66,0.67,0.33,0.34,0.01,0.01,78580.45,1776890441000
1776890442.54,42.54,0.66,0.67,0.33,0.34,0.01,0.01,78580.45,1776890441000
1776890442.996,42.996,0.7,0.71,0.29,0.34,0.01,0.05,78580.45,1776890441000
1776890443.348,43.348,0.67,0.72,0.28,0.33,0.05,0.05,78585.09,1776890442000
1776890443.763,43.763,0.71,0.72,0.29,0.31,0.01,0.02,78585.09,1776890442000
1776890444.099,44.099,0.71,0.72,0.28,0.29,0.01,0.01,78588.39,1776890443000
1776890444.7,44.7,0.71,0.72,0.28,0.29,0.01,0.01,78588.39,1776890443000
1776890445.035,45.035,0.71,0.72,0.28,0.29,0.01,0.01,78588.39,1776890443000
1776890445.416,45.416,0.71,0.72,0.28,0.29,0.01,0.01,78588.44,1776890444000
1776890445.84,45.84,0.71,0.72,0.28,0.29,0.01,0.01,78588.44,1776890444000
1776890446.514,46.514,0.71,0.72,0.28,0.29,0.01,0.01,78588.55,1776890445000
1776890446.986,46.986,0.71,0.72,0.28,0.29,0.01,0.01,78588.55,1776890445000
1776890447.419,47.419,0.71,0.72,0.28,0.29,0.01,0.01,78588.66,1776890446000
1776890448.271,48.271,0.71,0.72,0.28,0.29,0.01,0.01,78588.92,1776890447000
1776890448.898,48.898,0.71,0.72,0.28,0.29,0.01,0.01,78588.92,1776890447000
1776890449.286,49.286,0.71,0.72,0.28,0.29,0.01,0.01,78588.92,1776890447000
1776890450.392,50.392,0.71,0.72,0.28,0.29,0.01,0.01,78588.38,1776890449000
1776890450.847,50.847,0.71,0.72,0.28,0.29,0.01,0.01,78588.38,1776890449000
1776890451.491,51.491,0.71,0.72,0.28,0.29,0.01,0.01,78588.38,1776890449000
1776890451.861,51.861,0.71,0.72,0.28,0.29,0.01,0.01,78588.93,1776890450000
1776890452.245,52.245,0.71,0.72,0.28,0.29,0.01,0.01,78588.93,1776890450000
1776890453.049,53.049,0.71,0.72,0.28,0.29,0.01,0.01,78588.93,1776890451000
1776890453.384,53.384,0.71,0.72,0.28,0.29,0.01,0.01,78588.93,1776890451000
1776890454.016,54.016,0.71,0.72,0.28,0.29,0.01,0.01,78588.55,1776890452000
1776890454.349,54.349,0.71,0.72,0.28,0.29,0.01,0.01,78588.45,1776890453000
1776890454.826,54.826,0.69,0.7,0.3,0.32,0.01,0.02,78588.45,1776890453000
1776890455.173,55.173,0.63,0.65,0.35,0.36,0.02,0.01,78588.45,1776890453000
1776890455.51,55.51,0.63,0.64,0.36,0.37,0.01,0.01,78588.24,1776890454000
1776890455.889,55.889,0.63,0.64,0.36,0.37,0.01,0.01,78588.24,1776890454000
1776890456.405,56.405,0.63,0.64,0.36,0.37,0.01,0.01,78587.92,1776890455000
1776890457.273,57.273,0.63,0.64,0.36,0.37,0.01,0.01,78587.92,1776890455000
1776890457.831,57.831,0.56,0.57,0.42,0.43,0.01,0.01,78579.02,1776890456000
1776890458.227,58.227,0.56,0.57,0.43,0.44,0.01,0.01,78577.97,1776890457000
1776890459.265,59.265,0.56,0.57,0.42,0.44,0.01,0.02,78577.97,1776890457000
1776890459.878,59.878,0.56,0.57,0.43,0.44,0.01,0.01,78571.96,1776890458000
1776890460.482,60.482,0.56,0.57,0.43,0.44,0.01,0.01,78571.49,1776890459000
1776890461.026,61.026,0.56,0.57,0.43,0.44,0.01,0.01,78571.49,1776890459000
1776890461.36,61.36,0.56,0.57,0.43,0.44,0.01,0.01,78571.49,1776890459000
1776890461.93,61.93,0.55,0.56,0.44,0.45,0.01,0.01,78569.95,1776890460000
1776890462.446,62.446,0.55,0.56,0.44,0.45,0.01,0.01,78569.95,1776890460000
1776890462.936,62.936,0.55,0.56,0.44,0.45,0.01,0.01,78565.22,1776890461000
1776890463.278,63.278,0.5,0.51,0.47,0.5,0.01,0.03,78564.2,1776890462000
1776890463.647,63.647,0.5,0.51,0.49,0.5,0.01,0.01,78564.2,1776890462000
1776890463.994,63.994,0.48,0.49,0.51,0.52,0.01,0.01,78564.2,1776890462000
1776890464.354,64.354,0.48,0.49,0.51,0.53,0.01,0.02,78564.2,1776890462000
1776890464.759,64.759,0.48,0.49,0.51,0.52,0.01,0.01,78564.2,1776890462000
1776890465.122,65.122,0.43,0.44,0.56,0.57,0.01,0.01,78557.77,1776890463000
1776890465.481,65.481,0.41,0.42,0.58,0.59,0.01,0.01,78557.77,1776890463000
1776890465.827,65.827,0.41,0.42,0.58,0.59,0.01,0.01,78557.77,1776890463000
1776890466.172,66.172,0.41,0.42,0.58,0.59,0.01,0.01,78554.09,1776890464000
1776890466.507,66.507,0.41,0.42,0.58,0.59,0.01,0.01,78552.12,1776890465000
1776890466.895,66.895,0.41,0.42,0.58,0.59,0.01,0.01,78552.12,1776890465000
1776890467.53,67.53,0.41,0.42,0.58,0.59,0.01,0.01,78552.12,1776890465000
1776890467.931,67.931,0.4,0.41,0.59,0.6,0.01,0.01,78552.12,1776890465000
1776890468.909,68.909,0.4,0.41,0.59,0.6,0.01,0.01,78547.69,1776890466000
1776890469.286,69.286,0.4,0.44,0.56,0.6,0.04,0.04,78547.14,1776890467000
1776890469.636,69.636,0.46,0.47,0.53,0.54,0.01,0.01,78547.14,1776890467000
1776890470.032,70.032,0.46,0.47,0.53,0.54,0.01,0.01,78546.63,1776890468000
1776890470.453,70.453,0.46,0.48,0.53,0.54,0.02,0.01,78545.2,1776890469000
1776890470.976,70.976,0.49,0.5,0.49,0.53,0.01,0.04,78545.2,1776890469000
1776890471.318,71.318,0.51,0.52,0.48,0.5,0.01,0.02,78545.2,1776890469000
1776890471.921,71.921,0.51,0.52,0.48,0.49,0.01,0.01,78549.71,1776890470000
1776890472.321,72.321,0.51,0.52,0.48,0.49,0.01,0.01,78549.71,1776890470000
1776890472.787,72.787,0.51,0.52,0.48,0.49,0.01,0.01,78551.14,1776890471000
1776890473.158,73.158,0.51,0.52,0.48,0.49,0.01,0.01,78550.95,1776890472000
1776890473.904,73.904,0.51,0.52,0.48,0.49,0.01,0.01,78550.95,1776890472000
1776890474.402,74.402,0.51,0.52,0.48,0.49,0.01,0.01,78552.76,1776890473000
1776890474.771,74.771,0.52,0.53,0.47,0.48,0.01,0.01,78552.76,1776890473000
1776890475.228,75.228,0.52,0.53,0.47,0.48,0.01,0.01,78552.77,1776890474000
1776890475.623,75.623,0.53,0.54,0.47,0.48,0.01,0.01,78552.77,1776890474000
1776890476.124,76.124,0.53,0.54,0.46,0.47,0.01,0.01,78552.77,1776890474000
1776890476.6,76.6,0.53,0.54,0.46,0.47,0.01,0.01,78552.96,1776890475000
1776890476.945,76.945,0.53,0.54,0.46,0.47,0.01,0.01,78552.96,1776890475000
1776890477.429,77.429,0.53,0.54,0.46,0.47,0.01,0.01,78554.18,1776890476000
1776890477.969,77.969,0.53,0.54,0.46,0.47,0.01,0.01,78554.18,1776890477000
1776890478.638,78.638,0.53,0.54,0.46,0.47,0.01,0.01,78554.18,1776890477000
1776890479.03,79.03,0.53,0.54,0.46,0.47,0.01,0.01,78554.18,1776890477000
1776890479.397,79.397,0.53,0.54,0.46,0.47,0.01,0.01,78553.37,1776890478000
1776890480.031,80.031,0.53,0.54,0.46,0.47,0.01,0.01,78553.37,1776890478000
1776890480.418,80.418,0.53,0.54,0.46,0.47,0.01,0.01,78553.37,1776890478000
1776890480.898,80.898,0.53,0.54,0.46,0.47,0.01,0.01,78553.13,1776890479000
1776890481.299,81.299,0.53,0.54,0.46,0.47,0.01,0.01,78553.02,1776890480000
1776890481.688,81.688,0.53,0.54,0.46,0.47,0.01,0.01,78553.02,1776890480000
1776890482.076,82.076,0.53,0.54,0.46,0.47,0.01,0.01,78553.02,1776890480000
1776890482.478,82.478,0.53,0.54,0.46,0.47,0.01,0.01,78553.02,1776890480000
1776890482.937,82.937,0.53,0.54,0.46,0.47,0.01,0.01,78552.83,1776890481000
1776890483.637,83.637,0.53,0.54,0.46,0.47,0.01,0.01,78552.86,1776890482000
1776890484.072,84.072,0.53,0.54,0.46,0.47,0.01,0.01,78552.86,1776890482000
1776890484.462,84.462,0.53,0.54,0.46,0.47,0.01,0.01,78552.85,1776890483000
1776890484.827,84.827,0.52,0.54,0.46,0.47,0.02,0.01,78552.85,1776890483000
1776890485.199,85.199,0.5,0.51,0.49,0.5,0.01,0.01,78552.85,1776890483000
1776890485.691,85.691,0.5,0.51,0.49,0.5,0.01,0.01,78552.85,1776890484000
1776890486.373,86.373,0.5,0.51,0.49,0.5,0.01,0.01,78552.85,1776890485000
1776890486.928,86.928,0.5,0.51,0.49,0.5,0.01,0.01,78552.85,1776890485000
1776890487.348,87.348,0.5,0.51,0.49,0.5,0.01,0.01,78552.67,1776890486000
1776890487.752,87.752,0.5,0.51,0.49,0.5,0.01,0.01,78552.67,1776890486000
1776890488.336,88.336,0.5,0.51,0.49,0.5,0.01,0.01,78552.35,1776890487000
1776890488.827,88.827,0.5,0.51,0.49,0.5,0.01,0.01,78552.35,1776890487000
1776890489.214,89.214,0.5,0.51,0.49,0.5,0.01,0.01,78552.36,1776890488000
1776890489.561,89.561,0.5,0.51,0.49,0.5,0.01,0.01,78552.36,1776890488000
1776890489.915,89.915,0.5,0.51,0.49,0.5,0.01,0.01,78552.36,1776890488000
1776890490.323,90.323,0.51,0.52,0.48,0.49,0.01,0.01,78552.35,1776890489000
1776890490.828,90.828,0.51,0.52,0.48,0.49,0.01,0.01,78552.35,1776890489000
1776890491.261,91.261,0.52,0.53,0.47,0.49,0.01,0.02,78552.35,1776890489000
1776890491.852,91.852,0.52,0.53,0.47,0.48,0.01,0.01,78552.57,1776890491000
1776890492.238,92.238,0.52,0.53,0.47,0.48,0.01,0.01,78552.57,1776890491000
1776890492.915,92.915,0.52,0.53,0.47,0.48,0.01,0.01,78552.57,1776890491000
1776890493.807,93.807,0.52,0.53,0.47,0.48,0.01,0.01,78553.74,1776890492000
1776890494.565,94.565,0.52,0.53,0.47,0.48,0.01,0.01,78553.84,1776890493000
1776890495.108,95.108,0.52,0.53,0.47,0.48,0.01,0.01,78553.84,1776890493000
1776890495.674,95.674,0.52,0.53,0.47,0.48,0.01,0.01,78553.83,1776890494000
1776890496.343,96.343,0.52,0.53,0.47,0.48,0.01,0.01,78553.85,1776890495000
1776890496.917,96.917,0.52,0.53,0.47,0.48,0.01,0.01,78553.85,1776890496000
1776890498.43,98.43,0.52,0.54,0.46,0.48,0.02,0.02,78554.38,1776890497000
1776890498.814,98.814,0.53,0.54,0.46,0.47,0.01,0.01,78554.38,1776890497000
1776890499.159,99.159,0.53,0.55,0.46,0.47,0.02,0.01,78554.38,1776890498000
1776890499.568,99.568,0.54,0.55,0.45,0.46,0.01,0.01,78554.38,1776890498000
1776890499.963,99.963,0.5,0.55,0.45,0.5,0.05,0.05,78554.38,1776890499000
1776890500.34,100.34,0.51,0.52,0.48,0.49,0.01,0.01,78554.38,1776890499000
1776890500.891,100.891,0.51,0.52,0.48,0.49,0.01,0.01,78554.43,1776890500000
1776890501.506,101.506,0.51,0.52,0.48,0.49,0.01,0.01,78554.43,1776890500000
1776890501.998,101.998,0.51,0.54,0.46,0.49,0.03,0.03,78554.4,1776890501000
1776890502.447,102.447,0.53,0.54,0.46,0.49,0.01,0.03,78554.4,1776890501000
1776890502.987,102.987,0.53,0.54,0.46,0.47,0.01,0.01,78554.33,1776890502000
1776890503.336,103.336,0.53,0.54,0.46,0.47,0.01,0.01,78554.33,1776890502000
1776890503.715,103.715,0.53,0.57,0.43,0.47,0.04,0.04,78554.33,1776890502000
1776890504.064,104.064,0.58,0.59,0.41,0.42,0.01,0.01,78554.5,1776890503000
1776890504.501,104.501,0.58,0.59,0.41,0.42,0.01,0.01,78554.5,1776890503000
1776890504.882,104.882,0.58,0.59,0.41,0.42,0.01,0.01,78554.5,1776890503000
1776890505.712,105.712,0.58,0.59,0.41,0.42,0.01,0.01,78554.7,1776890504000
1776890506.048,106.048,0.59,0.6,0.4,0.41,0.01,0.01,78557.18,1776890505000
1776890506.382,106.382,0.59,0.6,0.4,0.41,0.01,0.01,78557.18,1776890505000
1776890507.034,107.034,0.59,0.6,0.4,0.41,0.01,0.01,78558.09,1776890506000
1776890507.444,107.444,0.59,0.6,0.4,0.41,0.01,0.01,78558.09,1776890506000
1776890507.837,107.837,0.59,0.6,0.4,0.41,0.01,0.01,78558.09,1776890506000
1776890508.192,108.192,0.59,0.6,0.4,0.41,0.01,0.01,78558.6,1776890507000
1776890508.582,108.582,0.59,0.6,0.4,0.41,0.01,0.01,78558.6,1776890507000
1776890509.179,109.179,0.59,0.6,0.4,0.41,0.01,0.01,78559.04,1776890508000
1776890509.578,109.578,0.58,0.59,0.4,0.41,0.01,0.01,78559.04,1776890508000
1776890510.052,110.052,0.57,0.58,0.41,0.42,0.01,0.01,78559.04,1776890508000
1776890510.443,110.443,0.57,0.58,0.42,0.43,0.01,0.01,78558.8,1776890509000
1776890510.969,110.969,0.57,0.58,0.42,0.43,0.01,0.01,78558.8,1776890509000
1776890511.337,111.337,0.57,0.58,0.42,0.43,0.01,0.01,78558.42,1776890510000
1776890512.112,112.112,0.57,0.58,0.42,0.43,0.01,0.01,78558.42,1776890510000
1776890512.952,112.952,0.57,0.58,0.42,0.43,0.01,0.01,78558.12,1776890511000
1776890513.326,113.326,0.57,0.58,0.42,0.43,0.01,0.01,78558.14,1776890512000
1776890513.815,113.815,0.57,0.58,0.42,0.43,0.01,0.01,78558.14,1776890512000
1776890514.275,114.275,0.57,0.58,0.42,0.43,0.01,0.01,78558.14,1776890512000
1776890514.609,114.609,0.57,0.58,0.42,0.43,0.01,0.01,78557.77,1776890513000
1776890514.951,114.951,0.57,0.58,0.42,0.43,0.01,0.01,78557.51,1776890514000
1776890515.468,115.468,0.57,0.58,0.42,0.43,0.01,0.01,78557.51,1776890514000
1776890515.832,115.832,0.57,0.58,0.42,0.43,0.01,0.01,78557.51,1776890514000
1776890517.205,117.205,0.57,0.58,0.42,0.43,0.01,0.01,78557.23,1776890516000
1776890518.206,118.206,0.57,0.58,0.42,0.43,0.01,0.01,78557.26,1776890517000
1776890518.543,118.543,0.57,0.58,0.42,0.43,0.01,0.01,78557.26,1776890517000
1776890518.991,118.991,0.57,0.58,0.42,0.43,0.01,0.01,78557.26,1776890517000
1776890519.531,119.531,0.57,0.59,0.42,0.43,0.02,0.01,78556.98,1776890518000
1776890519.881,119.881,0.57,0.59,0.41,0.43,0.02,0.02,78556.98,1776890518000
1776890520.337,120.337,0.59,0.6,0.4,0.42,0.01,0.02,78556.98,1776890518000
1776890520.791,120.791,0.59,0.6,0.4,0.41,0.01,0.01,78556.97,1776890519000
1776890521.15,121.15,0.59,0.6,0.4,0.41,0.01,0.01,78556.97,1776890520000
1776890521.621,121.621,0.59,0.6,0.4,0.41,0.01,0.01,78556.97,1776890520000
1776890522.033,122.033,0.56,0.57,0.43,0.44,0.01,0.01,78556.97,1776890520000
1776890522.434,122.434,0.56,0.57,0.43,0.44,0.01,0.01,78556.98,1776890521000
1776890522.912,122.912,0.56,0.57,0.43,0.44,0.01,0.01,78556.98,1776890521000
1776890523.331,123.331,0.56,0.57,0.43,0.44,0.01,0.01,78556.83,1776890522000
1776890523.786,123.786,0.5,0.56,0.44,0.5,0.06,0.06,78556.83,1776890522000
1776890524.12,124.12,0.46,0.47,0.53,0.54,0.01,0.01,78556.83,1776890522000
1776890524.46,124.46,0.46,0.47,0.53,0.54,0.01,0.01,78556.41,1776890523000
1776890524.794,124.794,0.48,0.49,0.51,0.52,0.01,0.01,78556.41,1776890523000
1776890525.147,125.147,0.5,0.51,0.49,0.5,0.01,0.01,78556.41,1776890523000
1776890525.521,125.521,0.5,0.51,0.49,0.5,0.01,0.01,78556.41,1776890523000
1776890525.889,125.889,0.51,0.52,0.49,0.5,0.01,0.01,78554.3,1776890524000
1776890526.326,126.326,0.51,0.52,0.48,0.49,0.01,0.01,78550.36,1776890525000
1776890526.909,126.909,0.51,0.52,0.48,0.49,0.01,0.01,78550.36,1776890525000
1776890527.4,127.4,0.51,0.52,0.48,0.49,0.01,0.01,78550.18,1776890526000
1776890527.975,127.975,0.5,0.52,0.48,0.49,0.02,0.01,78550.18,1776890526000
1776890528.812,128.812,0.49,0.5,0.48,0.5,0.01,0.02,78550.14,1776890527000
1776890529.45,129.45,0.46,0.5,0.5,0.54,0.04,0.04,78549.97,1776890528000
1776890530.089,130.089,0.46,0.47,0.53,0.54,0.01,0.01,78549.72,1776890529000
1776890530.59,130.59,0.46,0.47,0.53,0.54,0.01,0.01,78549.72,1776890529000
1776890531.045,131.045,0.46,0.47,0.53,0.54,0.01,0.01,78549.02,1776890530000
1776890531.401,131.401,0.46,0.47,0.53,0.54,0.01,0.01,78549.02,1776890530000
1776890531.863,131.863,0.46,0.47,0.53,0.54,0.01,0.01,78549.02,1776890530000
1776890532.203,132.203,0.46,0.47,0.53,0.54,0.01,0.01,78548.81,1776890531000
1776890532.861,132.861,0.46,0.47,0.53,0.54,0.01,0.01,78548.81,1776890531000
1776890533.21,133.21,0.46,0.47,0.53,0.54,0.01,0.01,78548.81,1776890531000
1776890533.843,133.843,0.46,0.47,0.53,0.54,0.01,0.01,78549.15,1776890533000
1776890534.55,134.55,0.46,0.47,0.53,0.54,0.01,0.01,78549.15,1776890533000
1776890534.895,134.895,0.46,0.47,0.53,0.54,0.01,0.01,78549.15,1776890533000
1776890535.606,135.606,0.46,0.47,0.53,0.54,0.01,0.01,78549.15,1776890534000
1776890536.078,136.078,0.46,0.47,0.53,0.54,0.01,0.01,78549.15,1776890534000
1776890536.442,136.442,0.46,0.47,0.53,0.54,0.01,0.01,78549.32,1776890535000
1776890536.781,136.781,0.46,0.47,0.53,0.54,0.01,0.01,78549.32,1776890535000
1776890537.227,137.227,0.46,0.47,0.53,0.54,0.01,0.01,78549.48,1776890536000
1776890537.718,137.718,0.46,0.47,0.53,0.54,0.01,0.01,78549.48,1776890536000
1776890538.329,138.329,0.46,0.47,0.53,0.54,0.01,0.01,78549.48,1776890536000
1776890538.85,138.85,0.46,0.47,0.53,0.54,0.01,0.01,78549.48,1776890537000
1776890539.333,139.333,0.46,0.47,0.53,0.54,0.01,0.01,78549.48,1776890537000
1776890539.74,139.74,0.48,0.5,0.53,0.54,0.02,0.01,78549.48,1776890537000
1776890540.243,140.243,0.54,0.58,0.43,0.48,0.04,0.05,78549.28,1776890538000
1776890540.586,140.586,0.57,0.6,0.41,0.43,0.03,0.02,78549.28,1776890539000
1776890541.253,141.253,0.58,0.59,0.4,0.42,0.01,0.02,78549.28,1776890539000
1776890541.675,141.675,0.58,0.59,0.4,0.43,0.01,0.03,78550.16,1776890540000
1776890542.047,142.047,0.58,0.59,0.41,0.42,0.01,0.01,78550.16,1776890540000
1776890542.462,142.462,0.58,0.59,0.41,0.42,0.01,0.01,78551.82,1776890541000
1776890542.89,142.89,0.58,0.59,0.41,0.42,0.01,0.01,78551.82,1776890541000
1776890543.5,143.5,0.58,0.59,0.41,0.42,0.01,0.01,78557.21,1776890542000
1776890543.868,143.868,0.58,0.59,0.41,0.42,0.01,0.01,78557.21,1776890542000
1776890544.838,144.838,0.58,0.59,0.41,0.42,0.01,0.01,78557.44,1776890543000
1776890545.237,145.237,0.58,0.59,0.41,0.42,0.01,0.01,78557.63,1776890544000
1776890545.674,145.674,0.59,0.6,0.4,0.42,0.01,0.02,78557.63,1776890544000
1776890546.244,146.244,0.59,0.6,0.4,0.41,0.01,0.01,78557.63,1776890544000
1776890547.443,147.443,0.59,0.6,0.4,0.41,0.01,0.01,78557.4,1776890546000
1776890547.817,147.817,0.59,0.6,0.4,0.41,0.01,0.01,78557.4,1776890546000
1776890548.385,148.385,0.59,0.6,0.4,0.41,0.01,0.01,78557.4,1776890547000
1776890549.099,149.099,0.59,0.6,0.4,0.41,0.01,0.01,78557.76,1776890548000
1776890549.467,149.467,0.59,0.6,0.4,0.41,0.01,0.01,78557.76,1776890548000
1776890549.829,149.829,0.59,0.6,0.4,0.41,0.01,0.01,78557.76,1776890548000
1776890550.183,150.183,0.59,0.61,0.39,0.41,0.02,0.02,78557.76,1776890548000
1776890550.549,150.549,0.59,0.6,0.39,0.41,0.01,0.02,78557.76,1776890549000
1776890550.916,150.916,0.59,0.6,0.4,0.41,0.01,0.01,78557.76,1776890549000
1776890551.319,151.319,0.59,0.6,0.4,0.41,0.01,0.01,78557.76,1776890549000
1776890551.692,151.692,0.6,0.61,0.39,0.4,0.01,0.01,78557.87,1776890550000
1776890552.066,152.066,0.6,0.61,0.39,0.4,0.01,0.01,78558.15,1776890551000
1776890552.618,152.618,0.6,0.61,0.39,0.4,0.01,0.01,78558.15,1776890551000
1776890553.003,153.003,0.6,0.61,0.39,0.4,0.01,0.01,78558.43,1776890552000
1776890553.337,153.337,0.6,0.61,0.39,0.4,0.01,0.01,78558.43,1776890552000
1776890553.694,153.694,0.6,0.61,0.39,0.4,0.01,0.01,78558.43,1776890552000
1776890554.176,154.176,0.6,0.61,0.39,0.4,0.01,0.01,78558.43,1776890552000
1776890554.597,154.597,0.6,0.61,0.39,0.4,0.01,0.01,78558.51,1776890553000
1776890555.115,155.115,0.6,0.61,0.39,0.4,0.01,0.01,78558.51,1776890553000
1776890555.813,155.813,0.6,0.61,0.39,0.4,0.01,0.01,78558.47,1776890554000
1776890556.272,156.272,0.59,0.6,0.4,0.41,0.01,0.01,78558.42,1776890555000
1776890557.151,157.151,0.59,0.6,0.4,0.41,0.01,0.01,78558.42,1776890555000
1776890557.79,157.79,0.58,0.59,0.4,0.41,0.01,0.01,78558.23,1776890556000
1776890558.223,158.223,0.58,0.59,0.41,0.42,0.01,0.01,78556.78,1776890557000
1776890558.563,158.563,0.58,0.59,0.41,0.42,0.01,0.01,78556.78,1776890557000
1776890559.018,159.018,0.58,0.59,0.41,0.42,0.01,0.01,78556.78,1776890557000
1776890559.771,159.771,0.58,0.59,0.41,0.42,0.01,0.01,78557.27,1776890558000
1776890560.113,160.113,0.58,0.59,0.41,0.42,0.01,0.01,78557.24,1776890559000
1776890560.74,160.74,0.57,0.59,0.41,0.42,0.02,0.01,78557.24,1776890559000
1776890561.181,161.181,0.57,0.58,0.41,0.43,0.01,0.02,78557.23,1776890560000
1776890561.532,161.532,0.57,0.58,0.42,0.43,0.01,0.01,78557.23,1776890560000
1776890562.0,162.0,0.56,0.57,0.43,0.44,0.01,0.01,78557.23,1776890561000
1776890562.498,162.498,0.56,0.57,0.43,0.44,0.01,0.01,78557.23,1776890561000
1776890563.016,163.016,0.56,0.57,0.43,0.44,0.01,0.01,78557.23,1776890561000
1776890563.449,163.449,0.56,0.57,0.43,0.44,0.01,0.01,78557.23,1776890562000
1776890563.846,163.846,0.56,0.57,0.43,0.44,0.01,0.01,78557.23,1776890562000
1776890564.616,164.616,0.56,0.57,0.43,0.44,0.01,0.01,78557.02,1776890563000
1776890564.957,164.957,0.56,0.57,0.43,0.44,0.01,0.01,78557.15,1776890564000
1776890565.834,165.834,0.56,0.57,0.43,0.44,0.01,0.01,78557.15,1776890564000
1776890566.492,166.492,0.57,0.58,0.43,0.44,0.01,0.01,78557.15,1776890564000
1776890567.35,167.35,0.57,0.58,0.42,0.43,0.01,0.01,78557.2,1776890565000
1776890567.916,167.916,0.57,0.58,0.42,0.43,0.01,0.01,78557.21,1776890567000
1776890568.288,168.288,0.57,0.58,0.42,0.43,0.01,0.01,78557.21,1776890567000
1776890569.219,169.219,0.57,0.58,0.42,0.43,0.01,0.01,78557.25,1776890568000
1776890570.341,170.341,0.57,0.58,0.42,0.43,0.01,0.01,78557.25,1776890568000
1776890570.783,170.783,0.57,0.58,0.42,0.43,0.01,0.01,78557.37,1776890569000
1776890571.387,171.387,0.57,0.58,0.42,0.43,0.01,0.01,78557.37,1776890570000
1776890571.724,171.724,0.58,0.59,0.41,0.42,0.01,0.01,78557.37,1776890570000
1776890572.133,172.133,0.58,0.59,0.41,0.42,0.01,0.01,78557.27,1776890571000
1776890572.653,172.653,0.54,0.55,0.45,0.46,0.01,0.01,78557.27,1776890571000
1776890573.023,173.023,0.55,0.56,0.44,0.45,0.01,0.01,78557.27,1776890571000
1776890573.453,173.453,0.55,0.56,0.44,0.45,0.01,0.01,78557.49,1776890572000
1776890573.898,173.898,0.55,0.56,0.43,0.45,0.01,0.02,78557.49,1776890572000
1776890574.635,174.635,0.55,0.57,0.44,0.45,0.02,0.01,78557.5,1776890573000
1776890575.145,175.145,0.56,0.57,0.43,0.45,0.01,0.02,78557.5,1776890573000
1776890575.529,175.529,0.56,0.57,0.43,0.44,0.01,0.01,78557.52,1776890574000
1776890575.874,175.874,0.57,0.58,0.43,0.44,0.01,0.01,78557.52,1776890574000
1776890576.305,176.305,0.57,0.58,0.42,0.43,0.01,0.01,78557.18,1776890575000
1776890576.964,176.964,0.57,0.58,0.42,0.43,0.01,0.01,78557.18,1776890575000
1776890577.404,177.404,0.57,0.58,0.42,0.43,0.01,0.01,78557.18,1776890575000
1776890578.363,178.363,0.57,0.58,0.42,0.43,0.01,0.01,78557.11,1776890576000
1776890579.162,179.162,0.57,0.58,0.42,0.43,0.01,0.01,78557.11,1776890577000
1776890579.545,179.545,0.57,0.58,0.42,0.43,0.01,0.01,78557.11,1776890577000
1776890579.93,179.93,0.57,0.58,0.42,0.43,0.01,0.01,78556.56,1776890578000
1776890580.31,180.31,0.57,0.58,0.42,0.43,0.01,0.01,78556.56,1776890579000
1776890581.102,181.102,0.57,0.58,0.42,0.43,0.01,0.01,78556.56,1776890579000
1776890581.632,181.632,0.57,0.58,0.42,0.43,0.01,0.01,78556.56,1776890579000
1776890582.367,182.367,0.55,0.58,0.42,0.43,0.03,0.01,78556.57,1776890580000
1776890582.706,182.706,0.48,0.56,0.44,0.52,0.08,0.08,78556.57,1776890580000
1776890583.089,183.089,0.46,0.47,0.53,0.59,0.01,0.06,78556.26,1776890581000
1776890583.505,183.505,0.41,0.42,0.58,0.59,0.01,0.01,78556.26,1776890582000
1776890583.876,183.876,0.41,0.42,0.58,0.59,0.01,0.01,78556.26,1776890582000
1776890584.481,184.481,0.41,0.45,0.55,0.59,0.04,0.04,78556.26,1776890582000
1776890585.139,185.139,0.41,0.45,0.55,0.59,0.04,0.04,78547.66,1776890584000
1776890585.477,185.477,0.41,0.46,0.54,0.59,0.05,0.05,78547.66,1776890584000
1776890585.83,185.83,0.41,0.46,0.54,0.59,0.05,0.05,78547.66,1776890584000
1776890586.215,186.215,0.42,0.45,0.55,0.58,0.03,0.03,78546.04,1776890585000
1776890586.65,186.65,0.45,0.46,0.54,0.56,0.01,0.02,78546.04,1776890585000
1776890587.186,187.186,0.45,0.46,0.54,0.55,0.01,0.01,78546.04,1776890585000
1776890587.71,187.71,0.43,0.44,0.55,0.57,0.01,0.02,78546.04,1776890586000
1776890588.088,188.088,0.43,0.44,0.56,0.57,0.01,0.01,78546.04,1776890586000
1776890588.486,188.486,0.43,0.44,0.56,0.57,0.01,0.01,78546.02,1776890587000
1776890589.424,189.424,0.43,0.44,0.56,0.57,0.01,0.01,78546.8,1776890588000
1776890589.93,189.93,0.43,0.44,0.56,0.57,0.01,0.01,78546.8,1776890589000
1776890590.65,190.65,0.43,0.44,0.56,0.57,0.01,0.01,78546.8,1776890589000
1776890591.012,191.012,0.43,0.44,0.56,0.57,0.01,0.01,78546.81,1776890590000
1776890591.949,191.949,0.43,0.44,0.56,0.57,0.01,0.01,78549.85,1776890591000
1776890592.368,192.368,0.43,0.44,0.56,0.57,0.01,0.01,78549.85,1776890591000
1776890592.903,192.903,0.43,0.44,0.56,0.57,0.01,0.01,78549.85,1776890591000
1776890593.662,193.662,0.43,0.44,0.56,0.57,0.01,0.01,78550.59,1776890592000
1776890594.172,194.172,0.48,0.52,0.5,0.56,0.04,0.06,78550.59,1776890592000
1776890594.655,194.655,0.56,0.58,0.42,0.44,0.02,0.02,78552.74,1776890593000
1776890595.002,195.002,0.56,0.57,0.43,0.44,0.01,0.01,78552.74,1776890593000
1776890595.346,195.346,0.56,0.57,0.43,0.44,0.01,0.01,78554.88,1776890594000
1776890595.803,195.803,0.56,0.57,0.43,0.44,0.01,0.01,78554.88,1776890594000
1776890596.3,196.3,0.56,0.57,0.43,0.44,0.01,0.01,78554.88,1776890594000
1776890597.247,197.247,0.55,0.57,0.43,0.44,0.02,0.01,78554.98,1776890595000
1776890597.734,197.734,0.55,0.57,0.43,0.45,0.02,0.02,78554.23,1776890596000
1776890598.621,198.621,0.55,0.57,0.43,0.45,0.02,0.02,78554.23,1776890597000
1776890598.957,198.957,0.55,0.57,0.43,0.45,0.02,0.02,78554.2,1776890598000
1776890599.308,199.308,0.55,0.56,0.44,0.45,0.01,0.01,78554.2,1776890598000
1776890600.055,200.055,0.55,0.56,0.44,0.45,0.01,0.01,78553.76,1776890599000
1776890600.721,200.721,0.55,0.56,0.44,0.45,0.01,0.01,78553.76,1776890599000
1776890601.057,201.057,0.54,0.56,0.44,0.46,0.02,0.02,78553.17,1776890600000
1776890601.476,201.476,0.54,0.56,0.44,0.45,0.02,0.01,78553.17,1776890600000
1776890601.9,201.9,0.48,0.51,0.5,0.53,0.03,0.03,78553.17,1776890600000
1776890602.253,202.253,0.47,0.48,0.52,0.53,0.01,0.01,78552.06,1776890601000
1776890602.653,202.653,0.47,0.48,0.52,0.53,0.01,0.01,78552.06,1776890601000
1776890603.012,203.012,0.48,0.49,0.51,0.53,0.01,0.02,78552.05,1776890602000
1776890603.345,203.345,0.48,0.49,0.51,0.52,0.01,0.01,78552.05,1776890602000
1776890603.711,203.711,0.49,0.5,0.5,0.51,0.01,0.01,78552.05,1776890602000
1776890604.379,204.379,0.49,0.5,0.5,0.51,0.01,0.01,78551.96,1776890603000
1776890604.715,204.715,0.49,0.5,0.5,0.51,0.01,0.01,78551.96,1776890603000
1776890605.32,205.32,0.49,0.5,0.5,0.51,0.01,0.01,78551.99,1776890604000
1776890605.743,205.743,0.49,0.5,0.5,0.51,0.01,0.01,78551.99,1776890604000
1776890606.104,206.104,0.5,0.51,0.49,0.5,0.01,0.01,78552.0,1776890605000
1776890606.438,206.438,0.51,0.52,0.48,0.49,0.01,0.01,78552.0,1776890605000
1776890607.038,207.038,0.51,0.52,0.48,0.49,0.01,0.01,78552.0,1776890606000
1776890607.393,207.393,0.51,0.52,0.48,0.49,0.01,0.01,78552.0,1776890606000
1776890607.781,207.781,0.51,0.52,0.48,0.49,0.01,0.01,78552.0,1776890606000
1776890608.431,208.431,0.51,0.52,0.48,0.49,0.01,0.01,78552.03,1776890607000
1776890608.886,208.886,0.51,0.52,0.48,0.49,0.01,0.01,78552.03,1776890607000
1776890609.239,209.239,0.52,0.53,0.47,0.48,0.01,0.01,78552.03,1776890608000
1776890609.749,209.749,0.53,0.54,0.47,0.48,0.01,0.01,78552.03,1776890608000
1776890610.089,210.089,0.53,0.54,0.46,0.47,0.01,0.01,78551.65,1776890609000
1776890610.691,210.691,0.53,0.54,0.46,0.47,0.01,0.01,78551.65,1776890609000
1776890611.537,211.537,0.54,0.55,0.46,0.47,0.01,0.01,78551.65,1776890609000
1776890612.031,212.031,0.55,0.56,0.44,0.45,0.01,0.01,78551.46,1776890610000
1776890612.407,212.407,0.55,0.56,0.44,0.45,0.01,0.01,78551.46,1776890611000
1776890612.893,212.893,0.55,0.56,0.44,0.45,0.01,0.01,78551.46,1776890611000
1776890613.257,213.257,0.56,0.57,0.43,0.44,0.01,0.01,78551.46,1776890611000
1776890613.817,213.817,0.56,0.59,0.43,0.44,0.03,0.01,78551.55,1776890612000
1776890614.183,214.183,0.63,0.64,0.36,0.37,0.01,0.01,78551.55,1776890612000
1776890614.53,214.53,0.63,0.64,0.36,0.37,0.01,0.01,78553.46,1776890613000
1776890614.866,214.866,0.63,0.64,0.36,0.37,0.01,0.01,78553.46,1776890613000
1776890615.314,215.314,0.63,0.64,0.36,0.37,0.01,0.01,78553.47,1776890614000
1776890615.664,215.664,0.63,0.65,0.36,0.37,0.02,0.01,78553.47,1776890614000
1776890616.074,216.074,0.64,0.65,0.35,0.36,0.01,0.01,78556.96,1776890615000
1776890616.569,216.569,0.64,0.65,0.35,0.36,0.01,0.01,78556.96,1776890615000
1776890616.985,216.985,0.64,0.65,0.35,0.36,0.01,0.01,78557.97,1776890616000
1776890617.536,217.536,0.64,0.65,0.35,0.36,0.01,0.01,78557.97,1776890616000
1776890617.902,217.902,0.64,0.65,0.35,0.36,0.01,0.01,78557.97,1776890616000
1776890618.251,218.251,0.64,0.65,0.35,0.36,0.01,0.01,78558.48,1776890617000
1776890618.798,218.798,0.64,0.65,0.35,0.36,0.01,0.01,78558.48,1776890617000
1776890619.153,219.153,0.64,0.65,0.35,0.36,0.01,0.01,78558.53,1776890618000
1776890619.55,219.55,0.64,0.65,0.35,0.36,0.01,0.01,78558.53,1776890618000
1776890619.89,219.89,0.64,0.65,0.35,0.36,0.01,0.01,78558.53,1776890618000
1776890620.242,220.242,0.64,0.65,0.35,0.36,0.01,0.01,78558.53,1776890619000
1776890620.875,220.875,0.63,0.64,0.35,0.36,0.01,0.01,78558.53,1776890619000
1776890621.362,221.362,0.63,0.64,0.36,0.37,0.01,0.01,78558.53,1776890619000
1776890621.956,221.956,0.63,0.64,0.36,0.37,0.01,0.01,78558.64,1776890621000
1776890622.349,222.349,0.62,0.63,0.36,0.38,0.01,0.02,78558.64,1776890621000
1776890622.683,222.683,0.63,0.64,0.36,0.37,0.01,0.01,78558.64,1776890621000
1776890623.274,223.274,0.63,0.64,0.36,0.37,0.01,0.01,78558.84,1776890622000
1776890624.159,224.159,0.63,0.64,0.36,0.37,0.01,0.01,78558.84,1776890622000
1776890624.615,224.615,0.63,0.64,0.36,0.37,0.01,0.01,78558.84,1776890623000
1776890625.282,225.282,0.63,0.64,0.35,0.36,0.01,0.01,78558.84,1776890623000
1776890625.622,225.622,0.63,0.64,0.36,0.37,0.01,0.01,78558.84,1776890623000
1776890625.983,225.983,0.63,0.64,0.36,0.37,0.01,0.01,78558.84,1776890623000
1776890626.566,226.566,0.63,0.64,0.36,0.37,0.01,0.01,78558.19,1776890624000
1776890627.173,227.173,0.63,0.64,0.36,0.37,0.01,0.01,78558.19,1776890624000
1776890627.545,227.545,0.63,0.64,0.36,0.37,0.01,0.01,78558.95,1776890625000
1776890627.882,227.882,0.64,0.65,0.35,0.37,0.01,0.02,78558.94,1776890626000
1776890628.237,228.237,0.64,0.65,0.35,0.36,0.01,0.01,78558.94,1776890626000
1776890628.861,228.861,0.64,0.65,0.35,0.36,0.01,0.01,78558.94,1776890626000
1776890629.293,229.293,0.64,0.65,0.35,0.36,0.01,0.01,78558.98,1776890627000
1776890629.964,229.964,0.64,0.65,0.35,0.36,0.01,0.01,78558.59,1776890628000
1776890630.339,230.339,0.64,0.65,0.35,0.36,0.01,0.01,78558.59,1776890628000
1776890631.349,231.349,0.65,0.66,0.34,0.35,0.01,0.01,78558.59,1776890629000
1776890631.682,231.682,0.65,0.66,0.34,0.35,0.01,0.01,78558.57,1776890630000
1776890632.022,232.022,0.64,0.66,0.34,0.35,0.02,0.01,78558.57,1776890630000
1776890632.384,232.384,0.64,0.65,0.35,0.36,0.01,0.01,78558.6,1776890631000
1776890632.888,232.888,0.64,0.65,0.35,0.36,0.01,0.01,78558.6,1776890631000
1776890633.251,233.251,0.64,0.66,0.35,0.36,0.02,0.01,78558.6,1776890631000
1776890633.591,233.591,0.64,0.65,0.35,0.36,0.01,0.01,78558.6,1776890632000
1776890634.239,234.239,0.64,0.65,0.35,0.36,0.01,0.01,78558.62,1776890633000
1776890634.595,234.595,0.64,0.65,0.35,0.36,0.01,0.01,78558.62,1776890633000
1776890635.259,235.259,0.64,0.65,0.35,0.36,0.01,0.01,78558.62,1776890633000
1776890635.655,235.655,0.64,0.65,0.35,0.36,0.01,0.01,78558.62,1776890633000
1776890636.389,236.389,0.64,0.65,0.35,0.36,0.01,0.01,78558.65,1776890634000
1776890636.73,236.73,0.64,0.65,0.35,0.36,0.01,0.01,78558.68,1776890635000
1776890637.144,237.144,0.64,0.65,0.35,0.36,0.01,0.01,78558.68,1776890635000
1776890637.568,237.568,0.65,0.66,0.34,0.35,0.01,0.01,78558.65,1776890636000
1776890638.172,238.172,0.66,0.67,0.34,0.35,0.01,0.01,78558.65,1776890636000
1776890638.587,238.587,0.66,0.67,0.33,0.34,0.01,0.01,78558.65,1776890636000
1776890639.318,239.318,0.66,0.67,0.33,0.34,0.01,0.01,78558.66,1776890638000
1776890639.669,239.669,0.66,0.67,0.33,0.34,0.01,0.01,78558.66,1776890638000
1776890640.113,240.113,0.66,0.67,0.33,0.34,0.01,0.01,78558.41,1776890639000
1776890640.524,240.524,0.66,0.68,0.33,0.34,0.02,0.01,78558.41,1776890639000
1776890641.023,241.023,0.68,0.69,0.31,0.32,0.01,0.01,78558.41,1776890639000
1776890641.492,241.492,0.68,0.69,0.31,0.32,0.01,0.01,78558.68,1776890640000
1776890641.957,241.957,0.68,0.69,0.31,0.32,0.01,0.01,78558.68,1776890640000
1776890642.588,242.588,0.68,0.69,0.31,0.32,0.01,0.01,78558.7,1776890641000
1776890642.973,242.973,0.67,0.68,0.32,0.33,0.01,0.01,78558.7,1776890641000
1776890643.506,243.506,0.66,0.68,0.32,0.34,0.02,0.02,78558.73,1776890642000
1776890643.984,243.984,0.66,0.67,0.33,0.34,0.01,0.01,78558.73,1776890642000
1776890644.445,244.445,0.66,0.67,0.33,0.34,0.01,0.01,78558.67,1776890643000
1776890644.887,244.887,0.67,0.68,0.33,0.34,0.01,0.01,78558.67,1776890643000
1776890645.361,245.361,0.67,0.69,0.32,0.33,0.02,0.01,78558.67,1776890643000
1776890645.737,245.737,0.68,0.69,0.31,0.32,0.01,0.01,78558.73,1776890644000
1776890646.101,246.101,0.68,0.69,0.31,0.32,0.01,0.01,78558.75,1776890645000
1776890646.581,246.581,0.67,0.69,0.31,0.32,0.02,0.01,78558.75,1776890645000
1776890646.92,246.92,0.27,0.35,0.65,0.73,0.08,0.08,78558.75,1776890645000
1776890647.259,247.259,0.34,0.45,0.54,0.68,0.11,0.14,78558.77,1776890646000
1776890647.601,247.601,0.38,0.42,0.56,0.63,0.04,0.07,78558.77,1776890646000
1776890648.006,248.006,0.48,0.49,0.51,0.59,0.01,0.08,78558.77,1776890646000
1776890648.679,248.679,0.48,0.49,0.51,0.52,0.01,0.01,78558.53,1776890647000
1776890649.013,249.013,0.48,0.49,0.51,0.52,0.01,0.01,78549.97,1776890648000
1776890649.376,249.376,0.48,0.49,0.51,0.52,0.01,0.01,78549.97,1776890648000
1776890649.94,249.94,0.48,0.49,0.51,0.52,0.01,0.01,78549.97,1776890648000
1776890650.291,250.291,0.48,0.49,0.51,0.52,0.01,0.01,78548.01,1776890649000
1776890650.633,250.633,0.4,0.44,0.52,0.53,0.04,0.01,78548.01,1776890649000
1776890650.989,250.989,0.27,0.28,0.72,0.73,0.01,0.01,78548.01,1776890649000
1776890651.352,251.352,0.27,0.28,0.72,0.73,0.01,0.01,78548.48,1776890650000
1776890651.709,251.709,0.27,0.28,0.72,0.73,0.01,0.01,78548.48,1776890650000
1776890652.043,252.043,0.29,0.3,0.7,0.71,0.01,0.01,78548.48,1776890650000
1776890652.46,252.46,0.29,0.3,0.7,0.71,0.01,0.01,78548.28,1776890651000
1776890652.801,252.801,0.31,0.32,0.68,0.69,0.01,0.01,78548.28,1776890651000
1776890653.134,253.134,0.32,0.33,0.67,0.68,0.01,0.01,78548.28,1776890651000
1776890653.508,253.508,0.32,0.36,0.67,0.68,0.04,0.01,78546.09,1776890652000
1776890654.091,254.091,0.36,0.37,0.63,0.64,0.01,0.01,78546.09,1776890652000
1776890654.536,254.536,0.37,0.38,0.62,0.64,0.01,0.02,78546.09,1776890652000
1776890655.169,255.169,0.38,0.39,0.61,0.62,0.01,0.01,78545.19,1776890653000
1776890655.506,255.506,0.48,0.49,0.51,0.52,0.01,0.01,78545.19,1776890653000
1776890655.84,255.84,0.48,0.49,0.51,0.52,0.01,0.01,78545.28,1776890654000
1776890656.214,256.214,0.48,0.49,0.51,0.52,0.01,0.01,78545.69,1776890655000
1776890656.59,256.59,0.48,0.49,0.51,0.52,0.01,0.01,78545.69,1776890655000
1776890657.151,257.151,0.48,0.49,0.51,0.52,0.01,0.01,78546.79,1776890656000
1776890657.588,257.588,0.48,0.49,0.51,0.52,0.01,0.01,78546.79,1776890656000
1776890658.079,258.079,0.5,0.51,0.49,0.5,0.01,0.01,78546.79,1776890656000
1776890658.458,258.458,0.5,0.51,0.49,0.5,0.01,0.01,78547.35,1776890657000
1776890658.844,258.844,0.48,0.49,0.49,0.52,0.01,0.03,78547.35,1776890657000
1776890659.268,259.268,0.49,0.5,0.5,0.51,0.01,0.01,78547.35,1776890657000
1776890659.668,259.668,0.49,0.51,0.49,0.51,0.02,0.02,78547.35,1776890657000
1776890660.625,260.625,0.49,0.5,0.5,0.51,0.01,0.01,78548.04,1776890659000
1776890660.986,260.986,0.5,0.51,0.49,0.5,0.01,0.01,78548.19,1776890660000
1776890661.434,261.434,0.51,0.52,0.49,0.5,0.01,0.01,78548.19,1776890660000
1776890661.812,261.812,0.52,0.53,0.47,0.48,0.01,0.01,78548.19,1776890660000
1776890662.199,262.199,0.52,0.54,0.47,0.48,0.02,0.01,78548.19,1776890660000
1776890662.562,262.562,0.52,0.53,0.47,0.48,0.01,0.01,78548.36,1776890661000
1776890663.035,263.035,0.52,0.53,0.47,0.48,0.01,0.01,78548.36,1776890661000
1776890663.37,263.37,0.15,0.18,0.82,0.85,0.03,0.03,78548.17,1776890662000
1776890663.743,263.743,0.13,0.18,0.82,0.88,0.05,0.06,78548.17,1776890662000
1776890664.098,264.098,0.16,0.17,0.83,0.84,0.01,0.01,78548.17,1776890662000
1776890664.448,264.448,0.18,0.19,0.81,0.82,0.01,0.01,78548.15,1776890663000
1776890664.846,264.846,0.2,0.21,0.8,0.81,0.01,0.01,78548.15,1776890663000
1776890665.201,265.201,0.2,0.21,0.79,0.8,0.01,0.01,78542.94,1776890664000
1776890665.637,265.637,0.2,0.24,0.79,0.8,0.04,0.01,78542.94,1776890664000
1776890666.061,266.061,0.22,0.23,0.77,0.78,0.01,0.01,78542.94,1776890664000
1776890666.437,266.437,0.21,0.22,0.78,0.79,0.01,0.01,78539.27,1776890665000
1776890666.854,266.854,0.21,0.22,0.78,0.79,0.01,0.01,78539.27,1776890665000
1776890667.27,267.27,0.21,0.22,0.75,0.79,0.01,0.04,78539.2,1776890666000
1776890667.656,267.656,0.23,0.25,0.74,0.78,0.02,0.04,78539.2,1776890666000
1776890667.991,267.991,0.24,0.25,0.75,0.76,0.01,0.01,78539.2,1776890666000
1776890668.347,268.347,0.24,0.25,0.75,0.76,0.01,0.01,78539.12,1776890667000
1776890668.702,268.702,0.24,0.25,0.75,0.76,0.01,0.01,78539.12,1776890667000
1776890669.067,269.067,0.24,0.25,0.74,0.76,0.01,0.02,78538.25,1776890668000
1776890669.407,269.407,0.26,0.27,0.73,0.74,0.01,0.01,78538.25,1776890668000
1776890669.743,269.743,0.26,0.27,0.73,0.74,0.01,0.01,78538.25,1776890668000
1776890670.229,270.229,0.26,0.27,0.73,0.74,0.01,0.01,78538.24,1776890669000
1776890670.625,270.625,0.26,0.27,0.73,0.74,0.01,0.01,78538.24,1776890669000
1776890671.03,271.03,0.25,0.26,0.73,0.75,0.01,0.02,78538.24,1776890669000
1776890671.429,271.429,0.23,0.24,0.76,0.77,0.01,0.01,78538.88,1776890670000
1776890671.781,271.781,0.23,0.27,0.76,0.77,0.04,0.01,78538.88,1776890670000
1776890672.143,272.143,0.26,0.27,0.73,0.74,0.01,0.01,78538.88,1776890670000
1776890672.488,272.488,0.22,0.23,0.74,0.78,0.01,0.04,78537.91,1776890671000
1776890672.832,272.832,0.16,0.17,0.82,0.83,0.01,0.01,78537.91,1776890671000
1776890673.174,273.174,0.16,0.17,0.83,0.84,0.01,0.01,78538.94,1776890672000
1776890673.522,273.522,0.16,0.17,0.83,0.84,0.01,0.01,78538.94,1776890672000
1776890673.915,273.915,0.16,0.17,0.83,0.84,0.01,0.01,78538.94,1776890672000
1776890674.328,274.328,0.16,0.17,0.83,0.84,0.01,0.01,78537.86,1776890673000
1776890674.784,274.784,0.16,0.17,0.83,0.84,0.01,0.01,78537.86,1776890673000
1776890675.12,275.12,0.16,0.17,0.83,0.84,0.01,0.01,78537.9,1776890674000
1776890675.618,275.618,0.16,0.17,0.83,0.84,0.01,0.01,78537.9,1776890674000
1776890675.952,275.952,0.12,0.13,0.87,0.88,0.01,0.01,78537.9,1776890674000
1776890676.325,276.325,0.12,0.13,0.87,0.88,0.01,0.01,78537.9,1776890675000
1776890676.711,276.711,0.13,0.14,0.86,0.87,0.01,0.01,78537.9,1776890675000
1776890677.057,277.057,0.13,0.14,0.86,0.87,0.01,0.01,78537.53,1776890676000
1776890677.431,277.431,0.13,0.14,0.86,0.87,0.01,0.01,78537.53,1776890676000
1776890677.766,277.766,0.13,0.14,0.86,0.87,0.01,0.01,78537.53,1776890676000
1776890678.169,278.169,0.13,0.14,0.86,0.87,0.01,0.01,78537.53,1776890677000
1776890678.572,278.572,0.14,0.15,0.85,0.86,0.01,0.01,78537.53,1776890677000
1776890678.923,278.923,0.15,0.16,0.84,0.85,0.01,0.01,78537.53,1776890677000
1776890679.334,279.334,0.12,0.13,0.87,0.88,0.01,0.01,78537.53,1776890678000
1776890679.888,279.888,0.11,0.12,0.87,0.89,0.01,0.02,78537.53,1776890678000
1776890680.298,280.298,0.11,0.12,0.88,0.89,0.01,0.01,78536.63,1776890679000
1776890680.696,280.696,0.11,0.12,0.88,0.89,0.01,0.01,78536.63,1776890679000
1776890681.041,281.041,0.16,0.17,0.83,0.84,0.01,0.01,78536.58,1776890680000
1776890681.568,281.568,0.15,0.16,0.84,0.85,0.01,0.01,78536.58,1776890680000
1776890682.025,282.025,0.12,0.14,0.85,0.86,0.02,0.01,78536.58,1776890680000
1776890682.607,282.607,0.11,0.12,0.84,0.9,0.01,0.06,78536.57,1776890681000
1776890682.962,282.962,0.13,0.14,0.85,0.89,0.01,0.04,78536.57,1776890681000
1776890683.312,283.312,0.13,0.18,0.86,0.87,0.05,0.01,78536.52,1776890682000
1776890683.652,283.652,0.17,0.18,0.82,0.83,0.01,0.01,78536.52,1776890682000
1776890683.992,283.992,0.17,0.19,0.81,0.83,0.02,0.02,78536.52,1776890683000
1776890684.379,284.379,0.16,0.17,0.83,0.85,0.01,0.02,78536.52,1776890683000
1776890684.743,284.743,0.16,0.17,0.83,0.84,0.01,0.01,78536.52,1776890683000
1776890685.181,285.181,0.15,0.16,0.83,0.87,0.01,0.04,78536.52,1776890683000
1776890685.532,285.532,0.14,0.15,0.85,0.86,0.01,0.01,78537.41,1776890684000
1776890685.999,285.999,0.15,0.16,0.83,0.86,0.01,0.03,78537.41,1776890684000
1776890686.332,286.332,0.15,0.16,0.84,0.85,0.01,0.01,78538.18,1776890685000
1776890686.689,286.689,0.15,0.16,0.84,0.85,0.01,0.01,78538.18,1776890685000
1776890687.034,287.034,0.15,0.16,0.84,0.85,0.01,0.01,78538.18,1776890685000
1776890687.472,287.472,0.21,0.24,0.78,0.8,0.03,0.02,78538.64,1776890686000
1776890687.899,287.899,0.22,0.25,0.77,0.92,0.03,0.15,78538.64,1776890686000
1776890688.236,288.236,0.48,0.5,0.5,0.52,0.02,0.02,78538.88,1776890687000
1776890688.569,288.569,0.52,0.53,0.47,0.48,0.01,0.01,78538.88,1776890687000
1776890688.925,288.925,0.5,0.51,0.48,0.49,0.01,0.01,78538.88,1776890687000
1776890689.305,289.305,0.51,0.52,0.48,0.49,0.01,0.01,78540.13,1776890688000
1776890689.665,289.665,0.5,0.51,0.49,0.5,0.01,0.01,78540.13,1776890688000
1776890690.418,290.418,0.32,0.33,0.67,0.68,0.01,0.01,78545.53,1776890689000
1776890690.806,290.806,0.32,0.33,0.67,0.68,0.01,0.01,78545.53,1776890689000
1776890691.164,291.164,0.32,0.33,0.67,0.68,0.01,0.01,78545.53,1776890690000
1776890691.507,291.507,0.32,0.33,0.67,0.68,0.01,0.01,78545.53,1776890690000
1776890692.004,292.004,0.32,0.33,0.67,0.68,0.01,0.01,78545.53,1776890690000
1776890692.34,292.34,0.05,0.08,0.92,0.95,0.03,0.03,78546.4,1776890691000
1776890692.691,292.691,0.04,0.05,0.95,0.96,0.01,0.01,78546.4,1776890691000
1776890693.035,293.035,0.04,0.05,0.95,0.96,0.01,0.01,78546.4,1776890691000
1776890693.4,293.4,0.04,0.05,0.95,0.96,0.01,0.01,78545.12,1776890692000
1776890693.749,293.749,0.04,0.05,0.95,0.96,0.01,0.01,78545.12,1776890692000
1776890694.086,294.086,0.04,0.05,0.95,0.96,0.01,0.01,78545.12,1776890692000
1776890694.514,294.514,0.04,0.05,0.95,0.96,0.01,0.01,78543.06,1776890693000
1776890694.903,294.903,0.03,0.04,0.96,0.97,0.01,0.01,78543.06,1776890693000
1776890695.295,295.295,0.03,0.04,0.96,0.97,0.01,0.01,78537.49,1776890694000
1776890695.662,295.662,0.03,0.04,0.96,0.97,0.01,0.01,78537.49,1776890694000
1776890696.034,296.034,0.02,0.03,0.97,0.98,0.01,0.01,78537.49,1776890694000
1776890696.368,296.368,0.02,0.03,0.97,0.98,0.01,0.01,78536.03,1776890695000
1776890696.704,296.704,0.02,0.03,0.97,0.98,0.01,0.01,78536.03,1776890695000
1776890697.037,297.037,0.02,0.03,0.97,0.98,0.01,0.01,78536.03,1776890695000
1776890697.388,297.388,0.01,0.02,0.98,0.99,0.01,0.01,78535.08,1776890696000
1776890697.741,297.741,0.01,0.02,0.98,0.99,0.01,0.01,78535.08,1776890696000
1776890698.106,298.106,0.01,0.02,0.98,0.99,0.01,0.01,78535.08,1776890696000
1776890698.515,298.515,0.01,0.01,0.99,0.99,0.0,0.0,78534.82,1776890697000
1776890699.251,299.251,0.01,0.01,0.99,0.99,0.0,0.0,78534.82,1776890697000
1776890699.8,299.8,0.01,0.01,0.99,0.99,0.0,0.0,78534.91,1776890698000
1776890700.251,300.251,0.01,0.01,0.99,0.99,0.0,0.0,78534.91,1776890698000
1776890701.235,301.235,0.01,0.01,0.99,0.99,0.0,0.0,78534.92,1776890699000
1776890701.758,301.758,0.01,0.01,0.99,0.99,0.0,0.0,78534.94,1776890700000
1776890702.31,302.31,0.01,0.01,0.99,0.99,0.0,0.0,78534.41,1776890701000

# RESULT,winner=Down,slug=btc-updown-5m-1776890400,ticks=641
