timestamp,elapsed_sec,up_bid,up_ask,down_bid,down_ask,up_spread,down_spread,btc_price
1775880600.581,0.581,0.5,0.51,0.49,0.5,0.01,0.01,72957.89
1775880600.923,0.923,0.5,0.51,0.49,0.5,0.01,0.01,72957.89
1775880601.428,1.428,0.5,0.51,0.49,0.5,0.01,0.01,72957.78
1775880601.961,1.961,0.49,0.5,0.49,0.51,0.01,0.02,72957.78
1775880602.674,2.674,0.5,0.51,0.49,0.51,0.01,0.02,72957.78
1775880603.089,3.089,0.5,0.51,0.49,0.5,0.01,0.01,72957.78
1775880603.934,3.934,0.5,0.51,0.49,0.5,0.01,0.01,72957.75
1775880604.41,4.41,0.5,0.51,0.49,0.5,0.01,0.01,72957.74
1775880605.199,5.199,0.5,0.51,0.49,0.5,0.01,0.01,72957.79
1775880605.687,5.687,0.5,0.51,0.49,0.5,0.01,0.01,72957.79
1775880606.033,6.033,0.5,0.51,0.49,0.5,0.01,0.01,72957.79
1775880606.559,6.559,0.5,0.51,0.49,0.5,0.01,0.01,72957.83
1775880606.894,6.894,0.5,0.51,0.49,0.5,0.01,0.01,72957.83
1775880607.245,7.245,0.5,0.51,0.49,0.5,0.01,0.01,72958.13
1775880607.579,7.579,0.5,0.51,0.49,0.5,0.01,0.01,72958.13
1775880607.987,7.987,0.5,0.51,0.49,0.5,0.01,0.01,72958.13
1775880608.364,8.364,0.5,0.51,0.49,0.5,0.01,0.01,72957.99
1775880608.872,8.872,0.5,0.51,0.49,0.5,0.01,0.01,72957.99
1775880609.353,9.353,0.5,0.51,0.49,0.5,0.01,0.01,72957.99
1775880609.719,9.719,0.5,0.51,0.49,0.5,0.01,0.01,72957.99
1775880610.257,10.257,0.5,0.51,0.49,0.5,0.01,0.01,72957.99
1775880610.747,10.747,0.5,0.51,0.49,0.5,0.01,0.01,72957.99
1775880611.484,11.484,0.5,0.51,0.49,0.5,0.01,0.01,72957.99
1775880612.017,12.017,0.5,0.51,0.49,0.5,0.01,0.01,72957.96
1775880612.641,12.641,0.5,0.51,0.49,0.5,0.01,0.01,72957.96
1775880613.219,13.219,0.5,0.51,0.49,0.5,0.01,0.01,72958.02
1775880613.696,13.696,0.5,0.51,0.49,0.5,0.01,0.01,72957.94
1775880614.149,14.149,0.51,0.52,0.48,0.49,0.01,0.01,72957.94
1775880614.553,14.553,0.51,0.52,0.48,0.49,0.01,0.01,72957.94
1775880615.083,15.083,0.51,0.52,0.48,0.49,0.01,0.01,72957.94
1775880615.42,15.42,0.51,0.52,0.48,0.49,0.01,0.01,72958.08
1775880615.9,15.9,0.51,0.52,0.48,0.49,0.01,0.01,72958.08
1775880616.325,16.325,0.51,0.52,0.48,0.49,0.01,0.01,72958.34
1775880616.801,16.801,0.51,0.52,0.48,0.49,0.01,0.01,72958.34
1775880617.161,17.161,0.5,0.52,0.48,0.49,0.02,0.01,72958.34
1775880617.662,17.662,0.5,0.51,0.49,0.5,0.01,0.01,72958.85
1775880618.427,18.427,0.5,0.51,0.49,0.5,0.01,0.01,72958.85
1775880619.053,19.053,0.5,0.51,0.49,0.5,0.01,0.01,72958.85
1775880619.632,19.632,0.5,0.51,0.49,0.5,0.01,0.01,72958.84
1775880620.245,20.245,0.5,0.51,0.49,0.5,0.01,0.01,72958.84
1775880620.817,20.817,0.5,0.51,0.49,0.5,0.01,0.01,72958.86
1775880621.183,21.183,0.51,0.52,0.48,0.49,0.01,0.01,72958.84
1775880621.598,21.598,0.52,0.53,0.47,0.49,0.01,0.02,72958.84
1775880622.018,22.018,0.51,0.53,0.47,0.48,0.02,0.01,72958.84
1775880622.486,22.486,0.52,0.53,0.48,0.49,0.01,0.01,72958.85
1775880622.963,22.963,0.52,0.53,0.47,0.48,0.01,0.01,72958.85
1775880623.453,23.453,0.52,0.53,0.47,0.48,0.01,0.01,72958.85
1775880623.926,23.926,0.51,0.52,0.48,0.49,0.01,0.01,72958.82
1775880624.402,24.402,0.51,0.52,0.48,0.49,0.01,0.01,72958.84
1775880624.773,24.773,0.52,0.53,0.47,0.49,0.01,0.02,72958.84
1775880625.157,25.157,0.53,0.54,0.46,0.47,0.01,0.01,72958.84
1775880625.5,25.5,0.54,0.55,0.45,0.47,0.01,0.02,72958.83
1775880625.945,25.945,0.54,0.55,0.45,0.46,0.01,0.01,72958.83
1775880626.449,26.449,0.54,0.55,0.45,0.46,0.01,0.01,72958.83
1775880626.785,26.785,0.53,0.54,0.45,0.47,0.01,0.02,72958.83
1775880627.157,27.157,0.53,0.55,0.46,0.47,0.02,0.01,72958.83
1775880627.505,27.505,0.53,0.55,0.44,0.46,0.02,0.02,72958.83
1775880627.993,27.993,0.54,0.55,0.45,0.46,0.01,0.01,72959.1
1775880628.357,28.357,0.54,0.55,0.45,0.46,0.01,0.01,72959.1
1775880628.84,28.84,0.54,0.55,0.45,0.46,0.01,0.01,72959.1
1775880629.321,29.321,0.54,0.55,0.45,0.46,0.01,0.01,72959.1
1775880629.829,29.829,0.54,0.55,0.45,0.46,0.01,0.01,72959.3
1775880630.245,30.245,0.53,0.54,0.45,0.46,0.01,0.01,72959.3
1775880630.583,30.583,0.53,0.54,0.46,0.47,0.01,0.01,72959.3
1775880631.254,31.254,0.53,0.54,0.46,0.47,0.01,0.01,72959.3
1775880631.901,31.901,0.53,0.54,0.46,0.47,0.01,0.01,72959.3
1775880632.344,32.344,0.53,0.54,0.46,0.47,0.01,0.01,72959.29
1775880632.807,32.807,0.53,0.54,0.46,0.47,0.01,0.01,72959.29
1775880633.259,33.259,0.53,0.54,0.46,0.47,0.01,0.01,72959.29
1775880633.716,33.716,0.54,0.55,0.45,0.46,0.01,0.01,72959.18
1775880634.137,34.137,0.54,0.56,0.45,0.46,0.02,0.01,72959.18
1775880634.558,34.558,0.55,0.56,0.44,0.45,0.01,0.01,72959.18
1775880634.956,34.956,0.55,0.56,0.44,0.45,0.01,0.01,72959.18
1775880635.454,35.454,0.55,0.56,0.44,0.45,0.01,0.01,72959.3
1775880635.928,35.928,0.55,0.57,0.44,0.45,0.02,0.01,72959.3
1775880636.312,36.312,0.56,0.57,0.43,0.44,0.01,0.01,72959.6
1775880637.726,37.726,0.56,0.57,0.43,0.44,0.01,0.01,72959.63
1775880638.127,38.127,0.56,0.57,0.43,0.44,0.01,0.01,72959.63
1775880638.646,38.646,0.56,0.57,0.43,0.44,0.01,0.01,72959.76
1775880639.165,39.165,0.56,0.57,0.43,0.44,0.01,0.01,72959.76
1775880639.94,39.94,0.56,0.57,0.43,0.44,0.01,0.01,72959.76
1775880640.705,40.705,0.56,0.57,0.43,0.44,0.01,0.01,72959.87
1775880641.038,41.038,0.56,0.57,0.43,0.44,0.01,0.01,72959.87
1775880641.742,41.742,0.56,0.57,0.43,0.44,0.01,0.01,72959.96
1775880643.106,43.106,0.56,0.57,0.43,0.44,0.01,0.01,72960.39
1775880643.884,43.884,0.56,0.57,0.43,0.44,0.01,0.01,72960.37
1775880644.299,44.299,0.58,0.59,0.41,0.42,0.01,0.01,72960.37
1775880644.648,44.648,0.59,0.6,0.4,0.41,0.01,0.01,72960.37
1775880645.199,45.199,0.59,0.6,0.41,0.42,0.01,0.01,72960.19
1775880645.707,45.707,0.58,0.59,0.41,0.42,0.01,0.01,72960.19
1775880646.116,46.116,0.54,0.55,0.42,0.43,0.01,0.01,72960.19
1775880646.557,46.557,0.54,0.55,0.45,0.46,0.01,0.01,72960.64
1775880646.923,46.923,0.53,0.54,0.46,0.47,0.01,0.01,72960.64
1775880647.541,47.541,0.53,0.54,0.46,0.47,0.01,0.01,72961.26
1775880647.931,47.931,0.52,0.53,0.47,0.48,0.01,0.01,72961.26
1775880648.304,48.304,0.52,0.53,0.47,0.48,0.01,0.01,72961.3
1775880648.881,48.881,0.51,0.53,0.47,0.48,0.02,0.01,72961.3
1775880649.335,49.335,0.51,0.52,0.48,0.49,0.01,0.01,72961.3
1775880649.824,49.824,0.53,0.54,0.46,0.48,0.01,0.02,72961.3
1775880650.548,50.548,0.53,0.54,0.46,0.47,0.01,0.01,72961.54
1775880650.994,50.994,0.53,0.54,0.46,0.47,0.01,0.01,72961.54
1775880651.697,51.697,0.53,0.54,0.45,0.47,0.01,0.02,72961.54
1775880652.076,52.076,0.53,0.54,0.46,0.47,0.01,0.01,72961.36
1775880652.438,52.438,0.53,0.54,0.46,0.47,0.01,0.01,72961.36
1775880652.793,52.793,0.53,0.54,0.46,0.47,0.01,0.01,72961.36
1775880653.137,53.137,0.52,0.54,0.47,0.48,0.02,0.01,72961.36
1775880653.512,53.512,0.54,0.55,0.45,0.46,0.01,0.01,72961.36
1775880653.847,53.847,0.52,0.53,0.47,0.48,0.01,0.01,72961.26
1775880654.199,54.199,0.51,0.52,0.48,0.49,0.01,0.01,72961.26
1775880654.542,54.542,0.51,0.52,0.48,0.49,0.01,0.01,72961.26
1775880654.878,54.878,0.5,0.52,0.48,0.5,0.02,0.02,72961.26
1775880655.242,55.242,0.51,0.52,0.46,0.48,0.01,0.02,72961.77
1775880655.576,55.576,0.52,0.53,0.47,0.48,0.01,0.01,72961.77
1775880655.928,55.928,0.52,0.53,0.47,0.48,0.01,0.01,72961.77
1775880656.269,56.269,0.51,0.52,0.48,0.49,0.01,0.01,72963.68
1775880656.874,56.874,0.51,0.52,0.47,0.48,0.01,0.01,72963.68
1775880657.243,57.243,0.51,0.52,0.48,0.49,0.01,0.01,72963.68
1775880657.689,57.689,0.51,0.52,0.48,0.49,0.01,0.01,72963.68
1775880658.026,58.026,0.51,0.52,0.48,0.49,0.01,0.01,72963.68
1775880658.427,58.427,0.51,0.52,0.48,0.49,0.01,0.01,72963.56
1775880658.931,58.931,0.51,0.52,0.48,0.49,0.01,0.01,72963.56
1775880659.536,59.536,0.51,0.52,0.48,0.49,0.01,0.01,72963.56
1775880660.142,60.142,0.51,0.52,0.48,0.49,0.01,0.01,72963.41
1775880660.711,60.711,0.51,0.52,0.48,0.49,0.01,0.01,72963.41
1775880661.241,61.241,0.52,0.53,0.47,0.49,0.01,0.02,72963.4
1775880661.58,61.58,0.52,0.53,0.47,0.48,0.01,0.01,72963.4
1775880661.915,61.915,0.52,0.53,0.47,0.48,0.01,0.01,72963.4
1775880662.259,62.259,0.52,0.53,0.47,0.48,0.01,0.01,72963.4
1775880662.74,62.74,0.52,0.54,0.46,0.48,0.02,0.02,72963.39
1775880663.134,63.134,0.52,0.54,0.47,0.48,0.02,0.01,72963.39
1775880663.574,63.574,0.53,0.54,0.46,0.47,0.01,0.01,72963.39
1775880664.494,64.494,0.53,0.54,0.46,0.47,0.01,0.01,72963.39
1775880665.199,65.199,0.53,0.54,0.46,0.47,0.01,0.01,72963.54
1775880666.25,66.25,0.53,0.54,0.46,0.47,0.01,0.01,72963.59
1775880666.828,66.828,0.53,0.54,0.46,0.47,0.01,0.01,72963.59
1775880667.364,67.364,0.53,0.54,0.46,0.47,0.01,0.01,72963.91
1775880667.862,67.862,0.53,0.54,0.46,0.47,0.01,0.01,72963.91
1775880668.38,68.38,0.53,0.54,0.46,0.47,0.01,0.01,72963.91
1775880668.854,68.854,0.53,0.54,0.46,0.47,0.01,0.01,72963.91
1775880669.397,69.397,0.53,0.54,0.46,0.47,0.01,0.01,72963.79
1775880669.86,69.86,0.53,0.54,0.46,0.47,0.01,0.01,72963.79
1775880670.221,70.221,0.53,0.54,0.46,0.47,0.01,0.01,72963.48
1775880670.81,70.81,0.54,0.55,0.45,0.46,0.01,0.01,72963.48
1775880671.249,71.249,0.54,0.55,0.45,0.46,0.01,0.01,72963.22
1775880671.642,71.642,0.54,0.55,0.45,0.46,0.01,0.01,72963.22
1775880672.293,72.293,0.53,0.54,0.45,0.46,0.01,0.01,72963.22
1775880672.711,72.711,0.53,0.54,0.46,0.47,0.01,0.01,72963.22
1775880673.177,73.177,0.53,0.54,0.46,0.47,0.01,0.01,72963.22
1775880673.728,73.728,0.53,0.54,0.46,0.47,0.01,0.01,72963.22
1775880674.373,74.373,0.53,0.54,0.46,0.47,0.01,0.01,72963.22
1775880674.756,74.756,0.53,0.54,0.46,0.47,0.01,0.01,72963.22
1775880675.334,75.334,0.52,0.53,0.46,0.47,0.01,0.01,72963.45
1775880675.806,75.806,0.52,0.53,0.47,0.48,0.01,0.01,72963.45
1775880676.162,76.162,0.52,0.53,0.47,0.48,0.01,0.01,72963.45
1775880676.95,76.95,0.52,0.53,0.47,0.48,0.01,0.01,72963.46
1775880677.431,77.431,0.52,0.53,0.47,0.48,0.01,0.01,72963.46
1775880678.173,78.173,0.51,0.52,0.47,0.49,0.01,0.02,72963.46
1775880678.998,78.998,0.51,0.52,0.48,0.49,0.01,0.01,72963.46
1775880679.431,79.431,0.51,0.52,0.48,0.49,0.01,0.01,72963.26
1775880680.931,80.931,0.5,0.52,0.48,0.49,0.02,0.01,72963.26
1775880681.306,81.306,0.45,0.49,0.51,0.54,0.04,0.03,72963.26
1775880681.646,81.646,0.46,0.47,0.53,0.54,0.01,0.01,72963.26
1775880681.995,81.995,0.46,0.47,0.53,0.54,0.01,0.01,72963.26
1775880682.335,82.335,0.46,0.47,0.53,0.54,0.01,0.01,72963.26
1775880683.059,83.059,0.47,0.48,0.52,0.53,0.01,0.01,72963.26
1775880683.945,83.945,0.47,0.48,0.52,0.53,0.01,0.01,72961.57
1775880684.509,84.509,0.47,0.48,0.52,0.53,0.01,0.01,72958.91
1775880685.27,85.27,0.47,0.48,0.52,0.53,0.01,0.01,72957.94
1775880685.774,85.774,0.47,0.48,0.52,0.53,0.01,0.01,72957.94
1775880686.304,86.304,0.47,0.48,0.52,0.53,0.01,0.01,72958.03
1775880687.017,87.017,0.48,0.49,0.51,0.52,0.01,0.01,72958.03
1775880687.379,87.379,0.48,0.49,0.51,0.52,0.01,0.01,72957.76
1775880687.841,87.841,0.48,0.49,0.51,0.52,0.01,0.01,72957.76
1775880688.261,88.261,0.48,0.49,0.51,0.52,0.01,0.01,72958.46
1775880688.633,88.633,0.48,0.49,0.51,0.52,0.01,0.01,72958.46
1775880689.869,89.869,0.47,0.49,0.51,0.52,0.02,0.01,72958.48
1775880690.219,90.219,0.47,0.48,0.51,0.53,0.01,0.02,72958.48
1775880690.654,90.654,0.47,0.48,0.52,0.53,0.01,0.01,72958.48
1775880691.126,91.126,0.47,0.48,0.52,0.53,0.01,0.01,72958.48
1775880691.461,91.461,0.48,0.49,0.51,0.52,0.01,0.01,72958.48
1775880691.906,91.906,0.49,0.5,0.51,0.52,0.01,0.01,72958.48
1775880692.487,92.487,0.48,0.49,0.51,0.52,0.01,0.01,72958.52
1775880692.857,92.857,0.47,0.48,0.52,0.53,0.01,0.01,72958.52
1775880693.194,93.194,0.46,0.47,0.53,0.54,0.01,0.01,72958.52
1775880693.577,93.577,0.46,0.48,0.52,0.53,0.02,0.01,72958.56
1775880693.977,93.977,0.46,0.47,0.53,0.54,0.01,0.01,72958.56
1775880694.431,94.431,0.46,0.48,0.53,0.54,0.02,0.01,72958.56
1775880694.783,94.783,0.46,0.47,0.53,0.54,0.01,0.01,72958.56
1775880695.144,95.144,0.46,0.47,0.53,0.54,0.01,0.01,72958.56
1775880695.484,95.484,0.46,0.47,0.53,0.54,0.01,0.01,72958.57
1775880695.862,95.862,0.46,0.47,0.53,0.54,0.01,0.01,72958.57
1775880696.33,96.33,0.46,0.47,0.53,0.54,0.01,0.01,72958.58
1775880696.838,96.838,0.46,0.47,0.53,0.54,0.01,0.01,72958.58
1775880697.343,97.343,0.46,0.47,0.53,0.54,0.01,0.01,72958.73
1775880697.778,97.778,0.45,0.46,0.54,0.55,0.01,0.01,72958.73
1775880698.22,98.22,0.45,0.46,0.54,0.55,0.01,0.01,72958.73
1775880698.676,98.676,0.45,0.46,0.54,0.55,0.01,0.01,72958.74
1775880699.31,99.31,0.45,0.46,0.54,0.55,0.01,0.01,72958.98
1775880699.916,99.916,0.45,0.46,0.54,0.55,0.01,0.01,72958.98
1775880700.95,100.95,0.46,0.47,0.54,0.55,0.01,0.01,72958.99
1775880701.389,101.389,0.46,0.47,0.53,0.54,0.01,0.01,72958.99
1775880702.285,102.285,0.46,0.47,0.53,0.54,0.01,0.01,72958.99
1775880703.551,103.551,0.46,0.47,0.53,0.54,0.01,0.01,72959.18
1775880704.014,104.014,0.46,0.47,0.53,0.54,0.01,0.01,72959.18
1775880704.681,104.681,0.47,0.48,0.52,0.54,0.01,0.02,72959.46
1775880705.165,105.165,0.47,0.48,0.52,0.53,0.01,0.01,72959.6
1775880705.534,105.534,0.47,0.48,0.52,0.53,0.01,0.01,72959.6
1775880706.066,106.066,0.47,0.48,0.52,0.53,0.01,0.01,72959.6
1775880706.399,106.399,0.49,0.52,0.49,0.51,0.03,0.02,72959.62
1775880706.751,106.751,0.51,0.52,0.48,0.49,0.01,0.01,72959.62
1775880707.1,107.1,0.52,0.53,0.47,0.54,0.01,0.07,72959.62
1775880707.443,107.443,0.52,0.53,0.47,0.48,0.01,0.01,72959.7
1775880707.836,107.836,0.46,0.47,0.48,0.58,0.01,0.1,72959.7
1775880708.196,108.196,0.45,0.46,0.54,0.55,0.01,0.01,72959.9
1775880708.542,108.542,0.44,0.46,0.54,0.55,0.02,0.01,72959.9
1775880708.997,108.997,0.44,0.45,0.55,0.56,0.01,0.01,72959.9
1775880709.394,109.394,0.43,0.44,0.55,0.57,0.01,0.02,72961.89
1775880710.069,110.069,0.43,0.44,0.55,0.56,0.01,0.01,72961.89
1775880710.411,110.411,0.44,0.45,0.55,0.57,0.01,0.02,72962.16
1775880710.785,110.785,0.43,0.44,0.56,0.57,0.01,0.01,72962.16
1775880711.232,111.232,0.44,0.45,0.55,0.57,0.01,0.02,72962.16
1775880711.57,111.57,0.44,0.45,0.55,0.56,0.01,0.01,72962.16
1775880712.077,112.077,0.43,0.44,0.54,0.57,0.01,0.03,72962.16
1775880712.693,112.693,0.45,0.46,0.54,0.57,0.01,0.03,72962.62
1775880713.248,113.248,0.45,0.46,0.54,0.55,0.01,0.01,72962.62
1775880713.676,113.676,0.45,0.46,0.54,0.55,0.01,0.01,72962.63
1775880714.679,114.679,0.46,0.47,0.54,0.55,0.01,0.01,72962.63
1775880715.917,115.917,0.46,0.48,0.53,0.54,0.02,0.01,72962.64
1775880716.331,116.331,0.46,0.48,0.52,0.53,0.02,0.01,72962.26
1775880716.754,116.754,0.46,0.47,0.53,0.54,0.01,0.01,72962.26
1775880717.252,117.252,0.46,0.47,0.53,0.54,0.01,0.01,72962.27
1775880717.641,117.641,0.46,0.47,0.53,0.54,0.01,0.01,72962.27
1775880718.093,118.093,0.46,0.51,0.53,0.54,0.05,0.01,72962.15
1775880718.444,118.444,0.48,0.49,0.51,0.52,0.01,0.01,72962.15
1775880718.828,118.828,0.48,0.49,0.51,0.52,0.01,0.01,72962.15
1775880719.328,119.328,0.48,0.49,0.51,0.52,0.01,0.01,72962.05
1775880719.702,119.702,0.48,0.49,0.51,0.52,0.01,0.01,72962.05
1775880720.05,120.05,0.47,0.48,0.52,0.53,0.01,0.01,72962.05
1775880720.396,120.396,0.47,0.48,0.52,0.53,0.01,0.01,72962.56
1775880720.795,120.795,0.47,0.48,0.51,0.53,0.01,0.02,72962.56
1775880721.37,121.37,0.47,0.48,0.52,0.53,0.01,0.01,72962.56
1775880721.729,121.729,0.47,0.48,0.52,0.53,0.01,0.01,72962.83
1775880722.096,122.096,0.44,0.45,0.54,0.56,0.01,0.02,72962.83
1775880722.454,122.454,0.44,0.45,0.55,0.56,0.01,0.01,72962.84
1775880722.843,122.843,0.44,0.46,0.55,0.56,0.02,0.01,72962.84
1775880723.27,123.27,0.45,0.46,0.54,0.55,0.01,0.01,72962.81
1775880723.631,123.631,0.45,0.46,0.54,0.55,0.01,0.01,72962.81
1775880724.55,124.55,0.46,0.47,0.53,0.55,0.01,0.02,72962.06
1775880725.076,125.076,0.46,0.47,0.53,0.54,0.01,0.01,72962.06
1775880725.624,125.624,0.46,0.47,0.53,0.54,0.01,0.01,72962.0
1775880726.674,126.674,0.46,0.47,0.53,0.54,0.01,0.01,72962.19
1775880727.129,127.129,0.46,0.47,0.53,0.54,0.01,0.01,72962.26
1775880728.122,128.122,0.44,0.45,0.55,0.56,0.01,0.01,72962.19
1775880728.938,128.938,0.44,0.45,0.55,0.56,0.01,0.01,72962.19
1775880729.366,129.366,0.44,0.45,0.55,0.56,0.01,0.01,72962.19
1775880729.734,129.734,0.44,0.45,0.55,0.56,0.01,0.01,72962.19
1775880730.405,130.405,0.44,0.45,0.55,0.56,0.01,0.01,72962.2
1775880730.952,130.952,0.44,0.45,0.55,0.56,0.01,0.01,72962.2
1775880731.314,131.314,0.44,0.5,0.55,0.56,0.06,0.01,72962.24
1775880731.678,131.678,0.45,0.46,0.54,0.55,0.01,0.01,72962.24
1775880732.042,132.042,0.45,0.46,0.54,0.55,0.01,0.01,72962.38
1775880732.631,132.631,0.45,0.47,0.54,0.55,0.02,0.01,72962.38
1775880733.338,133.338,0.45,0.46,0.54,0.55,0.01,0.01,72962.36
1775880733.787,133.787,0.46,0.47,0.54,0.55,0.01,0.01,72962.36
1775880734.823,134.823,0.45,0.46,0.53,0.55,0.01,0.02,72962.31
1775880735.232,135.232,0.41,0.43,0.57,0.58,0.02,0.01,72962.31
1775880735.653,135.653,0.39,0.4,0.57,0.62,0.01,0.05,72962.15
1775880736.008,136.008,0.39,0.4,0.6,0.61,0.01,0.01,72962.06
1775880736.342,136.342,0.41,0.42,0.59,0.6,0.01,0.01,72962.06
1775880736.812,136.812,0.41,0.42,0.58,0.59,0.01,0.01,72962.06
1775880737.254,137.254,0.41,0.42,0.58,0.59,0.01,0.01,72960.52
1775880737.599,137.599,0.4,0.41,0.58,0.6,0.01,0.02,72960.52
1775880737.952,137.952,0.41,0.42,0.58,0.6,0.01,0.02,72960.52
1775880738.328,138.328,0.41,0.42,0.58,0.59,0.01,0.01,72960.43
1775880738.72,138.72,0.41,0.43,0.58,0.59,0.02,0.01,72960.43
1775880739.293,139.293,0.42,0.43,0.57,0.58,0.01,0.01,72960.44
1775880740.081,140.081,0.41,0.42,0.57,0.58,0.01,0.01,72960.44
1775880740.427,140.427,0.4,0.42,0.58,0.59,0.02,0.01,72960.38
1775880740.914,140.914,0.4,0.41,0.58,0.6,0.01,0.02,72960.38
1775880741.378,141.378,0.4,0.42,0.59,0.6,0.02,0.01,72960.17
1775880742.373,142.373,0.41,0.42,0.58,0.6,0.01,0.02,72959.92
1775880742.841,142.841,0.41,0.42,0.58,0.59,0.01,0.01,72959.92
1775880743.421,143.421,0.41,0.42,0.58,0.59,0.01,0.01,72959.85
1775880744.618,144.618,0.41,0.42,0.58,0.59,0.01,0.01,72959.85
1775880745.268,145.268,0.41,0.42,0.58,0.59,0.01,0.01,72959.88
1775880745.755,145.755,0.41,0.42,0.58,0.59,0.01,0.01,72959.88
1775880746.881,146.881,0.41,0.42,0.58,0.59,0.01,0.01,72959.89
1775880747.323,147.323,0.41,0.42,0.58,0.59,0.01,0.01,72959.81
1775880747.705,147.705,0.41,0.42,0.58,0.59,0.01,0.01,72959.81
1775880748.261,148.261,0.41,0.43,0.58,0.59,0.02,0.01,72960.21
1775880748.998,148.998,0.42,0.43,0.57,0.59,0.01,0.02,72960.21
1775880749.516,149.516,0.42,0.43,0.57,0.58,0.01,0.01,72960.85
1775880749.892,149.892,0.42,0.43,0.57,0.58,0.01,0.01,72960.85
1775880750.229,150.229,0.42,0.43,0.57,0.58,0.01,0.01,72960.85
1775880750.767,150.767,0.42,0.43,0.57,0.58,0.01,0.01,72960.85
1775880751.921,151.921,0.42,0.43,0.57,0.58,0.01,0.01,72960.79
1775880752.312,152.312,0.42,0.44,0.57,0.58,0.02,0.01,72960.79
1775880752.839,152.839,0.43,0.46,0.56,0.57,0.03,0.01,72960.79
1775880753.2,153.2,0.44,0.45,0.54,0.57,0.01,0.03,72960.79
1775880753.602,153.602,0.44,0.45,0.55,0.56,0.01,0.01,72960.67
1775880754.332,154.332,0.44,0.45,0.55,0.56,0.01,0.01,72960.67
1775880755.029,155.029,0.44,0.45,0.55,0.56,0.01,0.01,72960.67
1775880756.47,156.47,0.44,0.45,0.55,0.56,0.01,0.01,72959.98
1775880756.959,156.959,0.44,0.45,0.55,0.56,0.01,0.01,72959.98
1775880757.389,157.389,0.43,0.44,0.56,0.57,0.01,0.01,72959.98
1775880758.26,158.26,0.42,0.43,0.56,0.57,0.01,0.01,72960.0
1775880758.617,158.617,0.42,0.43,0.57,0.58,0.01,0.01,72960.0
1775880759.272,159.272,0.42,0.43,0.57,0.58,0.01,0.01,72960.0
1775880759.986,159.986,0.42,0.43,0.57,0.58,0.01,0.01,72959.16
1775880761.427,161.427,0.4,0.43,0.57,0.58,0.03,0.01,72958.66
1775880762.181,162.181,0.4,0.41,0.59,0.62,0.01,0.03,72958.66
1775880762.76,162.76,0.4,0.41,0.59,0.6,0.01,0.01,72958.61
1775880763.124,163.124,0.4,0.41,0.59,0.6,0.01,0.01,72958.61
1775880763.51,163.51,0.39,0.4,0.6,0.61,0.01,0.01,72958.47
1775880763.906,163.906,0.4,0.41,0.6,0.61,0.01,0.01,72958.47
1775880764.282,164.282,0.4,0.41,0.59,0.6,0.01,0.01,72957.71
1775880764.988,164.988,0.4,0.41,0.59,0.6,0.01,0.01,72957.71
1775880765.49,165.49,0.4,0.41,0.59,0.6,0.01,0.01,72957.73
1775880766.57,166.57,0.4,0.41,0.59,0.6,0.01,0.01,72957.73
1775880766.92,166.92,0.2,0.28,0.71,0.76,0.08,0.05,72957.73
1775880767.264,167.264,0.27,0.28,0.72,0.73,0.01,0.01,72957.73
1775880767.648,167.648,0.25,0.27,0.74,0.75,0.02,0.01,72957.63
1775880768.033,168.033,0.29,0.3,0.7,0.72,0.01,0.02,72957.48
1775880768.371,168.371,0.29,0.3,0.7,0.71,0.01,0.01,72957.48
1775880768.717,168.717,0.29,0.3,0.7,0.71,0.01,0.01,72957.48
1775880769.184,169.184,0.29,0.3,0.7,0.71,0.01,0.01,72948.06
1775880769.663,169.663,0.29,0.3,0.7,0.71,0.01,0.01,72948.06
1775880770.027,170.027,0.29,0.3,0.7,0.71,0.01,0.01,72948.06
1775880770.492,170.492,0.29,0.3,0.7,0.71,0.01,0.01,72949.15
1775880770.891,170.891,0.29,0.3,0.7,0.71,0.01,0.01,72949.15
1775880771.275,171.275,0.29,0.3,0.7,0.71,0.01,0.01,72949.15
1775880771.673,171.673,0.28,0.29,0.71,0.72,0.01,0.01,72949.15
1775880772.015,172.015,0.28,0.29,0.71,0.72,0.01,0.01,72949.19
1775880772.368,172.368,0.28,0.29,0.71,0.72,0.01,0.01,72949.19
1775880772.888,172.888,0.27,0.28,0.72,0.73,0.01,0.01,72949.19
1775880773.275,173.275,0.27,0.29,0.72,0.73,0.02,0.01,72949.2
1775880773.662,173.662,0.32,0.33,0.65,0.69,0.01,0.04,72949.2
1775880774.339,174.339,0.33,0.34,0.66,0.67,0.01,0.01,72948.57
1775880774.679,174.679,0.33,0.34,0.66,0.67,0.01,0.01,72948.57
1775880775.152,175.152,0.33,0.34,0.66,0.67,0.01,0.01,72948.57
1775880775.593,175.593,0.33,0.34,0.66,0.67,0.01,0.01,72950.17
1775880776.416,176.416,0.33,0.34,0.66,0.67,0.01,0.01,72951.23
1775880776.796,176.796,0.32,0.33,0.67,0.68,0.01,0.01,72951.23
1775880777.195,177.195,0.32,0.33,0.67,0.68,0.01,0.01,72951.53
1775880777.754,177.754,0.32,0.33,0.67,0.68,0.01,0.01,72951.53
1775880778.105,178.105,0.31,0.34,0.66,0.68,0.03,0.02,72951.52
1775880778.444,178.444,0.32,0.33,0.67,0.68,0.01,0.01,72951.52
1775880778.809,178.809,0.34,0.35,0.65,0.68,0.01,0.03,72951.52
1775880779.197,179.197,0.34,0.35,0.65,0.66,0.01,0.01,72951.52
1775880779.572,179.572,0.34,0.35,0.65,0.66,0.01,0.01,72951.53
1775880780.119,180.119,0.34,0.35,0.65,0.66,0.01,0.01,72951.53
1775880780.507,180.507,0.34,0.35,0.65,0.66,0.01,0.01,72951.53
1775880781.008,181.008,0.34,0.36,0.65,0.66,0.02,0.01,72951.86
1775880781.832,181.832,0.34,0.35,0.65,0.66,0.01,0.01,72951.88
1775880782.338,182.338,0.32,0.34,0.66,0.67,0.02,0.01,72951.83
1775880782.768,182.768,0.32,0.33,0.67,0.68,0.01,0.01,72951.83
1775880783.129,183.129,0.32,0.33,0.67,0.68,0.01,0.01,72951.83
1775880783.893,183.893,0.32,0.33,0.67,0.68,0.01,0.01,72951.82
1775880784.921,184.921,0.31,0.32,0.67,0.69,0.01,0.02,72951.82
1775880785.403,185.403,0.32,0.33,0.67,0.69,0.01,0.02,72951.76
1775880785.748,185.748,0.32,0.33,0.67,0.68,0.01,0.01,72951.76
1775880786.595,186.595,0.32,0.33,0.67,0.68,0.01,0.01,72951.76
1775880786.928,186.928,0.07,0.18,0.82,0.93,0.11,0.11,72951.76
1775880787.264,187.264,0.07,0.14,0.86,0.93,0.07,0.07,72951.77
1775880787.605,187.605,0.08,0.1,0.88,0.91,0.02,0.03,72951.77
1775880787.94,187.94,0.08,0.09,0.9,0.92,0.01,0.02,72951.77
1775880788.307,188.307,0.08,0.09,0.91,0.92,0.01,0.01,72951.77
1775880788.645,188.645,0.09,0.1,0.9,0.91,0.01,0.01,72934.37
1775880789.077,189.077,0.09,0.1,0.9,0.91,0.01,0.01,72934.37
1775880789.414,189.414,0.09,0.1,0.9,0.91,0.01,0.01,72928.08
1775880789.852,189.852,0.07,0.08,0.91,0.93,0.01,0.02,72928.08
1775880790.279,190.279,0.07,0.08,0.92,0.93,0.01,0.01,72927.58
1775880790.621,190.621,0.07,0.08,0.92,0.93,0.01,0.01,72927.58
1775880791.074,191.074,0.07,0.08,0.92,0.93,0.01,0.01,72927.58
1775880791.44,191.44,0.07,0.08,0.92,0.93,0.01,0.01,72927.58
1775880791.835,191.835,0.07,0.08,0.92,0.93,0.01,0.01,72927.57
1775880792.227,192.227,0.06,0.07,0.93,0.94,0.01,0.01,72927.46
1775880792.568,192.568,0.06,0.07,0.93,0.94,0.01,0.01,72927.46
1775880792.987,192.987,0.06,0.07,0.93,0.94,0.01,0.01,72927.46
1775880793.455,193.455,0.06,0.07,0.93,0.94,0.01,0.01,72925.78
1775880793.897,193.897,0.06,0.07,0.91,0.94,0.01,0.03,72925.78
1775880794.273,194.273,0.06,0.07,0.93,0.94,0.01,0.01,72925.18
1775880794.748,194.748,0.06,0.07,0.93,0.94,0.01,0.01,72925.18
1775880795.153,195.153,0.06,0.09,0.93,0.94,0.03,0.01,72925.18
1775880795.671,195.671,0.07,0.08,0.91,0.93,0.01,0.02,72925.06
1775880796.012,196.012,0.08,0.09,0.91,0.92,0.01,0.01,72925.06
1775880796.37,196.37,0.08,0.09,0.91,0.92,0.01,0.01,72924.34
1775880796.822,196.822,0.08,0.09,0.91,0.92,0.01,0.01,72924.34
1775880797.167,197.167,0.07,0.08,0.91,0.93,0.01,0.02,72924.32
1775880797.501,197.501,0.07,0.08,0.92,0.93,0.01,0.01,72924.32
1775880798.067,198.067,0.07,0.09,0.92,0.93,0.02,0.01,72924.32
1775880798.421,198.421,0.08,0.09,0.91,0.92,0.01,0.01,72923.82
1775880799.063,199.063,0.07,0.1,0.91,0.92,0.03,0.01,72923.82
1775880799.556,199.556,0.07,0.08,0.92,0.93,0.01,0.01,72924.03
1775880799.959,199.959,0.07,0.08,0.92,0.93,0.01,0.01,72924.03
1775880800.328,200.328,0.07,0.1,0.92,0.93,0.03,0.01,72923.43
1775880800.761,200.761,0.08,0.09,0.91,0.92,0.01,0.01,72923.43
1775880801.343,201.343,0.07,0.09,0.91,0.92,0.02,0.01,72923.43
1775880801.721,201.721,0.08,0.09,0.91,0.93,0.01,0.02,72923.43
1775880802.232,202.232,0.08,0.09,0.91,0.92,0.01,0.01,72923.44
1775880802.764,202.764,0.08,0.09,0.91,0.92,0.01,0.01,72923.44
1775880803.302,203.302,0.08,0.09,0.91,0.92,0.01,0.01,72923.49
1775880803.675,203.675,0.08,0.11,0.91,0.92,0.03,0.01,72923.49
1775880804.104,204.104,0.08,0.09,0.91,0.93,0.01,0.02,72923.49
1775880804.569,204.569,0.08,0.09,0.91,0.92,0.01,0.01,72923.49
1775880804.903,204.903,0.08,0.09,0.91,0.92,0.01,0.01,72923.49
1775880805.244,205.244,0.08,0.09,0.91,0.92,0.01,0.01,72922.93
1775880805.602,205.602,0.1,0.11,0.77,0.92,0.01,0.15,72922.93
1775880805.958,205.958,0.1,0.11,0.89,0.9,0.01,0.01,72922.93
1775880806.309,206.309,0.16,0.17,0.83,0.84,0.01,0.01,72923.47
1775880806.646,206.646,0.16,0.17,0.83,0.84,0.01,0.01,72923.47
1775880807.003,207.003,0.19,0.22,0.79,0.81,0.03,0.02,72923.47
1775880807.348,207.348,0.21,0.22,0.77,0.8,0.01,0.03,72923.47
1775880807.721,207.721,0.16,0.23,0.77,0.79,0.07,0.02,72923.48
1775880808.06,208.06,0.08,0.1,0.9,0.92,0.02,0.02,72923.48
1775880808.394,208.394,0.05,0.06,0.94,0.95,0.01,0.01,72923.34
1775880808.745,208.745,0.05,0.06,0.94,0.95,0.01,0.01,72923.34
1775880809.08,209.08,0.05,0.06,0.94,0.95,0.01,0.01,72923.34
1775880809.427,209.427,0.05,0.06,0.94,0.96,0.01,0.02,72920.94
1775880809.79,209.79,0.04,0.05,0.94,0.96,0.01,0.02,72920.94
1775880810.148,210.148,0.04,0.05,0.95,0.96,0.01,0.01,72892.31
1775880810.482,210.482,0.04,0.06,0.94,0.96,0.02,0.02,72892.31
1775880810.846,210.846,0.05,0.06,0.94,0.95,0.01,0.01,72892.31
1775880811.183,211.183,0.05,0.06,0.94,0.95,0.01,0.01,72892.31
1775880811.524,211.524,0.05,0.06,0.94,0.95,0.01,0.01,72870.63
1775880811.868,211.868,0.04,0.05,0.95,0.96,0.01,0.01,72870.63
1775880812.201,212.201,0.04,0.05,0.95,0.96,0.01,0.01,72870.63
1775880812.558,212.558,0.04,0.05,0.95,0.96,0.01,0.01,72871.16
1775880812.94,212.94,0.04,0.05,0.95,0.96,0.01,0.01,72871.16
1775880813.376,213.376,0.03,0.04,0.95,0.97,0.01,0.02,72871.16
1775880813.8,213.8,0.03,0.04,0.96,0.97,0.01,0.01,72871.12
1775880814.163,214.163,0.03,0.04,0.96,0.97,0.01,0.01,72871.12
1775880814.531,214.531,0.04,0.05,0.95,0.97,0.01,0.02,72871.02
1775880814.904,214.904,0.05,0.06,0.94,0.95,0.01,0.01,72871.02
1775880815.369,215.369,0.05,0.06,0.94,0.95,0.01,0.01,72871.02
1775880815.743,215.743,0.05,0.06,0.94,0.95,0.01,0.01,72870.73
1775880816.208,216.208,0.05,0.06,0.94,0.95,0.01,0.01,72870.73
1775880816.547,216.547,0.05,0.06,0.94,0.95,0.01,0.01,72866.99
1775880816.905,216.905,0.05,0.06,0.94,0.95,0.01,0.01,72866.99
1775880817.287,217.287,0.04,0.05,0.95,0.96,0.01,0.01,72866.99
1775880817.62,217.62,0.04,0.05,0.95,0.96,0.01,0.01,72864.08
1775880818.003,218.003,0.05,0.06,0.94,0.95,0.01,0.01,72864.08
1775880818.342,218.342,0.05,0.06,0.94,0.95,0.01,0.01,72864.08
1775880818.839,218.839,0.03,0.05,0.95,0.96,0.02,0.01,72864.08
1775880819.305,219.305,0.03,0.04,0.96,0.97,0.01,0.01,72864.08
1775880819.644,219.644,0.03,0.04,0.96,0.97,0.01,0.01,72864.29
1775880820.17,220.17,0.03,0.04,0.96,0.97,0.01,0.01,72864.77
1775880820.943,220.943,0.03,0.04,0.96,0.97,0.01,0.01,72864.77
1775880821.382,221.382,0.03,0.04,0.96,0.97,0.01,0.01,72864.77
1775880821.76,221.76,0.03,0.04,0.96,0.97,0.01,0.01,72865.26
1775880822.158,222.158,0.03,0.04,0.96,0.97,0.01,0.01,72865.26
1775880822.654,222.654,0.03,0.04,0.96,0.97,0.01,0.01,72865.28
1775880823.341,223.341,0.03,0.04,0.96,0.97,0.01,0.01,72865.28
1775880823.676,223.676,0.03,0.04,0.96,0.97,0.01,0.01,72865.28
1775880824.124,224.124,0.03,0.04,0.96,0.97,0.01,0.01,72865.28
1775880824.69,224.69,0.03,0.04,0.96,0.97,0.01,0.01,72865.21
1775880825.156,225.156,0.03,0.04,0.96,0.97,0.01,0.01,72865.21
1775880825.682,225.682,0.03,0.04,0.96,0.97,0.01,0.01,72865.28
1775880826.151,226.151,0.03,0.04,0.96,0.97,0.01,0.01,72865.28
1775880826.706,226.706,0.04,0.05,0.95,0.96,0.01,0.01,72865.29
1775880827.192,227.192,0.03,0.04,0.96,0.97,0.01,0.01,72865.29
1775880827.579,227.579,0.03,0.04,0.96,0.97,0.01,0.01,72865.81
1775880828.224,228.224,0.03,0.04,0.96,0.97,0.01,0.01,72865.81
1775880828.588,228.588,0.03,0.04,0.96,0.97,0.01,0.01,72865.81
1775880829.018,229.018,0.03,0.04,0.96,0.97,0.01,0.01,72865.81
1775880829.958,229.958,0.03,0.04,0.96,0.97,0.01,0.01,72865.77
1775880830.481,230.481,0.03,0.04,0.96,0.97,0.01,0.01,72865.74
1775880830.888,230.888,0.03,0.04,0.96,0.97,0.01,0.01,72865.74
1775880831.539,231.539,0.03,0.04,0.96,0.97,0.01,0.01,72865.74
1775880832.079,232.079,0.03,0.04,0.96,0.97,0.01,0.01,72865.5
1775880832.793,232.793,0.03,0.04,0.96,0.97,0.01,0.01,72865.36
1775880833.159,233.159,0.03,0.04,0.96,0.97,0.01,0.01,72865.36
1775880833.747,233.747,0.03,0.04,0.96,0.97,0.01,0.01,72865.38
1775880834.176,234.176,0.03,0.04,0.96,0.97,0.01,0.01,72865.38
1775880834.578,234.578,0.03,0.04,0.96,0.97,0.01,0.01,72865.38
1775880834.924,234.924,0.03,0.04,0.96,0.97,0.01,0.01,72865.38
1775880835.327,235.327,0.03,0.04,0.96,0.97,0.01,0.01,72865.38
1775880835.691,235.691,0.03,0.04,0.96,0.97,0.01,0.01,72865.94
1775880836.286,236.286,0.03,0.04,0.96,0.97,0.01,0.01,72865.88
1775880836.64,236.64,0.03,0.04,0.96,0.97,0.01,0.01,72865.88
1775880837.511,237.511,0.03,0.04,0.96,0.97,0.01,0.01,72865.88
1775880837.935,237.935,0.02,0.03,0.97,0.98,0.01,0.01,72865.88
1775880838.293,238.293,0.02,0.03,0.97,0.98,0.01,0.01,72865.9
1775880838.864,238.864,0.02,0.03,0.97,0.98,0.01,0.01,72865.9
1775880839.241,239.241,0.02,0.03,0.97,0.98,0.01,0.01,72865.9
1775880839.784,239.784,0.02,0.03,0.97,0.98,0.01,0.01,72865.93
1775880840.307,240.307,0.02,0.03,0.97,0.98,0.01,0.01,72865.93
1775880840.681,240.681,0.02,0.03,0.97,0.98,0.01,0.01,72865.9
1775880841.02,241.02,0.02,0.03,0.97,0.98,0.01,0.01,72865.9
1775880841.465,241.465,0.02,0.03,0.97,0.98,0.01,0.01,72865.9
1775880841.832,241.832,0.02,0.03,0.97,0.98,0.01,0.01,72865.9
1775880842.187,242.187,0.02,0.03,0.97,0.98,0.01,0.01,72862.98
1775880842.53,242.53,0.02,0.03,0.97,0.98,0.01,0.01,72862.98
1775880842.934,242.934,0.02,0.03,0.97,0.98,0.01,0.01,72862.98
1775880843.267,243.267,0.02,0.03,0.97,0.98,0.01,0.01,72862.98
1775880843.647,243.647,0.02,0.03,0.97,0.98,0.01,0.01,72861.17
1775880844.119,244.119,0.02,0.03,0.97,0.98,0.01,0.01,72861.17
1775880844.639,244.639,0.02,0.03,0.97,0.98,0.01,0.01,72857.93
1775880844.98,244.98,0.02,0.03,0.97,0.98,0.01,0.01,72857.93
1775880845.448,245.448,0.02,0.03,0.97,0.98,0.01,0.01,72856.76
1775880845.949,245.949,0.02,0.03,0.97,0.98,0.01,0.01,72856.76
1775880846.293,246.293,0.01,0.03,0.97,0.98,0.02,0.01,72856.24
1775880846.636,246.636,0.01,0.02,0.98,0.99,0.01,0.01,72856.24
1775880847.13,247.13,0.01,0.02,0.98,0.99,0.01,0.01,72856.16
1775880847.588,247.588,0.01,0.02,0.98,0.99,0.01,0.01,72856.16
1775880848.0,248.0,0.01,0.02,0.98,0.99,0.01,0.01,72856.16
1775880848.654,248.654,0.01,0.02,0.98,0.99,0.01,0.01,72856.23
1775880849.125,249.125,0.01,0.02,0.98,0.99,0.01,0.01,72856.23
1775880849.596,249.596,0.01,0.02,0.98,0.99,0.01,0.01,72860.92
1775880850.296,250.296,0.01,0.02,0.98,0.99,0.01,0.01,72860.92
1775880850.64,250.64,0.01,0.02,0.98,0.99,0.01,0.01,72860.81
1775880851.52,251.52,0.01,0.02,0.98,0.99,0.01,0.01,72860.53
1775880851.938,251.938,0.01,0.02,0.98,0.99,0.01,0.01,72860.53
1775880852.406,252.406,0.01,0.02,0.98,0.99,0.01,0.01,72860.48
1775880852.868,252.868,0.01,0.02,0.98,0.99,0.01,0.01,72860.48
1775880853.331,253.331,0.01,0.02,0.98,0.99,0.01,0.01,72860.87
1775880853.701,253.701,0.01,0.02,0.98,0.99,0.01,0.01,72860.87
1775880854.305,254.305,0.01,0.02,0.98,0.99,0.01,0.01,72860.87
1775880854.854,254.854,0.01,0.02,0.98,0.99,0.01,0.01,72860.78
1775880855.329,255.329,0.01,0.02,0.98,0.99,0.01,0.01,72860.79
1775880855.667,255.667,0.01,0.02,0.98,0.99,0.01,0.01,72860.79
1775880856.04,256.04,0.01,0.02,0.98,0.99,0.01,0.01,72860.79
1775880856.458,256.458,0.01,0.02,0.98,0.99,0.01,0.01,72860.73
1775880857.225,257.225,0.01,0.02,0.98,0.99,0.01,0.01,72860.73
1775880857.668,257.668,0.01,0.02,0.98,0.99,0.01,0.01,72860.58
1775880858.102,258.102,0.01,0.02,0.98,0.99,0.01,0.01,72860.58
1775880858.492,258.492,0.01,0.02,0.98,0.99,0.01,0.01,72860.14
1775880858.887,258.887,0.01,0.02,0.98,0.99,0.01,0.01,72860.14
1775880859.906,259.906,0.01,0.02,0.98,0.99,0.01,0.01,72860.36
1775880860.322,260.322,0.01,0.02,0.98,0.99,0.01,0.01,72860.36
1775880860.696,260.696,0.01,0.02,0.98,0.99,0.01,0.01,72860.25
1775880861.338,261.338,0.01,0.02,0.98,0.99,0.01,0.01,72860.15
1775880861.709,261.709,0.01,0.02,0.98,0.99,0.01,0.01,72860.15
1775880862.351,262.351,0.01,0.02,0.98,0.99,0.01,0.01,72860.15
1775880862.726,262.726,0.01,0.02,0.98,0.99,0.01,0.01,72860.15
1775880863.176,263.176,0.01,0.02,0.98,0.99,0.01,0.01,72860.09
1775880864.046,264.046,0.01,0.02,0.98,0.99,0.01,0.01,72862.17
1775880864.384,264.384,0.01,0.02,0.98,0.99,0.01,0.01,72862.17
1775880864.738,264.738,0.01,0.02,0.98,0.99,0.01,0.01,72862.17
1775880865.143,265.143,0.01,0.02,0.98,0.99,0.01,0.01,72862.41
1775880865.497,265.497,0.01,0.02,0.98,0.99,0.01,0.01,72862.41
1775880865.871,265.871,0.01,0.02,0.98,0.99,0.01,0.01,72862.41
1775880866.257,266.257,0.01,0.02,0.98,0.99,0.01,0.01,72862.04
1775880866.659,266.659,0.01,0.02,0.98,0.99,0.01,0.01,72862.04
1775880867.238,267.238,0.01,0.02,0.98,0.99,0.01,0.01,72862.05
1775880867.625,267.625,0.01,0.02,0.98,0.99,0.01,0.01,72862.05
1775880867.97,267.97,0.01,0.02,0.98,0.99,0.01,0.01,72862.05
1775880868.418,268.418,0.01,0.02,0.98,0.99,0.01,0.01,72862.04
1775880868.805,268.805,0.01,0.02,0.98,0.99,0.01,0.01,72862.04
1775880869.157,269.157,0.01,0.02,0.98,0.99,0.01,0.01,72862.04
1775880869.507,269.507,0.01,0.02,0.98,0.99,0.01,0.01,72862.04
1775880869.967,269.967,0.01,0.02,0.98,0.99,0.01,0.01,72862.04
1775880870.323,270.323,0.01,0.02,0.98,0.99,0.01,0.01,72862.05
1775880870.759,270.759,0.01,0.01,0.99,0.99,0.0,0.0,72862.05
1775880871.098,271.098,0.01,0.01,0.99,0.99,0.0,0.0,72862.05
1775880871.681,271.681,0.01,0.01,0.99,0.99,0.0,0.0,72862.0
1775880872.121,272.121,0.01,0.01,0.99,0.99,0.0,0.0,72862.0
1775880872.801,272.801,0.01,0.01,0.99,0.99,0.0,0.0,72862.23
1775880873.321,273.321,0.01,0.01,0.99,0.99,0.0,0.0,72862.25
1775880873.662,273.662,0.01,0.01,0.99,0.99,0.0,0.0,72862.25
1775880874.309,274.309,0.01,0.01,0.99,0.99,0.0,0.0,72862.25
1775880874.71,274.71,0.01,0.01,0.99,0.99,0.0,0.0,72862.25
1775880875.291,275.291,0.01,0.01,0.99,0.99,0.0,0.0,72862.25
1775880875.626,275.626,0.01,0.01,0.99,0.99,0.0,0.0,72862.25
1775880877.235,277.235,0.01,0.01,0.99,0.99,0.0,0.0,72862.25
1775880879.521,279.521,0.01,0.01,0.99,0.99,0.0,0.0,72862.29
1775880880.502,280.502,0.01,0.01,0.99,0.99,0.0,0.0,72862.3
1775880881.546,281.546,0.01,0.01,0.99,0.99,0.0,0.0,72868.97
1775880881.962,281.962,0.01,0.01,0.99,0.99,0.0,0.0,72868.97
1775880882.5,282.5,0.01,0.01,0.99,0.99,0.0,0.0,72869.01
1775880883.002,283.002,0.01,0.01,0.99,0.99,0.0,0.0,72869.01
1775880883.42,283.42,0.01,0.01,0.99,0.99,0.0,0.0,72869.31
1775880883.875,283.875,0.01,0.01,0.99,0.99,0.0,0.0,72869.18
1775880884.264,284.264,0.01,0.01,0.99,0.99,0.0,0.0,72869.18
1775880885.78,285.78,0.01,0.01,0.99,0.99,0.0,0.0,72869.16
1775880886.542,286.542,0.01,0.01,0.99,0.99,0.0,0.0,72869.83
1775880889.097,289.097,0.01,0.01,0.99,0.99,0.0,0.0,72870.19
1775880890.253,290.253,0.01,0.01,0.99,0.99,0.0,0.0,72870.17
1775880890.832,290.832,0.01,0.01,0.99,0.99,0.0,0.0,72870.17
1775880891.491,291.491,0.01,0.01,0.99,0.99,0.0,0.0,72868.2
1775880891.874,291.874,0.01,0.01,0.99,0.99,0.0,0.0,72868.2
1775880892.448,292.448,0.01,0.01,0.99,0.99,0.0,0.0,72865.15
1775880893.421,293.421,0.01,0.01,0.99,0.99,0.0,0.0,72865.15
1775880893.93,293.93,0.01,0.01,0.99,0.99,0.0,0.0,72865.15
1775880895.113,295.113,0.01,0.01,0.99,0.99,0.0,0.0,72865.13
1775880898.052,298.052,0.01,0.01,0.99,0.99,0.0,0.0,72865.14
1775880899.489,299.489,0.01,0.01,0.99,0.99,0.0,0.0,72865.14
1775880900.669,300.669,0.01,0.01,0.99,0.99,0.0,0.0,72865.0

# RESULT,winner=Down,slug=btc-updown-5m-1775880600,ticks=588
