timestamp,elapsed_sec,up_bid,up_ask,down_bid,down_ask,up_spread,down_spread,btc_price,btc_oracle_ts
1776683400.529,0.529,0.52,0.53,0.49,0.5,0.01,0.01,75194.45,1776683399000
1776683401.029,1.029,0.52,0.53,0.47,0.48,0.01,0.01,75194.45,1776683399000
1776683401.489,1.489,0.52,0.53,0.47,0.48,0.01,0.01,75194.47,1776683400000
1776683401.863,1.863,0.52,0.53,0.47,0.48,0.01,0.01,75194.47,1776683400000
1776683402.244,2.244,0.52,0.53,0.47,0.48,0.01,0.01,75194.47,1776683400000
1776683402.694,2.694,0.49,0.5,0.5,0.51,0.01,0.01,75194.47,1776683400000
1776683403.352,3.352,0.48,0.49,0.51,0.52,0.01,0.01,75194.38,1776683401000
1776683403.759,3.759,0.48,0.49,0.51,0.52,0.01,0.01,75194.36,1776683402000
1776683404.104,4.104,0.48,0.49,0.51,0.52,0.01,0.01,75194.36,1776683402000
1776683404.795,4.795,0.48,0.49,0.51,0.52,0.01,0.01,75193.91,1776683403000
1776683405.237,5.237,0.48,0.49,0.51,0.52,0.01,0.01,75192.51,1776683404000
1776683405.763,5.763,0.47,0.49,0.52,0.53,0.02,0.01,75192.51,1776683404000
1776683406.168,6.168,0.5,0.52,0.48,0.5,0.02,0.02,75191.39,1776683405000
1776683406.601,6.601,0.51,0.52,0.48,0.49,0.01,0.01,75191.39,1776683405000
1776683407.044,7.044,0.51,0.52,0.48,0.49,0.01,0.01,75191.39,1776683405000
1776683407.41,7.41,0.51,0.52,0.48,0.49,0.01,0.01,75191.39,1776683405000
1776683407.899,7.899,0.51,0.52,0.48,0.49,0.01,0.01,75192.67,1776683406000
1776683408.261,8.261,0.51,0.52,0.48,0.49,0.01,0.01,75196.8,1776683407000
1776683408.731,8.731,0.51,0.52,0.48,0.49,0.01,0.01,75196.8,1776683407000
1776683409.4,9.4,0.51,0.52,0.48,0.49,0.01,0.01,75199.86,1776683408000
1776683409.757,9.757,0.52,0.53,0.47,0.49,0.01,0.02,75199.86,1776683408000
1776683410.312,10.312,0.52,0.53,0.47,0.48,0.01,0.01,75199.86,1776683408000
1776683410.721,10.721,0.52,0.53,0.47,0.48,0.01,0.01,75194.04,1776683409000
1776683411.134,11.134,0.52,0.53,0.47,0.48,0.01,0.01,75194.04,1776683409000
1776683411.506,11.506,0.52,0.53,0.47,0.48,0.01,0.01,75194.04,1776683409000
1776683411.842,11.842,0.49,0.51,0.49,0.5,0.02,0.01,75194.04,1776683410000
1776683412.203,12.203,0.49,0.51,0.49,0.51,0.02,0.02,75194.04,1776683410000
1776683412.538,12.538,0.5,0.51,0.49,0.5,0.01,0.01,75194.48,1776683411000
1776683412.9,12.9,0.5,0.51,0.49,0.5,0.01,0.01,75194.48,1776683411000
1776683413.372,13.372,0.5,0.51,0.49,0.5,0.01,0.01,75194.48,1776683412000
1776683413.739,13.739,0.5,0.51,0.49,0.5,0.01,0.01,75194.48,1776683412000
1776683414.128,14.128,0.5,0.51,0.49,0.5,0.01,0.01,75194.48,1776683412000
1776683414.599,14.599,0.5,0.51,0.49,0.5,0.01,0.01,75193.89,1776683413000
1776683415.241,15.241,0.5,0.51,0.49,0.5,0.01,0.01,75193.89,1776683413000
1776683416.094,16.094,0.5,0.51,0.49,0.5,0.01,0.01,75193.89,1776683415000
1776683416.477,16.477,0.5,0.51,0.49,0.5,0.01,0.01,75193.89,1776683415000
1776683416.96,16.96,0.5,0.51,0.49,0.5,0.01,0.01,75193.89,1776683415000
1776683417.408,17.408,0.5,0.51,0.49,0.5,0.01,0.01,75193.89,1776683415000
1776683418.033,18.033,0.5,0.51,0.49,0.5,0.01,0.01,75193.78,1776683416000
1776683418.701,18.701,0.5,0.51,0.49,0.5,0.01,0.01,75193.77,1776683417000
1776683419.106,19.106,0.5,0.51,0.49,0.5,0.01,0.01,75193.77,1776683417000
1776683419.583,19.583,0.5,0.51,0.49,0.5,0.01,0.01,75193.8,1776683418000
1776683420.125,20.125,0.5,0.51,0.49,0.5,0.01,0.01,75193.8,1776683418000
1776683420.53,20.53,0.5,0.51,0.49,0.5,0.01,0.01,75193.8,1776683419000
1776683421.196,21.196,0.5,0.53,0.49,0.5,0.03,0.01,75193.8,1776683419000
1776683421.561,21.561,0.51,0.52,0.48,0.49,0.01,0.01,75193.8,1776683419000
1776683421.981,21.981,0.51,0.52,0.48,0.49,0.01,0.01,75193.78,1776683420000
1776683422.543,22.543,0.51,0.52,0.48,0.49,0.01,0.01,75193.77,1776683421000
1776683423.059,23.059,0.51,0.52,0.48,0.49,0.01,0.01,75193.77,1776683422000
1776683424.077,24.077,0.51,0.52,0.48,0.49,0.01,0.01,75193.77,1776683422000
1776683424.416,24.416,0.43,0.45,0.55,0.57,0.02,0.02,75195.41,1776683423000
1776683424.763,24.763,0.42,0.45,0.55,0.58,0.03,0.03,75195.41,1776683423000
1776683425.119,25.119,0.4,0.41,0.56,0.6,0.01,0.04,75195.41,1776683423000
1776683425.457,25.457,0.38,0.4,0.59,0.62,0.02,0.03,75193.78,1776683424000
1776683425.821,25.821,0.33,0.36,0.65,0.67,0.03,0.02,75193.78,1776683424000
1776683426.154,26.154,0.33,0.34,0.66,0.67,0.01,0.01,75193.78,1776683424000
1776683426.497,26.497,0.29,0.32,0.66,0.67,0.03,0.01,75180.44,1776683425000
1776683426.854,26.854,0.27,0.28,0.71,0.73,0.01,0.02,75180.44,1776683425000
1776683427.188,27.188,0.27,0.28,0.72,0.73,0.01,0.01,75180.44,1776683425000
1776683427.582,27.582,0.27,0.28,0.72,0.73,0.01,0.01,75170.63,1776683426000
1776683427.918,27.918,0.27,0.28,0.72,0.73,0.01,0.01,75170.63,1776683426000
1776683428.271,28.271,0.27,0.28,0.72,0.73,0.01,0.01,75170.63,1776683426000
1776683428.708,28.708,0.27,0.28,0.72,0.73,0.01,0.01,75155.07,1776683427000
1776683429.057,29.057,0.29,0.31,0.69,0.72,0.02,0.03,75155.07,1776683427000
1776683429.446,29.446,0.29,0.3,0.7,0.71,0.01,0.01,75153.35,1776683428000
1776683429.781,29.781,0.29,0.3,0.7,0.71,0.01,0.01,75153.35,1776683428000
1776683430.215,30.215,0.29,0.3,0.7,0.71,0.01,0.01,75153.35,1776683428000
1776683430.574,30.574,0.29,0.3,0.7,0.71,0.01,0.01,75153.35,1776683428000
1776683430.986,30.986,0.3,0.31,0.69,0.7,0.01,0.01,75153.37,1776683429000
1776683431.363,31.363,0.3,0.31,0.69,0.7,0.01,0.01,75156.39,1776683430000
1776683431.865,31.865,0.3,0.31,0.69,0.7,0.01,0.01,75156.39,1776683430000
1776683432.205,32.205,0.3,0.31,0.69,0.7,0.01,0.01,75156.39,1776683430000
1776683432.559,32.559,0.3,0.31,0.69,0.7,0.01,0.01,75157.08,1776683431000
1776683432.998,32.998,0.3,0.31,0.69,0.7,0.01,0.01,75157.08,1776683431000
1776683433.339,33.339,0.3,0.31,0.69,0.7,0.01,0.01,75156.92,1776683432000
1776683434.005,34.005,0.3,0.31,0.69,0.7,0.01,0.01,75156.92,1776683432000
1776683434.394,34.394,0.3,0.31,0.69,0.7,0.01,0.01,75157.11,1776683433000
1776683434.728,34.728,0.29,0.3,0.7,0.71,0.01,0.01,75157.11,1776683433000
1776683435.073,35.073,0.29,0.3,0.7,0.71,0.01,0.01,75157.11,1776683433000
1776683435.439,35.439,0.29,0.3,0.7,0.71,0.01,0.01,75157.11,1776683433000
1776683435.774,35.774,0.29,0.3,0.7,0.71,0.01,0.01,75157.18,1776683434000
1776683436.107,36.107,0.29,0.3,0.7,0.71,0.01,0.01,75157.18,1776683434000
1776683436.565,36.565,0.29,0.3,0.7,0.71,0.01,0.01,75156.77,1776683435000
1776683436.912,36.912,0.29,0.3,0.7,0.71,0.01,0.01,75156.77,1776683435000
1776683437.41,37.41,0.29,0.3,0.7,0.71,0.01,0.01,75156.77,1776683435000
1776683437.928,37.928,0.29,0.3,0.7,0.71,0.01,0.01,75155.18,1776683437000
1776683438.28,38.28,0.28,0.29,0.7,0.72,0.01,0.02,75155.18,1776683437000
1776683438.89,38.89,0.28,0.29,0.71,0.72,0.01,0.01,75155.18,1776683437000
1776683439.256,39.256,0.28,0.29,0.71,0.72,0.01,0.01,75155.17,1776683438000
1776683439.611,39.611,0.28,0.29,0.71,0.72,0.01,0.01,75155.17,1776683438000
1776683439.979,39.979,0.28,0.29,0.71,0.72,0.01,0.01,75155.16,1776683439000
1776683440.421,40.421,0.28,0.29,0.71,0.72,0.01,0.01,75155.16,1776683439000
1776683440.822,40.822,0.28,0.3,0.71,0.72,0.02,0.01,75155.16,1776683439000
1776683441.17,41.17,0.28,0.29,0.71,0.72,0.01,0.01,75155.18,1776683440000
1776683441.643,41.643,0.28,0.29,0.71,0.72,0.01,0.01,75155.18,1776683440000
1776683441.997,41.997,0.28,0.29,0.71,0.72,0.01,0.01,75155.18,1776683440000
1776683442.397,42.397,0.28,0.29,0.71,0.72,0.01,0.01,75155.16,1776683441000
1776683443.172,43.172,0.28,0.29,0.71,0.72,0.01,0.01,75155.17,1776683442000
1776683443.658,43.658,0.29,0.3,0.7,0.72,0.01,0.02,75155.17,1776683442000
1776683444.201,44.201,0.29,0.3,0.7,0.71,0.01,0.01,75155.82,1776683443000
1776683444.557,44.557,0.29,0.3,0.7,0.71,0.01,0.01,75155.82,1776683443000
1776683445.246,45.246,0.29,0.3,0.7,0.71,0.01,0.01,75155.85,1776683444000
1776683445.651,45.651,0.29,0.3,0.7,0.71,0.01,0.01,75155.85,1776683444000
1776683446.172,46.172,0.29,0.3,0.7,0.71,0.01,0.01,75155.85,1776683445000
1776683446.531,46.531,0.29,0.3,0.7,0.71,0.01,0.01,75155.85,1776683445000
1776683446.873,46.873,0.29,0.3,0.7,0.71,0.01,0.01,75155.85,1776683445000
1776683447.225,47.225,0.29,0.3,0.7,0.71,0.01,0.01,75155.85,1776683445000
1776683447.658,47.658,0.29,0.3,0.7,0.71,0.01,0.01,75155.82,1776683446000
1776683448.011,48.011,0.29,0.3,0.7,0.71,0.01,0.01,75155.82,1776683446000
1776683448.348,48.348,0.29,0.3,0.7,0.71,0.01,0.01,75156.12,1776683447000
1776683448.698,48.698,0.29,0.3,0.7,0.71,0.01,0.01,75156.12,1776683447000
1776683449.035,49.035,0.29,0.3,0.7,0.71,0.01,0.01,75156.12,1776683447000
1776683449.401,49.401,0.33,0.35,0.65,0.67,0.02,0.02,75156.12,1776683447000
1776683449.777,49.777,0.35,0.36,0.63,0.65,0.01,0.02,75156.28,1776683448000
1776683450.11,50.11,0.36,0.37,0.62,0.64,0.01,0.02,75156.28,1776683449000
1776683450.454,50.454,0.36,0.37,0.63,0.64,0.01,0.01,75156.28,1776683449000
1776683450.8,50.8,0.36,0.37,0.63,0.64,0.01,0.01,75156.28,1776683449000
1776683451.345,51.345,0.36,0.37,0.63,0.64,0.01,0.01,75159.44,1776683450000
1776683452.561,52.561,0.36,0.37,0.63,0.64,0.01,0.01,75166.59,1776683451000
1776683453.13,53.13,0.35,0.37,0.63,0.65,0.02,0.02,75165.73,1776683452000
1776683453.653,53.653,0.35,0.36,0.64,0.65,0.01,0.01,75165.73,1776683452000
1776683454.362,54.362,0.35,0.36,0.64,0.65,0.01,0.01,75166.05,1776683453000
1776683454.697,54.697,0.35,0.36,0.64,0.65,0.01,0.01,75166.05,1776683453000
1776683455.1,55.1,0.35,0.36,0.64,0.65,0.01,0.01,75166.05,1776683453000
1776683455.508,55.508,0.35,0.36,0.64,0.65,0.01,0.01,75166.07,1776683454000
1776683456.118,56.118,0.35,0.36,0.64,0.65,0.01,0.01,75165.88,1776683455000
1776683456.658,56.658,0.35,0.36,0.64,0.65,0.01,0.01,75165.88,1776683455000
1776683457.242,57.242,0.35,0.36,0.64,0.65,0.01,0.01,75166.11,1776683456000
1776683457.951,57.951,0.35,0.36,0.64,0.65,0.01,0.01,75166.11,1776683456000
1776683458.357,58.357,0.35,0.36,0.64,0.65,0.01,0.01,75166.04,1776683457000
1776683458.943,58.943,0.35,0.36,0.64,0.65,0.01,0.01,75166.04,1776683457000
1776683459.599,59.599,0.35,0.36,0.64,0.65,0.01,0.01,75166.04,1776683458000
1776683459.995,59.995,0.35,0.36,0.64,0.65,0.01,0.01,75166.04,1776683458000
1776683460.371,60.371,0.35,0.36,0.64,0.65,0.01,0.01,75165.96,1776683459000
1776683460.794,60.794,0.34,0.35,0.65,0.66,0.01,0.01,75165.96,1776683459000
1776683461.152,61.152,0.34,0.35,0.65,0.66,0.01,0.01,75165.96,1776683459000
1776683461.5,61.5,0.34,0.35,0.65,0.66,0.01,0.01,75165.98,1776683460000
1776683461.986,61.986,0.34,0.35,0.65,0.66,0.01,0.01,75165.98,1776683461000
1776683462.325,62.325,0.27,0.3,0.67,0.72,0.03,0.05,75165.98,1776683461000
1776683462.677,62.677,0.26,0.27,0.73,0.74,0.01,0.01,75165.98,1776683461000
1776683463.03,63.03,0.25,0.27,0.73,0.75,0.02,0.02,75165.98,1776683461000
1776683463.366,63.366,0.25,0.26,0.74,0.75,0.01,0.01,75165.97,1776683462000
1776683463.731,63.731,0.25,0.26,0.74,0.75,0.01,0.01,75165.97,1776683462000
1776683464.111,64.111,0.24,0.25,0.74,0.76,0.01,0.02,75165.97,1776683462000
1776683464.489,64.489,0.24,0.25,0.75,0.76,0.01,0.01,75165.97,1776683462000
1776683464.841,64.841,0.24,0.25,0.75,0.76,0.01,0.01,75165.97,1776683462000
1776683465.506,65.506,0.24,0.25,0.75,0.76,0.01,0.01,75150.68,1776683463000
1776683466.021,66.021,0.24,0.25,0.75,0.76,0.01,0.01,75150.68,1776683463000
1776683466.38,66.38,0.24,0.25,0.75,0.76,0.01,0.01,75146.06,1776683464000
1776683466.718,66.718,0.24,0.25,0.75,0.76,0.01,0.01,75146.06,1776683464000
1776683467.09,67.09,0.24,0.25,0.75,0.76,0.01,0.01,75146.16,1776683465000
1776683467.55,67.55,0.24,0.25,0.75,0.76,0.01,0.01,75146.16,1776683466000
1776683467.959,67.959,0.24,0.25,0.75,0.76,0.01,0.01,75146.16,1776683466000
1776683468.317,68.317,0.24,0.25,0.75,0.76,0.01,0.01,75145.53,1776683467000
1776683468.738,68.738,0.24,0.25,0.75,0.76,0.01,0.01,75145.53,1776683467000
1776683469.102,69.102,0.24,0.25,0.75,0.76,0.01,0.01,75145.53,1776683467000
1776683469.453,69.453,0.24,0.25,0.75,0.76,0.01,0.01,75147.43,1776683468000
1776683469.888,69.888,0.24,0.25,0.75,0.76,0.01,0.01,75147.43,1776683468000
1776683470.607,70.607,0.24,0.25,0.75,0.76,0.01,0.01,75147.43,1776683469000
1776683471.035,71.035,0.24,0.25,0.75,0.76,0.01,0.01,75147.43,1776683469000
1776683471.538,71.538,0.24,0.25,0.75,0.76,0.01,0.01,75147.43,1776683470000
1776683471.941,71.941,0.24,0.25,0.75,0.76,0.01,0.01,75147.43,1776683470000
1776683472.279,72.279,0.24,0.25,0.75,0.76,0.01,0.01,75147.43,1776683470000
1776683472.635,72.635,0.24,0.25,0.75,0.76,0.01,0.01,75147.42,1776683471000
1776683473.051,73.051,0.24,0.25,0.75,0.76,0.01,0.01,75147.42,1776683471000
1776683473.472,73.472,0.24,0.25,0.75,0.76,0.01,0.01,75147.42,1776683471000
1776683473.821,73.821,0.24,0.25,0.75,0.76,0.01,0.01,75147.46,1776683472000
1776683474.303,74.303,0.24,0.25,0.75,0.76,0.01,0.01,75147.46,1776683472000
1776683474.713,74.713,0.24,0.25,0.75,0.76,0.01,0.01,75147.46,1776683473000
1776683475.133,75.133,0.23,0.24,0.75,0.76,0.01,0.01,75147.46,1776683473000
1776683475.78,75.78,0.23,0.24,0.76,0.77,0.01,0.01,75145.39,1776683474000
1776683476.417,76.417,0.23,0.24,0.76,0.77,0.01,0.01,75147.29,1776683475000
1776683476.962,76.962,0.23,0.24,0.76,0.77,0.01,0.01,75147.01,1776683476000
1776683477.319,77.319,0.2,0.22,0.77,0.79,0.02,0.02,75147.01,1776683476000
1776683477.654,77.654,0.19,0.21,0.79,0.8,0.02,0.01,75147.01,1776683476000
1776683477.989,77.989,0.19,0.2,0.8,0.81,0.01,0.01,75147.01,1776683476000
1776683478.329,78.329,0.19,0.2,0.8,0.81,0.01,0.01,75147.01,1776683476000
1776683478.763,78.763,0.18,0.19,0.81,0.82,0.01,0.01,75147,1776683477000
1776683479.114,79.114,0.18,0.19,0.81,0.82,0.01,0.01,75147,1776683477000
1776683479.726,79.726,0.18,0.19,0.81,0.82,0.01,0.01,75138.17,1776683478000
1776683480.068,80.068,0.16,0.17,0.82,0.84,0.01,0.02,75138.17,1776683478000
1776683480.474,80.474,0.16,0.17,0.83,0.84,0.01,0.01,75137.77,1776683479000
1776683480.887,80.887,0.16,0.17,0.83,0.84,0.01,0.01,75137.77,1776683479000
1776683481.378,81.378,0.15,0.16,0.83,0.85,0.01,0.02,75137.77,1776683479000
1776683481.756,81.756,0.15,0.16,0.84,0.85,0.01,0.01,75137.77,1776683479000
1776683482.099,82.099,0.14,0.16,0.84,0.86,0.02,0.02,75134.18,1776683481000
1776683482.651,82.651,0.14,0.15,0.85,0.86,0.01,0.01,75134.18,1776683481000
1776683482.994,82.994,0.14,0.15,0.85,0.86,0.01,0.01,75134.18,1776683481000
1776683483.33,83.33,0.14,0.15,0.85,0.86,0.01,0.01,75134.18,1776683481000
1776683483.716,83.716,0.14,0.15,0.85,0.86,0.01,0.01,75134.18,1776683481000
1776683484.15,84.15,0.14,0.15,0.85,0.86,0.01,0.01,75128.4,1776683482000
1776683484.518,84.518,0.14,0.15,0.85,0.86,0.01,0.01,75128.4,1776683482000
1776683484.851,84.851,0.14,0.15,0.85,0.86,0.01,0.01,75124.56,1776683483000
1776683485.621,85.621,0.14,0.15,0.85,0.86,0.01,0.01,75124.56,1776683483000
1776683485.954,85.954,0.14,0.15,0.85,0.86,0.01,0.01,75124.67,1776683484000
1776683486.802,86.802,0.14,0.15,0.85,0.86,0.01,0.01,75124.69,1776683485000
1776683487.178,87.178,0.14,0.15,0.85,0.86,0.01,0.01,75124.69,1776683485000
1776683487.684,87.684,0.14,0.15,0.85,0.86,0.01,0.01,75124.69,1776683485000
1776683488.129,88.129,0.14,0.15,0.85,0.86,0.01,0.01,75126.04,1776683486000
1776683488.652,88.652,0.13,0.15,0.85,0.87,0.02,0.02,75126.04,1776683487000
1776683489.038,89.038,0.13,0.14,0.86,0.87,0.01,0.01,75126.04,1776683487000
1776683489.657,89.657,0.13,0.14,0.86,0.87,0.01,0.01,75126.2,1776683488000
1776683490.172,90.172,0.13,0.14,0.86,0.87,0.01,0.01,75126.28,1776683489000
1776683490.509,90.509,0.13,0.14,0.86,0.87,0.01,0.01,75126.28,1776683489000
1776683490.844,90.844,0.12,0.14,0.86,0.87,0.02,0.01,75126.28,1776683489000
1776683491.185,91.185,0.12,0.13,0.87,0.88,0.01,0.01,75126.28,1776683489000
1776683491.548,91.548,0.12,0.13,0.87,0.88,0.01,0.01,75126.28,1776683489000
1776683491.883,91.883,0.12,0.13,0.87,0.88,0.01,0.01,75124.1,1776683490000
1776683492.218,92.218,0.11,0.12,0.88,0.89,0.01,0.01,75124.1,1776683490000
1776683492.558,92.558,0.11,0.12,0.88,0.89,0.01,0.01,75122.48,1776683491000
1776683492.991,92.991,0.11,0.12,0.88,0.89,0.01,0.01,75122.48,1776683491000
1776683493.346,93.346,0.11,0.12,0.88,0.89,0.01,0.01,75118.49,1776683492000
1776683494.173,94.173,0.11,0.12,0.88,0.89,0.01,0.01,75118.49,1776683492000
1776683494.786,94.786,0.11,0.12,0.88,0.89,0.01,0.01,75116.5,1776683493000
1776683495.125,95.125,0.11,0.12,0.88,0.89,0.01,0.01,75116.5,1776683493000
1776683495.687,95.687,0.11,0.12,0.88,0.89,0.01,0.01,75116.5,1776683493000
1776683496.025,96.025,0.11,0.12,0.88,0.89,0.01,0.01,75115.61,1776683494000
1776683496.46,96.46,0.11,0.12,0.88,0.89,0.01,0.01,75116.78,1776683495000
1776683496.894,96.894,0.11,0.12,0.88,0.89,0.01,0.01,75116.78,1776683495000
1776683497.318,97.318,0.11,0.12,0.88,0.89,0.01,0.01,75117.49,1776683496000
1776683497.658,97.658,0.1,0.11,0.88,0.89,0.01,0.01,75117.49,1776683496000
1776683498.045,98.045,0.1,0.11,0.89,0.9,0.01,0.01,75117.49,1776683496000
1776683498.724,98.724,0.1,0.11,0.89,0.9,0.01,0.01,75117.99,1776683497000
1776683499.128,99.128,0.1,0.11,0.89,0.9,0.01,0.01,75117.99,1776683497000
1776683499.608,99.608,0.1,0.11,0.89,0.9,0.01,0.01,75118.01,1776683498000
1776683500.266,100.266,0.1,0.11,0.89,0.9,0.01,0.01,75118.01,1776683498000
1776683500.701,100.701,0.1,0.11,0.89,0.9,0.01,0.01,75117.93,1776683499000
1776683501.126,101.126,0.1,0.11,0.89,0.9,0.01,0.01,75117.87,1776683500000
1776683502.029,102.029,0.1,0.11,0.89,0.9,0.01,0.01,75117.87,1776683500000
1776683502.418,102.418,0.1,0.11,0.89,0.9,0.01,0.01,75117.87,1776683500000
1776683502.828,102.828,0.1,0.11,0.89,0.9,0.01,0.01,75117.87,1776683500000
1776683503.21,103.21,0.1,0.11,0.89,0.9,0.01,0.01,75117.76,1776683502000
1776683503.797,103.797,0.1,0.11,0.89,0.9,0.01,0.01,75117.76,1776683502000
1776683504.323,104.323,0.1,0.11,0.89,0.9,0.01,0.01,75117.37,1776683503000
1776683504.779,104.779,0.1,0.11,0.89,0.9,0.01,0.01,75117.37,1776683503000
1776683505.405,105.405,0.1,0.11,0.89,0.9,0.01,0.01,75117.59,1776683504000
1776683505.854,105.854,0.09,0.11,0.89,0.9,0.02,0.01,75117.59,1776683504000
1776683506.19,106.19,0.09,0.1,0.9,0.91,0.01,0.01,75117.59,1776683505000
1776683506.55,106.55,0.09,0.1,0.9,0.91,0.01,0.01,75117.59,1776683505000
1776683506.929,106.929,0.09,0.1,0.9,0.91,0.01,0.01,75117.59,1776683505000
1776683507.275,107.275,0.09,0.1,0.9,0.91,0.01,0.01,75117.6,1776683506000
1776683508.169,108.169,0.09,0.1,0.9,0.91,0.01,0.01,75117.6,1776683507000
1776683508.703,108.703,0.09,0.1,0.9,0.91,0.01,0.01,75117.6,1776683507000
1776683509.171,109.171,0.09,0.1,0.9,0.91,0.01,0.01,75117.6,1776683507000
1776683509.574,109.574,0.09,0.1,0.9,0.91,0.01,0.01,75117.64,1776683508000
1776683510.296,110.296,0.09,0.1,0.9,0.91,0.01,0.01,75117.78,1776683509000
1776683510.655,110.655,0.09,0.1,0.9,0.91,0.01,0.01,75117.78,1776683509000
1776683511.189,111.189,0.09,0.1,0.9,0.91,0.01,0.01,75117.78,1776683509000
1776683511.643,111.643,0.09,0.1,0.9,0.91,0.01,0.01,75117.86,1776683510000
1776683512.041,112.041,0.09,0.1,0.9,0.91,0.01,0.01,75117.86,1776683510000
1776683512.376,112.376,0.09,0.1,0.9,0.91,0.01,0.01,75117.86,1776683511000
1776683512.817,112.817,0.09,0.1,0.9,0.91,0.01,0.01,75117.86,1776683511000
1776683513.239,113.239,0.09,0.1,0.9,0.91,0.01,0.01,75117.46,1776683512000
1776683513.626,113.626,0.08,0.09,0.91,0.92,0.01,0.01,75117.46,1776683512000
1776683514.275,114.275,0.08,0.09,0.91,0.92,0.01,0.01,75117.97,1776683513000
1776683514.615,114.615,0.08,0.09,0.91,0.92,0.01,0.01,75117.97,1776683513000
1776683514.982,114.982,0.08,0.1,0.91,0.92,0.02,0.01,75117.97,1776683513000
1776683515.323,115.323,0.08,0.09,0.9,0.92,0.01,0.02,75117.97,1776683513000
1776683515.658,115.658,0.08,0.09,0.91,0.92,0.01,0.01,75117.97,1776683514000
1776683516.127,116.127,0.08,0.09,0.91,0.92,0.01,0.01,75117.97,1776683514000
1776683516.661,116.661,0.08,0.09,0.91,0.92,0.01,0.01,75117.96,1776683515000
1776683517.217,117.217,0.08,0.09,0.91,0.92,0.01,0.01,75117.96,1776683515000
1776683517.609,117.609,0.08,0.09,0.91,0.92,0.01,0.01,75117.96,1776683515000
1776683518.017,118.017,0.08,0.09,0.91,0.92,0.01,0.01,75116.43,1776683516000
1776683518.352,118.352,0.08,0.09,0.91,0.92,0.01,0.01,75114.54,1776683517000
1776683518.688,118.688,0.08,0.09,0.91,0.92,0.01,0.01,75114.54,1776683517000
1776683519.129,119.129,0.08,0.09,0.91,0.92,0.01,0.01,75114.54,1776683517000
1776683519.507,119.507,0.08,0.09,0.91,0.92,0.01,0.01,75113.32,1776683518000
1776683519.954,119.954,0.08,0.09,0.91,0.92,0.01,0.01,75112.99,1776683519000
1776683520.398,120.398,0.08,0.09,0.91,0.92,0.01,0.01,75112.99,1776683519000
1776683520.794,120.794,0.08,0.09,0.91,0.92,0.01,0.01,75112.99,1776683519000
1776683521.343,121.343,0.08,0.09,0.91,0.93,0.01,0.02,75113.11,1776683520000
1776683521.685,121.685,0.11,0.12,0.88,0.89,0.01,0.01,75113.11,1776683520000
1776683522.025,122.025,0.11,0.12,0.88,0.89,0.01,0.01,75113.11,1776683520000
1776683522.449,122.449,0.13,0.14,0.86,0.87,0.01,0.01,75114.38,1776683521000
1776683522.836,122.836,0.13,0.14,0.86,0.87,0.01,0.01,75114.38,1776683521000
1776683523.242,123.242,0.14,0.15,0.85,0.87,0.01,0.02,75114.38,1776683521000
1776683523.615,123.615,0.14,0.15,0.85,0.86,0.01,0.01,75116.29,1776683522000
1776683523.977,123.977,0.14,0.15,0.85,0.86,0.01,0.01,75116.29,1776683522000
1776683524.365,124.365,0.14,0.15,0.85,0.86,0.01,0.01,75116.29,1776683522000
1776683524.801,124.801,0.14,0.15,0.85,0.86,0.01,0.01,75125.41,1776683523000
1776683525.267,125.267,0.14,0.15,0.85,0.86,0.01,0.01,75130.34,1776683524000
1776683525.623,125.623,0.14,0.15,0.85,0.86,0.01,0.01,75130.34,1776683524000
1776683526.063,126.063,0.14,0.15,0.85,0.86,0.01,0.01,75134.34,1776683525000
1776683526.503,126.503,0.14,0.15,0.85,0.86,0.01,0.01,75134.34,1776683525000
1776683527.014,127.014,0.14,0.15,0.85,0.86,0.01,0.01,75136.36,1776683526000
1776683527.517,127.517,0.14,0.15,0.85,0.86,0.01,0.01,75136.36,1776683526000
1776683527.941,127.941,0.15,0.16,0.84,0.86,0.01,0.02,75136.36,1776683526000
1776683528.274,128.274,0.15,0.16,0.84,0.85,0.01,0.01,75136.04,1776683527000
1776683528.709,128.709,0.15,0.16,0.84,0.85,0.01,0.01,75136.04,1776683527000
1776683529.102,129.102,0.15,0.16,0.84,0.85,0.01,0.01,75136.04,1776683527000
1776683529.566,129.566,0.15,0.16,0.84,0.85,0.01,0.01,75136.06,1776683528000
1776683529.9,129.9,0.15,0.16,0.84,0.85,0.01,0.01,75136.06,1776683528000
1776683530.248,130.248,0.15,0.16,0.84,0.85,0.01,0.01,75138.43,1776683529000
1776683530.926,130.926,0.15,0.16,0.84,0.85,0.01,0.01,75138.43,1776683529000
1776683531.281,131.281,0.15,0.16,0.84,0.85,0.01,0.01,75138.43,1776683529000
1776683531.645,131.645,0.15,0.16,0.84,0.85,0.01,0.01,75138.43,1776683529000
1776683532.234,132.234,0.15,0.16,0.84,0.85,0.01,0.01,75139.57,1776683531000
1776683532.589,132.589,0.15,0.16,0.84,0.85,0.01,0.01,75139.57,1776683531000
1776683532.966,132.966,0.15,0.16,0.84,0.85,0.01,0.01,75139.57,1776683531000
1776683533.463,133.463,0.15,0.16,0.84,0.85,0.01,0.01,75139.57,1776683531000
1776683533.822,133.822,0.19,0.2,0.8,0.81,0.01,0.01,75139.61,1776683532000
1776683534.224,134.224,0.19,0.2,0.8,0.81,0.01,0.01,75139.61,1776683533000
1776683534.626,134.626,0.19,0.2,0.8,0.81,0.01,0.01,75139.61,1776683533000
1776683535.376,135.376,0.19,0.2,0.8,0.81,0.01,0.01,75141.97,1776683534000
1776683535.769,135.769,0.19,0.2,0.8,0.81,0.01,0.01,75141.97,1776683534000
1776683536.152,136.152,0.19,0.2,0.8,0.81,0.01,0.01,75141.97,1776683534000
1776683536.697,136.697,0.18,0.19,0.8,0.81,0.01,0.01,75146.71,1776683535000
1776683537.087,137.087,0.15,0.18,0.82,0.85,0.03,0.03,75146.7,1776683536000
1776683537.667,137.667,0.15,0.17,0.83,0.85,0.02,0.02,75146.7,1776683536000
1776683538.196,138.196,0.15,0.16,0.84,0.85,0.01,0.01,75146.69,1776683537000
1776683539.334,139.334,0.15,0.16,0.84,0.85,0.01,0.01,75146.69,1776683537000
1776683539.823,139.823,0.15,0.16,0.84,0.85,0.01,0.01,75143.62,1776683538000
1776683540.172,140.172,0.15,0.16,0.84,0.85,0.01,0.01,75143.62,1776683538000
1776683540.783,140.783,0.15,0.16,0.84,0.85,0.01,0.01,75142.77,1776683539000
1776683541.123,141.123,0.15,0.16,0.84,0.85,0.01,0.01,75142.77,1776683540000
1776683542.104,142.104,0.15,0.16,0.84,0.85,0.01,0.01,75142.96,1776683541000
1776683542.646,142.646,0.15,0.16,0.84,0.85,0.01,0.01,75142.96,1776683541000
1776683543.225,143.225,0.15,0.16,0.84,0.85,0.01,0.01,75142.82,1776683542000
1776683543.67,143.67,0.15,0.16,0.84,0.85,0.01,0.01,75142.82,1776683542000
1776683544.353,144.353,0.15,0.16,0.84,0.85,0.01,0.01,75142.82,1776683543000
1776683544.707,144.707,0.14,0.16,0.84,0.85,0.02,0.01,75142.82,1776683543000
1776683545.053,145.053,0.13,0.15,0.85,0.87,0.02,0.02,75143.11,1776683544000
1776683545.46,145.46,0.13,0.14,0.85,0.87,0.01,0.02,75143.11,1776683544000
1776683545.884,145.884,0.13,0.14,0.86,0.87,0.01,0.01,75143.11,1776683544000
1776683546.277,146.277,0.13,0.14,0.86,0.87,0.01,0.01,75141.96,1776683545000
1776683546.96,146.96,0.13,0.14,0.86,0.87,0.01,0.01,75141.96,1776683545000
1776683547.448,147.448,0.13,0.14,0.86,0.87,0.01,0.01,75139.39,1776683546000
1776683547.788,147.788,0.13,0.14,0.86,0.87,0.01,0.01,75139.39,1776683546000
1776683548.226,148.226,0.13,0.14,0.86,0.87,0.01,0.01,75139.39,1776683546000
1776683548.702,148.702,0.13,0.14,0.86,0.87,0.01,0.01,75139.39,1776683547000
1776683549.134,149.134,0.13,0.14,0.86,0.87,0.01,0.01,75139.39,1776683547000
1776683549.5,149.5,0.12,0.13,0.86,0.87,0.01,0.01,75139.79,1776683548000
1776683549.911,149.911,0.12,0.13,0.87,0.88,0.01,0.01,75139.79,1776683548000
1776683550.658,150.658,0.12,0.13,0.87,0.88,0.01,0.01,75141.85,1776683549000
1776683551.0,151.0,0.09,0.12,0.88,0.9,0.03,0.02,75141.85,1776683549000
1776683551.356,151.356,0.09,0.11,0.89,0.91,0.02,0.02,75138.39,1776683550000
1776683551.776,151.776,0.09,0.1,0.9,0.91,0.01,0.01,75138.39,1776683550000
1776683552.123,152.123,0.08,0.09,0.91,0.92,0.01,0.01,75138.39,1776683550000
1776683552.49,152.49,0.07,0.08,0.92,0.93,0.01,0.01,75138.38,1776683551000
1776683553.007,153.007,0.07,0.08,0.92,0.93,0.01,0.01,75138.38,1776683551000
1776683553.55,153.55,0.07,0.08,0.92,0.93,0.01,0.01,75131.84,1776683552000
1776683554.002,154.002,0.07,0.08,0.92,0.93,0.01,0.01,75131.84,1776683552000
1776683554.35,154.35,0.07,0.08,0.92,0.93,0.01,0.01,75127.08,1776683553000
1776683554.893,154.893,0.07,0.08,0.92,0.93,0.01,0.01,75127.08,1776683553000
1776683555.299,155.299,0.07,0.08,0.92,0.93,0.01,0.01,75125.21,1776683554000
1776683555.9,155.9,0.06,0.07,0.92,0.94,0.01,0.02,75125.21,1776683554000
1776683556.241,156.241,0.06,0.07,0.93,0.94,0.01,0.01,75124.17,1776683555000
1776683556.835,156.835,0.06,0.07,0.93,0.94,0.01,0.01,75124.17,1776683555000
1776683557.281,157.281,0.06,0.07,0.93,0.94,0.01,0.01,75124.17,1776683556000
1776683557.669,157.669,0.06,0.07,0.93,0.94,0.01,0.01,75124.17,1776683556000
1776683558.16,158.16,0.06,0.07,0.93,0.94,0.01,0.01,75124.17,1776683556000
1776683558.496,158.496,0.06,0.07,0.93,0.94,0.01,0.01,75124.24,1776683557000
1776683558.9,158.9,0.06,0.07,0.93,0.94,0.01,0.01,75124.24,1776683557000
1776683560.249,160.249,0.06,0.07,0.93,0.94,0.01,0.01,75124.24,1776683557000
1776683560.846,160.846,0.07,0.08,0.92,0.93,0.01,0.01,75124.24,1776683557000
1776683561.943,161.943,0.07,0.08,0.92,0.93,0.01,0.01,75124.24,1776683557000
1776683562.309,162.309,0.07,0.08,0.92,0.93,0.01,0.01,75124.24,1776683557000
1776683562.696,162.696,0.07,0.08,0.92,0.93,0.01,0.01,75124.24,1776683557000
1776683563.23,163.23,0.07,0.08,0.92,0.93,0.01,0.01,75124.24,1776683557000
1776683564.209,164.209,0.07,0.08,0.92,0.93,0.01,0.01,75124.24,1776683557000
1776683564.675,164.675,0.06,0.07,0.93,0.94,0.01,0.01,75124.24,1776683557000
1776683565.317,165.317,0.06,0.07,0.93,0.94,0.01,0.01,75124.24,1776683557000
1776683565.735,165.735,0.06,0.07,0.93,0.94,0.01,0.01,75126.16,1776683564000
1776683566.068,166.068,0.06,0.07,0.93,0.94,0.01,0.01,75126.16,1776683564000
1776683567.075,167.075,0.06,0.07,0.93,0.94,0.01,0.01,75125.46,1776683565000
1776683567.446,167.446,0.07,0.08,0.93,0.94,0.01,0.01,75125.42,1776683566000
1776683567.842,167.842,0.07,0.08,0.92,0.93,0.01,0.01,75125.42,1776683566000
1776683568.177,168.177,0.07,0.08,0.92,0.93,0.01,0.01,75125.42,1776683566000
1776683568.663,168.663,0.07,0.08,0.92,0.93,0.01,0.01,75125.42,1776683567000
1776683569.133,169.133,0.07,0.08,0.92,0.93,0.01,0.01,75125.42,1776683567000
1776683569.558,169.558,0.07,0.08,0.92,0.93,0.01,0.01,75126.51,1776683568000
1776683570.349,170.349,0.07,0.08,0.92,0.93,0.01,0.01,75126.51,1776683568000
1776683570.756,170.756,0.07,0.08,0.92,0.93,0.01,0.01,75126.51,1776683568000
1776683571.134,171.134,0.07,0.08,0.92,0.93,0.01,0.01,75126.52,1776683569000
1776683571.5,171.5,0.07,0.08,0.92,0.93,0.01,0.01,75126.52,1776683569000
1776683572.412,172.412,0.07,0.08,0.92,0.93,0.01,0.01,75126.51,1776683571000
1776683572.78,172.78,0.07,0.08,0.92,0.93,0.01,0.01,75126.51,1776683571000
1776683573.168,173.168,0.07,0.08,0.92,0.93,0.01,0.01,75126.46,1776683572000
1776683573.802,173.802,0.06,0.07,0.93,0.94,0.01,0.01,75126.46,1776683572000
1776683574.312,174.312,0.06,0.07,0.92,0.94,0.01,0.02,75126.46,1776683572000
1776683574.647,174.647,0.08,0.09,0.91,0.92,0.01,0.01,75126.44,1776683573000
1776683575.33,175.33,0.08,0.1,0.9,0.92,0.02,0.02,75126.44,1776683574000
1776683576.083,176.083,0.09,0.11,0.89,0.91,0.02,0.02,75126.44,1776683575000
1776683576.447,176.447,0.1,0.11,0.89,0.9,0.01,0.01,75126.44,1776683575000
1776683576.984,176.984,0.1,0.11,0.89,0.9,0.01,0.01,75126.44,1776683575000
1776683577.353,177.353,0.1,0.11,0.89,0.9,0.01,0.01,75126.44,1776683575000
1776683578.207,178.207,0.1,0.11,0.89,0.9,0.01,0.01,75134.82,1776683577000
1776683579.036,179.036,0.1,0.11,0.89,0.9,0.01,0.01,75134.82,1776683577000
1776683579.467,179.467,0.1,0.11,0.89,0.9,0.01,0.01,75134.82,1776683577000
1776683579.837,179.837,0.1,0.11,0.89,0.9,0.01,0.01,75134.82,1776683577000
1776683580.416,180.416,0.1,0.11,0.89,0.9,0.01,0.01,75134.91,1776683579000
1776683580.827,180.827,0.09,0.11,0.89,0.9,0.02,0.01,75134.91,1776683579000
1776683581.183,181.183,0.09,0.1,0.9,0.91,0.01,0.01,75134.91,1776683579000
1776683581.614,181.614,0.09,0.1,0.9,0.91,0.01,0.01,75135.11,1776683580000
1776683582.017,182.017,0.09,0.1,0.9,0.91,0.01,0.01,75135.11,1776683580000
1776683582.481,182.481,0.08,0.1,0.9,0.91,0.02,0.01,75136.3,1776683581000
1776683583.09,183.09,0.09,0.1,0.9,0.92,0.01,0.02,75136.3,1776683581000
1776683583.444,183.444,0.08,0.09,0.9,0.92,0.01,0.02,75136.36,1776683582000
1776683583.812,183.812,0.08,0.09,0.91,0.92,0.01,0.01,75136.36,1776683582000
1776683584.346,184.346,0.08,0.09,0.91,0.92,0.01,0.01,75136.53,1776683583000
1776683584.748,184.748,0.08,0.09,0.91,0.92,0.01,0.01,75136.53,1776683583000
1776683585.387,185.387,0.08,0.09,0.91,0.92,0.01,0.01,75136.53,1776683583000
1776683586.034,186.034,0.08,0.09,0.91,0.92,0.01,0.01,75136.36,1776683584000
1776683586.436,186.436,0.08,0.09,0.91,0.92,0.01,0.01,75136.36,1776683584000
1776683586.787,186.787,0.08,0.09,0.91,0.92,0.01,0.01,75136.54,1776683585000
1776683587.19,187.19,0.08,0.09,0.91,0.92,0.01,0.01,75136.54,1776683586000
1776683587.531,187.531,0.08,0.09,0.91,0.92,0.01,0.01,75136.54,1776683586000
1776683587.978,187.978,0.08,0.09,0.91,0.92,0.01,0.01,75136.54,1776683586000
1776683588.317,188.317,0.07,0.08,0.92,0.93,0.01,0.01,75136.97,1776683587000
1776683588.854,188.854,0.07,0.09,0.91,0.93,0.02,0.02,75136.97,1776683587000
1776683589.266,189.266,0.07,0.09,0.91,0.93,0.02,0.02,75136.97,1776683588000
1776683589.933,189.933,0.07,0.08,0.91,0.93,0.01,0.02,75136.97,1776683588000
1776683590.347,190.347,0.07,0.08,0.92,0.93,0.01,0.01,75136.97,1776683589000
1776683591.252,191.252,0.07,0.08,0.92,0.93,0.01,0.01,75136.97,1776683589000
1776683592.321,192.321,0.08,0.09,0.91,0.92,0.01,0.01,75137.26,1776683590000
1776683592.826,192.826,0.08,0.1,0.91,0.92,0.02,0.01,75137.26,1776683591000
1776683593.258,193.258,0.11,0.12,0.88,0.89,0.01,0.01,75137.26,1776683591000
1776683593.654,193.654,0.12,0.13,0.87,0.88,0.01,0.01,75139.49,1776683592000
1776683594.093,194.093,0.12,0.13,0.87,0.88,0.01,0.01,75139.49,1776683592000
1776683594.5,194.5,0.12,0.13,0.87,0.88,0.01,0.01,75139.63,1776683593000
1776683595.541,195.541,0.12,0.13,0.87,0.88,0.01,0.01,75139.63,1776683593000
1776683596.015,196.015,0.12,0.13,0.87,0.88,0.01,0.01,75142.97,1776683594000
1776683596.379,196.379,0.12,0.15,0.87,0.88,0.03,0.01,75148.24,1776683595000
1776683596.761,196.761,0.15,0.16,0.84,0.85,0.01,0.01,75148.24,1776683595000
1776683597.103,197.103,0.16,0.17,0.83,0.84,0.01,0.01,75148.24,1776683595000
1776683597.535,197.535,0.16,0.17,0.83,0.84,0.01,0.01,75148.24,1776683595000
1776683598.078,198.078,0.13,0.14,0.86,0.87,0.01,0.01,75155.09,1776683596000
1776683598.798,198.798,0.13,0.14,0.86,0.87,0.01,0.01,75152.94,1776683597000
1776683599.323,199.323,0.13,0.14,0.86,0.87,0.01,0.01,75152.94,1776683597000
1776683599.713,199.713,0.12,0.13,0.87,0.88,0.01,0.01,75152.94,1776683597000
1776683600.33,200.33,0.12,0.13,0.87,0.88,0.01,0.01,75152.06,1776683598000
1776683600.67,200.67,0.12,0.13,0.87,0.88,0.01,0.01,75152.09,1776683599000
1776683601.149,201.149,0.12,0.13,0.87,0.88,0.01,0.01,75152.09,1776683600000
1776683601.627,201.627,0.12,0.13,0.87,0.88,0.01,0.01,75152.09,1776683600000
1776683602.747,202.747,0.12,0.13,0.87,0.88,0.01,0.01,75152.09,1776683601000
1776683603.554,203.554,0.12,0.13,0.87,0.88,0.01,0.01,75150.37,1776683602000
1776683604.276,204.276,0.12,0.13,0.87,0.88,0.01,0.01,75150.37,1776683603000
1776683604.638,204.638,0.11,0.12,0.87,0.89,0.01,0.02,75150.37,1776683603000
1776683605.095,205.095,0.11,0.12,0.88,0.89,0.01,0.01,75150.37,1776683603000
1776683605.452,205.452,0.11,0.12,0.88,0.89,0.01,0.01,75150.37,1776683603000
1776683605.909,205.909,0.11,0.12,0.88,0.89,0.01,0.01,75150.37,1776683603000
1776683606.441,206.441,0.11,0.12,0.88,0.89,0.01,0.01,75150.63,1776683604000
1776683606.825,206.825,0.11,0.12,0.88,0.89,0.01,0.01,75150.63,1776683605000
1776683607.168,207.168,0.1,0.11,0.89,0.9,0.01,0.01,75150.63,1776683605000
1776683607.575,207.575,0.1,0.11,0.89,0.9,0.01,0.01,75150.67,1776683606000
1776683607.918,207.918,0.1,0.11,0.89,0.9,0.01,0.01,75150.67,1776683606000
1776683608.366,208.366,0.1,0.11,0.89,0.9,0.01,0.01,75150.21,1776683607000
1776683608.919,208.919,0.1,0.11,0.89,0.9,0.01,0.01,75150.21,1776683607000
1776683609.384,209.384,0.1,0.11,0.89,0.9,0.01,0.01,75150.21,1776683607000
1776683609.88,209.88,0.1,0.11,0.89,0.9,0.01,0.01,75150.21,1776683608000
1776683610.301,210.301,0.1,0.11,0.89,0.9,0.01,0.01,75150.21,1776683608000
1776683611.053,211.053,0.1,0.11,0.89,0.9,0.01,0.01,75150.22,1776683609000
1776683611.42,211.42,0.1,0.11,0.89,0.9,0.01,0.01,75150.21,1776683610000
1776683611.984,211.984,0.1,0.11,0.89,0.9,0.01,0.01,75150.21,1776683610000
1776683612.336,212.336,0.1,0.11,0.89,0.9,0.01,0.01,75150.21,1776683610000
1776683612.923,212.923,0.1,0.11,0.89,0.9,0.01,0.01,75142.98,1776683611000
1776683613.592,213.592,0.1,0.11,0.89,0.9,0.01,0.01,75142.98,1776683611000
1776683614.636,214.636,0.1,0.11,0.89,0.9,0.01,0.01,75150.23,1776683613000
1776683614.973,214.973,0.1,0.11,0.89,0.9,0.01,0.01,75150.23,1776683613000
1776683615.486,215.486,0.1,0.11,0.89,0.9,0.01,0.01,75151.41,1776683614000
1776683615.844,215.844,0.1,0.11,0.89,0.9,0.01,0.01,75151.41,1776683614000
1776683616.666,216.666,0.1,0.11,0.89,0.9,0.01,0.01,75151.74,1776683615000
1776683617.07,217.07,0.1,0.11,0.89,0.9,0.01,0.01,75151.74,1776683615000
1776683617.475,217.475,0.1,0.11,0.89,0.9,0.01,0.01,75151.72,1776683616000
1776683618.001,218.001,0.1,0.11,0.89,0.9,0.01,0.01,75151.72,1776683617000
1776683618.353,218.353,0.11,0.12,0.88,0.9,0.01,0.02,75151.72,1776683617000
1776683618.862,218.862,0.11,0.12,0.88,0.89,0.01,0.01,75151.72,1776683617000
1776683619.679,219.679,0.11,0.12,0.88,0.89,0.01,0.01,75154.34,1776683618000
1776683620.137,220.137,0.11,0.12,0.88,0.89,0.01,0.01,75151.74,1776683619000
1776683621.113,221.113,0.11,0.12,0.88,0.89,0.01,0.01,75152.31,1776683620000
1776683622.144,222.144,0.11,0.12,0.88,0.89,0.01,0.01,75152.3,1776683621000
1776683623.194,223.194,0.11,0.12,0.88,0.89,0.01,0.01,75154.28,1776683622000
1776683623.536,223.536,0.11,0.12,0.88,0.89,0.01,0.01,75154.28,1776683622000
1776683624.115,224.115,0.11,0.13,0.87,0.89,0.02,0.02,75154.28,1776683622000
1776683624.509,224.509,0.11,0.12,0.87,0.89,0.01,0.02,75156.08,1776683623000
1776683624.843,224.843,0.11,0.13,0.87,0.89,0.02,0.02,75156.08,1776683623000
1776683625.195,225.195,0.12,0.13,0.87,0.88,0.01,0.01,75156.07,1776683624000
1776683625.897,225.897,0.12,0.14,0.86,0.88,0.02,0.02,75156.07,1776683625000
1776683626.549,226.549,0.13,0.14,0.86,0.87,0.01,0.01,75156.07,1776683625000
1776683626.905,226.905,0.13,0.14,0.86,0.87,0.01,0.01,75156.07,1776683625000
1776683627.735,227.735,0.13,0.14,0.86,0.87,0.01,0.01,75158.07,1776683626000
1776683628.192,228.192,0.13,0.14,0.86,0.87,0.01,0.01,75158.05,1776683627000
1776683629.143,229.143,0.13,0.14,0.86,0.87,0.01,0.01,75158.05,1776683628000
1776683630.105,230.105,0.13,0.14,0.86,0.87,0.01,0.01,75158.33,1776683629000
1776683631.058,231.058,0.13,0.14,0.86,0.87,0.01,0.01,75158.33,1776683629000
1776683632.097,232.097,0.13,0.14,0.86,0.87,0.01,0.01,75154.96,1776683631000
1776683632.505,232.505,0.13,0.14,0.86,0.87,0.01,0.01,75154.96,1776683631000
1776683632.886,232.886,0.12,0.13,0.87,0.88,0.01,0.01,75154.96,1776683631000
1776683633.407,233.407,0.12,0.14,0.86,0.88,0.02,0.02,75155.13,1776683632000
1776683633.813,233.813,0.13,0.14,0.86,0.89,0.01,0.03,75155.13,1776683632000
1776683634.251,234.251,0.13,0.14,0.86,0.87,0.01,0.01,75156.3,1776683633000
1776683634.748,234.748,0.13,0.14,0.86,0.87,0.01,0.01,75156.3,1776683633000
1776683635.111,235.111,0.13,0.14,0.86,0.87,0.01,0.01,75156.3,1776683633000
1776683635.598,235.598,0.13,0.14,0.86,0.87,0.01,0.01,75158.33,1776683634000
1776683636.056,236.056,0.13,0.14,0.86,0.87,0.01,0.01,75158.33,1776683634000
1776683636.913,236.913,0.13,0.14,0.86,0.87,0.01,0.01,75158.32,1776683635000
1776683637.536,237.536,0.13,0.14,0.86,0.87,0.01,0.01,75158.35,1776683636000
1776683638.05,238.05,0.13,0.14,0.86,0.87,0.01,0.01,75158.37,1776683637000
1776683639.18,239.18,0.13,0.14,0.86,0.87,0.01,0.01,75158.37,1776683638000
1776683640.135,240.135,0.13,0.14,0.86,0.87,0.01,0.01,75159.24,1776683639000
1776683642.293,242.293,0.13,0.14,0.86,0.87,0.01,0.01,75165.81,1776683641000
1776683642.627,242.627,0.13,0.15,0.85,0.87,0.02,0.02,75165.81,1776683641000
1776683642.974,242.974,0.13,0.14,0.86,0.87,0.01,0.01,75165.81,1776683641000
1776683643.408,243.408,0.13,0.14,0.86,0.87,0.01,0.01,75165.81,1776683641000
1776683643.765,243.765,0.13,0.14,0.86,0.87,0.01,0.01,75165.86,1776683642000
1776683644.101,244.101,0.14,0.15,0.84,0.86,0.01,0.02,75165.85,1776683643000
1776683644.546,244.546,0.14,0.15,0.85,0.86,0.01,0.01,75165.85,1776683643000
1776683645.021,245.021,0.14,0.15,0.85,0.86,0.01,0.01,75165.85,1776683643000
1776683645.476,245.476,0.14,0.15,0.85,0.86,0.01,0.01,75165.85,1776683644000
1776683646.239,246.239,0.14,0.15,0.85,0.86,0.01,0.01,75165.85,1776683645000
1776683646.727,246.727,0.14,0.15,0.85,0.86,0.01,0.01,75165.85,1776683645000
1776683647.066,247.066,0.14,0.16,0.84,0.86,0.02,0.02,75165.85,1776683645000
1776683647.876,247.876,0.14,0.17,0.83,0.86,0.03,0.03,75165.43,1776683646000
1776683648.262,248.262,0.14,0.17,0.83,0.86,0.03,0.03,75165.43,1776683646000
1776683648.871,248.871,0.19,0.22,0.8,0.82,0.03,0.02,75176.49,1776683647000
1776683649.242,249.242,0.19,0.22,0.78,0.81,0.03,0.03,75176.49,1776683647000
1776683649.641,249.641,0.19,0.23,0.77,0.81,0.04,0.04,75176.2,1776683648000
1776683649.996,249.996,0.19,0.23,0.77,0.81,0.04,0.04,75176.6,1776683649000
1776683650.491,250.491,0.19,0.24,0.77,0.81,0.05,0.04,75176.6,1776683649000
1776683650.828,250.828,0.2,0.25,0.75,0.8,0.05,0.05,75176.6,1776683649000
1776683651.236,251.236,0.19,0.28,0.72,0.81,0.09,0.09,75176.56,1776683650000
1776683651.727,251.727,0.22,0.27,0.73,0.78,0.05,0.05,75176.56,1776683650000
1776683652.133,252.133,0.21,0.24,0.78,0.8,0.03,0.02,75177.51,1776683651000
1776683652.472,252.472,0.3,0.34,0.67,0.7,0.04,0.03,75177.51,1776683651000
1776683652.873,252.873,0.33,0.34,0.66,0.67,0.01,0.01,75177.51,1776683651000
1776683653.247,253.247,0.33,0.34,0.66,0.67,0.01,0.01,75178.07,1776683652000
1776683653.58,253.58,0.33,0.34,0.66,0.67,0.01,0.01,75178.07,1776683652000
1776683653.924,253.924,0.33,0.34,0.66,0.67,0.01,0.01,75178.07,1776683652000
1776683654.279,254.279,0.32,0.34,0.66,0.68,0.02,0.02,75178.07,1776683653000
1776683655.025,255.025,0.32,0.33,0.66,0.68,0.01,0.02,75178.07,1776683653000
1776683655.545,255.545,0.32,0.33,0.67,0.68,0.01,0.01,75178.35,1776683654000
1776683655.944,255.944,0.32,0.33,0.67,0.68,0.01,0.01,75178.35,1776683654000
1776683656.373,256.373,0.32,0.33,0.67,0.68,0.01,0.01,75178.35,1776683654000
1776683656.908,256.908,0.31,0.33,0.67,0.68,0.02,0.01,75178.35,1776683655000
1776683657.315,257.315,0.31,0.33,0.67,0.69,0.02,0.02,75178.35,1776683655000
1776683657.743,257.743,0.32,0.33,0.67,0.68,0.01,0.01,75178.36,1776683656000
1776683658.167,258.167,0.31,0.33,0.67,0.7,0.02,0.03,75178.36,1776683656000
1776683658.669,258.669,0.3,0.31,0.68,0.7,0.01,0.02,75178.36,1776683657000
1776683659.03,259.03,0.3,0.31,0.69,0.7,0.01,0.01,75178.36,1776683657000
1776683659.484,259.484,0.3,0.31,0.69,0.7,0.01,0.01,75178.36,1776683657000
1776683659.834,259.834,0.3,0.31,0.69,0.7,0.01,0.01,75178.55,1776683658000
1776683660.223,260.223,0.3,0.31,0.69,0.7,0.01,0.01,75178.55,1776683659000
1776683660.602,260.602,0.29,0.3,0.7,0.71,0.01,0.01,75178.55,1776683659000
1776683660.944,260.944,0.29,0.3,0.7,0.71,0.01,0.01,75178.55,1776683659000
1776683661.358,261.358,0.29,0.3,0.7,0.71,0.01,0.01,75178.55,1776683660000
1776683661.821,261.821,0.28,0.29,0.71,0.72,0.01,0.01,75178.55,1776683660000
1776683662.168,262.168,0.28,0.29,0.71,0.72,0.01,0.01,75178.55,1776683660000
1776683662.562,262.562,0.28,0.29,0.71,0.72,0.01,0.01,75178.54,1776683661000
1776683663.01,263.01,0.29,0.3,0.7,0.71,0.01,0.01,75178.54,1776683661000
1776683663.364,263.364,0.29,0.3,0.7,0.71,0.01,0.01,75179.05,1776683662000
1776683663.743,263.743,0.29,0.3,0.7,0.71,0.01,0.01,75179.05,1776683662000
1776683664.112,264.112,0.29,0.3,0.7,0.71,0.01,0.01,75179.05,1776683662000
1776683664.46,264.46,0.29,0.3,0.7,0.71,0.01,0.01,75179.53,1776683663000
1776683664.999,264.999,0.3,0.31,0.69,0.7,0.01,0.01,75179.53,1776683663000
1776683665.527,265.527,0.3,0.31,0.69,0.7,0.01,0.01,75179.53,1776683663000
1776683665.916,265.916,0.31,0.32,0.68,0.7,0.01,0.02,75180.74,1776683664000
1776683666.829,266.829,0.31,0.32,0.68,0.69,0.01,0.01,75180.74,1776683665000
1776683667.177,267.177,0.31,0.32,0.68,0.69,0.01,0.01,75183.69,1776683666000
1776683667.513,267.513,0.31,0.32,0.68,0.69,0.01,0.01,75183.69,1776683666000
1776683668.054,268.054,0.31,0.32,0.68,0.69,0.01,0.01,75183.69,1776683666000
1776683668.494,268.494,0.33,0.4,0.61,0.67,0.07,0.06,75180.74,1776683667000
1776683668.954,268.954,0.37,0.41,0.6,0.67,0.04,0.07,75180.74,1776683667000
1776683669.351,269.351,0.37,0.41,0.59,0.63,0.04,0.04,75181.91,1776683668000
1776683669.857,269.857,0.37,0.39,0.61,0.63,0.02,0.02,75181.91,1776683668000
1776683670.214,270.214,0.37,0.43,0.57,0.63,0.06,0.06,75186.29,1776683669000
1776683670.597,270.597,0.42,0.43,0.57,0.58,0.01,0.01,75186.29,1776683669000
1776683671.007,271.007,0.42,0.43,0.57,0.58,0.01,0.01,75186.29,1776683669000
1776683671.343,271.343,0.42,0.43,0.57,0.58,0.01,0.01,75187.19,1776683670000
1776683671.722,271.722,0.44,0.45,0.55,0.58,0.01,0.03,75187.19,1776683670000
1776683672.059,272.059,0.43,0.45,0.55,0.56,0.02,0.01,75187.19,1776683670000
1776683672.415,272.415,0.43,0.44,0.56,0.57,0.01,0.01,75187.31,1776683671000
1776683672.761,272.761,0.42,0.43,0.57,0.58,0.01,0.01,75187.31,1776683671000
1776683673.164,273.164,0.42,0.43,0.57,0.58,0.01,0.01,75187.31,1776683671000
1776683673.575,273.575,0.42,0.43,0.57,0.58,0.01,0.01,75187.31,1776683672000
1776683673.909,273.909,0.38,0.4,0.59,0.62,0.02,0.03,75187.31,1776683672000
1776683674.395,274.395,0.34,0.35,0.63,0.67,0.01,0.04,75187.31,1776683672000
1776683674.753,274.753,0.28,0.29,0.71,0.72,0.01,0.01,75187.99,1776683673000
1776683675.17,275.17,0.26,0.28,0.71,0.73,0.02,0.02,75187.99,1776683673000
1776683675.516,275.516,0.25,0.26,0.73,0.74,0.01,0.01,75186.51,1776683674000
1776683675.85,275.85,0.25,0.26,0.74,0.75,0.01,0.01,75186.51,1776683674000
1776683676.183,276.183,0.25,0.26,0.74,0.75,0.01,0.01,75186.51,1776683674000
1776683676.59,276.59,0.25,0.26,0.74,0.75,0.01,0.01,75185.58,1776683675000
1776683677.001,277.001,0.26,0.27,0.73,0.74,0.01,0.01,75185.6,1776683676000
1776683677.365,277.365,0.35,0.36,0.63,0.66,0.01,0.03,75185.6,1776683676000
1776683677.996,277.996,0.36,0.37,0.63,0.64,0.01,0.01,75185.6,1776683676000
1776683678.39,278.39,0.37,0.38,0.62,0.64,0.01,0.02,75185.59,1776683677000
1776683678.756,278.756,0.37,0.38,0.62,0.63,0.01,0.01,75185.59,1776683677000
1776683679.135,279.135,0.37,0.38,0.62,0.63,0.01,0.01,75185.59,1776683677000
1776683679.562,279.562,0.37,0.38,0.62,0.63,0.01,0.01,75185.59,1776683678000
1776683680.145,280.145,0.37,0.38,0.62,0.63,0.01,0.01,75185.59,1776683678000
1776683680.566,280.566,0.31,0.36,0.62,0.67,0.05,0.05,75186.32,1776683679000
1776683681.352,281.352,0.33,0.34,0.66,0.67,0.01,0.01,75186.32,1776683680000
1776683682.039,282.039,0.28,0.29,0.66,0.67,0.01,0.01,75186.32,1776683680000
1776683682.397,282.397,0.27,0.29,0.71,0.73,0.02,0.02,75186.57,1776683681000
1776683682.817,282.817,0.26,0.27,0.73,0.74,0.01,0.01,75186.57,1776683681000
1776683683.376,283.376,0.25,0.27,0.73,0.74,0.02,0.01,75186.57,1776683681000
1776683683.837,283.837,0.25,0.26,0.74,0.75,0.01,0.01,75186.14,1776683682000
1776683684.429,284.429,0.23,0.24,0.76,0.77,0.01,0.01,75185.86,1776683683000
1776683684.978,284.978,0.23,0.24,0.76,0.77,0.01,0.01,75185.86,1776683683000
1776683685.358,285.358,0.23,0.24,0.76,0.77,0.01,0.01,75185.86,1776683683000
1776683685.82,285.82,0.23,0.24,0.76,0.77,0.01,0.01,75185.86,1776683684000
1776683686.272,286.272,0.23,0.24,0.76,0.77,0.01,0.01,75185.92,1776683685000
1776683686.625,286.625,0.21,0.22,0.76,0.77,0.01,0.01,75185.92,1776683685000
1776683687.072,287.072,0.21,0.22,0.78,0.79,0.01,0.01,75185.92,1776683685000
1776683687.458,287.458,0.21,0.22,0.78,0.79,0.01,0.01,75185.91,1776683686000
1776683687.807,287.807,0.21,0.22,0.78,0.79,0.01,0.01,75185.91,1776683686000
1776683688.18,288.18,0.22,0.23,0.77,0.78,0.01,0.01,75185.91,1776683686000
1776683688.519,288.519,0.22,0.23,0.77,0.78,0.01,0.01,75185.92,1776683687000
1776683688.854,288.854,0.23,0.39,0.68,0.77,0.16,0.09,75185.92,1776683687000
1776683689.198,289.198,0.28,0.46,0.69,0.72,0.18,0.03,75185.92,1776683687000
1776683689.548,289.548,0.3,0.31,0.69,0.7,0.01,0.01,75185.92,1776683688000
1776683689.883,289.883,0.3,0.31,0.69,0.7,0.01,0.01,75185.92,1776683688000
1776683690.288,290.288,0.3,0.35,0.69,0.7,0.05,0.01,75185.92,1776683688000
1776683690.708,290.708,0.33,0.34,0.66,0.67,0.01,0.01,75185.97,1776683689000
1776683691.045,291.045,0.34,0.36,0.63,0.65,0.02,0.02,75185.97,1776683689000
1776683691.502,291.502,0.41,0.42,0.64,0.65,0.01,0.01,75185.97,1776683689000
1776683692.195,292.195,0.41,0.42,0.58,0.59,0.01,0.01,75188.9,1776683690000
1776683692.538,292.538,0.41,0.42,0.58,0.59,0.01,0.01,75189.8,1776683691000
1776683693.064,293.064,0.41,0.42,0.58,0.6,0.01,0.02,75189.8,1776683691000
1776683693.44,293.44,0.4,0.42,0.58,0.59,0.02,0.01,75190.51,1776683692000
1776683693.87,293.87,0.4,0.42,0.58,0.6,0.02,0.02,75190.51,1776683692000
1776683694.213,294.213,0.4,0.42,0.58,0.6,0.02,0.02,75190.51,1776683692000
1776683694.739,294.739,0.38,0.41,0.59,0.6,0.03,0.01,75190.79,1776683693000
1776683695.253,295.253,0.38,0.39,0.6,0.61,0.01,0.01,75190.79,1776683693000
1776683695.631,295.631,0.38,0.4,0.6,0.61,0.02,0.01,75190.69,1776683694000
1776683696.089,296.089,0.38,0.39,0.61,0.62,0.01,0.01,75190.69,1776683694000
1776683696.446,296.446,0.38,0.39,0.61,0.62,0.01,0.01,75190.69,1776683694000
1776683696.78,296.78,0.35,0.36,0.64,0.65,0.01,0.01,75190.69,1776683695000
1776683697.135,297.135,0.31,0.32,0.68,0.69,0.01,0.01,75190.69,1776683696000
1776683697.477,297.477,0.3,0.31,0.69,0.7,0.01,0.01,75190.69,1776683696000
1776683697.82,297.82,0.3,0.31,0.69,0.7,0.01,0.01,75190.69,1776683696000
1776683698.182,298.182,0.26,0.27,0.73,0.74,0.01,0.01,75190.74,1776683697000
1776683698.528,298.528,0.22,0.28,0.72,0.73,0.06,0.01,75190.74,1776683697000
1776683698.87,298.87,0.21,0.28,0.72,0.73,0.07,0.01,75190.74,1776683697000
1776683699.212,299.212,0.26,0.27,0.73,0.74,0.01,0.01,75190.74,1776683698000
1776683699.567,299.567,0.22,0.23,0.75,0.79,0.01,0.04,75190.74,1776683698000
1776683699.956,299.956,0.15,0.16,0.84,0.85,0.01,0.01,75190.74,1776683698000
1776683700.297,300.297,0.15,0.16,0.84,0.85,0.01,0.01,75190.74,1776683698000
1776683700.66,300.66,0.11,0.01,0.99,0.89,-0.1,-0.1,75190.75,1776683699000

# RESULT,winner=Down,slug=btc-updown-5m-1776683400,ticks=640
