timestamp,elapsed_sec,up_bid,up_ask,down_bid,down_ask,up_spread,down_spread,btc_price,btc_oracle_ts
1777253100.528,0.528,0.51,0.52,0.48,0.49,0.01,0.01,79042.68,1777253098000
1777253100.901,0.901,0.51,0.52,0.48,0.49,0.01,0.01,79042.68,1777253099000
1777253101.24,1.24,0.48,0.49,0.48,0.49,0.01,0.01,79042.68,1777253099000
1777253101.581,1.581,0.45,0.46,0.54,0.55,0.01,0.01,79042.68,1777253100000
1777253102.287,2.287,0.46,0.47,0.53,0.55,0.01,0.02,79042.68,1777253100000
1777253103.124,3.124,0.46,0.47,0.53,0.54,0.01,0.01,79042.32,1777253101000
1777253103.49,3.49,0.46,0.47,0.53,0.54,0.01,0.01,79036.7,1777253102000
1777253103.886,3.886,0.46,0.48,0.53,0.54,0.02,0.01,79036.7,1777253102000
1777253104.429,4.429,0.46,0.47,0.53,0.54,0.01,0.01,79036.7,1777253102000
1777253104.999,4.999,0.46,0.47,0.53,0.54,0.01,0.01,79034.1,1777253103000
1777253105.337,5.337,0.41,0.47,0.53,0.59,0.06,0.06,79034.1,1777253103000
1777253105.697,5.697,0.4,0.44,0.56,0.6,0.04,0.04,79031.71,1777253104000
1777253106.032,6.032,0.4,0.44,0.56,0.57,0.04,0.01,79031.71,1777253104000
1777253106.453,6.453,0.4,0.41,0.59,0.6,0.01,0.01,79031.71,1777253104000
1777253106.787,6.787,0.31,0.33,0.67,0.69,0.02,0.02,79024.21,1777253105000
1777253107.181,7.181,0.3,0.31,0.69,0.7,0.01,0.01,79024.21,1777253105000
1777253107.571,7.571,0.3,0.31,0.69,0.71,0.01,0.02,79005.95,1777253106000
1777253107.967,7.967,0.29,0.3,0.7,0.71,0.01,0.01,79005.95,1777253106000
1777253108.325,8.325,0.29,0.3,0.7,0.71,0.01,0.01,79005.95,1777253106000
1777253108.714,8.714,0.3,0.31,0.69,0.7,0.01,0.01,78993.03,1777253107000
1777253109.092,9.092,0.31,0.32,0.68,0.69,0.01,0.01,78993.03,1777253107000
1777253109.661,9.661,0.31,0.32,0.68,0.69,0.01,0.01,78980.11,1777253108000
1777253110.478,10.478,0.31,0.33,0.67,0.69,0.02,0.02,78980.59,1777253109000
1777253110.851,10.851,0.31,0.32,0.68,0.69,0.01,0.01,78980.59,1777253109000
1777253111.604,11.604,0.31,0.32,0.68,0.69,0.01,0.01,78987.95,1777253110000
1777253112.077,12.077,0.31,0.32,0.68,0.69,0.01,0.01,78987.95,1777253110000
1777253112.446,12.446,0.31,0.32,0.68,0.69,0.01,0.01,78987.95,1777253110000
1777253113.112,13.112,0.31,0.32,0.68,0.69,0.01,0.01,78989.4,1777253111000
1777253113.776,13.776,0.31,0.32,0.68,0.69,0.01,0.01,78989.4,1777253111000
1777253114.227,14.227,0.31,0.32,0.68,0.69,0.01,0.01,78988.85,1777253112000
1777253114.561,14.561,0.31,0.32,0.68,0.69,0.01,0.01,78989.1,1777253113000
1777253114.968,14.968,0.31,0.32,0.68,0.69,0.01,0.01,78989.1,1777253113000
1777253115.319,15.319,0.3,0.31,0.69,0.7,0.01,0.01,78989.59,1777253114000
1777253115.739,15.739,0.3,0.31,0.69,0.7,0.01,0.01,78989.59,1777253114000
1777253116.083,16.083,0.3,0.31,0.69,0.7,0.01,0.01,78989.59,1777253114000
1777253116.608,16.608,0.3,0.31,0.69,0.7,0.01,0.01,78989.68,1777253115000
1777253117.041,17.041,0.3,0.31,0.69,0.7,0.01,0.01,78989.68,1777253115000
1777253117.413,17.413,0.3,0.31,0.69,0.7,0.01,0.01,78989.49,1777253116000
1777253117.935,17.935,0.31,0.33,0.67,0.7,0.02,0.03,78989.49,1777253116000
1777253118.273,18.273,0.33,0.35,0.65,0.68,0.02,0.03,78987.4,1777253117000
1777253118.625,18.625,0.34,0.35,0.65,0.66,0.01,0.01,78987.4,1777253117000
1777253119.173,19.173,0.34,0.35,0.65,0.66,0.01,0.01,78987.4,1777253117000
1777253119.925,19.925,0.34,0.35,0.65,0.66,0.01,0.01,78992.83,1777253119000
1777253120.649,20.649,0.34,0.35,0.65,0.66,0.01,0.01,78992.83,1777253119000
1777253121.105,21.105,0.34,0.35,0.65,0.66,0.01,0.01,78992.13,1777253120000
1777253121.532,21.532,0.31,0.32,0.68,0.71,0.01,0.03,78992.13,1777253120000
1777253121.889,21.889,0.31,0.33,0.68,0.69,0.02,0.01,78992.13,1777253120000
1777253122.316,22.316,0.37,0.38,0.62,0.63,0.01,0.01,78987.56,1777253121000
1777253122.682,22.682,0.38,0.39,0.61,0.62,0.01,0.01,78987.56,1777253121000
1777253123.026,23.026,0.38,0.39,0.61,0.62,0.01,0.01,78987.56,1777253121000
1777253123.452,23.452,0.38,0.39,0.61,0.62,0.01,0.01,78987.56,1777253121000
1777253123.822,23.822,0.38,0.39,0.61,0.62,0.01,0.01,78990.02,1777253122000
1777253124.188,24.188,0.38,0.39,0.61,0.62,0.01,0.01,78993.07,1777253123000
1777253124.586,24.586,0.38,0.39,0.61,0.62,0.01,0.01,78993.07,1777253123000
1777253124.989,24.989,0.38,0.39,0.61,0.62,0.01,0.01,78993.07,1777253123000
1777253125.386,25.386,0.38,0.39,0.61,0.62,0.01,0.01,78999.8,1777253124000
1777253125.914,25.914,0.38,0.39,0.61,0.62,0.01,0.01,78999.8,1777253124000
1777253126.319,26.319,0.38,0.39,0.61,0.62,0.01,0.01,79000.29,1777253125000
1777253126.849,26.849,0.38,0.39,0.61,0.62,0.01,0.01,79002.28,1777253126000
1777253127.719,27.719,0.38,0.39,0.61,0.62,0.01,0.01,79002.28,1777253126000
1777253128.088,28.088,0.38,0.39,0.59,0.62,0.01,0.03,79002.28,1777253126000
1777253128.428,28.428,0.38,0.39,0.61,0.62,0.01,0.01,79002.28,1777253126000
1777253128.809,28.809,0.38,0.39,0.61,0.62,0.01,0.01,79004.73,1777253127000
1777253129.146,29.146,0.38,0.39,0.61,0.62,0.01,0.01,79011.27,1777253128000
1777253129.495,29.495,0.38,0.39,0.61,0.62,0.01,0.01,79011.27,1777253128000
1777253129.931,29.931,0.37,0.39,0.61,0.62,0.02,0.01,79011.27,1777253128000
1777253130.267,30.267,0.37,0.38,0.62,0.63,0.01,0.01,79008.71,1777253129000
1777253130.963,30.963,0.37,0.38,0.62,0.63,0.01,0.01,79008.71,1777253129000
1777253131.311,31.311,0.39,0.41,0.59,0.61,0.02,0.02,79008.71,1777253129000
1777253131.665,31.665,0.41,0.42,0.58,0.59,0.01,0.01,79008.55,1777253130000
1777253132.131,32.131,0.42,0.43,0.57,0.58,0.01,0.01,79008.55,1777253130000
1777253132.512,32.512,0.42,0.43,0.57,0.58,0.01,0.01,79009.11,1777253131000
1777253133.153,33.153,0.38,0.39,0.58,0.64,0.01,0.06,79009.11,1777253131000
1777253133.523,33.523,0.34,0.39,0.61,0.66,0.05,0.05,79015.42,1777253132000
1777253133.873,33.873,0.34,0.37,0.61,0.66,0.03,0.05,79015.42,1777253132000
1777253134.251,34.251,0.34,0.35,0.65,0.66,0.01,0.01,79015.42,1777253132000
1777253134.752,34.752,0.34,0.35,0.65,0.67,0.01,0.02,79012.56,1777253133000
1777253135.181,35.181,0.34,0.35,0.65,0.66,0.01,0.01,79009.39,1777253134000
1777253135.521,35.521,0.34,0.35,0.65,0.66,0.01,0.01,79009.39,1777253134000
1777253135.912,35.912,0.34,0.35,0.65,0.66,0.01,0.01,79009.39,1777253134000
1777253136.344,36.344,0.34,0.35,0.65,0.66,0.01,0.01,79003.85,1777253135000
1777253136.801,36.801,0.34,0.35,0.65,0.66,0.01,0.01,79003.85,1777253135000
1777253137.201,37.201,0.34,0.35,0.65,0.66,0.01,0.01,79004.94,1777253136000
1777253137.587,37.587,0.34,0.35,0.65,0.66,0.01,0.01,79004.94,1777253136000
1777253137.952,37.952,0.34,0.35,0.65,0.66,0.01,0.01,79004.94,1777253136000
1777253138.322,38.322,0.34,0.35,0.65,0.66,0.01,0.01,79007.33,1777253137000
1777253138.871,38.871,0.34,0.35,0.65,0.66,0.01,0.01,79007.33,1777253137000
1777253139.216,39.216,0.34,0.35,0.65,0.66,0.01,0.01,79007.33,1777253137000
1777253139.617,39.617,0.34,0.35,0.65,0.66,0.01,0.01,79003.32,1777253138000
1777253140.021,40.021,0.34,0.35,0.65,0.66,0.01,0.01,79003.93,1777253139000
1777253140.43,40.43,0.33,0.35,0.65,0.66,0.02,0.01,79003.93,1777253139000
1777253140.978,40.978,0.33,0.34,0.66,0.67,0.01,0.01,79003.78,1777253140000
1777253141.32,41.32,0.33,0.34,0.66,0.67,0.01,0.01,79003.78,1777253140000
1777253141.935,41.935,0.33,0.34,0.66,0.67,0.01,0.01,79003.78,1777253140000
1777253142.373,42.373,0.32,0.34,0.66,0.67,0.02,0.01,79003.59,1777253141000
1777253142.935,42.935,0.32,0.33,0.66,0.68,0.01,0.02,79003.59,1777253141000
1777253143.355,43.355,0.32,0.33,0.67,0.68,0.01,0.01,79002.09,1777253142000
1777253143.717,43.717,0.32,0.33,0.67,0.68,0.01,0.01,79002.09,1777253142000
1777253144.235,44.235,0.32,0.33,0.67,0.68,0.01,0.01,78999.44,1777253143000
1777253144.723,44.723,0.32,0.33,0.67,0.68,0.01,0.01,78999.44,1777253143000
1777253145.057,45.057,0.32,0.33,0.67,0.68,0.01,0.01,78999.44,1777253143000
1777253145.557,45.557,0.32,0.33,0.67,0.68,0.01,0.01,78999.14,1777253144000
1777253145.931,45.931,0.28,0.29,0.71,0.72,0.01,0.01,78999.14,1777253144000
1777253146.29,46.29,0.27,0.29,0.71,0.73,0.02,0.02,78999.14,1777253144000
1777253146.782,46.782,0.27,0.28,0.72,0.73,0.01,0.01,78999.14,1777253145000
1777253147.518,47.518,0.27,0.28,0.72,0.73,0.01,0.01,78996.55,1777253146000
1777253147.905,47.905,0.27,0.28,0.72,0.73,0.01,0.01,78996.55,1777253146000
1777253148.263,48.263,0.27,0.28,0.72,0.73,0.01,0.01,78996.19,1777253147000
1777253148.674,48.674,0.26,0.27,0.72,0.74,0.01,0.02,78996.19,1777253147000
1777253149.014,49.014,0.26,0.27,0.73,0.74,0.01,0.01,78995.61,1777253148000
1777253149.45,49.45,0.26,0.27,0.73,0.74,0.01,0.01,78995.61,1777253148000
1777253150.012,50.012,0.26,0.27,0.73,0.74,0.01,0.01,78989.58,1777253149000
1777253150.469,50.469,0.26,0.27,0.73,0.74,0.01,0.01,78989.58,1777253149000
1777253150.849,50.849,0.26,0.27,0.73,0.74,0.01,0.01,78989.58,1777253149000
1777253151.289,51.289,0.26,0.27,0.73,0.74,0.01,0.01,78986.16,1777253150000
1777253151.722,51.722,0.26,0.27,0.73,0.74,0.01,0.01,78986.16,1777253150000
1777253152.078,52.078,0.26,0.27,0.73,0.74,0.01,0.01,78986.16,1777253150000
1777253152.426,52.426,0.26,0.27,0.73,0.74,0.01,0.01,78986.85,1777253151000
1777253152.798,52.798,0.26,0.27,0.73,0.74,0.01,0.01,78986.85,1777253151000
1777253153.161,53.161,0.26,0.27,0.73,0.74,0.01,0.01,78986.85,1777253151000
1777253153.512,53.512,0.26,0.27,0.72,0.74,0.01,0.02,78987.68,1777253152000
1777253153.923,53.923,0.26,0.27,0.73,0.74,0.01,0.01,78987.68,1777253152000
1777253154.323,54.323,0.26,0.27,0.73,0.74,0.01,0.01,78990.16,1777253153000
1777253155.438,55.438,0.26,0.27,0.73,0.74,0.01,0.01,78989.99,1777253154000
1777253155.867,55.867,0.26,0.27,0.73,0.74,0.01,0.01,78989.99,1777253154000
1777253156.201,56.201,0.3,0.31,0.68,0.7,0.01,0.02,78989.99,1777253154000
1777253156.61,56.61,0.31,0.32,0.68,0.69,0.01,0.01,78989.99,1777253154000
1777253156.997,56.997,0.33,0.34,0.66,0.67,0.01,0.01,78990.94,1777253155000
1777253157.45,57.45,0.33,0.34,0.66,0.67,0.01,0.01,78990.94,1777253155000
1777253157.929,57.929,0.33,0.34,0.66,0.67,0.01,0.01,78993.89,1777253156000
1777253158.324,58.324,0.32,0.33,0.67,0.68,0.01,0.01,79002.04,1777253157000
1777253158.715,58.715,0.31,0.32,0.67,0.69,0.01,0.02,79002.04,1777253157000
1777253159.107,59.107,0.31,0.32,0.68,0.69,0.01,0.01,79004.93,1777253158000
1777253159.745,59.745,0.3,0.32,0.68,0.69,0.02,0.01,79004.93,1777253158000
1777253160.135,60.135,0.3,0.31,0.69,0.7,0.01,0.01,79005.23,1777253159000
1777253160.478,60.478,0.29,0.3,0.7,0.71,0.01,0.01,79005.23,1777253159000
1777253160.857,60.857,0.29,0.3,0.7,0.71,0.01,0.01,79005.23,1777253159000
1777253161.194,61.194,0.29,0.3,0.7,0.71,0.01,0.01,79000.23,1777253160000
1777253161.55,61.55,0.29,0.3,0.7,0.71,0.01,0.01,79000.23,1777253160000
1777253162.215,62.215,0.26,0.29,0.71,0.74,0.03,0.03,78998.71,1777253161000
1777253162.97,62.97,0.26,0.27,0.71,0.74,0.01,0.03,78998.71,1777253161000
1777253163.318,63.318,0.26,0.27,0.73,0.75,0.01,0.02,78994.97,1777253162000
1777253163.749,63.749,0.25,0.26,0.74,0.75,0.01,0.01,78994.97,1777253162000
1777253164.17,64.17,0.25,0.26,0.74,0.75,0.01,0.01,78994.97,1777253162000
1777253164.639,64.639,0.21,0.22,0.78,0.79,0.01,0.01,78987.42,1777253163000
1777253165.031,65.031,0.21,0.22,0.78,0.79,0.01,0.01,78987.42,1777253163000
1777253165.699,65.699,0.21,0.22,0.78,0.79,0.01,0.01,78985.74,1777253164000
1777253166.066,66.066,0.21,0.22,0.78,0.79,0.01,0.01,78985.74,1777253164000
1777253166.407,66.407,0.21,0.22,0.78,0.79,0.01,0.01,78978.99,1777253165000
1777253166.744,66.744,0.21,0.22,0.78,0.79,0.01,0.01,78978.99,1777253165000
1777253167.112,67.112,0.21,0.22,0.78,0.79,0.01,0.01,78978.99,1777253165000
1777253167.465,67.465,0.21,0.22,0.78,0.79,0.01,0.01,78975.69,1777253166000
1777253167.827,67.827,0.21,0.22,0.78,0.79,0.01,0.01,78975.69,1777253166000
1777253168.18,68.18,0.2,0.21,0.79,0.8,0.01,0.01,78975.69,1777253166000
1777253168.751,68.751,0.21,0.22,0.79,0.8,0.01,0.01,78977.01,1777253167000
1777253169.11,69.11,0.21,0.22,0.78,0.79,0.01,0.01,78977.01,1777253167000
1777253169.462,69.462,0.21,0.22,0.78,0.79,0.01,0.01,78976.17,1777253168000
1777253169.8,69.8,0.19,0.22,0.78,0.79,0.03,0.01,78976.17,1777253168000
1777253170.165,70.165,0.19,0.25,0.8,0.81,0.06,0.01,78976.17,1777253168000
1777253170.681,70.681,0.22,0.23,0.77,0.78,0.01,0.01,78974.58,1777253169000
1777253171.065,71.065,0.22,0.23,0.77,0.78,0.01,0.01,78974.16,1777253170000
1777253171.427,71.427,0.22,0.23,0.77,0.78,0.01,0.01,78974.16,1777253170000
1777253171.761,71.761,0.22,0.23,0.77,0.78,0.01,0.01,78974.16,1777253170000
1777253172.127,72.127,0.22,0.23,0.77,0.78,0.01,0.01,78974.16,1777253170000
1777253172.463,72.463,0.23,0.24,0.76,0.78,0.01,0.02,78973.45,1777253171000
1777253172.833,72.833,0.26,0.27,0.73,0.74,0.01,0.01,78973.45,1777253171000
1777253173.213,73.213,0.26,0.27,0.73,0.74,0.01,0.01,78973.45,1777253171000
1777253173.682,73.682,0.26,0.27,0.73,0.74,0.01,0.01,78974.18,1777253172000
1777253174.066,74.066,0.26,0.27,0.73,0.74,0.01,0.01,78974.18,1777253172000
1777253174.4,74.4,0.26,0.27,0.73,0.74,0.01,0.01,78975.16,1777253173000
1777253174.828,74.828,0.26,0.27,0.73,0.74,0.01,0.01,78975.16,1777253173000
1777253175.195,75.195,0.26,0.27,0.73,0.74,0.01,0.01,78979.52,1777253174000
1777253175.529,75.529,0.26,0.27,0.73,0.74,0.01,0.01,78979.52,1777253174000
1777253175.919,75.919,0.26,0.27,0.73,0.74,0.01,0.01,78979.52,1777253174000
1777253176.564,76.564,0.26,0.27,0.73,0.74,0.01,0.01,78980.63,1777253175000
1777253176.912,76.912,0.26,0.27,0.73,0.74,0.01,0.01,78980.63,1777253175000
1777253177.334,77.334,0.26,0.27,0.73,0.74,0.01,0.01,78980.87,1777253176000
1777253177.683,77.683,0.26,0.27,0.73,0.74,0.01,0.01,78980.87,1777253176000
1777253178.118,78.118,0.26,0.27,0.73,0.74,0.01,0.01,78982.6,1777253177000
1777253178.565,78.565,0.26,0.27,0.73,0.74,0.01,0.01,78982.6,1777253177000
1777253178.934,78.934,0.26,0.27,0.73,0.74,0.01,0.01,78982.6,1777253177000
1777253179.273,79.273,0.26,0.29,0.71,0.74,0.03,0.03,78984.51,1777253178000
1777253179.626,79.626,0.26,0.27,0.73,0.74,0.01,0.01,78984.51,1777253178000
1777253180.109,80.109,0.24,0.25,0.75,0.77,0.01,0.02,78984.51,1777253178000
1777253180.449,80.449,0.24,0.25,0.75,0.76,0.01,0.01,78986.28,1777253179000
1777253180.783,80.783,0.24,0.25,0.75,0.76,0.01,0.01,78986.28,1777253179000
1777253181.268,81.268,0.24,0.25,0.75,0.76,0.01,0.01,78986.28,1777253179000
1777253181.759,81.759,0.24,0.25,0.75,0.76,0.01,0.01,78986.82,1777253180000
1777253182.259,82.259,0.24,0.26,0.75,0.76,0.02,0.01,78986.82,1777253181000
1777253182.613,82.613,0.3,0.32,0.68,0.71,0.02,0.03,78986.82,1777253181000
1777253183.04,83.04,0.3,0.31,0.69,0.7,0.01,0.01,78983.51,1777253182000
1777253183.413,83.413,0.3,0.31,0.69,0.7,0.01,0.01,78983.51,1777253182000
1777253184.374,84.374,0.3,0.32,0.68,0.7,0.02,0.02,78995.14,1777253183000
1777253184.781,84.781,0.31,0.32,0.68,0.7,0.01,0.02,78995.14,1777253183000
1777253185.306,85.306,0.31,0.32,0.68,0.69,0.01,0.01,78997.79,1777253184000
1777253185.707,85.707,0.31,0.32,0.68,0.69,0.01,0.01,78997.79,1777253184000
1777253186.732,86.732,0.31,0.34,0.68,0.69,0.03,0.01,79002.63,1777253185000
1777253187.075,87.075,0.33,0.34,0.66,0.67,0.01,0.01,79003.79,1777253186000
1777253187.412,87.412,0.33,0.34,0.66,0.67,0.01,0.01,79003.79,1777253186000
1777253187.771,87.771,0.31,0.34,0.66,0.67,0.03,0.01,79003.79,1777253186000
1777253188.187,88.187,0.32,0.33,0.66,0.69,0.01,0.03,79003.79,1777253186000
1777253188.609,88.609,0.32,0.33,0.67,0.68,0.01,0.01,79004.03,1777253187000
1777253189.156,89.156,0.34,0.35,0.65,0.66,0.01,0.01,79005.34,1777253188000
1777253189.874,89.874,0.34,0.35,0.65,0.66,0.01,0.01,79005.34,1777253188000
1777253190.623,90.623,0.34,0.35,0.65,0.66,0.01,0.01,79007.96,1777253189000
1777253191.247,91.247,0.34,0.35,0.65,0.66,0.01,0.01,79009.69,1777253190000
1777253191.778,91.778,0.32,0.33,0.67,0.68,0.01,0.01,79009.69,1777253190000
1777253192.124,92.124,0.32,0.33,0.67,0.68,0.01,0.01,79009.69,1777253190000
1777253192.67,92.67,0.32,0.33,0.67,0.68,0.01,0.01,79010.3,1777253191000
1777253193.272,93.272,0.32,0.33,0.67,0.68,0.01,0.01,79009.22,1777253192000
1777253193.647,93.647,0.32,0.33,0.67,0.68,0.01,0.01,79009.22,1777253192000
1777253194.175,94.175,0.32,0.33,0.67,0.68,0.01,0.01,79009.22,1777253192000
1777253195.045,95.045,0.32,0.33,0.67,0.68,0.01,0.01,79008.78,1777253194000
1777253195.57,95.57,0.32,0.33,0.67,0.68,0.01,0.01,79008.78,1777253194000
1777253195.959,95.959,0.32,0.33,0.67,0.68,0.01,0.01,79008.78,1777253194000
1777253196.315,96.315,0.32,0.34,0.67,0.68,0.02,0.01,79008.98,1777253195000
1777253196.913,96.913,0.33,0.34,0.66,0.67,0.01,0.01,79008.98,1777253195000
1777253197.377,97.377,0.33,0.35,0.66,0.67,0.02,0.01,79009.31,1777253196000
1777253198.152,98.152,0.33,0.35,0.65,0.67,0.02,0.02,79010.17,1777253197000
1777253198.607,98.607,0.33,0.35,0.65,0.67,0.02,0.02,79010.17,1777253197000
1777253199.333,99.333,0.31,0.32,0.68,0.69,0.01,0.01,79013.29,1777253198000
1777253199.69,99.69,0.3,0.31,0.68,0.69,0.01,0.01,79013.29,1777253198000
1777253200.036,100.036,0.3,0.31,0.69,0.7,0.01,0.01,79013.29,1777253198000
1777253200.379,100.379,0.3,0.31,0.69,0.7,0.01,0.01,79012.61,1777253199000
1777253200.772,100.772,0.3,0.31,0.69,0.7,0.01,0.01,79012.61,1777253199000
1777253201.133,101.133,0.26,0.27,0.7,0.73,0.01,0.03,79008.34,1777253200000
1777253201.466,101.466,0.25,0.26,0.74,0.75,0.01,0.01,79008.34,1777253200000
1777253201.878,101.878,0.2,0.21,0.79,0.8,0.01,0.01,79008.34,1777253200000
1777253202.46,102.46,0.2,0.21,0.79,0.8,0.01,0.01,79007.04,1777253201000
1777253202.897,102.897,0.22,0.23,0.76,0.79,0.01,0.03,79007.04,1777253201000
1777253203.281,103.281,0.21,0.23,0.77,0.78,0.02,0.01,79001.67,1777253202000
1777253203.641,103.641,0.19,0.21,0.78,0.81,0.02,0.03,79001.67,1777253202000
1777253204.152,104.152,0.19,0.2,0.8,0.81,0.01,0.01,78990.09,1777253203000
1777253204.485,104.485,0.19,0.2,0.8,0.81,0.01,0.01,78990.09,1777253203000
1777253205.077,105.077,0.19,0.2,0.8,0.81,0.01,0.01,78990.09,1777253203000
1777253205.489,105.489,0.19,0.2,0.8,0.81,0.01,0.01,78988.27,1777253204000
1777253206.074,106.074,0.19,0.2,0.8,0.81,0.01,0.01,78988.27,1777253204000
1777253207.174,107.174,0.19,0.2,0.8,0.81,0.01,0.01,78984.6,1777253206000
1777253207.592,107.592,0.18,0.2,0.8,0.81,0.02,0.01,78984.6,1777253206000
1777253207.991,107.991,0.19,0.2,0.8,0.81,0.01,0.01,78984.6,1777253206000
1777253208.765,108.765,0.18,0.19,0.81,0.82,0.01,0.01,78982.87,1777253207000
1777253209.098,109.098,0.16,0.17,0.83,0.84,0.01,0.01,78982.87,1777253207000
1777253209.431,109.431,0.15,0.17,0.83,0.84,0.02,0.01,78980,1777253208000
1777253210.294,110.294,0.15,0.16,0.84,0.85,0.01,0.01,78980,1777253208000
1777253210.711,110.711,0.15,0.16,0.84,0.85,0.01,0.01,78980,1777253208000
1777253211.066,111.066,0.15,0.16,0.84,0.85,0.01,0.01,78978.62,1777253209000
1777253211.534,111.534,0.15,0.16,0.84,0.85,0.01,0.01,78974.34,1777253210000
1777253211.972,111.972,0.15,0.16,0.84,0.85,0.01,0.01,78974.34,1777253210000
1777253212.403,112.403,0.15,0.16,0.84,0.85,0.01,0.01,78969.17,1777253211000
1777253212.844,112.844,0.15,0.16,0.84,0.85,0.01,0.01,78969.17,1777253211000
1777253213.293,113.293,0.15,0.16,0.84,0.85,0.01,0.01,78968.53,1777253212000
1777253214.297,114.297,0.15,0.16,0.84,0.85,0.01,0.01,78968.32,1777253213000
1777253214.644,114.644,0.15,0.16,0.84,0.85,0.01,0.01,78968.32,1777253213000
1777253215.351,115.351,0.15,0.16,0.84,0.85,0.01,0.01,78968.32,1777253213000
1777253215.851,115.851,0.15,0.19,0.84,0.85,0.04,0.01,78971.51,1777253214000
1777253216.261,116.261,0.17,0.18,0.82,0.84,0.01,0.02,78971.51,1777253214000
1777253216.735,116.735,0.17,0.18,0.82,0.83,0.01,0.01,78970.73,1777253215000
1777253217.193,117.193,0.17,0.18,0.82,0.83,0.01,0.01,78969.32,1777253216000
1777253217.817,117.817,0.17,0.18,0.82,0.83,0.01,0.01,78969.32,1777253216000
1777253218.21,118.21,0.14,0.15,0.82,0.88,0.01,0.06,78969.32,1777253216000
1777253218.625,118.625,0.14,0.15,0.85,0.86,0.01,0.01,78968.65,1777253217000
1777253219.037,119.037,0.14,0.15,0.85,0.86,0.01,0.01,78968.64,1777253218000
1777253219.836,119.836,0.14,0.15,0.85,0.86,0.01,0.01,78968.64,1777253218000
1777253220.208,120.208,0.13,0.16,0.84,0.86,0.03,0.02,78966.8,1777253219000
1777253220.628,120.628,0.13,0.14,0.86,0.87,0.01,0.01,78966.8,1777253219000
1777253221.301,121.301,0.12,0.14,0.86,0.88,0.02,0.02,78965.55,1777253220000
1777253222.124,122.124,0.11,0.14,0.86,0.88,0.03,0.02,78965.55,1777253220000
1777253222.464,122.464,0.12,0.13,0.87,0.88,0.01,0.01,78965.55,1777253220000
1777253222.954,122.954,0.11,0.12,0.88,0.89,0.01,0.01,78960.88,1777253221000
1777253223.417,123.417,0.11,0.12,0.88,0.89,0.01,0.01,78960.88,1777253221000
1777253223.883,123.883,0.09,0.1,0.89,0.92,0.01,0.03,78955.65,1777253222000
1777253224.299,124.299,0.09,0.1,0.9,0.91,0.01,0.01,78951.86,1777253223000
1777253224.664,124.664,0.09,0.1,0.9,0.91,0.01,0.01,78951.86,1777253223000
1777253225.004,125.004,0.09,0.1,0.9,0.91,0.01,0.01,78951.86,1777253223000
1777253225.59,125.59,0.09,0.1,0.9,0.91,0.01,0.01,78952.38,1777253224000
1777253225.925,125.925,0.09,0.1,0.9,0.91,0.01,0.01,78952.38,1777253224000
1777253226.266,126.266,0.09,0.1,0.9,0.91,0.01,0.01,78950.82,1777253225000
1777253226.644,126.644,0.1,0.11,0.89,0.9,0.01,0.01,78950.82,1777253225000
1777253227.008,127.008,0.11,0.12,0.88,0.89,0.01,0.01,78950.82,1777253225000
1777253227.447,127.447,0.12,0.13,0.87,0.88,0.01,0.01,78950.82,1777253225000
1777253227.783,127.783,0.12,0.13,0.87,0.88,0.01,0.01,78950.82,1777253225000
1777253228.13,128.13,0.13,0.14,0.86,0.87,0.01,0.01,78949.23,1777253226000
1777253228.498,128.498,0.13,0.14,0.86,0.87,0.01,0.01,78949.23,1777253226000
1777253228.844,128.844,0.14,0.15,0.85,0.86,0.01,0.01,78949.23,1777253226000
1777253229.341,129.341,0.15,0.16,0.84,0.85,0.01,0.01,78947.67,1777253227000
1777253229.808,129.808,0.15,0.16,0.84,0.85,0.01,0.01,78954.55,1777253228000
1777253230.145,130.145,0.18,0.19,0.81,0.82,0.01,0.01,78954.55,1777253228000
1777253230.479,130.479,0.26,0.33,0.69,0.74,0.07,0.05,78954.55,1777253228000
1777253230.813,130.813,0.26,0.27,0.73,0.74,0.01,0.01,78959.02,1777253229000
1777253231.154,131.154,0.26,0.27,0.73,0.74,0.01,0.01,78959.02,1777253229000
1777253231.538,131.538,0.26,0.27,0.73,0.74,0.01,0.01,78966.55,1777253230000
1777253231.907,131.907,0.26,0.27,0.73,0.74,0.01,0.01,78966.55,1777253230000
1777253232.243,132.243,0.26,0.27,0.73,0.74,0.01,0.01,78966.55,1777253230000
1777253232.656,132.656,0.25,0.26,0.74,0.75,0.01,0.01,78988.71,1777253231000
1777253233.006,133.006,0.25,0.26,0.74,0.75,0.01,0.01,78988.71,1777253231000
1777253233.365,133.365,0.25,0.26,0.74,0.75,0.01,0.01,78990.32,1777253232000
1777253233.712,133.712,0.25,0.26,0.74,0.75,0.01,0.01,78990.32,1777253232000
1777253234.047,134.047,0.25,0.26,0.74,0.75,0.01,0.01,78990.32,1777253232000
1777253234.404,134.404,0.23,0.24,0.74,0.77,0.01,0.03,78990.32,1777253232000
1777253234.783,134.783,0.23,0.24,0.76,0.77,0.01,0.01,78990.32,1777253232000
1777253235.151,135.151,0.2,0.23,0.77,0.8,0.03,0.03,78991.17,1777253233000
1777253235.489,135.489,0.2,0.23,0.77,0.8,0.03,0.03,78991.17,1777253234000
1777253236.26,136.26,0.21,0.22,0.78,0.79,0.01,0.01,78991.17,1777253234000
1777253236.736,136.736,0.21,0.22,0.78,0.8,0.01,0.02,78991.17,1777253234000
1777253237.191,137.191,0.18,0.19,0.81,0.82,0.01,0.01,78990.09,1777253235000
1777253237.542,137.542,0.18,0.19,0.81,0.82,0.01,0.01,78989.53,1777253236000
1777253237.891,137.891,0.18,0.19,0.81,0.82,0.01,0.01,78989.53,1777253236000
1777253238.304,138.304,0.2,0.21,0.79,0.8,0.01,0.01,78989.53,1777253236000
1777253238.657,138.657,0.2,0.21,0.79,0.8,0.01,0.01,78978.15,1777253237000
1777253239.019,139.019,0.2,0.21,0.79,0.8,0.01,0.01,78978.15,1777253237000
1777253239.426,139.426,0.19,0.21,0.79,0.8,0.02,0.01,78976.65,1777253238000
1777253239.893,139.893,0.18,0.19,0.79,0.82,0.01,0.03,78976.65,1777253238000
1777253240.259,140.259,0.17,0.18,0.82,0.83,0.01,0.01,78979.49,1777253239000
1777253240.635,140.635,0.15,0.16,0.84,0.85,0.01,0.01,78979.49,1777253239000
1777253240.975,140.975,0.15,0.16,0.84,0.85,0.01,0.01,78979.49,1777253239000
1777253241.321,141.321,0.15,0.16,0.84,0.85,0.01,0.01,78979.49,1777253239000
1777253242.001,142.001,0.13,0.15,0.85,0.87,0.02,0.02,78974.36,1777253241000
1777253242.629,142.629,0.13,0.14,0.86,0.87,0.01,0.01,78974.36,1777253241000
1777253243.237,143.237,0.11,0.13,0.87,0.89,0.02,0.02,78970.71,1777253242000
1777253243.645,143.645,0.11,0.12,0.88,0.89,0.01,0.01,78970.71,1777253242000
1777253244.023,144.023,0.11,0.12,0.88,0.89,0.01,0.01,78970.71,1777253242000
1777253244.479,144.479,0.11,0.12,0.88,0.89,0.01,0.01,78970.71,1777253242000
1777253245.022,145.022,0.07,0.09,0.91,0.93,0.02,0.02,78967.05,1777253243000
1777253245.427,145.427,0.07,0.08,0.92,0.93,0.01,0.01,78967.05,1777253243000
1777253245.781,145.781,0.07,0.08,0.92,0.93,0.01,0.01,78964.48,1777253244000
1777253246.139,146.139,0.07,0.08,0.92,0.93,0.01,0.01,78958.32,1777253245000
1777253246.482,146.482,0.07,0.08,0.92,0.93,0.01,0.01,78958.32,1777253245000
1777253246.916,146.916,0.06,0.07,0.92,0.94,0.01,0.02,78958.32,1777253245000
1777253247.3,147.3,0.07,0.08,0.92,0.94,0.01,0.02,78958.32,1777253245000
1777253247.641,147.641,0.07,0.08,0.92,0.93,0.01,0.01,78943.22,1777253246000
1777253248.113,148.113,0.07,0.08,0.92,0.93,0.01,0.01,78943.22,1777253246000
1777253248.451,148.451,0.07,0.08,0.92,0.93,0.01,0.01,78943.07,1777253247000
1777253248.788,148.788,0.08,0.09,0.91,0.93,0.01,0.02,78943.07,1777253247000
1777253249.127,149.127,0.08,0.09,0.91,0.92,0.01,0.01,78943.07,1777253247000
1777253249.464,149.464,0.08,0.09,0.91,0.92,0.01,0.01,78939.1,1777253248000
1777253249.893,149.893,0.08,0.09,0.91,0.92,0.01,0.01,78939.1,1777253248000
1777253250.451,150.451,0.08,0.09,0.91,0.92,0.01,0.01,78936.19,1777253249000
1777253250.875,150.875,0.08,0.09,0.91,0.92,0.01,0.01,78936.19,1777253249000
1777253251.213,151.213,0.07,0.08,0.92,0.93,0.01,0.01,78936.19,1777253249000
1777253251.593,151.593,0.07,0.08,0.92,0.93,0.01,0.01,78937.57,1777253250000
1777253251.952,151.952,0.06,0.08,0.92,0.93,0.02,0.01,78935.54,1777253251000
1777253252.354,152.354,0.06,0.07,0.93,0.94,0.01,0.01,78935.54,1777253251000
1777253252.765,152.765,0.06,0.07,0.93,0.94,0.01,0.01,78935.54,1777253251000
1777253253.107,153.107,0.06,0.07,0.93,0.94,0.01,0.01,78935.31,1777253252000
1777253253.564,153.564,0.06,0.07,0.93,0.94,0.01,0.01,78935.31,1777253252000
1777253253.917,153.917,0.05,0.07,0.93,0.95,0.02,0.02,78935.31,1777253252000
1777253254.257,154.257,0.05,0.06,0.94,0.95,0.01,0.01,78935.31,1777253252000
1777253254.644,154.644,0.04,0.05,0.95,0.96,0.01,0.01,78933.34,1777253253000
1777253255.129,155.129,0.04,0.05,0.95,0.96,0.01,0.01,78933.34,1777253253000
1777253255.47,155.47,0.04,0.05,0.95,0.96,0.01,0.01,78933.34,1777253253000
1777253255.81,155.81,0.04,0.05,0.95,0.96,0.01,0.01,78924.47,1777253254000
1777253256.156,156.156,0.04,0.05,0.95,0.96,0.01,0.01,78917.14,1777253255000
1777253256.552,156.552,0.04,0.05,0.95,0.96,0.01,0.01,78917.14,1777253255000
1777253256.992,156.992,0.04,0.05,0.95,0.96,0.01,0.01,78917.14,1777253255000
1777253257.4,157.4,0.04,0.05,0.95,0.96,0.01,0.01,78917.13,1777253256000
1777253258.397,158.397,0.04,0.05,0.95,0.96,0.01,0.01,78917.45,1777253257000
1777253258.76,158.76,0.05,0.06,0.94,0.95,0.01,0.01,78917.45,1777253257000
1777253259.284,159.284,0.05,0.06,0.94,0.95,0.01,0.01,78915.61,1777253258000
1777253259.619,159.619,0.05,0.06,0.94,0.95,0.01,0.01,78915.61,1777253258000
1777253260.069,160.069,0.05,0.06,0.94,0.95,0.01,0.01,78915.61,1777253258000
1777253260.573,160.573,0.05,0.06,0.94,0.95,0.01,0.01,78913.84,1777253259000
1777253260.908,160.908,0.05,0.06,0.94,0.95,0.01,0.01,78913.84,1777253259000
1777253261.334,161.334,0.05,0.06,0.94,0.95,0.01,0.01,78913.84,1777253259000
1777253261.767,161.767,0.04,0.05,0.95,0.96,0.01,0.01,78912.04,1777253260000
1777253262.28,162.28,0.04,0.05,0.95,0.96,0.01,0.01,78913.1,1777253261000
1777253262.669,162.669,0.04,0.05,0.95,0.96,0.01,0.01,78913.1,1777253261000
1777253263.106,163.106,0.04,0.05,0.95,0.96,0.01,0.01,78913.1,1777253261000
1777253263.442,163.442,0.04,0.05,0.95,0.96,0.01,0.01,78913.1,1777253261000
1777253263.783,163.783,0.04,0.05,0.95,0.96,0.01,0.01,78913.5,1777253262000
1777253264.198,164.198,0.04,0.05,0.95,0.96,0.01,0.01,78913.5,1777253262000
1777253264.584,164.584,0.04,0.05,0.95,0.96,0.01,0.01,78914.65,1777253263000
1777253264.944,164.944,0.04,0.05,0.95,0.96,0.01,0.01,78914.65,1777253263000
1777253265.385,165.385,0.04,0.05,0.95,0.96,0.01,0.01,78914.65,1777253263000
1777253265.873,165.873,0.04,0.05,0.95,0.96,0.01,0.01,78913.89,1777253264000
1777253266.254,166.254,0.03,0.05,0.95,0.97,0.02,0.02,78910.61,1777253265000
1777253266.611,166.611,0.03,0.04,0.96,0.97,0.01,0.01,78910.61,1777253265000
1777253267.216,167.216,0.03,0.04,0.96,0.97,0.01,0.01,78910.61,1777253265000
1777253267.853,167.853,0.03,0.04,0.96,0.97,0.01,0.01,78900.96,1777253266000
1777253268.189,168.189,0.03,0.04,0.96,0.97,0.01,0.01,78900.96,1777253266000
1777253268.549,168.549,0.03,0.04,0.96,0.97,0.01,0.01,78898.43,1777253267000
1777253268.909,168.909,0.03,0.04,0.96,0.97,0.01,0.01,78898.43,1777253267000
1777253269.244,169.244,0.03,0.04,0.96,0.97,0.01,0.01,78890.32,1777253268000
1777253269.674,169.674,0.02,0.03,0.97,0.98,0.01,0.01,78890.32,1777253268000
1777253270.092,170.092,0.02,0.03,0.97,0.98,0.01,0.01,78890.32,1777253268000
1777253270.47,170.47,0.02,0.03,0.97,0.98,0.01,0.01,78890.32,1777253268000
1777253271.175,171.175,0.02,0.03,0.97,0.98,0.01,0.01,78884.32,1777253269000
1777253271.519,171.519,0.02,0.03,0.97,0.98,0.01,0.01,78876.75,1777253270000
1777253271.961,171.961,0.02,0.03,0.97,0.98,0.01,0.01,78876.75,1777253270000
1777253272.361,172.361,0.02,0.03,0.97,0.98,0.01,0.01,78876.75,1777253270000
1777253272.717,172.717,0.02,0.03,0.97,0.98,0.01,0.01,78868.52,1777253271000
1777253273.285,173.285,0.01,0.03,0.97,0.99,0.02,0.02,78866.89,1777253272000
1777253273.666,173.666,0.01,0.02,0.98,0.99,0.01,0.01,78866.89,1777253272000
1777253274.013,174.013,0.01,0.02,0.98,0.99,0.01,0.01,78866.89,1777253272000
1777253274.565,174.565,0.01,0.02,0.98,0.99,0.01,0.01,78866.89,1777253272000
1777253274.957,174.957,0.01,0.02,0.98,0.99,0.01,0.01,78859.59,1777253273000
1777253275.337,175.337,0.01,0.02,0.98,0.99,0.01,0.01,78859.59,1777253273000
1777253275.711,175.711,0.01,0.02,0.98,0.99,0.01,0.01,78859.19,1777253274000
1777253276.262,176.262,0.01,0.02,0.98,0.99,0.01,0.01,78859.19,1777253274000
1777253276.608,176.608,0.01,0.02,0.98,0.99,0.01,0.01,78849.27,1777253275000
1777253276.944,176.944,0.01,0.02,0.98,0.99,0.01,0.01,78849.27,1777253275000
1777253277.79,177.79,0.01,0.02,0.98,0.99,0.01,0.01,78845.98,1777253276000
1777253278.21,178.21,0.01,0.02,0.98,0.99,0.01,0.01,78845.98,1777253276000
1777253278.775,178.775,0.01,0.02,0.98,0.99,0.01,0.01,78838.72,1777253277000
1777253279.189,179.189,0.01,0.02,0.98,0.99,0.01,0.01,78837.34,1777253278000
1777253279.59,179.59,0.01,0.02,0.98,0.99,0.01,0.01,78837.34,1777253278000
1777253279.966,179.966,0.01,0.02,0.98,0.99,0.01,0.01,78837.34,1777253278000
1777253280.347,180.347,0.01,0.02,0.98,0.99,0.01,0.01,78837.34,1777253278000
1777253280.684,180.684,0.01,0.02,0.98,0.99,0.01,0.01,78829.63,1777253279000
1777253281.189,181.189,0.01,0.02,0.98,0.99,0.01,0.01,78828.53,1777253280000
1777253281.728,181.728,0.01,0.01,0.99,0.99,0.0,0.0,78828.53,1777253280000
1777253282.332,182.332,0.01,0.01,0.99,0.99,0.0,0.0,78822.81,1777253281000
1777253283.526,183.526,0.01,0.01,0.99,0.99,0.0,0.0,78822.81,1777253281000
1777253283.993,183.993,0.01,0.01,0.99,0.99,0.0,0.0,78796.66,1777253283000
1777253284.69,184.69,0.01,0.01,0.99,0.99,0.0,0.0,78796.66,1777253283000
1777253285.26,185.26,0.01,0.01,0.99,0.99,0.0,0.0,78787.04,1777253284000
1777253285.624,185.624,0.01,0.01,0.99,0.99,0.0,0.0,78787.04,1777253284000
1777253286.136,186.136,0.01,0.01,0.99,0.99,0.0,0.0,78787.04,1777253284000
1777253286.585,186.585,0.01,0.01,0.99,0.99,0.0,0.0,78773.92,1777253285000
1777253287.02,187.02,0.01,0.01,0.99,0.99,0.0,0.0,78773.92,1777253285000
1777253287.801,187.801,0.01,0.01,0.99,0.99,0.0,0.0,78769.63,1777253286000
1777253288.372,188.372,0.01,0.01,0.99,0.99,0.0,0.0,78767.3,1777253287000
1777253288.932,188.932,0.01,0.01,0.99,0.99,0.0,0.0,78766.92,1777253288000
1777253289.271,189.271,0.01,0.01,0.99,0.99,0.0,0.0,78766.92,1777253288000
1777253289.92,189.92,0.01,0.01,0.99,0.99,0.0,0.0,78766.92,1777253288000
1777253290.373,190.373,0.01,0.01,0.99,0.99,0.0,0.0,78768.81,1777253289000
1777253290.716,190.716,0.01,0.01,0.99,0.99,0.0,0.0,78768.81,1777253289000
1777253291.283,191.283,0.01,0.01,0.99,0.99,0.0,0.0,78769.73,1777253290000
1777253292.144,192.144,0.01,0.01,0.99,0.99,0.0,0.0,78769.73,1777253290000
1777253292.484,192.484,0.01,0.01,0.99,0.99,0.0,0.0,78769.73,1777253290000
1777253293.59,193.59,0.01,0.01,0.99,0.99,0.0,0.0,78778.41,1777253291000
1777253294.443,194.443,0.01,0.01,0.99,0.99,0.0,0.0,78787.72,1777253292000
1777253294.803,194.803,0.01,0.01,0.99,0.99,0.0,0.0,78787.72,1777253292000
1777253295.14,195.14,0.01,0.01,0.99,0.99,0.0,0.0,78795.32,1777253293000
1777253295.719,195.719,0.01,0.01,0.99,0.99,0.0,0.0,78795.32,1777253293000
1777253296.232,196.232,0.01,0.01,0.99,0.99,0.0,0.0,78804.58,1777253294000
1777253296.711,196.711,0.01,0.01,0.99,0.99,0.0,0.0,78817.38,1777253295000
1777253297.221,197.221,0.01,0.01,0.99,0.99,0.0,0.0,78817.38,1777253295000
1777253297.809,197.809,0.01,0.01,0.99,0.99,0.0,0.0,78822.87,1777253296000
1777253298.523,198.523,0.01,0.01,0.99,0.99,0.0,0.0,78842.95,1777253297000
1777253298.88,198.88,0.01,0.02,0.98,0.99,0.01,0.01,78842.95,1777253297000
1777253299.25,199.25,0.01,0.02,0.98,0.99,0.01,0.01,78844.43,1777253298000
1777253299.608,199.608,0.01,0.02,0.98,0.99,0.01,0.01,78844.43,1777253298000
1777253299.989,199.989,0.01,0.02,0.98,0.99,0.01,0.01,78844.43,1777253298000
1777253300.324,200.324,0.01,0.02,0.98,0.99,0.01,0.01,78844.43,1777253298000
1777253300.708,200.708,0.01,0.02,0.98,0.99,0.01,0.01,78844.43,1777253298000
1777253301.107,201.107,0.01,0.02,0.98,0.99,0.01,0.01,78848.71,1777253299000
1777253301.587,201.587,0.01,0.02,0.98,0.99,0.01,0.01,78848.71,1777253299000
1777253302.154,202.154,0.01,0.02,0.98,0.99,0.01,0.01,78837.27,1777253300000
1777253302.528,202.528,0.01,0.02,0.98,0.99,0.01,0.01,78837.27,1777253301000
1777253302.947,202.947,0.01,0.02,0.98,0.99,0.01,0.01,78837.27,1777253301000
1777253303.346,203.346,0.01,0.02,0.98,0.99,0.01,0.01,78837.27,1777253301000
1777253303.826,203.826,0.01,0.02,0.98,0.99,0.01,0.01,78841.06,1777253302000
1777253304.291,204.291,0.01,0.02,0.98,0.99,0.01,0.01,78841.06,1777253302000
1777253304.713,204.713,0.01,0.02,0.98,0.99,0.01,0.01,78844.99,1777253303000
1777253305.391,205.391,0.01,0.02,0.98,0.99,0.01,0.01,78844.99,1777253303000
1777253305.795,205.795,0.01,0.02,0.98,0.99,0.01,0.01,78841.78,1777253304000
1777253306.195,206.195,0.01,0.02,0.98,0.99,0.01,0.01,78841.78,1777253304000
1777253306.712,206.712,0.01,0.02,0.98,0.99,0.01,0.01,78840.74,1777253305000
1777253307.412,207.412,0.01,0.02,0.98,0.99,0.01,0.01,78837.65,1777253306000
1777253307.96,207.96,0.01,0.02,0.98,0.99,0.01,0.01,78837.65,1777253306000
1777253308.317,208.317,0.01,0.02,0.98,0.99,0.01,0.01,78837.65,1777253306000
1777253308.765,208.765,0.01,0.02,0.98,0.99,0.01,0.01,78842.84,1777253307000
1777253309.271,209.271,0.01,0.01,0.99,0.99,0.0,0.0,78842.84,1777253307000
1777253309.686,209.686,0.01,0.01,0.99,0.99,0.0,0.0,78844.65,1777253308000
1777253310.12,210.12,0.01,0.01,0.99,0.99,0.0,0.0,78844.65,1777253308000
1777253310.957,210.957,0.01,0.01,0.99,0.99,0.0,0.0,78844.04,1777253309000
1777253311.73,211.73,0.01,0.06,0.99,0.99,0.05,0.0,78848.29,1777253310000
1777253312.065,212.065,0.01,0.02,0.98,0.99,0.01,0.01,78848.29,1777253310000
1777253312.416,212.416,0.01,0.02,0.98,0.99,0.01,0.01,78853.24,1777253311000
1777253312.761,212.761,0.01,0.02,0.98,0.99,0.01,0.01,78853.24,1777253311000
1777253313.541,213.541,0.01,0.02,0.98,0.99,0.01,0.01,78854.96,1777253312000
1777253313.894,213.894,0.01,0.02,0.98,0.99,0.01,0.01,78854.96,1777253312000
1777253314.501,214.501,0.01,0.02,0.98,0.99,0.01,0.01,78861.62,1777253313000
1777253315.129,215.129,0.01,0.02,0.98,0.99,0.01,0.01,78866.83,1777253314000
1777253315.562,215.562,0.01,0.02,0.98,0.99,0.01,0.01,78866.83,1777253314000
1777253316.098,216.098,0.01,0.02,0.98,0.99,0.01,0.01,78866.83,1777253314000
1777253316.753,216.753,0.01,0.02,0.98,0.99,0.01,0.01,78867.61,1777253315000
1777253317.273,217.273,0.01,0.02,0.98,0.99,0.01,0.01,78867.61,1777253315000
1777253317.631,217.631,0.01,0.02,0.98,0.99,0.01,0.01,78867.61,1777253315000
1777253317.965,217.965,0.01,0.02,0.98,0.99,0.01,0.01,78867.61,1777253315000
1777253318.449,218.449,0.01,0.02,0.98,0.99,0.01,0.01,78870.5,1777253316000
1777253319.029,219.029,0.01,0.02,0.98,0.99,0.01,0.01,78870.33,1777253317000
1777253319.365,219.365,0.01,0.02,0.98,0.99,0.01,0.01,78873.7,1777253318000
1777253319.8,219.8,0.02,0.03,0.97,0.98,0.01,0.01,78873.7,1777253318000
1777253320.239,220.239,0.02,0.03,0.97,0.98,0.01,0.01,78882.25,1777253319000
1777253320.655,220.655,0.02,0.03,0.97,0.98,0.01,0.01,78882.25,1777253319000
1777253321.148,221.148,0.02,0.03,0.97,0.98,0.01,0.01,78882.25,1777253319000
1777253321.518,221.518,0.02,0.03,0.97,0.98,0.01,0.01,78893.62,1777253320000
1777253321.877,221.877,0.02,0.03,0.97,0.98,0.01,0.01,78893.62,1777253320000
1777253322.255,222.255,0.02,0.05,0.97,0.98,0.03,0.01,78898.38,1777253321000
1777253322.615,222.615,0.04,0.05,0.95,0.96,0.01,0.01,78898.38,1777253321000
1777253323.106,223.106,0.02,0.03,0.97,0.98,0.01,0.01,78898.38,1777253321000
1777253323.492,223.492,0.01,0.02,0.97,0.99,0.01,0.02,78900.69,1777253322000
1777253323.85,223.85,0.01,0.02,0.98,0.99,0.01,0.01,78900.69,1777253322000
1777253324.229,224.229,0.01,0.02,0.98,0.99,0.01,0.01,78897.94,1777253323000
1777253324.651,224.651,0.01,0.02,0.98,0.99,0.01,0.01,78897.94,1777253323000
1777253325.26,225.26,0.01,0.02,0.98,0.99,0.01,0.01,78897.94,1777253323000
1777253325.634,225.634,0.01,0.02,0.98,0.99,0.01,0.01,78898.42,1777253324000
1777253325.967,225.967,0.01,0.02,0.98,0.99,0.01,0.01,78897.56,1777253325000
1777253326.629,226.629,0.01,0.02,0.98,0.99,0.01,0.01,78897.56,1777253325000
1777253327.128,227.128,0.01,0.02,0.98,0.99,0.01,0.01,78897.56,1777253325000
1777253327.484,227.484,0.01,0.02,0.98,0.99,0.01,0.01,78897.56,1777253325000
1777253328.325,228.325,0.01,0.02,0.98,0.99,0.01,0.01,78879.43,1777253327000
1777253328.748,228.748,0.01,0.02,0.98,0.99,0.01,0.01,78879.43,1777253327000
1777253329.332,229.332,0.01,0.02,0.98,0.99,0.01,0.01,78877.98,1777253328000
1777253329.697,229.697,0.01,0.02,0.98,0.99,0.01,0.01,78877.98,1777253328000
1777253330.031,230.031,0.01,0.02,0.98,0.99,0.01,0.01,78877.98,1777253328000
1777253330.38,230.38,0.01,0.02,0.98,0.99,0.01,0.01,78877.5,1777253329000
1777253330.726,230.726,0.01,0.02,0.98,0.99,0.01,0.01,78877.5,1777253329000
1777253331.111,231.111,0.01,0.02,0.98,0.99,0.01,0.01,78877.5,1777253329000
1777253331.72,231.72,0.01,0.02,0.98,0.99,0.01,0.01,78875.63,1777253330000
1777253332.19,232.19,0.01,0.02,0.98,0.99,0.01,0.01,78875.63,1777253331000
1777253332.83,232.83,0.01,0.02,0.98,0.99,0.01,0.01,78875.63,1777253331000
1777253333.176,233.176,0.01,0.02,0.98,0.99,0.01,0.01,78877.45,1777253332000
1777253333.627,233.627,0.01,0.02,0.98,0.99,0.01,0.01,78877.45,1777253332000
1777253334.323,234.323,0.01,0.02,0.98,0.99,0.01,0.01,78880.03,1777253333000
1777253335.431,235.431,0.01,0.02,0.98,0.99,0.01,0.01,78880.03,1777253333000
1777253335.788,235.788,0.01,0.02,0.98,0.99,0.01,0.01,78888.57,1777253334000
1777253336.173,236.173,0.01,0.02,0.98,0.99,0.01,0.01,78888.57,1777253334000
1777253336.525,236.525,0.01,0.02,0.98,0.99,0.01,0.01,78888.42,1777253335000
1777253336.905,236.905,0.01,0.02,0.98,0.99,0.01,0.01,78888.42,1777253335000
1777253337.313,237.313,0.01,0.02,0.98,0.99,0.01,0.01,78887.37,1777253336000
1777253338.232,238.232,0.01,0.02,0.98,0.99,0.01,0.01,78887.37,1777253336000
1777253338.596,238.596,0.01,0.02,0.98,0.99,0.01,0.01,78890.25,1777253337000
1777253339.123,239.123,0.01,0.02,0.98,0.99,0.01,0.01,78891.04,1777253338000
1777253339.657,239.657,0.01,0.02,0.98,0.99,0.01,0.01,78891.04,1777253338000
1777253340.074,240.074,0.01,0.02,0.98,0.99,0.01,0.01,78891.04,1777253338000
1777253340.447,240.447,0.01,0.02,0.98,0.99,0.01,0.01,78891.64,1777253339000
1777253341.118,241.118,0.01,0.02,0.98,0.99,0.01,0.01,78891.64,1777253339000
1777253341.453,241.453,0.01,0.02,0.98,0.99,0.01,0.01,78887.4,1777253340000
1777253341.803,241.803,0.01,0.02,0.98,0.99,0.01,0.01,78887.4,1777253340000
1777253342.151,242.151,0.01,0.02,0.98,0.99,0.01,0.01,78887.44,1777253341000
1777253342.619,242.619,0.01,0.02,0.98,0.99,0.01,0.01,78887.44,1777253341000
1777253343.175,243.175,0.01,0.02,0.98,0.99,0.01,0.01,78887.44,1777253341000
1777253343.61,243.61,0.01,0.01,0.99,0.99,0.0,0.0,78887.04,1777253342000
1777253343.997,243.997,0.01,0.01,0.99,0.99,0.0,0.0,78887.04,1777253342000
1777253344.474,244.474,0.01,0.01,0.99,0.99,0.0,0.0,78887.04,1777253343000
1777253344.979,244.979,0.01,0.01,0.99,0.99,0.0,0.0,78887.04,1777253343000
1777253345.525,245.525,0.01,0.01,0.99,0.99,0.0,0.0,78885.69,1777253344000
1777253345.9,245.9,0.01,0.01,0.99,0.99,0.0,0.0,78885.69,1777253344000
1777253346.272,246.272,0.01,0.01,0.99,0.99,0.0,0.0,78877.16,1777253345000
1777253347.493,247.493,0.01,0.01,0.99,0.99,0.0,0.0,78877.16,1777253345000
1777253347.895,247.895,0.01,0.01,0.99,0.99,0.0,0.0,78871.22,1777253346000
1777253348.557,248.557,0.01,0.01,0.99,0.99,0.0,0.0,78871.08,1777253347000
1777253349.232,249.232,0.01,0.01,0.99,0.99,0.0,0.0,78868.95,1777253348000
1777253350.357,250.357,0.01,0.01,0.99,0.99,0.0,0.0,78868.95,1777253348000
1777253351.363,251.363,0.01,0.01,0.99,0.99,0.0,0.0,78872.45,1777253350000
1777253352.684,252.684,0.01,0.01,0.99,0.99,0.0,0.0,78872.47,1777253351000
1777253353.254,253.254,0.01,0.01,0.99,0.99,0.0,0.0,78871.63,1777253352000
1777253354.344,254.344,0.01,0.01,0.99,0.99,0.0,0.0,78871.63,1777253352000
1777253355.158,255.158,0.01,0.01,0.99,0.99,0.0,0.0,78869.08,1777253354000
1777253356.629,256.629,0.01,0.01,0.99,0.99,0.0,0.0,78870.96,1777253355000
1777253357.318,257.318,0.01,0.01,0.99,0.99,0.0,0.0,78867.85,1777253356000
1777253358.055,258.055,0.01,0.01,0.99,0.99,0.0,0.0,78867.85,1777253357000
1777253358.867,258.867,0.01,0.01,0.99,0.99,0.0,0.0,78867.85,1777253357000
1777253359.403,259.403,0.01,0.01,0.99,0.99,0.0,0.0,78867.85,1777253357000
1777253360.067,260.067,0.01,0.01,0.99,0.99,0.0,0.0,78872.29,1777253359000
1777253361.051,261.051,0.01,0.01,0.99,0.99,0.0,0.0,78880.35,1777253360000
1777253362.394,262.394,0.01,0.01,0.99,0.99,0.0,0.0,78885.32,1777253361000
1777253362.92,262.92,0.01,0.01,0.99,0.99,0.0,0.0,78886.74,1777253362000
1777253363.35,263.35,0.01,0.01,0.99,0.99,0.0,0.0,78886.74,1777253362000
1777253363.883,263.883,0.01,0.01,0.99,0.99,0.0,0.0,78886.74,1777253362000
1777253365.769,265.769,0.01,0.01,0.99,0.99,0.0,0.0,78913.21,1777253364000
1777253366.17,266.17,0.01,0.01,0.99,0.99,0.0,0.0,78918.42,1777253365000
1777253367.436,267.436,0.01,0.01,0.99,0.99,0.0,0.0,78921.38,1777253366000
1777253368.065,268.065,0.01,0.01,0.99,0.99,0.0,0.0,78921.25,1777253367000
1777253368.673,268.673,0.01,0.01,0.99,0.99,0.0,0.0,78921.25,1777253367000
1777253369.174,269.174,0.01,0.01,0.99,0.99,0.0,0.0,78921.69,1777253368000
1777253369.996,269.996,0.01,0.01,0.99,0.99,0.0,0.0,78921.69,1777253368000
1777253370.421,270.421,0.01,0.01,0.99,0.99,0.0,0.0,78925.66,1777253369000
1777253370.932,270.932,0.01,0.01,0.99,0.99,0.0,0.0,78925.66,1777253369000
1777253371.3,271.3,0.01,0.02,0.96,0.99,0.01,0.03,78925.87,1777253370000
1777253371.659,271.659,0.01,0.02,0.98,0.99,0.01,0.01,78925.87,1777253370000
1777253372.006,272.006,0.01,0.02,0.98,0.99,0.01,0.01,78925.87,1777253370000
1777253372.379,272.379,0.01,0.02,0.98,0.99,0.01,0.01,78919.24,1777253371000
1777253372.739,272.739,0.01,0.02,0.98,0.99,0.01,0.01,78919.24,1777253371000
1777253373.223,273.223,0.01,0.04,0.98,0.99,0.03,0.01,78919.24,1777253371000
1777253373.571,273.571,0.03,0.04,0.96,0.97,0.01,0.01,78921.14,1777253372000
1777253373.933,273.933,0.03,0.04,0.96,0.97,0.01,0.01,78921.14,1777253372000
1777253374.293,274.293,0.03,0.04,0.96,0.97,0.01,0.01,78923.09,1777253373000
1777253374.833,274.833,0.03,0.04,0.96,0.97,0.01,0.01,78923.09,1777253373000
1777253375.177,275.177,0.03,0.04,0.96,0.97,0.01,0.01,78923.09,1777253373000
1777253375.687,275.687,0.01,0.02,0.97,0.99,0.01,0.02,78926.06,1777253374000
1777253376.044,276.044,0.01,0.04,0.98,0.99,0.03,0.01,78926.06,1777253374000
1777253376.406,276.406,0.03,0.04,0.96,0.97,0.01,0.01,78926.06,1777253374000
1777253376.817,276.817,0.02,0.03,0.97,0.98,0.01,0.01,78926.06,1777253374000
1777253377.315,277.315,0.02,0.03,0.97,0.98,0.01,0.01,78931.55,1777253375000
1777253377.665,277.665,0.02,0.03,0.97,0.98,0.01,0.01,78931.55,1777253376000
1777253377.999,277.999,0.01,0.03,0.97,0.98,0.02,0.01,78931.55,1777253376000
1777253378.712,278.712,0.01,0.02,0.98,0.99,0.01,0.01,78931.86,1777253377000
1777253379.09,279.09,0.01,0.02,0.98,0.99,0.01,0.01,78933.24,1777253378000
1777253380.082,280.082,0.01,0.02,0.98,0.99,0.01,0.01,78935.69,1777253379000
1777253380.433,280.433,0.01,0.02,0.98,0.99,0.01,0.01,78935.69,1777253379000
1777253380.794,280.794,0.01,0.02,0.98,0.99,0.01,0.01,78935.69,1777253379000
1777253381.227,281.227,0.01,0.02,0.98,0.99,0.01,0.01,78935.66,1777253380000
1777253381.659,281.659,0.01,0.02,0.98,0.99,0.01,0.01,78935.66,1777253380000
1777253382.039,282.039,0.01,0.02,0.98,0.99,0.01,0.01,78935.66,1777253380000
1777253382.848,282.848,0.01,0.02,0.98,0.99,0.01,0.01,78936.64,1777253381000
1777253383.23,283.23,0.01,0.02,0.98,0.99,0.01,0.01,78934.67,1777253382000
1777253383.687,283.687,0.01,0.02,0.98,0.99,0.01,0.01,78934.67,1777253382000
1777253384.158,284.158,0.01,0.02,0.98,0.99,0.01,0.01,78933.11,1777253383000
1777253384.537,284.537,0.01,0.02,0.98,0.99,0.01,0.01,78933.11,1777253383000
1777253385.136,285.136,0.01,0.02,0.98,0.99,0.01,0.01,78933.11,1777253383000
1777253385.55,285.55,0.01,0.01,0.99,0.99,0.0,0.0,78928.3,1777253384000
1777253386.147,286.147,0.01,0.01,0.99,0.99,0.0,0.0,78927.17,1777253385000
1777253386.584,286.584,0.01,0.01,0.99,0.99,0.0,0.0,78927.17,1777253385000
1777253387.12,287.12,0.01,0.01,0.99,0.99,0.0,0.0,78927.41,1777253386000
1777253388.211,288.211,0.01,0.01,0.99,0.99,0.0,0.0,78928.44,1777253387000
1777253389.326,289.326,0.01,0.01,0.99,0.99,0.0,0.0,78927.93,1777253388000
1777253390.248,290.248,0.01,0.01,0.99,0.99,0.0,0.0,78929.03,1777253389000
1777253391.268,291.268,0.01,0.01,0.99,0.99,0.0,0.0,78931.48,1777253390000
1777253392.228,292.228,0.01,0.01,0.99,0.99,0.0,0.0,78931.48,1777253391000
1777253393.232,293.232,0.01,0.01,0.99,0.99,0.0,0.0,78930.63,1777253392000
1777253393.704,293.704,0.01,0.001,0.99,0.99,-0.009,0.0,78930.63,1777253392000
1777253394.182,294.182,0.001,0.009,0.991,0.99,0.008,-0.001,78930.63,1777253392000
1777253394.574,294.574,0.001,0.001,0.991,0.999,0.0,0.008,78933.57,1777253393000
1777253395.595,295.595,0.001,0.009,0.991,0.999,0.008,0.008,78935.7,1777253394000
1777253396.238,296.238,0.001,0.001,0.999,0.999,0.0,0.0,78935.7,1777253394000
1777253396.897,296.897,0.001,0.001,0.999,0.999,0.0,0.0,78933.41,1777253395000
1777253397.304,297.304,0.001,0.001,0.999,0.999,0.0,0.0,78934.4,1777253396000
1777253398.344,298.344,0.001,0.001,0.999,0.999,0.0,0.0,78933.93,1777253397000
1777253398.908,298.908,0.001,0.001,0.999,0.999,0.0,0.0,78933.93,1777253397000
1777253399.278,299.278,0.001,0.001,0.999,0.999,0.0,0.0,78927.41,1777253398000
1777253400.266,300.266,0.001,0.001,0.999,0.999,0.0,0.0,78926.97,1777253399000
1777253400.694,300.694,0.001,0.001,0.999,0.999,0.0,0.0,78926.97,1777253399000

# RESULT,winner=Down,slug=btc-updown-5m-1777253100,ticks=625
