timestamp,elapsed_sec,up_bid,up_ask,down_bid,down_ask,up_spread,down_spread,btc_price,btc_oracle_ts
1776408600.647,0.647,0.47,0.48,0.52,0.53,0.01,0.01,74877.23,1776408599000
1776408601.02,1.02,0.47,0.48,0.52,0.53,0.01,0.01,74877.25,1776408600000
1776408601.413,1.413,0.47,0.48,0.52,0.53,0.01,0.01,74877.25,1776408600000
1776408601.749,1.749,0.47,0.48,0.52,0.53,0.01,0.01,74877.25,1776408600000
1776408602.123,2.123,0.47,0.48,0.52,0.53,0.01,0.01,74877.23,1776408601000
1776408602.918,2.918,0.47,0.48,0.52,0.53,0.01,0.01,74877.23,1776408601000
1776408603.327,3.327,0.47,0.48,0.52,0.53,0.01,0.01,74877.35,1776408602000
1776408603.755,3.755,0.47,0.48,0.52,0.53,0.01,0.01,74877.35,1776408602000
1776408604.18,4.18,0.47,0.48,0.52,0.53,0.01,0.01,74877.41,1776408603000
1776408604.713,4.713,0.48,0.49,0.51,0.52,0.01,0.01,74877.41,1776408603000
1776408605.085,5.085,0.48,0.49,0.51,0.52,0.01,0.01,74877.41,1776408603000
1776408605.688,5.688,0.48,0.49,0.51,0.52,0.01,0.01,74877.55,1776408604000
1776408606.023,6.023,0.54,0.55,0.45,0.46,0.01,0.01,74877.55,1776408604000
1776408606.367,6.367,0.61,0.62,0.37,0.39,0.01,0.02,74883.82,1776408605000
1776408606.701,6.701,0.61,0.62,0.38,0.39,0.01,0.01,74883.82,1776408605000
1776408607.108,7.108,0.61,0.63,0.38,0.39,0.02,0.01,74883.82,1776408605000
1776408607.449,7.449,0.62,0.63,0.37,0.38,0.01,0.01,74896.65,1776408606000
1776408607.815,7.815,0.63,0.64,0.36,0.37,0.01,0.01,74896.65,1776408606000
1776408608.148,8.148,0.63,0.64,0.36,0.37,0.01,0.01,74896.65,1776408606000
1776408608.497,8.497,0.63,0.64,0.36,0.37,0.01,0.01,74898.03,1776408607000
1776408609.131,9.131,0.64,0.65,0.36,0.37,0.01,0.01,74898.03,1776408607000
1776408609.482,9.482,0.64,0.65,0.35,0.36,0.01,0.01,74896.26,1776408608000
1776408609.969,9.969,0.64,0.65,0.35,0.36,0.01,0.01,74896.26,1776408608000
1776408610.316,10.316,0.64,0.65,0.35,0.36,0.01,0.01,74893.64,1776408609000
1776408610.744,10.744,0.64,0.65,0.35,0.36,0.01,0.01,74893.64,1776408609000
1776408611.147,11.147,0.65,0.66,0.34,0.35,0.01,0.01,74893.64,1776408609000
1776408611.562,11.562,0.65,0.66,0.34,0.35,0.01,0.01,74893.53,1776408610000
1776408611.912,11.912,0.65,0.66,0.34,0.35,0.01,0.01,74893.53,1776408611000
1776408612.251,12.251,0.65,0.66,0.34,0.35,0.01,0.01,74893.53,1776408611000
1776408612.622,12.622,0.66,0.67,0.33,0.34,0.01,0.01,74893.53,1776408611000
1776408613.097,13.097,0.66,0.67,0.33,0.34,0.01,0.01,74893.63,1776408612000
1776408613.467,13.467,0.66,0.67,0.33,0.34,0.01,0.01,74893.63,1776408612000
1776408613.883,13.883,0.66,0.67,0.33,0.34,0.01,0.01,74893.63,1776408612000
1776408614.25,14.25,0.66,0.67,0.33,0.34,0.01,0.01,74895.43,1776408613000
1776408614.628,14.628,0.66,0.67,0.33,0.34,0.01,0.01,74895.43,1776408613000
1776408614.997,14.997,0.65,0.66,0.33,0.35,0.01,0.02,74893.97,1776408614000
1776408615.352,15.352,0.64,0.66,0.34,0.35,0.02,0.01,74893.97,1776408614000
1776408615.699,15.699,0.62,0.63,0.36,0.38,0.01,0.02,74893.97,1776408614000
1776408616.378,16.378,0.62,0.63,0.37,0.38,0.01,0.01,74894.42,1776408615000
1776408616.999,16.999,0.61,0.63,0.37,0.38,0.02,0.01,74894.42,1776408615000
1776408617.431,17.431,0.61,0.62,0.38,0.39,0.01,0.01,74894.42,1776408615000
1776408617.788,17.788,0.61,0.62,0.38,0.39,0.01,0.01,74894.42,1776408615000
1776408618.303,18.303,0.62,0.63,0.37,0.38,0.01,0.01,74894.3,1776408616000
1776408618.748,18.748,0.63,0.64,0.36,0.38,0.01,0.02,74892.77,1776408617000
1776408619.219,19.219,0.63,0.64,0.36,0.37,0.01,0.01,74892.77,1776408617000
1776408619.709,19.709,0.63,0.64,0.36,0.37,0.01,0.01,74892.78,1776408618000
1776408620.197,20.197,0.63,0.64,0.36,0.37,0.01,0.01,74892.78,1776408618000
1776408620.615,20.615,0.63,0.64,0.36,0.37,0.01,0.01,74893.49,1776408619000
1776408621.066,21.066,0.63,0.64,0.36,0.37,0.01,0.01,74893.49,1776408619000
1776408621.998,21.998,0.63,0.64,0.36,0.37,0.01,0.01,74893.73,1776408621000
1776408622.411,22.411,0.63,0.64,0.36,0.37,0.01,0.01,74893.73,1776408621000
1776408622.956,22.956,0.63,0.64,0.36,0.37,0.01,0.01,74893.73,1776408621000
1776408623.38,23.38,0.63,0.64,0.36,0.37,0.01,0.01,74893.13,1776408622000
1776408623.81,23.81,0.63,0.64,0.36,0.37,0.01,0.01,74893.13,1776408622000
1776408624.462,24.462,0.64,0.65,0.35,0.37,0.01,0.02,74893.17,1776408623000
1776408624.897,24.897,0.64,0.65,0.35,0.36,0.01,0.01,74893.17,1776408623000
1776408625.33,25.33,0.63,0.64,0.35,0.37,0.01,0.02,74893.17,1776408623000
1776408625.986,25.986,0.63,0.64,0.36,0.37,0.01,0.01,74893.12,1776408625000
1776408626.378,26.378,0.63,0.64,0.36,0.37,0.01,0.01,74893.12,1776408625000
1776408626.743,26.743,0.63,0.64,0.36,0.37,0.01,0.01,74893.12,1776408625000
1776408627.192,27.192,0.63,0.64,0.36,0.37,0.01,0.01,74894.85,1776408626000
1776408627.568,27.568,0.63,0.64,0.36,0.39,0.01,0.03,74894.85,1776408626000
1776408627.954,27.954,0.6,0.62,0.36,0.39,0.02,0.03,74894.85,1776408626000
1776408628.417,28.417,0.6,0.62,0.38,0.4,0.02,0.02,74893.07,1776408627000
1776408628.935,28.935,0.6,0.61,0.39,0.4,0.01,0.01,74893.07,1776408627000
1776408629.289,29.289,0.6,0.61,0.39,0.4,0.01,0.01,74893.07,1776408628000
1776408629.999,29.999,0.6,0.61,0.38,0.4,0.01,0.02,74893.07,1776408628000
1776408630.342,30.342,0.6,0.61,0.39,0.4,0.01,0.01,74893.02,1776408629000
1776408630.925,30.925,0.6,0.61,0.39,0.4,0.01,0.01,74893.02,1776408629000
1776408631.281,31.281,0.61,0.62,0.38,0.39,0.01,0.01,74893.02,1776408629000
1776408631.841,31.841,0.6,0.61,0.39,0.4,0.01,0.01,74893.08,1776408630000
1776408632.544,32.544,0.61,0.62,0.39,0.4,0.01,0.01,74893.08,1776408631000
1776408632.984,32.984,0.61,0.62,0.38,0.39,0.01,0.01,74893.08,1776408631000
1776408633.343,33.343,0.61,0.62,0.38,0.39,0.01,0.01,74893.1,1776408632000
1776408634.496,34.496,0.61,0.62,0.38,0.39,0.01,0.01,74893.1,1776408632000
1776408635.031,35.031,0.61,0.62,0.38,0.39,0.01,0.01,74894.0,1776408634000
1776408635.405,35.405,0.61,0.62,0.38,0.39,0.01,0.01,74894.0,1776408634000
1776408635.962,35.962,0.61,0.62,0.38,0.39,0.01,0.01,74894.0,1776408634000
1776408636.413,36.413,0.61,0.62,0.38,0.4,0.01,0.02,74893.11,1776408635000
1776408636.907,36.907,0.62,0.63,0.37,0.39,0.01,0.02,74893.11,1776408635000
1776408637.436,37.436,0.62,0.63,0.37,0.38,0.01,0.01,74893.11,1776408635000
1776408637.817,37.817,0.62,0.63,0.37,0.38,0.01,0.01,74893.11,1776408635000
1776408638.341,38.341,0.62,0.63,0.37,0.38,0.01,0.01,74893.16,1776408637000
1776408638.674,38.674,0.62,0.63,0.37,0.38,0.01,0.01,74893.16,1776408637000
1776408639.178,39.178,0.62,0.63,0.37,0.38,0.01,0.01,74893.16,1776408637000
1776408639.904,39.904,0.62,0.63,0.37,0.38,0.01,0.01,74893.27,1776408638000
1776408640.393,40.393,0.62,0.63,0.37,0.38,0.01,0.01,74893.27,1776408639000
1776408640.987,40.987,0.62,0.63,0.37,0.38,0.01,0.01,74893.27,1776408639000
1776408641.366,41.366,0.62,0.63,0.37,0.38,0.01,0.01,74893.27,1776408639000
1776408641.843,41.843,0.62,0.64,0.37,0.38,0.02,0.01,74893.83,1776408640000
1776408642.195,42.195,0.63,0.68,0.34,0.37,0.05,0.03,74894.83,1776408641000
1776408642.598,42.598,0.67,0.68,0.32,0.33,0.01,0.01,74894.83,1776408641000
1776408642.947,42.947,0.67,0.68,0.32,0.33,0.01,0.01,74894.83,1776408641000
1776408643.34,43.34,0.67,0.68,0.32,0.35,0.01,0.03,74895.55,1776408642000
1776408643.783,43.783,0.67,0.68,0.32,0.33,0.01,0.01,74895.55,1776408642000
1776408644.127,44.127,0.67,0.68,0.32,0.33,0.01,0.01,74895.55,1776408642000
1776408644.512,44.512,0.67,0.68,0.32,0.33,0.01,0.01,74895.92,1776408643000
1776408644.915,44.915,0.67,0.68,0.32,0.33,0.01,0.01,74895.92,1776408643000
1776408645.366,45.366,0.68,0.69,0.31,0.32,0.01,0.01,74896.05,1776408644000
1776408645.706,45.706,0.68,0.69,0.31,0.32,0.01,0.01,74896.05,1776408644000
1776408646.044,46.044,0.68,0.69,0.31,0.32,0.01,0.01,74896.05,1776408644000
1776408646.457,46.457,0.69,0.7,0.31,0.32,0.01,0.01,74896.37,1776408645000
1776408646.807,46.807,0.69,0.7,0.3,0.31,0.01,0.01,74896.37,1776408645000
1776408647.269,47.269,0.69,0.7,0.3,0.31,0.01,0.01,74896.37,1776408645000
1776408647.615,47.615,0.69,0.7,0.3,0.31,0.01,0.01,74897.37,1776408646000
1776408647.973,47.973,0.69,0.7,0.3,0.31,0.01,0.01,74897.41,1776408647000
1776408648.382,48.382,0.68,0.7,0.3,0.31,0.02,0.01,74897.41,1776408647000
1776408648.878,48.878,0.69,0.7,0.3,0.32,0.01,0.02,74897.41,1776408647000
1776408649.288,49.288,0.69,0.7,0.3,0.31,0.01,0.01,74897.43,1776408648000
1776408649.674,49.674,0.69,0.7,0.3,0.31,0.01,0.01,74897.43,1776408648000
1776408650.016,50.016,0.7,0.72,0.29,0.3,0.02,0.01,74897.43,1776408648000
1776408650.397,50.397,0.71,0.72,0.28,0.3,0.01,0.02,74897.7,1776408649000
1776408650.792,50.792,0.71,0.72,0.28,0.29,0.01,0.01,74897.7,1776408649000
1776408651.441,51.441,0.71,0.72,0.28,0.29,0.01,0.01,74897.7,1776408649000
1776408651.778,51.778,0.73,0.74,0.27,0.28,0.01,0.01,74897.65,1776408650000
1776408652.585,52.585,0.73,0.74,0.26,0.27,0.01,0.01,74897.76,1776408651000
1776408653.286,53.286,0.73,0.74,0.26,0.27,0.01,0.01,74901.32,1776408652000
1776408653.628,53.628,0.73,0.74,0.26,0.27,0.01,0.01,74901.32,1776408652000
1776408653.993,53.993,0.77,0.79,0.21,0.23,0.02,0.02,74901.32,1776408652000
1776408654.363,54.363,0.78,0.79,0.21,0.22,0.01,0.01,74901.32,1776408652000
1776408654.712,54.712,0.79,0.8,0.2,0.22,0.01,0.02,74912.24,1776408653000
1776408655.137,55.137,0.8,0.81,0.19,0.2,0.01,0.01,74913.79,1776408654000
1776408655.496,55.496,0.8,0.81,0.19,0.2,0.01,0.01,74913.79,1776408654000
1776408655.834,55.834,0.82,0.83,0.17,0.18,0.01,0.01,74913.79,1776408654000
1776408656.355,56.355,0.83,0.84,0.16,0.17,0.01,0.01,74915.85,1776408655000
1776408656.904,56.904,0.83,0.84,0.16,0.17,0.01,0.01,74915.85,1776408655000
1776408657.243,57.243,0.83,0.84,0.16,0.17,0.01,0.01,74917.37,1776408656000
1776408657.812,57.812,0.84,0.85,0.16,0.17,0.01,0.01,74917.37,1776408656000
1776408658.189,58.189,0.84,0.85,0.15,0.16,0.01,0.01,74917.37,1776408656000
1776408658.531,58.531,0.83,0.84,0.16,0.17,0.01,0.01,74922.19,1776408657000
1776408658.872,58.872,0.82,0.83,0.17,0.18,0.01,0.01,74922.19,1776408657000
1776408659.259,59.259,0.82,0.83,0.17,0.19,0.01,0.02,74922.19,1776408657000
1776408659.618,59.618,0.82,0.83,0.17,0.18,0.01,0.01,74923.93,1776408658000
1776408659.994,59.994,0.82,0.83,0.17,0.18,0.01,0.01,74923.94,1776408659000
1776408660.358,60.358,0.82,0.83,0.17,0.18,0.01,0.01,74923.94,1776408659000
1776408660.694,60.694,0.82,0.83,0.17,0.18,0.01,0.01,74923.94,1776408659000
1776408661.029,61.029,0.8,0.83,0.17,0.2,0.03,0.03,74923.94,1776408659000
1776408661.366,61.366,0.81,0.82,0.18,0.19,0.01,0.01,74923.94,1776408659000
1776408661.707,61.707,0.81,0.82,0.18,0.19,0.01,0.01,74923.94,1776408659000
1776408662.04,62.04,0.81,0.82,0.18,0.19,0.01,0.01,74922.92,1776408660000
1776408662.459,62.459,0.82,0.83,0.17,0.18,0.01,0.01,74922.98,1776408661000
1776408662.955,62.955,0.82,0.83,0.17,0.18,0.01,0.01,74922.98,1776408661000
1776408663.306,63.306,0.83,0.84,0.16,0.17,0.01,0.01,74921.88,1776408662000
1776408663.642,63.642,0.83,0.84,0.16,0.17,0.01,0.01,74921.88,1776408662000
1776408663.984,63.984,0.83,0.84,0.16,0.17,0.01,0.01,74921.88,1776408662000
1776408664.358,64.358,0.83,0.84,0.16,0.18,0.01,0.02,74920.39,1776408663000
1776408664.703,64.703,0.79,0.81,0.19,0.21,0.02,0.02,74920.39,1776408663000
1776408665.049,65.049,0.79,0.8,0.2,0.21,0.01,0.01,74920.39,1776408663000
1776408665.417,65.417,0.76,0.77,0.21,0.24,0.01,0.03,74920.39,1776408663000
1776408665.756,65.756,0.76,0.77,0.23,0.24,0.01,0.01,74920.39,1776408663000
1776408666.185,66.185,0.76,0.77,0.23,0.24,0.01,0.01,74920.24,1776408664000
1776408666.562,66.562,0.76,0.77,0.23,0.24,0.01,0.01,74920.24,1776408664000
1776408666.919,66.919,0.76,0.77,0.23,0.24,0.01,0.01,74919.08,1776408665000
1776408667.291,67.291,0.76,0.77,0.23,0.24,0.01,0.01,74919.08,1776408665000
1776408667.656,67.656,0.76,0.77,0.23,0.24,0.01,0.01,74919.08,1776408665000
1776408668.113,68.113,0.76,0.77,0.23,0.24,0.01,0.01,74915.55,1776408666000
1776408668.482,68.482,0.76,0.77,0.23,0.24,0.01,0.01,74915.55,1776408666000
1776408669.012,69.012,0.76,0.77,0.23,0.24,0.01,0.01,74914.65,1776408667000
1776408669.581,69.581,0.76,0.77,0.23,0.24,0.01,0.01,74914.65,1776408667000
1776408669.986,69.986,0.76,0.78,0.23,0.24,0.02,0.01,74914.53,1776408668000
1776408670.321,70.321,0.77,0.78,0.22,0.23,0.01,0.01,74914.53,1776408668000
1776408670.703,70.703,0.77,0.78,0.22,0.23,0.01,0.01,74913.0,1776408669000
1776408671.09,71.09,0.78,0.79,0.21,0.23,0.01,0.02,74912.27,1776408670000
1776408671.431,71.431,0.78,0.79,0.21,0.22,0.01,0.01,74912.27,1776408670000
1776408671.935,71.935,0.78,0.79,0.21,0.22,0.01,0.01,74912.27,1776408670000
1776408672.39,72.39,0.78,0.8,0.21,0.22,0.02,0.01,74912.27,1776408670000
1776408673.007,73.007,0.82,0.83,0.17,0.18,0.01,0.01,74912.29,1776408671000
1776408673.343,73.343,0.82,0.83,0.17,0.18,0.01,0.01,74912.32,1776408672000
1776408673.679,73.679,0.82,0.83,0.17,0.18,0.01,0.01,74912.32,1776408672000
1776408674.203,74.203,0.82,0.83,0.17,0.18,0.01,0.01,74912.32,1776408672000
1776408674.55,74.55,0.83,0.85,0.15,0.17,0.02,0.02,74913.68,1776408673000
1776408674.901,74.901,0.84,0.85,0.15,0.16,0.01,0.01,74913.68,1776408673000
1776408675.31,75.31,0.84,0.86,0.14,0.16,0.02,0.02,74913.86,1776408674000
1776408675.836,75.836,0.85,0.86,0.14,0.16,0.01,0.02,74913.86,1776408674000
1776408676.296,76.296,0.85,0.86,0.14,0.15,0.01,0.01,74913.86,1776408674000
1776408676.928,76.928,0.85,0.86,0.14,0.15,0.01,0.01,74913.86,1776408674000
1776408677.337,77.337,0.84,0.85,0.15,0.16,0.01,0.01,74919.03,1776408675000
1776408677.792,77.792,0.84,0.85,0.15,0.16,0.01,0.01,74919.45,1776408676000
1776408678.184,78.184,0.84,0.85,0.15,0.18,0.01,0.03,74919.45,1776408676000
1776408678.664,78.664,0.84,0.85,0.15,0.16,0.01,0.01,74919.49,1776408677000
1776408679.027,79.027,0.84,0.85,0.15,0.16,0.01,0.01,74919.49,1776408677000
1776408679.577,79.577,0.84,0.85,0.15,0.16,0.01,0.01,74919.43,1776408678000
1776408679.963,79.963,0.84,0.85,0.15,0.16,0.01,0.01,74919.43,1776408678000
1776408680.324,80.324,0.82,0.85,0.15,0.16,0.03,0.01,74919.43,1776408678000
1776408680.697,80.697,0.83,0.84,0.16,0.17,0.01,0.01,74919.43,1776408678000
1776408681.128,81.128,0.83,0.84,0.16,0.17,0.01,0.01,74921.41,1776408679000
1776408681.807,81.807,0.83,0.84,0.16,0.17,0.01,0.01,74918.91,1776408680000
1776408682.218,82.218,0.83,0.84,0.16,0.18,0.01,0.02,74918.95,1776408681000
1776408682.573,82.573,0.83,0.84,0.16,0.17,0.01,0.01,74918.95,1776408681000
1776408683.185,83.185,0.84,0.85,0.15,0.16,0.01,0.01,74918.95,1776408681000
1776408683.668,83.668,0.84,0.85,0.15,0.16,0.01,0.01,74918.95,1776408681000
1776408684.047,84.047,0.84,0.85,0.15,0.16,0.01,0.01,74918.88,1776408682000
1776408684.642,84.642,0.84,0.85,0.15,0.16,0.01,0.01,74918.88,1776408683000
1776408685.137,85.137,0.84,0.85,0.15,0.16,0.01,0.01,74918.88,1776408683000
1776408685.482,85.482,0.84,0.85,0.15,0.16,0.01,0.01,74918.88,1776408683000
1776408685.84,85.84,0.84,0.85,0.15,0.16,0.01,0.01,74918.88,1776408683000
1776408686.291,86.291,0.83,0.84,0.15,0.17,0.01,0.02,74918.88,1776408683000
1776408686.777,86.777,0.83,0.84,0.16,0.17,0.01,0.01,74919.34,1776408684000
1776408687.19,87.19,0.83,0.84,0.16,0.17,0.01,0.01,74919.3,1776408686000
1776408687.885,87.885,0.84,0.85,0.16,0.17,0.01,0.01,74919.3,1776408686000
1776408688.477,88.477,0.84,0.85,0.15,0.16,0.01,0.01,74919.3,1776408686000
1776408688.883,88.883,0.84,0.85,0.15,0.16,0.01,0.01,74919.33,1776408687000
1776408689.249,89.249,0.85,0.86,0.14,0.15,0.01,0.01,74919.33,1776408687000
1776408689.966,89.966,0.85,0.86,0.14,0.15,0.01,0.01,74919.33,1776408688000
1776408690.42,90.42,0.85,0.86,0.14,0.15,0.01,0.01,74919.33,1776408688000
1776408690.775,90.775,0.85,0.86,0.14,0.15,0.01,0.01,74919.61,1776408689000
1776408691.203,91.203,0.85,0.86,0.14,0.15,0.01,0.01,74919.61,1776408689000
1776408691.835,91.835,0.85,0.86,0.14,0.15,0.01,0.01,74919.77,1776408690000
1776408692.267,92.267,0.84,0.85,0.15,0.16,0.01,0.01,74919.77,1776408690000
1776408692.824,92.824,0.84,0.85,0.15,0.16,0.01,0.01,74919.76,1776408691000
1776408693.176,93.176,0.84,0.85,0.15,0.16,0.01,0.01,74919.58,1776408692000
1776408693.518,93.518,0.83,0.85,0.15,0.16,0.02,0.01,74919.58,1776408692000
1776408693.954,93.954,0.84,0.85,0.15,0.17,0.01,0.02,74919.58,1776408692000
1776408694.299,94.299,0.84,0.85,0.15,0.16,0.01,0.01,74919.29,1776408693000
1776408694.643,94.643,0.84,0.85,0.15,0.16,0.01,0.01,74919.29,1776408693000
1776408695.055,95.055,0.84,0.85,0.15,0.16,0.01,0.01,74919.29,1776408693000
1776408695.504,95.504,0.84,0.85,0.15,0.16,0.01,0.01,74919.29,1776408693000
1776408695.978,95.978,0.84,0.85,0.15,0.16,0.01,0.01,74919.75,1776408694000
1776408696.348,96.348,0.83,0.84,0.16,0.17,0.01,0.01,74919.73,1776408695000
1776408697.195,97.195,0.83,0.84,0.16,0.17,0.01,0.01,74919.73,1776408695000
1776408697.895,97.895,0.83,0.84,0.16,0.17,0.01,0.01,74920.43,1776408696000
1776408698.231,98.231,0.84,0.85,0.15,0.16,0.01,0.01,74919.73,1776408697000
1776408698.672,98.672,0.84,0.87,0.15,0.16,0.03,0.01,74919.73,1776408697000
1776408699.144,99.144,0.84,0.87,0.13,0.16,0.03,0.03,74919.75,1776408698000
1776408699.715,99.715,0.85,0.87,0.13,0.16,0.02,0.03,74919.75,1776408698000
1776408700.112,100.112,0.86,0.87,0.13,0.14,0.01,0.01,74919.75,1776408698000
1776408700.561,100.561,0.86,0.87,0.13,0.14,0.01,0.01,74920.32,1776408699000
1776408700.92,100.92,0.87,0.88,0.12,0.13,0.01,0.01,74920.32,1776408699000
1776408701.297,101.297,0.88,0.89,0.11,0.12,0.01,0.01,74920.32,1776408699000
1776408701.948,101.948,0.88,0.89,0.11,0.12,0.01,0.01,74921.4,1776408700000
1776408702.424,102.424,0.88,0.89,0.11,0.12,0.01,0.01,74923.44,1776408701000
1776408702.967,102.967,0.88,0.89,0.11,0.12,0.01,0.01,74923.44,1776408701000
1776408703.478,103.478,0.88,0.89,0.11,0.12,0.01,0.01,74928.04,1776408702000
1776408703.877,103.877,0.88,0.89,0.11,0.12,0.01,0.01,74928.04,1776408702000
1776408704.461,104.461,0.88,0.89,0.11,0.12,0.01,0.01,74924.85,1776408703000
1776408705.244,105.244,0.88,0.89,0.11,0.12,0.01,0.01,74924.86,1776408704000
1776408705.659,105.659,0.88,0.89,0.11,0.12,0.01,0.01,74924.86,1776408704000
1776408706.161,106.161,0.88,0.89,0.11,0.12,0.01,0.01,74924.86,1776408704000
1776408706.622,106.622,0.88,0.89,0.11,0.12,0.01,0.01,74924.84,1776408705000
1776408707.089,107.089,0.86,0.9,0.1,0.11,0.04,0.01,74924.84,1776408705000
1776408707.78,107.78,0.89,0.9,0.1,0.11,0.01,0.01,74926.1,1776408706000
1776408708.179,108.179,0.89,0.9,0.1,0.11,0.01,0.01,74926.1,1776408706000
1776408708.573,108.573,0.89,0.9,0.1,0.11,0.01,0.01,74927.77,1776408707000
1776408708.911,108.911,0.89,0.9,0.1,0.11,0.01,0.01,74927.77,1776408707000
1776408709.436,109.436,0.89,0.9,0.1,0.11,0.01,0.01,74926.43,1776408708000
1776408709.944,109.944,0.89,0.9,0.1,0.11,0.01,0.01,74927.6,1776408709000
1776408710.497,110.497,0.89,0.9,0.1,0.11,0.01,0.01,74927.6,1776408709000
1776408710.84,110.84,0.87,0.9,0.1,0.11,0.03,0.01,74927.6,1776408709000
1776408711.173,111.173,0.88,0.89,0.11,0.12,0.01,0.01,74926.48,1776408710000
1776408711.555,111.555,0.89,0.9,0.1,0.12,0.01,0.02,74926.48,1776408710000
1776408711.988,111.988,0.89,0.9,0.1,0.11,0.01,0.01,74926.48,1776408710000
1776408712.354,112.354,0.89,0.9,0.1,0.11,0.01,0.01,74926.48,1776408710000
1776408712.703,112.703,0.89,0.9,0.1,0.11,0.01,0.01,74928.0,1776408711000
1776408713.052,113.052,0.89,0.9,0.1,0.11,0.01,0.01,74928.0,1776408711000
1776408713.537,113.537,0.88,0.89,0.1,0.12,0.01,0.02,74928.0,1776408712000
1776408714.268,114.268,0.88,0.89,0.11,0.12,0.01,0.01,74928.0,1776408712000
1776408714.652,114.652,0.88,0.89,0.11,0.12,0.01,0.01,74926.67,1776408713000
1776408715.035,115.035,0.88,0.89,0.11,0.12,0.01,0.01,74926.67,1776408713000
1776408715.398,115.398,0.88,0.89,0.11,0.12,0.01,0.01,74926.49,1776408714000
1776408715.76,115.76,0.89,0.9,0.1,0.12,0.01,0.02,74926.49,1776408714000
1776408716.158,116.158,0.91,0.92,0.08,0.09,0.01,0.01,74926.49,1776408715000
1776408716.492,116.492,0.91,0.92,0.08,0.09,0.01,0.01,74926.49,1776408715000
1776408716.898,116.898,0.91,0.92,0.08,0.09,0.01,0.01,74926.49,1776408715000
1776408717.298,117.298,0.91,0.92,0.08,0.09,0.01,0.01,74926.49,1776408715000
1776408717.75,117.75,0.9,0.91,0.09,0.1,0.01,0.01,74928.38,1776408716000
1776408718.113,118.113,0.9,0.91,0.09,0.1,0.01,0.01,74928.38,1776408716000
1776408718.515,118.515,0.9,0.91,0.09,0.1,0.01,0.01,74930.2,1776408717000
1776408718.949,118.949,0.9,0.91,0.09,0.1,0.01,0.01,74930.2,1776408717000
1776408719.316,119.316,0.89,0.91,0.1,0.11,0.02,0.01,74930.2,1776408717000
1776408719.649,119.649,0.9,0.91,0.09,0.1,0.01,0.01,74934.84,1776408718000
1776408719.991,119.991,0.89,0.91,0.09,0.1,0.02,0.01,74934.84,1776408718000
1776408720.356,120.356,0.9,0.92,0.09,0.1,0.02,0.01,74934.84,1776408718000
1776408720.69,120.69,0.92,0.93,0.07,0.08,0.01,0.01,74936.26,1776408719000
1776408721.091,121.091,0.93,0.94,0.06,0.07,0.01,0.01,74936.22,1776408720000
1776408721.485,121.485,0.93,0.94,0.06,0.07,0.01,0.01,74936.22,1776408720000
1776408721.945,121.945,0.93,0.94,0.06,0.07,0.01,0.01,74936.22,1776408720000
1776408722.342,122.342,0.93,0.94,0.06,0.07,0.01,0.01,74936.45,1776408721000
1776408723.521,123.521,0.93,0.95,0.06,0.07,0.02,0.01,74936.45,1776408721000
1776408723.86,123.86,0.94,0.95,0.05,0.06,0.01,0.01,74944.85,1776408722000
1776408724.344,124.344,0.94,0.95,0.05,0.06,0.01,0.01,74944.85,1776408722000
1776408724.733,124.733,0.94,0.95,0.05,0.06,0.01,0.01,74947.42,1776408723000
1776408725.153,125.153,0.94,0.95,0.05,0.06,0.01,0.01,74947.42,1776408723000
1776408725.499,125.499,0.93,0.94,0.06,0.07,0.01,0.01,74947.57,1776408724000
1776408726.049,126.049,0.93,0.94,0.06,0.07,0.01,0.01,74947.66,1776408725000
1776408726.432,126.432,0.93,0.94,0.06,0.07,0.01,0.01,74947.66,1776408725000
1776408726.877,126.877,0.93,0.94,0.06,0.07,0.01,0.01,74947.66,1776408725000
1776408727.266,127.266,0.92,0.94,0.06,0.07,0.02,0.01,74946.89,1776408726000
1776408727.77,127.77,0.92,0.93,0.07,0.08,0.01,0.01,74946.89,1776408726000
1776408728.273,128.273,0.92,0.93,0.07,0.08,0.01,0.01,74946.96,1776408727000
1776408728.771,128.771,0.92,0.93,0.07,0.08,0.01,0.01,74946.96,1776408727000
1776408729.26,129.26,0.92,0.93,0.07,0.08,0.01,0.01,74946.96,1776408727000
1776408729.646,129.646,0.92,0.93,0.07,0.08,0.01,0.01,74944.51,1776408728000
1776408730.3,130.3,0.91,0.92,0.08,0.09,0.01,0.01,74940.34,1776408729000
1776408730.641,130.641,0.9,0.92,0.08,0.09,0.02,0.01,74940.34,1776408729000
1776408731.023,131.023,0.91,0.92,0.08,0.09,0.01,0.01,74939.25,1776408730000
1776408731.384,131.384,0.91,0.92,0.08,0.09,0.01,0.01,74939.25,1776408730000
1776408731.773,131.773,0.9,0.92,0.08,0.09,0.02,0.01,74939.25,1776408730000
1776408732.289,132.289,0.9,0.91,0.09,0.1,0.01,0.01,74938.4,1776408731000
1776408732.647,132.647,0.89,0.9,0.09,0.13,0.01,0.04,74938.4,1776408731000
1776408733.155,133.155,0.89,0.9,0.1,0.11,0.01,0.01,74938.07,1776408732000
1776408733.49,133.49,0.89,0.9,0.1,0.11,0.01,0.01,74938.07,1776408732000
1776408733.965,133.965,0.89,0.9,0.1,0.11,0.01,0.01,74938.07,1776408732000
1776408734.303,134.303,0.89,0.9,0.1,0.11,0.01,0.01,74936.58,1776408733000
1776408734.673,134.673,0.89,0.9,0.1,0.11,0.01,0.01,74936.58,1776408733000
1776408735.049,135.049,0.89,0.9,0.1,0.11,0.01,0.01,74936.58,1776408733000
1776408735.385,135.385,0.89,0.9,0.1,0.11,0.01,0.01,74936.58,1776408733000
1776408735.744,135.744,0.89,0.9,0.1,0.11,0.01,0.01,74936.58,1776408734000
1776408736.092,136.092,0.89,0.9,0.1,0.11,0.01,0.01,74936.58,1776408734000
1776408736.434,136.434,0.89,0.9,0.1,0.11,0.01,0.01,74935.82,1776408735000
1776408736.895,136.895,0.89,0.9,0.1,0.11,0.01,0.01,74935.82,1776408735000
1776408737.235,137.235,0.89,0.9,0.1,0.11,0.01,0.01,74934.12,1776408736000
1776408737.644,137.644,0.89,0.9,0.1,0.11,0.01,0.01,74934.12,1776408736000
1776408738.061,138.061,0.89,0.9,0.1,0.11,0.01,0.01,74934.12,1776408736000
1776408738.533,138.533,0.89,0.9,0.1,0.11,0.01,0.01,74933.05,1776408737000
1776408738.915,138.915,0.89,0.9,0.1,0.11,0.01,0.01,74933.05,1776408737000
1776408739.353,139.353,0.89,0.9,0.1,0.11,0.01,0.01,74933.05,1776408738000
1776408739.823,139.823,0.89,0.9,0.1,0.11,0.01,0.01,74933.05,1776408738000
1776408740.231,140.231,0.89,0.9,0.1,0.11,0.01,0.01,74933.47,1776408739000
1776408740.584,140.584,0.89,0.9,0.1,0.11,0.01,0.01,74933.47,1776408739000
1776408741.317,141.317,0.89,0.9,0.1,0.11,0.01,0.01,74933.14,1776408740000
1776408741.814,141.814,0.89,0.9,0.1,0.11,0.01,0.01,74933.14,1776408740000
1776408742.294,142.294,0.89,0.9,0.1,0.11,0.01,0.01,74933.16,1776408741000
1776408742.639,142.639,0.89,0.9,0.1,0.11,0.01,0.01,74933.16,1776408741000
1776408743.082,143.082,0.89,0.9,0.1,0.11,0.01,0.01,74933.16,1776408741000
1776408743.744,143.744,0.89,0.9,0.1,0.11,0.01,0.01,74933.98,1776408742000
1776408744.182,144.182,0.89,0.9,0.1,0.11,0.01,0.01,74933.98,1776408742000
1776408744.559,144.559,0.89,0.9,0.1,0.11,0.01,0.01,74933.46,1776408743000
1776408745.04,145.04,0.9,0.91,0.09,0.1,0.01,0.01,74933.46,1776408743000
1776408745.427,145.427,0.9,0.91,0.09,0.1,0.01,0.01,74933.46,1776408744000
1776408745.807,145.807,0.9,0.91,0.09,0.1,0.01,0.01,74933.46,1776408744000
1776408746.179,146.179,0.9,0.91,0.09,0.1,0.01,0.01,74933.85,1776408745000
1776408746.514,146.514,0.9,0.91,0.09,0.1,0.01,0.01,74933.85,1776408745000
1776408746.997,146.997,0.89,0.9,0.1,0.11,0.01,0.01,74933.85,1776408745000
1776408747.511,147.511,0.89,0.9,0.1,0.11,0.01,0.01,74933.69,1776408746000
1776408747.913,147.913,0.89,0.9,0.1,0.11,0.01,0.01,74933.69,1776408746000
1776408748.347,148.347,0.89,0.9,0.1,0.11,0.01,0.01,74930.94,1776408747000
1776408748.947,148.947,0.89,0.9,0.1,0.11,0.01,0.01,74930.94,1776408747000
1776408749.354,149.354,0.89,0.9,0.1,0.11,0.01,0.01,74930.94,1776408747000
1776408749.738,149.738,0.9,0.91,0.09,0.1,0.01,0.01,74929.03,1776408748000
1776408750.142,150.142,0.9,0.91,0.09,0.1,0.01,0.01,74929.03,1776408748000
1776408750.503,150.503,0.9,0.91,0.09,0.1,0.01,0.01,74929.03,1776408748000
1776408750.949,150.949,0.9,0.91,0.09,0.1,0.01,0.01,74929.83,1776408749000
1776408751.804,151.804,0.91,0.92,0.08,0.09,0.01,0.01,74929.73,1776408750000
1776408752.482,152.482,0.91,0.92,0.08,0.09,0.01,0.01,74931.31,1776408751000
1776408753.171,153.171,0.91,0.92,0.08,0.09,0.01,0.01,74931.38,1776408752000
1776408753.595,153.595,0.91,0.92,0.08,0.09,0.01,0.01,74931.38,1776408752000
1776408754.126,154.126,0.91,0.92,0.08,0.09,0.01,0.01,74931.38,1776408752000
1776408754.874,154.874,0.91,0.92,0.08,0.09,0.01,0.01,74932.04,1776408753000
1776408755.647,155.647,0.91,0.92,0.08,0.09,0.01,0.01,74932,1776408754000
1776408756.0,156.0,0.91,0.92,0.08,0.09,0.01,0.01,74932,1776408754000
1776408756.543,156.543,0.91,0.92,0.08,0.09,0.01,0.01,74931.36,1776408755000
1776408757.164,157.164,0.91,0.92,0.08,0.09,0.01,0.01,74931.36,1776408755000
1776408757.503,157.503,0.91,0.92,0.08,0.09,0.01,0.01,74931.36,1776408755000
1776408758.003,158.003,0.91,0.92,0.08,0.09,0.01,0.01,74931.36,1776408756000
1776408758.343,158.343,0.91,0.92,0.08,0.09,0.01,0.01,74932.35,1776408757000
1776408759.099,159.099,0.91,0.92,0.08,0.09,0.01,0.01,74932.35,1776408757000
1776408759.663,159.663,0.91,0.92,0.08,0.09,0.01,0.01,74932.35,1776408757000
1776408760.143,160.143,0.91,0.92,0.08,0.09,0.01,0.01,74932.31,1776408758000
1776408760.578,160.578,0.91,0.92,0.08,0.09,0.01,0.01,74931.53,1776408759000
1776408760.925,160.925,0.91,0.92,0.08,0.09,0.01,0.01,74931.53,1776408759000
1776408761.26,161.26,0.91,0.92,0.08,0.09,0.01,0.01,74928.98,1776408760000
1776408762.13,162.13,0.9,0.92,0.08,0.09,0.02,0.01,74928.98,1776408760000
1776408762.661,162.661,0.9,0.92,0.08,0.1,0.02,0.02,74927.32,1776408761000
1776408763.018,163.018,0.91,0.92,0.08,0.09,0.01,0.01,74927.32,1776408761000
1776408763.438,163.438,0.91,0.92,0.08,0.09,0.01,0.01,74926.98,1776408762000
1776408763.958,163.958,0.91,0.92,0.08,0.09,0.01,0.01,74926.98,1776408762000
1776408764.345,164.345,0.91,0.92,0.08,0.09,0.01,0.01,74926.98,1776408762000
1776408764.687,164.687,0.9,0.92,0.08,0.1,0.02,0.02,74926.16,1776408763000
1776408765.43,165.43,0.91,0.92,0.08,0.09,0.01,0.01,74926.16,1776408763000
1776408766.23,166.23,0.91,0.92,0.08,0.09,0.01,0.01,74926.38,1776408765000
1776408766.621,166.621,0.91,0.92,0.08,0.09,0.01,0.01,74926.38,1776408765000
1776408766.981,166.981,0.9,0.91,0.09,0.1,0.01,0.01,74926.38,1776408765000
1776408767.645,167.645,0.9,0.91,0.09,0.1,0.01,0.01,74926.38,1776408765000
1776408768.145,168.145,0.9,0.91,0.09,0.1,0.01,0.01,74926.38,1776408765000
1776408768.625,168.625,0.9,0.91,0.09,0.1,0.01,0.01,74926.54,1776408767000
1776408769.227,169.227,0.9,0.91,0.09,0.1,0.01,0.01,74924.87,1776408768000
1776408769.594,169.594,0.9,0.91,0.09,0.1,0.01,0.01,74924.87,1776408768000
1776408770.256,170.256,0.9,0.91,0.09,0.1,0.01,0.01,74924.87,1776408768000
1776408770.639,170.639,0.9,0.91,0.09,0.1,0.01,0.01,74924.87,1776408768000
1776408771.339,171.339,0.9,0.91,0.09,0.1,0.01,0.01,74925.62,1776408770000
1776408772.031,172.031,0.9,0.91,0.09,0.1,0.01,0.01,74925.62,1776408770000
1776408772.513,172.513,0.9,0.91,0.09,0.1,0.01,0.01,74925.62,1776408771000
1776408772.951,172.951,0.9,0.91,0.09,0.1,0.01,0.01,74925.62,1776408771000
1776408773.542,173.542,0.9,0.91,0.09,0.1,0.01,0.01,74927.76,1776408772000
1776408773.879,173.879,0.9,0.91,0.09,0.1,0.01,0.01,74927.76,1776408772000
1776408774.732,174.732,0.9,0.91,0.09,0.1,0.01,0.01,74928.18,1776408773000
1776408775.392,175.392,0.9,0.91,0.09,0.1,0.01,0.01,74927.77,1776408774000
1776408776.173,176.173,0.9,0.91,0.09,0.1,0.01,0.01,74927.77,1776408774000
1776408776.538,176.538,0.9,0.91,0.09,0.1,0.01,0.01,74927.46,1776408775000
1776408777.204,177.204,0.9,0.91,0.09,0.1,0.01,0.01,74927.46,1776408775000
1776408778.097,178.097,0.9,0.91,0.09,0.1,0.01,0.01,74927.46,1776408776000
1776408778.94,178.94,0.9,0.91,0.09,0.1,0.01,0.01,74927.9,1776408777000
1776408779.621,179.621,0.92,0.93,0.07,0.08,0.01,0.01,74926.52,1776408778000
1776408780.077,180.077,0.92,0.93,0.07,0.08,0.01,0.01,74926.52,1776408778000
1776408780.42,180.42,0.92,0.93,0.07,0.08,0.01,0.01,74926.37,1776408779000
1776408780.979,180.979,0.92,0.93,0.07,0.08,0.01,0.01,74926.37,1776408779000
1776408781.431,181.431,0.92,0.93,0.07,0.08,0.01,0.01,74926.72,1776408780000
1776408781.77,181.77,0.92,0.93,0.07,0.08,0.01,0.01,74926.72,1776408780000
1776408782.441,182.441,0.92,0.93,0.07,0.08,0.01,0.01,74926.78,1776408781000
1776408783.204,183.204,0.92,0.93,0.07,0.08,0.01,0.01,74926.68,1776408782000
1776408783.832,183.832,0.92,0.93,0.07,0.08,0.01,0.01,74926.68,1776408782000
1776408784.402,184.402,0.92,0.93,0.07,0.08,0.01,0.01,74926.68,1776408782000
1776408784.873,184.873,0.92,0.93,0.07,0.08,0.01,0.01,74925.82,1776408783000
1776408785.461,185.461,0.92,0.93,0.07,0.08,0.01,0.01,74925.82,1776408783000
1776408785.827,185.827,0.92,0.93,0.07,0.08,0.01,0.01,74925.82,1776408783000
1776408786.505,186.505,0.92,0.93,0.07,0.08,0.01,0.01,74926.55,1776408784000
1776408786.927,186.927,0.92,0.93,0.07,0.08,0.01,0.01,74926.54,1776408785000
1776408787.27,187.27,0.9,0.91,0.09,0.1,0.01,0.01,74926.54,1776408785000
1776408787.621,187.621,0.89,0.9,0.09,0.11,0.01,0.02,74926.54,1776408785000
1776408788.026,188.026,0.89,0.9,0.1,0.11,0.01,0.01,74926.54,1776408786000
1776408788.492,188.492,0.89,0.9,0.1,0.11,0.01,0.01,74925.73,1776408787000
1776408788.981,188.981,0.89,0.9,0.1,0.11,0.01,0.01,74925.73,1776408787000
1776408789.479,189.479,0.89,0.9,0.1,0.11,0.01,0.01,74925.73,1776408788000
1776408789.987,189.987,0.89,0.9,0.1,0.11,0.01,0.01,74925.73,1776408788000
1776408790.365,190.365,0.89,0.9,0.1,0.11,0.01,0.01,74925.73,1776408788000
1776408790.797,190.797,0.89,0.9,0.1,0.11,0.01,0.01,74925.73,1776408788000
1776408791.675,191.675,0.89,0.9,0.1,0.11,0.01,0.01,74917.13,1776408789000
1776408792.529,192.529,0.89,0.9,0.1,0.11,0.01,0.01,74916.82,1776408791000
1776408792.979,192.979,0.89,0.9,0.1,0.11,0.01,0.01,74916.82,1776408791000
1776408793.492,193.492,0.89,0.9,0.1,0.11,0.01,0.01,74918.0,1776408792000
1776408793.925,193.925,0.89,0.9,0.1,0.11,0.01,0.01,74918.0,1776408792000
1776408794.284,194.284,0.89,0.9,0.1,0.11,0.01,0.01,74918.0,1776408792000
1776408794.63,194.63,0.89,0.9,0.1,0.11,0.01,0.01,74918.0,1776408792000
1776408795.131,195.131,0.89,0.9,0.1,0.11,0.01,0.01,74918.3,1776408793000
1776408795.543,195.543,0.89,0.9,0.1,0.11,0.01,0.01,74918.3,1776408793000
1776408795.976,195.976,0.89,0.9,0.1,0.11,0.01,0.01,74916.6,1776408794000
1776408796.35,196.35,0.89,0.9,0.1,0.11,0.01,0.01,74916.6,1776408795000
1776408797.166,197.166,0.89,0.9,0.1,0.11,0.01,0.01,74916.57,1776408796000
1776408798.038,198.038,0.89,0.9,0.1,0.11,0.01,0.01,74916.57,1776408796000
1776408798.622,198.622,0.89,0.9,0.1,0.11,0.01,0.01,74916.2,1776408797000
1776408798.981,198.981,0.89,0.9,0.1,0.11,0.01,0.01,74916.2,1776408797000
1776408799.454,199.454,0.89,0.9,0.1,0.11,0.01,0.01,74915.19,1776408798000
1776408799.878,199.878,0.89,0.9,0.1,0.11,0.01,0.01,74915.19,1776408798000
1776408800.473,200.473,0.89,0.9,0.1,0.11,0.01,0.01,74914.29,1776408799000
1776408800.813,200.813,0.88,0.9,0.1,0.11,0.02,0.01,74914.29,1776408799000
1776408801.822,201.822,0.89,0.91,0.1,0.12,0.02,0.02,74914.29,1776408799000
1776408802.22,202.22,0.9,0.91,0.09,0.11,0.01,0.02,74914.99,1776408800000
1776408802.562,202.562,0.9,0.91,0.09,0.1,0.01,0.01,74914.99,1776408800000
1776408802.899,202.899,0.9,0.91,0.09,0.1,0.01,0.01,74914.82,1776408801000
1776408803.37,203.37,0.9,0.91,0.09,0.1,0.01,0.01,74914.82,1776408801000
1776408803.768,203.768,0.9,0.91,0.09,0.1,0.01,0.01,74915.53,1776408802000
1776408804.195,204.195,0.9,0.91,0.09,0.1,0.01,0.01,74915.53,1776408803000
1776408804.659,204.659,0.9,0.91,0.09,0.1,0.01,0.01,74915.53,1776408803000
1776408805.046,205.046,0.9,0.91,0.09,0.1,0.01,0.01,74915.53,1776408803000
1776408805.423,205.423,0.9,0.91,0.09,0.1,0.01,0.01,74915.75,1776408804000
1776408806.313,206.313,0.9,0.91,0.09,0.1,0.01,0.01,74916.58,1776408805000
1776408807.39,207.39,0.9,0.91,0.09,0.1,0.01,0.01,74916.58,1776408805000
1776408807.743,207.743,0.89,0.91,0.09,0.1,0.02,0.01,74916.58,1776408806000
1776408808.796,208.796,0.9,0.91,0.09,0.1,0.01,0.01,74916.63,1776408807000
1776408809.162,209.162,0.9,0.91,0.09,0.1,0.01,0.01,74915.37,1776408808000
1776408809.827,209.827,0.9,0.91,0.09,0.1,0.01,0.01,74915.37,1776408808000
1776408810.287,210.287,0.9,0.91,0.09,0.1,0.01,0.01,74915.08,1776408809000
1776408810.621,210.621,0.9,0.91,0.09,0.1,0.01,0.01,74915.08,1776408809000
1776408811.355,211.355,0.9,0.91,0.09,0.1,0.01,0.01,74915.61,1776408810000
1776408811.808,211.808,0.9,0.91,0.09,0.1,0.01,0.01,74915.61,1776408810000
1776408812.521,212.521,0.9,0.91,0.09,0.1,0.01,0.01,74915.61,1776408811000
1776408813.158,213.158,0.9,0.91,0.09,0.1,0.01,0.01,74915.73,1776408812000
1776408814.09,214.09,0.9,0.91,0.09,0.1,0.01,0.01,74915.73,1776408812000
1776408815.209,215.209,0.9,0.91,0.09,0.1,0.01,0.01,74914.6,1776408813000
1776408815.614,215.614,0.9,0.91,0.09,0.1,0.01,0.01,74915.87,1776408814000
1776408815.988,215.988,0.9,0.91,0.09,0.1,0.01,0.01,74915.87,1776408815000
1776408816.602,216.602,0.9,0.91,0.09,0.1,0.01,0.01,74915.87,1776408815000
1776408817.041,217.041,0.9,0.91,0.09,0.1,0.01,0.01,74916.18,1776408816000
1776408817.466,217.466,0.9,0.91,0.09,0.1,0.01,0.01,74916.18,1776408816000
1776408818.066,218.066,0.9,0.91,0.09,0.1,0.01,0.01,74916.96,1776408817000
1776408818.459,218.459,0.9,0.91,0.09,0.1,0.01,0.01,74916.96,1776408817000
1776408819.102,219.102,0.9,0.91,0.09,0.1,0.01,0.01,74916.96,1776408817000
1776408819.611,219.611,0.9,0.91,0.09,0.1,0.01,0.01,74916.96,1776408817000
1776408819.951,219.951,0.9,0.91,0.09,0.1,0.01,0.01,74917.23,1776408818000
1776408820.351,220.351,0.9,0.91,0.09,0.1,0.01,0.01,74916.88,1776408819000
1776408820.689,220.689,0.9,0.91,0.09,0.1,0.01,0.01,74916.88,1776408819000
1776408821.051,221.051,0.9,0.91,0.09,0.1,0.01,0.01,74916.88,1776408819000
1776408821.435,221.435,0.9,0.91,0.09,0.1,0.01,0.01,74916.88,1776408819000
1776408821.874,221.874,0.9,0.91,0.09,0.1,0.01,0.01,74915.04,1776408820000
1776408822.415,222.415,0.9,0.91,0.09,0.1,0.01,0.01,74914.53,1776408821000
1776408822.785,222.785,0.9,0.91,0.09,0.1,0.01,0.01,74914.53,1776408821000
1776408823.204,223.204,0.9,0.91,0.09,0.1,0.01,0.01,74914.53,1776408821000
1776408823.941,223.941,0.89,0.9,0.08,0.1,0.01,0.02,74914.26,1776408822000
1776408824.303,224.303,0.89,0.9,0.1,0.11,0.01,0.01,74914.26,1776408822000
1776408824.964,224.964,0.89,0.9,0.1,0.11,0.01,0.01,74914.98,1776408824000
1776408825.696,225.696,0.89,0.9,0.1,0.11,0.01,0.01,74914.98,1776408824000
1776408826.04,226.04,0.89,0.9,0.1,0.11,0.01,0.01,74914.98,1776408825000
1776408826.415,226.415,0.89,0.9,0.1,0.11,0.01,0.01,74914.98,1776408825000
1776408826.784,226.784,0.89,0.9,0.1,0.11,0.01,0.01,74914.98,1776408825000
1776408827.162,227.162,0.89,0.9,0.1,0.11,0.01,0.01,74914.98,1776408825000
1776408827.506,227.506,0.89,0.9,0.1,0.11,0.01,0.01,74915.05,1776408826000
1776408827.863,227.863,0.89,0.9,0.1,0.11,0.01,0.01,74915.05,1776408826000
1776408828.203,228.203,0.89,0.9,0.1,0.11,0.01,0.01,74915.05,1776408826000
1776408828.566,228.566,0.89,0.9,0.1,0.11,0.01,0.01,74915.05,1776408826000
1776408828.903,228.903,0.89,0.9,0.1,0.11,0.01,0.01,74916.39,1776408827000
1776408829.237,229.237,0.89,0.9,0.1,0.11,0.01,0.01,74919.12,1776408828000
1776408829.571,229.571,0.89,0.9,0.1,0.11,0.01,0.01,74919.12,1776408828000
1776408830.014,230.014,0.89,0.9,0.1,0.11,0.01,0.01,74919.12,1776408828000
1776408830.485,230.485,0.91,0.92,0.08,0.11,0.01,0.03,74923.96,1776408829000
1776408830.822,230.822,0.91,0.92,0.08,0.09,0.01,0.01,74923.96,1776408829000
1776408831.203,231.203,0.92,0.94,0.06,0.09,0.02,0.03,74923.96,1776408829000
1776408831.564,231.564,0.94,0.95,0.05,0.06,0.01,0.01,74925.38,1776408830000
1776408831.953,231.953,0.94,0.95,0.05,0.06,0.01,0.01,74925.91,1776408831000
1776408832.313,232.313,0.94,0.95,0.05,0.06,0.01,0.01,74925.91,1776408831000
1776408832.692,232.692,0.94,0.95,0.05,0.06,0.01,0.01,74925.91,1776408831000
1776408833.028,233.028,0.94,0.95,0.05,0.06,0.01,0.01,74925.91,1776408831000
1776408833.368,233.368,0.94,0.95,0.05,0.06,0.01,0.01,74926.85,1776408832000
1776408833.746,233.746,0.95,0.96,0.04,0.05,0.01,0.01,74926.85,1776408832000
1776408834.239,234.239,0.95,0.96,0.04,0.05,0.01,0.01,74926.85,1776408832000
1776408834.639,234.639,0.95,0.96,0.04,0.05,0.01,0.01,74926.85,1776408832000
1776408835.026,235.026,0.95,0.96,0.04,0.05,0.01,0.01,74926.85,1776408833000
1776408835.473,235.473,0.96,0.97,0.03,0.05,0.01,0.02,74928.74,1776408834000
1776408835.806,235.806,0.96,0.97,0.03,0.04,0.01,0.01,74928.74,1776408834000
1776408836.151,236.151,0.96,0.97,0.03,0.04,0.01,0.01,74928.74,1776408834000
1776408836.497,236.497,0.96,0.97,0.03,0.04,0.01,0.01,74933.36,1776408835000
1776408836.881,236.881,0.96,0.97,0.03,0.04,0.01,0.01,74933.36,1776408835000
1776408837.308,237.308,0.96,0.97,0.03,0.04,0.01,0.01,74932.42,1776408836000
1776408837.764,237.764,0.96,0.97,0.03,0.04,0.01,0.01,74932.42,1776408836000
1776408838.258,238.258,0.96,0.97,0.03,0.04,0.01,0.01,74932.42,1776408836000
1776408838.688,238.688,0.96,0.97,0.03,0.04,0.01,0.01,74932.64,1776408837000
1776408839.292,239.292,0.96,0.97,0.03,0.04,0.01,0.01,74932.65,1776408838000
1776408839.762,239.762,0.96,0.97,0.03,0.04,0.01,0.01,74932.65,1776408838000
1776408840.221,240.221,0.96,0.97,0.03,0.04,0.01,0.01,74932.63,1776408839000
1776408840.609,240.609,0.96,0.97,0.03,0.04,0.01,0.01,74932.63,1776408839000
1776408840.985,240.985,0.96,0.97,0.03,0.04,0.01,0.01,74932.64,1776408840000
1776408841.364,241.364,0.96,0.97,0.03,0.04,0.01,0.01,74932.64,1776408840000
1776408841.718,241.718,0.96,0.97,0.03,0.04,0.01,0.01,74932.64,1776408840000
1776408842.071,242.071,0.96,0.97,0.03,0.04,0.01,0.01,74935.63,1776408841000
1776408842.411,242.411,0.96,0.97,0.03,0.04,0.01,0.01,74935.63,1776408841000
1776408842.815,242.815,0.96,0.97,0.03,0.04,0.01,0.01,74935.63,1776408841000
1776408843.152,243.152,0.96,0.97,0.03,0.04,0.01,0.01,74939.06,1776408842000
1776408843.641,243.641,0.96,0.97,0.03,0.07,0.01,0.04,74939.06,1776408842000
1776408844.094,244.094,0.96,0.97,0.03,0.05,0.01,0.02,74939.06,1776408842000
1776408844.449,244.449,0.96,0.97,0.03,0.05,0.01,0.02,74941.0,1776408843000
1776408844.966,244.966,0.95,0.97,0.03,0.04,0.02,0.01,74941.0,1776408843000
1776408845.352,245.352,0.95,0.97,0.03,0.05,0.02,0.02,74944.08,1776408844000
1776408845.827,245.827,0.97,0.98,0.02,0.03,0.01,0.01,74944.08,1776408844000
1776408846.265,246.265,0.97,0.98,0.02,0.03,0.01,0.01,74944.08,1776408844000
1776408846.613,246.613,0.97,0.98,0.02,0.03,0.01,0.01,74944.08,1776408845000
1776408847.031,247.031,0.97,0.98,0.02,0.03,0.01,0.01,74944.08,1776408845000
1776408847.365,247.365,0.97,0.98,0.02,0.03,0.01,0.01,74944.09,1776408846000
1776408847.845,247.845,0.97,0.98,0.02,0.03,0.01,0.01,74944.09,1776408846000
1776408848.256,248.256,0.97,0.98,0.02,0.03,0.01,0.01,74944.09,1776408846000
1776408848.594,248.594,0.97,0.98,0.02,0.03,0.01,0.01,74944.09,1776408846000
1776408849.065,249.065,0.97,0.98,0.02,0.03,0.01,0.01,74944.2,1776408847000
1776408849.411,249.411,0.97,0.98,0.02,0.03,0.01,0.01,74946.35,1776408848000
1776408849.806,249.806,0.97,0.98,0.02,0.03,0.01,0.01,74946.35,1776408848000
1776408850.179,250.179,0.97,0.98,0.02,0.03,0.01,0.01,74946.35,1776408848000
1776408850.536,250.536,0.97,0.98,0.02,0.03,0.01,0.01,74946.35,1776408849000
1776408850.937,250.937,0.97,0.98,0.02,0.03,0.01,0.01,74946.35,1776408850000
1776408851.388,251.388,0.97,0.98,0.02,0.03,0.01,0.01,74946.35,1776408850000
1776408851.743,251.743,0.97,0.98,0.02,0.03,0.01,0.01,74946.35,1776408850000
1776408852.137,252.137,0.97,0.98,0.02,0.03,0.01,0.01,74946.35,1776408851000
1776408852.683,252.683,0.97,0.98,0.02,0.03,0.01,0.01,74946.35,1776408851000
1776408853.231,253.231,0.97,0.98,0.02,0.03,0.01,0.01,74946.35,1776408852000
1776408853.653,253.653,0.97,0.98,0.02,0.03,0.01,0.01,74946.35,1776408852000
1776408854.066,254.066,0.97,0.98,0.02,0.03,0.01,0.01,74946.35,1776408852000
1776408854.536,254.536,0.97,0.98,0.02,0.03,0.01,0.01,74946.35,1776408853000
1776408854.976,254.976,0.97,0.98,0.02,0.03,0.01,0.01,74946.35,1776408853000
1776408855.386,255.386,0.97,0.98,0.02,0.03,0.01,0.01,74946.16,1776408854000
1776408855.749,255.749,0.97,0.98,0.02,0.03,0.01,0.01,74946.16,1776408854000
1776408856.199,256.199,0.97,0.98,0.02,0.03,0.01,0.01,74946.16,1776408855000
1776408856.558,256.558,0.97,0.98,0.02,0.03,0.01,0.01,74946.16,1776408855000
1776408856.987,256.987,0.97,0.98,0.02,0.03,0.01,0.01,74946.16,1776408855000
1776408857.343,257.343,0.97,0.98,0.02,0.03,0.01,0.01,74945.33,1776408856000
1776408857.714,257.714,0.97,0.98,0.02,0.03,0.01,0.01,74945.33,1776408856000
1776408858.144,258.144,0.97,0.98,0.01,0.03,0.01,0.02,74945.33,1776408856000
1776408858.724,258.724,0.98,0.99,0.01,0.03,0.01,0.02,74944.32,1776408857000
1776408859.085,259.085,0.98,0.99,0.01,0.02,0.01,0.01,74944.32,1776408857000
1776408859.443,259.443,0.98,0.99,0.01,0.02,0.01,0.01,74943.28,1776408858000
1776408859.912,259.912,0.98,0.99,0.01,0.02,0.01,0.01,74943.28,1776408858000
1776408860.259,260.259,0.98,0.99,0.01,0.02,0.01,0.01,74943.28,1776408858000
1776408860.75,260.75,0.98,0.99,0.01,0.02,0.01,0.01,74944.32,1776408859000
1776408861.09,261.09,0.98,0.99,0.01,0.02,0.01,0.01,74944.32,1776408860000
1776408861.469,261.469,0.98,0.99,0.01,0.02,0.01,0.01,74944.32,1776408860000
1776408861.851,261.851,0.98,0.99,0.01,0.02,0.01,0.01,74944.32,1776408860000
1776408862.228,262.228,0.98,0.99,0.01,0.02,0.01,0.01,74944.32,1776408861000
1776408862.671,262.671,0.98,0.99,0.01,0.02,0.01,0.01,74944.32,1776408861000
1776408863.027,263.027,0.98,0.99,0.01,0.02,0.01,0.01,74942.79,1776408862000
1776408863.512,263.512,0.98,0.99,0.01,0.02,0.01,0.01,74942.79,1776408862000
1776408863.922,263.922,0.98,0.99,0.01,0.02,0.01,0.01,74942.79,1776408862000
1776408864.43,264.43,0.98,0.99,0.01,0.02,0.01,0.01,74939.08,1776408863000
1776408864.937,264.937,0.98,0.99,0.01,0.02,0.01,0.01,74939.08,1776408863000
1776408865.377,265.377,0.98,0.99,0.01,0.02,0.01,0.01,74938.7,1776408864000
1776408865.897,265.897,0.98,0.99,0.01,0.02,0.01,0.01,74938.7,1776408864000
1776408866.654,266.654,0.98,0.99,0.01,0.02,0.01,0.01,74936.33,1776408865000
1776408867.172,267.172,0.98,0.99,0.01,0.02,0.01,0.01,74936.33,1776408866000
1776408867.536,267.536,0.98,0.99,0.01,0.02,0.01,0.01,74936.33,1776408866000
1776408868.092,268.092,0.98,0.99,0.01,0.02,0.01,0.01,74936.33,1776408866000
1776408869.237,269.237,0.98,0.99,0.01,0.02,0.01,0.01,74936.96,1776408868000
1776408869.766,269.766,0.98,0.99,0.01,0.02,0.01,0.01,74936.96,1776408868000
1776408870.197,270.197,0.98,0.99,0.01,0.02,0.01,0.01,74936.96,1776408868000
1776408870.742,270.742,0.98,0.99,0.01,0.02,0.01,0.01,74937.0,1776408869000
1776408871.105,271.105,0.98,0.99,0.01,0.02,0.01,0.01,74937.0,1776408869000
1776408871.439,271.439,0.98,0.99,0.01,0.02,0.01,0.01,74936.85,1776408870000
1776408871.772,271.772,0.98,0.99,0.01,0.02,0.01,0.01,74936.85,1776408870000
1776408872.221,272.221,0.98,0.99,0.01,0.02,0.01,0.01,74936.85,1776408870000
1776408872.602,272.602,0.98,0.99,0.01,0.02,0.01,0.01,74936.85,1776408871000
1776408872.943,272.943,0.98,0.99,0.01,0.02,0.01,0.01,74936.85,1776408871000
1776408873.306,273.306,0.98,0.99,0.01,0.02,0.01,0.01,74936.85,1776408871000
1776408873.706,273.706,0.98,0.99,0.01,0.02,0.01,0.01,74936.85,1776408872000
1776408874.202,274.202,0.98,0.99,0.01,0.02,0.01,0.01,74936.85,1776408873000
1776408874.567,274.567,0.99,0.99,0.01,0.01,0.0,0.0,74936.85,1776408873000
1776408874.922,274.922,0.99,0.99,0.01,0.01,0.0,0.0,74936.85,1776408874000
1776408875.293,275.293,0.99,0.99,0.01,0.01,0.0,0.0,74936.85,1776408874000
1776408876.103,276.103,0.99,0.99,0.01,0.01,0.0,0.0,74936.85,1776408874000
1776408876.5,276.5,0.99,0.99,0.01,0.01,0.0,0.0,74936.85,1776408875000
1776408876.878,276.878,0.99,0.99,0.01,0.01,0.0,0.0,74936.85,1776408875000
1776408877.28,277.28,0.99,0.99,0.01,0.01,0.0,0.0,74936.85,1776408875000
1776408878.048,278.048,0.99,0.99,0.01,0.01,0.0,0.0,74936.85,1776408877000
1776408878.419,278.419,0.99,0.99,0.01,0.01,0.0,0.0,74936.85,1776408877000
1776408879.139,279.139,0.99,0.99,0.01,0.01,0.0,0.0,74936.85,1776408878000
1776408880.237,280.237,0.99,0.99,0.01,0.01,0.0,0.0,74936.85,1776408879000
1776408880.57,280.57,0.99,0.99,0.01,0.01,0.0,0.0,74936.85,1776408879000
1776408881.342,281.342,0.99,0.99,0.01,0.01,0.0,0.0,74938.0,1776408880000
1776408881.744,281.744,0.99,0.99,0.01,0.01,0.0,0.0,74938.0,1776408880000
1776408882.411,282.411,0.99,0.99,0.01,0.01,0.0,0.0,74938.0,1776408881000
1776408882.874,282.874,0.99,0.99,0.01,0.01,0.0,0.0,74938.0,1776408881000
1776408884.186,284.186,0.99,0.99,0.01,0.01,0.0,0.0,74938.24,1776408883000
1776408884.77,284.77,0.99,0.99,0.01,0.01,0.0,0.0,74938.24,1776408883000
1776408885.311,285.311,0.99,0.99,0.01,0.01,0.0,0.0,74938.24,1776408884000
1776408885.681,285.681,0.99,0.99,0.01,0.01,0.0,0.0,74938.24,1776408884000
1776408886.394,286.394,0.99,0.99,0.01,0.01,0.0,0.0,74938.53,1776408885000
1776408886.892,286.892,0.99,0.99,0.01,0.01,0.0,0.0,74938.53,1776408885000
1776408887.263,287.263,0.99,0.99,0.01,0.01,0.0,0.0,74938.53,1776408886000
1776408887.992,287.992,0.99,0.99,0.01,0.01,0.0,0.0,74940.6,1776408887000
1776408888.574,288.574,0.99,0.99,0.01,0.01,0.0,0.0,74940.6,1776408887000
1776408889.008,289.008,0.99,0.99,0.01,0.01,0.0,0.0,74941.05,1776408888000
1776408889.466,289.466,0.99,0.99,0.01,0.01,0.0,0.0,74941.05,1776408888000
1776408890.525,290.525,0.99,0.99,0.01,0.01,0.0,0.0,74941.12,1776408889000
1776408891.028,291.028,0.99,0.99,0.01,0.01,0.0,0.0,74941.18,1776408890000
1776408892.104,292.104,0.99,0.99,0.01,0.01,0.0,0.0,74941.2,1776408891000
1776408893.188,293.188,0.99,0.99,0.01,0.01,0.0,0.0,74941.2,1776408892000
1776408894.112,294.112,0.99,0.99,0.01,0.01,0.0,0.0,74941.2,1776408892000
1776408894.517,294.517,0.99,0.99,0.01,0.01,0.0,0.0,74941.2,1776408893000
1776408895.162,295.162,0.99,0.99,0.01,0.01,0.0,0.0,74941.04,1776408894000
1776408896.286,296.286,0.99,0.99,0.01,0.01,0.0,0.0,74940.54,1776408895000
1776408897.255,297.255,0.99,0.99,0.01,0.01,0.0,0.0,74939.85,1776408896000
1776408898.33,298.33,0.99,0.99,0.01,0.01,0.0,0.0,74939.61,1776408897000
1776408899.321,299.321,0.99,0.99,0.01,0.01,0.0,0.0,74939.61,1776408898000
1776408900.358,300.358,0.99,0.99,0.01,0.01,0.0,0.0,74938.42,1776408899000
1776408900.746,300.746,0.99,0.99,0.01,0.01,0.0,0.0,74938.42,1776408899000

# RESULT,winner=Up,slug=btc-updown-5m-1776408600,ticks=637
