timestamp,elapsed_sec,up_bid,up_ask,down_bid,down_ask,up_spread,down_spread,btc_price,btc_oracle_ts
1776196500.634,0.634,0.49,0.5,0.5,0.51,0.01,0.01,74281.03,1776196499000
1776196501.049,1.049,0.49,0.5,0.5,0.51,0.01,0.01,74281.03,1776196499000
1776196501.385,1.385,0.49,0.5,0.5,0.51,0.01,0.01,74280.4,1776196500000
1776196501.885,1.885,0.49,0.5,0.5,0.51,0.01,0.01,74280.4,1776196500000
1776196502.248,2.248,0.49,0.5,0.5,0.51,0.01,0.01,74280.0,1776196501000
1776196502.844,2.844,0.49,0.5,0.5,0.51,0.01,0.01,74280.0,1776196501000
1776196503.207,3.207,0.49,0.5,0.5,0.51,0.01,0.01,74280.0,1776196501000
1776196503.545,3.545,0.49,0.5,0.5,0.51,0.01,0.01,74297.2,1776196502000
1776196503.883,3.883,0.48,0.5,0.5,0.51,0.02,0.01,74297.2,1776196502000
1776196504.336,4.336,0.47,0.48,0.52,0.53,0.01,0.01,74294.26,1776196503000
1776196504.84,4.84,0.47,0.48,0.52,0.53,0.01,0.01,74294.26,1776196503000
1776196505.219,5.219,0.47,0.48,0.52,0.53,0.01,0.01,74294.26,1776196503000
1776196505.573,5.573,0.47,0.48,0.52,0.53,0.01,0.01,74279.1,1776196504000
1776196505.968,5.968,0.45,0.47,0.52,0.55,0.02,0.03,74279.1,1776196504000
1776196506.303,6.303,0.45,0.46,0.54,0.55,0.01,0.01,74279.1,1776196504000
1776196506.658,6.658,0.45,0.46,0.54,0.55,0.01,0.01,74272.02,1776196505000
1776196507.016,7.016,0.44,0.46,0.54,0.56,0.02,0.02,74269.44,1776196506000
1776196507.452,7.452,0.44,0.45,0.55,0.56,0.01,0.01,74269.44,1776196506000
1776196507.797,7.797,0.44,0.45,0.55,0.56,0.01,0.01,74269.44,1776196506000
1776196508.196,8.196,0.44,0.45,0.55,0.56,0.01,0.01,74269.44,1776196506000
1776196508.615,8.615,0.43,0.45,0.55,0.56,0.02,0.01,74261.53,1776196507000
1776196508.95,8.95,0.44,0.45,0.55,0.56,0.01,0.01,74261.53,1776196507000
1776196509.295,9.295,0.47,0.48,0.53,0.54,0.01,0.01,74261.53,1776196507000
1776196509.684,9.684,0.47,0.49,0.51,0.53,0.02,0.02,74257.85,1776196508000
1776196510.139,10.139,0.48,0.49,0.51,0.52,0.01,0.01,74258.63,1776196509000
1776196510.491,10.491,0.47,0.48,0.52,0.53,0.01,0.01,74258.63,1776196509000
1776196510.891,10.891,0.47,0.48,0.52,0.53,0.01,0.01,74258.63,1776196509000
1776196511.238,11.238,0.47,0.48,0.52,0.53,0.01,0.01,74273.02,1776196510000
1776196511.623,11.623,0.47,0.48,0.52,0.53,0.01,0.01,74273.02,1776196510000
1776196512.103,12.103,0.47,0.48,0.52,0.53,0.01,0.01,74273.02,1776196510000
1776196512.467,12.467,0.46,0.47,0.53,0.54,0.01,0.01,74277.61,1776196511000
1776196512.816,12.816,0.46,0.47,0.53,0.54,0.01,0.01,74277.61,1776196511000
1776196513.203,13.203,0.46,0.47,0.53,0.54,0.01,0.01,74277.61,1776196511000
1776196513.608,13.608,0.46,0.47,0.53,0.54,0.01,0.01,74277.61,1776196512000
1776196513.993,13.993,0.45,0.46,0.54,0.55,0.01,0.01,74276.41,1776196513000
1776196514.382,14.382,0.45,0.46,0.54,0.55,0.01,0.01,74276.41,1776196513000
1776196514.864,14.864,0.45,0.46,0.54,0.55,0.01,0.01,74276.41,1776196513000
1776196515.238,15.238,0.45,0.46,0.54,0.55,0.01,0.01,74276.39,1776196514000
1776196515.647,15.647,0.45,0.46,0.54,0.55,0.01,0.01,74276.39,1776196514000
1776196516.334,16.334,0.45,0.46,0.54,0.55,0.01,0.01,74276.39,1776196514000
1776196516.785,16.785,0.45,0.46,0.54,0.55,0.01,0.01,74276.39,1776196514000
1776196517.314,17.314,0.45,0.46,0.54,0.55,0.01,0.01,74272.95,1776196515000
1776196517.654,17.654,0.45,0.46,0.54,0.55,0.01,0.01,74272.95,1776196516000
1776196517.995,17.995,0.45,0.46,0.54,0.55,0.01,0.01,74271.44,1776196517000
1776196518.689,18.689,0.44,0.46,0.54,0.55,0.02,0.01,74271.44,1776196517000
1776196519.054,19.054,0.42,0.43,0.57,0.58,0.01,0.01,74271.44,1776196517000
1776196519.403,19.403,0.42,0.43,0.57,0.58,0.01,0.01,74271.65,1776196518000
1776196519.849,19.849,0.42,0.43,0.57,0.58,0.01,0.01,74271.65,1776196518000
1776196520.184,20.184,0.42,0.43,0.57,0.58,0.01,0.01,74271.65,1776196518000
1776196520.605,20.605,0.43,0.44,0.56,0.57,0.01,0.01,74269.81,1776196519000
1776196521.007,21.007,0.45,0.47,0.53,0.55,0.02,0.02,74269.81,1776196519000
1776196521.347,21.347,0.46,0.47,0.53,0.54,0.01,0.01,74269.81,1776196519000
1776196521.716,21.716,0.46,0.47,0.53,0.54,0.01,0.01,74268.72,1776196520000
1776196522.076,22.076,0.46,0.47,0.53,0.54,0.01,0.01,74271.83,1776196521000
1776196522.638,22.638,0.46,0.47,0.53,0.54,0.01,0.01,74271.83,1776196521000
1776196522.991,22.991,0.46,0.47,0.53,0.54,0.01,0.01,74277.99,1776196522000
1776196523.34,23.34,0.46,0.48,0.53,0.54,0.02,0.01,74277.99,1776196522000
1776196523.794,23.794,0.47,0.48,0.52,0.53,0.01,0.01,74277.99,1776196522000
1776196524.217,24.217,0.47,0.48,0.52,0.53,0.01,0.01,74277.63,1776196523000
1776196524.63,24.63,0.47,0.48,0.52,0.53,0.01,0.01,74277.63,1776196523000
1776196525.129,25.129,0.47,0.48,0.52,0.53,0.01,0.01,74277.11,1776196524000
1776196525.477,25.477,0.47,0.48,0.52,0.53,0.01,0.01,74277.11,1776196524000
1776196525.865,25.865,0.47,0.48,0.52,0.53,0.01,0.01,74277.11,1776196524000
1776196526.198,26.198,0.47,0.48,0.52,0.53,0.01,0.01,74277.11,1776196524000
1776196526.551,26.551,0.47,0.49,0.52,0.53,0.02,0.01,74277.98,1776196525000
1776196527.164,27.164,0.48,0.49,0.51,0.53,0.01,0.02,74277.98,1776196525000
1776196527.988,27.988,0.48,0.49,0.51,0.52,0.01,0.01,74277.98,1776196525000
1776196528.446,28.446,0.48,0.49,0.51,0.52,0.01,0.01,74278.66,1776196527000
1776196528.896,28.896,0.48,0.49,0.51,0.52,0.01,0.01,74278.66,1776196527000
1776196529.329,29.329,0.47,0.48,0.51,0.52,0.01,0.01,74278.3,1776196528000
1776196529.716,29.716,0.45,0.46,0.54,0.55,0.01,0.01,74278.3,1776196528000
1776196530.273,30.273,0.45,0.46,0.54,0.55,0.01,0.01,74278.3,1776196528000
1776196530.61,30.61,0.45,0.46,0.54,0.55,0.01,0.01,74278.2,1776196529000
1776196530.964,30.964,0.46,0.47,0.53,0.55,0.01,0.02,74278.2,1776196529000
1776196531.316,31.316,0.46,0.47,0.53,0.54,0.01,0.01,74278.2,1776196529000
1776196531.749,31.749,0.46,0.47,0.53,0.54,0.01,0.01,74278.2,1776196529000
1776196532.299,32.299,0.46,0.47,0.53,0.54,0.01,0.01,74282.98,1776196531000
1776196532.633,32.633,0.48,0.5,0.5,0.52,0.02,0.02,74282.98,1776196531000
1776196532.978,32.978,0.49,0.5,0.5,0.51,0.01,0.01,74282.98,1776196531000
1776196533.351,33.351,0.49,0.5,0.5,0.51,0.01,0.01,74282.98,1776196531000
1776196533.702,33.702,0.49,0.5,0.5,0.51,0.01,0.01,74280.08,1776196532000
1776196534.079,34.079,0.5,0.51,0.49,0.5,0.01,0.01,74280.29,1776196533000
1776196534.435,34.435,0.5,0.51,0.49,0.5,0.01,0.01,74280.29,1776196533000
1776196534.8,34.8,0.5,0.51,0.49,0.5,0.01,0.01,74280.29,1776196533000
1776196535.68,35.68,0.51,0.52,0.48,0.49,0.01,0.01,74294.0,1776196534000
1776196536.094,36.094,0.51,0.52,0.48,0.49,0.01,0.01,74292.47,1776196535000
1776196536.726,36.726,0.51,0.52,0.48,0.49,0.01,0.01,74292.47,1776196535000
1776196537.079,37.079,0.51,0.52,0.48,0.49,0.01,0.01,74292.31,1776196536000
1776196537.627,37.627,0.52,0.53,0.47,0.48,0.01,0.01,74292.31,1776196536000
1776196538.068,38.068,0.52,0.53,0.47,0.48,0.01,0.01,74292.31,1776196536000
1776196538.43,38.43,0.52,0.53,0.47,0.48,0.01,0.01,74292.3,1776196537000
1776196539.221,39.221,0.52,0.53,0.47,0.48,0.01,0.01,74292.3,1776196537000
1776196539.61,39.61,0.52,0.53,0.47,0.49,0.01,0.02,74293.4,1776196538000
1776196540.126,40.126,0.52,0.53,0.47,0.48,0.01,0.01,74293.4,1776196538000
1776196540.578,40.578,0.52,0.53,0.47,0.48,0.01,0.01,74294.15,1776196539000
1776196541.284,41.284,0.52,0.53,0.47,0.48,0.01,0.01,74293.55,1776196540000
1776196541.675,41.675,0.52,0.53,0.47,0.48,0.01,0.01,74293.55,1776196540000
1776196542.154,42.154,0.52,0.53,0.47,0.48,0.01,0.01,74293.55,1776196540000
1776196542.644,42.644,0.52,0.53,0.47,0.48,0.01,0.01,74290.55,1776196541000
1776196543.167,43.167,0.52,0.53,0.47,0.48,0.01,0.01,74290.55,1776196541000
1776196543.603,43.603,0.52,0.53,0.47,0.48,0.01,0.01,74290.92,1776196542000
1776196544.203,44.203,0.52,0.53,0.47,0.48,0.01,0.01,74290.92,1776196542000
1776196544.589,44.589,0.52,0.53,0.47,0.48,0.01,0.01,74291.69,1776196543000
1776196544.937,44.937,0.52,0.53,0.47,0.48,0.01,0.01,74291.69,1776196543000
1776196545.37,45.37,0.52,0.53,0.47,0.48,0.01,0.01,74290.2,1776196544000
1776196545.734,45.734,0.52,0.53,0.47,0.48,0.01,0.01,74290.2,1776196544000
1776196546.16,46.16,0.52,0.53,0.47,0.48,0.01,0.01,74290.24,1776196545000
1776196546.543,46.543,0.52,0.53,0.47,0.48,0.01,0.01,74290.24,1776196545000
1776196546.951,46.951,0.52,0.53,0.47,0.48,0.01,0.01,74290.24,1776196546000
1776196547.46,47.46,0.52,0.53,0.47,0.48,0.01,0.01,74290.24,1776196546000
1776196547.841,47.841,0.52,0.53,0.47,0.48,0.01,0.01,74290.24,1776196546000
1776196548.42,48.42,0.53,0.54,0.46,0.47,0.01,0.01,74290.22,1776196547000
1776196548.908,48.908,0.53,0.54,0.46,0.47,0.01,0.01,74290.22,1776196547000
1776196549.587,49.587,0.52,0.53,0.46,0.48,0.01,0.02,74289.2,1776196548000
1776196549.96,49.96,0.52,0.53,0.47,0.48,0.01,0.01,74289.27,1776196549000
1776196550.3,50.3,0.52,0.53,0.47,0.48,0.01,0.01,74289.27,1776196549000
1776196550.9,50.9,0.52,0.53,0.47,0.48,0.01,0.01,74289.27,1776196549000
1776196551.323,51.323,0.52,0.53,0.47,0.48,0.01,0.01,74288.85,1776196550000
1776196551.895,51.895,0.52,0.53,0.47,0.48,0.01,0.01,74288.85,1776196550000
1776196552.386,52.386,0.52,0.53,0.47,0.48,0.01,0.01,74288.85,1776196551000
1776196552.783,52.783,0.52,0.53,0.47,0.48,0.01,0.01,74288.85,1776196551000
1776196553.221,53.221,0.51,0.53,0.47,0.48,0.02,0.01,74288.22,1776196552000
1776196553.765,53.765,0.51,0.52,0.48,0.49,0.01,0.01,74288.22,1776196552000
1776196554.308,54.308,0.52,0.53,0.47,0.48,0.01,0.01,74289.28,1776196553000
1776196554.724,54.724,0.52,0.53,0.47,0.48,0.01,0.01,74289.28,1776196553000
1776196555.131,55.131,0.52,0.53,0.47,0.48,0.01,0.01,74289.21,1776196554000
1776196555.536,55.536,0.52,0.54,0.47,0.48,0.02,0.01,74289.21,1776196554000
1776196555.925,55.925,0.53,0.54,0.46,0.47,0.01,0.01,74289.21,1776196554000
1776196556.455,56.455,0.53,0.54,0.46,0.47,0.01,0.01,74289.42,1776196555000
1776196556.828,56.828,0.52,0.54,0.46,0.47,0.02,0.01,74289.42,1776196555000
1776196557.225,57.225,0.46,0.47,0.49,0.54,0.01,0.05,74289.71,1776196556000
1776196557.655,57.655,0.46,0.47,0.53,0.56,0.01,0.03,74289.71,1776196556000
1776196558.026,58.026,0.46,0.47,0.53,0.54,0.01,0.01,74289.71,1776196556000
1776196558.47,58.47,0.46,0.47,0.53,0.54,0.01,0.01,74289.71,1776196556000
1776196558.95,58.95,0.46,0.47,0.53,0.54,0.01,0.01,74286.11,1776196557000
1776196559.29,59.29,0.46,0.47,0.53,0.54,0.01,0.01,74286.11,1776196557000
1776196559.644,59.644,0.46,0.47,0.53,0.54,0.01,0.01,74286.11,1776196557000
1776196559.982,59.982,0.46,0.48,0.51,0.54,0.02,0.03,74278.24,1776196558000
1776196560.339,60.339,0.47,0.48,0.52,0.53,0.01,0.01,74278.24,1776196558000
1776196560.729,60.729,0.48,0.49,0.51,0.52,0.01,0.01,74280.48,1776196559000
1776196561.076,61.076,0.48,0.49,0.51,0.52,0.01,0.01,74280.48,1776196559000
1776196561.422,61.422,0.48,0.49,0.51,0.52,0.01,0.01,74280.48,1776196559000
1776196561.896,61.896,0.47,0.48,0.51,0.53,0.01,0.02,74280.54,1776196560000
1776196562.354,62.354,0.47,0.48,0.52,0.53,0.01,0.01,74280.54,1776196560000
1776196562.758,62.758,0.47,0.48,0.52,0.53,0.01,0.01,74277.33,1776196561000
1776196563.237,63.237,0.47,0.48,0.52,0.53,0.01,0.01,74277.32,1776196562000
1776196563.608,63.608,0.47,0.48,0.52,0.53,0.01,0.01,74277.32,1776196562000
1776196564.016,64.016,0.48,0.49,0.52,0.53,0.01,0.01,74277.32,1776196562000
1776196564.383,64.383,0.48,0.49,0.51,0.52,0.01,0.01,74277.32,1776196562000
1776196564.894,64.894,0.48,0.49,0.51,0.52,0.01,0.01,74279.6,1776196563000
1776196565.302,65.302,0.48,0.49,0.51,0.52,0.01,0.01,74280.47,1776196564000
1776196566.017,66.017,0.48,0.49,0.51,0.52,0.01,0.01,74280.47,1776196564000
1776196566.393,66.393,0.49,0.5,0.5,0.51,0.01,0.01,74281.13,1776196565000
1776196566.935,66.935,0.48,0.5,0.5,0.51,0.02,0.01,74281.13,1776196565000
1776196567.435,67.435,0.48,0.49,0.5,0.52,0.01,0.02,74281.13,1776196565000
1776196567.877,67.877,0.48,0.49,0.51,0.52,0.01,0.01,74281.14,1776196566000
1776196568.538,68.538,0.48,0.49,0.51,0.52,0.01,0.01,74280.38,1776196567000
1776196569.0,69.0,0.49,0.5,0.51,0.52,0.01,0.01,74280.38,1776196567000
1776196569.409,69.409,0.49,0.5,0.5,0.51,0.01,0.01,74280.38,1776196568000
1776196569.751,69.751,0.49,0.5,0.5,0.51,0.01,0.01,74280.38,1776196568000
1776196570.184,70.184,0.49,0.5,0.5,0.51,0.01,0.01,74280.38,1776196568000
1776196570.802,70.802,0.49,0.5,0.5,0.51,0.01,0.01,74280.4,1776196569000
1776196571.504,71.504,0.49,0.5,0.5,0.51,0.01,0.01,74280.46,1776196570000
1776196572.117,72.117,0.49,0.5,0.5,0.51,0.01,0.01,74280.46,1776196570000
1776196572.599,72.599,0.49,0.5,0.5,0.51,0.01,0.01,74280.46,1776196571000
1776196573.145,73.145,0.49,0.5,0.5,0.51,0.01,0.01,74280.46,1776196571000
1776196573.634,73.634,0.49,0.5,0.5,0.51,0.01,0.01,74280.49,1776196572000
1776196573.982,73.982,0.49,0.5,0.5,0.51,0.01,0.01,74280.49,1776196572000
1776196574.316,74.316,0.49,0.5,0.5,0.51,0.01,0.01,74280.49,1776196572000
1776196574.895,74.895,0.49,0.5,0.5,0.51,0.01,0.01,74280.49,1776196573000
1776196575.504,75.504,0.49,0.5,0.5,0.51,0.01,0.01,74280.49,1776196574000
1776196575.893,75.893,0.53,0.54,0.46,0.51,0.01,0.05,74280.49,1776196574000
1776196576.232,76.232,0.53,0.54,0.46,0.47,0.01,0.01,74280.49,1776196574000
1776196576.613,76.613,0.53,0.54,0.46,0.47,0.01,0.01,74280.51,1776196575000
1776196576.998,76.998,0.53,0.54,0.46,0.47,0.01,0.01,74280.51,1776196575000
1776196577.378,77.378,0.53,0.54,0.46,0.47,0.01,0.01,74282.76,1776196576000
1776196578.269,78.269,0.53,0.54,0.46,0.47,0.01,0.01,74282.76,1776196576000
1776196578.671,78.671,0.49,0.5,0.5,0.51,0.01,0.01,74291.51,1776196577000
1776196579.149,79.149,0.49,0.5,0.5,0.51,0.01,0.01,74291.51,1776196577000
1776196579.492,79.492,0.49,0.5,0.5,0.51,0.01,0.01,74289.95,1776196578000
1776196579.975,79.975,0.52,0.53,0.47,0.48,0.01,0.01,74289.95,1776196578000
1776196580.394,80.394,0.52,0.54,0.47,0.48,0.02,0.01,74286.63,1776196579000
1776196580.797,80.797,0.52,0.53,0.47,0.48,0.01,0.01,74286.63,1776196579000
1776196581.262,81.262,0.52,0.53,0.47,0.48,0.01,0.01,74286.63,1776196579000
1776196581.74,81.74,0.52,0.53,0.47,0.48,0.01,0.01,74292.48,1776196580000
1776196582.23,82.23,0.52,0.53,0.47,0.48,0.01,0.01,74292.78,1776196581000
1776196582.846,82.846,0.52,0.53,0.47,0.48,0.01,0.01,74292.78,1776196581000
1776196583.399,83.399,0.52,0.53,0.47,0.48,0.01,0.01,74290.24,1776196582000
1776196584.285,84.285,0.52,0.53,0.47,0.48,0.01,0.01,74287.9,1776196583000
1776196584.719,84.719,0.52,0.53,0.47,0.48,0.01,0.01,74287.9,1776196583000
1776196585.156,85.156,0.52,0.53,0.47,0.48,0.01,0.01,74287.9,1776196583000
1776196585.512,85.512,0.52,0.53,0.47,0.48,0.01,0.01,74287.52,1776196584000
1776196585.854,85.854,0.52,0.53,0.47,0.48,0.01,0.01,74287.52,1776196584000
1776196586.484,86.484,0.52,0.53,0.47,0.48,0.01,0.01,74286.42,1776196585000
1776196586.89,86.89,0.51,0.52,0.47,0.49,0.01,0.02,74286.42,1776196585000
1776196587.613,87.613,0.51,0.52,0.48,0.49,0.01,0.01,74286.42,1776196586000
1776196588.115,88.115,0.51,0.52,0.48,0.49,0.01,0.01,74286.42,1776196586000
1776196588.693,88.693,0.51,0.54,0.48,0.49,0.03,0.01,74284.18,1776196587000
1776196589.435,89.435,0.53,0.54,0.46,0.47,0.01,0.01,74284.21,1776196588000
1776196590.006,90.006,0.53,0.54,0.46,0.47,0.01,0.01,74284.21,1776196589000
1776196591.164,91.164,0.53,0.54,0.46,0.47,0.01,0.01,74284.5,1776196590000
1776196591.503,91.503,0.45,0.46,0.54,0.55,0.01,0.01,74284.5,1776196590000
1776196591.909,91.909,0.44,0.45,0.55,0.56,0.01,0.01,74284.5,1776196590000
1776196592.244,92.244,0.44,0.46,0.54,0.55,0.02,0.01,74284.5,1776196590000
1776196592.587,92.587,0.45,0.46,0.52,0.55,0.01,0.03,74284.5,1776196590000
1776196592.926,92.926,0.45,0.47,0.53,0.55,0.02,0.02,74284.5,1776196590000
1776196593.38,93.38,0.46,0.49,0.53,0.54,0.03,0.01,74284.5,1776196590000
1776196593.767,93.767,0.48,0.5,0.5,0.52,0.02,0.02,74284.5,1776196590000
1776196594.189,94.189,0.49,0.5,0.49,0.51,0.01,0.02,74284.5,1776196590000
1776196594.562,94.562,0.5,0.51,0.49,0.5,0.01,0.01,74284.5,1776196590000
1776196595.08,95.08,0.5,0.51,0.49,0.5,0.01,0.01,74284.5,1776196590000
1776196595.606,95.606,0.5,0.51,0.49,0.5,0.01,0.01,74284.5,1776196590000
1776196596.007,96.007,0.49,0.5,0.5,0.51,0.01,0.01,74284.5,1776196590000
1776196596.478,96.478,0.49,0.5,0.5,0.51,0.01,0.01,74284.5,1776196590000
1776196596.865,96.865,0.49,0.5,0.5,0.51,0.01,0.01,74284.5,1776196590000
1776196597.299,97.299,0.49,0.5,0.48,0.51,0.01,0.03,74284.5,1776196590000
1776196597.841,97.841,0.51,0.52,0.5,0.51,0.01,0.01,74284.5,1776196590000
1776196598.204,98.204,0.51,0.52,0.48,0.49,0.01,0.01,74284.5,1776196590000
1776196598.734,98.734,0.51,0.52,0.48,0.49,0.01,0.01,74284.5,1776196590000
1776196599.069,99.069,0.51,0.52,0.48,0.49,0.01,0.01,74284.5,1776196590000
1776196599.446,99.446,0.52,0.53,0.47,0.49,0.01,0.02,74284.5,1776196590000
1776196599.894,99.894,0.52,0.53,0.47,0.48,0.01,0.01,74287,1776196598000
1776196600.247,100.247,0.52,0.53,0.47,0.48,0.01,0.01,74287,1776196598000
1776196600.621,100.621,0.51,0.52,0.48,0.49,0.01,0.01,74287.19,1776196599000
1776196600.96,100.96,0.51,0.52,0.48,0.49,0.01,0.01,74287.19,1776196599000
1776196601.551,101.551,0.51,0.52,0.48,0.49,0.01,0.01,74288.86,1776196600000
1776196601.995,101.995,0.51,0.52,0.48,0.49,0.01,0.01,74288.86,1776196600000
1776196602.359,102.359,0.51,0.52,0.48,0.49,0.01,0.01,74288.86,1776196600000
1776196602.727,102.727,0.51,0.52,0.48,0.49,0.01,0.01,74285.13,1776196601000
1776196603.321,103.321,0.51,0.52,0.48,0.49,0.01,0.01,74284.63,1776196602000
1776196603.656,103.656,0.53,0.54,0.46,0.47,0.01,0.01,74284.63,1776196602000
1776196604.054,104.054,0.54,0.55,0.45,0.46,0.01,0.01,74284.63,1776196602000
1776196604.857,104.857,0.54,0.55,0.45,0.46,0.01,0.01,74284.63,1776196602000
1776196605.211,105.211,0.52,0.53,0.47,0.48,0.01,0.01,74284.88,1776196603000
1776196605.545,105.545,0.48,0.5,0.5,0.52,0.02,0.02,74288.1,1776196604000
1776196605.939,105.939,0.48,0.49,0.51,0.52,0.01,0.01,74288.1,1776196604000
1776196606.434,106.434,0.48,0.49,0.51,0.52,0.01,0.01,74290.89,1776196605000
1776196606.815,106.815,0.48,0.49,0.51,0.52,0.01,0.01,74290.89,1776196605000
1776196607.157,107.157,0.48,0.49,0.51,0.52,0.01,0.01,74290.89,1776196605000
1776196607.842,107.842,0.48,0.49,0.51,0.52,0.01,0.01,74279.59,1776196606000
1776196608.373,108.373,0.48,0.49,0.51,0.52,0.01,0.01,74279.61,1776196607000
1776196608.726,108.726,0.48,0.49,0.51,0.52,0.01,0.01,74279.61,1776196607000
1776196609.064,109.064,0.51,0.52,0.46,0.5,0.01,0.04,74279.61,1776196607000
1776196609.486,109.486,0.52,0.53,0.47,0.48,0.01,0.01,74279.96,1776196608000
1776196609.959,109.959,0.52,0.53,0.47,0.48,0.01,0.01,74279.96,1776196608000
1776196610.599,110.599,0.51,0.52,0.48,0.49,0.01,0.01,74279.96,1776196608000
1776196610.996,110.996,0.5,0.52,0.48,0.49,0.02,0.01,74279.96,1776196608000
1776196611.44,111.44,0.5,0.51,0.49,0.5,0.01,0.01,74279.96,1776196608000
1776196611.872,111.872,0.5,0.51,0.49,0.5,0.01,0.01,74287.25,1776196610000
1776196612.251,112.251,0.5,0.52,0.49,0.5,0.02,0.01,74287.25,1776196610000
1776196613.028,113.028,0.51,0.52,0.48,0.49,0.01,0.01,74283.59,1776196612000
1776196613.491,113.491,0.48,0.49,0.48,0.52,0.01,0.04,74283.59,1776196612000
1776196613.844,113.844,0.48,0.49,0.51,0.52,0.01,0.01,74283.59,1776196612000
1776196614.184,114.184,0.48,0.49,0.51,0.52,0.01,0.01,74285.52,1776196613000
1776196614.566,114.566,0.49,0.5,0.5,0.51,0.01,0.01,74285.52,1776196613000
1776196614.918,114.918,0.49,0.5,0.5,0.51,0.01,0.01,74285.52,1776196613000
1776196615.536,115.536,0.5,0.51,0.5,0.51,0.01,0.01,74284.16,1776196614000
1776196616.253,116.253,0.5,0.51,0.49,0.5,0.01,0.01,74286.27,1776196615000
1776196616.734,116.734,0.5,0.51,0.49,0.5,0.01,0.01,74286.27,1776196615000
1776196617.121,117.121,0.5,0.51,0.49,0.5,0.01,0.01,74286.27,1776196615000
1776196617.999,117.999,0.5,0.51,0.49,0.5,0.01,0.01,74287.35,1776196616000
1776196618.402,118.402,0.5,0.51,0.49,0.5,0.01,0.01,74286.33,1776196617000
1776196618.922,118.922,0.51,0.52,0.48,0.49,0.01,0.01,74286.71,1776196618000
1776196619.526,119.526,0.5,0.52,0.48,0.49,0.02,0.01,74286.71,1776196618000
1776196619.967,119.967,0.5,0.51,0.49,0.5,0.01,0.01,74284.29,1776196619000
1776196620.379,120.379,0.5,0.51,0.49,0.5,0.01,0.01,74284.29,1776196619000
1776196620.754,120.754,0.5,0.51,0.49,0.5,0.01,0.01,74284.29,1776196619000
1776196621.153,121.153,0.5,0.51,0.49,0.5,0.01,0.01,74284.12,1776196620000
1776196621.95,121.95,0.5,0.51,0.49,0.5,0.01,0.01,74284.12,1776196620000
1776196623.265,123.265,0.5,0.51,0.49,0.5,0.01,0.01,74282.97,1776196622000
1776196623.615,123.615,0.48,0.49,0.51,0.53,0.01,0.02,74282.97,1776196622000
1776196623.949,123.949,0.47,0.48,0.52,0.53,0.01,0.01,74282.97,1776196622000
1776196624.389,124.389,0.47,0.48,0.52,0.53,0.01,0.01,74282.97,1776196622000
1776196624.901,124.901,0.47,0.49,0.51,0.53,0.02,0.02,74282.43,1776196624000
1776196625.32,125.32,0.48,0.49,0.51,0.52,0.01,0.01,74282.43,1776196624000
1776196625.908,125.908,0.48,0.49,0.51,0.52,0.01,0.01,74278.73,1776196625000
1776196626.246,126.246,0.44,0.45,0.51,0.55,0.01,0.04,74278.73,1776196625000
1776196626.589,126.589,0.43,0.44,0.56,0.57,0.01,0.01,74278.73,1776196625000
1776196626.926,126.926,0.43,0.44,0.56,0.57,0.01,0.01,74278.73,1776196625000
1776196627.259,127.259,0.43,0.46,0.54,0.57,0.03,0.03,74278.73,1776196625000
1776196627.615,127.615,0.46,0.47,0.53,0.54,0.01,0.01,74278.82,1776196626000
1776196627.982,127.982,0.46,0.47,0.53,0.54,0.01,0.01,74278.82,1776196626000
1776196628.37,128.37,0.46,0.47,0.53,0.54,0.01,0.01,74277.59,1776196627000
1776196628.756,128.756,0.44,0.47,0.55,0.57,0.03,0.02,74277.59,1776196627000
1776196629.132,129.132,0.43,0.44,0.56,0.57,0.01,0.01,74277.59,1776196627000
1776196629.48,129.48,0.43,0.44,0.56,0.57,0.01,0.01,74274.84,1776196628000
1776196629.837,129.837,0.43,0.44,0.56,0.57,0.01,0.01,74274.84,1776196628000
1776196630.433,130.433,0.42,0.44,0.56,0.58,0.02,0.02,74270.29,1776196629000
1776196630.981,130.981,0.42,0.44,0.56,0.58,0.02,0.02,74268.66,1776196630000
1776196631.478,131.478,0.42,0.43,0.56,0.58,0.01,0.02,74268.66,1776196630000
1776196631.824,131.824,0.41,0.43,0.57,0.58,0.02,0.01,74268.66,1776196630000
1776196632.172,132.172,0.38,0.42,0.58,0.62,0.04,0.04,74256.65,1776196631000
1776196632.523,132.523,0.39,0.4,0.6,0.61,0.01,0.01,74256.65,1776196631000
1776196632.858,132.858,0.39,0.41,0.6,0.61,0.02,0.01,74256.65,1776196631000
1776196633.211,133.211,0.4,0.42,0.58,0.6,0.02,0.02,74256.65,1776196631000
1776196633.674,133.674,0.42,0.43,0.57,0.59,0.01,0.02,74268.77,1776196632000
1776196634.044,134.044,0.47,0.48,0.52,0.53,0.01,0.01,74268.77,1776196632000
1776196634.377,134.377,0.43,0.48,0.52,0.57,0.05,0.05,74274.46,1776196633000
1776196634.754,134.754,0.45,0.46,0.54,0.56,0.01,0.02,74274.46,1776196633000
1776196635.179,135.179,0.45,0.46,0.54,0.55,0.01,0.01,74272.75,1776196634000
1776196635.617,135.617,0.42,0.44,0.56,0.57,0.02,0.01,74272.75,1776196634000
1776196636.036,136.036,0.43,0.44,0.56,0.57,0.01,0.01,74272.75,1776196634000
1776196636.379,136.379,0.46,0.47,0.53,0.54,0.01,0.01,74272.75,1776196635000
1776196636.739,136.739,0.46,0.47,0.53,0.54,0.01,0.01,74272.75,1776196635000
1776196637.113,137.113,0.46,0.48,0.52,0.54,0.02,0.02,74272.75,1776196635000
1776196637.452,137.452,0.46,0.47,0.53,0.54,0.01,0.01,74268.34,1776196636000
1776196637.797,137.797,0.46,0.47,0.53,0.54,0.01,0.01,74268.34,1776196636000
1776196638.132,138.132,0.46,0.47,0.53,0.54,0.01,0.01,74268.34,1776196636000
1776196638.631,138.631,0.46,0.47,0.53,0.54,0.01,0.01,74275.22,1776196637000
1776196639.2,139.2,0.46,0.47,0.53,0.54,0.01,0.01,74275.22,1776196637000
1776196639.645,139.645,0.46,0.47,0.53,0.54,0.01,0.01,74278.27,1776196638000
1776196640.078,140.078,0.46,0.47,0.53,0.54,0.01,0.01,74276.48,1776196639000
1776196640.541,140.541,0.46,0.47,0.53,0.54,0.01,0.01,74276.48,1776196639000
1776196640.928,140.928,0.46,0.47,0.53,0.54,0.01,0.01,74276.48,1776196639000
1776196641.261,141.261,0.46,0.48,0.52,0.54,0.02,0.02,74276.48,1776196639000
1776196641.69,141.69,0.46,0.48,0.52,0.54,0.02,0.02,74276.01,1776196640000
1776196642.046,142.046,0.43,0.44,0.56,0.57,0.01,0.01,74276.01,1776196640000
1776196642.409,142.409,0.43,0.44,0.56,0.57,0.01,0.01,74274.98,1776196641000
1776196642.761,142.761,0.43,0.45,0.55,0.57,0.02,0.02,74274.98,1776196641000
1776196643.122,143.122,0.45,0.46,0.54,0.56,0.01,0.02,74274.98,1776196641000
1776196643.458,143.458,0.45,0.46,0.54,0.55,0.01,0.01,74274.98,1776196641000
1776196644.27,144.27,0.46,0.47,0.53,0.54,0.01,0.01,74279.45,1776196643000
1776196644.829,144.829,0.47,0.48,0.52,0.54,0.01,0.02,74279.45,1776196643000
1776196645.25,145.25,0.48,0.49,0.52,0.53,0.01,0.01,74279.45,1776196643000
1776196645.635,145.635,0.48,0.49,0.51,0.52,0.01,0.01,74280.39,1776196644000
1776196646.114,146.114,0.48,0.49,0.51,0.52,0.01,0.01,74280.42,1776196645000
1776196646.806,146.806,0.48,0.49,0.51,0.52,0.01,0.01,74280.42,1776196645000
1776196647.14,147.14,0.48,0.49,0.51,0.52,0.01,0.01,74280.42,1776196645000
1776196647.626,147.626,0.48,0.49,0.51,0.52,0.01,0.01,74283.84,1776196646000
1776196648.06,148.06,0.48,0.49,0.51,0.52,0.01,0.01,74283.84,1776196646000
1776196648.491,148.491,0.48,0.49,0.51,0.52,0.01,0.01,74283.91,1776196647000
1776196648.947,148.947,0.48,0.49,0.51,0.52,0.01,0.01,74283.91,1776196647000
1776196649.368,149.368,0.44,0.45,0.54,0.56,0.01,0.02,74283.91,1776196647000
1776196649.744,149.744,0.44,0.45,0.55,0.56,0.01,0.01,74283.37,1776196648000
1776196650.096,150.096,0.44,0.45,0.55,0.56,0.01,0.01,74280.85,1776196649000
1776196650.498,150.498,0.44,0.45,0.55,0.56,0.01,0.01,74280.85,1776196649000
1776196650.924,150.924,0.44,0.45,0.55,0.56,0.01,0.01,74280.85,1776196649000
1776196651.386,151.386,0.45,0.46,0.54,0.55,0.01,0.01,74280.85,1776196649000
1776196651.824,151.824,0.45,0.46,0.54,0.55,0.01,0.01,74277.56,1776196650000
1776196652.251,152.251,0.45,0.46,0.54,0.55,0.01,0.01,74277.56,1776196650000
1776196652.599,152.599,0.45,0.46,0.54,0.55,0.01,0.01,74278.55,1776196651000
1776196652.949,152.949,0.45,0.46,0.54,0.55,0.01,0.01,74278.55,1776196651000
1776196653.285,153.285,0.45,0.46,0.54,0.55,0.01,0.01,74279.75,1776196652000
1776196653.715,153.715,0.45,0.46,0.54,0.55,0.01,0.01,74279.75,1776196652000
1776196654.057,154.057,0.45,0.46,0.54,0.55,0.01,0.01,74279.75,1776196652000
1776196654.518,154.518,0.45,0.46,0.54,0.55,0.01,0.01,74279.67,1776196653000
1776196654.876,154.876,0.43,0.44,0.55,0.57,0.01,0.02,74279.67,1776196653000
1776196655.562,155.562,0.41,0.42,0.58,0.59,0.01,0.01,74279.34,1776196654000
1776196656.256,156.256,0.41,0.42,0.58,0.59,0.01,0.01,74279.34,1776196654000
1776196656.934,156.934,0.41,0.42,0.58,0.59,0.01,0.01,74275.85,1776196655000
1776196657.357,157.357,0.41,0.42,0.58,0.59,0.01,0.01,74273.88,1776196656000
1776196657.766,157.766,0.4,0.41,0.59,0.6,0.01,0.01,74273.88,1776196656000
1776196658.173,158.173,0.4,0.41,0.59,0.6,0.01,0.01,74270.74,1776196657000
1776196658.53,158.53,0.4,0.41,0.59,0.6,0.01,0.01,74270.74,1776196657000
1776196658.927,158.927,0.4,0.41,0.59,0.6,0.01,0.01,74270.74,1776196657000
1776196659.767,159.767,0.4,0.41,0.59,0.6,0.01,0.01,74266.84,1776196658000
1776196660.523,160.523,0.39,0.4,0.6,0.61,0.01,0.01,74263.21,1776196659000
1776196661.177,161.177,0.39,0.4,0.6,0.61,0.01,0.01,74262.15,1776196660000
1776196661.714,161.714,0.39,0.4,0.6,0.61,0.01,0.01,74262.15,1776196660000
1776196662.195,162.195,0.39,0.4,0.6,0.61,0.01,0.01,74262.15,1776196660000
1776196662.655,162.655,0.39,0.4,0.6,0.61,0.01,0.01,74268.59,1776196661000
1776196662.997,162.997,0.39,0.4,0.6,0.61,0.01,0.01,74268.59,1776196661000
1776196663.34,163.34,0.39,0.4,0.6,0.61,0.01,0.01,74268.59,1776196661000
1776196663.772,163.772,0.39,0.4,0.6,0.61,0.01,0.01,74268.08,1776196662000
1776196664.173,164.173,0.4,0.41,0.59,0.61,0.01,0.02,74268.08,1776196662000
1776196664.515,164.515,0.4,0.41,0.59,0.6,0.01,0.01,74265.4,1776196663000
1776196664.878,164.878,0.4,0.41,0.59,0.6,0.01,0.01,74265.4,1776196663000
1776196665.326,165.326,0.41,0.42,0.55,0.6,0.01,0.05,74265.4,1776196663000
1776196665.91,165.91,0.41,0.42,0.58,0.59,0.01,0.01,74263.74,1776196664000
1776196666.596,166.596,0.41,0.43,0.57,0.59,0.02,0.02,74268.43,1776196665000
1776196667.299,167.299,0.41,0.42,0.58,0.59,0.01,0.01,74269.57,1776196666000
1776196667.897,167.897,0.41,0.42,0.58,0.59,0.01,0.01,74269.57,1776196666000
1776196668.501,168.501,0.4,0.41,0.59,0.6,0.01,0.01,74269.57,1776196666000
1776196668.862,168.862,0.4,0.41,0.59,0.6,0.01,0.01,74266.17,1776196667000
1776196669.213,169.213,0.39,0.41,0.59,0.61,0.02,0.02,74266.17,1776196667000
1776196669.569,169.569,0.38,0.39,0.61,0.62,0.01,0.01,74265.52,1776196668000
1776196669.909,169.909,0.37,0.39,0.61,0.63,0.02,0.02,74265.52,1776196668000
1776196670.276,170.276,0.38,0.42,0.59,0.62,0.04,0.03,74259.07,1776196669000
1776196670.665,170.665,0.39,0.41,0.58,0.62,0.02,0.04,74259.07,1776196669000
1776196671.127,171.127,0.4,0.42,0.58,0.61,0.02,0.03,74259.07,1776196669000
1776196671.623,171.623,0.39,0.42,0.57,0.61,0.03,0.04,74259.07,1776196669000
1776196672.071,172.071,0.39,0.4,0.58,0.61,0.01,0.03,74266.2,1776196670000
1776196672.447,172.447,0.39,0.4,0.6,0.61,0.01,0.01,74270.06,1776196671000
1776196672.91,172.91,0.39,0.4,0.6,0.61,0.01,0.01,74270.06,1776196671000
1776196673.281,173.281,0.39,0.41,0.58,0.6,0.02,0.02,74267.98,1776196672000
1776196673.675,173.675,0.39,0.41,0.59,0.61,0.02,0.02,74267.98,1776196672000
1776196674.06,174.06,0.39,0.41,0.59,0.61,0.02,0.02,74267.98,1776196672000
1776196674.495,174.495,0.39,0.42,0.58,0.61,0.03,0.03,74267.98,1776196672000
1776196674.935,174.935,0.4,0.41,0.58,0.6,0.01,0.02,74271.46,1776196673000
1776196675.275,175.275,0.39,0.41,0.6,0.61,0.02,0.01,74271.46,1776196673000
1776196675.612,175.612,0.39,0.42,0.58,0.61,0.03,0.03,74272.44,1776196674000
1776196675.977,175.977,0.41,0.42,0.58,0.59,0.01,0.01,74272.44,1776196674000
1776196676.329,176.329,0.45,0.49,0.53,0.55,0.04,0.02,74273.07,1776196675000
1776196676.668,176.668,0.44,0.47,0.55,0.56,0.03,0.01,74273.07,1776196675000
1776196677.015,177.015,0.45,0.48,0.52,0.55,0.03,0.03,74273.07,1776196675000
1776196678.078,178.078,0.45,0.48,0.52,0.55,0.03,0.03,74284.65,1776196677000
1776196678.563,178.563,0.46,0.49,0.53,0.55,0.03,0.02,74284.65,1776196677000
1776196679.192,179.192,0.47,0.49,0.51,0.53,0.02,0.02,74284.67,1776196678000
1776196679.553,179.553,0.47,0.49,0.51,0.53,0.02,0.02,74284.67,1776196678000
1776196680.155,180.155,0.47,0.49,0.51,0.53,0.02,0.02,74286.16,1776196679000
1776196680.488,180.488,0.47,0.49,0.51,0.53,0.02,0.02,74286.16,1776196679000
1776196680.894,180.894,0.48,0.49,0.52,0.53,0.01,0.01,74286.16,1776196679000
1776196681.246,181.246,0.5,0.51,0.49,0.5,0.01,0.01,74286.41,1776196680000
1776196681.581,181.581,0.47,0.48,0.52,0.53,0.01,0.01,74286.41,1776196680000
1776196681.984,181.984,0.47,0.48,0.52,0.53,0.01,0.01,74286.41,1776196680000
1776196682.319,182.319,0.47,0.48,0.52,0.53,0.01,0.01,74286.41,1776196680000
1776196682.968,182.968,0.46,0.47,0.53,0.54,0.01,0.01,74285.67,1776196682000
1776196683.708,183.708,0.46,0.47,0.53,0.54,0.01,0.01,74285.67,1776196682000
1776196684.148,184.148,0.46,0.47,0.53,0.54,0.01,0.01,74283.3,1776196683000
1776196685.091,185.091,0.46,0.47,0.53,0.54,0.01,0.01,74285.91,1776196684000
1776196685.429,185.429,0.46,0.48,0.53,0.54,0.02,0.01,74285.91,1776196684000
1776196685.888,185.888,0.46,0.48,0.52,0.54,0.02,0.02,74285.91,1776196684000
1776196686.225,186.225,0.46,0.48,0.52,0.54,0.02,0.02,74285.39,1776196685000
1776196686.594,186.594,0.47,0.49,0.52,0.54,0.02,0.02,74285.39,1776196685000
1776196687.003,187.003,0.47,0.48,0.51,0.53,0.01,0.02,74285.39,1776196685000
1776196687.418,187.418,0.47,0.49,0.51,0.53,0.02,0.02,74283.64,1776196686000
1776196687.753,187.753,0.46,0.47,0.53,0.54,0.01,0.01,74283.64,1776196686000
1776196688.127,188.127,0.47,0.51,0.52,0.53,0.04,0.01,74283.64,1776196686000
1776196688.464,188.464,0.46,0.48,0.51,0.53,0.02,0.02,74281.2,1776196687000
1776196688.821,188.821,0.47,0.48,0.52,0.53,0.01,0.01,74281.2,1776196687000
1776196689.18,189.18,0.44,0.45,0.52,0.56,0.01,0.04,74281.2,1776196687000
1776196689.515,189.515,0.43,0.45,0.55,0.57,0.02,0.02,74274.9,1776196688000
1776196689.872,189.872,0.43,0.45,0.55,0.57,0.02,0.02,74274.9,1776196688000
1776196690.226,190.226,0.42,0.43,0.56,0.6,0.01,0.04,74274.9,1776196688000
1776196690.571,190.571,0.42,0.43,0.57,0.58,0.01,0.01,74274.9,1776196688000
1776196690.906,190.906,0.42,0.44,0.57,0.58,0.02,0.01,74274.9,1776196688000
1776196691.243,191.243,0.45,0.47,0.53,0.55,0.02,0.02,74266.41,1776196689000
1776196691.603,191.603,0.45,0.47,0.54,0.55,0.02,0.01,74262.46,1776196690000
1776196692.006,192.006,0.46,0.48,0.52,0.54,0.02,0.02,74264.79,1776196691000
1776196692.343,192.343,0.48,0.52,0.48,0.53,0.04,0.05,74264.79,1776196691000
1776196692.691,192.691,0.5,0.53,0.47,0.5,0.03,0.03,74264.79,1776196691000
1776196693.034,193.034,0.49,0.5,0.5,0.54,0.01,0.04,74264.79,1776196691000
1776196693.373,193.373,0.49,0.5,0.5,0.51,0.01,0.01,74276.42,1776196692000
1776196693.727,193.727,0.47,0.49,0.51,0.53,0.02,0.02,74276.42,1776196692000
1776196694.094,194.094,0.47,0.48,0.52,0.53,0.01,0.01,74276.42,1776196692000
1776196694.428,194.428,0.45,0.48,0.52,0.55,0.03,0.03,74276.42,1776196692000
1776196694.774,194.774,0.45,0.46,0.54,0.55,0.01,0.01,74279.72,1776196693000
1776196695.128,195.128,0.45,0.46,0.54,0.55,0.01,0.01,74276.96,1776196694000
1776196695.526,195.526,0.45,0.46,0.54,0.55,0.01,0.01,74276.96,1776196694000
1776196695.888,195.888,0.45,0.47,0.54,0.55,0.02,0.01,74276.96,1776196694000
1776196696.295,196.295,0.46,0.48,0.52,0.54,0.02,0.02,74272.06,1776196695000
1776196696.826,196.826,0.47,0.48,0.52,0.53,0.01,0.01,74272.06,1776196695000
1776196697.165,197.165,0.47,0.48,0.52,0.53,0.01,0.01,74272.06,1776196695000
1776196697.504,197.504,0.47,0.48,0.52,0.53,0.01,0.01,74270.54,1776196696000
1776196697.952,197.952,0.46,0.48,0.52,0.53,0.02,0.01,74270.54,1776196696000
1776196698.299,198.299,0.46,0.47,0.53,0.54,0.01,0.01,74270.54,1776196696000
1776196698.919,198.919,0.46,0.47,0.53,0.54,0.01,0.01,74275.42,1776196697000
1776196699.535,199.535,0.46,0.47,0.53,0.54,0.01,0.01,74273.58,1776196698000
1776196700.139,200.139,0.46,0.47,0.53,0.54,0.01,0.01,74273.58,1776196698000
1776196700.484,200.484,0.47,0.48,0.52,0.54,0.01,0.02,74273.17,1776196699000
1776196701.0,201.0,0.48,0.5,0.5,0.53,0.02,0.03,74273.17,1776196699000
1776196701.422,201.422,0.49,0.5,0.5,0.51,0.01,0.01,74273.45,1776196700000
1776196701.865,201.865,0.49,0.5,0.5,0.51,0.01,0.01,74273.45,1776196700000
1776196702.362,202.362,0.49,0.5,0.5,0.51,0.01,0.01,74276.65,1776196701000
1776196702.726,202.726,0.49,0.5,0.5,0.51,0.01,0.01,74276.65,1776196701000
1776196703.084,203.084,0.49,0.5,0.5,0.51,0.01,0.01,74279.18,1776196702000
1776196703.445,203.445,0.48,0.49,0.5,0.52,0.01,0.02,74279.18,1776196702000
1776196704.07,204.07,0.47,0.48,0.52,0.53,0.01,0.01,74279.18,1776196702000
1776196704.538,204.538,0.46,0.48,0.52,0.53,0.02,0.01,74279.94,1776196703000
1776196705.704,205.704,0.46,0.47,0.53,0.54,0.01,0.01,74278.91,1776196704000
1776196706.221,206.221,0.46,0.47,0.53,0.54,0.01,0.01,74278.79,1776196705000
1776196706.829,206.829,0.46,0.47,0.53,0.54,0.01,0.01,74278.79,1776196705000
1776196707.194,207.194,0.46,0.47,0.53,0.54,0.01,0.01,74278.79,1776196705000
1776196707.638,207.638,0.46,0.47,0.53,0.54,0.01,0.01,74278.24,1776196706000
1776196708.175,208.175,0.46,0.47,0.53,0.54,0.01,0.01,74278.84,1776196707000
1776196708.56,208.56,0.46,0.47,0.53,0.54,0.01,0.01,74278.84,1776196707000
1776196709.188,209.188,0.46,0.47,0.53,0.54,0.01,0.01,74278.84,1776196707000
1776196709.537,209.537,0.46,0.47,0.53,0.54,0.01,0.01,74276.91,1776196708000
1776196710.0,210.0,0.46,0.47,0.53,0.54,0.01,0.01,74276.91,1776196708000
1776196710.448,210.448,0.46,0.47,0.53,0.54,0.01,0.01,74276.91,1776196709000
1776196710.794,210.794,0.46,0.47,0.53,0.54,0.01,0.01,74276.91,1776196709000
1776196711.207,211.207,0.46,0.48,0.53,0.54,0.02,0.01,74276.91,1776196709000
1776196712.09,212.09,0.47,0.48,0.52,0.53,0.01,0.01,74274.07,1776196710000
1776196712.456,212.456,0.47,0.48,0.52,0.53,0.01,0.01,74274.07,1776196710000
1776196712.911,212.911,0.47,0.48,0.52,0.53,0.01,0.01,74274.07,1776196711000
1776196713.342,213.342,0.47,0.48,0.52,0.53,0.01,0.01,74277.45,1776196712000
1776196713.694,213.694,0.47,0.48,0.52,0.53,0.01,0.01,74277.45,1776196712000
1776196714.033,214.033,0.47,0.48,0.52,0.53,0.01,0.01,74277.45,1776196712000
1776196714.371,214.371,0.48,0.49,0.51,0.52,0.01,0.01,74277.77,1776196713000
1776196715.42,215.42,0.48,0.49,0.51,0.52,0.01,0.01,74277.77,1776196713000
1776196715.944,215.944,0.48,0.49,0.51,0.52,0.01,0.01,74277.93,1776196714000
1776196716.537,216.537,0.48,0.49,0.51,0.52,0.01,0.01,74277.93,1776196714000
1776196717.029,217.029,0.48,0.49,0.51,0.52,0.01,0.01,74278.68,1776196715000
1776196717.485,217.485,0.48,0.49,0.51,0.52,0.01,0.01,74278.68,1776196716000
1776196717.841,217.841,0.48,0.49,0.51,0.52,0.01,0.01,74278.68,1776196716000
1776196718.383,218.383,0.48,0.49,0.51,0.52,0.01,0.01,74280.16,1776196717000
1776196718.719,218.719,0.52,0.53,0.47,0.48,0.01,0.01,74280.16,1776196717000
1776196719.129,219.129,0.52,0.53,0.47,0.48,0.01,0.01,74280.16,1776196717000
1776196719.494,219.494,0.53,0.54,0.45,0.47,0.01,0.02,74280.16,1776196717000
1776196719.835,219.835,0.53,0.54,0.46,0.47,0.01,0.01,74280.16,1776196718000
1776196720.197,220.197,0.53,0.54,0.46,0.47,0.01,0.01,74282.02,1776196719000
1776196720.703,220.703,0.53,0.54,0.46,0.47,0.01,0.01,74282.02,1776196719000
1776196721.042,221.042,0.53,0.54,0.46,0.47,0.01,0.01,74282.02,1776196719000
1776196721.378,221.378,0.5,0.51,0.49,0.52,0.01,0.03,74282.02,1776196719000
1776196721.728,221.728,0.5,0.51,0.49,0.5,0.01,0.01,74282.02,1776196719000
1776196722.08,222.08,0.5,0.51,0.49,0.5,0.01,0.01,74282.02,1776196719000
1776196722.417,222.417,0.5,0.51,0.49,0.51,0.01,0.02,74282.02,1776196719000
1776196722.782,222.782,0.5,0.51,0.49,0.51,0.01,0.02,74291.76,1776196721000
1776196723.217,223.217,0.5,0.52,0.49,0.5,0.02,0.01,74291.76,1776196721000
1776196723.587,223.587,0.5,0.51,0.49,0.5,0.01,0.01,74291.76,1776196721000
1776196724.015,224.015,0.5,0.51,0.49,0.5,0.01,0.01,74283.83,1776196722000
1776196724.435,224.435,0.5,0.51,0.49,0.5,0.01,0.01,74283.83,1776196722000
1776196724.793,224.793,0.49,0.51,0.49,0.5,0.02,0.01,74280.72,1776196723000
1776196725.132,225.132,0.49,0.5,0.5,0.51,0.01,0.01,74280.72,1776196723000
1776196725.507,225.507,0.5,0.51,0.48,0.51,0.01,0.03,74280.64,1776196724000
1776196725.845,225.845,0.5,0.52,0.48,0.5,0.02,0.02,74280.64,1776196724000
1776196726.332,226.332,0.52,0.53,0.47,0.49,0.01,0.02,74280.64,1776196724000
1776196726.785,226.785,0.52,0.53,0.47,0.48,0.01,0.01,74280.64,1776196724000
1776196727.21,227.21,0.52,0.53,0.47,0.48,0.01,0.01,74280.52,1776196725000
1776196727.56,227.56,0.5,0.53,0.47,0.48,0.03,0.01,74280.52,1776196725000
1776196727.959,227.959,0.49,0.5,0.5,0.51,0.01,0.01,74280.52,1776196725000
1776196728.323,228.323,0.49,0.5,0.5,0.51,0.01,0.01,74282.71,1776196726000
1776196728.766,228.766,0.49,0.5,0.5,0.51,0.01,0.01,74282.71,1776196726000
1776196729.139,229.139,0.5,0.52,0.48,0.5,0.02,0.02,74280.62,1776196727000
1776196729.475,229.475,0.52,0.54,0.46,0.48,0.02,0.02,74280.62,1776196727000
1776196729.831,229.831,0.52,0.53,0.46,0.48,0.01,0.02,74280.62,1776196727000
1776196730.297,230.297,0.52,0.53,0.47,0.48,0.01,0.01,74280.58,1776196728000
1776196730.978,230.978,0.52,0.53,0.47,0.48,0.01,0.01,74280.4,1776196729000
1776196731.318,231.318,0.48,0.49,0.51,0.52,0.01,0.01,74280.4,1776196729000
1776196731.653,231.653,0.48,0.49,0.51,0.52,0.01,0.01,74280.4,1776196729000
1776196732.037,232.037,0.48,0.49,0.5,0.52,0.01,0.02,74282.02,1776196730000
1776196732.48,232.48,0.5,0.51,0.49,0.5,0.01,0.01,74282.02,1776196730000
1776196733.015,233.015,0.5,0.51,0.49,0.5,0.01,0.01,74282.02,1776196730000
1776196733.388,233.388,0.49,0.5,0.49,0.5,0.01,0.01,74279.86,1776196731000
1776196733.803,233.803,0.49,0.5,0.5,0.51,0.01,0.01,74279.86,1776196731000
1776196734.305,234.305,0.5,0.52,0.49,0.5,0.02,0.01,74277.33,1776196732000
1776196734.717,234.717,0.52,0.53,0.46,0.48,0.01,0.02,74277.33,1776196732000
1776196735.799,235.799,0.52,0.53,0.47,0.48,0.01,0.01,74279.67,1776196733000
1776196736.165,236.165,0.51,0.52,0.47,0.48,0.01,0.01,74279.53,1776196734000
1776196736.538,236.538,0.51,0.52,0.48,0.49,0.01,0.01,74280.04,1776196735000
1776196736.923,236.923,0.51,0.52,0.48,0.49,0.01,0.01,74280.04,1776196735000
1776196737.358,237.358,0.51,0.52,0.48,0.49,0.01,0.01,74280.03,1776196736000
1776196738.168,238.168,0.51,0.52,0.48,0.49,0.01,0.01,74279.71,1776196737000
1776196738.924,238.924,0.5,0.51,0.48,0.49,0.01,0.01,74279.71,1776196737000
1776196739.432,239.432,0.5,0.51,0.49,0.5,0.01,0.01,74279.71,1776196737000
1776196739.862,239.862,0.5,0.51,0.49,0.5,0.01,0.01,74280.86,1776196738000
1776196740.279,240.279,0.5,0.51,0.49,0.5,0.01,0.01,74280.14,1776196739000
1776196740.614,240.614,0.5,0.51,0.49,0.5,0.01,0.01,74280.14,1776196739000
1776196740.988,240.988,0.49,0.51,0.49,0.5,0.02,0.01,74280.14,1776196739000
1776196741.466,241.466,0.48,0.49,0.51,0.54,0.01,0.03,74280.13,1776196740000
1776196742.085,242.085,0.48,0.49,0.51,0.52,0.01,0.01,74280.13,1776196740000
1776196742.42,242.42,0.54,0.55,0.44,0.46,0.01,0.02,74280.13,1776196740000
1776196742.856,242.856,0.54,0.56,0.44,0.46,0.02,0.02,74280.02,1776196741000
1776196743.198,243.198,0.55,0.56,0.44,0.45,0.01,0.01,74280.02,1776196741000
1776196743.575,243.575,0.55,0.56,0.44,0.45,0.01,0.01,74280.02,1776196741000
1776196743.988,243.988,0.55,0.56,0.44,0.45,0.01,0.01,74280.31,1776196742000
1776196744.343,244.343,0.55,0.56,0.44,0.45,0.01,0.01,74280.31,1776196742000
1776196744.713,244.713,0.55,0.56,0.44,0.45,0.01,0.01,74280.31,1776196742000
1776196745.291,245.291,0.55,0.56,0.44,0.45,0.01,0.01,74287.92,1776196743000
1776196745.629,245.629,0.55,0.56,0.44,0.45,0.01,0.01,74287.01,1776196744000
1776196745.989,245.989,0.55,0.56,0.44,0.45,0.01,0.01,74287.01,1776196744000
1776196746.342,246.342,0.55,0.56,0.44,0.45,0.01,0.01,74287.01,1776196745000
1776196746.792,246.792,0.56,0.58,0.43,0.44,0.02,0.01,74287.01,1776196745000
1776196747.132,247.132,0.62,0.63,0.37,0.38,0.01,0.01,74287.01,1776196745000
1776196747.47,247.47,0.64,0.67,0.33,0.36,0.03,0.03,74287.01,1776196745000
1776196747.811,247.811,0.64,0.65,0.35,0.36,0.01,0.01,74285.31,1776196746000
1776196748.15,248.15,0.67,0.69,0.3,0.33,0.02,0.03,74285.31,1776196746000
1776196748.495,248.495,0.67,0.68,0.32,0.33,0.01,0.01,74285.31,1776196747000
1776196748.829,248.829,0.67,0.68,0.32,0.33,0.01,0.01,74285.31,1776196747000
1776196749.198,249.198,0.67,0.68,0.32,0.33,0.01,0.01,74285.31,1776196747000
1776196749.556,249.556,0.67,0.68,0.32,0.33,0.01,0.01,74302.26,1776196748000
1776196749.892,249.892,0.65,0.67,0.32,0.35,0.02,0.03,74302.26,1776196748000
1776196750.353,250.353,0.65,0.67,0.33,0.35,0.02,0.02,74299.9,1776196749000
1776196750.768,250.768,0.6,0.61,0.37,0.41,0.01,0.04,74299.9,1776196749000
1776196751.126,251.126,0.59,0.61,0.39,0.4,0.02,0.01,74299.9,1776196749000
1776196751.539,251.539,0.59,0.6,0.4,0.41,0.01,0.01,74295.9,1776196750000
1776196751.873,251.873,0.59,0.6,0.39,0.41,0.01,0.02,74295.9,1776196750000
1776196752.213,252.213,0.61,0.62,0.38,0.41,0.01,0.03,74295.9,1776196750000
1776196752.564,252.564,0.62,0.63,0.37,0.38,0.01,0.01,74289.43,1776196751000
1776196752.965,252.965,0.62,0.63,0.37,0.38,0.01,0.01,74289.43,1776196751000
1776196753.309,253.309,0.62,0.63,0.37,0.38,0.01,0.01,74287.32,1776196752000
1776196753.754,253.754,0.62,0.63,0.37,0.38,0.01,0.01,74287.32,1776196752000
1776196754.101,254.101,0.62,0.63,0.37,0.38,0.01,0.01,74287.32,1776196752000
1776196754.867,254.867,0.62,0.63,0.37,0.38,0.01,0.01,74287.27,1776196753000
1776196755.272,255.272,0.61,0.62,0.38,0.39,0.01,0.01,74287.27,1776196753000
1776196755.666,255.666,0.68,0.7,0.31,0.32,0.02,0.01,74287.27,1776196753000
1776196756.096,256.096,0.68,0.69,0.31,0.32,0.01,0.01,74287.45,1776196754000
1776196756.435,256.435,0.68,0.7,0.3,0.32,0.02,0.02,74287.69,1776196755000
1776196756.938,256.938,0.68,0.69,0.31,0.32,0.01,0.01,74287.69,1776196755000
1776196757.297,257.297,0.68,0.69,0.31,0.32,0.01,0.01,74287.69,1776196755000
1776196757.704,257.704,0.68,0.69,0.31,0.32,0.01,0.01,74292.33,1776196756000
1776196758.069,258.069,0.68,0.69,0.31,0.32,0.01,0.01,74292.33,1776196756000
1776196758.416,258.416,0.68,0.69,0.31,0.32,0.01,0.01,74294.98,1776196757000
1776196758.866,258.866,0.68,0.69,0.31,0.32,0.01,0.01,74294.98,1776196757000
1776196759.253,259.253,0.68,0.69,0.31,0.32,0.01,0.01,74294.98,1776196757000
1776196759.587,259.587,0.69,0.7,0.3,0.31,0.01,0.01,74295.98,1776196758000
1776196760.002,260.002,0.7,0.71,0.29,0.3,0.01,0.01,74295.98,1776196758000
1776196760.349,260.349,0.71,0.72,0.28,0.3,0.01,0.02,74295.98,1776196759000
1776196760.719,260.719,0.7,0.71,0.28,0.3,0.01,0.02,74295.98,1776196759000
1776196761.063,261.063,0.69,0.7,0.3,0.31,0.01,0.01,74295.98,1776196759000
1776196761.408,261.408,0.69,0.7,0.3,0.31,0.01,0.01,74296.29,1776196760000
1776196761.806,261.806,0.69,0.7,0.3,0.31,0.01,0.01,74296.29,1776196760000
1776196762.464,262.464,0.68,0.69,0.3,0.32,0.01,0.02,74296.29,1776196760000
1776196762.931,262.931,0.68,0.69,0.31,0.32,0.01,0.01,74295.88,1776196761000
1776196763.472,263.472,0.67,0.69,0.31,0.32,0.02,0.01,74295.88,1776196761000
1776196763.862,263.862,0.63,0.64,0.36,0.37,0.01,0.01,74294.45,1776196762000
1776196764.229,264.229,0.64,0.65,0.35,0.36,0.01,0.01,74294.45,1776196762000
1776196764.565,264.565,0.63,0.65,0.35,0.38,0.02,0.03,74294.45,1776196763000
1776196764.997,264.997,0.63,0.64,0.36,0.37,0.01,0.01,74294.45,1776196763000
1776196765.37,265.37,0.64,0.65,0.35,0.37,0.01,0.02,74294.45,1776196763000
1776196765.753,265.753,0.64,0.65,0.35,0.36,0.01,0.01,74292.51,1776196764000
1776196766.209,266.209,0.64,0.65,0.35,0.36,0.01,0.01,74291.44,1776196765000
1776196766.637,266.637,0.63,0.64,0.35,0.37,0.01,0.02,74291.44,1776196765000
1776196767.111,267.111,0.63,0.64,0.36,0.37,0.01,0.01,74291.44,1776196765000
1776196767.476,267.476,0.63,0.64,0.36,0.37,0.01,0.01,74291.44,1776196765000
1776196767.81,267.81,0.64,0.65,0.35,0.36,0.01,0.01,74290.11,1776196766000
1776196768.144,268.144,0.64,0.66,0.34,0.36,0.02,0.02,74289.56,1776196767000
1776196768.58,268.58,0.65,0.66,0.34,0.36,0.01,0.02,74289.56,1776196767000
1776196768.913,268.913,0.67,0.68,0.32,0.33,0.01,0.01,74289.56,1776196767000
1776196769.306,269.306,0.7,0.72,0.28,0.29,0.02,0.01,74289.56,1776196767000
1776196769.676,269.676,0.71,0.72,0.28,0.29,0.01,0.01,74289.18,1776196768000
1776196770.01,270.01,0.68,0.72,0.28,0.32,0.04,0.04,74289.18,1776196768000
1776196770.366,270.366,0.69,0.7,0.3,0.32,0.01,0.02,74289.18,1776196769000
1776196770.735,270.735,0.7,0.71,0.29,0.3,0.01,0.01,74289.18,1776196769000
1776196771.249,271.249,0.7,0.71,0.29,0.3,0.01,0.01,74289.18,1776196769000
1776196771.626,271.626,0.7,0.71,0.28,0.3,0.01,0.02,74295.51,1776196770000
1776196772.049,272.049,0.7,0.73,0.29,0.3,0.03,0.01,74295.51,1776196770000
1776196772.396,272.396,0.71,0.72,0.28,0.29,0.01,0.01,74293.07,1776196771000
1776196772.81,272.81,0.66,0.67,0.32,0.34,0.01,0.02,74293.07,1776196771000
1776196773.323,273.323,0.66,0.67,0.33,0.34,0.01,0.01,74293.07,1776196771000
1776196773.877,273.877,0.65,0.66,0.34,0.35,0.01,0.01,74292.52,1776196772000
1776196774.307,274.307,0.58,0.6,0.37,0.38,0.02,0.01,74288.99,1776196773000
1776196774.642,274.642,0.51,0.52,0.47,0.5,0.01,0.03,74288.99,1776196773000
1776196775.0,275.0,0.52,0.54,0.43,0.49,0.02,0.06,74288.99,1776196773000
1776196775.344,275.344,0.52,0.56,0.44,0.48,0.04,0.04,74288.99,1776196773000
1776196775.695,275.695,0.51,0.54,0.46,0.47,0.03,0.01,74287.51,1776196774000
1776196776.089,276.089,0.51,0.52,0.47,0.49,0.01,0.02,74287.51,1776196774000
1776196776.499,276.499,0.51,0.56,0.48,0.49,0.05,0.01,74284.9,1776196775000
1776196776.948,276.948,0.58,0.59,0.4,0.42,0.01,0.02,74284.9,1776196775000
1776196777.38,277.38,0.53,0.54,0.46,0.47,0.01,0.01,74284.9,1776196775000
1776196777.796,277.796,0.51,0.52,0.48,0.49,0.01,0.01,74281.75,1776196776000
1776196778.185,278.185,0.5,0.52,0.48,0.49,0.02,0.01,74281.75,1776196776000
1776196778.568,278.568,0.5,0.51,0.49,0.5,0.01,0.01,74283.04,1776196777000
1776196779.003,279.003,0.5,0.51,0.49,0.5,0.01,0.01,74283.04,1776196777000
1776196779.344,279.344,0.47,0.5,0.49,0.5,0.03,0.01,74282.05,1776196778000
1776196779.685,279.685,0.44,0.45,0.55,0.56,0.01,0.01,74282.05,1776196778000
1776196780.07,280.07,0.43,0.44,0.56,0.57,0.01,0.01,74282.09,1776196779000
1776196780.411,280.411,0.43,0.44,0.56,0.57,0.01,0.01,74282.09,1776196779000
1776196780.778,280.778,0.43,0.44,0.56,0.57,0.01,0.01,74282.09,1776196779000
1776196781.111,281.111,0.43,0.44,0.56,0.57,0.01,0.01,74282.09,1776196779000
1776196781.46,281.46,0.44,0.45,0.55,0.56,0.01,0.01,74279.38,1776196780000
1776196781.824,281.824,0.43,0.44,0.55,0.57,0.01,0.02,74279.38,1776196780000
1776196782.231,282.231,0.43,0.44,0.56,0.57,0.01,0.01,74276.48,1776196781000
1776196782.623,282.623,0.4,0.42,0.56,0.58,0.02,0.02,74276.48,1776196781000
1776196783.0,283.0,0.4,0.41,0.59,0.6,0.01,0.01,74276.48,1776196781000
1776196783.374,283.374,0.4,0.41,0.59,0.6,0.01,0.01,74275.91,1776196782000
1776196783.987,283.987,0.4,0.41,0.59,0.6,0.01,0.01,74275.91,1776196782000
1776196784.48,284.48,0.4,0.41,0.59,0.6,0.01,0.01,74272.5,1776196783000
1776196784.822,284.822,0.51,0.53,0.49,0.5,0.02,0.01,74272.5,1776196783000
1776196785.17,285.17,0.61,0.62,0.35,0.4,0.01,0.05,74272.5,1776196783000
1776196785.524,285.524,0.73,0.75,0.25,0.28,0.02,0.03,74271.35,1776196784000
1776196785.889,285.889,0.76,0.78,0.22,0.24,0.02,0.02,74271.35,1776196784000
1776196786.228,286.228,0.77,0.79,0.21,0.22,0.02,0.01,74275.98,1776196785000
1776196786.569,286.569,0.68,0.77,0.24,0.32,0.09,0.08,74275.98,1776196785000
1776196786.906,286.906,0.5,0.54,0.46,0.51,0.04,0.05,74275.98,1776196785000
1776196787.248,287.248,0.7,0.71,0.29,0.3,0.01,0.01,74285.34,1776196786000
1776196787.597,287.597,0.58,0.6,0.39,0.41,0.02,0.02,74285.34,1776196786000
1776196787.952,287.952,0.56,0.57,0.42,0.43,0.01,0.01,74285.34,1776196786000
1776196788.326,288.326,0.43,0.46,0.54,0.57,0.03,0.03,74287.65,1776196787000
1776196788.67,288.67,0.39,0.4,0.6,0.61,0.01,0.01,74287.65,1776196787000
1776196789.201,289.201,0.38,0.39,0.6,0.61,0.01,0.01,74287.65,1776196787000
1776196789.545,289.545,0.36,0.38,0.61,0.63,0.02,0.02,74283.57,1776196788000
1776196789.881,289.881,0.4,0.41,0.59,0.6,0.01,0.01,74283.57,1776196788000
1776196790.36,290.36,0.44,0.45,0.54,0.57,0.01,0.03,74283.57,1776196788000
1776196790.765,290.765,0.36,0.38,0.57,0.64,0.02,0.07,74278.05,1776196789000
1776196791.126,291.126,0.36,0.37,0.63,0.65,0.01,0.02,74271.63,1776196790000
1776196791.483,291.483,0.35,0.37,0.63,0.65,0.02,0.02,74271.63,1776196790000
1776196791.844,291.844,0.44,0.45,0.55,0.58,0.01,0.03,74271.63,1776196790000
1776196792.22,292.22,0.67,0.68,0.32,0.33,0.01,0.01,74271.05,1776196791000
1776196792.574,292.574,0.7,0.76,0.22,0.31,0.06,0.09,74271.05,1776196791000
1776196792.929,292.929,0.77,0.78,0.22,0.29,0.01,0.07,74271.05,1776196791000
1776196793.28,293.28,0.78,0.79,0.21,0.22,0.01,0.01,74271.05,1776196791000
1776196793.621,293.621,0.71,0.72,0.21,0.29,0.01,0.08,74271.05,1776196791000
1776196794.065,294.065,0.71,0.72,0.28,0.29,0.01,0.01,74274.63,1776196792000
1776196794.398,294.398,0.66,0.73,0.27,0.29,0.07,0.02,74274.63,1776196793000
1776196794.743,294.743,0.68,0.71,0.29,0.49,0.03,0.2,74274.63,1776196793000
1776196795.094,295.094,0.62,0.64,0.36,0.39,0.02,0.03,74274.63,1776196793000
1776196795.434,295.434,0.61,0.62,0.38,0.4,0.01,0.02,74277.71,1776196794000
1776196795.845,295.845,0.61,0.63,0.38,0.39,0.02,0.01,74277.71,1776196794000
1776196796.318,296.318,0.49,0.63,0.37,0.38,0.14,0.01,74277.71,1776196794000
1776196796.652,296.652,0.34,0.5,0.5,0.66,0.16,0.16,74279.86,1776196795000
1776196796.994,296.994,0.25,0.3,0.7,0.75,0.05,0.05,74279.86,1776196795000
1776196797.327,297.327,0.25,0.27,0.73,0.75,0.02,0.02,74280.61,1776196796000
1776196797.662,297.662,0.08,0.15,0.85,0.91,0.07,0.06,74280.61,1776196796000
1776196798.009,298.009,0.22,0.25,0.77,0.78,0.03,0.01,74280.61,1776196796000
1776196798.35,298.35,0.21,0.24,0.7,0.77,0.03,0.07,74280.61,1776196796000
1776196798.688,298.688,0.21,0.43,0.57,0.79,0.22,0.22,74261.89,1776196797000
1776196799.03,299.03,0.06,0.08,0.92,0.94,0.02,0.02,74261.89,1776196797000
1776196799.375,299.375,0.04,0.06,0.94,0.97,0.02,0.03,74263.99,1776196798000
1776196799.735,299.735,0.02,0.03,0.97,0.98,0.01,0.01,74263.99,1776196798000
1776196800.113,300.113,0.02,0.03,0.97,0.98,0.01,0.01,74263.99,1776196798000
1776196800.519,300.519,0.02,0.01,0.99,0.98,-0.01,-0.01,74269.22,1776196799000
1776196800.917,300.917,0.02,0.01,0.99,0.98,-0.01,-0.01,74269.22,1776196799000

# RESULT,winner=Down,slug=btc-updown-5m-1776196500,ticks=693
