timestamp,elapsed_sec,up_bid,up_ask,down_bid,down_ask,up_spread,down_spread,btc_price
1775814000.532,0.532,0.5,0.51,0.53,0.54,0.01,0.01,71844.13
1775814000.908,0.908,0.46,0.47,0.53,0.54,0.01,0.01,71844.13
1775814001.252,1.252,0.46,0.47,0.53,0.54,0.01,0.01,71844.13
1775814001.592,1.592,0.46,0.47,0.53,0.54,0.01,0.01,71843.77
1775814002.064,2.064,0.46,0.47,0.53,0.54,0.01,0.01,71843.77
1775814002.851,2.851,0.46,0.47,0.53,0.54,0.01,0.01,71843.76
1775814003.211,3.211,0.46,0.47,0.53,0.54,0.01,0.01,71843.76
1775814003.586,3.586,0.46,0.47,0.53,0.54,0.01,0.01,71843.54
1775814004.03,4.03,0.46,0.47,0.53,0.54,0.01,0.01,71843.54
1775814004.374,4.374,0.47,0.48,0.51,0.53,0.01,0.02,71840.96
1775814004.947,4.947,0.47,0.48,0.52,0.53,0.01,0.01,71840.96
1775814005.419,5.419,0.47,0.48,0.52,0.53,0.01,0.01,71840.96
1775814005.937,5.937,0.47,0.48,0.52,0.53,0.01,0.01,71840.58
1775814006.351,6.351,0.47,0.48,0.52,0.53,0.01,0.01,71840.54
1775814006.694,6.694,0.41,0.42,0.58,0.6,0.01,0.02,71840.54
1775814007.054,7.054,0.4,0.41,0.59,0.6,0.01,0.01,71840.6
1775814007.388,7.388,0.4,0.41,0.59,0.6,0.01,0.01,71840.6
1775814007.721,7.721,0.4,0.41,0.59,0.6,0.01,0.01,71840.6
1775814008.062,8.062,0.4,0.41,0.59,0.6,0.01,0.01,71840.17
1775814008.408,8.408,0.4,0.41,0.59,0.6,0.01,0.01,71840.17
1775814008.758,8.758,0.4,0.41,0.59,0.6,0.01,0.01,71840.17
1775814009.103,9.103,0.4,0.41,0.59,0.6,0.01,0.01,71822.56
1775814009.531,9.531,0.4,0.41,0.59,0.6,0.01,0.01,71822.56
1775814010.146,10.146,0.4,0.41,0.58,0.6,0.01,0.02,71821.9
1775814010.523,10.523,0.39,0.4,0.6,0.61,0.01,0.01,71821.9
1775814010.869,10.869,0.38,0.4,0.6,0.61,0.02,0.01,71821.9
1775814011.376,11.376,0.38,0.39,0.61,0.62,0.01,0.01,71821.41
1775814011.715,11.715,0.38,0.39,0.61,0.62,0.01,0.01,71821.41
1775814012.238,12.238,0.38,0.39,0.61,0.62,0.01,0.01,71821.41
1775814012.576,12.576,0.37,0.38,0.62,0.63,0.01,0.01,71821.2
1775814012.919,12.919,0.37,0.38,0.62,0.63,0.01,0.01,71821.2
1775814013.343,13.343,0.37,0.38,0.62,0.63,0.01,0.01,71821.2
1775814013.783,13.783,0.37,0.38,0.62,0.63,0.01,0.01,71821.47
1775814014.193,14.193,0.37,0.38,0.62,0.63,0.01,0.01,71821.47
1775814014.636,14.636,0.38,0.39,0.61,0.62,0.01,0.01,71821.47
1775814015.163,15.163,0.38,0.39,0.61,0.62,0.01,0.01,71821.2
1775814015.748,15.748,0.38,0.39,0.61,0.62,0.01,0.01,71821.2
1775814016.219,16.219,0.38,0.39,0.61,0.62,0.01,0.01,71821.2
1775814016.607,16.607,0.38,0.39,0.61,0.62,0.01,0.01,71823.31
1775814017.211,17.211,0.38,0.39,0.61,0.62,0.01,0.01,71823.45
1775814017.659,17.659,0.44,0.45,0.55,0.56,0.01,0.01,71823.45
1775814017.997,17.997,0.44,0.45,0.55,0.56,0.01,0.01,71823.45
1775814018.376,18.376,0.45,0.46,0.54,0.55,0.01,0.01,71823.15
1775814018.718,18.718,0.45,0.46,0.54,0.55,0.01,0.01,71823.15
1775814019.343,19.343,0.45,0.46,0.54,0.55,0.01,0.01,71830.07
1775814020.027,20.027,0.45,0.46,0.54,0.55,0.01,0.01,71832.61
1775814020.418,20.418,0.45,0.46,0.54,0.55,0.01,0.01,71832.61
1775814020.804,20.804,0.45,0.46,0.54,0.55,0.01,0.01,71832.61
1775814021.347,21.347,0.45,0.46,0.54,0.55,0.01,0.01,71832.61
1775814022.001,22.001,0.45,0.46,0.53,0.55,0.01,0.02,71834.78
1775814022.395,22.395,0.45,0.46,0.54,0.55,0.01,0.01,71834.78
1775814022.829,22.829,0.45,0.46,0.54,0.55,0.01,0.01,71834.78
1775814023.208,23.208,0.45,0.46,0.54,0.55,0.01,0.01,71834.58
1775814023.595,23.595,0.46,0.47,0.53,0.54,0.01,0.01,71834.58
1775814023.949,23.949,0.46,0.47,0.53,0.54,0.01,0.01,71834.58
1775814024.639,24.639,0.46,0.47,0.53,0.54,0.01,0.01,71834.58
1775814025.009,25.009,0.46,0.47,0.53,0.54,0.01,0.01,71834.58
1775814025.498,25.498,0.46,0.47,0.53,0.54,0.01,0.01,71834.58
1775814026.224,26.224,0.46,0.47,0.53,0.54,0.01,0.01,71834.58
1775814026.689,26.689,0.46,0.47,0.53,0.54,0.01,0.01,71834.58
1775814027.046,27.046,0.46,0.47,0.53,0.54,0.01,0.01,71834.58
1775814027.517,27.517,0.46,0.47,0.53,0.54,0.01,0.01,71834.58
1775814028.244,28.244,0.46,0.47,0.53,0.54,0.01,0.01,71834.58
1775814028.857,28.857,0.48,0.49,0.51,0.52,0.01,0.01,71835.3
1775814029.385,29.385,0.48,0.49,0.51,0.52,0.01,0.01,71835.65
1775814029.855,29.855,0.49,0.5,0.5,0.52,0.01,0.02,71835.65
1775814030.284,30.284,0.49,0.5,0.5,0.51,0.01,0.01,71835.65
1775814030.714,30.714,0.49,0.5,0.5,0.51,0.01,0.01,71838.27
1775814031.527,31.527,0.49,0.5,0.5,0.51,0.01,0.01,71838.53
1775814032.018,32.018,0.49,0.5,0.5,0.51,0.01,0.01,71838.39
1775814032.375,32.375,0.49,0.5,0.5,0.51,0.01,0.01,71838.39
1775814032.923,32.923,0.49,0.5,0.5,0.51,0.01,0.01,71838.39
1775814033.557,33.557,0.49,0.5,0.5,0.51,0.01,0.01,71838.53
1775814033.933,33.933,0.49,0.5,0.5,0.51,0.01,0.01,71838.53
1775814034.32,34.32,0.49,0.5,0.5,0.51,0.01,0.01,71838.76
1775814035.036,35.036,0.49,0.5,0.5,0.51,0.01,0.01,71838.76
1775814036.135,36.135,0.49,0.5,0.5,0.51,0.01,0.01,71839.11
1775814037.075,37.075,0.49,0.5,0.5,0.51,0.01,0.01,71839.05
1775814037.453,37.453,0.49,0.5,0.5,0.51,0.01,0.01,71839.05
1775814037.796,37.796,0.49,0.5,0.5,0.51,0.01,0.01,71839.05
1775814038.254,38.254,0.49,0.5,0.5,0.51,0.01,0.01,71839.05
1775814038.602,38.602,0.49,0.5,0.5,0.51,0.01,0.01,71838.98
1775814039.16,39.16,0.49,0.5,0.5,0.51,0.01,0.01,71838.98
1775814039.523,39.523,0.49,0.5,0.5,0.51,0.01,0.01,71839.06
1775814040.207,40.207,0.49,0.5,0.5,0.51,0.01,0.01,71839.06
1775814040.608,40.608,0.49,0.5,0.5,0.51,0.01,0.01,71838.96
1775814041.035,41.035,0.49,0.5,0.5,0.51,0.01,0.01,71838.96
1775814041.492,41.492,0.49,0.5,0.5,0.51,0.01,0.01,71838.96
1775814042.662,42.662,0.49,0.5,0.5,0.51,0.01,0.01,71840.16
1775814043.238,43.238,0.49,0.5,0.5,0.51,0.01,0.01,71840.16
1775814043.907,43.907,0.49,0.5,0.5,0.51,0.01,0.01,71840.41
1775814044.719,44.719,0.49,0.5,0.5,0.51,0.01,0.01,71840.29
1775814045.079,45.079,0.49,0.55,0.5,0.51,0.06,0.01,71840.18
1775814045.564,45.564,0.5,0.51,0.5,0.51,0.01,0.01,71840.18
1775814046.393,46.393,0.5,0.56,0.49,0.5,0.06,0.01,71840.37
1775814046.824,46.824,0.54,0.55,0.44,0.5,0.01,0.06,71840.37
1775814047.308,47.308,0.49,0.51,0.48,0.51,0.02,0.03,71840.37
1775814047.654,47.654,0.49,0.5,0.5,0.51,0.01,0.01,71840.54
1775814048.148,48.148,0.49,0.5,0.5,0.51,0.01,0.01,71841.4
1775814048.493,48.493,0.49,0.5,0.5,0.51,0.01,0.01,71841.4
1775814048.887,48.887,0.49,0.5,0.5,0.51,0.01,0.01,71841.4
1775814049.306,49.306,0.49,0.5,0.5,0.51,0.01,0.01,71841.4
1775814049.869,49.869,0.49,0.5,0.5,0.51,0.01,0.01,71839.72
1775814050.23,50.23,0.49,0.5,0.5,0.51,0.01,0.01,71839.72
1775814051.198,51.198,0.49,0.5,0.5,0.51,0.01,0.01,71839.72
1775814051.922,51.922,0.49,0.5,0.5,0.51,0.01,0.01,71839.72
1775814052.308,52.308,0.49,0.5,0.5,0.51,0.01,0.01,71839.72
1775814052.879,52.879,0.49,0.5,0.5,0.51,0.01,0.01,71839.72
1775814054.188,54.188,0.49,0.5,0.5,0.51,0.01,0.01,71839.83
1775814054.837,54.837,0.49,0.5,0.5,0.51,0.01,0.01,71839.56
1775814055.424,55.424,0.49,0.5,0.5,0.51,0.01,0.01,71839.56
1775814055.895,55.895,0.49,0.5,0.5,0.51,0.01,0.01,71839.56
1775814057.213,57.213,0.49,0.5,0.5,0.51,0.01,0.01,71840.44
1775814057.549,57.549,0.49,0.5,0.5,0.53,0.01,0.03,71840.44
1775814057.938,57.938,0.49,0.5,0.5,0.51,0.01,0.01,71840.44
1775814058.968,58.968,0.49,0.5,0.5,0.51,0.01,0.01,71839.57
1775814059.324,59.324,0.49,0.5,0.5,0.51,0.01,0.01,71839.57
1775814059.846,59.846,0.49,0.5,0.5,0.51,0.01,0.01,71839.57
1775814060.205,60.205,0.49,0.5,0.5,0.51,0.01,0.01,71839.57
1775814060.657,60.657,0.47,0.48,0.52,0.53,0.01,0.01,71839.57
1775814061.182,61.182,0.47,0.48,0.52,0.53,0.01,0.01,71839.57
1775814062.048,62.048,0.47,0.48,0.52,0.53,0.01,0.01,71839.57
1775814062.445,62.445,0.47,0.48,0.52,0.53,0.01,0.01,71839.57
1775814063.379,63.379,0.47,0.48,0.52,0.53,0.01,0.01,71839.57
1775814063.781,63.781,0.47,0.48,0.52,0.53,0.01,0.01,71839.57
1775814064.164,64.164,0.47,0.48,0.52,0.53,0.01,0.01,71839.57
1775814064.574,64.574,0.47,0.48,0.52,0.53,0.01,0.01,71839.57
1775814064.996,64.996,0.46,0.47,0.53,0.54,0.01,0.01,71839.57
1775814065.364,65.364,0.46,0.47,0.53,0.54,0.01,0.01,71839.98
1775814065.769,65.769,0.44,0.45,0.55,0.56,0.01,0.01,71839.98
1775814066.224,66.224,0.44,0.45,0.55,0.56,0.01,0.01,71839.98
1775814066.619,66.619,0.44,0.45,0.55,0.56,0.01,0.01,71839.77
1775814066.969,66.969,0.51,0.53,0.47,0.49,0.02,0.02,71839.77
1775814067.315,67.315,0.51,0.54,0.46,0.49,0.03,0.03,71836.77
1775814067.669,67.669,0.49,0.5,0.5,0.51,0.01,0.01,71836.77
1775814068.015,68.015,0.48,0.49,0.51,0.52,0.01,0.01,71836.77
1775814068.358,68.358,0.48,0.49,0.51,0.52,0.01,0.01,71836.77
1775814068.895,68.895,0.48,0.49,0.51,0.52,0.01,0.01,71844.91
1775814069.309,69.309,0.48,0.49,0.51,0.52,0.01,0.01,71844.91
1775814069.668,69.668,0.48,0.49,0.51,0.52,0.01,0.01,71844.91
1775814070.02,70.02,0.48,0.49,0.51,0.52,0.01,0.01,71844.91
1775814070.393,70.393,0.48,0.49,0.51,0.52,0.01,0.01,71841.78
1775814070.788,70.788,0.48,0.49,0.51,0.52,0.01,0.01,71841.78
1775814071.248,71.248,0.48,0.49,0.51,0.52,0.01,0.01,71841.76
1775814071.73,71.73,0.48,0.49,0.51,0.52,0.01,0.01,71841.76
1775814072.191,72.191,0.48,0.49,0.51,0.52,0.01,0.01,71841.9
1775814072.623,72.623,0.48,0.49,0.51,0.52,0.01,0.01,71841.9
1775814073.209,73.209,0.48,0.49,0.51,0.52,0.01,0.01,71842.15
1775814073.923,73.923,0.48,0.49,0.51,0.52,0.01,0.01,71842.15
1775814074.377,74.377,0.48,0.49,0.51,0.52,0.01,0.01,71841.86
1775814074.807,74.807,0.48,0.49,0.51,0.52,0.01,0.01,71841.86
1775814075.28,75.28,0.48,0.49,0.51,0.52,0.01,0.01,71841.86
1775814075.951,75.951,0.48,0.49,0.51,0.52,0.01,0.01,71842.1
1775814076.445,76.445,0.49,0.5,0.5,0.52,0.01,0.02,71842.1
1775814076.8,76.8,0.49,0.5,0.5,0.51,0.01,0.01,71842.1
1775814077.263,77.263,0.49,0.5,0.5,0.51,0.01,0.01,71841.86
1775814077.847,77.847,0.49,0.5,0.5,0.51,0.01,0.01,71841.86
1775814078.714,78.714,0.49,0.5,0.5,0.51,0.01,0.01,71841.86
1775814079.14,79.14,0.48,0.49,0.5,0.52,0.01,0.02,71841.86
1775814079.525,79.525,0.48,0.49,0.51,0.52,0.01,0.01,71841.86
1775814080.333,80.333,0.48,0.49,0.51,0.52,0.01,0.01,71842.01
1775814080.748,80.748,0.48,0.49,0.51,0.52,0.01,0.01,71842.01
1775814081.177,81.177,0.48,0.49,0.51,0.52,0.01,0.01,71842.01
1775814081.736,81.736,0.48,0.49,0.51,0.52,0.01,0.01,71841.86
1775814082.426,82.426,0.48,0.49,0.51,0.52,0.01,0.01,71841.86
1775814082.876,82.876,0.48,0.49,0.51,0.52,0.01,0.01,71841.86
1775814083.372,83.372,0.48,0.49,0.51,0.52,0.01,0.01,71841.86
1775814084.227,84.227,0.48,0.49,0.51,0.52,0.01,0.01,71841.86
1775814084.8,84.8,0.48,0.49,0.5,0.52,0.01,0.02,71841.86
1775814085.65,85.65,0.48,0.49,0.51,0.52,0.01,0.01,71841.86
1775814086.14,86.14,0.48,0.49,0.51,0.52,0.01,0.01,71841.86
1775814086.881,86.881,0.48,0.49,0.51,0.52,0.01,0.01,71841.85
1775814087.242,87.242,0.48,0.49,0.51,0.52,0.01,0.01,71841.13
1775814087.732,87.732,0.47,0.49,0.51,0.52,0.02,0.01,71841.13
1775814088.383,88.383,0.47,0.48,0.51,0.53,0.01,0.02,71840.82
1775814088.796,88.796,0.46,0.48,0.52,0.53,0.02,0.01,71840.82
1775814089.164,89.164,0.41,0.42,0.58,0.59,0.01,0.01,71840.72
1775814089.499,89.499,0.38,0.39,0.61,0.62,0.01,0.01,71840.72
1775814089.93,89.93,0.36,0.37,0.63,0.64,0.01,0.01,71840.72
1775814090.357,90.357,0.36,0.37,0.63,0.64,0.01,0.01,71838.88
1775814090.774,90.774,0.36,0.37,0.63,0.64,0.01,0.01,71838.88
1775814091.279,91.279,0.36,0.37,0.63,0.64,0.01,0.01,71836.93
1775814091.706,91.706,0.36,0.37,0.63,0.64,0.01,0.01,71836.93
1775814092.064,92.064,0.38,0.39,0.61,0.62,0.01,0.01,71831.21
1775814092.403,92.403,0.38,0.39,0.61,0.62,0.01,0.01,71831.21
1775814092.764,92.764,0.38,0.41,0.61,0.62,0.03,0.01,71831.21
1775814093.108,93.108,0.39,0.4,0.6,0.61,0.01,0.01,71831.21
1775814093.601,93.601,0.39,0.4,0.6,0.61,0.01,0.01,71831.21
1775814094.029,94.029,0.39,0.4,0.6,0.61,0.01,0.01,71831.21
1775814094.443,94.443,0.39,0.4,0.6,0.61,0.01,0.01,71831.5
1775814094.792,94.792,0.38,0.39,0.61,0.62,0.01,0.01,71831.5
1775814095.189,95.189,0.38,0.39,0.61,0.62,0.01,0.01,71831.65
1775814095.559,95.559,0.38,0.4,0.61,0.62,0.02,0.01,71831.65
1775814096.136,96.136,0.39,0.4,0.6,0.61,0.01,0.01,71831.46
1775814096.836,96.836,0.39,0.4,0.6,0.61,0.01,0.01,71831.46
1775814097.238,97.238,0.39,0.4,0.6,0.61,0.01,0.01,71831.46
1775814097.605,97.605,0.39,0.4,0.6,0.61,0.01,0.01,71831.46
1775814098.107,98.107,0.39,0.4,0.6,0.61,0.01,0.01,71831.46
1775814098.521,98.521,0.37,0.38,0.61,0.63,0.01,0.02,71831.46
1775814098.875,98.875,0.37,0.38,0.62,0.63,0.01,0.01,71830.95
1775814099.387,99.387,0.36,0.37,0.62,0.64,0.01,0.02,71830.2
1775814099.731,99.731,0.36,0.37,0.63,0.64,0.01,0.01,71830.2
1775814100.228,100.228,0.33,0.34,0.66,0.67,0.01,0.01,71830.2
1775814100.588,100.588,0.33,0.34,0.66,0.67,0.01,0.01,71830.06
1775814100.944,100.944,0.31,0.32,0.68,0.69,0.01,0.01,71830.06
1775814101.4,101.4,0.31,0.32,0.68,0.69,0.01,0.01,71830.06
1775814101.893,101.893,0.31,0.32,0.68,0.69,0.01,0.01,71830.17
1775814102.263,102.263,0.31,0.32,0.68,0.69,0.01,0.01,71826.13
1775814102.67,102.67,0.28,0.29,0.71,0.72,0.01,0.01,71826.13
1775814103.035,103.035,0.28,0.29,0.71,0.72,0.01,0.01,71826.13
1775814103.377,103.377,0.28,0.29,0.71,0.72,0.01,0.01,71826.13
1775814103.995,103.995,0.28,0.29,0.71,0.72,0.01,0.01,71821.93
1775814104.488,104.488,0.28,0.29,0.71,0.72,0.01,0.01,71819.85
1775814104.841,104.841,0.28,0.29,0.71,0.72,0.01,0.01,71819.85
1775814105.274,105.274,0.29,0.3,0.7,0.72,0.01,0.02,71819.85
1775814105.76,105.76,0.29,0.3,0.7,0.71,0.01,0.01,71819.53
1775814106.306,106.306,0.29,0.3,0.7,0.71,0.01,0.01,71819.53
1775814106.684,106.684,0.29,0.3,0.7,0.71,0.01,0.01,71819.53
1775814107.57,107.57,0.29,0.3,0.7,0.71,0.01,0.01,71819.8
1775814107.922,107.922,0.29,0.3,0.7,0.71,0.01,0.01,71819.8
1775814108.29,108.29,0.29,0.3,0.7,0.71,0.01,0.01,71820.5
1775814108.691,108.691,0.29,0.3,0.7,0.71,0.01,0.01,71820.5
1775814109.12,109.12,0.29,0.31,0.7,0.71,0.02,0.01,71820.5
1775814109.796,109.796,0.29,0.3,0.7,0.71,0.01,0.01,71820.5
1775814110.179,110.179,0.29,0.3,0.7,0.71,0.01,0.01,71820.5
1775814110.886,110.886,0.32,0.33,0.67,0.68,0.01,0.01,71820.49
1775814111.258,111.258,0.32,0.33,0.67,0.68,0.01,0.01,71820.49
1775814111.607,111.607,0.32,0.33,0.67,0.68,0.01,0.01,71820.5
1775814111.985,111.985,0.32,0.33,0.67,0.68,0.01,0.01,71820.5
1775814112.404,112.404,0.32,0.33,0.67,0.68,0.01,0.01,71820.26
1775814112.94,112.94,0.32,0.33,0.67,0.68,0.01,0.01,71820.26
1775814113.562,113.562,0.32,0.33,0.67,0.68,0.01,0.01,71820.25
1775814113.971,113.971,0.32,0.33,0.67,0.68,0.01,0.01,71820.25
1775814114.356,114.356,0.32,0.33,0.67,0.68,0.01,0.01,71820.25
1775814114.698,114.698,0.34,0.35,0.65,0.66,0.01,0.01,71820.25
1775814115.055,115.055,0.34,0.35,0.65,0.66,0.01,0.01,71820.25
1775814115.574,115.574,0.35,0.36,0.64,0.65,0.01,0.01,71820.25
1775814115.973,115.973,0.35,0.36,0.64,0.65,0.01,0.01,71820.06
1775814116.317,116.317,0.35,0.36,0.64,0.65,0.01,0.01,71820.06
1775814116.878,116.878,0.35,0.36,0.64,0.65,0.01,0.01,71820.06
1775814117.325,117.325,0.35,0.36,0.64,0.65,0.01,0.01,71820.67
1775814117.81,117.81,0.35,0.36,0.64,0.65,0.01,0.01,71820.67
1775814118.215,118.215,0.35,0.36,0.64,0.65,0.01,0.01,71820.65
1775814118.577,118.577,0.34,0.35,0.64,0.66,0.01,0.02,71820.65
1775814119.683,119.683,0.35,0.36,0.64,0.66,0.01,0.02,71820.68
1775814120.283,120.283,0.35,0.36,0.64,0.65,0.01,0.01,71820.69
1775814120.62,120.62,0.34,0.35,0.64,0.65,0.01,0.01,71820.69
1775814120.999,120.999,0.33,0.34,0.65,0.67,0.01,0.02,71820.64
1775814121.426,121.426,0.33,0.34,0.66,0.67,0.01,0.01,71820.64
1775814122.174,122.174,0.32,0.33,0.67,0.68,0.01,0.01,71819.1
1775814122.581,122.581,0.32,0.33,0.67,0.68,0.01,0.01,71819.1
1775814122.917,122.917,0.3,0.31,0.69,0.7,0.01,0.01,71818.21
1775814123.559,123.559,0.3,0.31,0.69,0.7,0.01,0.01,71818.21
1775814123.958,123.958,0.3,0.31,0.69,0.7,0.01,0.01,71817.69
1775814124.449,124.449,0.27,0.28,0.72,0.73,0.01,0.01,71817.69
1775814124.926,124.926,0.27,0.28,0.72,0.73,0.01,0.01,71817.03
1775814125.376,125.376,0.27,0.28,0.72,0.73,0.01,0.01,71817.03
1775814126.429,126.429,0.27,0.28,0.72,0.73,0.01,0.01,71814.97
1775814126.857,126.857,0.27,0.28,0.72,0.73,0.01,0.01,71814.97
1775814127.291,127.291,0.27,0.28,0.72,0.73,0.01,0.01,71814.57
1775814127.707,127.707,0.27,0.28,0.72,0.73,0.01,0.01,71814.57
1775814128.252,128.252,0.27,0.28,0.72,0.73,0.01,0.01,71814.57
1775814128.848,128.848,0.27,0.28,0.72,0.73,0.01,0.01,71815.04
1775814129.274,129.274,0.27,0.28,0.72,0.73,0.01,0.01,71814.52
1775814129.653,129.653,0.25,0.26,0.74,0.75,0.01,0.01,71814.52
1775814129.992,129.992,0.23,0.25,0.75,0.76,0.02,0.01,71814.52
1775814130.447,130.447,0.23,0.24,0.76,0.77,0.01,0.01,71814.01
1775814130.823,130.823,0.23,0.24,0.76,0.77,0.01,0.01,71814.01
1775814131.191,131.191,0.23,0.24,0.76,0.77,0.01,0.01,71813.19
1775814131.588,131.588,0.23,0.24,0.76,0.77,0.01,0.01,71813.19
1775814132.136,132.136,0.22,0.23,0.77,0.78,0.01,0.01,71813.19
1775814132.564,132.564,0.22,0.23,0.77,0.78,0.01,0.01,71806.97
1775814132.982,132.982,0.22,0.23,0.77,0.78,0.01,0.01,71806.97
1775814133.325,133.325,0.21,0.22,0.78,0.79,0.01,0.01,71806.97
1775814133.754,133.754,0.2,0.21,0.79,0.8,0.01,0.01,71806.97
1775814134.161,134.161,0.2,0.21,0.79,0.8,0.01,0.01,71805.88
1775814134.61,134.61,0.2,0.21,0.79,0.83,0.01,0.04,71805.88
1775814134.957,134.957,0.2,0.21,0.79,0.8,0.01,0.01,71805.88
1775814135.37,135.37,0.2,0.21,0.79,0.8,0.01,0.01,71804.73
1775814135.734,135.734,0.2,0.21,0.79,0.8,0.01,0.01,71804.73
1775814136.15,136.15,0.18,0.19,0.81,0.82,0.01,0.01,71804.44
1775814136.596,136.596,0.18,0.19,0.81,0.82,0.01,0.01,71804.44
1775814137.032,137.032,0.18,0.19,0.81,0.82,0.01,0.01,71804.44
1775814137.446,137.446,0.18,0.19,0.81,0.82,0.01,0.01,71803.81
1775814137.883,137.883,0.18,0.19,0.81,0.82,0.01,0.01,71803.81
1775814138.225,138.225,0.18,0.19,0.81,0.82,0.01,0.01,71803.81
1775814138.593,138.593,0.17,0.18,0.81,0.83,0.01,0.02,71801.83
1775814138.937,138.937,0.16,0.17,0.82,0.84,0.01,0.02,71801.83
1775814139.645,139.645,0.16,0.17,0.83,0.84,0.01,0.01,71801.24
1775814140.073,140.073,0.16,0.17,0.83,0.84,0.01,0.01,71800.54
1775814140.555,140.555,0.15,0.16,0.83,0.85,0.01,0.02,71800.54
1775814140.921,140.921,0.15,0.16,0.84,0.85,0.01,0.01,71800.54
1775814141.294,141.294,0.15,0.16,0.84,0.85,0.01,0.01,71798.68
1775814141.856,141.856,0.15,0.16,0.84,0.85,0.01,0.01,71798.68
1775814142.478,142.478,0.16,0.17,0.83,0.85,0.01,0.02,71798.49
1775814142.887,142.887,0.16,0.17,0.83,0.84,0.01,0.01,71798.49
1775814143.509,143.509,0.16,0.17,0.83,0.86,0.01,0.03,71797.67
1775814144.163,144.163,0.16,0.17,0.83,0.84,0.01,0.01,71797.67
1775814144.778,144.778,0.14,0.16,0.84,0.86,0.02,0.02,71797.59
1775814145.138,145.138,0.15,0.16,0.84,0.85,0.01,0.01,71797.59
1775814145.561,145.561,0.15,0.16,0.84,0.85,0.01,0.01,71797.59
1775814146.204,146.204,0.14,0.15,0.84,0.85,0.01,0.01,71796.5
1775814146.623,146.623,0.14,0.15,0.85,0.86,0.01,0.01,71796.49
1775814147.173,147.173,0.14,0.15,0.85,0.86,0.01,0.01,71796.49
1775814147.533,147.533,0.14,0.15,0.85,0.86,0.01,0.01,71796.49
1775814147.892,147.892,0.14,0.15,0.85,0.86,0.01,0.01,71796.02
1775814148.283,148.283,0.13,0.15,0.85,0.86,0.02,0.01,71796.02
1775814148.737,148.737,0.14,0.15,0.85,0.87,0.01,0.02,71796.03
1775814149.154,149.154,0.17,0.18,0.82,0.83,0.01,0.01,71796.03
1775814149.843,149.843,0.18,0.19,0.81,0.83,0.01,0.02,71796.03
1775814150.307,150.307,0.18,0.19,0.81,0.82,0.01,0.01,71796.03
1775814150.656,150.656,0.18,0.19,0.81,0.82,0.01,0.01,71796.19
1775814151.158,151.158,0.17,0.18,0.81,0.82,0.01,0.01,71796.19
1775814151.656,151.656,0.15,0.16,0.84,0.85,0.01,0.01,71800.71
1775814152.054,152.054,0.15,0.16,0.84,0.85,0.01,0.01,71800.71
1775814152.556,152.556,0.15,0.16,0.84,0.85,0.01,0.01,71800.79
1775814152.917,152.917,0.15,0.16,0.84,0.85,0.01,0.01,71800.79
1775814153.261,153.261,0.15,0.16,0.84,0.85,0.01,0.01,71800.79
1775814153.846,153.846,0.15,0.16,0.84,0.85,0.01,0.01,71798.26
1775814154.302,154.302,0.15,0.16,0.84,0.85,0.01,0.01,71798.26
1775814154.66,154.66,0.15,0.16,0.84,0.85,0.01,0.01,71798.06
1775814155.012,155.012,0.15,0.16,0.84,0.85,0.01,0.01,71798.06
1775814156.012,156.012,0.15,0.16,0.84,0.85,0.01,0.01,71798.06
1775814156.537,156.537,0.15,0.16,0.84,0.85,0.01,0.01,71798.06
1775814156.979,156.979,0.15,0.16,0.84,0.85,0.01,0.01,71798.14
1775814158.068,158.068,0.14,0.15,0.84,0.86,0.01,0.02,71797.99
1775814158.407,158.407,0.14,0.15,0.85,0.86,0.01,0.01,71797.94
1775814158.986,158.986,0.14,0.15,0.85,0.86,0.01,0.01,71797.94
1775814159.499,159.499,0.14,0.15,0.85,0.86,0.01,0.01,71797.94
1775814160.181,160.181,0.14,0.15,0.85,0.86,0.01,0.01,71797.94
1775814160.829,160.829,0.13,0.15,0.85,0.86,0.02,0.01,71797.94
1775814161.492,161.492,0.13,0.14,0.86,0.87,0.01,0.01,71797.94
1775814162.655,162.655,0.13,0.14,0.86,0.87,0.01,0.01,71797.94
1775814163.111,163.111,0.14,0.16,0.86,0.87,0.02,0.01,71797.94
1775814163.59,163.59,0.14,0.15,0.85,0.86,0.01,0.01,71797.94
1775814164.491,164.491,0.14,0.15,0.85,0.86,0.01,0.01,71797.94
1775814165.385,165.385,0.14,0.15,0.85,0.86,0.01,0.01,71798.17
1775814166.129,166.129,0.15,0.16,0.84,0.85,0.01,0.01,71798.17
1775814167.028,167.028,0.15,0.16,0.84,0.85,0.01,0.01,71796.99
1775814167.973,167.973,0.15,0.16,0.84,0.85,0.01,0.01,71796.99
1775814168.337,168.337,0.15,0.16,0.84,0.85,0.01,0.01,71796.93
1775814168.763,168.763,0.15,0.16,0.84,0.85,0.01,0.01,71796.93
1775814169.178,169.178,0.15,0.16,0.84,0.85,0.01,0.01,71796.93
1775814169.676,169.676,0.15,0.16,0.84,0.85,0.01,0.01,71796.91
1775814170.009,170.009,0.15,0.16,0.84,0.85,0.01,0.01,71796.91
1775814170.454,170.454,0.15,0.16,0.84,0.85,0.01,0.01,71796.91
1775814170.928,170.928,0.15,0.16,0.84,0.85,0.01,0.01,71797.14
1775814171.423,171.423,0.15,0.16,0.84,0.85,0.01,0.01,71797.12
1775814171.967,171.967,0.15,0.17,0.84,0.85,0.02,0.01,71797.12
1775814172.375,172.375,0.16,0.17,0.83,0.84,0.01,0.01,71797.12
1775814172.861,172.861,0.14,0.15,0.84,0.86,0.01,0.02,71797.14
1775814173.194,173.194,0.14,0.15,0.85,0.86,0.01,0.01,71797.14
1775814174.3,174.3,0.14,0.15,0.85,0.86,0.01,0.01,71799.4
1775814174.763,174.763,0.14,0.15,0.85,0.86,0.01,0.01,71799.4
1775814175.198,175.198,0.13,0.14,0.85,0.86,0.01,0.01,71798.85
1775814175.629,175.629,0.13,0.14,0.86,0.87,0.01,0.01,71798.85
1775814176.218,176.218,0.13,0.14,0.86,0.87,0.01,0.01,71798.84
1775814176.978,176.978,0.13,0.14,0.86,0.87,0.01,0.01,71798.84
1775814177.328,177.328,0.13,0.14,0.82,0.87,0.01,0.05,71798.41
1775814178.134,178.134,0.13,0.14,0.86,0.87,0.01,0.01,71798.41
1775814178.606,178.606,0.13,0.14,0.86,0.87,0.01,0.01,71798.41
1775814178.946,178.946,0.13,0.14,0.86,0.87,0.01,0.01,71797.98
1775814179.709,179.709,0.13,0.14,0.86,0.87,0.01,0.01,71797.62
1775814180.207,180.207,0.13,0.14,0.86,0.87,0.01,0.01,71798.46
1775814180.718,180.718,0.13,0.14,0.86,0.87,0.01,0.01,71798.46
1775814181.054,181.054,0.13,0.14,0.86,0.87,0.01,0.01,71798.46
1775814181.565,181.565,0.13,0.14,0.86,0.87,0.01,0.01,71798.49
1775814181.974,181.974,0.13,0.14,0.86,0.87,0.01,0.01,71798.49
1775814182.374,182.374,0.13,0.14,0.86,0.87,0.01,0.01,71798.49
1775814182.897,182.897,0.13,0.14,0.86,0.87,0.01,0.01,71798.49
1775814183.582,183.582,0.12,0.13,0.86,0.88,0.01,0.02,71798.1
1775814184.141,184.141,0.12,0.13,0.87,0.88,0.01,0.01,71797.97
1775814184.488,184.488,0.12,0.13,0.87,0.88,0.01,0.01,71797.97
1775814184.946,184.946,0.12,0.13,0.87,0.88,0.01,0.01,71797.97
1775814185.404,185.404,0.12,0.13,0.87,0.88,0.01,0.01,71797.97
1775814185.855,185.855,0.12,0.13,0.87,0.88,0.01,0.01,71797.94
1775814186.209,186.209,0.12,0.13,0.87,0.88,0.01,0.01,71797.94
1775814186.695,186.695,0.12,0.13,0.87,0.88,0.01,0.01,71797.77
1775814187.069,187.069,0.12,0.13,0.87,0.88,0.01,0.01,71797.77
1775814187.966,187.966,0.12,0.13,0.87,0.88,0.01,0.01,71797.77
1775814188.399,188.399,0.13,0.14,0.86,0.87,0.01,0.01,71797.71
1775814188.841,188.841,0.13,0.14,0.86,0.87,0.01,0.01,71797.71
1775814189.315,189.315,0.13,0.14,0.86,0.87,0.01,0.01,71797.71
1775814189.866,189.866,0.13,0.15,0.86,0.87,0.02,0.01,71797.74
1775814190.432,190.432,0.16,0.18,0.82,0.84,0.02,0.02,71797.74
1775814190.773,190.773,0.17,0.18,0.82,0.84,0.01,0.02,71797.74
1775814191.142,191.142,0.17,0.18,0.82,0.83,0.01,0.01,71797.78
1775814191.78,191.78,0.17,0.18,0.82,0.83,0.01,0.01,71797.78
1775814192.385,192.385,0.17,0.18,0.82,0.83,0.01,0.01,71797.78
1775814193.105,193.105,0.17,0.18,0.82,0.83,0.01,0.01,71804.13
1775814193.544,193.544,0.17,0.19,0.82,0.83,0.02,0.01,71804.13
1775814194.174,194.174,0.17,0.18,0.82,0.83,0.01,0.01,71804.13
1775814195.035,195.035,0.17,0.19,0.82,0.83,0.02,0.01,71805.16
1775814195.549,195.549,0.18,0.19,0.81,0.82,0.01,0.01,71804.36
1775814195.898,195.898,0.18,0.19,0.81,0.82,0.01,0.01,71804.36
1775814196.419,196.419,0.18,0.19,0.81,0.82,0.01,0.01,71804.36
1775814197.056,197.056,0.18,0.2,0.81,0.82,0.02,0.01,71804.26
1775814197.926,197.926,0.18,0.2,0.8,0.81,0.02,0.01,71805.23
1775814198.568,198.568,0.18,0.19,0.8,0.82,0.01,0.02,71804.15
1775814199.313,199.313,0.18,0.19,0.81,0.82,0.01,0.01,71804.79
1775814199.671,199.671,0.18,0.19,0.81,0.82,0.01,0.01,71804.79
1775814200.312,200.312,0.18,0.19,0.81,0.82,0.01,0.01,71804.79
1775814200.882,200.882,0.16,0.17,0.83,0.84,0.01,0.01,71805.05
1775814201.317,201.317,0.18,0.19,0.8,0.84,0.01,0.04,71805.05
1775814201.875,201.875,0.18,0.19,0.81,0.82,0.01,0.01,71805.01
1775814202.244,202.244,0.17,0.19,0.81,0.82,0.02,0.01,71805.01
1775814202.605,202.605,0.17,0.18,0.81,0.83,0.01,0.02,71805.01
1775814202.969,202.969,0.18,0.19,0.81,0.83,0.01,0.02,71804.99
1775814203.376,203.376,0.18,0.19,0.81,0.82,0.01,0.01,71805.31
1775814203.727,203.727,0.18,0.2,0.81,0.82,0.02,0.01,71805.31
1775814204.332,204.332,0.19,0.2,0.8,0.82,0.01,0.02,71805.31
1775814204.671,204.671,0.19,0.2,0.8,0.81,0.01,0.01,71805.03
1775814205.254,205.254,0.2,0.21,0.79,0.81,0.01,0.02,71805.45
1775814205.734,205.734,0.2,0.21,0.79,0.8,0.01,0.01,71805.45
1775814206.137,206.137,0.2,0.21,0.79,0.8,0.01,0.01,71805.45
1775814206.478,206.478,0.2,0.21,0.79,0.8,0.01,0.01,71805.45
1775814206.903,206.903,0.19,0.21,0.79,0.8,0.02,0.01,71805.46
1775814207.367,207.367,0.18,0.19,0.8,0.82,0.01,0.02,71805.46
1775814207.86,207.86,0.18,0.19,0.81,0.82,0.01,0.01,71806.58
1775814208.865,208.865,0.18,0.19,0.81,0.82,0.01,0.01,71805.79
1775814209.942,209.942,0.18,0.19,0.81,0.82,0.01,0.01,71806.74
1775814210.628,210.628,0.17,0.19,0.81,0.82,0.02,0.01,71806.78
1775814211.146,211.146,0.17,0.18,0.82,0.83,0.01,0.01,71806.78
1775814211.489,211.489,0.17,0.18,0.82,0.83,0.01,0.01,71806.78
1775814211.951,211.951,0.17,0.18,0.82,0.83,0.01,0.01,71805.8
1775814212.434,212.434,0.17,0.18,0.82,0.83,0.01,0.01,71805.72
1775814213.383,213.383,0.17,0.18,0.82,0.83,0.01,0.01,71805.66
1775814213.841,213.841,0.17,0.18,0.82,0.83,0.01,0.01,71805.66
1775814214.476,214.476,0.16,0.17,0.82,0.88,0.01,0.06,71805.0
1775814215.007,215.007,0.15,0.16,0.83,0.85,0.01,0.02,71805.0
1775814215.462,215.462,0.15,0.16,0.84,0.85,0.01,0.01,71805.0
1775814216.19,216.19,0.14,0.16,0.84,0.85,0.02,0.01,71805.0
1775814216.557,216.557,0.14,0.15,0.85,0.86,0.01,0.01,71805.0
1775814217.026,217.026,0.14,0.15,0.85,0.86,0.01,0.01,71805.0
1775814217.429,217.429,0.14,0.15,0.85,0.86,0.01,0.01,71805.0
1775814217.913,217.913,0.14,0.15,0.85,0.86,0.01,0.01,71805.0
1775814218.336,218.336,0.14,0.15,0.85,0.86,0.01,0.01,71805.0
1775814218.712,218.712,0.14,0.15,0.85,0.86,0.01,0.01,71805.0
1775814219.145,219.145,0.14,0.15,0.85,0.86,0.01,0.01,71805.0
1775814219.621,219.621,0.14,0.15,0.85,0.86,0.01,0.01,71805.0
1775814220.131,220.131,0.13,0.14,0.85,0.86,0.01,0.01,71805.0
1775814220.52,220.52,0.13,0.14,0.86,0.87,0.01,0.01,71805.0
1775814221.135,221.135,0.13,0.14,0.86,0.87,0.01,0.01,71805.0
1775814221.481,221.481,0.13,0.14,0.86,0.87,0.01,0.01,71805.0
1775814221.847,221.847,0.11,0.13,0.86,0.89,0.02,0.03,71805.0
1775814222.193,222.193,0.12,0.13,0.87,0.88,0.01,0.01,71805.0
1775814222.546,222.546,0.1,0.11,0.89,0.9,0.01,0.01,71805.0
1775814222.95,222.95,0.1,0.11,0.89,0.9,0.01,0.01,71805.0
1775814223.288,223.288,0.1,0.11,0.89,0.9,0.01,0.01,71805.0
1775814223.666,223.666,0.1,0.11,0.89,0.9,0.01,0.01,71805.0
1775814224.026,224.026,0.1,0.11,0.89,0.9,0.01,0.01,71805.0
1775814225.105,225.105,0.1,0.11,0.89,0.9,0.01,0.01,71804.33
1775814225.457,225.457,0.1,0.11,0.89,0.9,0.01,0.01,71804.33
1775814225.936,225.936,0.09,0.11,0.89,0.9,0.02,0.01,71803.86
1775814226.584,226.584,0.09,0.1,0.9,0.91,0.01,0.01,71804.55
1775814227.223,227.223,0.09,0.1,0.9,0.91,0.01,0.01,71804.55
1775814227.787,227.787,0.08,0.1,0.9,0.91,0.02,0.01,71803.83
1775814228.343,228.343,0.08,0.09,0.91,0.92,0.01,0.01,71803.87
1775814228.764,228.764,0.08,0.09,0.91,0.92,0.01,0.01,71803.87
1775814229.136,229.136,0.08,0.09,0.91,0.92,0.01,0.01,71803.87
1775814229.934,229.934,0.08,0.09,0.91,0.92,0.01,0.01,71803.55
1775814230.47,230.47,0.08,0.09,0.91,0.92,0.01,0.01,71802.94
1775814231.011,231.011,0.08,0.09,0.91,0.92,0.01,0.01,71802.99
1775814231.489,231.489,0.08,0.09,0.91,0.92,0.01,0.01,71802.99
1775814232.071,232.071,0.08,0.09,0.91,0.92,0.01,0.01,71803.58
1775814232.428,232.428,0.08,0.09,0.91,0.92,0.01,0.01,71803.58
1775814233.174,233.174,0.08,0.09,0.91,0.92,0.01,0.01,71803.63
1775814233.617,233.617,0.08,0.09,0.91,0.92,0.01,0.01,71803.63
1775814234.152,234.152,0.08,0.09,0.91,0.92,0.01,0.01,71803.49
1775814234.522,234.522,0.08,0.09,0.91,0.92,0.01,0.01,71803.49
1775814234.935,234.935,0.08,0.09,0.91,0.92,0.01,0.01,71803.49
1775814235.497,235.497,0.08,0.09,0.91,0.92,0.01,0.01,71803.5
1775814236.155,236.155,0.08,0.09,0.91,0.92,0.01,0.01,71803.42
1775814236.554,236.554,0.08,0.09,0.91,0.92,0.01,0.01,71803.42
1775814236.985,236.985,0.08,0.09,0.91,0.92,0.01,0.01,71803.16
1775814237.342,237.342,0.08,0.09,0.91,0.92,0.01,0.01,71803.16
1775814237.83,237.83,0.07,0.09,0.91,0.92,0.02,0.01,71803.16
1775814238.187,238.187,0.07,0.08,0.91,0.93,0.01,0.02,71803.87
1775814238.818,238.818,0.07,0.08,0.92,0.93,0.01,0.01,71803.87
1775814239.312,239.312,0.07,0.08,0.92,0.93,0.01,0.01,71803.48
1775814240.0,240.0,0.07,0.08,0.92,0.93,0.01,0.01,71803.48
1775814240.359,240.359,0.07,0.08,0.92,0.93,0.01,0.01,71803.34
1775814240.851,240.851,0.07,0.08,0.92,0.93,0.01,0.01,71803.34
1775814241.345,241.345,0.07,0.08,0.92,0.93,0.01,0.01,71803.34
1775814241.708,241.708,0.07,0.08,0.92,0.93,0.01,0.01,71803.04
1775814242.042,242.042,0.06,0.08,0.92,0.93,0.02,0.01,71803.04
1775814242.376,242.376,0.06,0.07,0.93,0.94,0.01,0.01,71803.04
1775814242.711,242.711,0.05,0.06,0.94,0.95,0.01,0.01,71802.97
1775814243.048,243.048,0.05,0.06,0.94,0.95,0.01,0.01,71802.98
1775814243.393,243.393,0.05,0.06,0.94,0.95,0.01,0.01,71802.98
1775814243.831,243.831,0.05,0.06,0.94,0.95,0.01,0.01,71802.98
1775814244.208,244.208,0.05,0.06,0.94,0.95,0.01,0.01,71793.24
1775814244.554,244.554,0.05,0.06,0.94,0.95,0.01,0.01,71793.24
1775814244.914,244.914,0.04,0.05,0.94,0.97,0.01,0.03,71793.24
1775814245.273,245.273,0.04,0.05,0.95,0.96,0.01,0.01,71788.76
1775814245.657,245.657,0.03,0.04,0.96,0.97,0.01,0.01,71788.76
1775814246.044,246.044,0.03,0.04,0.96,0.97,0.01,0.01,71788.76
1775814246.389,246.389,0.03,0.04,0.96,0.97,0.01,0.01,71788.27
1775814246.776,246.776,0.03,0.04,0.96,0.97,0.01,0.01,71788.27
1775814247.255,247.255,0.03,0.04,0.96,0.97,0.01,0.01,71788.27
1775814247.593,247.593,0.03,0.04,0.96,0.97,0.01,0.01,71792.17
1775814248.016,248.016,0.03,0.04,0.96,0.97,0.01,0.01,71792.17
1775814248.424,248.424,0.03,0.04,0.96,0.97,0.01,0.01,71793.41
1775814248.837,248.837,0.03,0.04,0.96,0.97,0.01,0.01,71793.41
1775814249.464,249.464,0.03,0.04,0.96,0.97,0.01,0.01,71793.03
1775814249.848,249.848,0.03,0.04,0.96,0.97,0.01,0.01,71793.03
1775814250.309,250.309,0.02,0.03,0.97,0.98,0.01,0.01,71793.03
1775814250.69,250.69,0.02,0.03,0.97,0.98,0.01,0.01,71793.03
1775814251.068,251.068,0.03,0.04,0.96,0.97,0.01,0.01,71793.05
1775814251.49,251.49,0.03,0.04,0.96,0.97,0.01,0.01,71793.05
1775814251.843,251.843,0.03,0.04,0.96,0.97,0.01,0.01,71793.05
1775814252.182,252.182,0.02,0.03,0.96,0.98,0.01,0.02,71792.94
1775814252.589,252.589,0.02,0.03,0.97,0.98,0.01,0.01,71792.94
1775814252.979,252.979,0.02,0.03,0.97,0.98,0.01,0.01,71792.94
1775814253.319,253.319,0.02,0.03,0.97,0.98,0.01,0.01,71794.33
1775814253.918,253.918,0.02,0.03,0.97,0.98,0.01,0.01,71794.33
1775814254.421,254.421,0.02,0.03,0.97,0.98,0.01,0.01,71793.47
1775814254.998,254.998,0.02,0.03,0.97,0.98,0.01,0.01,71793.47
1775814255.377,255.377,0.02,0.03,0.97,0.98,0.01,0.01,71793.47
1775814255.968,255.968,0.02,0.03,0.97,0.98,0.01,0.01,71793.47
1775814256.322,256.322,0.02,0.03,0.97,0.98,0.01,0.01,71793.32
1775814256.668,256.668,0.02,0.03,0.97,0.98,0.01,0.01,71793.32
1775814257.346,257.346,0.02,0.03,0.97,0.98,0.01,0.01,71793.32
1775814257.731,257.731,0.02,0.03,0.97,0.98,0.01,0.01,71793.32
1775814258.146,258.146,0.02,0.03,0.97,0.98,0.01,0.01,71793.32
1775814258.512,258.512,0.02,0.03,0.97,0.98,0.01,0.01,71793.13
1775814258.9,258.9,0.02,0.03,0.97,0.98,0.01,0.01,71792.88
1775814259.319,259.319,0.02,0.03,0.97,0.98,0.01,0.01,71792.88
1775814260.135,260.135,0.02,0.03,0.97,0.98,0.01,0.01,71792.88
1775814260.512,260.512,0.02,0.03,0.97,0.98,0.01,0.01,71792.88
1775814260.87,260.87,0.02,0.03,0.97,0.98,0.01,0.01,71792.88
1775814261.376,261.376,0.02,0.03,0.97,0.98,0.01,0.01,71793.23
1775814261.768,261.768,0.03,0.04,0.96,0.97,0.01,0.01,71793.23
1775814262.287,262.287,0.03,0.04,0.96,0.97,0.01,0.01,71793.23
1775814262.702,262.702,0.04,0.05,0.95,0.96,0.01,0.01,71793.79
1775814263.227,263.227,0.05,0.06,0.94,0.95,0.01,0.01,71793.79
1775814263.689,263.689,0.05,0.06,0.94,0.95,0.01,0.01,71797.95
1775814264.194,264.194,0.05,0.06,0.94,0.95,0.01,0.01,71797.95
1775814264.768,264.768,0.05,0.06,0.94,0.95,0.01,0.01,71798.33
1775814265.198,265.198,0.05,0.06,0.94,0.95,0.01,0.01,71798.33
1775814265.587,265.587,0.04,0.06,0.94,0.95,0.02,0.01,71798.72
1775814266.252,266.252,0.04,0.05,0.95,0.96,0.01,0.01,71801.89
1775814266.634,266.634,0.04,0.05,0.95,0.96,0.01,0.01,71801.89
1775814267.366,267.366,0.03,0.05,0.95,0.96,0.02,0.01,71801.99
1775814267.866,267.866,0.03,0.04,0.96,0.97,0.01,0.01,71801.99
1775814268.268,268.268,0.05,0.06,0.94,0.97,0.01,0.03,71802.42
1775814268.732,268.732,0.05,0.06,0.94,0.96,0.01,0.02,71802.42
1775814269.098,269.098,0.05,0.06,0.94,0.95,0.01,0.01,71802.42
1775814269.62,269.62,0.03,0.04,0.94,0.95,0.01,0.01,71805.54
1775814270.396,270.396,0.03,0.04,0.96,0.97,0.01,0.01,71807.11
1775814270.784,270.784,0.03,0.04,0.96,0.97,0.01,0.01,71807.11
1775814271.144,271.144,0.03,0.04,0.96,0.97,0.01,0.01,71807.11
1775814271.582,271.582,0.04,0.05,0.95,0.98,0.01,0.03,71808.26
1775814271.965,271.965,0.03,0.05,0.96,0.97,0.02,0.01,71808.26
1775814272.487,272.487,0.03,0.05,0.95,0.97,0.02,0.02,71808.45
1775814272.939,272.939,0.04,0.05,0.95,0.97,0.01,0.02,71808.45
1775814273.466,273.466,0.04,0.05,0.95,0.96,0.01,0.01,71808.42
1775814273.811,273.811,0.05,0.06,0.94,0.97,0.01,0.03,71808.42
1775814274.263,274.263,0.05,0.06,0.94,0.95,0.01,0.01,71808.42
1775814274.643,274.643,0.05,0.06,0.94,0.95,0.01,0.01,71807.85
1775814275.404,275.404,0.04,0.05,0.95,0.97,0.01,0.02,71807.85
1775814275.828,275.828,0.07,0.11,0.85,0.97,0.04,0.12,71811.86
1775814276.194,276.194,0.05,0.07,0.91,0.94,0.02,0.03,71812.16
1775814276.533,276.533,0.06,0.07,0.93,0.94,0.01,0.01,71812.16
1775814276.933,276.933,0.05,0.06,0.94,0.95,0.01,0.01,71812.16
1775814277.29,277.29,0.05,0.06,0.94,0.95,0.01,0.01,71813.02
1775814277.643,277.643,0.13,0.14,0.86,0.87,0.01,0.01,71813.02
1775814278.02,278.02,0.07,0.08,0.9,0.92,0.01,0.02,71813.02
1775814278.386,278.386,0.07,0.08,0.92,0.93,0.01,0.01,71813.02
1775814278.918,278.918,0.07,0.08,0.92,0.93,0.01,0.01,71813.08
1775814279.407,279.407,0.07,0.08,0.92,0.93,0.01,0.01,71814.12
1775814279.803,279.803,0.07,0.08,0.92,0.93,0.01,0.01,71814.12
1775814280.204,280.204,0.07,0.08,0.92,0.93,0.01,0.01,71816.77
1775814280.667,280.667,0.06,0.07,0.93,0.94,0.01,0.01,71816.77
1775814281.066,281.066,0.05,0.06,0.94,0.95,0.01,0.01,71816.77
1775814281.43,281.43,0.05,0.06,0.94,0.95,0.01,0.01,71817.08
1775814281.916,281.916,0.05,0.07,0.94,0.95,0.02,0.01,71817.08
1775814282.477,282.477,0.06,0.07,0.93,0.94,0.01,0.01,71817.03
1775814282.824,282.824,0.04,0.05,0.95,0.96,0.01,0.01,71817.03
1775814283.231,283.231,0.04,0.05,0.95,0.96,0.01,0.01,71817.03
1775814283.825,283.825,0.04,0.05,0.95,0.96,0.01,0.01,71817.32
1775814284.184,284.184,0.04,0.05,0.95,0.96,0.01,0.01,71817.32
1775814284.667,284.667,0.03,0.04,0.95,0.97,0.01,0.02,71816.82
1775814285.106,285.106,0.03,0.05,0.96,0.97,0.02,0.01,71816.82
1775814285.5,285.5,0.03,0.05,0.96,0.97,0.02,0.01,71816.82
1775814285.919,285.919,0.03,0.04,0.96,0.97,0.01,0.01,71816.82
1775814286.314,286.314,0.03,0.04,0.95,0.97,0.01,0.02,71816.82
1775814286.679,286.679,0.02,0.03,0.96,0.98,0.01,0.02,71816.82
1775814287.026,287.026,0.03,0.04,0.96,0.98,0.01,0.02,71816.82
1775814287.419,287.419,0.03,0.04,0.96,0.97,0.01,0.01,71816.82
1775814287.972,287.972,0.05,0.06,0.94,0.95,0.01,0.01,71816.82
1775814288.51,288.51,0.03,0.05,0.94,0.96,0.02,0.02,71816.94
1775814288.918,288.918,0.03,0.04,0.95,0.97,0.01,0.02,71816.94
1775814289.35,289.35,0.03,0.04,0.96,0.97,0.01,0.01,71816.82
1775814289.686,289.686,0.03,0.04,0.96,0.97,0.01,0.01,71816.82
1775814290.06,290.06,0.03,0.04,0.96,0.97,0.01,0.01,71816.82
1775814290.477,290.477,0.03,0.04,0.96,0.97,0.01,0.01,71816.8
1775814290.822,290.822,0.03,0.04,0.96,0.97,0.01,0.01,71816.8
1775814291.184,291.184,0.03,0.04,0.96,0.97,0.01,0.01,71816.81
1775814291.543,291.543,0.03,0.04,0.96,0.97,0.01,0.01,71816.81
1775814291.978,291.978,0.03,0.04,0.96,0.97,0.01,0.01,71816.81
1775814292.454,292.454,0.03,0.04,0.96,0.97,0.01,0.01,71816.8
1775814292.79,292.79,0.02,0.03,0.96,0.99,0.01,0.03,71816.8
1775814293.444,293.444,0.01,0.02,0.98,0.99,0.01,0.01,71816.8
1775814293.805,293.805,0.01,0.02,0.98,0.99,0.01,0.01,71816.8
1775814294.177,294.177,0.01,0.02,0.98,0.99,0.01,0.01,71816.8
1775814294.588,294.588,0.01,0.02,0.98,0.99,0.01,0.01,71816.79
1775814294.944,294.944,0.01,0.02,0.98,0.99,0.01,0.01,71816.79
1775814295.306,295.306,0.01,0.02,0.98,0.99,0.01,0.01,71816.7
1775814295.682,295.682,0.01,0.02,0.98,0.99,0.01,0.01,71816.7
1775814296.098,296.098,0.01,0.02,0.98,0.99,0.01,0.01,71816.7
1775814296.453,296.453,0.01,0.01,0.99,0.99,0.0,0.0,71816.82
1775814296.992,296.992,0.01,0.01,0.99,0.99,0.0,0.0,71816.82
1775814297.353,297.353,0.01,0.01,0.99,0.99,0.0,0.0,71816.82
1775814298.375,298.375,0.01,0.01,0.99,0.99,0.0,0.0,71816.82
1775814298.807,298.807,0.01,0.01,0.99,0.99,0.0,0.0,71816.82
1775814299.182,299.182,0.01,0.01,0.99,0.99,0.0,0.0,71816.82
1775814300.065,300.065,0.01,0.01,0.99,0.99,0.0,0.0,71814.75
1775814300.511,300.511,0.01,0.01,0.99,0.99,0.0,0.0,71814.75

# RESULT,winner=Down,slug=btc-updown-5m-1775814000,ticks=619
