timestamp,elapsed_sec,up_bid,up_ask,down_bid,down_ask,up_spread,down_spread,btc_price,btc_oracle_ts
1776328500.646,0.646,0.48,0.49,0.51,0.52,0.01,0.01,74718.03,1776328499000
1776328500.986,0.986,0.48,0.49,0.51,0.52,0.01,0.01,74718.03,1776328499000
1776328501.368,1.368,0.49,0.5,0.5,0.51,0.01,0.01,74717.42,1776328500000
1776328501.766,1.766,0.5,0.51,0.49,0.5,0.01,0.01,74717.42,1776328500000
1776328502.552,2.552,0.5,0.51,0.49,0.5,0.01,0.01,74718.3,1776328501000
1776328502.962,2.962,0.5,0.51,0.49,0.5,0.01,0.01,74718.38,1776328502000
1776328503.31,3.31,0.5,0.51,0.49,0.5,0.01,0.01,74718.38,1776328502000
1776328503.681,3.681,0.52,0.53,0.47,0.48,0.01,0.01,74718.38,1776328502000
1776328504.077,4.077,0.53,0.54,0.46,0.47,0.01,0.01,74718.61,1776328503000
1776328504.54,4.54,0.53,0.54,0.46,0.47,0.01,0.01,74718.61,1776328503000
1776328504.906,4.906,0.53,0.54,0.46,0.47,0.01,0.01,74718.82,1776328504000
1776328505.408,5.408,0.53,0.54,0.46,0.47,0.01,0.01,74718.82,1776328504000
1776328505.912,5.912,0.53,0.54,0.46,0.47,0.01,0.01,74718.82,1776328504000
1776328506.25,6.25,0.53,0.54,0.46,0.47,0.01,0.01,74718.82,1776328504000
1776328506.588,6.588,0.53,0.54,0.46,0.47,0.01,0.01,74722.42,1776328505000
1776328506.963,6.963,0.53,0.54,0.46,0.47,0.01,0.01,74722.42,1776328505000
1776328507.362,7.362,0.54,0.55,0.45,0.47,0.01,0.02,74723.53,1776328506000
1776328507.81,7.81,0.54,0.55,0.45,0.46,0.01,0.01,74723.53,1776328506000
1776328508.165,8.165,0.54,0.55,0.45,0.46,0.01,0.01,74723.53,1776328506000
1776328508.644,8.644,0.55,0.56,0.44,0.45,0.01,0.01,74723.53,1776328507000
1776328508.982,8.982,0.55,0.56,0.44,0.45,0.01,0.01,74723.53,1776328507000
1776328509.335,9.335,0.55,0.56,0.44,0.45,0.01,0.01,74723.56,1776328508000
1776328510.114,10.114,0.55,0.56,0.44,0.45,0.01,0.01,74723.56,1776328508000
1776328510.567,10.567,0.54,0.56,0.44,0.45,0.02,0.01,74724.45,1776328509000
1776328511.015,11.015,0.53,0.55,0.45,0.46,0.02,0.01,74724.45,1776328509000
1776328511.369,11.369,0.51,0.52,0.48,0.49,0.01,0.01,74724.45,1776328509000
1776328511.706,11.706,0.5,0.51,0.49,0.5,0.01,0.01,74724.45,1776328509000
1776328512.072,12.072,0.5,0.51,0.49,0.5,0.01,0.01,74726.12,1776328510000
1776328512.446,12.446,0.5,0.51,0.49,0.5,0.01,0.01,74725.4,1776328511000
1776328513.145,13.145,0.5,0.51,0.49,0.5,0.01,0.01,74724.34,1776328512000
1776328513.548,13.548,0.5,0.51,0.49,0.5,0.01,0.01,74724.34,1776328512000
1776328514.321,14.321,0.5,0.51,0.49,0.5,0.01,0.01,74720.27,1776328513000
1776328514.887,14.887,0.49,0.5,0.5,0.51,0.01,0.01,74720.27,1776328513000
1776328515.25,15.25,0.49,0.5,0.5,0.51,0.01,0.01,74720.26,1776328514000
1776328515.976,15.976,0.49,0.5,0.5,0.51,0.01,0.01,74720.26,1776328514000
1776328516.313,16.313,0.49,0.5,0.5,0.51,0.01,0.01,74720.26,1776328515000
1776328516.79,16.79,0.49,0.5,0.5,0.51,0.01,0.01,74720.26,1776328515000
1776328517.479,17.479,0.49,0.5,0.5,0.51,0.01,0.01,74720.26,1776328515000
1776328517.961,17.961,0.49,0.5,0.5,0.51,0.01,0.01,74719.83,1776328516000
1776328518.366,18.366,0.46,0.47,0.53,0.54,0.01,0.01,74719.83,1776328517000
1776328518.845,18.845,0.46,0.47,0.53,0.54,0.01,0.01,74719.83,1776328517000
1776328519.316,19.316,0.46,0.47,0.53,0.54,0.01,0.01,74719.83,1776328517000
1776328519.754,19.754,0.46,0.47,0.53,0.54,0.01,0.01,74719.69,1776328518000
1776328520.121,20.121,0.46,0.47,0.53,0.54,0.01,0.01,74719.69,1776328518000
1776328520.563,20.563,0.46,0.47,0.53,0.54,0.01,0.01,74717.7,1776328519000
1776328521.197,21.197,0.46,0.47,0.53,0.54,0.01,0.01,74717.7,1776328519000
1776328521.8,21.8,0.46,0.47,0.53,0.54,0.01,0.01,74715.83,1776328520000
1776328522.463,22.463,0.46,0.47,0.53,0.54,0.01,0.01,74715.83,1776328521000
1776328522.8,22.8,0.46,0.47,0.53,0.54,0.01,0.01,74715.83,1776328521000
1776328523.504,23.504,0.46,0.47,0.53,0.54,0.01,0.01,74715.83,1776328521000
1776328524.033,24.033,0.46,0.47,0.53,0.54,0.01,0.01,74715.96,1776328522000
1776328524.377,24.377,0.46,0.47,0.53,0.54,0.01,0.01,74715.96,1776328522000
1776328524.905,24.905,0.46,0.49,0.53,0.54,0.03,0.01,74716.2,1776328523000
1776328525.385,25.385,0.46,0.48,0.51,0.54,0.02,0.03,74716.2,1776328524000
1776328525.964,25.964,0.46,0.47,0.53,0.54,0.01,0.01,74716.2,1776328524000
1776328526.308,26.308,0.46,0.47,0.53,0.54,0.01,0.01,74716.2,1776328524000
1776328526.718,26.718,0.44,0.45,0.55,0.56,0.01,0.01,74716.47,1776328525000
1776328527.208,27.208,0.44,0.45,0.55,0.56,0.01,0.01,74716.47,1776328525000
1776328527.754,27.754,0.44,0.45,0.55,0.56,0.01,0.01,74717.04,1776328526000
1776328528.203,28.203,0.44,0.45,0.55,0.56,0.01,0.01,74716.42,1776328527000
1776328528.644,28.644,0.43,0.44,0.55,0.57,0.01,0.02,74716.42,1776328527000
1776328529.645,29.645,0.43,0.44,0.56,0.57,0.01,0.01,74715.35,1776328528000
1776328530.361,30.361,0.43,0.44,0.56,0.57,0.01,0.01,74715.7,1776328529000
1776328530.732,30.732,0.43,0.44,0.56,0.57,0.01,0.01,74715.7,1776328529000
1776328531.081,31.081,0.43,0.44,0.56,0.57,0.01,0.01,74715.35,1776328530000
1776328531.563,31.563,0.43,0.44,0.56,0.57,0.01,0.01,74715.35,1776328530000
1776328532.159,32.159,0.43,0.44,0.56,0.57,0.01,0.01,74715.35,1776328530000
1776328532.505,32.505,0.42,0.44,0.56,0.57,0.02,0.01,74715.35,1776328530000
1776328532.857,32.857,0.42,0.43,0.57,0.58,0.01,0.01,74713.8,1776328531000
1776328533.231,33.231,0.42,0.43,0.57,0.58,0.01,0.01,74713.8,1776328532000
1776328533.618,33.618,0.43,0.44,0.56,0.58,0.01,0.02,74713.8,1776328532000
1776328533.953,33.953,0.43,0.44,0.56,0.57,0.01,0.01,74713.8,1776328532000
1776328534.355,34.355,0.43,0.44,0.56,0.57,0.01,0.01,74713.8,1776328532000
1776328534.712,34.712,0.44,0.45,0.55,0.57,0.01,0.02,74713.45,1776328533000
1776328535.222,35.222,0.41,0.45,0.55,0.56,0.04,0.01,74713.45,1776328533000
1776328535.617,35.617,0.39,0.4,0.58,0.6,0.01,0.02,74713.8,1776328534000
1776328535.95,35.95,0.39,0.4,0.6,0.61,0.01,0.01,74713.8,1776328534000
1776328536.309,36.309,0.39,0.4,0.6,0.61,0.01,0.01,74713.53,1776328535000
1776328536.681,36.681,0.39,0.4,0.6,0.61,0.01,0.01,74713.53,1776328535000
1776328537.046,37.046,0.39,0.4,0.6,0.61,0.01,0.01,74713.53,1776328535000
1776328537.399,37.399,0.39,0.4,0.6,0.61,0.01,0.01,74713.53,1776328535000
1776328537.783,37.783,0.39,0.4,0.6,0.61,0.01,0.01,74711.9,1776328536000
1776328538.322,38.322,0.39,0.4,0.6,0.61,0.01,0.01,74711.9,1776328536000
1776328538.671,38.671,0.39,0.4,0.6,0.61,0.01,0.01,74709.5,1776328537000
1776328539.095,39.095,0.39,0.4,0.6,0.61,0.01,0.01,74709.5,1776328537000
1776328539.433,39.433,0.39,0.4,0.6,0.61,0.01,0.01,74707.83,1776328538000
1776328539.892,39.892,0.39,0.4,0.6,0.61,0.01,0.01,74707.83,1776328538000
1776328540.318,40.318,0.4,0.41,0.59,0.6,0.01,0.01,74707.83,1776328539000
1776328540.803,40.803,0.4,0.41,0.59,0.6,0.01,0.01,74707.83,1776328539000
1776328541.138,41.138,0.4,0.41,0.59,0.6,0.01,0.01,74707.83,1776328539000
1776328541.639,41.639,0.4,0.41,0.59,0.6,0.01,0.01,74707.83,1776328539000
1776328541.979,41.979,0.41,0.45,0.55,0.58,0.04,0.03,74708.85,1776328540000
1776328542.32,42.32,0.45,0.46,0.54,0.56,0.01,0.02,74708.85,1776328540000
1776328542.664,42.664,0.46,0.47,0.53,0.55,0.01,0.02,74708.5,1776328541000
1776328543.082,43.082,0.46,0.47,0.53,0.54,0.01,0.01,74709.76,1776328542000
1776328543.418,43.418,0.48,0.53,0.47,0.52,0.05,0.05,74709.76,1776328542000
1776328543.893,43.893,0.51,0.52,0.47,0.49,0.01,0.02,74709.76,1776328542000
1776328544.248,44.248,0.49,0.5,0.5,0.51,0.01,0.01,74711.99,1776328543000
1776328544.633,44.633,0.47,0.48,0.52,0.54,0.01,0.02,74711.99,1776328543000
1776328545.086,45.086,0.47,0.48,0.52,0.53,0.01,0.01,74714.95,1776328544000
1776328545.456,45.456,0.47,0.48,0.52,0.53,0.01,0.01,74714.95,1776328544000
1776328545.835,45.835,0.46,0.47,0.52,0.53,0.01,0.01,74714.95,1776328544000
1776328546.266,46.266,0.45,0.46,0.53,0.55,0.01,0.02,74713.78,1776328545000
1776328546.834,46.834,0.45,0.46,0.54,0.55,0.01,0.01,74713.78,1776328545000
1776328547.319,47.319,0.4,0.41,0.57,0.59,0.01,0.02,74711.78,1776328546000
1776328547.653,47.653,0.4,0.41,0.59,0.6,0.01,0.01,74711.78,1776328546000
1776328548.037,48.037,0.39,0.4,0.6,0.61,0.01,0.01,74711.4,1776328547000
1776328548.393,48.393,0.39,0.4,0.6,0.61,0.01,0.01,74711.4,1776328547000
1776328548.732,48.732,0.39,0.4,0.6,0.61,0.01,0.01,74711.4,1776328547000
1776328549.264,49.264,0.39,0.4,0.6,0.61,0.01,0.01,74708.94,1776328548000
1776328549.689,49.689,0.39,0.4,0.6,0.61,0.01,0.01,74708.94,1776328548000
1776328550.08,50.08,0.39,0.4,0.59,0.61,0.01,0.02,74704.34,1776328549000
1776328550.422,50.422,0.39,0.4,0.6,0.61,0.01,0.01,74704.34,1776328549000
1776328550.863,50.863,0.39,0.4,0.6,0.61,0.01,0.01,74702.29,1776328550000
1776328551.396,51.396,0.39,0.4,0.6,0.61,0.01,0.01,74702.29,1776328550000
1776328551.863,51.863,0.39,0.4,0.6,0.61,0.01,0.01,74702.29,1776328550000
1776328552.232,52.232,0.39,0.4,0.6,0.61,0.01,0.01,74702.29,1776328550000
1776328553.034,53.034,0.39,0.4,0.6,0.61,0.01,0.01,74702,1776328551000
1776328553.371,53.371,0.39,0.4,0.6,0.61,0.01,0.01,74702,1776328552000
1776328553.785,53.785,0.38,0.4,0.6,0.61,0.02,0.01,74702,1776328552000
1776328554.129,54.129,0.38,0.39,0.61,0.62,0.01,0.01,74702,1776328552000
1776328554.485,54.485,0.38,0.39,0.61,0.62,0.01,0.01,74702,1776328552000
1776328554.973,54.973,0.38,0.39,0.61,0.62,0.01,0.01,74702.04,1776328553000
1776328555.46,55.46,0.38,0.39,0.61,0.62,0.01,0.01,74702.04,1776328554000
1776328555.881,55.881,0.37,0.38,0.61,0.62,0.01,0.01,74702.04,1776328554000
1776328556.311,56.311,0.36,0.37,0.63,0.64,0.01,0.01,74701.88,1776328555000
1776328556.666,56.666,0.36,0.37,0.63,0.64,0.01,0.01,74701.88,1776328555000
1776328557.02,57.02,0.35,0.36,0.64,0.65,0.01,0.01,74701.88,1776328555000
1776328557.838,57.838,0.34,0.35,0.65,0.66,0.01,0.01,74697.37,1776328556000
1776328558.186,58.186,0.21,0.27,0.71,0.79,0.06,0.08,74697.37,1776328557000
1776328558.559,58.559,0.21,0.22,0.78,0.79,0.01,0.01,74697.37,1776328557000
1776328558.897,58.897,0.21,0.22,0.78,0.79,0.01,0.01,74696.63,1776328558000
1776328559.234,59.234,0.21,0.22,0.78,0.79,0.01,0.01,74696.63,1776328558000
1776328559.6,59.6,0.21,0.22,0.78,0.79,0.01,0.01,74696.63,1776328558000
1776328559.972,59.972,0.2,0.21,0.79,0.8,0.01,0.01,74696.63,1776328558000
1776328560.337,60.337,0.2,0.21,0.79,0.8,0.01,0.01,74679.45,1776328559000
1776328560.725,60.725,0.2,0.21,0.79,0.8,0.01,0.01,74679.45,1776328559000
1776328561.103,61.103,0.19,0.2,0.8,0.81,0.01,0.01,74675.34,1776328560000
1776328561.528,61.528,0.18,0.19,0.81,0.82,0.01,0.01,74675.34,1776328560000
1776328561.877,61.877,0.18,0.19,0.81,0.82,0.01,0.01,74675.34,1776328560000
1776328562.323,62.323,0.17,0.19,0.81,0.83,0.02,0.02,74666.94,1776328561000
1776328562.66,62.66,0.17,0.18,0.82,0.83,0.01,0.01,74666.94,1776328561000
1776328562.997,62.997,0.16,0.17,0.83,0.84,0.01,0.01,74666.94,1776328561000
1776328563.429,63.429,0.15,0.16,0.84,0.85,0.01,0.01,74664.03,1776328562000
1776328563.848,63.848,0.15,0.16,0.84,0.85,0.01,0.01,74664.03,1776328562000
1776328564.194,64.194,0.15,0.16,0.84,0.85,0.01,0.01,74664.03,1776328562000
1776328564.622,64.622,0.15,0.16,0.84,0.85,0.01,0.01,74661.24,1776328563000
1776328564.982,64.982,0.15,0.16,0.84,0.85,0.01,0.01,74661.24,1776328563000
1776328565.352,65.352,0.15,0.16,0.84,0.85,0.01,0.01,74658.49,1776328564000
1776328565.738,65.738,0.15,0.16,0.84,0.85,0.01,0.01,74658.49,1776328564000
1776328566.106,66.106,0.15,0.16,0.84,0.85,0.01,0.01,74657.5,1776328565000
1776328566.476,66.476,0.15,0.16,0.84,0.85,0.01,0.01,74657.5,1776328565000
1776328566.838,66.838,0.17,0.19,0.81,0.83,0.02,0.02,74657.5,1776328565000
1776328567.223,67.223,0.18,0.2,0.8,0.82,0.02,0.02,74657.5,1776328565000
1776328567.663,67.663,0.2,0.21,0.79,0.81,0.01,0.02,74656.41,1776328566000
1776328568.083,68.083,0.2,0.21,0.79,0.8,0.01,0.01,74656.41,1776328566000
1776328568.432,68.432,0.2,0.21,0.79,0.8,0.01,0.01,74660.27,1776328567000
1776328568.859,68.859,0.2,0.21,0.79,0.8,0.01,0.01,74660.27,1776328567000
1776328569.358,69.358,0.2,0.21,0.79,0.8,0.01,0.01,74663.49,1776328568000
1776328569.716,69.716,0.21,0.22,0.78,0.8,0.01,0.02,74663.49,1776328568000
1776328570.067,70.067,0.23,0.24,0.76,0.78,0.01,0.02,74665.62,1776328569000
1776328570.494,70.494,0.23,0.24,0.76,0.77,0.01,0.01,74665.62,1776328569000
1776328571.021,71.021,0.23,0.24,0.76,0.77,0.01,0.01,74665.62,1776328569000
1776328571.376,71.376,0.23,0.24,0.76,0.77,0.01,0.01,74665.66,1776328570000
1776328571.724,71.724,0.23,0.24,0.76,0.77,0.01,0.01,74665.66,1776328570000
1776328572.143,72.143,0.23,0.24,0.76,0.77,0.01,0.01,74665.66,1776328570000
1776328572.507,72.507,0.23,0.24,0.76,0.77,0.01,0.01,74669.62,1776328571000
1776328572.932,72.932,0.23,0.24,0.76,0.77,0.01,0.01,74669.62,1776328571000
1776328573.392,73.392,0.23,0.24,0.76,0.77,0.01,0.01,74669.98,1776328572000
1776328573.771,73.771,0.23,0.24,0.76,0.77,0.01,0.01,74669.98,1776328572000
1776328574.181,74.181,0.23,0.24,0.76,0.77,0.01,0.01,74669.98,1776328573000
1776328574.542,74.542,0.23,0.24,0.76,0.77,0.01,0.01,74669.98,1776328573000
1776328574.986,74.986,0.23,0.24,0.76,0.77,0.01,0.01,74669.99,1776328574000
1776328575.326,75.326,0.23,0.24,0.76,0.77,0.01,0.01,74669.99,1776328574000
1776328575.668,75.668,0.29,0.34,0.66,0.71,0.05,0.05,74669.99,1776328574000
1776328576.017,76.017,0.34,0.37,0.65,0.66,0.03,0.01,74669.99,1776328574000
1776328576.35,76.35,0.36,0.38,0.62,0.64,0.02,0.02,74670.02,1776328575000
1776328576.686,76.686,0.36,0.37,0.63,0.64,0.01,0.01,74670.02,1776328575000
1776328577.029,77.029,0.36,0.37,0.63,0.64,0.01,0.01,74686.99,1776328576000
1776328577.41,77.41,0.36,0.37,0.63,0.64,0.01,0.01,74686.99,1776328576000
1776328577.78,77.78,0.35,0.36,0.64,0.65,0.01,0.01,74686.99,1776328576000
1776328578.157,78.157,0.35,0.36,0.64,0.65,0.01,0.01,74686.99,1776328576000
1776328578.493,78.493,0.35,0.36,0.64,0.65,0.01,0.01,74691.7,1776328577000
1776328578.866,78.866,0.31,0.32,0.67,0.69,0.01,0.02,74691.7,1776328577000
1776328579.385,79.385,0.29,0.3,0.68,0.71,0.01,0.03,74692.04,1776328578000
1776328579.764,79.764,0.29,0.3,0.7,0.71,0.01,0.01,74692.04,1776328578000
1776328580.113,80.113,0.29,0.3,0.7,0.71,0.01,0.01,74692.03,1776328579000
1776328580.488,80.488,0.28,0.29,0.71,0.72,0.01,0.01,74692.03,1776328579000
1776328581.046,81.046,0.28,0.29,0.71,0.72,0.01,0.01,74692.03,1776328579000
1776328581.413,81.413,0.28,0.29,0.71,0.72,0.01,0.01,74692.03,1776328579000
1776328581.753,81.753,0.25,0.27,0.73,0.75,0.02,0.02,74689.09,1776328580000
1776328582.092,82.092,0.24,0.25,0.75,0.76,0.01,0.01,74689.6,1776328581000
1776328582.487,82.487,0.24,0.25,0.75,0.76,0.01,0.01,74689.6,1776328581000
1776328583.069,83.069,0.24,0.25,0.75,0.76,0.01,0.01,74689.6,1776328581000
1776328583.427,83.427,0.24,0.25,0.75,0.76,0.01,0.01,74687.51,1776328582000
1776328583.838,83.838,0.24,0.25,0.75,0.76,0.01,0.01,74687.51,1776328582000
1776328584.503,84.503,0.24,0.25,0.75,0.76,0.01,0.01,74682.57,1776328583000
1776328584.969,84.969,0.24,0.25,0.75,0.76,0.01,0.01,74682.5,1776328584000
1776328585.304,85.304,0.24,0.25,0.75,0.76,0.01,0.01,74682.5,1776328584000
1776328585.991,85.991,0.24,0.25,0.75,0.76,0.01,0.01,74682.49,1776328585000
1776328586.438,86.438,0.24,0.25,0.75,0.76,0.01,0.01,74682.49,1776328585000
1776328586.801,86.801,0.24,0.25,0.75,0.76,0.01,0.01,74682.49,1776328585000
1776328587.523,87.523,0.24,0.25,0.75,0.76,0.01,0.01,74682.5,1776328586000
1776328588.004,88.004,0.23,0.24,0.76,0.77,0.01,0.01,74682.5,1776328587000
1776328588.491,88.491,0.23,0.24,0.76,0.77,0.01,0.01,74682.5,1776328587000
1776328588.835,88.835,0.23,0.24,0.76,0.77,0.01,0.01,74682.5,1776328587000
1776328589.216,89.216,0.23,0.24,0.76,0.77,0.01,0.01,74682.52,1776328588000
1776328589.756,89.756,0.23,0.24,0.76,0.77,0.01,0.01,74682.52,1776328588000
1776328590.254,90.254,0.23,0.24,0.76,0.77,0.01,0.01,74679.92,1776328589000
1776328590.659,90.659,0.23,0.24,0.76,0.77,0.01,0.01,74679.92,1776328589000
1776328590.997,90.997,0.23,0.24,0.76,0.77,0.01,0.01,74679.92,1776328589000
1776328591.375,91.375,0.23,0.24,0.76,0.77,0.01,0.01,74677.42,1776328590000
1776328592.169,92.169,0.23,0.24,0.76,0.77,0.01,0.01,74679.22,1776328591000
1776328592.65,92.65,0.23,0.28,0.76,0.77,0.05,0.01,74679.22,1776328591000
1776328593.038,93.038,0.24,0.25,0.72,0.77,0.01,0.05,74679.22,1776328591000
1776328593.448,93.448,0.24,0.25,0.75,0.76,0.01,0.01,74679.23,1776328592000
1776328593.895,93.895,0.24,0.25,0.75,0.76,0.01,0.01,74679.23,1776328592000
1776328594.911,94.911,0.24,0.25,0.75,0.76,0.01,0.01,74679.23,1776328592000
1776328595.497,95.497,0.24,0.25,0.75,0.76,0.01,0.01,74682.46,1776328593000
1776328595.87,95.87,0.24,0.25,0.75,0.76,0.01,0.01,74682.46,1776328593000
1776328596.269,96.269,0.24,0.25,0.75,0.76,0.01,0.01,74680.69,1776328595000
1776328596.952,96.952,0.24,0.25,0.75,0.76,0.01,0.01,74680.69,1776328595000
1776328597.286,97.286,0.24,0.25,0.75,0.76,0.01,0.01,74680.69,1776328595000
1776328597.632,97.632,0.24,0.25,0.75,0.76,0.01,0.01,74681.86,1776328596000
1776328597.97,97.97,0.24,0.25,0.75,0.76,0.01,0.01,74681.86,1776328596000
1776328598.427,98.427,0.24,0.25,0.75,0.76,0.01,0.01,74681.82,1776328597000
1776328598.873,98.873,0.25,0.26,0.74,0.75,0.01,0.01,74681.82,1776328597000
1776328599.231,99.231,0.25,0.26,0.74,0.75,0.01,0.01,74681.82,1776328597000
1776328599.718,99.718,0.25,0.26,0.74,0.75,0.01,0.01,74681.82,1776328598000
1776328600.19,100.19,0.25,0.26,0.74,0.75,0.01,0.01,74681.82,1776328598000
1776328600.944,100.944,0.26,0.27,0.74,0.75,0.01,0.01,74681.93,1776328599000
1776328601.513,101.513,0.26,0.27,0.73,0.74,0.01,0.01,74681.93,1776328599000
1776328602.208,102.208,0.26,0.27,0.73,0.74,0.01,0.01,74681.91,1776328601000
1776328602.831,102.831,0.26,0.27,0.73,0.74,0.01,0.01,74681.91,1776328601000
1776328603.396,103.396,0.26,0.27,0.73,0.74,0.01,0.01,74681.97,1776328602000
1776328603.888,103.888,0.25,0.27,0.73,0.74,0.02,0.01,74681.97,1776328602000
1776328604.311,104.311,0.24,0.25,0.74,0.76,0.01,0.02,74682.13,1776328603000
1776328604.658,104.658,0.24,0.25,0.75,0.76,0.01,0.01,74682.13,1776328603000
1776328605.193,105.193,0.24,0.25,0.75,0.76,0.01,0.01,74682.13,1776328604000
1776328605.663,105.663,0.24,0.25,0.75,0.76,0.01,0.01,74682.13,1776328604000
1776328606.025,106.025,0.24,0.25,0.75,0.76,0.01,0.01,74682.13,1776328604000
1776328606.48,106.48,0.24,0.25,0.75,0.76,0.01,0.01,74682.13,1776328605000
1776328606.913,106.913,0.24,0.25,0.75,0.76,0.01,0.01,74681.83,1776328606000
1776328607.969,107.969,0.24,0.25,0.75,0.76,0.01,0.01,74681.83,1776328606000
1776328608.808,108.808,0.24,0.25,0.75,0.76,0.01,0.01,74681.81,1776328607000
1776328609.335,109.335,0.24,0.25,0.75,0.76,0.01,0.01,74681.81,1776328608000
1776328609.674,109.674,0.24,0.25,0.75,0.76,0.01,0.01,74681.81,1776328608000
1776328610.215,110.215,0.24,0.25,0.75,0.76,0.01,0.01,74681.81,1776328608000
1776328610.654,110.654,0.24,0.25,0.75,0.76,0.01,0.01,74681.81,1776328609000
1776328611.054,111.054,0.24,0.25,0.75,0.76,0.01,0.01,74681.81,1776328609000
1776328611.402,111.402,0.24,0.25,0.75,0.76,0.01,0.01,74681.81,1776328609000
1776328611.78,111.78,0.24,0.25,0.75,0.76,0.01,0.01,74681.81,1776328610000
1776328612.203,112.203,0.24,0.25,0.75,0.76,0.01,0.01,74681.81,1776328611000
1776328612.619,112.619,0.24,0.25,0.75,0.76,0.01,0.01,74681.81,1776328611000
1776328613.05,113.05,0.24,0.25,0.75,0.76,0.01,0.01,74681.8,1776328612000
1776328613.47,113.47,0.23,0.25,0.76,0.77,0.02,0.01,74681.8,1776328612000
1776328613.88,113.88,0.24,0.25,0.75,0.77,0.01,0.02,74681.8,1776328612000
1776328614.644,114.644,0.23,0.24,0.76,0.77,0.01,0.01,74681.73,1776328613000
1776328614.985,114.985,0.22,0.24,0.76,0.77,0.02,0.01,74681.73,1776328613000
1776328615.354,115.354,0.18,0.2,0.8,0.82,0.02,0.02,74681.75,1776328614000
1776328615.74,115.74,0.17,0.19,0.81,0.82,0.02,0.01,74681.75,1776328614000
1776328616.136,116.136,0.16,0.17,0.82,0.84,0.01,0.02,74681.75,1776328614000
1776328616.582,116.582,0.16,0.17,0.83,0.84,0.01,0.01,74681.09,1776328615000
1776328616.926,116.926,0.16,0.17,0.83,0.84,0.01,0.01,74681.09,1776328615000
1776328617.33,117.33,0.16,0.17,0.83,0.84,0.01,0.01,74671.28,1776328616000
1776328617.783,117.783,0.16,0.17,0.83,0.84,0.01,0.01,74671.28,1776328616000
1776328618.126,118.126,0.16,0.17,0.83,0.84,0.01,0.01,74671.28,1776328616000
1776328618.642,118.642,0.16,0.17,0.83,0.84,0.01,0.01,74670.69,1776328617000
1776328619.075,119.075,0.16,0.17,0.83,0.84,0.01,0.01,74670.69,1776328617000
1776328619.465,119.465,0.16,0.17,0.83,0.84,0.01,0.01,74669.67,1776328618000
1776328620.132,120.132,0.16,0.17,0.83,0.84,0.01,0.01,74669.2,1776328619000
1776328620.471,120.471,0.16,0.17,0.83,0.84,0.01,0.01,74669.2,1776328619000
1776328620.866,120.866,0.17,0.18,0.82,0.83,0.01,0.01,74669.2,1776328619000
1776328621.223,121.223,0.17,0.18,0.82,0.83,0.01,0.01,74669.94,1776328620000
1776328621.988,121.988,0.17,0.18,0.82,0.83,0.01,0.01,74669.94,1776328620000
1776328622.59,122.59,0.17,0.18,0.82,0.83,0.01,0.01,74670.82,1776328621000
1776328623.079,123.079,0.17,0.18,0.82,0.83,0.01,0.01,74670.82,1776328621000
1776328623.461,123.461,0.17,0.18,0.82,0.83,0.01,0.01,74670.83,1776328622000
1776328623.821,123.821,0.17,0.18,0.82,0.83,0.01,0.01,74670.83,1776328622000
1776328624.642,124.642,0.17,0.18,0.82,0.83,0.01,0.01,74670.73,1776328623000
1776328625.125,125.125,0.17,0.18,0.82,0.83,0.01,0.01,74670.73,1776328623000
1776328625.798,125.798,0.17,0.18,0.82,0.83,0.01,0.01,74670.73,1776328624000
1776328626.304,126.304,0.17,0.18,0.82,0.83,0.01,0.01,74670.72,1776328625000
1776328626.959,126.959,0.17,0.18,0.82,0.83,0.01,0.01,74670.72,1776328625000
1776328627.806,127.806,0.17,0.18,0.82,0.83,0.01,0.01,74670.74,1776328626000
1776328628.21,128.21,0.17,0.18,0.82,0.83,0.01,0.01,74670.74,1776328626000
1776328628.544,128.544,0.17,0.18,0.82,0.83,0.01,0.01,74665.56,1776328627000
1776328629.124,129.124,0.17,0.18,0.82,0.83,0.01,0.01,74665.46,1776328628000
1776328629.66,129.66,0.17,0.18,0.82,0.83,0.01,0.01,74665.46,1776328628000
1776328630.1,130.1,0.17,0.18,0.82,0.83,0.01,0.01,74670.5,1776328629000
1776328630.737,130.737,0.17,0.18,0.82,0.83,0.01,0.01,74670.5,1776328629000
1776328631.097,131.097,0.17,0.18,0.82,0.83,0.01,0.01,74670.5,1776328629000
1776328631.71,131.71,0.17,0.18,0.82,0.83,0.01,0.01,74670.42,1776328630000
1776328632.117,132.117,0.17,0.18,0.82,0.83,0.01,0.01,74670.41,1776328631000
1776328632.752,132.752,0.17,0.18,0.82,0.83,0.01,0.01,74670.41,1776328631000
1776328633.474,133.474,0.17,0.18,0.82,0.83,0.01,0.01,74670.45,1776328632000
1776328633.923,133.923,0.17,0.18,0.82,0.83,0.01,0.01,74670.45,1776328632000
1776328634.353,134.353,0.17,0.18,0.82,0.83,0.01,0.01,74670.41,1776328633000
1776328634.834,134.834,0.17,0.18,0.82,0.83,0.01,0.01,74670.41,1776328633000
1776328635.17,135.17,0.17,0.18,0.82,0.83,0.01,0.01,74670.39,1776328634000
1776328635.585,135.585,0.17,0.18,0.82,0.83,0.01,0.01,74670.39,1776328634000
1776328636.072,136.072,0.17,0.18,0.82,0.83,0.01,0.01,74670.39,1776328635000
1776328636.466,136.466,0.17,0.18,0.82,0.83,0.01,0.01,74670.39,1776328635000
1776328636.887,136.887,0.17,0.18,0.82,0.83,0.01,0.01,74670.39,1776328635000
1776328637.267,137.267,0.17,0.18,0.82,0.83,0.01,0.01,74670.39,1776328635000
1776328637.672,137.672,0.17,0.18,0.82,0.83,0.01,0.01,74666.56,1776328636000
1776328638.042,138.042,0.17,0.18,0.82,0.83,0.01,0.01,74666.56,1776328636000
1776328638.481,138.481,0.17,0.18,0.82,0.83,0.01,0.01,74666.56,1776328636000
1776328638.823,138.823,0.16,0.17,0.82,0.83,0.01,0.01,74666.56,1776328636000
1776328639.803,139.803,0.16,0.17,0.83,0.84,0.01,0.01,74665.54,1776328637000
1776328640.256,140.256,0.16,0.17,0.83,0.84,0.01,0.01,74670.39,1776328638000
1776328640.64,140.64,0.16,0.17,0.83,0.84,0.01,0.01,74670.39,1776328638000
1776328641.065,141.065,0.16,0.17,0.83,0.84,0.01,0.01,74670.4,1776328639000
1776328641.41,141.41,0.16,0.17,0.83,0.84,0.01,0.01,74670.4,1776328640000
1776328641.976,141.976,0.16,0.17,0.83,0.84,0.01,0.01,74670.4,1776328640000
1776328642.317,142.317,0.16,0.17,0.83,0.84,0.01,0.01,74670.4,1776328641000
1776328643.326,143.326,0.16,0.17,0.83,0.84,0.01,0.01,74670.4,1776328641000
1776328643.679,143.679,0.16,0.17,0.83,0.84,0.01,0.01,74670.27,1776328642000
1776328644.09,144.09,0.16,0.17,0.83,0.84,0.01,0.01,74670.27,1776328642000
1776328644.424,144.424,0.16,0.17,0.83,0.84,0.01,0.01,74670.26,1776328643000
1776328644.853,144.853,0.19,0.2,0.8,0.81,0.01,0.01,74670.26,1776328643000
1776328645.292,145.292,0.19,0.2,0.8,0.81,0.01,0.01,74670.26,1776328644000
1776328645.949,145.949,0.19,0.2,0.8,0.81,0.01,0.01,74670.26,1776328644000
1776328646.454,146.454,0.19,0.2,0.8,0.81,0.01,0.01,74670.26,1776328644000
1776328646.804,146.804,0.19,0.2,0.8,0.81,0.01,0.01,74671.66,1776328645000
1776328647.259,147.259,0.19,0.2,0.8,0.81,0.01,0.01,74671.66,1776328645000
1776328647.688,147.688,0.19,0.2,0.8,0.81,0.01,0.01,74676.48,1776328646000
1776328648.2,148.2,0.19,0.2,0.8,0.81,0.01,0.01,74674.71,1776328647000
1776328648.649,148.649,0.19,0.2,0.8,0.81,0.01,0.01,74674.71,1776328647000
1776328649.517,149.517,0.19,0.2,0.8,0.81,0.01,0.01,74674.71,1776328647000
1776328649.905,149.905,0.19,0.2,0.8,0.81,0.01,0.01,74677.15,1776328648000
1776328650.346,150.346,0.19,0.2,0.8,0.81,0.01,0.01,74677.14,1776328649000
1776328651.0,151.0,0.19,0.2,0.8,0.81,0.01,0.01,74677.14,1776328649000
1776328651.481,151.481,0.19,0.2,0.8,0.81,0.01,0.01,74675.82,1776328650000
1776328651.955,151.955,0.19,0.2,0.8,0.81,0.01,0.01,74675.82,1776328650000
1776328652.357,152.357,0.19,0.2,0.8,0.81,0.01,0.01,74675.82,1776328650000
1776328652.721,152.721,0.19,0.2,0.8,0.81,0.01,0.01,74677.05,1776328651000
1776328653.096,153.096,0.19,0.2,0.8,0.81,0.01,0.01,74677.05,1776328651000
1776328653.999,153.999,0.19,0.2,0.8,0.81,0.01,0.01,74675.94,1776328653000
1776328654.592,154.592,0.19,0.2,0.8,0.81,0.01,0.01,74675.94,1776328653000
1776328655.537,155.537,0.19,0.2,0.8,0.81,0.01,0.01,74675.94,1776328653000
1776328655.906,155.906,0.19,0.2,0.8,0.81,0.01,0.01,74677.34,1776328654000
1776328656.248,156.248,0.19,0.2,0.8,0.81,0.01,0.01,74677.34,1776328654000
1776328656.684,156.684,0.21,0.22,0.78,0.79,0.01,0.01,74677.35,1776328655000
1776328657.159,157.159,0.22,0.23,0.77,0.79,0.01,0.02,74677.35,1776328655000
1776328657.573,157.573,0.24,0.25,0.75,0.78,0.01,0.03,74677.78,1776328656000
1776328657.927,157.927,0.28,0.29,0.71,0.73,0.01,0.02,74677.78,1776328656000
1776328658.314,158.314,0.3,0.31,0.7,0.71,0.01,0.01,74677.78,1776328656000
1776328658.87,158.87,0.32,0.34,0.66,0.69,0.02,0.03,74677.78,1776328657000
1776328659.222,159.222,0.34,0.35,0.64,0.67,0.01,0.03,74684.06,1776328658000
1776328659.573,159.573,0.34,0.35,0.65,0.66,0.01,0.01,74684.06,1776328658000
1776328659.938,159.938,0.35,0.37,0.64,0.65,0.02,0.01,74684.06,1776328658000
1776328660.291,160.291,0.36,0.37,0.63,0.64,0.01,0.01,74692.06,1776328659000
1776328660.706,160.706,0.36,0.37,0.63,0.64,0.01,0.01,74692.06,1776328659000
1776328661.078,161.078,0.36,0.37,0.63,0.64,0.01,0.01,74692.06,1776328659000
1776328661.442,161.442,0.35,0.36,0.64,0.65,0.01,0.01,74696.28,1776328660000
1776328661.921,161.921,0.35,0.36,0.64,0.65,0.01,0.01,74696.28,1776328660000
1776328662.333,162.333,0.34,0.35,0.65,0.66,0.01,0.01,74696.28,1776328660000
1776328662.928,162.928,0.33,0.34,0.65,0.66,0.01,0.01,74696.29,1776328661000
1776328663.271,163.271,0.33,0.34,0.66,0.67,0.01,0.01,74696.29,1776328661000
1776328663.74,163.74,0.33,0.34,0.66,0.67,0.01,0.01,74696.84,1776328662000
1776328664.266,164.266,0.33,0.34,0.66,0.67,0.01,0.01,74696.84,1776328663000
1776328664.716,164.716,0.33,0.34,0.66,0.68,0.01,0.02,74696.84,1776328663000
1776328665.067,165.067,0.33,0.34,0.66,0.67,0.01,0.01,74696.79,1776328664000
1776328665.459,165.459,0.33,0.34,0.66,0.67,0.01,0.01,74696.79,1776328664000
1776328665.83,165.83,0.33,0.34,0.66,0.67,0.01,0.01,74696.79,1776328664000
1776328666.202,166.202,0.33,0.34,0.66,0.67,0.01,0.01,74696.82,1776328665000
1776328666.736,166.736,0.33,0.34,0.66,0.67,0.01,0.01,74696.82,1776328665000
1776328667.269,167.269,0.32,0.34,0.66,0.68,0.02,0.02,74696.82,1776328666000
1776328667.836,167.836,0.32,0.33,0.67,0.68,0.01,0.01,74696.82,1776328666000
1776328668.279,168.279,0.32,0.33,0.67,0.68,0.01,0.01,74696.83,1776328667000
1776328668.633,168.633,0.32,0.33,0.67,0.68,0.01,0.01,74696.83,1776328667000
1776328669.215,169.215,0.32,0.33,0.67,0.68,0.01,0.01,74696.83,1776328667000
1776328669.722,169.722,0.32,0.33,0.67,0.68,0.01,0.01,74696.83,1776328668000
1776328670.056,170.056,0.28,0.3,0.7,0.72,0.02,0.02,74696.83,1776328669000
1776328670.58,170.58,0.28,0.29,0.71,0.72,0.01,0.01,74696.83,1776328669000
1776328670.938,170.938,0.28,0.29,0.71,0.72,0.01,0.01,74696.83,1776328669000
1776328671.271,171.271,0.28,0.29,0.71,0.72,0.01,0.01,74696.83,1776328669000
1776328671.979,171.979,0.28,0.29,0.71,0.72,0.01,0.01,74696.94,1776328670000
1776328672.325,172.325,0.28,0.29,0.71,0.72,0.01,0.01,74695.95,1776328671000
1776328672.709,172.709,0.28,0.29,0.71,0.72,0.01,0.01,74695.95,1776328671000
1776328673.053,173.053,0.28,0.29,0.71,0.72,0.01,0.01,74695.91,1776328672000
1776328673.637,173.637,0.28,0.29,0.71,0.72,0.01,0.01,74695.91,1776328672000
1776328674.036,174.036,0.28,0.29,0.71,0.72,0.01,0.01,74695.92,1776328673000
1776328674.506,174.506,0.28,0.29,0.71,0.72,0.01,0.01,74695.92,1776328673000
1776328674.845,174.845,0.28,0.29,0.71,0.72,0.01,0.01,74695.92,1776328673000
1776328675.628,175.628,0.28,0.29,0.71,0.72,0.01,0.01,74696.06,1776328674000
1776328676.017,176.017,0.28,0.29,0.71,0.72,0.01,0.01,74696.06,1776328674000
1776328676.368,176.368,0.3,0.33,0.68,0.71,0.03,0.03,74696.11,1776328675000
1776328676.741,176.741,0.31,0.32,0.68,0.69,0.01,0.01,74696.11,1776328675000
1776328677.084,177.084,0.31,0.32,0.68,0.69,0.01,0.01,74696.11,1776328676000
1776328677.524,177.524,0.32,0.33,0.68,0.69,0.01,0.01,74696.11,1776328676000
1776328677.961,177.961,0.32,0.33,0.67,0.68,0.01,0.01,74696.11,1776328676000
1776328678.456,178.456,0.32,0.33,0.67,0.68,0.01,0.01,74696.1,1776328677000
1776328678.854,178.854,0.32,0.33,0.67,0.68,0.01,0.01,74696.1,1776328677000
1776328679.254,179.254,0.32,0.33,0.67,0.68,0.01,0.01,74696.26,1776328678000
1776328679.623,179.623,0.32,0.33,0.67,0.68,0.01,0.01,74696.26,1776328678000
1776328679.956,179.956,0.32,0.33,0.67,0.68,0.01,0.01,74696.26,1776328678000
1776328680.291,180.291,0.36,0.37,0.64,0.65,0.01,0.01,74696.28,1776328679000
1776328680.628,180.628,0.37,0.38,0.62,0.63,0.01,0.01,74696.28,1776328679000
1776328681.091,181.091,0.37,0.38,0.62,0.63,0.01,0.01,74696.28,1776328679000
1776328681.553,181.553,0.37,0.38,0.62,0.63,0.01,0.01,74698.0,1776328680000
1776328681.948,181.948,0.36,0.37,0.62,0.64,0.01,0.02,74698.0,1776328680000
1776328682.395,182.395,0.36,0.38,0.63,0.64,0.02,0.01,74700.02,1776328681000
1776328682.859,182.859,0.37,0.38,0.62,0.63,0.01,0.01,74700.02,1776328681000
1776328683.204,183.204,0.37,0.38,0.62,0.63,0.01,0.01,74702.72,1776328682000
1776328683.562,183.562,0.37,0.38,0.62,0.63,0.01,0.01,74702.72,1776328682000
1776328683.929,183.929,0.37,0.38,0.62,0.63,0.01,0.01,74702.72,1776328682000
1776328684.377,184.377,0.36,0.38,0.62,0.63,0.02,0.01,74702.72,1776328682000
1776328684.872,184.872,0.36,0.37,0.63,0.64,0.01,0.01,74702.66,1776328683000
1776328685.205,185.205,0.36,0.37,0.63,0.64,0.01,0.01,74702.66,1776328684000
1776328685.656,185.656,0.36,0.37,0.63,0.64,0.01,0.01,74702.66,1776328684000
1776328686.035,186.035,0.36,0.37,0.63,0.64,0.01,0.01,74702.66,1776328684000
1776328686.889,186.889,0.36,0.37,0.63,0.64,0.01,0.01,74702.66,1776328685000
1776328687.228,187.228,0.36,0.37,0.63,0.64,0.01,0.01,74702.66,1776328686000
1776328688.038,188.038,0.36,0.37,0.63,0.64,0.01,0.01,74702.66,1776328687000
1776328689.103,189.103,0.36,0.37,0.63,0.64,0.01,0.01,74702.69,1776328688000
1776328689.613,189.613,0.36,0.37,0.63,0.64,0.01,0.01,74702.69,1776328688000
1776328690.097,190.097,0.36,0.37,0.63,0.64,0.01,0.01,74702.69,1776328688000
1776328690.559,190.559,0.36,0.37,0.63,0.64,0.01,0.01,74702.69,1776328689000
1776328691.006,191.006,0.36,0.37,0.63,0.64,0.01,0.01,74702.69,1776328689000
1776328692.167,192.167,0.35,0.37,0.63,0.64,0.02,0.01,74702.75,1776328690000
1776328692.533,192.533,0.35,0.36,0.63,0.65,0.01,0.02,74702.75,1776328691000
1776328693.282,193.282,0.35,0.36,0.64,0.65,0.01,0.01,74702.74,1776328692000
1776328694.241,194.241,0.35,0.36,0.64,0.65,0.01,0.01,74702.72,1776328693000
1776328694.579,194.579,0.3,0.36,0.64,0.7,0.06,0.06,74702.72,1776328693000
1776328694.94,194.94,0.3,0.31,0.69,0.72,0.01,0.03,74702.72,1776328693000
1776328695.373,195.373,0.3,0.31,0.69,0.7,0.01,0.01,74701.47,1776328694000
1776328695.735,195.735,0.3,0.31,0.69,0.7,0.01,0.01,74701.47,1776328694000
1776328696.09,196.09,0.3,0.31,0.69,0.7,0.01,0.01,74701.47,1776328694000
1776328696.582,196.582,0.3,0.31,0.69,0.7,0.01,0.01,74699.26,1776328695000
1776328697.043,197.043,0.29,0.3,0.69,0.71,0.01,0.02,74699.27,1776328696000
1776328697.608,197.608,0.29,0.3,0.7,0.71,0.01,0.01,74699.27,1776328696000
1776328698.027,198.027,0.29,0.3,0.7,0.71,0.01,0.01,74699.27,1776328696000
1776328698.428,198.428,0.29,0.3,0.7,0.71,0.01,0.01,74699.29,1776328697000
1776328698.869,198.869,0.29,0.3,0.7,0.71,0.01,0.01,74699.29,1776328697000
1776328699.385,199.385,0.29,0.3,0.7,0.71,0.01,0.01,74699.3,1776328698000
1776328699.746,199.746,0.29,0.3,0.7,0.71,0.01,0.01,74699.3,1776328698000
1776328700.095,200.095,0.29,0.3,0.7,0.71,0.01,0.01,74699.3,1776328698000
1776328700.583,200.583,0.29,0.3,0.7,0.71,0.01,0.01,74699.29,1776328699000
1776328701.191,201.191,0.29,0.3,0.7,0.71,0.01,0.01,74699.29,1776328699000
1776328701.889,201.889,0.29,0.3,0.7,0.72,0.01,0.02,74699.29,1776328700000
1776328702.314,202.314,0.29,0.3,0.7,0.71,0.01,0.01,74699.29,1776328701000
1776328702.653,202.653,0.28,0.29,0.71,0.72,0.01,0.01,74699.29,1776328701000
1776328703.096,203.096,0.28,0.29,0.71,0.72,0.01,0.01,74699.29,1776328701000
1776328703.503,203.503,0.28,0.3,0.71,0.72,0.02,0.01,74699.29,1776328702000
1776328703.944,203.944,0.28,0.29,0.71,0.72,0.01,0.01,74699.28,1776328703000
1776328704.289,204.289,0.29,0.3,0.71,0.72,0.01,0.01,74699.28,1776328703000
1776328705.072,205.072,0.29,0.3,0.7,0.71,0.01,0.01,74699.28,1776328704000
1776328705.561,205.561,0.27,0.28,0.7,0.71,0.01,0.01,74699.28,1776328704000
1776328705.928,205.928,0.26,0.27,0.73,0.74,0.01,0.01,74699.28,1776328704000
1776328706.35,206.35,0.26,0.27,0.73,0.74,0.01,0.01,74699.28,1776328704000
1776328706.979,206.979,0.26,0.27,0.73,0.74,0.01,0.01,74699.26,1776328706000
1776328707.703,207.703,0.26,0.27,0.73,0.74,0.01,0.01,74699.26,1776328706000
1776328708.129,208.129,0.26,0.27,0.73,0.74,0.01,0.01,74699.26,1776328707000
1776328708.507,208.507,0.26,0.27,0.73,0.74,0.01,0.01,74699.26,1776328707000
1776328709.242,209.242,0.26,0.27,0.73,0.74,0.01,0.01,74699.04,1776328708000
1776328709.876,209.876,0.26,0.27,0.73,0.74,0.01,0.01,74699.04,1776328708000
1776328710.553,210.553,0.26,0.27,0.73,0.74,0.01,0.01,74699.04,1776328709000
1776328710.998,210.998,0.26,0.27,0.73,0.74,0.01,0.01,74699.04,1776328710000
1776328711.333,211.333,0.24,0.27,0.73,0.76,0.03,0.03,74699.04,1776328710000
1776328711.847,211.847,0.2,0.22,0.78,0.8,0.02,0.02,74699.04,1776328710000
1776328712.206,212.206,0.16,0.21,0.8,0.84,0.05,0.04,74694.81,1776328711000
1776328712.558,212.558,0.14,0.16,0.83,0.85,0.02,0.02,74694.81,1776328711000
1776328712.904,212.904,0.15,0.16,0.84,0.85,0.01,0.01,74694.81,1776328711000
1776328713.292,213.292,0.15,0.16,0.84,0.85,0.01,0.01,74687.51,1776328712000
1776328713.657,213.657,0.15,0.16,0.84,0.85,0.01,0.01,74687.51,1776328712000
1776328714.051,214.051,0.13,0.15,0.85,0.86,0.02,0.01,74687.51,1776328712000
1776328714.399,214.399,0.13,0.14,0.86,0.87,0.01,0.01,74687.51,1776328712000
1776328715.105,215.105,0.13,0.14,0.86,0.87,0.01,0.01,74686.56,1776328713000
1776328715.633,215.633,0.13,0.14,0.86,0.87,0.01,0.01,74687.0,1776328714000
1776328716.251,216.251,0.13,0.14,0.86,0.87,0.01,0.01,74686.23,1776328715000
1776328716.594,216.594,0.13,0.14,0.86,0.87,0.01,0.01,74686.23,1776328715000
1776328717.301,217.301,0.13,0.14,0.86,0.87,0.01,0.01,74685.98,1776328716000
1776328717.634,217.634,0.11,0.14,0.86,0.89,0.03,0.03,74685.98,1776328716000
1776328718.373,218.373,0.13,0.14,0.86,0.87,0.01,0.01,74685.92,1776328717000
1776328718.761,218.761,0.11,0.12,0.87,0.89,0.01,0.02,74685.92,1776328717000
1776328719.49,219.49,0.11,0.12,0.88,0.89,0.01,0.01,74685.65,1776328718000
1776328719.856,219.856,0.11,0.12,0.88,0.89,0.01,0.01,74685.65,1776328718000
1776328720.26,220.26,0.11,0.12,0.88,0.89,0.01,0.01,74685.94,1776328719000
1776328720.624,220.624,0.1,0.11,0.88,0.9,0.01,0.02,74685.94,1776328719000
1776328720.982,220.982,0.1,0.11,0.89,0.9,0.01,0.01,74685.58,1776328720000
1776328721.341,221.341,0.1,0.11,0.89,0.9,0.01,0.01,74685.58,1776328720000
1776328721.813,221.813,0.1,0.11,0.89,0.9,0.01,0.01,74685.58,1776328720000
1776328722.313,222.313,0.1,0.11,0.89,0.9,0.01,0.01,74681.99,1776328721000
1776328722.836,222.836,0.09,0.1,0.89,0.9,0.01,0.01,74681.99,1776328721000
1776328723.405,223.405,0.09,0.1,0.9,0.91,0.01,0.01,74678.51,1776328722000
1776328723.996,223.996,0.09,0.1,0.9,0.91,0.01,0.01,74678.51,1776328722000
1776328724.423,224.423,0.09,0.1,0.9,0.91,0.01,0.01,74683.06,1776328723000
1776328724.76,224.76,0.09,0.1,0.9,0.91,0.01,0.01,74683.06,1776328723000
1776328725.113,225.113,0.09,0.1,0.9,0.91,0.01,0.01,74683.06,1776328723000
1776328725.449,225.449,0.08,0.09,0.9,0.92,0.01,0.02,74675.75,1776328724000
1776328726.005,226.005,0.08,0.09,0.91,0.92,0.01,0.01,74675.75,1776328724000
1776328726.421,226.421,0.08,0.09,0.91,0.92,0.01,0.01,74675.75,1776328724000
1776328726.781,226.781,0.07,0.08,0.91,0.93,0.01,0.02,74675.75,1776328724000
1776328727.127,227.127,0.07,0.08,0.92,0.93,0.01,0.01,74668.05,1776328725000
1776328727.587,227.587,0.07,0.08,0.92,0.93,0.01,0.01,74667.33,1776328726000
1776328727.927,227.927,0.06,0.07,0.93,0.94,0.01,0.01,74667.33,1776328726000
1776328728.367,228.367,0.06,0.07,0.93,0.94,0.01,0.01,74668.13,1776328727000
1776328728.807,228.807,0.05,0.06,0.94,0.95,0.01,0.01,74668.13,1776328727000
1776328729.247,229.247,0.05,0.06,0.94,0.95,0.01,0.01,74668.13,1776328727000
1776328729.596,229.596,0.05,0.06,0.94,0.95,0.01,0.01,74670.67,1776328728000
1776328729.963,229.963,0.05,0.06,0.94,0.95,0.01,0.01,74670.67,1776328728000
1776328730.407,230.407,0.05,0.06,0.94,0.95,0.01,0.01,74670.67,1776328728000
1776328731.013,231.013,0.05,0.06,0.94,0.95,0.01,0.01,74670.48,1776328729000
1776328732.307,232.307,0.05,0.06,0.94,0.95,0.01,0.01,74666.83,1776328731000
1776328732.679,232.679,0.05,0.06,0.94,0.95,0.01,0.01,74666.83,1776328731000
1776328733.144,233.144,0.05,0.06,0.94,0.95,0.01,0.01,74666.83,1776328731000
1776328733.485,233.485,0.05,0.06,0.94,0.95,0.01,0.01,74666.83,1776328731000
1776328733.929,233.929,0.05,0.06,0.94,0.95,0.01,0.01,74668.39,1776328732000
1776328734.268,234.268,0.05,0.06,0.94,0.95,0.01,0.01,74668.57,1776328733000
1776328734.817,234.817,0.05,0.06,0.94,0.95,0.01,0.01,74668.57,1776328733000
1776328735.161,235.161,0.05,0.06,0.94,0.95,0.01,0.01,74668.57,1776328733000
1776328735.624,235.624,0.06,0.07,0.93,0.95,0.01,0.02,74672.55,1776328734000
1776328735.976,235.976,0.07,0.08,0.92,0.93,0.01,0.01,74672.56,1776328735000
1776328736.331,236.331,0.06,0.07,0.92,0.93,0.01,0.01,74672.56,1776328735000
1776328736.666,236.666,0.06,0.08,0.92,0.94,0.02,0.02,74672.56,1776328735000
1776328737.003,237.003,0.07,0.08,0.92,0.93,0.01,0.01,74672.56,1776328735000
1776328737.337,237.337,0.07,0.08,0.92,0.93,0.01,0.01,74672.51,1776328736000
1776328737.789,237.789,0.07,0.08,0.92,0.93,0.01,0.01,74672.51,1776328736000
1776328738.127,238.127,0.07,0.08,0.92,0.93,0.01,0.01,74675.91,1776328737000
1776328738.691,238.691,0.07,0.08,0.92,0.93,0.01,0.01,74675.91,1776328737000
1776328739.322,239.322,0.06,0.07,0.93,0.94,0.01,0.01,74675.91,1776328738000
1776328740.016,240.016,0.06,0.07,0.93,0.94,0.01,0.01,74675.91,1776328738000
1776328740.389,240.389,0.06,0.07,0.93,0.94,0.01,0.01,74675.91,1776328738000
1776328740.927,240.927,0.06,0.07,0.93,0.94,0.01,0.01,74675.91,1776328739000
1776328741.406,241.406,0.06,0.07,0.93,0.94,0.01,0.01,74675.94,1776328740000
1776328741.875,241.875,0.06,0.07,0.93,0.94,0.01,0.01,74675.94,1776328740000
1776328742.213,242.213,0.06,0.07,0.93,0.94,0.01,0.01,74675.94,1776328740000
1776328742.811,242.811,0.06,0.09,0.92,0.93,0.03,0.01,74675.94,1776328740000
1776328743.155,243.155,0.06,0.07,0.91,0.92,0.01,0.01,74675.94,1776328740000
1776328743.844,243.844,0.06,0.07,0.93,0.94,0.01,0.01,74675.96,1776328741000
1776328744.179,244.179,0.06,0.07,0.93,0.94,0.01,0.01,74675.96,1776328742000
1776328744.721,244.721,0.06,0.07,0.93,0.94,0.01,0.01,74675.96,1776328742000
1776328745.31,245.31,0.06,0.07,0.93,0.94,0.01,0.01,74675.96,1776328742000
1776328745.682,245.682,0.06,0.07,0.93,0.94,0.01,0.01,74676.18,1776328743000
1776328746.257,246.257,0.06,0.07,0.93,0.94,0.01,0.01,74676.18,1776328743000
1776328746.646,246.646,0.06,0.07,0.93,0.94,0.01,0.01,74676.04,1776328744000
1776328747.138,247.138,0.07,0.08,0.92,0.94,0.01,0.02,74676.04,1776328744000
1776328747.901,247.901,0.07,0.08,0.92,0.93,0.01,0.01,74677.42,1776328746000
1776328748.723,248.723,0.07,0.08,0.92,0.93,0.01,0.01,74677.42,1776328746000
1776328749.119,249.119,0.07,0.08,0.92,0.93,0.01,0.01,74677.42,1776328746000
1776328749.455,249.455,0.07,0.08,0.92,0.93,0.01,0.01,74677.43,1776328747000
1776328749.822,249.822,0.08,0.09,0.91,0.92,0.01,0.01,74677.43,1776328747000
1776328750.166,250.166,0.08,0.09,0.91,0.92,0.01,0.01,74677.55,1776328748000
1776328750.748,250.748,0.08,0.09,0.91,0.92,0.01,0.01,74677.55,1776328748000
1776328751.106,251.106,0.08,0.09,0.91,0.92,0.01,0.01,74677.85,1776328749000
1776328751.49,251.49,0.08,0.09,0.91,0.92,0.01,0.01,74677.85,1776328749000
1776328751.891,251.891,0.08,0.09,0.91,0.92,0.01,0.01,74677.85,1776328749000
1776328752.35,252.35,0.07,0.08,0.91,0.93,0.01,0.02,74677.85,1776328750000
1776328752.734,252.734,0.07,0.08,0.92,0.93,0.01,0.01,74677.85,1776328750000
1776328753.207,253.207,0.07,0.08,0.92,0.93,0.01,0.01,74678.26,1776328751000
1776328753.712,253.712,0.07,0.08,0.92,0.93,0.01,0.01,74678.26,1776328751000
1776328754.426,254.426,0.07,0.08,0.92,0.93,0.01,0.01,74681.27,1776328752000
1776328755.007,255.007,0.06,0.07,0.92,0.93,0.01,0.01,74680.8,1776328753000
1776328755.371,255.371,0.06,0.07,0.93,0.94,0.01,0.01,74680.8,1776328753000
1776328755.874,255.874,0.05,0.06,0.94,0.95,0.01,0.01,74680.79,1776328754000
1776328756.296,256.296,0.05,0.06,0.94,0.95,0.01,0.01,74680.79,1776328754000
1776328756.689,256.689,0.05,0.06,0.94,0.95,0.01,0.01,74680.79,1776328755000
1776328757.115,257.115,0.05,0.06,0.94,0.95,0.01,0.01,74680.79,1776328755000
1776328757.843,257.843,0.05,0.06,0.94,0.95,0.01,0.01,74680.79,1776328756000
1776328758.308,258.308,0.05,0.06,0.94,0.95,0.01,0.01,74680.79,1776328756000
1776328758.692,258.692,0.05,0.06,0.94,0.95,0.01,0.01,74680.44,1776328757000
1776328759.1,259.1,0.05,0.06,0.94,0.95,0.01,0.01,74680.44,1776328757000
1776328759.448,259.448,0.04,0.06,0.94,0.95,0.02,0.01,74680.44,1776328757000
1776328759.843,259.843,0.04,0.05,0.95,0.96,0.01,0.01,74680.25,1776328758000
1776328760.399,260.399,0.04,0.05,0.95,0.96,0.01,0.01,74679.68,1776328759000
1776328760.759,260.759,0.04,0.05,0.95,0.96,0.01,0.01,74679.68,1776328759000
1776328761.098,261.098,0.04,0.05,0.95,0.96,0.01,0.01,74679.65,1776328760000
1776328761.625,261.625,0.03,0.05,0.95,0.96,0.02,0.01,74679.65,1776328760000
1776328762.022,262.022,0.03,0.04,0.96,0.97,0.01,0.01,74679.65,1776328760000
1776328762.376,262.376,0.03,0.04,0.96,0.97,0.01,0.01,74679.65,1776328760000
1776328762.889,262.889,0.03,0.04,0.96,0.97,0.01,0.01,74678.44,1776328761000
1776328763.306,263.306,0.03,0.04,0.96,0.97,0.01,0.01,74678.47,1776328762000
1776328763.941,263.941,0.03,0.04,0.96,0.97,0.01,0.01,74678.47,1776328762000
1776328764.326,264.326,0.03,0.04,0.96,0.97,0.01,0.01,74678.47,1776328762000
1776328764.726,264.726,0.03,0.04,0.96,0.97,0.01,0.01,74678.47,1776328762000
1776328765.137,265.137,0.03,0.04,0.96,0.97,0.01,0.01,74678.7,1776328764000
1776328765.512,265.512,0.03,0.04,0.96,0.97,0.01,0.01,74678.7,1776328764000
1776328765.892,265.892,0.03,0.04,0.96,0.97,0.01,0.01,74678.7,1776328764000
1776328766.251,266.251,0.03,0.04,0.96,0.97,0.01,0.01,74678.7,1776328764000
1776328766.926,266.926,0.03,0.04,0.96,0.97,0.01,0.01,74678.77,1776328765000
1776328767.368,267.368,0.03,0.04,0.96,0.97,0.01,0.01,74678.77,1776328765000
1776328767.709,267.709,0.03,0.04,0.96,0.97,0.01,0.01,74679.55,1776328766000
1776328768.065,268.065,0.03,0.04,0.96,0.97,0.01,0.01,74676.38,1776328767000
1776328768.535,268.535,0.03,0.04,0.96,0.97,0.01,0.01,74676.38,1776328767000
1776328768.876,268.876,0.03,0.04,0.96,0.97,0.01,0.01,74676.38,1776328767000
1776328769.295,269.295,0.03,0.04,0.96,0.97,0.01,0.01,74676.06,1776328768000
1776328769.748,269.748,0.03,0.04,0.96,0.97,0.01,0.01,74676.06,1776328768000
1776328770.086,270.086,0.03,0.04,0.96,0.97,0.01,0.01,74676.06,1776328768000
1776328770.419,270.419,0.03,0.04,0.96,0.97,0.01,0.01,74678.35,1776328769000
1776328770.773,270.773,0.02,0.03,0.96,0.98,0.01,0.02,74678.35,1776328769000
1776328771.193,271.193,0.02,0.03,0.97,0.98,0.01,0.01,74678.35,1776328769000
1776328771.559,271.559,0.02,0.03,0.97,0.98,0.01,0.01,74678.36,1776328770000
1776328771.967,271.967,0.02,0.03,0.97,0.98,0.01,0.01,74678.35,1776328771000
1776328772.345,272.345,0.02,0.03,0.97,0.98,0.01,0.01,74678.35,1776328771000
1776328772.685,272.685,0.02,0.03,0.97,0.98,0.01,0.01,74678.35,1776328771000
1776328773.036,273.036,0.02,0.03,0.97,0.98,0.01,0.01,74678.35,1776328771000
1776328773.376,273.376,0.02,0.03,0.97,0.98,0.01,0.01,74678.26,1776328772000
1776328773.738,273.738,0.02,0.03,0.97,0.98,0.01,0.01,74678.26,1776328772000
1776328774.201,274.201,0.02,0.03,0.97,0.98,0.01,0.01,74678.15,1776328773000
1776328774.56,274.56,0.02,0.03,0.97,0.98,0.01,0.01,74678.15,1776328773000
1776328775.271,275.271,0.02,0.03,0.97,0.98,0.01,0.01,74678.15,1776328773000
1776328775.629,275.629,0.02,0.03,0.97,0.98,0.01,0.01,74668.87,1776328774000
1776328776.117,276.117,0.02,0.03,0.97,0.98,0.01,0.01,74668.78,1776328775000
1776328776.543,276.543,0.02,0.03,0.97,0.98,0.01,0.01,74668.78,1776328775000
1776328776.888,276.888,0.02,0.03,0.97,0.98,0.01,0.01,74668.78,1776328775000
1776328777.24,277.24,0.02,0.03,0.97,0.98,0.01,0.01,74670.73,1776328776000
1776328777.577,277.577,0.02,0.03,0.97,0.98,0.01,0.01,74670.73,1776328776000
1776328777.94,277.94,0.02,0.03,0.97,0.98,0.01,0.01,74670.73,1776328776000
1776328778.312,278.312,0.01,0.02,0.97,0.99,0.01,0.02,74670.73,1776328777000
1776328778.686,278.686,0.01,0.02,0.98,0.99,0.01,0.01,74670.73,1776328777000
1776328779.109,279.109,0.01,0.02,0.98,0.99,0.01,0.01,74670.73,1776328777000
1776328779.519,279.519,0.01,0.02,0.98,0.99,0.01,0.01,74670.73,1776328777000
1776328779.938,279.938,0.01,0.02,0.98,0.99,0.01,0.01,74670.73,1776328778000
1776328780.425,280.425,0.01,0.02,0.98,0.99,0.01,0.01,74670.73,1776328778000
1776328780.803,280.803,0.01,0.02,0.98,0.99,0.01,0.01,74670.73,1776328779000
1776328781.164,281.164,0.01,0.01,0.99,0.99,0.0,0.0,74670.73,1776328779000
1776328781.507,281.507,0.01,0.01,0.99,0.99,0.0,0.0,74670.73,1776328779000
1776328781.906,281.906,0.01,0.01,0.99,0.99,0.0,0.0,74670.61,1776328780000
1776328782.478,282.478,0.01,0.01,0.99,0.99,0.0,0.0,74670.61,1776328780000
1776328782.815,282.815,0.01,0.01,0.99,0.99,0.0,0.0,74670.61,1776328780000
1776328783.166,283.166,0.01,0.01,0.99,0.99,0.0,0.0,74670.62,1776328781000
1776328783.856,283.856,0.01,0.01,0.99,0.99,0.0,0.0,74675.39,1776328782000
1776328784.585,284.585,0.01,0.01,0.99,0.99,0.0,0.0,74675.66,1776328783000
1776328784.989,284.989,0.01,0.01,0.99,0.99,0.0,0.0,74675.66,1776328783000
1776328785.452,285.452,0.01,0.01,0.99,0.99,0.0,0.0,74675.66,1776328784000
1776328785.998,285.998,0.01,0.01,0.99,0.99,0.0,0.0,74675.66,1776328784000
1776328786.787,286.787,0.01,0.01,0.99,0.99,0.0,0.0,74674.5,1776328785000
1776328787.433,287.433,0.01,0.01,0.99,0.99,0.0,0.0,74674.5,1776328785000
1776328787.796,287.796,0.01,0.01,0.99,0.99,0.0,0.0,74674.67,1776328786000
1776328788.465,288.465,0.01,0.01,0.99,0.99,0.0,0.0,74674.93,1776328787000
1776328789.355,289.355,0.01,0.01,0.99,0.99,0.0,0.0,74674.93,1776328787000
1776328790.385,290.385,0.01,0.01,0.99,0.99,0.0,0.0,74676.1,1776328789000
1776328790.756,290.756,0.01,0.01,0.99,0.99,0.0,0.0,74676.1,1776328789000
1776328791.426,291.426,0.01,0.01,0.99,0.99,0.0,0.0,74676.42,1776328790000
1776328792.172,292.172,0.01,0.01,0.99,0.99,0.0,0.0,74676.42,1776328790000
1776328792.903,292.903,0.01,0.01,0.99,0.99,0.0,0.0,74677.38,1776328791000
1776328793.681,293.681,0.01,0.01,0.99,0.99,0.0,0.0,74677.38,1776328792000
1776328794.432,294.432,0.01,0.01,0.99,0.99,0.0,0.0,74677.38,1776328793000
1776328795.263,295.263,0.01,0.01,0.99,0.99,0.0,0.0,74677.32,1776328794000
1776328795.753,295.753,0.01,0.01,0.99,0.99,0.0,0.0,74677.32,1776328794000
1776328796.594,296.594,0.01,0.01,0.99,0.99,0.0,0.0,74677.32,1776328795000
1776328797.408,297.408,0.01,0.01,0.99,0.99,0.0,0.0,74677.33,1776328796000
1776328798.08,298.08,0.01,0.01,0.99,0.99,0.0,0.0,74677.32,1776328797000
1776328799.497,299.497,0.01,0.01,0.99,0.99,0.0,0.0,74677.32,1776328797000
1776328800.191,300.191,0.01,0.01,0.99,0.99,0.0,0.0,74677.31,1776328799000
1776328800.725,300.725,0.01,0.01,0.99,0.99,0.0,0.0,74677.31,1776328799000

# RESULT,winner=Down,slug=btc-updown-5m-1776328500,ticks=648
