timestamp,elapsed_sec,up_bid,up_ask,down_bid,down_ask,up_spread,down_spread,btc_price,btc_oracle_ts
1776713700.568,0.568,0.51,0.52,0.48,0.49,0.01,0.01,76255.88,1776713699000
1776713700.979,0.979,0.51,0.52,0.48,0.49,0.01,0.01,76255.88,1776713699000
1776713701.451,1.451,0.44,0.45,0.55,0.56,0.01,0.01,76255.88,1776713699000
1776713701.852,1.852,0.4,0.41,0.59,0.6,0.01,0.01,76255.19,1776713700000
1776713702.186,2.186,0.4,0.41,0.59,0.6,0.01,0.01,76255.19,1776713700000
1776713702.526,2.526,0.38,0.4,0.6,0.61,0.02,0.01,76255.19,1776713700000
1776713702.873,2.873,0.38,0.39,0.61,0.62,0.01,0.01,76251.78,1776713701000
1776713703.357,3.357,0.39,0.4,0.6,0.62,0.01,0.02,76251.78,1776713701000
1776713704.009,4.009,0.39,0.4,0.6,0.61,0.01,0.01,76242.57,1776713702000
1776713704.39,4.39,0.39,0.4,0.6,0.61,0.01,0.01,76242.57,1776713702000
1776713704.792,4.792,0.39,0.4,0.6,0.61,0.01,0.01,76242.57,1776713702000
1776713705.153,5.153,0.37,0.38,0.62,0.63,0.01,0.01,76242.57,1776713702000
1776713705.681,5.681,0.37,0.38,0.62,0.63,0.01,0.01,76242.57,1776713702000
1776713706.116,6.116,0.36,0.37,0.63,0.64,0.01,0.01,76239.45,1776713704000
1776713706.542,6.542,0.36,0.37,0.63,0.64,0.01,0.01,76239.38,1776713705000
1776713706.946,6.946,0.36,0.37,0.63,0.64,0.01,0.01,76239.38,1776713705000
1776713707.348,7.348,0.36,0.37,0.63,0.64,0.01,0.01,76231.12,1776713706000
1776713707.746,7.746,0.36,0.37,0.63,0.64,0.01,0.01,76231.12,1776713706000
1776713708.261,8.261,0.36,0.37,0.63,0.64,0.01,0.01,76231.12,1776713706000
1776713708.612,8.612,0.51,0.52,0.48,0.52,0.01,0.04,76230.45,1776713707000
1776713708.967,8.967,0.51,0.52,0.48,0.49,0.01,0.01,76230.45,1776713707000
1776713709.334,9.334,0.51,0.52,0.48,0.49,0.01,0.01,76230.45,1776713707000
1776713709.872,9.872,0.44,0.45,0.55,0.56,0.01,0.01,76230.5,1776713708000
1776713710.243,10.243,0.44,0.45,0.55,0.56,0.01,0.01,76236.73,1776713709000
1776713710.722,10.722,0.43,0.44,0.56,0.57,0.01,0.01,76236.73,1776713709000
1776713711.182,11.182,0.43,0.44,0.56,0.57,0.01,0.01,76250.48,1776713710000
1776713711.635,11.635,0.43,0.44,0.56,0.57,0.01,0.01,76250.48,1776713710000
1776713712.081,12.081,0.46,0.47,0.53,0.54,0.01,0.01,76250.48,1776713710000
1776713712.517,12.517,0.46,0.47,0.53,0.54,0.01,0.01,76250.48,1776713710000
1776713712.94,12.94,0.47,0.48,0.52,0.54,0.01,0.02,76246.97,1776713711000
1776713713.428,13.428,0.48,0.49,0.51,0.52,0.01,0.01,76248.35,1776713712000
1776713713.934,13.934,0.51,0.52,0.48,0.49,0.01,0.01,76248.35,1776713712000
1776713714.367,14.367,0.51,0.52,0.48,0.49,0.01,0.01,76248.35,1776713712000
1776713714.707,14.707,0.51,0.52,0.48,0.49,0.01,0.01,76249.81,1776713713000
1776713715.128,15.128,0.51,0.53,0.47,0.49,0.02,0.02,76250.2,1776713714000
1776713715.461,15.461,0.52,0.53,0.47,0.48,0.01,0.01,76250.2,1776713714000
1776713715.826,15.826,0.52,0.53,0.47,0.48,0.01,0.01,76250.2,1776713714000
1776713716.163,16.163,0.52,0.53,0.47,0.48,0.01,0.01,76256.38,1776713715000
1776713716.658,16.658,0.52,0.53,0.47,0.48,0.01,0.01,76256.38,1776713715000
1776713716.991,16.991,0.52,0.53,0.47,0.48,0.01,0.01,76256.38,1776713715000
1776713717.438,17.438,0.53,0.54,0.46,0.47,0.01,0.01,76258.08,1776713716000
1776713717.791,17.791,0.53,0.54,0.46,0.47,0.01,0.01,76258.08,1776713716000
1776713718.132,18.132,0.53,0.54,0.46,0.47,0.01,0.01,76258.08,1776713716000
1776713718.833,18.833,0.53,0.54,0.46,0.47,0.01,0.01,76260.15,1776713717000
1776713719.22,19.22,0.53,0.54,0.46,0.47,0.01,0.01,76260.15,1776713717000
1776713719.69,19.69,0.52,0.54,0.46,0.48,0.02,0.02,76260.86,1776713718000
1776713720.05,20.05,0.52,0.53,0.47,0.48,0.01,0.01,76260.86,1776713718000
1776713720.455,20.455,0.52,0.53,0.47,0.48,0.01,0.01,76260.8,1776713719000
1776713720.894,20.894,0.52,0.53,0.47,0.48,0.01,0.01,76260.8,1776713719000
1776713721.289,21.289,0.52,0.53,0.47,0.48,0.01,0.01,76259.6,1776713720000
1776713721.662,21.662,0.52,0.53,0.47,0.48,0.01,0.01,76259.6,1776713720000
1776713722.009,22.009,0.53,0.54,0.46,0.47,0.01,0.01,76259.6,1776713720000
1776713722.411,22.411,0.53,0.54,0.46,0.47,0.01,0.01,76259.6,1776713720000
1776713722.759,22.759,0.53,0.54,0.46,0.47,0.01,0.01,76259.6,1776713720000
1776713723.393,23.393,0.54,0.55,0.45,0.47,0.01,0.02,76260.83,1776713721000
1776713723.765,23.765,0.54,0.55,0.45,0.46,0.01,0.01,76260.99,1776713722000
1776713724.15,24.15,0.54,0.55,0.45,0.46,0.01,0.01,76264.6,1776713723000
1776713724.621,24.621,0.52,0.55,0.45,0.46,0.03,0.01,76264.6,1776713723000
1776713725.086,25.086,0.53,0.54,0.46,0.47,0.01,0.01,76264.6,1776713723000
1776713725.518,25.518,0.53,0.54,0.46,0.47,0.01,0.01,76264.6,1776713723000
1776713725.961,25.961,0.53,0.54,0.46,0.47,0.01,0.01,76264.6,1776713723000
1776713726.296,26.296,0.53,0.54,0.46,0.47,0.01,0.01,76265.75,1776713725000
1776713726.678,26.678,0.53,0.54,0.46,0.47,0.01,0.01,76265.75,1776713725000
1776713727.132,27.132,0.53,0.55,0.46,0.47,0.02,0.01,76265.75,1776713725000
1776713727.465,27.465,0.53,0.55,0.46,0.47,0.02,0.01,76265.75,1776713725000
1776713727.85,27.85,0.55,0.56,0.44,0.45,0.01,0.01,76265.8,1776713726000
1776713728.303,28.303,0.55,0.56,0.44,0.45,0.01,0.01,76266.08,1776713727000
1776713728.654,28.654,0.55,0.56,0.44,0.45,0.01,0.01,76266.08,1776713727000
1776713729.207,29.207,0.54,0.56,0.44,0.45,0.02,0.01,76266.08,1776713727000
1776713729.712,29.712,0.54,0.55,0.45,0.46,0.01,0.01,76266.08,1776713727000
1776713730.16,30.16,0.54,0.55,0.45,0.46,0.01,0.01,76266.68,1776713728000
1776713730.586,30.586,0.54,0.55,0.45,0.46,0.01,0.01,76266.94,1776713729000
1776713731.149,31.149,0.54,0.55,0.45,0.46,0.01,0.01,76266.94,1776713729000
1776713731.622,31.622,0.53,0.54,0.46,0.47,0.01,0.01,76266.94,1776713729000
1776713732.012,32.012,0.53,0.54,0.46,0.47,0.01,0.01,76266.69,1776713730000
1776713732.373,32.373,0.53,0.54,0.46,0.47,0.01,0.01,76266.69,1776713730000
1776713732.746,32.746,0.52,0.53,0.47,0.48,0.01,0.01,76265.43,1776713731000
1776713733.32,33.32,0.52,0.53,0.47,0.49,0.01,0.02,76265.21,1776713732000
1776713733.693,33.693,0.51,0.52,0.47,0.49,0.01,0.02,76265.21,1776713732000
1776713734.152,34.152,0.51,0.52,0.48,0.49,0.01,0.01,76265.21,1776713732000
1776713734.565,34.565,0.5,0.51,0.49,0.5,0.01,0.01,76265.21,1776713732000
1776713735.021,35.021,0.5,0.51,0.49,0.5,0.01,0.01,76262.89,1776713733000
1776713735.533,35.533,0.5,0.51,0.49,0.5,0.01,0.01,76262.37,1776713734000
1776713735.898,35.898,0.52,0.53,0.47,0.49,0.01,0.02,76262.37,1776713734000
1776713736.323,36.323,0.52,0.53,0.47,0.48,0.01,0.01,76262.37,1776713734000
1776713736.736,36.736,0.52,0.53,0.47,0.48,0.01,0.01,76262.35,1776713735000
1776713737.124,37.124,0.52,0.53,0.47,0.48,0.01,0.01,76262.35,1776713735000
1776713737.467,37.467,0.52,0.53,0.47,0.48,0.01,0.01,76263.45,1776713736000
1776713737.838,37.838,0.52,0.53,0.47,0.48,0.01,0.01,76263.45,1776713736000
1776713738.197,38.197,0.53,0.54,0.47,0.48,0.01,0.01,76263.45,1776713736000
1776713738.565,38.565,0.54,0.55,0.45,0.46,0.01,0.01,76263.45,1776713736000
1776713739.332,39.332,0.54,0.55,0.45,0.46,0.01,0.01,76264.01,1776713737000
1776713739.707,39.707,0.54,0.55,0.45,0.46,0.01,0.01,76264.02,1776713738000
1776713740.072,40.072,0.55,0.56,0.44,0.45,0.01,0.01,76264.02,1776713738000
1776713740.779,40.779,0.55,0.56,0.44,0.45,0.01,0.01,76264.49,1776713739000
1776713741.15,41.15,0.55,0.56,0.44,0.45,0.01,0.01,76264.49,1776713739000
1776713741.623,41.623,0.55,0.56,0.44,0.45,0.01,0.01,76266.14,1776713740000
1776713742.015,42.015,0.55,0.56,0.44,0.45,0.01,0.01,76266.14,1776713740000
1776713742.648,42.648,0.55,0.56,0.44,0.45,0.01,0.01,76266.78,1776713741000
1776713743.738,43.738,0.55,0.56,0.44,0.45,0.01,0.01,76266.69,1776713742000
1776713744.274,44.274,0.54,0.56,0.44,0.45,0.02,0.01,76266.69,1776713742000
1776713744.941,44.941,0.54,0.55,0.45,0.46,0.01,0.01,76266.69,1776713743000
1776713745.292,45.292,0.54,0.55,0.45,0.46,0.01,0.01,76266.72,1776713744000
1776713745.641,45.641,0.54,0.55,0.45,0.46,0.01,0.01,76266.72,1776713744000
1776713746.39,46.39,0.54,0.55,0.45,0.46,0.01,0.01,76265.81,1776713745000
1776713746.824,46.824,0.54,0.55,0.45,0.46,0.01,0.01,76265.81,1776713745000
1776713747.414,47.414,0.54,0.55,0.45,0.46,0.01,0.01,76265.81,1776713745000
1776713748.044,48.044,0.54,0.55,0.45,0.46,0.01,0.01,76265.77,1776713746000
1776713748.402,48.402,0.54,0.55,0.45,0.46,0.01,0.01,76265.75,1776713747000
1776713748.78,48.78,0.54,0.55,0.45,0.46,0.01,0.01,76265.75,1776713747000
1776713749.748,49.748,0.54,0.55,0.45,0.46,0.01,0.01,76265.75,1776713748000
1776713750.138,50.138,0.54,0.55,0.45,0.46,0.01,0.01,76265.75,1776713748000
1776713750.622,50.622,0.54,0.55,0.45,0.46,0.01,0.01,76265.81,1776713749000
1776713751.034,51.034,0.54,0.55,0.45,0.46,0.01,0.01,76265.81,1776713749000
1776713751.429,51.429,0.54,0.55,0.45,0.46,0.01,0.01,76265.84,1776713750000
1776713752.145,52.145,0.54,0.56,0.44,0.46,0.02,0.02,76265.84,1776713751000
1776713752.544,52.544,0.55,0.56,0.44,0.45,0.01,0.01,76265.84,1776713751000
1776713752.972,52.972,0.55,0.56,0.44,0.45,0.01,0.01,76265.84,1776713751000
1776713753.541,53.541,0.55,0.56,0.44,0.45,0.01,0.01,76265.84,1776713751000
1776713754.153,54.153,0.55,0.56,0.44,0.45,0.01,0.01,76265.39,1776713752000
1776713754.67,54.67,0.55,0.56,0.44,0.45,0.01,0.01,76265.43,1776713753000
1776713755.633,55.633,0.55,0.57,0.43,0.45,0.02,0.02,76265.99,1776713754000
1776713756.141,56.141,0.56,0.57,0.43,0.44,0.01,0.01,76265.99,1776713754000
1776713756.593,56.593,0.56,0.57,0.43,0.44,0.01,0.01,76266.21,1776713755000
1776713756.991,56.991,0.56,0.57,0.43,0.44,0.01,0.01,76266.21,1776713755000
1776713757.434,57.434,0.56,0.58,0.43,0.44,0.02,0.01,76266.21,1776713756000
1776713757.921,57.921,0.57,0.58,0.42,0.43,0.01,0.01,76266.21,1776713756000
1776713758.309,58.309,0.57,0.58,0.42,0.43,0.01,0.01,76266.21,1776713756000
1776713759.142,59.142,0.57,0.58,0.42,0.43,0.01,0.01,76268.41,1776713758000
1776713760.053,60.053,0.57,0.58,0.42,0.43,0.01,0.01,76268.41,1776713758000
1776713760.477,60.477,0.57,0.58,0.42,0.43,0.01,0.01,76268.41,1776713758000
1776713760.958,60.958,0.57,0.58,0.42,0.43,0.01,0.01,76269.58,1776713759000
1776713761.38,61.38,0.57,0.58,0.41,0.43,0.01,0.02,76269.58,1776713759000
1776713761.742,61.742,0.57,0.58,0.42,0.43,0.01,0.01,76269.58,1776713759000
1776713762.116,62.116,0.57,0.58,0.42,0.43,0.01,0.01,76270.91,1776713760000
1776713762.483,62.483,0.57,0.59,0.41,0.43,0.02,0.02,76271.77,1776713761000
1776713763.046,63.046,0.58,0.59,0.41,0.42,0.01,0.01,76271.77,1776713761000
1776713763.514,63.514,0.58,0.59,0.41,0.42,0.01,0.01,76273.38,1776713762000
1776713764.008,64.008,0.58,0.59,0.41,0.42,0.01,0.01,76273.38,1776713762000
1776713764.369,64.369,0.58,0.59,0.41,0.42,0.01,0.01,76273.38,1776713762000
1776713765.13,65.13,0.58,0.59,0.41,0.42,0.01,0.01,76273.72,1776713764000
1776713765.58,65.58,0.58,0.59,0.41,0.42,0.01,0.01,76273.72,1776713764000
1776713766.112,66.112,0.58,0.59,0.41,0.42,0.01,0.01,76273.64,1776713765000
1776713766.473,66.473,0.58,0.59,0.41,0.42,0.01,0.01,76273.64,1776713765000
1776713766.83,66.83,0.58,0.59,0.41,0.42,0.01,0.01,76273.64,1776713765000
1776713767.171,67.171,0.59,0.6,0.41,0.42,0.01,0.01,76273.64,1776713765000
1776713767.563,67.563,0.59,0.6,0.4,0.41,0.01,0.01,76273.64,1776713766000
1776713767.897,67.897,0.59,0.6,0.4,0.41,0.01,0.01,76273.64,1776713766000
1776713768.251,68.251,0.59,0.6,0.4,0.41,0.01,0.01,76273.64,1776713766000
1776713768.667,68.667,0.6,0.61,0.39,0.4,0.01,0.01,76273.53,1776713767000
1776713769.044,69.044,0.62,0.63,0.37,0.39,0.01,0.02,76273.53,1776713768000
1776713769.512,69.512,0.62,0.63,0.37,0.38,0.01,0.01,76273.53,1776713768000
1776713769.854,69.854,0.62,0.63,0.37,0.38,0.01,0.01,76273.53,1776713768000
1776713770.257,70.257,0.62,0.63,0.37,0.38,0.01,0.01,76275.67,1776713769000
1776713770.667,70.667,0.61,0.62,0.38,0.39,0.01,0.01,76275.67,1776713769000
1776713771.029,71.029,0.61,0.62,0.38,0.39,0.01,0.01,76275.67,1776713769000
1776713771.381,71.381,0.62,0.63,0.37,0.39,0.01,0.02,76278.28,1776713770000
1776713771.85,71.85,0.62,0.63,0.37,0.38,0.01,0.01,76278.28,1776713770000
1776713772.282,72.282,0.62,0.63,0.37,0.38,0.01,0.01,76278.28,1776713770000
1776713772.653,72.653,0.62,0.63,0.37,0.38,0.01,0.01,76279.19,1776713771000
1776713773.111,73.111,0.62,0.63,0.37,0.38,0.01,0.01,76279.19,1776713771000
1776713773.537,73.537,0.62,0.63,0.37,0.38,0.01,0.01,76279.78,1776713772000
1776713773.955,73.955,0.62,0.63,0.37,0.38,0.01,0.01,76279.78,1776713772000
1776713774.388,74.388,0.63,0.64,0.36,0.38,0.01,0.02,76280.96,1776713773000
1776713774.741,74.741,0.63,0.64,0.36,0.37,0.01,0.01,76280.96,1776713773000
1776713775.145,75.145,0.63,0.64,0.36,0.37,0.01,0.01,76280.97,1776713774000
1776713775.524,75.524,0.62,0.63,0.37,0.38,0.01,0.01,76280.97,1776713774000
1776713776.101,76.101,0.62,0.63,0.37,0.38,0.01,0.01,76280.97,1776713774000
1776713776.473,76.473,0.62,0.63,0.37,0.38,0.01,0.01,76280.97,1776713774000
1776713776.853,76.853,0.62,0.63,0.37,0.38,0.01,0.01,76280.97,1776713774000
1776713777.252,77.252,0.62,0.63,0.37,0.38,0.01,0.01,76283.8,1776713775000
1776713777.727,77.727,0.62,0.63,0.37,0.38,0.01,0.01,76283.8,1776713776000
1776713778.215,78.215,0.62,0.63,0.37,0.38,0.01,0.01,76283.8,1776713776000
1776713778.62,78.62,0.62,0.63,0.37,0.38,0.01,0.01,76283.4,1776713777000
1776713778.978,78.978,0.62,0.63,0.37,0.38,0.01,0.01,76283.4,1776713777000
1776713779.368,79.368,0.63,0.64,0.36,0.37,0.01,0.01,76283.4,1776713777000
1776713779.743,79.743,0.63,0.64,0.36,0.37,0.01,0.01,76283.4,1776713777000
1776713780.082,80.082,0.63,0.64,0.36,0.37,0.01,0.01,76283.5,1776713778000
1776713780.462,80.462,0.62,0.64,0.36,0.37,0.02,0.01,76283.5,1776713778000
1776713780.826,80.826,0.62,0.63,0.36,0.38,0.01,0.02,76283.5,1776713778000
1776713781.291,81.291,0.62,0.63,0.37,0.38,0.01,0.01,76283.5,1776713778000
1776713781.647,81.647,0.62,0.63,0.37,0.38,0.01,0.01,76283.5,1776713778000
1776713781.982,81.982,0.61,0.63,0.38,0.39,0.02,0.01,76283.71,1776713780000
1776713782.345,82.345,0.62,0.63,0.37,0.38,0.01,0.01,76283.71,1776713780000
1776713782.816,82.816,0.62,0.63,0.37,0.38,0.01,0.01,76283.73,1776713781000
1776713783.163,83.163,0.62,0.63,0.37,0.38,0.01,0.01,76283.73,1776713781000
1776713783.727,83.727,0.63,0.64,0.36,0.37,0.01,0.01,76283.41,1776713782000
1776713784.126,84.126,0.63,0.64,0.36,0.37,0.01,0.01,76283.4,1776713783000
1776713784.627,84.627,0.63,0.64,0.36,0.37,0.01,0.01,76283.4,1776713783000
1776713784.998,84.998,0.63,0.64,0.36,0.37,0.01,0.01,76283.4,1776713783000
1776713785.458,85.458,0.63,0.64,0.36,0.37,0.01,0.01,76283.26,1776713784000
1776713785.797,85.797,0.63,0.64,0.36,0.37,0.01,0.01,76283.26,1776713784000
1776713786.271,86.271,0.63,0.64,0.36,0.37,0.01,0.01,76283.26,1776713784000
1776713786.68,86.68,0.63,0.64,0.36,0.37,0.01,0.01,76283.26,1776713785000
1776713787.082,87.082,0.63,0.65,0.36,0.37,0.02,0.01,76283.26,1776713785000
1776713787.51,87.51,0.64,0.65,0.35,0.36,0.01,0.01,76283.31,1776713786000
1776713787.894,87.894,0.65,0.66,0.34,0.35,0.01,0.01,76283.31,1776713786000
1776713788.254,88.254,0.65,0.66,0.34,0.35,0.01,0.01,76283.3,1776713787000
1776713788.592,88.592,0.65,0.66,0.34,0.35,0.01,0.01,76283.3,1776713787000
1776713789.005,89.005,0.65,0.66,0.34,0.35,0.01,0.01,76283.3,1776713787000
1776713789.352,89.352,0.65,0.66,0.34,0.35,0.01,0.01,76283.3,1776713787000
1776713789.744,89.744,0.65,0.66,0.34,0.35,0.01,0.01,76284.69,1776713788000
1776713790.081,90.081,0.65,0.66,0.34,0.35,0.01,0.01,76284.94,1776713789000
1776713790.424,90.424,0.65,0.66,0.34,0.35,0.01,0.01,76284.94,1776713789000
1776713790.788,90.788,0.65,0.66,0.34,0.35,0.01,0.01,76284.94,1776713789000
1776713791.152,91.152,0.65,0.66,0.34,0.35,0.01,0.01,76286.09,1776713790000
1776713791.702,91.702,0.65,0.66,0.34,0.35,0.01,0.01,76286.09,1776713790000
1776713792.249,92.249,0.65,0.66,0.34,0.35,0.01,0.01,76286.09,1776713790000
1776713792.657,92.657,0.65,0.66,0.34,0.35,0.01,0.01,76284.5,1776713791000
1776713793.109,93.109,0.65,0.66,0.34,0.35,0.01,0.01,76284.5,1776713791000
1776713793.545,93.545,0.65,0.66,0.34,0.35,0.01,0.01,76284.5,1776713791000
1776713794.259,94.259,0.66,0.67,0.33,0.34,0.01,0.01,76284.28,1776713792000
1776713794.597,94.597,0.62,0.66,0.34,0.38,0.04,0.04,76284.26,1776713793000
1776713794.965,94.965,0.63,0.64,0.36,0.37,0.01,0.01,76284.26,1776713793000
1776713795.524,95.524,0.63,0.64,0.36,0.37,0.01,0.01,76284.43,1776713794000
1776713795.91,95.91,0.63,0.64,0.36,0.37,0.01,0.01,76284.43,1776713794000
1776713796.277,96.277,0.62,0.63,0.36,0.38,0.01,0.02,76284.0,1776713795000
1776713796.731,96.731,0.62,0.63,0.37,0.38,0.01,0.01,76284.0,1776713795000
1776713797.102,97.102,0.62,0.63,0.37,0.38,0.01,0.01,76284.0,1776713795000
1776713797.44,97.44,0.62,0.63,0.37,0.38,0.01,0.01,76282.47,1776713796000
1776713797.802,97.802,0.62,0.63,0.37,0.38,0.01,0.01,76282.47,1776713796000
1776713798.143,98.143,0.61,0.62,0.38,0.39,0.01,0.01,76282.47,1776713796000
1776713798.552,98.552,0.61,0.62,0.38,0.39,0.01,0.01,76283.24,1776713797000
1776713798.952,98.952,0.61,0.62,0.38,0.39,0.01,0.01,76283.24,1776713797000
1776713799.411,99.411,0.61,0.62,0.38,0.39,0.01,0.01,76282.33,1776713798000
1776713799.866,99.866,0.61,0.62,0.38,0.39,0.01,0.01,76282.33,1776713798000
1776713800.207,100.207,0.57,0.58,0.42,0.43,0.01,0.01,76282.33,1776713798000
1776713800.558,100.558,0.56,0.57,0.43,0.44,0.01,0.01,76278.51,1776713799000
1776713800.948,100.948,0.55,0.56,0.44,0.45,0.01,0.01,76278.51,1776713799000
1776713801.43,101.43,0.54,0.55,0.45,0.46,0.01,0.01,76276.91,1776713800000
1776713801.779,101.779,0.54,0.55,0.45,0.46,0.01,0.01,76276.91,1776713800000
1776713802.153,102.153,0.54,0.55,0.45,0.46,0.01,0.01,76276.91,1776713800000
1776713802.541,102.541,0.54,0.55,0.45,0.46,0.01,0.01,76267.49,1776713801000
1776713803.026,103.026,0.51,0.55,0.45,0.46,0.04,0.01,76267.49,1776713801000
1776713803.377,103.377,0.45,0.47,0.53,0.55,0.02,0.02,76266.19,1776713802000
1776713803.712,103.712,0.46,0.47,0.53,0.55,0.01,0.02,76266.19,1776713802000
1776713804.072,104.072,0.46,0.47,0.53,0.54,0.01,0.01,76266.23,1776713803000
1776713804.468,104.468,0.45,0.46,0.53,0.54,0.01,0.01,76266.23,1776713803000
1776713804.808,104.808,0.45,0.46,0.54,0.55,0.01,0.01,76266.23,1776713803000
1776713805.295,105.295,0.45,0.46,0.54,0.55,0.01,0.01,76256.37,1776713804000
1776713805.635,105.635,0.45,0.46,0.54,0.55,0.01,0.01,76256.37,1776713804000
1776713806.01,106.01,0.45,0.46,0.54,0.55,0.01,0.01,76256.37,1776713804000
1776713806.448,106.448,0.45,0.46,0.54,0.55,0.01,0.01,76254.76,1776713805000
1776713806.796,106.796,0.45,0.46,0.54,0.55,0.01,0.01,76254.76,1776713805000
1776713807.145,107.145,0.45,0.46,0.54,0.55,0.01,0.01,76254.76,1776713805000
1776713807.524,107.524,0.45,0.46,0.54,0.55,0.01,0.01,76254.76,1776713805000
1776713807.985,107.985,0.45,0.46,0.54,0.55,0.01,0.01,76254.81,1776713806000
1776713808.334,108.334,0.45,0.46,0.54,0.55,0.01,0.01,76254.69,1776713807000
1776713808.702,108.702,0.45,0.46,0.54,0.55,0.01,0.01,76254.69,1776713807000
1776713809.13,109.13,0.45,0.46,0.54,0.55,0.01,0.01,76254.69,1776713807000
1776713809.469,109.469,0.45,0.46,0.54,0.55,0.01,0.01,76254.59,1776713808000
1776713809.86,109.86,0.45,0.46,0.54,0.55,0.01,0.01,76254.59,1776713808000
1776713810.199,110.199,0.45,0.46,0.54,0.55,0.01,0.01,76253.7,1776713809000
1776713810.682,110.682,0.45,0.46,0.52,0.55,0.01,0.03,76253.7,1776713809000
1776713811.026,111.026,0.45,0.47,0.54,0.55,0.02,0.01,76253.7,1776713809000
1776713811.404,111.404,0.46,0.47,0.53,0.54,0.01,0.01,76254.12,1776713810000
1776713812.096,112.096,0.48,0.49,0.53,0.54,0.01,0.01,76254.12,1776713810000
1776713812.472,112.472,0.54,0.55,0.45,0.46,0.01,0.01,76255.01,1776713811000
1776713812.811,112.811,0.55,0.56,0.44,0.45,0.01,0.01,76255.01,1776713811000
1776713813.322,113.322,0.55,0.56,0.44,0.45,0.01,0.01,76255.04,1776713812000
1776713813.664,113.664,0.55,0.59,0.41,0.45,0.04,0.04,76255.04,1776713812000
1776713813.999,113.999,0.6,0.61,0.39,0.4,0.01,0.01,76255.04,1776713812000
1776713814.397,114.397,0.6,0.61,0.39,0.4,0.01,0.01,76258.21,1776713813000
1776713814.82,114.82,0.6,0.61,0.39,0.4,0.01,0.01,76258.21,1776713813000
1776713815.207,115.207,0.6,0.61,0.39,0.4,0.01,0.01,76263.23,1776713814000
1776713815.92,115.92,0.6,0.61,0.39,0.4,0.01,0.01,76263.23,1776713814000
1776713816.581,116.581,0.6,0.61,0.39,0.4,0.01,0.01,76266.38,1776713815000
1776713816.921,116.921,0.6,0.61,0.39,0.4,0.01,0.01,76266.38,1776713815000
1776713817.259,117.259,0.6,0.61,0.39,0.4,0.01,0.01,76267.19,1776713816000
1776713817.605,117.605,0.58,0.6,0.41,0.42,0.02,0.01,76267.19,1776713816000
1776713818.023,118.023,0.58,0.59,0.41,0.42,0.01,0.01,76267.19,1776713816000
1776713818.449,118.449,0.58,0.59,0.41,0.42,0.01,0.01,76267.19,1776713817000
1776713818.854,118.854,0.58,0.59,0.41,0.42,0.01,0.01,76267.19,1776713817000
1776713819.431,119.431,0.58,0.59,0.41,0.42,0.01,0.01,76267.08,1776713818000
1776713819.929,119.929,0.55,0.56,0.44,0.45,0.01,0.01,76267.08,1776713818000
1776713820.436,120.436,0.55,0.56,0.44,0.45,0.01,0.01,76266.6,1776713819000
1776713820.94,120.94,0.55,0.56,0.44,0.45,0.01,0.01,76266.6,1776713819000
1776713821.357,121.357,0.55,0.56,0.44,0.45,0.01,0.01,76264.96,1776713820000
1776713821.692,121.692,0.55,0.56,0.44,0.45,0.01,0.01,76264.96,1776713820000
1776713822.047,122.047,0.55,0.56,0.44,0.45,0.01,0.01,76264.96,1776713820000
1776713822.408,122.408,0.55,0.56,0.44,0.45,0.01,0.01,76264.55,1776713821000
1776713822.866,122.866,0.55,0.56,0.44,0.45,0.01,0.01,76264.55,1776713821000
1776713823.292,123.292,0.55,0.56,0.44,0.45,0.01,0.01,76264.41,1776713822000
1776713823.844,123.844,0.55,0.56,0.44,0.45,0.01,0.01,76264.41,1776713822000
1776713824.276,124.276,0.55,0.57,0.43,0.45,0.02,0.02,76263.53,1776713823000
1776713824.731,124.731,0.56,0.57,0.43,0.44,0.01,0.01,76263.53,1776713823000
1776713825.167,125.167,0.56,0.57,0.43,0.44,0.01,0.01,76263.65,1776713824000
1776713825.608,125.608,0.6,0.61,0.39,0.4,0.01,0.01,76263.65,1776713824000
1776713825.978,125.978,0.6,0.61,0.39,0.4,0.01,0.01,76264.7,1776713825000
1776713826.427,126.427,0.6,0.61,0.39,0.4,0.01,0.01,76264.7,1776713825000
1776713827.27,127.27,0.6,0.61,0.39,0.4,0.01,0.01,76264.7,1776713825000
1776713827.729,127.729,0.61,0.62,0.38,0.39,0.01,0.01,76266.35,1776713826000
1776713828.133,128.133,0.61,0.62,0.38,0.39,0.01,0.01,76266.35,1776713826000
1776713828.553,128.553,0.61,0.62,0.38,0.39,0.01,0.01,76269.23,1776713827000
1776713828.958,128.958,0.61,0.62,0.38,0.39,0.01,0.01,76269.23,1776713827000
1776713829.704,129.704,0.6,0.61,0.39,0.4,0.01,0.01,76269.29,1776713828000
1776713830.148,130.148,0.6,0.61,0.39,0.4,0.01,0.01,76269.29,1776713828000
1776713830.635,130.635,0.6,0.61,0.39,0.4,0.01,0.01,76270.78,1776713829000
1776713831.218,131.218,0.6,0.61,0.39,0.4,0.01,0.01,76270.79,1776713830000
1776713831.637,131.637,0.6,0.61,0.39,0.4,0.01,0.01,76270.79,1776713830000
1776713832.275,132.275,0.6,0.61,0.39,0.4,0.01,0.01,76270.79,1776713830000
1776713832.934,132.934,0.6,0.61,0.39,0.4,0.01,0.01,76270.8,1776713831000
1776713833.416,133.416,0.6,0.61,0.39,0.4,0.01,0.01,76270.8,1776713832000
1776713833.787,133.787,0.6,0.61,0.39,0.4,0.01,0.01,76270.8,1776713832000
1776713834.23,134.23,0.6,0.61,0.39,0.4,0.01,0.01,76270.8,1776713832000
1776713834.681,134.681,0.58,0.59,0.41,0.42,0.01,0.01,76270.82,1776713833000
1776713835.094,135.094,0.58,0.59,0.41,0.42,0.01,0.01,76270.82,1776713833000
1776713835.46,135.46,0.57,0.58,0.42,0.43,0.01,0.01,76270.83,1776713834000
1776713835.937,135.937,0.57,0.58,0.42,0.43,0.01,0.01,76270.83,1776713834000
1776713836.393,136.393,0.57,0.58,0.42,0.43,0.01,0.01,76269.66,1776713835000
1776713836.746,136.746,0.57,0.58,0.42,0.43,0.01,0.01,76269.66,1776713835000
1776713837.255,137.255,0.57,0.58,0.42,0.43,0.01,0.01,76268.73,1776713836000
1776713837.962,137.962,0.57,0.58,0.42,0.43,0.01,0.01,76268.73,1776713836000
1776713838.296,138.296,0.57,0.58,0.42,0.43,0.01,0.01,76267.48,1776713837000
1776713838.788,138.788,0.57,0.58,0.42,0.43,0.01,0.01,76267.48,1776713837000
1776713839.194,139.194,0.58,0.59,0.41,0.42,0.01,0.01,76267.48,1776713837000
1776713839.538,139.538,0.59,0.6,0.4,0.42,0.01,0.02,76267.45,1776713838000
1776713840.179,140.179,0.6,0.61,0.4,0.41,0.01,0.01,76267.45,1776713838000
1776713840.851,140.851,0.61,0.62,0.38,0.39,0.01,0.01,76267.17,1776713839000
1776713841.205,141.205,0.59,0.6,0.4,0.41,0.01,0.01,76267.17,1776713839000
1776713841.587,141.587,0.59,0.6,0.4,0.41,0.01,0.01,76267.52,1776713840000
1776713841.93,141.93,0.58,0.59,0.4,0.42,0.01,0.02,76267.52,1776713840000
1776713842.306,142.306,0.58,0.59,0.41,0.42,0.01,0.01,76268.23,1776713841000
1776713842.651,142.651,0.58,0.59,0.41,0.42,0.01,0.01,76268.23,1776713841000
1776713843.148,143.148,0.58,0.59,0.41,0.42,0.01,0.01,76268.23,1776713841000
1776713843.487,143.487,0.58,0.59,0.41,0.42,0.01,0.01,76269.09,1776713842000
1776713844.035,144.035,0.58,0.59,0.41,0.42,0.01,0.01,76269.09,1776713842000
1776713844.861,144.861,0.58,0.59,0.41,0.42,0.01,0.01,76269.36,1776713843000
1776713845.206,145.206,0.58,0.59,0.41,0.42,0.01,0.01,76269.36,1776713844000
1776713845.796,145.796,0.58,0.59,0.41,0.42,0.01,0.01,76269.36,1776713844000
1776713846.183,146.183,0.58,0.59,0.41,0.42,0.01,0.01,76269.36,1776713844000
1776713846.523,146.523,0.58,0.59,0.41,0.42,0.01,0.01,76269.95,1776713845000
1776713847.058,147.058,0.58,0.59,0.41,0.42,0.01,0.01,76269.94,1776713846000
1776713847.447,147.447,0.58,0.59,0.41,0.42,0.01,0.01,76269.94,1776713846000
1776713847.805,147.805,0.58,0.59,0.41,0.42,0.01,0.01,76269.94,1776713846000
1776713848.188,148.188,0.59,0.6,0.4,0.41,0.01,0.01,76269.66,1776713847000
1776713848.583,148.583,0.59,0.6,0.4,0.41,0.01,0.01,76269.66,1776713847000
1776713848.958,148.958,0.59,0.6,0.4,0.41,0.01,0.01,76269.66,1776713847000
1776713849.702,149.702,0.59,0.6,0.4,0.41,0.01,0.01,76270.38,1776713848000
1776713850.143,150.143,0.59,0.6,0.4,0.41,0.01,0.01,76270.45,1776713849000
1776713850.574,150.574,0.59,0.6,0.4,0.41,0.01,0.01,76270.45,1776713849000
1776713851.025,151.025,0.59,0.6,0.4,0.41,0.01,0.01,76270.45,1776713849000
1776713851.753,151.753,0.6,0.61,0.4,0.41,0.01,0.01,76270.49,1776713850000
1776713852.291,152.291,0.6,0.61,0.39,0.4,0.01,0.01,76270.49,1776713850000
1776713852.721,152.721,0.6,0.61,0.39,0.4,0.01,0.01,76270.5,1776713851000
1776713853.207,153.207,0.6,0.61,0.39,0.41,0.01,0.02,76270.5,1776713851000
1776713853.56,153.56,0.59,0.6,0.39,0.41,0.01,0.02,76270.53,1776713852000
1776713853.989,153.989,0.59,0.61,0.4,0.41,0.02,0.01,76270.53,1776713852000
1776713854.352,154.352,0.6,0.61,0.39,0.4,0.01,0.01,76270.75,1776713853000
1776713854.951,154.951,0.6,0.61,0.39,0.4,0.01,0.01,76270.76,1776713854000
1776713855.405,155.405,0.61,0.62,0.39,0.4,0.01,0.01,76270.76,1776713854000
1776713856.025,156.025,0.61,0.62,0.38,0.39,0.01,0.01,76271.1,1776713855000
1776713856.747,156.747,0.61,0.62,0.38,0.39,0.01,0.01,76271.1,1776713855000
1776713857.206,157.206,0.61,0.62,0.38,0.39,0.01,0.01,76271.09,1776713856000
1776713857.714,157.714,0.61,0.62,0.38,0.39,0.01,0.01,76271.09,1776713856000
1776713858.13,158.13,0.61,0.62,0.38,0.39,0.01,0.01,76271.48,1776713857000
1776713858.507,158.507,0.62,0.63,0.37,0.38,0.01,0.01,76271.48,1776713857000
1776713859.053,159.053,0.62,0.63,0.37,0.38,0.01,0.01,76271.48,1776713857000
1776713859.482,159.482,0.62,0.64,0.37,0.38,0.02,0.01,76271.48,1776713857000
1776713859.839,159.839,0.63,0.64,0.36,0.37,0.01,0.01,76271.61,1776713858000
1776713860.347,160.347,0.63,0.65,0.36,0.37,0.02,0.01,76271.73,1776713859000
1776713860.734,160.734,0.64,0.65,0.35,0.36,0.01,0.01,76271.73,1776713859000
1776713861.22,161.22,0.66,0.67,0.33,0.34,0.01,0.01,76272.44,1776713860000
1776713861.744,161.744,0.66,0.67,0.33,0.34,0.01,0.01,76272.44,1776713860000
1776713862.153,162.153,0.66,0.68,0.33,0.34,0.02,0.01,76272.44,1776713860000
1776713862.505,162.505,0.67,0.68,0.32,0.33,0.01,0.01,76273.53,1776713861000
1776713862.915,162.915,0.67,0.68,0.32,0.33,0.01,0.01,76273.53,1776713861000
1776713863.319,163.319,0.67,0.68,0.32,0.33,0.01,0.01,76273.53,1776713861000
1776713863.939,163.939,0.67,0.68,0.32,0.33,0.01,0.01,76275.04,1776713862000
1776713864.29,164.29,0.67,0.68,0.32,0.33,0.01,0.01,76275.17,1776713863000
1776713864.702,164.702,0.67,0.68,0.32,0.33,0.01,0.01,76275.17,1776713863000
1776713865.203,165.203,0.67,0.68,0.32,0.33,0.01,0.01,76275.17,1776713863000
1776713865.755,165.755,0.67,0.68,0.32,0.33,0.01,0.01,76276.46,1776713864000
1776713866.236,166.236,0.67,0.68,0.32,0.33,0.01,0.01,76276.46,1776713864000
1776713867.159,167.159,0.67,0.68,0.32,0.33,0.01,0.01,76276.16,1776713865000
1776713868.216,168.216,0.67,0.68,0.32,0.33,0.01,0.01,76276.03,1776713866000
1776713868.622,168.622,0.67,0.68,0.32,0.33,0.01,0.01,76276.04,1776713867000
1776713869.319,169.319,0.67,0.68,0.32,0.33,0.01,0.01,76276.04,1776713867000
1776713869.655,169.655,0.66,0.67,0.32,0.34,0.01,0.02,76276.12,1776713868000
1776713869.996,169.996,0.65,0.66,0.34,0.35,0.01,0.01,76275.18,1776713869000
1776713871.029,171.029,0.65,0.66,0.34,0.35,0.01,0.01,76275.18,1776713869000
1776713871.537,171.537,0.65,0.66,0.34,0.35,0.01,0.01,76274.93,1776713870000
1776713872.011,172.011,0.63,0.64,0.36,0.37,0.01,0.01,76274.93,1776713870000
1776713872.348,172.348,0.62,0.63,0.37,0.38,0.01,0.01,76274.93,1776713870000
1776713872.695,172.695,0.6,0.61,0.39,0.4,0.01,0.01,76275.33,1776713871000
1776713873.083,173.083,0.6,0.61,0.39,0.4,0.01,0.01,76275.33,1776713871000
1776713873.691,173.691,0.6,0.61,0.39,0.4,0.01,0.01,76275.33,1776713871000
1776713874.06,174.06,0.6,0.61,0.39,0.4,0.01,0.01,76273.37,1776713872000
1776713874.395,174.395,0.6,0.61,0.39,0.4,0.01,0.01,76273.37,1776713872000
1776713874.943,174.943,0.6,0.61,0.39,0.4,0.01,0.01,76272.31,1776713873000
1776713875.38,175.38,0.6,0.61,0.39,0.4,0.01,0.01,76272.31,1776713873000
1776713875.77,175.77,0.6,0.61,0.39,0.4,0.01,0.01,76271.49,1776713874000
1776713876.115,176.115,0.6,0.61,0.39,0.4,0.01,0.01,76271.02,1776713875000
1776713876.652,176.652,0.6,0.61,0.39,0.4,0.01,0.01,76271.02,1776713875000
1776713877.049,177.049,0.6,0.61,0.39,0.4,0.01,0.01,76271.45,1776713876000
1776713877.411,177.411,0.6,0.62,0.39,0.4,0.02,0.01,76271.45,1776713876000
1776713877.897,177.897,0.62,0.63,0.37,0.38,0.01,0.01,76271.45,1776713876000
1776713878.365,178.365,0.63,0.64,0.36,0.37,0.01,0.01,76271.25,1776713877000
1776713879.313,179.313,0.63,0.64,0.36,0.37,0.01,0.01,76271.41,1776713878000
1776713880.27,180.27,0.63,0.64,0.36,0.37,0.01,0.01,76273.55,1776713879000
1776713880.939,180.939,0.63,0.64,0.36,0.37,0.01,0.01,76273.55,1776713879000
1776713881.334,181.334,0.63,0.65,0.36,0.37,0.02,0.01,76273.55,1776713879000
1776713881.68,181.68,0.63,0.64,0.36,0.37,0.01,0.01,76274.34,1776713880000
1776713882.18,182.18,0.63,0.64,0.36,0.37,0.01,0.01,76274.34,1776713880000
1776713882.856,182.856,0.63,0.64,0.36,0.37,0.01,0.01,76272.93,1776713881000
1776713883.326,183.326,0.63,0.64,0.36,0.37,0.01,0.01,76272.44,1776713882000
1776713883.724,183.724,0.61,0.62,0.38,0.39,0.01,0.01,76272.44,1776713882000
1776713884.062,184.062,0.61,0.62,0.38,0.39,0.01,0.01,76272.44,1776713882000
1776713884.433,184.433,0.61,0.62,0.38,0.39,0.01,0.01,76273.12,1776713883000
1776713884.976,184.976,0.62,0.64,0.37,0.39,0.02,0.02,76273.12,1776713883000
1776713885.427,185.427,0.63,0.65,0.35,0.37,0.02,0.02,76273.08,1776713884000
1776713886.026,186.026,0.63,0.65,0.35,0.37,0.02,0.02,76273.08,1776713885000
1776713886.7,186.7,0.65,0.66,0.34,0.37,0.01,0.03,76273.08,1776713885000
1776713887.205,187.205,0.65,0.66,0.34,0.35,0.01,0.01,76275.73,1776713886000
1776713887.592,187.592,0.65,0.67,0.33,0.35,0.02,0.02,76275.73,1776713886000
1776713887.973,187.973,0.65,0.67,0.33,0.35,0.02,0.02,76275.73,1776713886000
1776713888.336,188.336,0.65,0.68,0.32,0.35,0.03,0.03,76275.73,1776713886000
1776713888.78,188.78,0.66,0.67,0.33,0.34,0.01,0.01,76277.41,1776713887000
1776713889.135,189.135,0.65,0.67,0.34,0.35,0.02,0.01,76277.41,1776713887000
1776713889.506,189.506,0.66,0.67,0.33,0.34,0.01,0.01,76277.41,1776713888000
1776713889.915,189.915,0.66,0.67,0.33,0.34,0.01,0.01,76277.41,1776713888000
1776713890.417,190.417,0.66,0.67,0.33,0.34,0.01,0.01,76277.41,1776713889000
1776713891.319,191.319,0.66,0.67,0.33,0.34,0.01,0.01,76277.41,1776713889000
1776713891.748,191.748,0.66,0.67,0.33,0.34,0.01,0.01,76277.61,1776713890000
1776713892.315,192.315,0.66,0.67,0.33,0.34,0.01,0.01,76277.61,1776713891000
1776713892.759,192.759,0.66,0.67,0.33,0.34,0.01,0.01,76277.61,1776713891000
1776713893.505,193.505,0.66,0.67,0.33,0.34,0.01,0.01,76277.52,1776713892000
1776713893.839,193.839,0.66,0.67,0.33,0.34,0.01,0.01,76277.52,1776713892000
1776713894.317,194.317,0.67,0.68,0.32,0.33,0.01,0.01,76277.54,1776713893000
1776713895.229,195.229,0.67,0.68,0.32,0.33,0.01,0.01,76277.54,1776713893000
1776713895.77,195.77,0.66,0.67,0.33,0.34,0.01,0.01,76277.54,1776713893000
1776713896.142,196.142,0.66,0.68,0.33,0.34,0.02,0.01,76277.0,1776713894000
1776713896.633,196.633,0.66,0.68,0.32,0.34,0.02,0.02,76276.18,1776713895000
1776713897.78,197.78,0.67,0.68,0.32,0.33,0.01,0.01,76276.18,1776713896000
1776713898.681,198.681,0.67,0.68,0.32,0.33,0.01,0.01,76276.2,1776713897000
1776713899.483,199.483,0.67,0.68,0.32,0.33,0.01,0.01,76276.2,1776713897000
1776713899.921,199.921,0.67,0.68,0.32,0.33,0.01,0.01,76276.31,1776713898000
1776713900.296,200.296,0.67,0.68,0.32,0.33,0.01,0.01,76276.86,1776713899000
1776713900.949,200.949,0.67,0.68,0.32,0.33,0.01,0.01,76276.86,1776713899000
1776713901.609,201.609,0.67,0.68,0.32,0.33,0.01,0.01,76277.1,1776713900000
1776713902.144,202.144,0.67,0.68,0.32,0.33,0.01,0.01,76277.1,1776713900000
1776713902.49,202.49,0.67,0.69,0.31,0.33,0.02,0.02,76277.09,1776713901000
1776713902.835,202.835,0.68,0.69,0.31,0.33,0.01,0.02,76277.09,1776713901000
1776713903.646,203.646,0.68,0.69,0.31,0.32,0.01,0.01,76277.09,1776713901000
1776713904.488,204.488,0.68,0.69,0.31,0.32,0.01,0.01,76277.14,1776713903000
1776713904.933,204.933,0.68,0.69,0.31,0.32,0.01,0.01,76277.14,1776713903000
1776713905.719,205.719,0.68,0.69,0.31,0.32,0.01,0.01,76277.16,1776713904000
1776713906.146,206.146,0.68,0.69,0.31,0.32,0.01,0.01,76277.17,1776713905000
1776713906.854,206.854,0.68,0.69,0.31,0.32,0.01,0.01,76277.17,1776713905000
1776713907.189,207.189,0.68,0.69,0.31,0.32,0.01,0.01,76277.17,1776713906000
1776713907.868,207.868,0.68,0.69,0.31,0.32,0.01,0.01,76277.17,1776713906000
1776713908.209,208.209,0.68,0.69,0.31,0.32,0.01,0.01,76277.21,1776713907000
1776713908.838,208.838,0.68,0.69,0.31,0.32,0.01,0.01,76277.21,1776713907000
1776713909.273,209.273,0.68,0.69,0.31,0.32,0.01,0.01,76277.21,1776713908000
1776713909.647,209.647,0.69,0.7,0.3,0.31,0.01,0.01,76277.21,1776713908000
1776713910.026,210.026,0.69,0.7,0.3,0.31,0.01,0.01,76277.21,1776713908000
1776713910.41,210.41,0.69,0.7,0.3,0.31,0.01,0.01,76277.24,1776713909000
1776713910.863,210.863,0.69,0.7,0.3,0.31,0.01,0.01,76277.24,1776713909000
1776713911.215,211.215,0.69,0.7,0.3,0.31,0.01,0.01,76277.24,1776713910000
1776713911.669,211.669,0.68,0.7,0.3,0.35,0.02,0.05,76277.24,1776713910000
1776713912.057,212.057,0.68,0.7,0.3,0.32,0.02,0.02,76277.25,1776713911000
1776713912.522,212.522,0.68,0.69,0.3,0.32,0.01,0.02,76277.25,1776713911000
1776713912.885,212.885,0.67,0.69,0.31,0.32,0.02,0.01,76277.25,1776713911000
1776713913.338,213.338,0.66,0.67,0.33,0.34,0.01,0.01,76277.25,1776713912000
1776713913.821,213.821,0.66,0.67,0.33,0.34,0.01,0.01,76277.25,1776713912000
1776713914.258,214.258,0.66,0.67,0.33,0.34,0.01,0.01,76274.81,1776713913000
1776713914.605,214.605,0.66,0.67,0.33,0.34,0.01,0.01,76274.81,1776713913000
1776713915.18,215.18,0.66,0.67,0.33,0.34,0.01,0.01,76273.66,1776713914000
1776713915.533,215.533,0.64,0.65,0.33,0.36,0.01,0.03,76273.66,1776713914000
1776713915.886,215.886,0.62,0.63,0.36,0.38,0.01,0.02,76273.66,1776713914000
1776713916.292,216.292,0.59,0.6,0.4,0.41,0.01,0.01,76273.21,1776713915000
1776713916.643,216.643,0.59,0.6,0.4,0.41,0.01,0.01,76273.21,1776713915000
1776713917.005,217.005,0.59,0.6,0.4,0.41,0.01,0.01,76273.21,1776713915000
1776713917.524,217.524,0.59,0.6,0.4,0.41,0.01,0.01,76272.1,1776713916000
1776713917.865,217.865,0.59,0.6,0.4,0.41,0.01,0.01,76272.1,1776713916000
1776713918.339,218.339,0.59,0.63,0.4,0.41,0.04,0.01,76268.64,1776713917000
1776713918.963,218.963,0.62,0.63,0.38,0.39,0.01,0.01,76268.64,1776713917000
1776713919.398,219.398,0.62,0.63,0.37,0.38,0.01,0.01,76267.28,1776713918000
1776713920.08,220.08,0.62,0.63,0.37,0.38,0.01,0.01,76267.28,1776713918000
1776713920.764,220.764,0.62,0.63,0.37,0.38,0.01,0.01,76267.28,1776713919000
1776713921.407,221.407,0.62,0.63,0.37,0.38,0.01,0.01,76267.28,1776713919000
1776713921.838,221.838,0.62,0.63,0.37,0.38,0.01,0.01,76267.27,1776713920000
1776713922.356,222.356,0.62,0.63,0.37,0.38,0.01,0.01,76267.27,1776713921000
1776713922.743,222.743,0.62,0.63,0.37,0.38,0.01,0.01,76267.27,1776713921000
1776713923.11,223.11,0.62,0.63,0.37,0.38,0.01,0.01,76266.98,1776713922000
1776713923.473,223.473,0.62,0.63,0.37,0.38,0.01,0.01,76266.98,1776713922000
1776713923.807,223.807,0.63,0.64,0.36,0.37,0.01,0.01,76266.98,1776713922000
1776713924.276,224.276,0.63,0.64,0.36,0.37,0.01,0.01,76267.98,1776713923000
1776713924.738,224.738,0.63,0.65,0.36,0.37,0.02,0.01,76267.98,1776713923000
1776713925.303,225.303,0.64,0.65,0.35,0.36,0.01,0.01,76269.28,1776713924000
1776713925.776,225.776,0.64,0.65,0.35,0.36,0.01,0.01,76269.28,1776713924000
1776713926.22,226.22,0.64,0.65,0.35,0.36,0.01,0.01,76269.28,1776713924000
1776713926.908,226.908,0.64,0.65,0.35,0.36,0.01,0.01,76269.3,1776713926000
1776713927.285,227.285,0.64,0.65,0.35,0.36,0.01,0.01,76269.3,1776713926000
1776713927.656,227.656,0.65,0.66,0.34,0.36,0.01,0.02,76269.3,1776713926000
1776713928.051,228.051,0.64,0.66,0.34,0.35,0.02,0.01,76269.3,1776713927000
1776713928.869,228.869,0.65,0.66,0.34,0.36,0.01,0.02,76269.3,1776713927000
1776713929.367,229.367,0.64,0.66,0.34,0.36,0.02,0.02,76270.02,1776713928000
1776713930.129,230.129,0.64,0.65,0.34,0.36,0.01,0.02,76270.02,1776713928000
1776713930.639,230.639,0.64,0.65,0.35,0.36,0.01,0.01,76270.18,1776713929000
1776713931.238,231.238,0.64,0.65,0.35,0.36,0.01,0.01,76270.18,1776713929000
1776713931.572,231.572,0.64,0.65,0.35,0.36,0.01,0.01,76269.53,1776713930000
1776713931.995,231.995,0.64,0.65,0.35,0.36,0.01,0.01,76269.53,1776713930000
1776713932.465,232.465,0.64,0.65,0.35,0.36,0.01,0.01,76269.49,1776713931000
1776713932.897,232.897,0.64,0.65,0.35,0.36,0.01,0.01,76269.49,1776713931000
1776713933.259,233.259,0.64,0.65,0.35,0.36,0.01,0.01,76269.49,1776713931000
1776713933.615,233.615,0.64,0.65,0.35,0.36,0.01,0.01,76268.99,1776713932000
1776713933.981,233.981,0.64,0.65,0.35,0.36,0.01,0.01,76268.99,1776713932000
1776713934.511,234.511,0.63,0.65,0.35,0.36,0.02,0.01,76269.77,1776713933000
1776713934.85,234.85,0.65,0.66,0.34,0.36,0.01,0.02,76269.77,1776713933000
1776713935.395,235.395,0.65,0.66,0.34,0.35,0.01,0.01,76269.77,1776713933000
1776713935.932,235.932,0.64,0.65,0.34,0.36,0.01,0.02,76269.83,1776713934000
1776713936.402,236.402,0.64,0.65,0.35,0.36,0.01,0.01,76270.53,1776713935000
1776713937.184,237.184,0.64,0.65,0.35,0.36,0.01,0.01,76270.55,1776713936000
1776713937.537,237.537,0.65,0.66,0.34,0.35,0.01,0.01,76270.55,1776713936000
1776713937.936,237.936,0.65,0.66,0.34,0.35,0.01,0.01,76270.55,1776713936000
1776713938.287,238.287,0.65,0.66,0.34,0.35,0.01,0.01,76270.55,1776713936000
1776713938.745,238.745,0.65,0.66,0.34,0.35,0.01,0.01,76269.78,1776713937000
1776713939.102,239.102,0.65,0.67,0.34,0.35,0.02,0.01,76269.78,1776713937000
1776713939.567,239.567,0.67,0.68,0.32,0.33,0.01,0.01,76269.78,1776713937000
1776713939.969,239.969,0.67,0.68,0.32,0.33,0.01,0.01,76268.88,1776713938000
1776713940.337,240.337,0.67,0.69,0.32,0.33,0.02,0.01,76270.62,1776713939000
1776713940.832,240.832,0.68,0.69,0.31,0.32,0.01,0.01,76270.62,1776713939000
1776713941.169,241.169,0.68,0.69,0.31,0.32,0.01,0.01,76270.62,1776713939000
1776713941.614,241.614,0.67,0.68,0.32,0.33,0.01,0.01,76269.24,1776713940000
1776713941.955,241.955,0.68,0.69,0.31,0.32,0.01,0.01,76269.24,1776713940000
1776713942.304,242.304,0.69,0.7,0.3,0.32,0.01,0.02,76269.24,1776713940000
1776713942.647,242.647,0.72,0.73,0.27,0.3,0.01,0.03,76270.73,1776713941000
1776713942.987,242.987,0.76,0.77,0.23,0.24,0.01,0.01,76270.73,1776713941000
1776713943.339,243.339,0.76,0.77,0.23,0.24,0.01,0.01,76270.73,1776713942000
1776713943.672,243.672,0.77,0.78,0.22,0.23,0.01,0.01,76270.73,1776713942000
1776713944.008,244.008,0.77,0.78,0.22,0.23,0.01,0.01,76270.73,1776713942000
1776713944.4,244.4,0.77,0.78,0.22,0.23,0.01,0.01,76270.94,1776713943000
1776713944.767,244.767,0.77,0.78,0.22,0.23,0.01,0.01,76270.94,1776713943000
1776713945.102,245.102,0.77,0.78,0.22,0.23,0.01,0.01,76270.94,1776713943000
1776713945.632,245.632,0.77,0.78,0.22,0.23,0.01,0.01,76274.98,1776713944000
1776713945.966,245.966,0.77,0.78,0.22,0.23,0.01,0.01,76274.98,1776713944000
1776713946.324,246.324,0.77,0.78,0.22,0.23,0.01,0.01,76275.81,1776713945000
1776713946.78,246.78,0.77,0.78,0.22,0.23,0.01,0.01,76275.81,1776713945000
1776713947.114,247.114,0.77,0.78,0.22,0.23,0.01,0.01,76275.81,1776713945000
1776713947.579,247.579,0.77,0.78,0.22,0.23,0.01,0.01,76275.81,1776713945000
1776713947.975,247.975,0.78,0.79,0.21,0.22,0.01,0.01,76275.86,1776713946000
1776713948.318,248.318,0.78,0.79,0.21,0.22,0.01,0.01,76275.9,1776713947000
1776713948.653,248.653,0.78,0.79,0.21,0.22,0.01,0.01,76275.9,1776713947000
1776713949.079,249.079,0.78,0.79,0.21,0.22,0.01,0.01,76275.9,1776713947000
1776713949.57,249.57,0.78,0.79,0.21,0.22,0.01,0.01,76275.73,1776713948000
1776713949.96,249.96,0.78,0.79,0.21,0.22,0.01,0.01,76275.73,1776713948000
1776713950.298,250.298,0.8,0.81,0.19,0.2,0.01,0.01,76275.72,1776713949000
1776713950.658,250.658,0.81,0.82,0.18,0.2,0.01,0.02,76275.72,1776713949000
1776713951.027,251.027,0.82,0.83,0.17,0.18,0.01,0.01,76275.72,1776713949000
1776713951.373,251.373,0.82,0.84,0.16,0.17,0.02,0.01,76275.72,1776713950000
1776713951.985,251.985,0.81,0.82,0.18,0.19,0.01,0.01,76275.72,1776713950000
1776713952.336,252.336,0.81,0.82,0.18,0.19,0.01,0.01,76275.9,1776713951000
1776713952.783,252.783,0.83,0.84,0.16,0.17,0.01,0.01,76275.9,1776713951000
1776713953.123,253.123,0.82,0.83,0.17,0.18,0.01,0.01,76275.9,1776713951000
1776713953.542,253.542,0.82,0.83,0.17,0.18,0.01,0.01,76277.38,1776713952000
1776713953.935,253.935,0.84,0.85,0.15,0.16,0.01,0.01,76277.38,1776713952000
1776713954.274,254.274,0.84,0.85,0.15,0.16,0.01,0.01,76277.38,1776713952000
1776713954.619,254.619,0.87,0.88,0.12,0.13,0.01,0.01,76277.57,1776713953000
1776713954.953,254.953,0.86,0.87,0.13,0.14,0.01,0.01,76277.57,1776713954000
1776713955.301,255.301,0.83,0.84,0.14,0.15,0.01,0.01,76277.57,1776713954000
1776713955.639,255.639,0.85,0.86,0.14,0.15,0.01,0.01,76277.57,1776713954000
1776713956.011,256.011,0.82,0.83,0.14,0.18,0.01,0.04,76277.57,1776713954000
1776713956.35,256.35,0.83,0.86,0.14,0.16,0.03,0.02,76278.16,1776713955000
1776713956.731,256.731,0.86,0.87,0.13,0.14,0.01,0.01,76278.16,1776713955000
1776713957.118,257.118,0.84,0.88,0.12,0.16,0.04,0.04,76278.16,1776713955000
1776713957.455,257.455,0.87,0.88,0.12,0.13,0.01,0.01,76278.84,1776713956000
1776713957.793,257.793,0.87,0.88,0.12,0.13,0.01,0.01,76278.84,1776713956000
1776713958.133,258.133,0.88,0.89,0.11,0.12,0.01,0.01,76278.84,1776713956000
1776713958.488,258.488,0.86,0.87,0.13,0.14,0.01,0.01,76279.52,1776713957000
1776713958.862,258.862,0.87,0.89,0.11,0.13,0.02,0.02,76279.52,1776713957000
1776713959.21,259.21,0.87,0.88,0.12,0.13,0.01,0.01,76279.52,1776713957000
1776713959.544,259.544,0.88,0.89,0.11,0.12,0.01,0.01,76281.15,1776713958000
1776713959.89,259.89,0.87,0.88,0.12,0.14,0.01,0.02,76281.15,1776713958000
1776713960.228,260.228,0.89,0.9,0.1,0.11,0.01,0.01,76281.15,1776713958000
1776713960.565,260.565,0.88,0.9,0.1,0.12,0.02,0.02,76281.38,1776713959000
1776713960.913,260.913,0.89,0.9,0.1,0.11,0.01,0.01,76281.38,1776713959000
1776713961.251,261.251,0.89,0.91,0.09,0.11,0.02,0.02,76281.38,1776713960000
1776713961.61,261.61,0.91,0.92,0.08,0.09,0.01,0.01,76281.38,1776713960000
1776713962.026,262.026,0.9,0.92,0.08,0.1,0.02,0.02,76281.38,1776713960000
1776713962.476,262.476,0.91,0.92,0.08,0.12,0.01,0.04,76281.38,1776713960000
1776713962.812,262.812,0.91,0.92,0.08,0.09,0.01,0.01,76281.93,1776713961000
1776713963.154,263.154,0.92,0.93,0.07,0.09,0.01,0.02,76281.93,1776713961000
1776713963.492,263.492,0.91,0.93,0.07,0.08,0.02,0.01,76282.91,1776713962000
1776713963.839,263.839,0.91,0.93,0.08,0.09,0.02,0.01,76282.91,1776713962000
1776713964.178,264.178,0.92,0.93,0.07,0.08,0.01,0.01,76282.91,1776713962000
1776713964.514,264.514,0.92,0.93,0.07,0.08,0.01,0.01,76283.6,1776713963000
1776713964.852,264.852,0.9,0.92,0.08,0.1,0.02,0.02,76283.6,1776713963000
1776713965.21,265.21,0.91,0.92,0.07,0.09,0.01,0.02,76283.6,1776713963000
1776713965.553,265.553,0.91,0.92,0.08,0.09,0.01,0.01,76285.54,1776713964000
1776713965.927,265.927,0.92,0.93,0.07,0.08,0.01,0.01,76285.54,1776713964000
1776713966.288,266.288,0.91,0.93,0.07,0.08,0.02,0.01,76285.54,1776713964000
1776713966.671,266.671,0.91,0.93,0.07,0.09,0.02,0.02,76285.66,1776713965000
1776713967.011,267.011,0.93,0.94,0.06,0.07,0.01,0.01,76285.57,1776713966000
1776713967.357,267.357,0.93,0.94,0.06,0.07,0.01,0.01,76285.57,1776713966000
1776713967.7,267.7,0.93,0.94,0.06,0.07,0.01,0.01,76285.57,1776713966000
1776713968.061,268.061,0.94,0.95,0.05,0.07,0.01,0.02,76285.57,1776713966000
1776713968.409,268.409,0.94,0.95,0.05,0.06,0.01,0.01,76285.05,1776713967000
1776713968.748,268.748,0.94,0.95,0.05,0.06,0.01,0.01,76285.05,1776713967000
1776713969.091,269.091,0.94,0.95,0.05,0.06,0.01,0.01,76285.05,1776713967000
1776713969.44,269.44,0.93,0.95,0.05,0.07,0.02,0.02,76285.06,1776713968000
1776713969.787,269.787,0.93,0.94,0.06,0.07,0.01,0.01,76285.06,1776713968000
1776713970.136,270.136,0.94,0.95,0.05,0.07,0.01,0.02,76285.06,1776713968000
1776713970.494,270.494,0.92,0.93,0.07,0.08,0.01,0.01,76285.67,1776713969000
1776713970.851,270.851,0.94,0.95,0.05,0.06,0.01,0.01,76285.67,1776713969000
1776713971.193,271.193,0.91,0.92,0.08,0.09,0.01,0.01,76285.67,1776713969000
1776713971.543,271.543,0.91,0.92,0.08,0.09,0.01,0.01,76285.67,1776713969000
1776713971.889,271.889,0.91,0.92,0.08,0.09,0.01,0.01,76285.91,1776713970000
1776713972.251,272.251,0.91,0.93,0.08,0.09,0.02,0.01,76285.91,1776713971000
1776713972.638,272.638,0.94,0.95,0.05,0.06,0.01,0.01,76285.91,1776713971000
1776713972.986,272.986,0.94,0.95,0.05,0.06,0.01,0.01,76285.91,1776713971000
1776713973.33,273.33,0.94,0.95,0.05,0.06,0.01,0.01,76286.01,1776713972000
1776713973.673,273.673,0.94,0.96,0.04,0.06,0.02,0.02,76286.01,1776713972000
1776713974.054,274.054,0.92,0.93,0.07,0.08,0.01,0.01,76286.01,1776713972000
1776713974.392,274.392,0.95,0.96,0.04,0.05,0.01,0.01,76286.01,1776713972000
1776713974.74,274.74,0.95,0.96,0.04,0.05,0.01,0.01,76286.04,1776713973000
1776713975.11,275.11,0.95,0.96,0.04,0.05,0.01,0.01,76286.08,1776713974000
1776713975.503,275.503,0.95,0.96,0.04,0.05,0.01,0.01,76286.08,1776713974000
1776713975.838,275.838,0.95,0.96,0.04,0.05,0.01,0.01,76286.08,1776713974000
1776713976.178,276.178,0.95,0.96,0.04,0.05,0.01,0.01,76286.11,1776713975000
1776713976.554,276.554,0.95,0.96,0.04,0.05,0.01,0.01,76286.11,1776713975000
1776713976.939,276.939,0.95,0.96,0.04,0.05,0.01,0.01,76286.11,1776713975000
1776713977.277,277.277,0.95,0.96,0.04,0.05,0.01,0.01,76286.11,1776713976000
1776713977.636,277.636,0.95,0.96,0.04,0.05,0.01,0.01,76286.11,1776713976000
1776713977.975,277.975,0.95,0.96,0.04,0.05,0.01,0.01,76286.11,1776713976000
1776713978.318,278.318,0.95,0.96,0.04,0.05,0.01,0.01,76286.11,1776713976000
1776713978.663,278.663,0.95,0.96,0.04,0.05,0.01,0.01,76286.11,1776713976000
1776713979.066,279.066,0.95,0.96,0.04,0.05,0.01,0.01,76286.88,1776713977000
1776713979.531,279.531,0.95,0.96,0.04,0.05,0.01,0.01,76286.88,1776713977000
1776713979.883,279.883,0.95,0.96,0.04,0.05,0.01,0.01,76286.05,1776713978000
1776713980.253,280.253,0.95,0.96,0.04,0.05,0.01,0.01,76286.05,1776713978000
1776713980.633,280.633,0.96,0.97,0.03,0.04,0.01,0.01,76286.04,1776713979000
1776713980.969,280.969,0.96,0.97,0.03,0.04,0.01,0.01,76286.04,1776713979000
1776713981.313,281.313,0.96,0.97,0.03,0.04,0.01,0.01,76286.04,1776713980000
1776713981.655,281.655,0.96,0.97,0.03,0.04,0.01,0.01,76286.04,1776713980000
1776713981.995,281.995,0.96,0.97,0.03,0.04,0.01,0.01,76286.04,1776713980000
1776713982.341,282.341,0.96,0.97,0.03,0.04,0.01,0.01,76286.04,1776713980000
1776713982.791,282.791,0.96,0.97,0.03,0.04,0.01,0.01,76286.07,1776713981000
1776713983.145,283.145,0.96,0.97,0.03,0.04,0.01,0.01,76286.07,1776713981000
1776713983.518,283.518,0.96,0.97,0.03,0.04,0.01,0.01,76286.1,1776713982000
1776713983.857,283.857,0.96,0.98,0.02,0.04,0.02,0.02,76286.1,1776713982000
1776713984.193,284.193,0.97,0.98,0.02,0.03,0.01,0.01,76286.1,1776713982000
1776713984.527,284.527,0.97,0.98,0.02,0.03,0.01,0.01,76286.1,1776713982000
1776713984.873,284.873,0.97,0.98,0.02,0.03,0.01,0.01,76286.15,1776713983000
1776713985.211,285.211,0.97,0.98,0.02,0.03,0.01,0.01,76286.15,1776713983000
1776713985.547,285.547,0.95,0.97,0.03,0.05,0.02,0.02,76286.18,1776713984000
1776713985.899,285.899,0.94,0.95,0.04,0.06,0.01,0.02,76286.18,1776713984000
1776713986.248,286.248,0.94,0.98,0.02,0.06,0.04,0.04,76286.19,1776713985000
1776713986.616,286.616,0.97,0.98,0.02,0.03,0.01,0.01,76286.19,1776713985000
1776713986.971,286.971,0.92,0.98,0.02,0.03,0.06,0.01,76286.19,1776713985000
1776713987.324,287.324,0.96,0.98,0.02,0.04,0.02,0.02,76286.19,1776713985000
1776713987.659,287.659,0.96,0.98,0.02,0.04,0.02,0.02,76286.82,1776713986000
1776713988.001,288.001,0.95,0.97,0.03,0.04,0.02,0.01,76286.82,1776713986000
1776713988.382,288.382,0.93,0.95,0.05,0.07,0.02,0.02,76286.21,1776713987000
1776713988.73,288.73,0.95,0.97,0.03,0.08,0.02,0.05,76286.21,1776713987000
1776713989.086,289.086,0.93,0.95,0.04,0.08,0.02,0.04,76286.21,1776713987000
1776713989.425,289.425,0.92,0.95,0.05,0.08,0.03,0.03,76286.21,1776713987000
1776713989.796,289.796,0.98,0.99,0.01,0.02,0.01,0.01,76286.09,1776713988000
1776713990.344,290.344,0.98,0.99,0.01,0.02,0.01,0.01,76286.09,1776713988000
1776713990.683,290.683,0.98,0.99,0.01,0.02,0.01,0.01,76286.25,1776713989000
1776713991.021,291.021,0.98,0.99,0.01,0.02,0.01,0.01,76286.25,1776713989000
1776713991.367,291.367,0.98,0.99,0.01,0.03,0.01,0.02,76286.25,1776713989000
1776713991.706,291.706,0.96,0.99,0.01,0.04,0.03,0.03,76286.26,1776713990000
1776713992.045,292.045,0.93,0.94,0.06,0.07,0.01,0.01,76286.26,1776713990000
1776713992.409,292.409,0.91,0.92,0.08,0.09,0.01,0.01,76286.26,1776713990000
1776713992.745,292.745,0.9,0.93,0.07,0.11,0.03,0.04,76286.19,1776713991000
1776713993.081,293.081,0.96,0.98,0.02,0.04,0.02,0.02,76286.19,1776713991000
1776713993.434,293.434,0.95,0.99,0.01,0.03,0.04,0.02,76286.19,1776713991000
1776713993.845,293.845,0.97,0.99,0.01,0.03,0.02,0.02,76286.21,1776713992000
1776713994.193,294.193,0.95,0.99,0.01,0.05,0.04,0.04,76286.36,1776713993000
1776713994.536,294.536,0.95,0.99,0.01,0.05,0.04,0.04,76286.36,1776713993000
1776713994.882,294.882,0.95,0.99,0.01,0.05,0.04,0.04,76286.36,1776713993000
1776713995.229,295.229,0.94,0.99,0.01,0.02,0.05,0.01,76286.36,1776713993000
1776713995.568,295.568,0.98,0.99,0.01,0.02,0.01,0.01,76286.36,1776713993000
1776713995.914,295.914,0.98,0.99,0.01,0.02,0.01,0.01,76286.36,1776713993000
1776713996.257,296.257,0.98,0.99,0.01,0.02,0.01,0.01,76286.13,1776713994000
1776713996.597,296.597,0.98,0.99,0.01,0.02,0.01,0.01,76286.13,1776713994000
1776713996.945,296.945,0.99,0.99,0.01,0.01,0.0,0.0,76286.13,1776713995000
1776713997.29,297.29,0.99,0.99,0.01,0.01,0.0,0.0,76286.13,1776713996000
1776713997.625,297.625,0.99,0.99,0.01,0.01,0.0,0.0,76286.13,1776713996000
1776713998.025,298.025,0.99,0.99,0.01,0.01,0.0,0.0,76286.13,1776713996000
1776713998.361,298.361,0.99,0.99,0.01,0.01,0.0,0.0,76286.13,1776713996000
1776713998.867,298.867,0.99,0.99,0.01,0.01,0.0,0.0,76286.36,1776713997000
1776713999.222,299.222,0.99,0.99,0.01,0.01,0.0,0.0,76286.36,1776713998000
1776713999.713,299.713,0.99,0.99,0.01,0.01,0.0,0.0,76286.36,1776713998000
1776714000.126,300.126,0.99,0.99,0.01,0.01,0.0,0.0,76286.36,1776713998000
1776714000.501,300.501,0.99,0.99,0.01,0.01,0.0,0.0,76286.36,1776713998000
1776714000.849,300.849,0.99,0.99,0.01,0.01,0.0,0.0,76286.35,1776713999000
1776714001.884,301.884,0.99,0.99,0.01,0.01,0.0,0.0,76286.34,1776714000000
1776714002.266,302.266,0.99,0.99,0.01,0.01,0.0,0.0,76286.06,1776714001000

# RESULT,winner=Up,slug=btc-updown-5m-1776713700,ticks=690
